4052 6276
280 436 1379 454 “ww
1406 436 1455 442 ‘—“
1476 432 2862 442 'W—w-W

792 673 1848 838 PR/EFATIO
1979 674 3168 838 GENERALIS.

373 1162 680 1224 Praeclara
739 1159 864 1218 duo
920 1157 1212 1218 Ecclesiae
1271 1159 1501 1217 Graeca:
1577 1156 1800 1227 sidera,
1863 1155 2249 1232 Greegorium
2339 1154 2792 1214 Nazianzenum
2863 1161 2924 1214 et
3004 1156 3304 1216 Basilium
3363 1160 3686 1238 Magnum,

288 1261 508 1322 eadem
567 1258 750 1317 tellus
809 1255 1027 1316 eodem
1099 1261 1380 1333 tempore
1439 1255 1604 1313 tulit.
1665 1253 1865 1313 Ambo
1940 1252 2343 1312 sanctissimis
2402 1251 2548 1311 editi
2608 1252 2994 1329 parentibus,
3053 1254 3240 1315 ambo
3287 1255 3408 1334 ipsi
3458 1259 3688 1318 sancti-

293 1363 421 1418 tate
474 1355 771 1431 insignes,
835 1352 1023 1412 ambo
1073 1351 1322 1411 dicendi
1378 1351 1557 1429 copia
1613 1351 2130 1428 praestantissimi.
2193 1349 2379 1409 ambo
2437 1349 2709 1426 denique
2767 1350 3024 1427 paribus
3071 1352 3290 1412 studiis
3336 1354 3694 1416 universam

295 1453 635 1514 Ecclesiam
673 1468 860 1527 quam
893 1449 1018 1508 late
1052 1453 1242 1526 patet,
1278 1448 1523 1526 scriptis
1554 1448 1967 1520 illustrarunt,
2004 1446 2282 1506 moribus
2314 1451 2636 1505 ornarunt.

373 1550 591 1610 Plures
611 1548 740 1625 jam
777 1547 925 1606 anni
958 1551 1128 1618 sunt,
1161 1564 1237 1604 ex
1268 1563 1393 1622 quo
1425 1545 1654 1604 eximia
1713 1544 1927 1604 Basilii
1998 1544 2229 1622 scripta
2299 1544 2603 1619 castigata
2673 1549 2735 1603 et
2797 1544 3073 1622 pristinae
3134 1546 3378 1607 reddita
3447 1547 3697 1626 integri-

289 1648 403 1707 tati
488 1646 550 1705 in
623 1646 827 1704 lucem
885 1643 1110 1702 emissa
1167 1648 1332 1700 sunt.
1396 1646 1549 1719 Spes
1611 1647 1745 1700 erat
1776 1641 2145 1718 Gregorium
2192 1641 2645 1700 Nazianzenum
2719 1641 3006 1718 proximo
3074 1649 3431 1704 secuturum
3502 1646 3698 1706 inter-

288 1744 480 1804 vallo.
528 1743 598 1803 Id
627 1742 746 1800 fuit
805 1741 867 1799 in
901 1739 1112 1812 votis;
1177 1745 1238 1797 et
1297 1745 1463 1798 certe
1548 1739 1693 1797 item
1753 1755 2003 1814 sperare
2077 1737 2303 1796 licebat
2360 1737 2439 1795 ab
2479 1737 2575 1808 iis,
2635 1737 2742 1814 qui
2787 1745 2911 1798 tam
2959 1739 3329 1816 praeclaram
3386 1741 3450 1800 in
3481 1760 3695 1802 emen-

287 1841 512 1900 dandis
585 1839 663 1898 ad
720 1842 1002 1896 veterum
1091 1835 1375 1895 codicum
1451 1834 1638 1892 ﬁdem
1711 1840 1842 1893 tum
1885 1835 2240 1892 Graecorum
2275 1839 2405 1892 tum
2441 1833 2800 1893 Latinorum
2848 1838 3104 1894 Patrum
3137 1837 3384 1916 scriptis
3426 1857 3697 1900 navave-

287 1945 427 1997 rant
461 1954 743 2015 operam.
779 1936 930 1994 Cum
964 1934 1128 1992 enim
1163 1934 1436 2010 primum
1488 1932 1568 1990 ad
1597 1932 1766 2009 opud
1825 1932 1991 1990 istud
2046 1932 2323 1990 animum
2358 1932 2748 2008 appulissent
2781 1933 3000 2005 nostri,
3034 1952 3350 2013 novasque
3381 1936 3443 1995 in
3477 1937 3638 1996 diem
3664 1955 3698 1997 e

289 2038 462 2117 prelo
512 2038 814 2094 exeuntes
861 2032 1208 2110 priscorum
1263 2035 1810 2089 monumentorum
1872 2029 2175 2088 editiones
2230 2029 2476 2107 placere
2533 2029 2713 2088 bonis
2760 2030 3051 2090 omnibus
3106 2033 3597 2111 conspexissent,
3636 2035 3702 2094 id

287 2135 404 2194 sibi
435 2130 674 2209 negotii
705 2129 1101 2189 crediderunt
1132 2128 1288 2199 dari,
1317 2133 1387 2186 ut
1411 2127 1718 2186 maximos
1749 2145 2032 2204 quosque
2066 2127 2387 2205 utriusque
2415 2126 2725 2200 Ecclesiae,
2763 2129 2990 2188 Graecae
3023 2127 3256 2190 scilicet
3305 2137 3366 2191 et
3420 2132 3679 2207 Latinae,

292 2235 509 2292 Patres
541 2230 606 2288 in
638 2228 840 2287 lucem
874 2225 1246 2286 emitterent.
1284 2224 1378 2284 Ad
1410 2242 1566 2301 opus
1597 2229 1724 2282 tam
1757 2223 2018 2282 arduum
2073 2231 2320 2283 strenue
2377 2224 2652 2302 aggressi
2707 2231 2870 2284 sunt.
2934 2229 3067 2296 Quo
3124 2244 3410 2288 successu
3459 2233 3694 2290 norunt

290 2347 531 2390 omnes.
565 2326 850 2402 Insigues
879 2328 1149 2402 quatuor
1182 2321 1383 2382 Latini
1419 2324 1649 2393 Patres,
1675 2321 2075 2397 Augustinus,
2106 2321 2496 2393 Ambrosius,
2524 2323 2956 2401 Hieronymus,
2985 2324 3340 2402 Gregorius,
3375 2327 3694 2405 prodiere;

287 2432 418 2487 tres
448 2441 704 2503 quoque
737 2441 768 2482 e
791 2421 1040 2496 Graecis,
1070 2419 1470 2492 Athanasius,
1504 2418 1785 2488 Basilius,
1822 2417 2324 2495 Chrysostomus.
2363 2419 2532 2479 Unus
2580 2417 2884 2480 hactenus
2941 2422 3461 2499 exspectabatur;
3497 2443 3695 2485 unum

290 2541 514 2585 omnes
546 2518 1025 2580 desiderabant:
1076 2523 1421 2578 extremum
1459 2517 1578 2576 hoc
1624 2534 1852 2575 munus
1907 2514 2330 2593 postulabant.
2368 2515 2516 2585 Quae
2550 2520 2740 2576 tanta;
2774 2518 3140 2595 Gregorium
3175 2537 3367 2580 morae
3410 2527 3699 2582 tenerent

293 2619 713 2680 mirabantur.
749 2615 916 2675 Nihil
948 2633 1197 2675 necesse
1224 2621 1317 2674 est
1345 2632 1566 2674 causas
1599 2631 1981 2691 percurrere,
2017 2631 2156 2690 quae
2190 2611 2406 2672 tandiu
2441 2613 2807 2690 Gregorium
2840 2616 3260 2676 retardarunt.
3311 2617 3483 2678 Varii
3511 2636 3699 2680 even-

290 2727 418 2790 tus,
455 2733 750 2793 morsque
781 2713 917 2792 ipsa
947 2712 1396 2791 impedimento
1428 2711 1564 2770 fuit.
1600 2715 1876 2770 Domnus
1898 2713 1997 2770 Fr.
2035 2710 2324 2771 Louvard
2380 2711 2547 2770 istud
2579 2729 2736 2788 opus
2780 2730 3111 2789 aggressus
3141 2713 3366 2786 fuerat,
3415 2715 3509 2775 vir
3538 2715 3703 2776 acris

288 2835 361 2876 ac
393 2813 782 2874 vehementis
804 2810 1040 2888 ingenii
1075 2817 1137 2870 et
1175 2831 1204 2867 α
1233 2809 1413 2886 quasi
1461 2808 1661 2886 ignisl5
1697 2828 1711 2877 ;
1748 2832 1777 2862 »
1829 2807 2028 2866 multa
2076 2806 2212 2885 jam
2271 2814 2691 2885 congesserat,
2725 2808 3087 2869 innumeras
3116 2829 3193 2870 ex
3221 2811 3409 2871 variis
3441 2830 3698 2873 manus-

288 2911 508 2990 criptis
538 2908 858 2969 codicibus
885 2907 1184 2966 lectiones
1217 2905 1635 2983 descripserat
1663 2905 1816 2983 ipse,
1855 2911 1915 2964 et
1945 2903 2212 2963 describi
2242 2910 2606 2975 curaverat;
2644 2904 2752 2964 sed
2783 2909 2874 2964 tot
2923 2904 3198 2983 jactatus
3227 2913 3317 2967 est
3365 2913 3700 2987 tempesta-

287 3009 480 3078 tibus,
513 3013 584 3066 ut
612 3007 864 3082 incepto
897 3003 1190 3062 desistere
1222 3007 1474 3061 coactus
1518 3001 1617 3060 sit.
1651 3005 1808 3060 'l‘nm
1841 2999 1974 3078 ejus
2033 2999 2280 3072 scrinia,
2340 3005 2401 3058 et
2455 3019 2844 3078 quaecunque
2876 3009 3227 3079 paraverat,
3261 3003 3324 3063 in
3356 3005 3542 3065 amici
3574 3024 3699 3066 ma-

288 3125 405 3164 nus
464 3119 820 3182 pervenere,
857 3119 982 3177 quo
1039 3118 1160 3158 non
1221 3104 1354 3157 erat
1412 3098 1743 3174 quisquam
1798 3116 1872 3156 ex
1932 3097 2158 3156 nostris
2215 3097 2295 3154 ad
2343 3096 2514 3174 opud
2570 3096 2738 3156 istud
2793 3097 3241 3176 perﬁciendum
3310 3101 3510 3179 magis
3564 3103 3698 3164 ido-

291 3221 472 3263 neus.
509 3204 798 3260 Nostrum
833 3199 973 3257 dico
1004 3196 1413 3256 Prudentium
1448 3197 1684 3265 Maran,
1725 3195 1833 3272 qui
1862 3195 1924 3252 in
1959 3194 2172 3253 Basilii
2203 3193 2608 3271 epistolarum
2641 3194 2912 3256 editione
2964 3197 3369 3273 elaboranda,
3427 3199 3691 3279 aliisque

294 3298 615 3380 praeclaris
644 3296 959 3375 Oper-ibus,
998 3294 1337 3353 maximam
1388 3293 1636 3353 laudem
1693 3293 1958 3370 adeptus
2014 3297 2138 3351 est:
2202 3291 2310 3368 qui
2368 3293 2578 3352 Graece
2636 3292 2980 3372 Latineque
3035 3294 3385 3356 luculenter
3413 3297 3689 3371 sciebat;

297 3399 404 3477 qui
432 3398 496 3457 in
518 3394 839 3456 versandis
867 3393 1091 3452 diurna
1110 3397 1542 3468 nocturnaque
1564 3408 1747 3449 manu
1779 3396 2138 3450 sanctorum
2161 3390 2443 3462 Patrum,
2478 3390 2751 3451 maxime
2784 3394 3164 3466 Graecorum,
3198 3394 3464 3474 scriptis,
3500 3395 3695 3456 vitam

297 3513 546 3556 omnem
579 3496 1074 3569 consumpserat.
1106 3490 1227 3550 Sed
1257 3488 1378 3548 heu
1407 3489 1420 3547 l
1457 3487 1605 3548 dum
1637 3488 1894 3547 nimium
1930 3487 2103 3565 operi
2133 3505 2388 3546 manum
2421 3487 2754 3548 admovere
2785 3495 3086 3563 moratur,
3122 3490 3386 3570 aliisque
3455 3492 3518 3553 in
3561 3494 3693 3555 dies

294 3591 693 3653 elaborandis
723 3588 969 3666 scriptis
997 3592 1362 3666 occupatur,
1398 3591 1599 3646 morte
1628 3591 1976 3662 correptus,
2007 3585 2438 3662 imperfectum
2472 3584 2638 3645 istud
2693 3586 3014 3664 relinquit.
3047 3588 3360 3650 Audacior
3407 3592 3687 3669 proiecto

294 3689 626 3758 videbitur,
665 3684 947 3764 quisquis
975 3683 1341 3744 inchoatum
1374 3690 1501 3741 tam
1534 3682 1786 3742 difficile
1815 3699 1974 3759 opus
2004 3680 2364 3758 susceperit.
2399 3684 2524 3741 Nec
2572 3681 2832 3741 dubium
2865 3683 3015 3761 quin
3049 3684 3414 3745 temerarius
3445 3687 3697 3762 audiat,

294 3805 366 3846 ac
390 3787 451 3845 in
485 3785 580 3844 sui
613 3782 1082 3860 comparatione
1113 3780 1391 3840 defuncti
1413 3779 1786 3840 desiderium
1813 3778 2059 3838 excitet.
2092 3781 2535 3839 Verumtamen
2567 3780 2617 3839 si
2649 3780 2788 3858 quis
2819 3781 3187 3842 temeritatis
3214 3789 3425 3843 notam
3459 3783 3693 3854 inurat,

291 3887 462 3961 justa
494 3882 671 3941 nobis
701 3899 833 3940 esse
859 3884 1065 3957 potest
1094 3877 1434 3937 excusatio.
1470 3879 1783 3948 Quantum
1809 3877 1972 3936 enim
2002 3875 2196 3948 licuit,
2231 3895 2390 3936 onus
2442 3882 2570 3936 tam
2603 3877 2807 3956 impar
2852 3878 3089 3939 viribus
3129 3880 3354 3940 nostris
3384 3881 3698 3961 suscipere

299 3979 764 4051 recusavimus;
800 3978 906 4036 sed
943 3976 1413 4046 reluctantibus,
1449 3982 1510 4034 et
1529 3975 1897 4034 tenuitatem
1932 3980 2208 4034 nostram
2266 3974 2670 4034 causantibus
2697 3975 2992 4054 imposita
3047 3977 3228 4036 nobis
3257 3977 3391 4038 haec
3423 3985 3517 4039 est
3546 3998 3696 4058 pro-

299 4078 501 4138 vincia
531 4077 609 4136 ab
640 4075 758 4145 his,
794 4092 1063 4152 quorum
1084 4073 1348 4150 imperia
1379 4072 1723 4132 detrectare
1755 4072 1928 4130 nefas
1953 4071 2189 4129 fuisset.
2218 4071 2594 4130 Jubentibus
2625 4072 2836 4149 itaque
2867 4073 3163 4133 cessimus
3189 4090 3204 4133 :
3238 4075 3496 4136 admota
3521 4077 3697 4136 dein-

300 4194 445 4254 ceps
475 4173 651 4252 operi
683 4191 896 4241 manu,
933 4189 1046 4230 nec
1079 4170 1242 4228 curis
1271 4187 1384 4228 nec
1416 4169 1736 4228 laboribus
1763 4167 2161 4245 pepercimus
2187 4173 2254 4225 ut
2301 4166 2477 4244 jussa
2532 4168 2996 4228 facesseremus.
3033 4172 3226 4229 Nemo
3249 4188 3372 4230 non
3401 4173 3699 4251 intelligit

300 4279 604 4351 quantum
637 4269 867 4329 laboris
898 4273 959 4327 et
987 4284 1195 4345 operae
1225 4264 1718 4343 impendendum
1749 4264 1935 4324 fuerit
1963 4264 2026 4322 in
2050 4264 2466 4334 emendanda,
2502 4265 2720 4325 saltem
2747 4266 3032 4344 pluribus
3061 4267 3122 4326 in
3147 4267 3322 4338 locis,
3347 4270 3542 4330 veteri
3569 4272 3700 4331 edi-

303 4371 490 4439 tione,
526 4369 588 4427 in
624 4365 958 4444 seligendis
987 4363 1174 4423 variis
1204 4362 1600 4433 lectionibus,
1657 4361 1958 4421 vertenda
2012 4361 2363 4420 carminum
2423 4367 2599 4438 parte
2669 4363 2968 4435 maxima,
3031 4363 3435 4442 disponendis
3492 4367 3709 4429 ordine

305 4464 751 4542 chronologico
801 4461 1106 4541 epistolis,
1157 4460 1222 4519 in
1281 4459 1655 4518 adornanda
1713 4460 1774 4520 S.
1834 4458 2114 4535 Gregorii
2144 4459 2306 4529 Vita,
2359 4458 2731 4536 exponenda
2759 4457 2895 4536 ejus
2925 4458 3233 4536 doctrina,
3265 4461 3330 4522 in
3361 4463 3708 4525 enodandis

305 4563 490 4623 variis
522 4559 1023 4630 difﬁcultatibus,
1070 4557 1380 4634 rebusque
1408 4556 1473 4615 in
1500 4556 1639 4616 aliis
1670 4555 1954 4634 pluribus
1985 4574 2142 4633 quas
2172 4561 2468 4616 accurata
2498 4555 2686 4617 editio
2720 4556 3019 4634 postulat.

302 4719 3172 4744 Μ

1493 4867 1880 4960 PARS
1998 4864 2522 4958 PRIMA.

1224 5206 1255 5282 §
1284 5205 1332 5266 Ι.
1367 5219 1445 5264 ne
1491 5218 1689 5265 vanus
1712 5218 1764 5265 s.
1791 5217 2078 5265 easeoan
2120 5219 2358 5266 oratum
2391 5219 2798 5268 sur-monens.

389 5361 664 5421 Primum
717 5356 973 5436 quidem
1049 5354 1378 5416 doctorum
1447 5354 1750 5430 virorum,
1827 5355 1935 5433 qui
2005 5373 2200 5435 opera
2269 5355 2550 5434 Gregorii
2601 5355 2666 5416 in
2709 5357 2913 5418 lucem
2983 5359 3264 5437 proferre
3318 5361 3717 5440 studuerunt,

313 5458 558 5520 labores
591 5461 739 5518 sunt
791 5453 1352 5515 commemorandi.
1415 5452 1532 5512 Alii
1592 5453 1795 5531 plura,
1839 5453 1944 5514 alii
2002 5452 2346 5533 pauciora:
2381 5453 2487 5514 alii
2546 5456 2779 5529 Graece,
2843 5455 2949 5516 alii
3006 5458 3224 5520 Latine
3282 5465 3551 5537 tantum,
3611 5463 3719 5525 alii

385 5649 401 5682 ¹
437 5644 605 5701 Eccli.
637 5658 835 5708 XLVIII,
867 5643 922 5696 1.

587 5773 852 5834 PATROL.
897 5767 1004 5828 Gn.
1038 5765 1275 5829 XXXV.
3403 5780 3450 5851 ιΔ
