4052 6276
338 352 401 408 11
1350 344 1762 406 PR/EFATIO
1809 344 1938 404 GEP

2131 346 2275 407 LlS.
2310 380 2387 392 —
2418 348 2614 411 PARS
2662 351 2711 410 Ι.
3655 364 3731 430 12

330 485 541 544 Graece
576 484 760 544 simul
800 490 862 544 et
916 484 1168 555 Latine;
1221 481 1327 542 alii
1377 482 1680 559 quasdam
1734 486 1975 540 tantum
2027 481 2359 553 orationes,
2416 490 2522 543 aut
2570 487 2917 549 carminum
2980 499 3222 570 partem
3288 496 3587 576 aliquam,
3633 505 3735 563 vel

324 582 756 659 epistolarum.
819 586 949 643 Non
1002 582 1167 641 enim
1239 581 1450 640 omnia
1519 578 1726 649 simul,
1806 578 2088 657 dispersa
2146 579 2293 638 hinc
2366 581 2512 641 inde
2581 587 2780 646 sancti
2861 589 3134 651 doctoris
3215 613 3407 673 opera
3478 601 3733 677 prodire

320 692 632 764 poterant,
668 685 769 744 sed
804 701 915 761 per
946 678 1310 760 particulas,
1386 682 1696 755 quatenus
1752 676 1815 734 in
1889 676 2212 736 hominum
2279 678 2699 739 studiosorum
2737 701 2961 745 manus
2999 694 3061 747 et
3091 676 3512 767 cognitionem
3544 714 3731 757 vene-

320 789 489 842 runt.
551 786 677 843 Sua
732 778 994 858 singulis
1052 778 1190 836 laus
1248 774 1605 872 reddenda;
1644 773 1886 872 quippe
1936 775 2066 852 qui,
2129 776 2378 834 tametsi
2429 776 2860 855 imperfectum
2921 783 3289 863 reliquerint
3345 808 3505 869 opus
3553 795 3728 872 quod

324 881 747 959 aggredimur,
782 877 962 937 nobis
988 881 1199 936 tamen
1230 870 1570 951 praeeundo
1600 869 1765 929 viam
1797 872 2301 946 monstraverint,
2364 877 2425 933 et
2481 874 2561 934 ad
2618 877 3065 954 perﬁciendum
3124 886 3411 949 nonnihil
3435 869 3724 952 contule-

316 978 467 1038 rint.

1731 1110 1795 1171 Ε
1797 1109 2044 1172 ᾱίίιόηθς
2078 1109 2295 1173 Graecae

387 1252 435 1310 Ι.
468 1253 550 1312 Ut
579 1250 653 1308 de
687 1248 913 1309 Graecis
944 1244 1322 1307 editionibus
1356 1244 1627 1322 primum
1661 1242 1969 1315 dicamus,
2004 1243 2174 1321 quod
2204 1242 2455 1320 quidem
2488 1245 2643 1305 ordo
2674 1248 2922 1309 videtur
2968 1255 3313 1330 postulare,
3349 1258 3552 1337 prima
3581 1280 3719 1323 sese

305 1344 486 1407 otl‘ert
517 1346 651 1420 illa,
685 1364 810 1424 qua
840 1345 1239 1406 continentur
1276 1364 1303 1399 «
1334 1340 1614 1418 Gregorii
1646 1340 2016 1400 Nazianzeni
2045 1340 2361 1401 orationes
2407 1340 2755 1403 lectissimae
2788 1364 2896 1409 xvr
2955 1350 3165 1412 Graece
3211 1372 3289 1414 ex
3318 1356 3592 1419 editione
3622 1361 3709 1421 M.

307 1444 585 1505 Musuri:
621 1443 892 1503 Venetiis
920 1443 982 1501 in
1016 1441 1253 1500 aedibus
1284 1440 1425 1498 Aldi
1458 1440 1635 1511 1516,
1668 1438 1823 1497 in-8°
1855 1437 1957 1517 (α).
1998 1460 2028 1493 ››

377 1541 673 1620 Epistolas
705 1540 1024 1601 nonnullm
1057 1539 1357 1615 Gregorii,
1396 1556 1519 1596 una
1552 1555 1693 1596 cum
1725 1535 2004 1613 epistolis
2054 1534 2286 1607 Basilii,
2322 1536 2486 1615 typis
2516 1555 2760 1599 excusas
2810 1549 2952 1604 sunt
3010 1546 3281 1624 primum
3338 1553 3707 1630 Haganonaa

297 1659 464 1701 anno
496 1641 655 1699 1528
685 1640 875 1709 in-8°,
913 1638 1138 1697 deinde
1170 1637 1441 1697 Venetiis
1471 1654 1637 1695 anno
1660 1635 1813 1694 1532
1835 1634 1997 1693 curis
2026 1634 2336 1713 Obsopaei,
2374 1637 2585 1695 in-fol.

381 1738 659 1815 Gregorii
694 1735 1065 1796 Nazianzeni
1093 1733 1397 1811 'l‘heologi
1428 1733 1743 1792 orationes
1772 1749 1832 1792 1x
1862 1731 2341 1808 elegantissimae
2387 1734 2756 1810 prodierunt
2785 1756 2950 1801 anno
2975 1743 3128 1804 1536
3155 1743 3217 1803 in
3251 1746 3489 1808 aedibus
3519 1748 3712 1811 haere-

302 1835 453 1894 dum
484 1835 649 1907 Aldi,
682 1835 873 1893 in-8°.

378 1933 644 1992 Easdem
677 1931 991 1991 orationes
1018 1930 1181 2007 typis
1205 1929 1522 1987 mandavit
1554 1926 1883 1987 Vechelius
1908 1926 2157 1985 Parisiis
2188 1945 2353 1986 anno
2390 1930 2567 1988 1544.

373 2030 569 2090 Paulo
604 2039 743 2108 post
776 2028 959 2105 longe
990 2026 1363 2103 locupletior
1418 2024 1677 2102 vulgata
1733 2030 1825 2083 est
1881 2023 2070 2082 editio
2120 2026 2395 2102 Opernm
2457 2028 2779 2104 Gregorii;
2815 2050 2956 2109 quae
2988 2053 3112 2095 non
3146 2040 3333 2100 modo
3366 2044 3703 2117 orationes,

290 2127 340 2186 si
366 2128 569 2186 minus
600 2143 840 2195 omnes,
874 2125 1093 2184 saltem
1129 2142 1341 2183 earum
1374 2129 1613 2201 partem
1649 2121 2026 2192 maximam;
2064 2139 2279 2180 verum
2334 2124 2521 2182 etiam
2560 2142 2714 2186 Lxxx
2758 2130 3077 2209 epistolas,
3113 2142 3174 2195 et
3205 2140 3523 2215 permulta
3566 2160 3705 2201 car-

288 2226 458 2284 mina
486 2224 1261 2301 complectebatur.Anno
1292 2220 1518 2280 Christi
1570 2221 1724 2278 1550
1785 2218 2015 2296 prodiit
2073 2219 2347 2295 Basileae,
2408 2224 2765 2299 sumptibus
2792 2227 3053 2289 Joannis
3110 2235 3423 2313 Hervagii,
3486 2241 3705 2301 Graeca

284 2321 395 2380 illa
425 2320 651 2395 editio;
686 2338 875 2398 quam
907 2320 1216 2398 proxime,
1251 2319 1470 2378 eodem
1504 2317 1736 2377 scilicet
1767 2334 1956 2389 anno,
1989 2316 2322 2376 subsecuta
2351 2324 2444 2376 est
2472 2322 2834 2381 eorumdem
2868 2343 3128 2404 operum
3163 2330 3486 2395 elaborata
3516 2337 3706 2397 variis

286 2419 366 2478 ab
395 2418 754 2479 auctoribus
787 2418 1005 2478 Latina
1035 2416 1494 2495 interpretatio.
1528 2417 1747 2475 Exstat
1774 2414 1836 2472 in
1872 2413 2063 2491 Regia
2092 2413 2483 2474 Bibliotheca
2513 2415 2701 2495 hujus
2759 2424 2987 2483 Graecae
3045 2427 3338 2490 editionis
3379 2435 3705 2513 exemplar

292 2534 432 2575 cum
482 2517 644 2575 notis
675 2517 753 2575 ad
777 2534 954 2575 oram
986 2514 1127 2574 libri
1158 2513 1427 2592 scriptis.
1466 2515 1530 2571 tn
1564 2513 1682 2571 hac
1704 2512 1976 2572 editione
2006 2517 2364 2571 recensetur
2389 2512 2554 2572 inter
2574 2518 2779 2593 Opera
2809 2523 3090 2598 Gregorii
3124 2528 3451 2603 tragaedia,
3489 2529 3690 2591 Clu-1'3-

240 2626 243 2627 '
284 2620 376 2671 tus
417 2614 668 2693 patiens,
699 2632 841 2691 quae
885 2612 1019 2690 jam
1076 2612 1170 2671 bis
1202 2614 1410 2672 Graece
1468 2610 1642 2689 prelo
1672 2610 1945 2669 exierat:
1985 2612 2222 2679 Romae,
2258 2627 2424 2669 anno
2462 2612 2859 2689 1542,.in-8",
2894 2638 3007 2696 per
3047 2624 3390 2686 Antonium
3422 2627 3695 2691 Bladum

284 2711 632 2770 Asulanum
664 2729 677 2784 ;
711 2718 773 2771 et
802 2710 1058 2771 Lovanii
1091 2728 1257 2770 anno
1290 2712 1466 2780 1544,
1494 2727 1603 2786 per
1635 2711 1981 2785 Rutgerum
2014 2707 2296 2767 nescium
2326 2724 2338 2764 :
2396 2709 2717 2787 utriusque
2766 2713 3054 2777 editionis
3107 2718 3297 2799 hujus
3368 2727 3694 2803 tragoedias

280 2827 409 2869 non
444 2809 725 2868 meminit
758 2809 1098 2869 Fabricius.
1138 2808 1369 2868 Eodem
1402 2825 1566 2867 anno
1599 2805 1788 2866 editio
1820 2804 1999 2864 Biadi
2056 2804 2308 2864 Parisiis
2354 2804 2418 2863 in
2480 2806 2731 2868 ofﬁcina
2762 2811 3097 2876 Christiani
3142 2819 3416 2881 Vechelii
3478 2842 3695 2887 recusa

284 2912 399 2966 est.

359 3004 712 3065 Sententias
742 3011 804 3064 et
833 3004 1080 3082 regulas
1106 3003 1243 3063 vitae
1275 3022 1351 3063 ex
1382 3002 1661 3080 Gregorii
1706 3001 2076 3062 Nazianzeni
2123 3002 2366 3079 scriptis
2412 3002 2729 3078 collectas,
2786 3010 3036 3086 Graece;
3100 3012 3383 3091 ejusdem
3442 3019 3692 3082 iambos

280 3101 544 3179 aliquot,
581 3105 790 3163 Graece
820 3102 1031 3176 etiam,
1059 3103 1263 3162 studio
1293 3101 1552 3163 Joannis
1568 3100 1883 3172 Sambuci,
1946 3103 2308 3178 Antuerpiae
2365 3099 2426 3158 in
2469 3100 2670 3161 lucem
2705 3106 2910 3168 emisit
2954 3110 3282 3173 Plantinus
3313 3133 3478 3178 anno
3512 3120 3689 3195 1568,

272 3197 479 3257 in-8°.
1554 3240 1567 3257 η

358 3298 483 3355 Nec
514 3314 660 3357 vero
690 3295 1230 3375 praetermittenda
1289 3294 1523 3355 Selecta
1579 3297 1847 3355 carmina
1885 3294 1962 3354 ab
1992 3293 2359 3377 Hieronymo
2390 3301 2680 3362 Brunello
2704 3302 2764 3362 S.
2800 3303 2859 3365 J.
2893 3303 3080 3378 edita,
3117 3326 3260 3369 cum
3292 3313 3559 3391 Georgio
3590 3315 3691 3375 Pi-

281 3393 411 3453 side
442 3400 501 3453 et
532 3394 773 3471 Synesii
804 3413 876 3454 ac
900 3392 1234 3453 Clementis
1265 3392 1605 3451 Alexandri
1634 3392 1918 3470 hymnis:
1957 3394 2170 3452 Romae
2202 3414 2366 3455 anno
2401 3400 2579 3471 1590,
2602 3399 2663 3458 in
2694 3401 2782 3459 8°.

360 3490 665 3551 Addenda
686 3492 872 3551 etiam
908 3497 1201 3570 poemata
1234 3490 1521 3569 qumdam
1555 3507 1592 3548 a
1617 3489 1851 3549 Davide
1907 3490 2282 3565 Hmschelio,
2342 3495 2631 3572 Lugduni
2684 3496 3063 3558 Batavorum
3096 3519 3263 3563 anno
3297 3506 3472 3578 1591,
3507 3507 3685 3583 in-80,

295 3607 369 3648 ex
428 3589 679 3648 ofﬁcina
734 3588 1156 3660 Plantiniana,
1226 3606 1365 3648 cum
1428 3586 1797 3666 paraphrasi
1854 3589 2091 3659 Graeca,
2140 3607 2330 3666 quam
2390 3593 2779 3653 I-lmschelius
2834 3594 3064 3657 Nicetae
3124 3617 3283 3678 opus
3340 3620 3472 3663 esse
3514 3605 3682 3666 arbi-

284 3691 505 3747 tratur.

350 3784 653 3862 Denique,
684 3784 949 3861 geminae
977 3784 1256 3862 Gregorii
1284 3783 1349 3843 in
1402 3783 1721 3843 Julianum
1782 3782 2224 3861 imperatorem
2284 3784 2631 3859 invectivaa,
2669 3791 2900 3860 Graece,
2935 3808 3076 3851 cum
3125 3792 3380 3865 scholiis
3411 3800 3677 3877 Graecis;

272 3882 551 3959 ejusdem
582 3884 783 3943 oratio
816 3884 877 3941 in
908 3883 1208 3963 Martyres
1237 3892 1291 3941 et
1321 3893 1525 3941 contra
1554 3881 1851 3950 Arz'anos;
1887 3881 2099 3940 decem
2135 3901 2311 3941 novae
2352 3885 2652 3962 epistolas,
2690 3892 3131 3949 testamentum
3179 3893 3462 3971 Gregorii
3491 3914 3502 3955 :
3539 3916 3676 3959 om-

270 3980 375 4039 nia
406 3997 479 4039 ex
509 3978 896 4040 Bibliotheca
918 3979 1164 4039 Henrici
1197 3978 1412 4040 Savilii
1441 3977 1609 4037 edita
1638 3983 1783 4036 snnt
1813 3978 2054 4051 Etonaa,
2079 3979 2140 4037 in
2170 3982 2253 4052 4°,
2290 3999 2454 4041 anno
2484 3984 2661 4057 1610,
2712 4002 2862 4044 cura
2893 3991 2955 4045 et
3000 3988 3205 4049 studio
3237 3992 3307 4049 Β.
3348 3993 3673 4072 Montagu,

270 4077 435 4155 typis
466 4078 725 4139 Joannis
754 4081 1013 4137 Norton.

1682 4217 1992 4279 Edz'lz'ones
2018 4220 2249 4281 Latinae

350 4352 631 4430 Gregorii
662 4353 1030 4414 Nazianzeni
1056 4352 1356 4425 carmina,
1393 4351 1471 4411 ad
1502 4352 1660 4412 bene
1692 4352 1998 4430 beateque
2032 4354 2365 4413 vivendum
2401 4354 2752 4429 utilissima,
2785 4358 3028 4431 Latine,
3080 4379 3156 4421 ex
3205 4361 3478 4425 editione
3534 4368 3675 4428 Aldi

267 4451 531 4511 Manutii
561 4451 827 4510 Romani
860 4457 919 4511 et
960 4451 1127 4510 Petri
1178 4450 1440 4509 Candidi
1476 4450 1788 4509 monachi.
1832 4450 2119 4522 Venetiis,
2156 4450 2351 4510 Aldus
2383 4452 2722 4526 Manutius,
2756 4454 2937 4525 in-4°,
3012 4457 3150 4516 504.

344 4551 522 4609 Anno
556 4550 733 4620 1508,
767 4549 978 4609 decem
1015 4549 1294 4626 Gregorii
1325 4547 1659 4617 orationes,
1697 4565 1770 4605 ex
1802 4565 2019 4606 earum
2053 4566 2314 4606 numero
2347 4566 2501 4625 quas
2532 4568 2570 4608 a
2603 4550 2827 4611 Ruﬁno
2886 4553 3108 4614 Latine
3131 4530 3406 4617 redditas
3437 4559 3667 4637 ferunt,

262 4646 536 4725 vulgatae
568 4651 711 4706 sunt
740 4647 1158 4724 Argentorati,
1196 4663 1335 4704 cum
1368 4644 1563 4721 ipsius
1596 4642 1961 4722 praefatione
2018 4646 2092 4703 ael
2156 4644 2608 4720 Apronianum,
2659 4666 2772 4724 per
2816 4649 3122 4710 Joannem
3157 4653 3528 4717 Knobaucb.
3563 4660 3672 4718 Has

262 4749 408 4804 sunt
437 4744 773 4813 orationes,
818 4744 965 4802 olim
999 4762 1039 4815 ι,
1076 4761 1184 4815 xu,
1211 4760 1310 4815 xv,
1346 4760 1497 4814 xvu,
1535 4759 1751 4813 xxvui,
1786 4758 2002 4811 xxxm,
2038 4758 2293 4809 xxxvm,
2330 4758 2541 4811 XXXIX,
2577 4761 2741 4816 xuv,
2775 4761 2827 4804 L.

342 4841 579 4901 Eodem
609 4859 796 4914 anno,
832 4840 986 4900 alias
1015 4846 1253 4919 septem
1286 4839 1622 4911 orationes,
1658 4838 1873 4897 Latine
1903 4856 1941 4897 a
1970 4857 2034 4898 se
2067 4837 2362 4909 redditas,
2406 4842 2701 4917 Augustm
2734 4840 3225 4907 ‘Vindelicorum
3259 4848 3671 4932 OEcolampa-

260 4938 398 4999 dius
424 4939 722 5017 vulgavit.

338 5040 519 5097 Anno
552 5040 726 5110 1522,
763 5036 886 5097 alia
908 5036 1327 5114 quarumdam
1362 5034 1644 5112 Gregorii
1672 5035 2028 5096 orationum
2061 5034 2251 5095 editio
2281 5035 2503 5114 Lipsiae
2536 5037 2771 5115 prodiit
2801 5037 2998 5101 ins8°:
3033 5045 3097 5101 at
3124 5040 3235 5102 illa
3281 5062 3408 5104 non
3461 5045 3670 5108 differt

259 5134 338 5195 ab
370 5135 906 5213 Argentoratensi.

336 5234 517 5293 Anno
550 5234 727 5305 1531,
759 5231 1104 5291 Bilibaldus
1133 5231 1619 5304 Pirkheimerus,
1646 5230 1755 5309 qui
1784 5231 1985 5292 tribus
2024 5236 2169 5292 ante
2227 5231 2407 5292 annis
2464 5233 2747 5311 Gregorii
2804 5234 3283 5314 Apologeticum
3327 5238 3665 5304 Latinitate

258 5330 561 5391 donatum
618 5330 683 5389 in
740 5329 941 5389 lucem
1002 5329 1315 5403 emiserat,
1379 5329 1637 5408 triginta
1692 5335 1833 5390 octo
1905 5329 2247 5404 orationes,
2321 5348 2478 5408 quas
2549 5331 2770 5392 Latine
2841 5338 3137 5411 verterat,
3197 5334 3457 5397 Basileaa
3486 5338 3663 5417 prelo

256 5472 610 5550 supposuit.
703 5473 981 5532 Necdum
1089 5472 1235 5532 inde
1347 5472 1648 5550 exierant,
1763 5492 1903 5534 cum
1990 5492 2158 5533 mors
2265 5473 2521 5534 abstulit
2602 5474 3080 5553 interpretem;
3155 5476 3333 5557 cujus
3422 5500 3452 5537 α
3534 5498 3663 5543 non

325 5631 402 5715 (α)
432 5636 549 5688 Cat.
586 5633 729 5689 Bibl.
768 5634 929 5708 Reg,
960 5637 1102 5692 tom.
1132 5634 1177 5704 I,
1210 5648 1341 5707 pag.
1375 5634 1498 5708 340,
1532 5650 1589 5690 n.
1620 5634 1743 5692 201.

4034 22 4052 551 l
