2026 3138
196 198 233 230 i3
704 198 912 230 PREFATIO
935 197 1166 229 GENEltALIS.
1182 215 1221 221 —
1241 198 1341 229 PARS
1363 198 1388 228 l.
1863 201 1901 231 Η

198 269 328 296 mortem
346 266 586 305 deplorandam,
603 266 646 296 ait
673 267 830 304 Erasmus,
862 266 914 295 sed
944 265 1120 295 deﬂendam
1145 264 1303 303 publicam
1333 264 1508 294 studiorum
1533 263 1702 304 jacturam.
1720 277 1736 293 »
1767 266 1900 306 Quippe,

197 315 441 351 Pirkheimerus,
474 315 506 345 ni
534 315 646 345 festina
687 324 769 345 mors
807 314 974 350 obstitisse,
1018 325 1033 341 «
1059 313 1208 343 eximium
1249 313 1433 343 Christianae
1477 313 1687 353 philosophias
1722 323 1901 353 praeconem

196 364 379 402 Gregorium
416 364 623 394 Naziazenum
658 363 702 393 sic
736 364 845 394 Latine
880 363 1058 402 loquentem
1093 362 1212 392 nobis»
1238 362 1368 391 daturus
1403 361 1522 399 fuisset,
1546 365 1581 392 ut
1617 363 1717 393 Graeci
1749 363 1901 394 sermonis

195 422 289 443 sonos
334 422 428 442 nemo
464 412 697 442 desideraturus
733 412 852 442 fuisset.
880 412 1017 442 Joannes
1059 411 1189 447 Slraub,
1221 411 1367 440 Bilihaldi
1401 420 1507 450 gener,
1537 412 1706 443 translatas
1740 421 1759 442 a
1792 421 1900 442 socero

196 471 251 491 suo
289 461 450 492 orationes
485 461 622 491 edendas
657 461 779 491 curavit
810 461 940 491 Basileze
975 469 1011 490 ex
1049 460 1175 490 ofﬁcina
1209 459 1417 496 Frobeniana,
1434 469 1517 490 anno
1554 460 1806 499 i431.Editioni,
1830 470 1900 500 quae

198 510 335 549 plurima
350 510 413 540 alia
428 510 569 549 Gregorii
589 519 686 549 opera
707 509 954 549 complectictur,
978 509 1106 548 praeﬁxa
1136 511 1183 539 est
1210 508 1442 548 elegantissima
1469 509 1591 539 Erasmi
1618 509 1751 549 epistola
1777 510 1810 540 in
1839 519 1901 550 qua

195 558 304 589 laudes
318 559 498 598 interpretis
513 559 724 598 prosequitur.

233 608 324 637 Anno
357 607 510 647 sequenti,
545 608 697 638 Claudius
732 607 903 638 Chevallon
938 606 1064 637 Parisiis
1099 606 1240 645 vulgavit
1284 606 1425 645 Gregorii
1464 606 1647 636 Nazianzeni
1691 609 1900 645 cognomento

194 655 348 695 Theologi
376 656 534 686 orationes
563 664 692 692 xxxvur,
722 658 885 692 tractatus,
917 663 1077 685 sermones
1104 658 1135 685 et
1162 655 1258 685 libros
1287 655 1408 693 aliquot
1434 655 1554 693 Latine,
1571 655 1729 692 Bilibaldo
1757 655 1901 685 Pirkhei-

197 713 294 741 mero,
324 705 439 735 Ruﬁno
468 704 666 744 presbytero,
697 708 728 735 et
758 706 848 735 Petro
874 704 1044 734 Mosellano
1073 703 1306 742 interpretibus,
1331 713 1368 733 ex
1402 703 1538 733 editione
1566 703 1698 734 Joannis
1728 703 1843 734 Straub
1871 706 1902 734 et

201 753 352 783 Desiderii
368 754 501 783 Erasmi.
526 753 625 792 Hujus
642 753 824 783 Parisiensis
840 752 984 783 editionis
1000 752 1075 782 anni
1092 753 1169 782 1532
1182 761 1245 782 non
1262 752 1384 781 videtur
1400 752 1577 782 meminisse
1593 751 1766 782 Fabricius.

235 802 337 832 Aliam
353 811 436 833 anno
454 803 530 833 1550
554 803 727 841 Volfangus
753 802 918 837 Musculus,
937 801 1078 837 Basileee,
1099 801 1184 840 apud
1208 801 1361 831 Joannem
1391 801 1590 839 Hervagium,
1615 801 1745 840 praeﬁxa
1768 801 1902 840 epistola

198 851 430 891 nuncupatoria
459 853 649 890 Augustanae
678 851 859 890 reipublicae
890 850 1062 890 preacfectis
1086 849 1278 887 consulibus,
1310 848 1459 879 adornari
1487 850 1607 879 curavit
1634 850 1802 880 editionem
1831 859 1901 889 qua

194 900 304 929 Latine
326 900 453 941 exhibet
468 899 619 938 quidquid
636 900 741 930 Graece
758 899 983 938 complectitur
1011 898 1104 928 editio
1134 898 1272 937 ejusdem
1302 898 1377 928 anni
1405 898 1490 937 apud
1518 898 1661 929 eumdem
1690 899 1898 937 Hervagium;

194 948 312 978 scilicet
340 956 463 979 xxxvm
487 948 645 978 orationes
672 957 691 977 a
715 948 931 977 Pirkheimero
961 947 1069 977 Latine
1098 946 1246 983 redditas,
1276 946 1433 976 orationes
1462 946 1601 985 quinque
1626 947 1664 976 de
1692 947 1866 986 Theologia
1882 956 1902 977 a

192 997 286 1027 Petro
302 996 484 1034 Mosellano,
503 1000 618 1036 quator
634 999 740 1027 autem
757 996 796 1026 ab
813 997 881 1035 ipso
897 996 1050 1032 Musculo,
1068 1004 1190 1034 nempe,
1207 1004 1229 1031 ι,
1246 1004 1307 1032 xu,
1322 1004 1379 1026 XLV
1394 999 1424 1025 et
1440 1004 1538 1032 XLVII;
1557 996 1682 1026 demum
1704 996 1899 1035 tragaediam,

196 1045 332 1075 Christus
343 1045 462 1085 patiens
478 1054 516 1075 ex
532 1045 674 1075 versione
702 1045 879 1076 Sebastiani
904 1044 1104 1074 Guldebeccii
1131 1044 1284 1083 Tigurini,
1302 1047 1333 1075 et
1361 1044 1424 1074 alia
1447 1047 1595 1083 poemata
1615 1053 1685 1075 cum
1713 1044 1902 1084 interpreta-

195 1094 280 1124 tione
297 1094 368 1125 Aldi
384 1094 526 1124 Manutii.

233 1144 325 1173 Anno
342 1143 429 1179 1550,
447 1143 622 1173 orationem
638 1143 676 1173 de
693 1143 883 1182 pauperibus
899 1142 1043 1172 amandis
1058 1145 1088 1171 et
1103 1141 1296 1181 benignitate
1320 1141 1575 1181 complectendis,
1595 1151 1667 1173 cum
1689 1143 1812 1173 duabus
1827 1143 1903 1173 Gre-

193 1192 274 1231 gorii
291 1191 424 1231 Nysseni
438 1191 635 1222 orationibus
649 1191 791 1231 ejusdem
808 1191 994 1230 argumenti,
1009 1200 1046 1221 ex
1062 1191 1319 1230 interpretatione
1342 1191 1425 1221 Petri
1443 1191 1601 1222 Francisci
1622 1191 1690 1222 Zini
1704 1191 1802 1222 edidit
1811 1191 1904 1222 Pari-

193 1241 246 1271 siis
261 1241 471 1277 Vascosanus,
489 1240 580 1270 in-4°.

232 1291 324 1320 Anno
341 1290 433 1326 1569,
451 1289 569 1328 prodiit
582 1289 709 1319 Parisiis
724 1289 808 1328 apud
824 1288 988 1319 Claudium
1006 1290 1118 1328 Fremy
1134 1288 1236 1328 prima
1255 1290 1392 1328 Operam
1404 1288 1554 1328 Gregorii,
1572 1289 1725 1320 adornata
1739 1298 1758 1319 a
1781 1289 1901 1320 Jacobo

192 1340 287 1369 Billio
305 1341 441 1369 Prunaao
471 1339 580 1370 Sancti
607 1338 768 1369 Michaelis
796 1338 826 1368 in
857 1347 962 1368 eremo
991 1338 1115 1374 abbate,
1147 1338 1254 1374 editio,
1282 1338 1346 1367 sive
1371 1338 1599 1377 interpretatio.
1621 1338 1713 1368 Aliud
1742 1338 1825 1369 enim
1856 1340 1905 1369 est

193 1388 303 1424 editio,
320 1388 407 1418 aliud
422 1388 652 1427 interpretatio.
669 1388 703 1417 Id
720 1388 816 1417 sensit
828 1387 896 1427 ipse
910 1387 1029 1423 Billius,
1047 1387 1225 1426 librumque
1240 1396 1331 1416 suum
1351 1387 1523 1426 inscripsit:
1542 1386 1681 1427 Gregorii
1705 1386 1802 1427 Opera
1825 1397 1902 1418 nova

190 1436 390 1467 translatione
418 1436 541 1473 donata,
557 1439 629 1473 etc.,
647 1445 718 1466 cum
736 1436 969 1466 commentariis
984 1436 1099 1466 Nicetes
1129 1435 1277 1472 Serionii,
1295 1438 1355 1465 etc.
1372 1437 1440 1466 Non
1456 1445 1519 1466 una
1533 1445 1622 1466 novae
1638 1436 1733 1475 hujus
1744 1436 1900 1476 interpre-

191 1486 321 1516 tationis
337 1485 396 1515 fuit
413 1486 521 1516 editio.
538 1486 593 1516 Vel
608 1486 676 1525 ipso
692 1494 774 1515 anno
802 1485 945 1524 sequenti
973 1485 1088 1524 prodiit
1116 1484 1264 1521 Coloniae,
1282 1484 1461 1524 pluriesque
1481 1484 1627 1524 deinceps
1653 1494 1763 1516 recusa
1778 1488 1835 1522 est,
1853 1486 1898 1516 De

190 1534 251 1565 hac
265 1534 419 1570 versione,
437 1544 507 1574 quae
525 1534 650 1564 caeteris
665 1534 758 1572 longe
773 1537 912 1573 praestat,
932 1543 1003 1563 mox
1015 1533 1107 1573 plura
1128 1533 1278 1563 dicemus.

231 1584 299 1619 Que
314 1586 456 1622 tempore
476 1583 584 1612 Billius
601 1582 742 1621 Gregorii
765 1582 919 1621 Operibus
942 1582 1051 1612 Latine
1075 1582 1233 1612 vertendis
1256 1581 1469 1617 incumbebat,
1486 1582 1726 1618 Leuvenklaius,
1743 1582 1899 1613 hortanti-

192 1631 254 1662 bus
271 1631 392 1666 amicis,
410 1631 554 1661 eumdem
571 1631 711 1661 laborem
727 1633 925 1669 susceperat;
944 1640 1078 1670 cumque
1094 1631 1131 1660 de
1147 1631 1229 1661 Billii
1243 1630 1351 1660 labore
1375 1631 1489 1661 certior
1507 1631 1608 1661 factus
1634 1631 1753 1667 fuisset,
1771 1640 1898 1662 manum

194 1680 234 1710 de
248 1680 359 1710 tabula
375 1680 486 1710 tollere
501 1679 670 1719 cogitabat.
684 1680 724 1709 At
734 1688 770 1709 eo
785 1679 932 1719 deinceps
947 1679 1030 1709 edito
1046 1680 1233 1710 sententiam
1245 1679 1389 1716 mutavit,
1399 1688 1470 1709 cum
1486 1682 1627 1710 cerneret
1640 1689 1673 1710 se
1690 1689 1785 1720 quam
1801 1680 1901 1710 multa

194 1738 258 1759 non
275 1729 363 1768 prius
379 1728 454 1765 visa,
474 1728 587 1767 quibus
602 1728 752 1758 caruisset
767 1728 887 1765 Billius,
905 1728 1115 1767 congessisse;
1135 1728 1269 1758 maxime
1293 1737 1365 1758 vero
1391 1728 1475 1767 quod
1498 1731 1609 1759 nactus
1632 1731 1712 1758 esset
1736 1728 1811 1759 Elia;
1826 1730 1900 1759 Cre-

196 1777 295 1807 tensis
310 1776 540 1816 archiepiscopi
553 1777 586 1806 in
601 1776 828 1806 Nazianzenum
844 1777 1097 1814 commentarios,
1115 1777 1229 1816 quibus
1244 1777 1374 1807 ducibus
1387 1777 1427 1807 ad
1442 1777 1597 1807 eruendos
1612 1777 1772 1807 abstrusos
1785 1778 1817 1807 in
1832 1778 1901 1817 ple-

192 1826 302 1866 risque
317 1826 394 1856 locis
410 1825 595 1855 Nazianzeni
610 1834 719 1855 sensus
730 1826 775 1855 uti
790 1835 823 1856 se
839 1835 929 1865 posse
942 1835 1057 1864 magna
1072 1835 1143 1855 cum
1160 1826 1295 1856 utilitate
1309 1826 1483 1865 conspexit.
1496 1827 1651 1857 Praeterea
1661 1826 1787 1866 egregia
1802 1827 1900 1867 scrip-

191 1878 299 1905 torum
317 1874 501 1904 Nazianzeni
515 1874 720 1911 exemplaria,
737 1874 851 1913 quibus
878 1884 951 1904 usus
966 1877 1022 1912 est,
1039 1874 1187 1911 celebrat,
1204 1875 1287 1904 inter
1306 1884 1376 1914 quae
1392 1875 1454 1905 duo
1469 1875 1599 1905 summis
1615 1875 1705 1905 eii‘ert
1727 1875 1892 1913 laudibus;

191 1923 329 1954 alterum
358 1923 519 1953 Ghoniatae
542 1922 720 1952 Acuminati
737 1931 832 1952 manu
860 1922 1032 1962 scriptum;
1061 1923 1195 1953 alterum
1223 1923 1317 1962 longe
1345 1923 1515 1962 antiquius,
1538 1923 1712 1954 litterarum
1741 1923 1898 1963 elegantia

190 1975 357 2011 praestans,
376 1974 407 2001 et
426 1971 604 2010 scriptionis
618 1971 819 2010 integritate;
836 1973 924 2001 tanta
937 1972 1053 2002 scilicet
1070 1971 1233 2011 diligentia
1247 1975 1423 2010 exaratum,
1439 1972 1560 2002 nullum
1585 1974 1619 2002 ut
1642 1972 1674 2001 in
1698 1981 1735 2002 eo
1763 1972 1892 2003 verbum

188 2030 357 2060 perperam
385 2019 538 2059 scriptum
555 2019 740 2058 reperiatur.
771 2021 799 2050 ls
828 2020 926 2050 codex
954 2020 1124 2057 Basileam,
1148 2020 1200 2050 ubi
1215 2020 1388 2050 etiamnum
1418 2029 1534 2059 magna
1562 2020 1763 2050 veneratione
1792 2030 1894 2051 asser-

189 2072 293 2106 vatur,
312 2069 426 2098 allatus
443 2072 583 2107 tempore
598 2068 722 2098 concilii
732 2068 1084 2108 Basileensis,plurimas
1094 2069 1222 2099 exhibet
1237 2069 1385 2108 picturas,
1401 2068 1521 2108 hasque
1535 2069 1617 2099 inter
1627 2069 1802 2108 elegantem
1819 2071 1895 2099 Gre-

188 2117 461 2156 goriiimaginem.
476 2118 592 2147 Horum
609 2117 874 2157 exemplariorum
890 2127 950 2157 ope
965 2118 1135 2157 depravata
1150 2118 1286 2157 plurima
1301 2126 1333 2147 se
1349 2117 1531 2154 correxisse,
1547 2120 1578 2148 et
1594 2118 1704 2148 mutila
1719 2117 1893 2157 integritati

188 2166 362 2196 restituisse
390 2165 501 2195 asserit
528 2165 767 2195 Leuvcnklaius.
785 2166 904 2196 Prodiit
918 2167 972 2197 illa
987 2167 1081 2197 editio
1096 2167 1224 2197 Basilese
1241 2175 1323 2196 anno
1341 2167 1471 2196 157181
1481 2167 1608 2197 officina
1622 2167 1829 2206 Hervagiana,
1842 2176 1894 2197 ea-

187 2225 248 2254 que
265 2218 329 2244 tam
354 2214 509 2244 diuturnis
525 2214 637 2253 vigiliis
653 2215 810 2253 tantisque
824 2216 906 2244 curis
920 2215 1097 2252 elaborata,
1116 2219 1149 2245 ut
1163 2215 1194 2245 in
1212 2215 1313 2255 prima
1335 2215 1406 2245 libri
1430 2216 1545 2255 pagina
1561 2216 1628 2245 haec
1642 2216 1812 2246 inscribere
1831 2226 1894 2246 non

187 2263 401 2293 dubitaverit:
420 2274 435 2290 ‹‹
452 2264 515 2293 Nec
530 2263 678 2302 deinceps
697 2264 791 2293 aliam
808 2264 982 2303 exspectari
996 2265 1234 2304 locupletiorem
1251 2274 1340 2303 posse
1355 2265 1394 2294 de
1409 2265 1563 2304 prooemio
1578 2265 1677 2295 lector
1692 2264 1859 2304 intelliget.
1877 2277 1892 2293 »

188 2314 269 2342 Num
287 2313 459 2342 Germanus
474 2311 628 2351 interpres
644 2313 713 2351 plus
729 2321 819 2352 aequo
835 2313 894 2343 sibi
908 2313 1083 2352 indulgeat,
1101 2323 1138 2343 ex
1154 2313 1294 2343 dicendis
1309 2313 1531 2343 declarabitur.

226 2360 457 2390 Leuvenklaius
491 2360 657 2390 editionem
688 2360 717 2390 in
743 2364 806 2390 tres
821 2361 950 2392 omnino
979 2361 1138 2391 distribuit
1164 2364 1435 2400 tomoszquorum
1455 2362 1575 2401 primus
1590 2362 1748 2392 orationes
1762 2370 1803 2392 xx
1820 2371 1892 2392 cum

186 2409 303 2439 Elianis
326 2409 560 2439 commentariis
575 2409 722 2447 continet,
741 2412 888 2449 totusque
902 2410 1000 2449 ipsius
1014 2410 1146 2440 debetur
1172 2411 1346 2448 industriae,
1363 2410 1417 2450 qui
1432 2420 1504 2441 eum
1521 2411 1559 2441 de
1575 2412 1681 2441 Graeco
1696 2411 1729 2441 in
1743 2411 1891 2441 Latinum

186 2466 364 2488 sermonem
380 2458 551 2488 transtulit.
568 2458 653 2488 Alter
671 2458 808 2497 reliquas
832 2459 991 2489 orationes
1017 2468 1116 2495 xxxn,
1133 2468 1204 2489 cum
1220 2459 1359 2498 epistolis
1372 2462 1402 2488 et
1431 2460 1596 2498 poematiis
1621 2459 1774 2489 hactenus
1803 2460 1894 2490 editis

186 2507 426 2547 complectitur;
454 2516 524 2547 quae
554 2507 682 2547 quidem
713 2508 846 2547 sumpsit
874 2518 912 2538 ex
940 2508 1073 2539 Billiana
1101 2508 1251 2538 editione.
1269 2508 1345 2538 Huic
1375 2511 1461 2538 torno
1490 2509 1763 2548 praefatiunculam
1798 2508 1892 2539 Billio

187 2555 393 2586 honoriﬁcam
423 2556 569 2596 praeﬁxit,
598 2555 711 2596 hisque
740 2557 843 2587 verbis
870 2567 942 2587 eum
971 2557 1162 2597 alloquitur:
1182 2569 1196 2584 ε
1214 2557 1412 2596 Quapropter
1441 2557 1518 2587 mihi
1547 2557 1699 2597 polliceor
1730 2560 1760 2587 te
1787 2557 1891 2588 virum

186 2605 359 2644 sapientem
388 2614 425 2635 ac
454 2605 582 2635 doctum
610 2605 762 2644 optimam
790 2606 823 2635 in
850 2609 972 2645 partem
1001 2606 1166 2637 consilium
1200 2608 1342 2635 nostrum
1369 2605 1659 2646 interpretaturum.
1682 2606 1780 2636 Debet
1807 2606 1891 2636 enim

186 2652 305 2690 abesse,
323 2662 393 2683 cum
409 2654 496 2684 omni
511 2653 550 2697 ab
566 2653 731 2684 hominum
747 2664 871 2694 genere,
895 2658 961 2685 tum
978 2664 997 2686 a
1024 2655 1170 2686 litteratis
1195 2654 1393 2695 potissimum
1419 2655 1554 2692 invidia;
1572 2655 1687 2694 quibus
1715 2663 1782 2685 esse
1809 2654 1889 2685 nihil

186 2702 345 2741 antiquius
360 2712 418 2741 par
433 2705 489 2739 est,
508 2711 603 2742 quam
619 2709 651 2733 ut
672 2706 703 2733 et
726 2703 964 2743 ispsijuvandse
992 2704 1066 2735 totis
1093 2703 1210 2734 viribus
1238 2703 1419 2743 reipublicae
1448 2704 1635 2741 studeant,»
1653 2706 1713 2735 etc.
1729 2703 1793 2734 Sua
1816 2704 1893 2734 Leu-

186 2751 364 2781 venklaium
393 2760 465 2791 spes
479 2751 608 2782 fefellit:
626 2761 699 2782 nam
717 2753 798 2782 male
813 2757 859 2783 est
874 2755 893 2783 ὰ
909 2753 999 2784 Billio
1014 2753 1152 2789 habitus,
1169 2756 1200 2783 et
1221 2762 1239 2783 a
1264 2752 1404 2783 Billianae
1418 2753 1686 2793 interpretationis
1709 2752 1784 2783 anni
1811 2753 1889 2782 1583

186 2799 411 2830 Parisiensibus
425 2800 606 2838 editoribus,
625 2803 692 2831 tum
707 2801 739 2831 in
764 2802 959 2841 praefatione,
976 2806 1043 2833 tum
1059 2803 1090 2833 in
1104 2802 1197 2839 notis,
1214 2802 1247 2832 in
1263 2801 1378 2841 quibus
1393 2802 1579 2842 plerumque
1597 2802 1770 2833 acrioribus
1787 2801 1889 2832 verbis

187 2848 329 2891 repulsus
342 2852 373 2880 et
386 2849 559 2889 increpitus
581 2852 637 2881 est.
655 2850 690 2880 In
713 2851 841 2882 tertium
870 2854 902 2883 et
928 2851 1074 2884 ultimum
1101 2855 1233 2889 tomum,
1254 2862 1270 2879 «
1286 2851 1340 2892 qui
1369 2854 1462 2888 totus,
1481 2862 1494 2881 ο
1513 2851 1616 2893 inquit
1646 2850 1886 2893 Leuvenklaius,
