2026 3138
110 182 147 212 15
580 194 584 197 -
617 178 758 208 ΡΒιΕΕΑ
764 178 828 208 TlO
853 177 910 208 OE}

1012 178 1084 209 LIS.
1098 193 1138 202 —
1155 178 1254 209 PARS
1276 178 1301 208 Ι.
1772 178 1807 208 16

108 247 217 278 itidem
233 248 339 276 noster
354 248 411 283 est,
426 255 440 273 υ
460 253 496 274 ea
508 244 602 275 refert
616 244 756 282 Gregorii
772 246 927 283 poemata,
945 252 1015 282 qum
1040 244 1192 275 hactenus
1215 254 1278 275 non
1302 247 1392 275 erant
1416 244 1485 275 luce
1508 245 1636 275 donata.
1651 245 1808 275 Praeterea

109 296 224 327 Nicetes
240 294 499 326 commentarium
520 293 551 323 in
581 293 721 331 Gregorii
746 292 928 329 sententias,
945 295 1010 323 tam
1039 293 1200 332 quaternis
1215 303 1309 333 quam
1339 293 1469 333 singulis
1488 294 1628 324 versibus
1656 294 1802 330 inclusas,

108 346 235 385 adjecit,
252 348 284 375 et
311 344 471 382 egregium
501 342 594 372 Pselli
618 341 784 372 Christiani
812 341 992 381 philosophi
1008 342 1045 372 de
1073 342 1248 372 difﬁcilium
1265 342 1450 373 Nazianzeni
1474 342 1614 373 locorum
1643 343 1805 373 intellectu

109 394 222 424 librum
237 404 244 423 :
261 393 389 423 demum
404 391 557 431 dialogos,
575 400 653 430 quos
668 390 801 420 Caesario
817 390 895 421 falso
911 391 1062 430 ascriptos
1077 400 1115 421 ne
1130 391 1257 430 quidem
1272 391 1458 430 suspicatur.

147 443 248 474 Julius
265 441 415 473 Gabrielis
428 440 612 479 Eugubinus
627 443 689 469 tres
702 440 842 478 Gregorii
857 439 1024 475 orationes,
1042 441 1072 469 1°
1087 440 1321 480 Apologeticum,
1338 442 1369 470 2°
1386 440 1430 470 De
1453 450 1553 470 amore
1564 449 1636 480 erga
1647 450 1803 481 paupeies,

109 493 141 521 3°
156 491 193 521 In
216 491 344 522 natalem
358 489 434 520 diem
451 489 616 520 Salvator-is
644 489 749 524 nostri,
766 488 875 518 Latine
899 488 1037 518 redditas
1064 489 1161 518 edidit
1190 497 1272 519 anno
1299 490 1386 525 1573,
1404 490 1597 529 Antuerpiaa,
1613 490 1695 529 typis
1711 490 1804 518 Plan-

109 540 247 576 tinianis,
263 539 358 569 in-8°:
376 547 454 577 quas
469 538 562 568 etiam
579 537 716 573 scholiis,
734 537 797 566 sive
812 537 1044 567 commentariis
1059 537 1237 567 illustravit.
1254 538 1381 568 Addidit
1396 540 1548 577 praeterea
1571 538 1806 568 emcndationes

111 598 147 619 ex
165 588 271 618 multis
285 587 502 618 vetustissimis
517 595 551 617 ac
582 586 809 626 prohatissimis
838 586 1069 625 exemplaribus
1097 589 1202 617 erutas
1228 586 1260 616 in
1278 587 1384 617 Graeca
1410 587 1515 618 omnia
1531 586 1670 626 Gregorii
1697 595 1805 626 opera,

110 647 180 676 quae
195 636 330 667 editione
343 635 473 667 Basileae
488 635 563 665 anni
586 635 663 665 1550
677 634 886 665 continentur.
903 635 1037 665 Praefixa
1056 638 1103 666 est
1117 636 1347 675 nuncupatoria
1367 636 1503 666 Antonio
1518 636 1638 666 Carafae
1655 635 1808 666 cardinali

109 685 252 725 epistola.

148 734 283 765 Billiana
297 733 397 764 versio
412 733 525 763 iterum
541 732 666 763 Parisiis
681 732 766 771 apud
781 732 948 762 Nivellium
969 736 1000 763 et
1015 732 1177 762 Nicolaum
1199 732 1370 770 Chesneau,
1388 742 1470 763 anno
1500 734 1587 770 1583,
1604 743 1643 764 ex
1671 733 1807 765 secunda

107 783 200 820 Billii,
218 782 443 821 recognitione,
462 782 516 820 qui
539 782 627 820 operi
651 780 839 811 immortuus
864 783 930 811 est:
947 790 1056 810 verum
1081 781 1200 810 auctior
1223 781 1278 811 illa
1301 784 1395 820 atque
1419 782 1613 812 emendatior
1636 791 1746 813 recusa
1760 784 1807 812 est

107 842 183 862 cura
198 834 228 862 et
243 831 346 861 studio
360 830 561 866 Genebrardi,
580 829 633 868 qui
652 838 721 859 eam
747 830 894 868 Gregorio
917 830 983 859 XIII
1011 829 1152 859 Pontiﬁci
1167 830 1292 860 dicavit.
1309 830 1341 859 1n
1366 830 1446 860 duos
1470 831 1615 861 distincta
1630 835 1676 861 est
1691 834 1802 867 tomos,

106 884 236 920 protper
251 889 365 910 novam
384 878 590 918 plurimorum
614 878 765 907 librorum
787 878 1007 908 accessionem.
1026 879 1188 908 Accessere
1213 878 1367 917 siquidem
1391 880 1506 909 Nicetze
1532 880 1680 916 Serronii,
1697 880 1802 915 Pselli,

106 929 182 959 Elite
197 929 349 958 Cretensis
365 927 592 961 commentarii,
608 926 747 965 epistola
763 927 930 966 plusquam
946 930 1070 956 centum
1088 927 1328 966 quinquaginta,
1345 930 1411 956 tam
1427 929 1542 957 Graecae
1562 937 1657 966 quam
1673 928 1802 958 Latinae.

145 980 236 1008 Anno
254 978 342 1013 1753,
358 976 495 1008 Venetiis
509 975 687 1014 sumptibus
715 975 843 1005 Antonii
869 976 960 1005 Zatta
973 976 1081 1005 Latine
1108 975 1293 1014 prodierunt
1318 976 1425 1006 omnia
1454 976 1594 1015 Gregorii
1621 976 1805 1007 Nazianzeni

105 1028 209 1066 Opera
229 1035 267 1056 ex
282 1026 390 1056 eadem
405 1025 547 1055 versione
572 1027 603 1054 et
618 1032 689 1053 cum
704 1023 813 1053 iisdem
838 1024 1071 1053 commentariis
1086 1026 1117 1053 et
1131 1023 1255 1054 scholiis
1269 1033 1276 1060 ;
1292 1024 1405 1063 quibus
1430 1033 1587 1055 accessere
1610 1026 1719 1056 Latine
1734 1028 1804 1055 tan-

107 1078 173 1105 tum
190 1083 261 1115 quae
276 1083 296 1105 a
308 1074 426 1105 Jacobo
439 1073 541 1104 Tollio
556 1076 587 1103 et
602 1072 772 1103 Muratorio
788 1076 922 1112 utraque
937 1072 1046 1111 lingua
1056 1072 1124 1112 jam
1141 1072 1224 1103 edita
1240 1073 1372 1110 fuerant,
1390 1076 1426 1104 ut
1439 1077 1549 1113 postea
1562 1074 1712 1105 dicemus.

747 1212 902 1243 Edt'tione:
923 1212 1168 1244 Graeco-Latinae.

142 1331 281 1361 Primum
297 1332 466 1360 occurrunt
493 1328 633 1367 Gregorii
657 1328 840 1359 Nezianzeni
868 1327 1007 1358 carmina
1035 1328 1074 1358 ad
1095 1328 1173 1359 bene
1202 1328 1356 1368 beateque
1382 1330 1550 1361 vivendum
1580 1331 1757 1369 utilissima,
1785 1340 1802 1363 e

104 1382 211 1411 Graeco
241 1380 273 1409 in
297 1379 439 1409 Latinum
457 1378 497 1408 ad
512 1377 642 1408 verbum
660 1386 809 1407 conversa
833 1378 873 1407 ab
901 1377 979 1407 Aldo
1010 1377 1148 1408 Manutio
1179 1379 1332 1415 Romano,
1348 1382 1379 1409 et
1409 1379 1547 1419 ejusdem
1575 1380 1659 1420 typis
1688 1390 1805 1412 excusa

105 1430 211 1459 Greece
227 1430 258 1457 et
275 1427 394 1457 Latine.
411 1426 560 1463 Venetiis,
578 1434 661 1456 anno
677 1426 764 1462 1504,
784 1426 874 1455 in-4".
891 1425 1081 1455 Laudandus
1095 1426 1203 1461 Aldus,
1221 1427 1274 1466 qui
1291 1427 1411 1466 primus
1426 1431 1547 1467 partem
1573 1428 1712 1468 aliquam
1729 1430 1803 1460 Gre-

105 1478 184 1517 gorii
199 1476 375 1507 carminum
390 1478 511 1506 vertere
525 1474 677 1511 tentavit;
692 1474 837 1514 quamvis
852 1474 934 1504 enim
952 1483 1056 1505 crassa
1071 1478 1102 1505 et
1116 1475 1286 1515 ineleganti
1314 1485 1351 1506 ea
1374 1480 1457 1507 veste
1484 1477 1659 1514 donaverit,
1676 1478 1805 1508 donavit

105 1531 221 1564 tamen,
239 1530 269 1556 et
284 1526 354 1556 aliis
368 1525 450 1556 viam
466 1524 599 1564 aperuit.

147 1575 288 1614 Gregorii
301 1574 446 1614 quaedam
472 1576 502 1604 et
529 1575 638 1604 sancta
652 1573 793 1603 carmina
807 1582 878 1603 cum
906 1573 1035 1604 Joannis
1065 1574 1163 1612 Langi
1191 1573 1293 1605 Silesii
1318 1574 1588 1614 interpretatione,
1605 1578 1635 1606 et
1665 1576 1805 1615 ejusdem

101 1624 199 1663 Langi
213 1626 360 1663 poemata
381 1623 501 1662 aliquot
515 1622 713 1652 Christiana:
731 1621 869 1658 Basileae,
889 1622 977 1659 1361,
994 1622 1089 1658 in-8°,
1106 1631 1163 1661 per
1176 1622 1329 1653 Joannem
1345 1623 1529 1662 Oporinum.
1549 1625 1663 1655 Versus
1681 1625 1806 1655 Graecos

103 1672 220 1704 Latinis
237 1672 368 1702 totidem
384 1672 523 1701 versibus
539 1680 602 1700 non
618 1670 848 1709 inelegantibus
863 1670 966 1700 reddit
979 1670 1143 1710 interpres.

142 1724 232 1752 Anno
249 1721 336 1756 1568,
355 1720 506 1750 Henricus
521 1719 701 1758 Stephanus
719 1720 751 1748 in
780 1719 883 1749 lucem
911 1718 1025 1755 emisit,
1043 1728 1115 1749 cum
1145 1718 1268 1758 Synesii
1296 1719 1433 1759 hymnis,
1450 1720 1590 1760 Gregorii
1618 1722 1804 1752 Nazianzeni

104 1770 180 1800 odas
197 1770 318 1808 aliquot
332 1769 438 1799 Greece
452 1770 483 1798 et
498 1768 617 1804 Latine,
635 1777 673 1797 ex
687 1767 829 1797 versione
844 1770 875 1797 et
889 1776 959 1797 cum
975 1767 1057 1796 notis
1072 1767 1228 1797 Francisci
1245 1768 1347 1798 Porti:
1365 1769 1502 1806 Parisiis,
1518 1768 1607 1800 in-24
1623 1769 1675 1810 (α).

144 1818 260 1848 ibidem
275 1826 358 1847 anno
376 1817 461 1853 1570,
479 1817 615 1846 Joannes
630 1817 806 1846 Benenatus
836 1815 976 1854 vulgavit
991 1815 1131 1855 Gregorii
1155 1816 1339 1846 Nazianzeni
1364 1817 1442 1847 odas
1470 1818 1588 1854 Graece,
1606 1827 1677 1848 cum
1695 1819 1806 1849 Latina

103 1867 255 1903 versione,
271 1866 348 1896 in-8‘l
365 1864 415 1905 (ὁ).
433 1865 562 1898 Ibidem.
580 1864 719 1903 Gregorii
737 1864 922 1893 Nazianzeni
936 1863 1005 1893 odae
1021 1864 1142 1903 aliquot
1155 1865 1260 1894 Graece
1276 1867 1307 1894 et
1323 1866 1442 1902 Latine,
1460 1875 1499 1896 ex
1523 1866 1666 1897 versione
1690 1869 1805 1897 etcum

35 1916 42 1919 ’
103 1916 185 1945 notis
199 1914 355 1945 Franscici
370 1914 469 1949 Porti,
485 1914 571 1952 apud
587 1913 751 1944 Claudium
769 1913 943 1948 Moralium,
963 1913 1052 1945 1618.
1065 1913 1155 1942 in-21

143 1963 300 2003 Opuscula
316 1962 461 2001 quaedam
480 1965 554 1991 tunc
570 1961 705 2000 primum
722 1961 753 1990 in
770 1961 869 1990 lucem
890 1961 984 1997 edita,
1002 1962 1128 2000 aliaque
1151 1961 1225 1991 item
1253 1962 1392 1992 versibus
1415 1963 1547 1999 reddita,
1565 1973 1743 2003 magnaque
1768 1973 1806 1994 ex

103 2016 193 2052 parte
208 2012 279 2052 Cyri
294 2011 503 2050 Dadybrensis
518 2010 657 2049 episcopi
672 2010 905 2040 commentariis
920 2010 1087 2047 illustrata,
1107 2019 1177 2039 cum
1194 2011 1311 2050 praevia
1326 2011 1458 2050 epistola
1478 2012 1518 2041 ad
1534 2012 1723 2042 cardinalem
1740 2013 1805 2043 Sir—

103 2062 212 2098 letum,
230 2061 400 2099 interprete
414 2059 533 2090 Jacobo
549 2059 650 2095 Billio,
668 2059 761 2095 in-8°,
781 2060 869 2095 1575,
884 2059 1021 2096 Parisiis,
1037 2059 1121 2098 apud
1137 2059 1290 2090 Joannem
1307 2061 1510 2090 Beneuatum.

149 2112 239 2140 Anno
257 2111 344 2145 1582,
361 2109 473 2148 Lipsiae
490 2109 571 2148 typis
585 2108 714 2139 Joannis
730 2108 868 2138 Steiman
886 2108 1000 2147 prodiit
1015 2109 1092 2139 iii-8°
1108 2107 1162 2148 (ά),
1180 2108 1280 2138 oratio
1306 2109 1446 2148 Gregorii
1462 2110 1644 2141 Nazianzeni
1670 2110 1716 2141 De
1731 2110 1806 2141 Pen-

107 2164 208 2190 tecoste
224 2159 329 2188 Graece
344 2160 375 2187 et
391 2157 509 2193 Latine,
526 2166 562 2187 ex
579 2157 714 2187 editione
729 2160 760 2186 et
774 2166 845 2187 cum
861 2157 988 2186 scholiis
1003 2157 1134 2186 Mattliei
1149 2156 1296 2187 Dresseri.

145 2208 235 2237 Anno
251 2207 340 2241 1591,
358 2207 391 2236 S.
408 2205 549 2244 Gregorii
566 2205 751 2235 Nazianzeni
774 2205 970 2235 deﬁnitiones
996 2214 1099 2234 rerum
1124 2204 1281 2243 simplices
1305 2205 1415 2236 incerti
1440 2206 1588 2243 auctoris,
1616 2210 1648 2237 et
1680 2207 1809 2238 Maximi

106 2255 252 2287 monachi
268 2254 476 2291 deﬁnitiones,
493 2256 598 2285 Graece
613 2258 644 2284 et
658 2254 766 2284 Latine
781 2263 818 2283 ex
835 2254 976 2284 versione
992 2253 1122 2284 Joannis
1139 2253 1350 2290 Leuvenklaii,
1369 2264 1406 2285 ex
1422 2255 1558 2285 editione
1574 2259 1606 2286 et
1628 2265 1700 2286 cum
1726 2257 1808 2287 notis

102 2305 229 2336 Davidis
244 2304 430 2335 Hoeschelii:
449 2303 675 2342 Heidelbergae,
691 2312 726 2333 ex
744 2303 871 2333 ofﬁcina
886 2303 1125 2332 Santandreana
1143 2302 1220 2332 in-8“
1236 2302 1286 2342 (ρ).

141 2356 230 2384 Anno
247 2354 334 2389 1596,
353 2352 454 2382 Nonni
484 2352 738 2390 Panopolitani...
755 2354 786 2381 et
810 2352 841 2382 S.
860 2351 1006 2390 Gregorri
1031 2351 1213 2381 Nazianzeni
1236 2351 1431 2387 tetrasticha,
1459 2352 1604 2390 disticha,
1628 2353 1803 2384 monastica

102 2402 243 2433 carmina
257 2411 328 2432 cum
346 2402 487 2431 versione
502 2401 613 2431 Latina
627 2410 643 2431 e
660 2400 796 2439 regione,
815 2409 853 2430 ex
864 2400 1123 2438 interpretatione
1140 2399 1271 2429 Erhardi
1283 2399 1467 2430 Hedeneccii
1481 2409 1487 2430 :
1504 2401 1633 2431 Basileaz
1657 2402 1697 2432 ad
1712 2403 1806 2441 Lecy—

103 2452 190 2481 thum
208 2450 502 2485 Valdkirchianum,
519 2449 583 2479 in-S
600 2449 650 2488 (Ι),

141 2503 231 2530 Anno
249 2500 336 2534 1608.
353 2499 493 2537 Gregorii
508 2497 693 2528 Nazianzeni
719 2496 897 2532 Threnodz'a,
915 2506 969 2527 seu
994 2496 1173 2536 poemation
1198 2496 1374 2536 elegiacum
1399 2497 1439 2527 de
1461 2496 1558 2528 animi
1575 2497 1623 2528 sui
1638 2498 1802 2528 affectibus

100 2552 131 2580 et
146 2548 288 2586 miseriis,
305 2549 410 2579 Greece
425 2551 456 2578 et
469 2547 577 2577 Latine
591 2555 597 2576 :
614 2546 799 2585 Ingolstadt,
818 2546 916 2576 Adam
932 2546 1086 2584 Saturius,
1104 2546 1193 2583 1608,
1210 2545 1301 2575 in-8°.

137 2714 177 2752 (α)
191 2713 251 2741 Cat.
282 2712 345 2741 Bib.
362 2713 444 2749 Reg.,
460 2713 530 2739 tom.
548 2714 568 2746 Ι,
586 2719 652 2748 pag.
680 2711 743 2746 360,
760 2720 812 2741 suc
839 2720 921 2740 num.
1014 2710 1051 2752 (ἀ)
1170 2719 1198 2738 n.

102 2746 171 2777 302(
405 2746 419 2749 ”
438 2746 441 2747 ⁷
586 2746 595 2748 Ὗ
627 2746 638 2748 Ὗ
1015 2746 1051 2782 (e)
1067 2746 1151 2782 Ibid.,
1167 2755 1196 2774 n.
1212 2747 1265 2774 208
1279 2748 1308 2774 et
1323 2755 1352 2775 n.
1367 2746 1431 2774 258.

149 2785 174 2819 b)
190 2784 275 2819 Ibid.,
292 2793 321 2812 n.
337 2784 400 2811 303.
1016 2782 1049 2819 (ι)
1065 2782 1151 2819 Ibid.,
1164 2791 1192 2810 n.
1207 2783 1270 2811 230.

149 2785 164 2813 b
190 2785 264 2812 Ibid.
292 2793 321 2812 n.
337 2785 389 2811 303

136 2785 174 2861 ἱεέ
188 2806 275 2858 Ibid.,,
285 2829 314 2848 n.
330 2820 393 2849 304.
