  <div class='ocr_page' id='page_1' title='image "/cluster/home/n/w/nwhite01/storage/ocr_20150623/35/mdp.39015012934389/012.png"; bbox 0 0 4052 6276; ppageno 0'>
   <div class='ocr_carea' id='block_1_1' title="bbox 404 439 2004 504">
    <p class='ocr_par' dir='ltr' id='par_1_1' title="bbox 404 440 2004 503">
     <span class='ocr_line' id='line_1_1' title="bbox 404 440 2004 503; baseline 0.002 -5"><span class='ocrx_word' id='word_1_1' title='bbox 404 440 474 498; x_wconf 80' lang='grc'><strong>1⁵1</strong></span> <span class='ocrx_word' id='word_1_2' title='bbox 1418 441 1838 503; x_wconf 72' lang='grc' dir='ltr'><strong>ΡΒιΕΕΑΤΙΟ</strong></span> <span class='ocrx_word' id='word_1_3' title='bbox 1884 441 2004 501; x_wconf 85' lang='lat' dir='ltr'><strong>GEI</strong></span> 
     </span>
    </p>
   </div>
   <div class='ocr_carea' id='block_1_2' title="bbox 2201 439 3801 504">
    <p class='ocr_par' dir='ltr' id='par_1_2' title="bbox 2204 439 3801 504">
     <span class='ocr_line' id='line_1_2' title="bbox 2204 439 3801 504; baseline 0.001 -3"><span class='ocrx_word' id='word_1_4' title='bbox 2204 441 2347 501; x_wconf 67' lang='grc' dir='ltr'><strong>[λε.</strong></span> <span class='ocrx_word' id='word_1_5' title='bbox 2380 475 2456 484; x_wconf 94' lang='grc'><strong>-</strong></span> <span class='ocrx_word' id='word_1_6' title='bbox 2486 442 2687 504; x_wconf 82' lang='lat' dir='ltr'><strong>PARS</strong></span> <span class='ocrx_word' id='word_1_7' title='bbox 2731 442 2783 501; x_wconf 86' lang='grc' dir='ltr'><strong>Ι.</strong></span> <span class='ocrx_word' id='word_1_8' title='bbox 3727 439 3801 502; x_wconf 87' lang='grc'><strong>18</strong></span> 
     </span>
    </p>
   </div>
   <div class='ocr_carea' id='block_1_3' title="bbox 474 569 3799 653">
    <p class='ocr_par' dir='ltr' id='par_1_3' title="bbox 474 569 3799 653">
     <span class='ocr_line' id='line_1_3' title="bbox 474 569 3799 653; baseline -0.001 -20"><span class='ocrx_word' id='word_1_9' title='bbox 474 576 654 633; x_wconf 86' lang='lat' dir='ltr'><strong>Anno</strong></span> <span class='ocrx_word' id='word_1_10' title='bbox 706 573 883 650; x_wconf 91' lang='grc'>1619,</span> <span class='ocrx_word' id='word_1_11' title='bbox 931 573 1229 653; x_wconf 62' lang='lat' dir='ltr'><strong>Epistolas</strong></span> <span class='ocrx_word' id='word_1_12' title='bbox 1276 575 1559 653; x_wconf 82' lang='lat' dir='ltr'><strong>Gregorii</strong></span> <span class='ocrx_word' id='word_1_13' title='bbox 1605 575 2014 637; x_wconf 87' lang='lat' dir='ltr'><strong>Nazianzeni:</strong></span> <span class='ocrx_word' id='word_1_14' title='bbox 2068 574 2435 653; x_wconf 80' lang='lat' dir='ltr'><strong>Ingolstadt.</strong></span> <span class='ocrx_word' id='word_1_15' title='bbox 2499 574 2979 653; x_wconf 77' lang='lat' dir='ltr'><strong>Elegantissime.</strong></span> <span class='ocrx_word' id='word_1_16' title='bbox 3030 574 3166 635; x_wconf 81' lang='lat' dir='ltr'><strong>haec</strong></span> <span class='ocrx_word' id='word_1_17' title='bbox 3218 579 3311 634; x_wconf 89' lang='lat' dir='ltr'><strong>est</strong></span> <span class='ocrx_word' id='word_1_18' title='bbox 3374 569 3799 651; x_wconf 83' lang='lat' dir='ltr'><strong>Epistolarum</strong></span> 
     </span>
    </p>
   </div>
   <div class='ocr_carea' id='block_1_4' title="bbox 394 670 605 731">
    <p class='ocr_par' dir='ltr' id='par_1_4' title="bbox 394 670 605 731">
     <span class='ocr_line' id='line_1_4' title="bbox 394 670 605 731; baseline -0.009 -1"><span class='ocrx_word' id='word_1_19' title='bbox 394 670 605 731; x_wconf 82' lang='lat' dir='ltr'><strong>editio.</strong></span> 
     </span>
    </p>
   </div>
   <div class='ocr_carea' id='block_1_5' title="bbox 470 766 2070 850">
    <p class='ocr_par' dir='ltr' id='par_1_5' title="bbox 470 769 2070 850">
     <span class='ocr_line' id='line_1_5' title="bbox 470 769 2070 850; baseline 0.002 -22"><span class='ocrx_word' id='word_1_20' title='bbox 470 770 650 829; x_wconf 82' lang='lat' dir='ltr'><strong>Anno</strong></span> <span class='ocrx_word' id='word_1_21' title='bbox 682 769 840 829; x_wconf 79' lang='grc'><strong>1658</strong></span> <span class='ocrx_word' id='word_1_22' title='bbox 888 769 1123 850; x_wconf 89' lang='lat' dir='ltr'><strong>prodiit</strong></span> <span class='ocrx_word' id='word_1_23' title='bbox 1151 770 1328 847; x_wconf 90' lang='lat' dir='ltr'><strong>liber,</strong></span> <span class='ocrx_word' id='word_1_24' title='bbox 1382 771 1482 831; x_wconf 91' lang='lat' dir='ltr'><strong>cui</strong></span> <span class='ocrx_word' id='word_1_25' title='bbox 1529 772 1748 833; x_wconf 79' lang='lat' dir='ltr'><strong>titulus</strong></span> <span class='ocrx_word' id='word_1_26' title='bbox 1778 776 2070 850; x_wconf 67' lang='grc' dir='ltr'><strong>Ἐμπύρευι</strong></span> 
     </span>
    </p>
   </div>
   <div class='ocr_carea' id='block_1_6' title="bbox 2200 766 3800 850">
    <p class='ocr_par' dir='ltr' id='par_1_6' title="bbox 2200 766 3800 848">
     <span class='ocr_line' id='line_1_6' title="bbox 2200 766 3800 848; baseline -0.002 -17"><span class='ocrx_word' id='word_1_27' title='bbox 2200 771 2454 848; x_wconf 68' lang='grc' dir='ltr'><strong>Βσεϐείας,</strong></span> <span class='ocrx_word' id='word_1_28' title='bbox 2489 770 2664 831; x_wconf 90' lang='lat' dir='ltr'><strong>varia</strong></span> <span class='ocrx_word' id='word_1_29' title='bbox 2693 789 2770 830; x_wconf 83' lang='lat' dir='ltr'><strong>ex</strong></span> <span class='ocrx_word' id='word_1_30' title='bbox 2818 769 3109 831; x_wconf 91' lang='lat' dir='ltr'><strong>Patribus</strong></span> <span class='ocrx_word' id='word_1_31' title='bbox 3154 768 3382 829; x_wconf 79' lang='lat' dir='ltr'><strong>Graecis</strong></span> <span class='ocrx_word' id='word_1_32' title='bbox 3412 766 3800 828; x_wconf 83' lang='lat' dir='ltr'><strong>collectanea</strong></span> 
     </span>
    </p>
   </div>
   <div class='ocr_carea' id='block_1_7' title="bbox 391 864 3796 947">
    <p class='ocr_par' dir='ltr' id='par_1_7' title="bbox 391 864 3796 947">
     <span class='ocr_line' id='line_1_7' title="bbox 391 864 3796 947; baseline 0.001 -22"><span class='ocrx_word' id='word_1_33' title='bbox 391 864 715 938; x_wconf 82' lang='lat' dir='ltr'><strong>exhibens,</strong></span> <span class='ocrx_word' id='word_1_34' title='bbox 772 874 964 946; x_wconf 90' lang='lat' dir='ltr'><strong>atque</strong></span> <span class='ocrx_word' id='word_1_35' title='bbox 1016 867 1177 928; x_wconf 89' lang='lat' dir='ltr'><strong>inter</strong></span> <span class='ocrx_word' id='word_1_36' title='bbox 1230 886 1304 928; x_wconf 91' lang='lat' dir='ltr'><strong>ea</strong></span> <span class='ocrx_word' id='word_1_37' title='bbox 1366 892 1397 925; x_wconf 89' lang='lat'>«</span> <span class='ocrx_word' id='word_1_38' title='bbox 1454 870 1738 947; x_wconf 82' lang='lat' dir='ltr'><strong>Gregorii</strong></span> <span class='ocrx_word' id='word_1_39' title='bbox 1794 868 2165 929; x_wconf 87' lang='lat' dir='ltr'><strong>Nazianzeni</strong></span> <span class='ocrx_word' id='word_1_40' title='bbox 2237 868 2518 929; x_wconf 83' lang='lat' dir='ltr'><strong>carmina</strong></span> <span class='ocrx_word' id='word_1_41' title='bbox 2594 868 2964 946; x_wconf 68' lang='lat' dir='ltr'><strong>qutedam...</strong></span> <span class='ocrx_word' id='word_1_42' title='bbox 3014 892 3045 923; x_wconf 87' lang='lat'>»</span> <span class='ocrx_word' id='word_1_43' title='bbox 3108 868 3331 928; x_wconf 85' lang='lat' dir='ltr'><strong>Omnia</strong></span> <span class='ocrx_word' id='word_1_44' title='bbox 3387 870 3597 928; x_wconf 76' lang='lat' dir='ltr'><strong>Graece</strong></span> <span class='ocrx_word' id='word_1_45' title='bbox 3654 885 3796 927; x_wconf 92' lang='lat' dir='ltr'><strong>cum</strong></span> 
     </span>
    </p>
   </div>
   <div class='ocr_carea' id='block_1_8' title="bbox 391 962 3792 1046">
    <p class='ocr_par' dir='ltr' id='par_1_8' title="bbox 391 962 3792 1046">
     <span class='ocr_line' id='line_1_8' title="bbox 391 962 3792 1046; baseline 0.001 -25"><span class='ocrx_word' id='word_1_46' title='bbox 391 962 876 1041; x_wconf 89' lang='lat' dir='ltr'><strong>interpetatione</strong></span> <span class='ocrx_word' id='word_1_47' title='bbox 904 965 1127 1025; x_wconf 89' lang='lat' dir='ltr'><strong>Latina</strong></span> <span class='ocrx_word' id='word_1_48' title='bbox 1155 971 1216 1025; x_wconf 89' lang='lat' dir='ltr'><strong>et</strong></span> <span class='ocrx_word' id='word_1_49' title='bbox 1262 984 1338 1025; x_wconf 89' lang='lat' dir='ltr'><strong>ex</strong></span> <span class='ocrx_word' id='word_1_50' title='bbox 1368 966 1641 1027; x_wconf 85' lang='lat' dir='ltr'><strong>editione</strong></span> <span class='ocrx_word' id='word_1_51' title='bbox 1679 966 1937 1028; x_wconf 85' lang='lat' dir='ltr'><strong>Joannis</strong></span> <span class='ocrx_word' id='word_1_52' title='bbox 1994 965 2255 1046; x_wconf 90' lang='lat' dir='ltr'><strong>Gaspari</strong></span> <span class='ocrx_word' id='word_1_53' title='bbox 2305 965 2579 1026; x_wconf 87' lang='lat' dir='ltr'><strong>Suiceri:</strong></span> <span class='ocrx_word' id='word_1_54' title='bbox 2634 966 2871 1044; x_wconf 91' lang='lat' dir='ltr'><strong>Tiguri,</strong></span> <span class='ocrx_word' id='word_1_55' title='bbox 2924 967 3107 1026; x_wconf 90' lang='lat' dir='ltr'><strong>Joan.</strong></span> <span class='ocrx_word' id='word_1_56' title='bbox 3157 965 3374 1026; x_wconf 90' lang='lat' dir='ltr'><strong>Jacob.</strong></span> <span class='ocrx_word' id='word_1_57' title='bbox 3426 964 3792 1037; x_wconf 90' lang='lat' dir='ltr'><strong>Bodmerus,</strong></span> 
     </span>
    </p>
   </div>
   <div class='ocr_carea' id='block_1_9' title="bbox 389 1059 703 1120">
    <p class='ocr_par' dir='ltr' id='par_1_9' title="bbox 389 1059 703 1120">
     <span class='ocr_line' id='line_1_9' title="bbox 389 1059 703 1120; baseline 0.006 -2"><span class='ocrx_word' id='word_1_58' title='bbox 389 1059 566 1120; x_wconf 72' lang='lat' dir='ltr'><strong>in-i2</strong></span> <span class='ocrx_word' id='word_1_59' title='bbox 596 1060 703 1120; x_wconf 69' lang='lat' dir='ltr'><strong>(al.</strong></span> 
     </span>
    </p>
   </div>
   <div class='ocr_carea' id='block_1_10' title="bbox 471 1060 3792 1241">
    <p class='ocr_par' dir='ltr' id='par_1_10' title="bbox 471 1060 3792 1241">
     <span class='ocr_line' id='line_1_10' title="bbox 471 1062 703 1120; baseline -0.004 0"><span class='ocrx_word' id='word_1_60' title='bbox 471 1062 566 1120; x_wconf 72' lang='grc'><strong>-12</strong></span> <span class='ocrx_word' id='word_1_61' title='bbox 620 1079 657 1120; x_wconf 87' lang='lat' dir='ltr'><strong>a</strong></span> <span class='ocrx_word' id='word_1_62' title='bbox 690 1108 703 1119; x_wconf 91' lang='lat'><strong>.</strong></span> 
     </span>
     <span class='ocr_line' id='line_1_11' title="bbox 471 1060 3792 1241; baseline 0.001 -23"><span class='ocrx_word' id='word_1_63' title='bbox 471 1060 862 1232; x_wconf 63' lang='lat' dir='ltr'><strong>Antio)l696,</strong></span> <span class='ocrx_word' id='word_1_64' title='bbox 901 1158 974 1219; x_wconf 77' lang='grc' dir='ltr'><strong>Β.</strong></span> <span class='ocrx_word' id='word_1_65' title='bbox 1012 1158 1293 1239; x_wconf 78' lang='lat' dir='ltr'><strong>Gregorii</strong></span> <span class='ocrx_word' id='word_1_66' title='bbox 1316 1162 1691 1223; x_wconf 81' lang='lat' dir='ltr'><strong>Nazianzeni</strong></span> <span class='ocrx_word' id='word_1_67' title='bbox 1733 1162 1992 1241; x_wconf 80' lang='lat' dir='ltr'><strong>theologi</strong></span> <span class='ocrx_word' id='word_1_68' title='bbox 2036 1160 2323 1223; x_wconf 84' lang='lat' dir='ltr'><strong>Carmina</strong></span> <span class='ocrx_word' id='word_1_69' title='bbox 2370 1181 2593 1241; x_wconf 82' lang='lat' dir='ltr'><strong>cygnea</strong></span> <span class='ocrx_word' id='word_1_70' title='bbox 2642 1161 2878 1221; x_wconf 87' lang='lat' dir='ltr'><strong>inedita.</strong></span> <span class='ocrx_word' id='word_1_71' title='bbox 2915 1162 3059 1221; x_wconf 59' lang='lat' dir='ltr'><strong>Hac</strong></span> <span class='ocrx_word' id='word_1_72' title='bbox 3088 1160 3487 1222; x_wconf 82' lang='lat' dir='ltr'><strong>continentur</strong></span> <span class='ocrx_word' id='word_1_73' title='bbox 3514 1159 3577 1220; x_wconf 91' lang='lat' dir='ltr'><strong>in</strong></span> <span class='ocrx_word' id='word_1_74' title='bbox 3609 1160 3792 1233; x_wconf 88' lang='lat' dir='ltr'><strong>libro,</strong></span> 
     </span>
    </p>
   </div>
   <div class='ocr_carea' id='block_1_11' title="bbox 391 1255 3229 1340">
    <p class='ocr_par' dir='ltr' id='par_1_11' title="bbox 391 1255 3229 1340">
     <span class='ocr_line' id='line_1_12' title="bbox 391 1255 3229 1340; baseline 0.001 -26"><span class='ocrx_word' id='word_1_75' title='bbox 391 1255 488 1315; x_wconf 87' lang='lat' dir='ltr'><strong>cui</strong></span> <span class='ocrx_word' id='word_1_76' title='bbox 518 1255 776 1315; x_wconf 82' lang='lat' dir='ltr'><strong>titulus:</strong></span> <span class='ocrx_word' id='word_1_77' title='bbox 811 1256 1021 1317; x_wconf 80' lang='lat' dir='ltr'><strong>Jacobi</strong></span> <span class='ocrx_word' id='word_1_78' title='bbox 1056 1258 1235 1319; x_wconf 85' lang='lat' dir='ltr'><strong>Tollii</strong></span> <span class='ocrx_word' id='word_1_79' title='bbox 1261 1261 1516 1340; x_wconf 82' lang='lat' dir='ltr'><strong>insignia</strong></span> <span class='ocrx_word' id='word_1_80' title='bbox 1547 1260 1772 1321; x_wconf 85' lang='lat' dir='ltr'><strong>itineris</strong></span> <span class='ocrx_word' id='word_1_81' title='bbox 1804 1259 2034 1321; x_wconf 88' lang='lat' dir='ltr'><strong>Italici:</strong></span> <span class='ocrx_word' id='word_1_82' title='bbox 2072 1258 2341 1336; x_wconf 81' lang='lat' dir='ltr'><strong>Trajecti</strong></span> <span class='ocrx_word' id='word_1_83' title='bbox 2374 1259 2453 1319; x_wconf 93' lang='lat' dir='ltr'><strong>ad</strong></span> <span class='ocrx_word' id='word_1_84' title='bbox 2488 1258 2796 1330; x_wconf 91' lang='lat' dir='ltr'><strong>Rhenum,</strong></span> <span class='ocrx_word' id='word_1_85' title='bbox 2834 1258 3009 1329; x_wconf 91' lang='grc'>1696,</span> <span class='ocrx_word' id='word_1_86' title='bbox 3050 1258 3229 1317; x_wconf 75' lang='lat' dir='ltr'><strong>in-4°.</strong></span> 
     </span>
    </p>
   </div>
   <div class='ocr_carea' id='block_1_12' title="bbox 468 1353 3795 1437">
    <p class='ocr_par' dir='ltr' id='par_1_12' title="bbox 468 1353 3795 1437">
     <span class='ocr_line' id='line_1_13' title="bbox 468 1353 3795 1437; baseline 0.001 -26"><span class='ocrx_word' id='word_1_87' title='bbox 468 1354 655 1411; x_wconf 88' lang='lat' dir='ltr'><strong>Anno</strong></span> <span class='ocrx_word' id='word_1_88' title='bbox 688 1354 863 1426; x_wconf 89' lang='grc'>1709,</span> <span class='ocrx_word' id='word_1_89' title='bbox 919 1355 1219 1431; x_wconf 86' lang='lat' dir='ltr'><strong>carmina,</strong></span> <span class='ocrx_word' id='word_1_90' title='bbox 1256 1358 1383 1418; x_wconf 86' lang='lat' dir='ltr'><strong>sive</strong></span> <span class='ocrx_word' id='word_1_91' title='bbox 1413 1359 1872 1437; x_wconf 85' lang='lat' dir='ltr'><strong>epigrammata</strong></span> <span class='ocrx_word' id='word_1_92' title='bbox 1902 1373 2165 1419; x_wconf 83' lang='lat' dir='ltr'><strong>ccxxvm</strong></span> <span class='ocrx_word' id='word_1_93' title='bbox 2223 1358 2287 1417; x_wconf 92' lang='lat' dir='ltr'><strong>S.</strong></span> <span class='ocrx_word' id='word_1_94' title='bbox 2323 1356 2605 1433; x_wconf 83' lang='lat' dir='ltr'><strong>Gregorii</strong></span> <span class='ocrx_word' id='word_1_95' title='bbox 2664 1356 3069 1416; x_wconf 89' lang='lat' dir='ltr'><strong>Nazianzeni:</strong></span> <span class='ocrx_word' id='word_1_96' title='bbox 3107 1354 3366 1430; x_wconf 86' lang='lat' dir='ltr'><strong>Patavii,</strong></span> <span class='ocrx_word' id='word_1_97' title='bbox 3409 1354 3599 1413; x_wconf 76' lang='lat' dir='ltr'><strong>in-4°.</strong></span> <span class='ocrx_word' id='word_1_98' title='bbox 3632 1353 3795 1414; x_wconf 90' lang='lat' dir='ltr'><strong>inter</strong></span> 
     </span>
    </p>
   </div>
   <div class='ocr_carea' id='block_1_13' title="bbox 388 1447 3793 1531">
    <p class='ocr_par' dir='ltr' id='par_1_13' title="bbox 388 1447 3793 1531">
     <span class='ocr_line' id='line_1_14' title="bbox 388 1447 3793 1531; baseline 0.001 -22"><span class='ocrx_word' id='word_1_99' title='bbox 388 1447 692 1510; x_wconf 73' lang='lat' dir='ltr'><strong>Anecdota</strong></span> <span class='ocrx_word' id='word_1_100' title='bbox 773 1449 1021 1525; x_wconf 51' lang='lat' dir='ltr'><strong>Greca,</strong></span> <span class='ocrx_word' id='word_1_101' title='bbox 1081 1470 1224 1531; x_wconf 66' lang='lat' dir='ltr'><strong>quas</strong></span> <span class='ocrx_word' id='word_1_102' title='bbox 1301 1454 1609 1514; x_wconf 82' lang='lat' dir='ltr'><strong>Antonius</strong></span> <span class='ocrx_word' id='word_1_103' title='bbox 1667 1453 2082 1528; x_wconf 89' lang='lat' dir='ltr'><strong>Muratorius,</strong></span> <span class='ocrx_word' id='word_1_104' title='bbox 2158 1452 2333 1513; x_wconf 90' lang='lat' dir='ltr'><strong>ducis</strong></span> <span class='ocrx_word' id='word_1_105' title='bbox 2393 1452 2646 1512; x_wconf 67' lang='lat' dir='ltr'><strong>Mutinae</strong></span> <span class='ocrx_word' id='word_1_106' title='bbox 2722 1452 3275 1524; x_wconf 89' lang='lat' dir='ltr'><strong>bibliothecarius,</strong></span> <span class='ocrx_word' id='word_1_107' title='bbox 3334 1451 3570 1530; x_wconf 87' lang='lat' dir='ltr'><strong>publici</strong></span> <span class='ocrx_word' id='word_1_108' title='bbox 3631 1450 3793 1529; x_wconf 85' lang='lat' dir='ltr'><strong>juris</strong></span> 
     </span>
    </p>
   </div>
   <div class='ocr_carea' id='block_1_14' title="bbox 387 1546 557 1607">
    <p class='ocr_par' dir='ltr' id='par_1_14' title="bbox 387 1546 557 1607">
     <span class='ocr_line' id='line_1_15' title="bbox 387 1546 557 1607; baseline 0.012 -2"><span class='ocrx_word' id='word_1_109' title='bbox 387 1546 557 1607; x_wconf 89' lang='lat' dir='ltr'><strong>fecit.</strong></span> 
     </span>
    </p>
   </div>
   <div class='ocr_carea' id='block_1_15' title="bbox 470 1646 3789 1729">
    <p class='ocr_par' dir='ltr' id='par_1_15' title="bbox 470 1646 3789 1729">
     <span class='ocr_line' id='line_1_16' title="bbox 470 1646 3789 1729; baseline 0.002 -27"><span class='ocrx_word' id='word_1_110' title='bbox 470 1646 653 1704; x_wconf 85' lang='lat' dir='ltr'><strong>Anno</strong></span> <span class='ocrx_word' id='word_1_111' title='bbox 684 1646 865 1721; x_wconf 89' lang='grc'>1716,</span> <span class='ocrx_word' id='word_1_112' title='bbox 896 1647 1160 1708; x_wconf 92' lang='lat' dir='ltr'><strong>collecta</strong></span> <span class='ocrx_word' id='word_1_113' title='bbox 1187 1648 1260 1718; x_wconf 93' lang='lat' dir='ltr'><strong>D,</strong></span> <span class='ocrx_word' id='word_1_114' title='bbox 1295 1649 1574 1727; x_wconf 86' lang='lat' dir='ltr'><strong>Gregorii</strong></span> <span class='ocrx_word' id='word_1_115' title='bbox 1630 1648 2001 1710; x_wconf 86' lang='lat' dir='ltr'><strong>Nazianzeni</strong></span> <span class='ocrx_word' id='word_1_116' title='bbox 2054 1647 2327 1729; x_wconf 86' lang='lat' dir='ltr'><strong>plurima</strong></span> <span class='ocrx_word' id='word_1_117' title='bbox 2376 1652 2670 1726; x_wconf 87' lang='lat' dir='ltr'><strong>poemata</strong></span> <span class='ocrx_word' id='word_1_118' title='bbox 2726 1646 2788 1705; x_wconf 91' lang='lat' dir='ltr'><strong>in</strong></span> <span class='ocrx_word' id='word_1_119' title='bbox 2846 1646 3135 1707; x_wconf 90' lang='lat' dir='ltr'><strong>Latinum</strong></span> <span class='ocrx_word' id='word_1_120' title='bbox 3177 1663 3501 1720; x_wconf 89' lang='lat' dir='ltr'><strong>conversa,</strong></span> <span class='ocrx_word' id='word_1_121' title='bbox 3534 1651 3789 1707; x_wconf 90' lang='lat' dir='ltr'><strong>auctore</strong></span> 
     </span>
    </p>
   </div>
   <div class='ocr_carea' id='block_1_16' title="bbox 386 1740 1584 1824">
    <p class='ocr_par' dir='ltr' id='par_1_16' title="bbox 386 1740 1584 1824">
     <span class='ocr_line' id='line_1_17' title="bbox 386 1740 1584 1824; baseline 0.005 -24"><span class='ocrx_word' id='word_1_122' title='bbox 386 1740 683 1821; x_wconf 80' lang='lat' dir='ltr'><strong>Dionysio</strong></span> <span class='ocrx_word' id='word_1_123' title='bbox 726 1743 1058 1824; x_wconf 88' lang='lat' dir='ltr'><strong>Gaullyer:</strong></span> <span class='ocrx_word' id='word_1_124' title='bbox 1088 1745 1360 1822; x_wconf 87' lang='lat' dir='ltr'><strong>Parisiis,</strong></span> <span class='ocrx_word' id='word_1_125' title='bbox 1393 1746 1584 1806; x_wconf 80' lang='lat' dir='ltr'><strong>in-l2.</strong></span> 
     </span>
    </p>
   </div>
   <div class='ocr_carea' id='block_1_17' title="bbox 1622 1965 2547 2048">
    <p class='ocr_par' dir='ltr' id='par_1_17' title="bbox 1622 1965 2547 2048">
     <span class='ocr_line' id='line_1_18' title="bbox 1622 1965 2547 2048; baseline 0.001 -21"><span class='ocrx_word' id='word_1_126' title='bbox 1622 1965 1685 2027; x_wconf 88' lang='grc' dir='ltr'><em>Ε</em></span> <span class='ocrx_word' id='word_1_127' title='bbox 1688 1965 1929 2027; x_wconf 87' lang='lat' dir='ltr'><strong>ditiones</strong></span> <span class='ocrx_word' id='word_1_128' title='bbox 1983 1966 2238 2048; x_wconf 83' lang='lat' dir='ltr'><strong>Vulgari</strong></span> <span class='ocrx_word' id='word_1_129' title='bbox 2262 1986 2547 2029; x_wconf 80' lang='lat' dir='ltr'><strong>sermone.</strong></span> 
     </span>
    </p>
   </div>
   <div class='ocr_carea' id='block_1_18' title="bbox 468 2178 3786 2263">
    <p class='ocr_par' dir='ltr' id='par_1_18' title="bbox 468 2178 3786 2263">
     <span class='ocr_line' id='line_1_19' title="bbox 468 2178 3786 2263; baseline 0.001 -24"><span class='ocrx_word' id='word_1_130' title='bbox 468 2178 790 2254; x_wconf 79' lang='lat' dir='ltr'><strong>Quatrains</strong></span> <span class='ocrx_word' id='word_1_131' title='bbox 814 2181 1179 2243; x_wconf 68' lang='lat' dir='ltr'><strong>sententiam:</strong></span> <span class='ocrx_word' id='word_1_132' title='bbox 1206 2181 1276 2241; x_wconf 87' lang='lat' dir='ltr'><strong>de</strong></span> <span class='ocrx_word' id='word_1_133' title='bbox 1306 2181 1378 2243; x_wconf 91' lang='lat' dir='ltr'><strong>S.</strong></span> <span class='ocrx_word' id='word_1_134' title='bbox 1416 2180 1702 2260; x_wconf 85' lang='lat' dir='ltr'><strong>Gre&#39;goire</strong></span> <span class='ocrx_word' id='word_1_135' title='bbox 1729 2182 1800 2242; x_wconf 84' lang='lat' dir='ltr'><strong>de</strong></span> <span class='ocrx_word' id='word_1_136' title='bbox 1829 2182 2153 2257; x_wconf 83' lang='lat' dir='ltr'><strong>Nazianze,</strong></span> <span class='ocrx_word' id='word_1_137' title='bbox 2184 2202 2322 2244; x_wconf 89' lang='lat' dir='ltr'><strong>avec</strong></span> <span class='ocrx_word' id='word_1_138' title='bbox 2348 2202 2461 2242; x_wconf 84' lang='lat' dir='ltr'><strong>une</strong></span> <span class='ocrx_word' id='word_1_139' title='bbox 2490 2181 2680 2242; x_wconf 77' lang='lat' dir='ltr'><strong>brz&#39;éve</strong></span> <span class='ocrx_word' id='word_1_140' title='bbox 2709 2182 3054 2263; x_wconf 68' lang='lat' dir='ltr'><strong>exposition,</strong></span> <span class='ocrx_word' id='word_1_141' title='bbox 3088 2184 3325 2242; x_wconf 80' lang='lat' dir='ltr'><strong>tourne’s</strong></span> <span class='ocrx_word' id='word_1_142' title='bbox 3354 2201 3424 2243; x_wconf 89' lang='lat' dir='ltr'><strong>en</strong></span> <span class='ocrx_word' id='word_1_143' title='bbox 3455 2201 3580 2243; x_wconf 85' lang='lat' dir='ltr'><strong>vers</strong></span> <span class='ocrx_word' id='word_1_144' title='bbox 3610 2183 3786 2262; x_wconf 80' lang='lat' dir='ltr'><strong>fran-</strong></span> 
     </span>
    </p>
   </div>
   <div class='ocr_carea' id='block_1_19' title="bbox 379 2275 2669 2359">
    <p class='ocr_par' dir='ltr' id='par_1_19' title="bbox 379 2275 2669 2359">
     <span class='ocr_line' id='line_1_20' title="bbox 379 2275 2669 2359; baseline 0.001 -24"><span class='ocrx_word' id='word_1_145' title='bbox 379 2275 507 2352; x_wconf 63' lang='grc' dir='ltr'><strong>ρ’αὰ</strong></span> <span class='ocrx_word' id='word_1_146' title='bbox 530 2294 651 2356; x_wconf 85' lang='lat' dir='ltr'><strong>par</strong></span> <span class='ocrx_word' id='word_1_147' title='bbox 675 2276 925 2358; x_wconf 84' lang='lat' dir='ltr'><strong>Jacques</strong></span> <span class='ocrx_word' id='word_1_148' title='bbox 953 2277 1023 2338; x_wconf 85' lang='lat' dir='ltr'><strong>de</strong></span> <span class='ocrx_word' id='word_1_149' title='bbox 1055 2278 1255 2359; x_wconf 75' lang='lat' dir='ltr'><strong>Billg:</strong></span> <span class='ocrx_word' id='word_1_150' title='bbox 1284 2279 1489 2352; x_wconf 85' lang='lat' dir='ltr'><strong>Paris,</strong></span> <span class='ocrx_word' id='word_1_151' title='bbox 1530 2278 1866 2341; x_wconf 81' lang='lat' dir='ltr'><strong>Guillaume</strong></span> <span class='ocrx_word' id='word_1_152' title='bbox 1890 2278 2243 2341; x_wconf 74' lang='lat' dir='ltr'><strong>Chaudiére.</strong></span> <span class='ocrx_word' id='word_1_153' title='bbox 2281 2282 2455 2354; x_wconf 83' lang='grc'>1576,</span> <span class='ocrx_word' id='word_1_154' title='bbox 2492 2279 2669 2341; x_wconf 90' lang='lat' dir='ltr'><strong>in-8°.</strong></span> 
     </span>
    </p>
   </div>
   <div class='ocr_carea' id='block_1_20' title="bbox 470 2375 3777 2457">
    <p class='ocr_par' dir='ltr' id='par_1_20' title="bbox 470 2375 3777 2457">
     <span class='ocr_line' id='line_1_21' title="bbox 470 2375 3777 2457; baseline 0.001 -25"><span class='ocrx_word' id='word_1_155' title='bbox 470 2375 646 2435; x_wconf 87' lang='grc'>1693.</span> <span class='ocrx_word' id='word_1_156' title='bbox 681 2376 1008 2437; x_wconf 81' lang='lat' dir='ltr'><strong>Orationes</strong></span> <span class='ocrx_word' id='word_1_157' title='bbox 1037 2394 1255 2437; x_wconf 90' lang='lat' dir='ltr'><strong>omnes</strong></span> <span class='ocrx_word' id='word_1_158' title='bbox 1286 2377 1517 2439; x_wconf 87' lang='lat' dir='ltr'><strong>Gallico</strong></span> <span class='ocrx_word' id='word_1_159' title='bbox 1546 2377 1847 2437; x_wconf 88' lang='lat' dir='ltr'><strong>idiomate</strong></span> <span class='ocrx_word' id='word_1_160' title='bbox 1875 2396 2071 2438; x_wconf 64' lang='lat' dir='ltr'><strong>versae</strong></span> <span class='ocrx_word' id='word_1_161' title='bbox 2101 2385 2245 2437; x_wconf 88' lang='lat' dir='ltr'><strong>sunt</strong></span> <span class='ocrx_word' id='word_1_162' title='bbox 2275 2396 2385 2457; x_wconf 92' lang='lat' dir='ltr'><strong>per</strong></span> <span class='ocrx_word' id='word_1_163' title='bbox 2413 2378 2739 2437; x_wconf 88' lang='lat' dir='ltr'><strong>Nicolaum</strong></span> <span class='ocrx_word' id='word_1_164' title='bbox 2771 2377 3096 2448; x_wconf 88' lang='lat' dir='ltr'><strong>Fontaine,</strong></span> <span class='ocrx_word' id='word_1_165' title='bbox 3131 2382 3201 2436; x_wconf 90' lang='lat' dir='ltr'><strong>ut</strong></span> <span class='ocrx_word' id='word_1_166' title='bbox 3222 2381 3475 2436; x_wconf 89' lang='lat' dir='ltr'><strong>notatur</strong></span> <span class='ocrx_word' id='word_1_167' title='bbox 3494 2376 3556 2436; x_wconf 92' lang='lat' dir='ltr'><strong>in</strong></span> <span class='ocrx_word' id='word_1_168' title='bbox 3581 2377 3777 2437; x_wconf 85' lang='lat' dir='ltr'><strong>Catal.</strong></span> 
     </span>
    </p>
   </div>
   <div class='ocr_carea' id='block_1_21' title="bbox 382 2470 2337 2555">
    <p class='ocr_par' dir='ltr' id='par_1_21' title="bbox 382 2470 2337 2555">
     <span class='ocr_line' id='line_1_22' title="bbox 382 2470 2337 2555; baseline 0.003 -26"><span class='ocrx_word' id='word_1_169' title='bbox 382 2471 542 2547; x_wconf 85' lang='lat' dir='ltr'><strong>Reg.</strong></span> <span class='ocrx_word' id='word_1_170' title='bbox 574 2470 736 2531; x_wconf 90' lang='lat' dir='ltr'><strong>Bibl.</strong></span> <span class='ocrx_word' id='word_1_171' title='bbox 766 2472 1040 2547; x_wconf 87' lang='lat' dir='ltr'><strong>Parisiis,</strong></span> <span class='ocrx_word' id='word_1_172' title='bbox 1075 2477 1111 2534; x_wconf 79' lang='lat'><strong>2</strong></span> <span class='ocrx_word' id='word_1_173' title='bbox 1140 2475 1264 2536; x_wconf 86' lang='lat' dir='ltr'><strong>vol.</strong></span> <span class='ocrx_word' id='word_1_174' title='bbox 1298 2475 1486 2549; x_wconf 90' lang='lat' dir='ltr'><strong>in-8°,</strong></span> <span class='ocrx_word' id='word_1_175' title='bbox 1522 2475 1691 2555; x_wconf 90' lang='lat' dir='ltr'><strong>apud</strong></span> <span class='ocrx_word' id='word_1_176' title='bbox 1717 2476 2025 2536; x_wconf 88' lang='lat' dir='ltr'><strong>Joannem</strong></span> <span class='ocrx_word' id='word_1_177' title='bbox 2055 2475 2337 2536; x_wconf 89' lang='lat' dir='ltr'><strong>Pralard.</strong></span> 
     </span>
    </p>
   </div>
   <div class='ocr_carea' id='block_1_22' title="bbox 475 2569 3786 2649">
    <p class='ocr_par' dir='ltr' id='par_1_22' title="bbox 475 2569 3786 2649">
     <span class='ocr_line' id='line_1_23' title="bbox 475 2569 3786 2649; baseline 0.002 -22"><span class='ocrx_word' id='word_1_178' title='bbox 475 2569 647 2629; x_wconf 86' lang='grc'><strong>1735.</strong></span> <span class='ocrx_word' id='word_1_179' title='bbox 685 2571 977 2632; x_wconf 89' lang='lat' dir='ltr'><strong>Geminas</strong></span> <span class='ocrx_word' id='word_1_180' title='bbox 1006 2572 1320 2633; x_wconf 89' lang='lat' dir='ltr'><strong>orationes</strong></span> <span class='ocrx_word' id='word_1_181' title='bbox 1342 2577 1561 2633; x_wconf 89' lang='lat' dir='ltr'><strong>contra</strong></span> <span class='ocrx_word' id='word_1_182' title='bbox 1591 2572 1911 2635; x_wconf 90' lang='lat' dir='ltr'><strong>Julianum</strong></span> <span class='ocrx_word' id='word_1_183' title='bbox 1944 2572 2344 2648; x_wconf 87' lang='lat' dir='ltr'><strong>desertorem,</strong></span> <span class='ocrx_word' id='word_1_184' title='bbox 2379 2592 2417 2635; x_wconf 90' lang='lat' dir='ltr'><strong>a</strong></span> <span class='ocrx_word' id='word_1_185' title='bbox 2446 2592 2509 2633; x_wconf 90' lang='lat' dir='ltr'><strong>se</strong></span> <span class='ocrx_word' id='word_1_186' title='bbox 2540 2574 2772 2635; x_wconf 90' lang='lat' dir='ltr'><strong>Gallice</strong></span> <span class='ocrx_word' id='word_1_187' title='bbox 2804 2572 3101 2649; x_wconf 88' lang='lat' dir='ltr'><strong>redditas,</strong></span> <span class='ocrx_word' id='word_1_188' title='bbox 3134 2590 3275 2631; x_wconf 93' lang='lat' dir='ltr'><strong>cum</strong></span> <span class='ocrx_word' id='word_1_189' title='bbox 3308 2573 3470 2633; x_wconf 84' lang='lat' dir='ltr'><strong>notis</strong></span> <span class='ocrx_word' id='word_1_190' title='bbox 3512 2572 3786 2633; x_wconf 91' lang='lat' dir='ltr'><strong>edendas</strong></span> 
     </span>
    </p>
   </div>
   <div class='ocr_carea' id='block_1_23' title="bbox 384 2666 2893 2751">
    <p class='ocr_par' dir='ltr' id='par_1_23' title="bbox 384 2666 2893 2751">
     <span class='ocr_line' id='line_1_24' title="bbox 384 2666 2893 2751; baseline 0.003 -29"><span class='ocrx_word' id='word_1_191' title='bbox 384 2666 631 2725; x_wconf 84' lang='lat' dir='ltr'><strong>curavit</strong></span> <span class='ocrx_word' id='word_1_192' title='bbox 659 2668 1117 2730; x_wconf 87' lang='lat' dir='ltr'><strong>ecclesiasticus</strong></span> <span class='ocrx_word' id='word_1_193' title='bbox 1146 2670 1800 2750; x_wconf 89' lang='lat' dir='ltr'><strong>Grationopolitanus:</strong></span> <span class='ocrx_word' id='word_1_194' title='bbox 1836 2671 2147 2750; x_wconf 90' lang='lat' dir='ltr'><strong>Lugduni,</strong></span> <span class='ocrx_word' id='word_1_195' title='bbox 2170 2670 2371 2746; x_wconf 74' lang='lat' dir='ltr'><strong>in-12,</strong></span> <span class='ocrx_word' id='word_1_196' title='bbox 2406 2672 2576 2751; x_wconf 90' lang='lat' dir='ltr'><strong>apud</strong></span> <span class='ocrx_word' id='word_1_197' title='bbox 2602 2670 2893 2751; x_wconf 91' lang='lat' dir='ltr'><strong>Duplain.</strong></span> 
     </span>
    </p>
   </div>
   <div class='ocr_carea' id='block_1_24' title="bbox 474 2764 3791 2850">
    <p class='ocr_par' dir='ltr' id='par_1_24' title="bbox 474 2764 3791 2850">
     <span class='ocr_line' id='line_1_25' title="bbox 474 2764 3791 2850; baseline 0.002 -28"><span class='ocrx_word' id='word_1_198' title='bbox 474 2764 649 2823; x_wconf 82' lang='grc'><strong>1747.</strong></span> <span class='ocrx_word' id='word_1_199' title='bbox 704 2765 922 2827; x_wconf 87' lang='lat' dir='ltr'><strong>Oratio</strong></span> <span class='ocrx_word' id='word_1_200' title='bbox 977 2769 1028 2841; x_wconf 88' lang='grc' dir='ltr'>Ι,</span> <span class='ocrx_word' id='word_1_201' title='bbox 1088 2768 1217 2829; x_wconf 89' lang='lat' dir='ltr'><strong>sive</strong></span> <span class='ocrx_word' id='word_1_202' title='bbox 1272 2768 1711 2850; x_wconf 80' lang='lat' dir='ltr'><strong>Apologeticus,</strong></span> <span class='ocrx_word' id='word_1_203' title='bbox 1775 2768 2006 2831; x_wconf 87' lang='lat' dir='ltr'><strong>Gallice</strong></span> <span class='ocrx_word' id='word_1_204' title='bbox 2062 2786 2207 2829; x_wconf 91' lang='lat' dir='ltr'><strong>cum</strong></span> <span class='ocrx_word' id='word_1_205' title='bbox 2282 2770 2498 2830; x_wconf 90' lang='lat' dir='ltr'><strong>notis:</strong></span> <span class='ocrx_word' id='word_1_206' title='bbox 2562 2768 2841 2843; x_wconf 88' lang='lat' dir='ltr'><strong>Parisiis,</strong></span> <span class='ocrx_word' id='word_1_207' title='bbox 2903 2768 3072 2847; x_wconf 90' lang='lat' dir='ltr'><strong>apud</strong></span> <span class='ocrx_word' id='word_1_208' title='bbox 3127 2768 3519 2829; x_wconf 91' lang='lat' dir='ltr'><strong>Ludovicum</strong></span> <span class='ocrx_word' id='word_1_209' title='bbox 3582 2769 3791 2829; x_wconf 90' lang='lat' dir='ltr'><strong>Lottin</strong></span> 
     </span>
    </p>
   </div>
   <div class='ocr_carea' id='block_1_25' title="bbox 378 2857 585 2919">
    <p class='ocr_par' dir='ltr' id='par_1_25' title="bbox 378 2857 585 2919">
     <span class='ocr_line' id='line_1_26' title="bbox 378 2857 585 2919; baseline 0.005 -1"><span class='ocrx_word' id='word_1_210' title='bbox 378 2857 585 2919; x_wconf 70' lang='lat' dir='ltr'><strong>ixi-12.</strong></span> 
     </span>
    </p>
   </div>
   <div class='ocr_carea' id='block_1_26' title="bbox 1340 3079 2832 3143">
    <p class='ocr_par' dir='ltr' id='par_1_26' title="bbox 1340 3079 2832 3143">
     <span class='ocr_line' id='line_1_27' title="bbox 1340 3079 2832 3143; baseline 0 -2"><span class='ocrx_word' id='word_1_211' title='bbox 1340 3080 1429 3141; x_wconf 85' lang='lat' dir='ltr'><strong>De</strong></span> <span class='ocrx_word' id='word_1_212' title='bbox 1478 3079 1733 3140; x_wconf 87' lang='lat' dir='ltr'><strong>editione</strong></span> <span class='ocrx_word' id='word_1_213' title='bbox 1784 3079 2235 3143; x_wconf 69' lang='lat' dir='ltr'><strong>Graeco-Latina</strong></span> <span class='ocrx_word' id='word_1_214' title='bbox 2282 3080 2615 3141; x_wconf 86' lang='lat' dir='ltr'><strong>Parisiensi</strong></span> <span class='ocrx_word' id='word_1_215' title='bbox 2654 3082 2832 3141; x_wconf 91' lang='grc'><strong>1630.</strong></span> 
     </span>
    </p>
   </div>
   <div class='ocr_carea' id='block_1_27' title="bbox 456 3290 3787 3372">
    <p class='ocr_par' dir='ltr' id='par_1_27' title="bbox 456 3290 3787 3372">
     <span class='ocr_line' id='line_1_28' title="bbox 456 3290 3787 3372; baseline 0.002 -24"><span class='ocrx_word' id='word_1_216' title='bbox 456 3290 638 3350; x_wconf 87' lang='lat' dir='ltr'><strong>Nunc</strong></span> <span class='ocrx_word' id='word_1_217' title='bbox 668 3292 750 3351; x_wconf 89' lang='lat' dir='ltr'><strong>ad</strong></span> <span class='ocrx_word' id='word_1_218' title='bbox 784 3293 1324 3353; x_wconf 63' lang='lat' dir='ltr'><strong>GreecooLatinam</strong></span> <span class='ocrx_word' id='word_1_219' title='bbox 1358 3292 1718 3367; x_wconf 87' lang='lat' dir='ltr'><strong>editionem,</strong></span> <span class='ocrx_word' id='word_1_220' title='bbox 1753 3312 1895 3371; x_wconf 82' lang='lat' dir='ltr'><strong>quae</strong></span> <span class='ocrx_word' id='word_1_221' title='bbox 1929 3295 2211 3354; x_wconf 75' lang='lat' dir='ltr'><strong>Graecum</strong></span> <span class='ocrx_word' id='word_1_222' title='bbox 2259 3293 2561 3372; x_wconf 86' lang='lat' dir='ltr'><strong>Gregorii,</strong></span> <span class='ocrx_word' id='word_1_223' title='bbox 2588 3300 2651 3355; x_wconf 90' lang='lat' dir='ltr'><strong>et</strong></span> <span class='ocrx_word' id='word_1_224' title='bbox 2682 3296 2968 3354; x_wconf 89' lang='lat' dir='ltr'><strong>Latinam</strong></span> <span class='ocrx_word' id='word_1_225' title='bbox 3017 3292 3179 3355; x_wconf 87' lang='lat' dir='ltr'><strong>Billii</strong></span> <span class='ocrx_word' id='word_1_226' title='bbox 3208 3292 3787 3372; x_wconf 87' lang='lat' dir='ltr'><strong>interpretationem</strong></span> 
     </span>
    </p>
   </div>
   <div class='ocr_carea' id='block_1_28' title="bbox 376 3387 3787 3470">
    <p class='ocr_par' dir='ltr' id='par_1_28' title="bbox 376 3387 3787 3470">
     <span class='ocr_line' id='line_1_29' title="bbox 376 3387 3787 3470; baseline 0.002 -25"><span class='ocrx_word' id='word_1_227' title='bbox 376 3387 842 3465; x_wconf 87' lang='lat' dir='ltr'><strong>complectitur,</strong></span> <span class='ocrx_word' id='word_1_228' title='bbox 874 3391 1221 3451; x_wconf 89' lang='lat' dir='ltr'><strong>veniamus.</strong></span> <span class='ocrx_word' id='word_1_229' title='bbox 1255 3393 1388 3450; x_wconf 91' lang='lat' dir='ltr'><strong>Non</strong></span> <span class='ocrx_word' id='word_1_230' title='bbox 1423 3410 1546 3451; x_wconf 91' lang='lat' dir='ltr'><strong>una</strong></span> <span class='ocrx_word' id='word_1_231' title='bbox 1573 3396 1665 3451; x_wconf 87' lang='lat' dir='ltr'><strong>est</strong></span> <span class='ocrx_word' id='word_1_232' title='bbox 1698 3391 1831 3451; x_wconf 76' lang='lat' dir='ltr'><strong>haec</strong></span> <span class='ocrx_word' id='word_1_233' title='bbox 1857 3390 2072 3451; x_wconf 89' lang='lat' dir='ltr'><strong>editio.</strong></span> <span class='ocrx_word' id='word_1_234' title='bbox 2122 3392 2364 3451; x_wconf 91' lang='lat' dir='ltr'><strong>Prodiit</strong></span> <span class='ocrx_word' id='word_1_235' title='bbox 2415 3392 2681 3470; x_wconf 90' lang='lat' dir='ltr'><strong>primum</strong></span> <span class='ocrx_word' id='word_1_236' title='bbox 2730 3409 2897 3451; x_wconf 91' lang='lat' dir='ltr'><strong>anno</strong></span> <span class='ocrx_word' id='word_1_237' title='bbox 2932 3392 3107 3465; x_wconf 89' lang='grc'>1609,</span> <span class='ocrx_word' id='word_1_238' title='bbox 3141 3389 3367 3451; x_wconf 90' lang='lat' dir='ltr'><strong>deinde</strong></span> <span class='ocrx_word' id='word_1_239' title='bbox 3407 3409 3574 3451; x_wconf 92' lang='lat' dir='ltr'><strong>anno</strong></span> <span class='ocrx_word' id='word_1_240' title='bbox 3608 3392 3787 3465; x_wconf 90' lang='grc'>1630,</span> 
     </span>
    </p>
   </div>
   <div class='ocr_carea' id='block_1_29' title="bbox 374 3483 3789 3566">
    <p class='ocr_par' dir='ltr' id='par_1_29' title="bbox 374 3483 3789 3566">
     <span class='ocr_line' id='line_1_30' title="bbox 374 3483 3789 3566; baseline 0.001 -23"><span class='ocrx_word' id='word_1_241' title='bbox 374 3483 655 3558; x_wconf 87' lang='lat' dir='ltr'><strong>Parisiis,</strong></span> <span class='ocrx_word' id='word_1_242' title='bbox 691 3486 961 3565; x_wconf 90' lang='lat' dir='ltr'><strong>denique</strong></span> <span class='ocrx_word' id='word_1_243' title='bbox 990 3487 1289 3560; x_wconf 79' lang='lat' dir='ltr'><strong>Coloniae,</strong></span> <span class='ocrx_word' id='word_1_244' title='bbox 1323 3487 1417 3547; x_wconf 91' lang='lat' dir='ltr'><strong>vel</strong></span> <span class='ocrx_word' id='word_1_245' title='bbox 1452 3488 1660 3566; x_wconf 90' lang='lat' dir='ltr'><strong>potius</strong></span> <span class='ocrx_word' id='word_1_246' title='bbox 1691 3487 1911 3565; x_wconf 63' lang='lat' dir='ltr'><strong>Lipsiae</strong></span> <span class='ocrx_word' id='word_1_247' title='bbox 1938 3508 1952 3560; x_wconf 90' lang='lat'><strong>;</strong></span> <span class='ocrx_word' id='word_1_248' title='bbox 1986 3507 2126 3566; x_wconf 81' lang='lat' dir='ltr'><strong>quae</strong></span> <span class='ocrx_word' id='word_1_249' title='bbox 2158 3489 2348 3549; x_wconf 88' lang='lat' dir='ltr'><strong>editio</strong></span> <span class='ocrx_word' id='word_1_250' title='bbox 2379 3489 2458 3548; x_wconf 91' lang='lat' dir='ltr'><strong>ab</strong></span> <span class='ocrx_word' id='word_1_251' title='bbox 2481 3488 2619 3548; x_wconf 90' lang='lat' dir='ltr'><strong>aliis</strong></span> <span class='ocrx_word' id='word_1_252' title='bbox 2642 3488 2761 3547; x_wconf 92' lang='lat' dir='ltr'><strong>hoc</strong></span> <span class='ocrx_word' id='word_1_253' title='bbox 2783 3488 2917 3548; x_wconf 90' lang='lat' dir='ltr'><strong>solo</strong></span> <span class='ocrx_word' id='word_1_254' title='bbox 2945 3488 3276 3565; x_wconf 87' lang='lat' dir='ltr'><strong>discrepat,</strong></span> <span class='ocrx_word' id='word_1_255' title='bbox 3305 3488 3473 3565; x_wconf 90' lang='lat' dir='ltr'><strong>quod</strong></span> <span class='ocrx_word' id='word_1_256' title='bbox 3508 3488 3789 3566; x_wconf 90' lang='lat' dir='ltr'><strong>pluribus</strong></span> 
     </span>
    </p>
   </div>
   <div class='ocr_carea' id='block_1_30' title="bbox 375 3582 3784 3661">
    <p class='ocr_par' dir='ltr' id='par_1_30' title="bbox 375 3582 3784 3661">
     <span class='ocr_line' id='line_1_31' title="bbox 375 3582 3784 3661; baseline 0.001 -22"><span class='ocrx_word' id='word_1_257' title='bbox 375 3582 618 3640; x_wconf 62' lang='lat' dir='ltr'><strong>licateat</strong></span> <span class='ocrx_word' id='word_1_258' title='bbox 647 3583 912 3643; x_wconf 81' lang='lat' dir='ltr'><strong>mendis.</strong></span> <span class='ocrx_word' id='word_1_259' title='bbox 944 3585 1117 3643; x_wconf 89' lang='lat' dir='ltr'><strong>Hanc</strong></span> <span class='ocrx_word' id='word_1_260' title='bbox 1149 3584 1479 3661; x_wconf 85' lang='lat' dir='ltr'><strong>magniﬁce</strong></span> <span class='ocrx_word' id='word_1_261' title='bbox 1534 3586 1937 3645; x_wconf 88' lang='lat' dir='ltr'><strong>commendat</strong></span> <span class='ocrx_word' id='word_1_262' title='bbox 1993 3585 2356 3645; x_wconf 88' lang='lat' dir='ltr'><strong>Fredericus</strong></span> <span class='ocrx_word' id='word_1_263' title='bbox 2417 3585 2707 3644; x_wconf 86' lang='lat' dir='ltr'><strong>Morellus</strong></span> <span class='ocrx_word' id='word_1_264' title='bbox 2768 3606 2797 3643; x_wconf 76' lang='grc' dir='ltr'><strong>ιι</strong></span> <span class='ocrx_word' id='word_1_265' title='bbox 2825 3590 2895 3644; x_wconf 92' lang='lat' dir='ltr'><strong>ut</strong></span> <span class='ocrx_word' id='word_1_266' title='bbox 2925 3603 2962 3643; x_wconf 90' lang='lat' dir='ltr'><strong>a</strong></span> <span class='ocrx_word' id='word_1_267' title='bbox 2990 3601 3314 3661; x_wconf 89' lang='lat' dir='ltr'><strong>nunquam</strong></span> <span class='ocrx_word' id='word_1_268' title='bbox 3347 3585 3499 3643; x_wconf 89' lang='lat' dir='ltr'><strong>satis</strong></span> <span class='ocrx_word' id='word_1_269' title='bbox 3529 3584 3784 3645; x_wconf 88' lang='lat' dir='ltr'><strong>laudato</strong></span> 
     </span>
    </p>
   </div>
   <div class='ocr_carea' id='block_1_31' title="bbox 376 3677 3787 3759">
    <p class='ocr_par' dir='ltr' id='par_1_31' title="bbox 376 3677 3787 3759">
     <span class='ocr_line' id='line_1_32' title="bbox 376 3677 3787 3759; baseline 0.001 -23"><span class='ocrx_word' id='word_1_270' title='bbox 376 3677 559 3738; x_wconf 91' lang='lat' dir='ltr'><strong>Billio</strong></span> <span class='ocrx_word' id='word_1_271' title='bbox 591 3678 924 3757; x_wconf 84' lang='lat' dir='ltr'><strong>diligenter</strong></span> <span class='ocrx_word' id='word_1_272' title='bbox 951 3681 1245 3742; x_wconf 89' lang='lat' dir='ltr'><strong>collatam</strong></span> <span class='ocrx_word' id='word_1_273' title='bbox 1279 3700 1419 3742; x_wconf 90' lang='lat' dir='ltr'><strong>cum</strong></span> <span class='ocrx_word' id='word_1_274' title='bbox 1453 3682 1659 3759; x_wconf 81' lang='lat' dir='ltr'><strong>Regiis</strong></span> <span class='ocrx_word' id='word_1_275' title='bbox 1693 3700 1864 3751; x_wconf 90' lang='lat' dir='ltr'><strong>mss.,</strong></span> <span class='ocrx_word' id='word_1_276' title='bbox 1912 3689 1971 3741; x_wconf 92' lang='lat' dir='ltr'><strong>et</strong></span> <span class='ocrx_word' id='word_1_277' title='bbox 2009 3701 2151 3742; x_wconf 91' lang='lat' dir='ltr'><strong>cum</strong></span> <span class='ocrx_word' id='word_1_278' title='bbox 2201 3683 2511 3743; x_wconf 76' lang='lat' dir='ltr'><strong>Medicaeis</strong></span> <span class='ocrx_word' id='word_1_279' title='bbox 2564 3683 2817 3759; x_wconf 73' lang='lat' dir='ltr'><strong>Reginae</strong></span> <span class='ocrx_word' id='word_1_280' title='bbox 2864 3682 3100 3752; x_wconf 90' lang='lat' dir='ltr'><strong>matris,</strong></span> <span class='ocrx_word' id='word_1_281' title='bbox 3138 3699 3381 3741; x_wconf 90' lang='lat' dir='ltr'><strong>necnon</strong></span> <span class='ocrx_word' id='word_1_282' title='bbox 3421 3699 3579 3759; x_wconf 92' lang='lat' dir='ltr'><strong>quos</strong></span> <span class='ocrx_word' id='word_1_283' title='bbox 3608 3681 3787 3741; x_wconf 90' lang='lat' dir='ltr'><strong>illus-</strong></span> 
     </span>
    </p>
   </div>
   <div class='ocr_carea' id='block_1_32' title="bbox 379 3774 3787 3855">
    <p class='ocr_par' dir='ltr' id='par_1_32' title="bbox 379 3774 3787 3855">
     <span class='ocr_line' id='line_1_33' title="bbox 379 3774 3787 3855; baseline 0.001 -23"><span class='ocrx_word' id='word_1_284' title='bbox 379 3774 692 3835; x_wconf 87' lang='lat' dir='ltr'><strong>trissimus</strong></span> <span class='ocrx_word' id='word_1_285' title='bbox 720 3776 1058 3836; x_wconf 90' lang='lat' dir='ltr'><strong>cardinalis</strong></span> <span class='ocrx_word' id='word_1_286' title='bbox 1089 3778 1351 3837; x_wconf 88' lang='lat' dir='ltr'><strong>Sirletus</strong></span> <span class='ocrx_word' id='word_1_287' title='bbox 1380 3796 1455 3837; x_wconf 86' lang='lat' dir='ltr'><strong>ex</strong></span> <span class='ocrx_word' id='word_1_288' title='bbox 1484 3778 1665 3837; x_wconf 86' lang='lat' dir='ltr'><strong>Italia</strong></span> <span class='ocrx_word' id='word_1_289' title='bbox 1699 3779 1976 3850; x_wconf 90' lang='lat' dir='ltr'><strong>miserat,</strong></span> <span class='ocrx_word' id='word_1_290' title='bbox 2010 3778 2279 3855; x_wconf 88' lang='lat' dir='ltr'><strong>denique</strong></span> <span class='ocrx_word' id='word_1_291' title='bbox 2338 3797 2477 3837; x_wconf 91' lang='lat' dir='ltr'><strong>cum</strong></span> <span class='ocrx_word' id='word_1_292' title='bbox 2534 3779 2748 3838; x_wconf 90' lang='lat' dir='ltr'><strong>codice</strong></span> <span class='ocrx_word' id='word_1_293' title='bbox 2807 3796 2993 3855; x_wconf 91' lang='lat' dir='ltr'><strong>quem</strong></span> <span class='ocrx_word' id='word_1_294' title='bbox 3046 3778 3211 3837; x_wconf 91' lang='lat' dir='ltr'><strong>ultro</strong></span> <span class='ocrx_word' id='word_1_295' title='bbox 3242 3777 3665 3837; x_wconf 88' lang='lat' dir='ltr'><strong>commodavit</strong></span> <span class='ocrx_word' id='word_1_296' title='bbox 3693 3779 3787 3837; x_wconf 91' lang='lat' dir='ltr'><strong>vir</strong></span> 
     </span>
    </p>
   </div>
   <div class='ocr_carea' id='block_1_33' title="bbox 377 3869 3788 3954">
    <p class='ocr_par' dir='ltr' id='par_1_33' title="bbox 377 3869 3788 3954">
     <span class='ocr_line' id='line_1_34' title="bbox 377 3869 3788 3954; baseline 0.002 -26"><span class='ocrx_word' id='word_1_297' title='bbox 377 3869 763 3932; x_wconf 89' lang='lat' dir='ltr'><strong>clarissimus</strong></span> <span class='ocrx_word' id='word_1_298' title='bbox 790 3874 1024 3935; x_wconf 87' lang='lat' dir='ltr'><strong>Paulus</strong></span> <span class='ocrx_word' id='word_1_299' title='bbox 1053 3874 1365 3947; x_wconf 89' lang='lat' dir='ltr'><strong>Petavius,</strong></span> <span class='ocrx_word' id='word_1_300' title='bbox 1402 3876 1589 3935; x_wconf 68' lang='lat' dir='ltr'><strong>curiae</strong></span> <span class='ocrx_word' id='word_1_301' title='bbox 1647 3894 1956 3954; x_wconf 57' lang='lat' dir='ltr'><strong>suprema</strong></span> <span class='ocrx_word' id='word_1_302' title='bbox 2014 3882 2265 3936; x_wconf 88' lang='lat' dir='ltr'><strong>senator</strong></span> <span class='ocrx_word' id='word_1_303' title='bbox 2320 3876 2759 3953; x_wconf 88' lang='lat' dir='ltr'><strong>integerrimus</strong></span> <span class='ocrx_word' id='word_1_304' title='bbox 2786 3895 2797 3947; x_wconf 90' lang='lat'><strong>;</strong></span> <span class='ocrx_word' id='word_1_305' title='bbox 2828 3875 2893 3933; x_wconf 92' lang='lat' dir='ltr'><strong>in</strong></span> <span class='ocrx_word' id='word_1_306' title='bbox 2924 3874 3102 3951; x_wconf 89' lang='lat' dir='ltr'><strong>cujus</strong></span> <span class='ocrx_word' id='word_1_307' title='bbox 3133 3874 3275 3933; x_wconf 92' lang='lat' dir='ltr'><strong>libri</strong></span> <span class='ocrx_word' id='word_1_308' title='bbox 3306 3893 3417 3934; x_wconf 92' lang='lat' dir='ltr'><strong>ora</strong></span> <span class='ocrx_word' id='word_1_309' title='bbox 3454 3875 3788 3952; x_wconf 85' lang='lat' dir='ltr'><strong>marginali</strong></span> 
     </span>
    </p>
   </div>
   <div class='ocr_carea' id='block_1_34' title="bbox 375 3968 3784 4051">
    <p class='ocr_par' dir='ltr' id='par_1_34' title="bbox 375 3968 3784 4051">
     <span class='ocr_line' id='line_1_35' title="bbox 375 3968 3784 4051; baseline 0 -26"><span class='ocrx_word' id='word_1_310' title='bbox 375 3968 695 4028; x_wconf 86' lang='lat' dir='ltr'><strong>variantes</strong></span> <span class='ocrx_word' id='word_1_311' title='bbox 721 3970 974 4049; x_wconf 90' lang='lat' dir='ltr'><strong>quidem</strong></span> <span class='ocrx_word' id='word_1_312' title='bbox 1010 3971 1330 4045; x_wconf 87' lang='lat' dir='ltr'><strong>lectiones,</strong></span> <span class='ocrx_word' id='word_1_313' title='bbox 1362 3973 1757 4049; x_wconf 83' lang='lat' dir='ltr'><strong>conjecturas</strong></span> <span class='ocrx_word' id='word_1_314' title='bbox 1784 3979 1845 4032; x_wconf 90' lang='lat' dir='ltr'><strong>et</strong></span> <span class='ocrx_word' id='word_1_315' title='bbox 1874 3973 2344 4033; x_wconf 88' lang='lat' dir='ltr'><strong>emendationes</strong></span> <span class='ocrx_word' id='word_1_316' title='bbox 2375 3973 2589 4032; x_wconf 89' lang='lat' dir='ltr'><strong>Billius</strong></span> <span class='ocrx_word' id='word_1_317' title='bbox 2619 3990 2886 4051; x_wconf 86' lang='lat' dir='ltr'><strong>operosa</strong></span> <span class='ocrx_word' id='word_1_318' title='bbox 2915 3971 3245 4031; x_wconf 89' lang='lat' dir='ltr'><strong>sedulitate</strong></span> <span class='ocrx_word' id='word_1_319' title='bbox 3277 3972 3711 4043; x_wconf 88' lang='lat' dir='ltr'><strong>adnotaverat,</strong></span> <span class='ocrx_word' id='word_1_320' title='bbox 3754 3996 3784 4026; x_wconf 73' lang='grc' dir='ltr'><strong><em>υ</em></strong></span> 
     </span>
    </p>
   </div>
   <div class='ocr_carea' id='block_1_35' title="bbox 374 4067 3784 4148">
    <p class='ocr_par' dir='ltr' id='par_1_35' title="bbox 374 4067 3784 4148">
     <span class='ocr_line' id='line_1_36' title="bbox 374 4067 3784 4148; baseline 0.001 -25"><span class='ocrx_word' id='word_1_321' title='bbox 374 4069 489 4124; x_wconf 89' lang='lat' dir='ltr'><strong>etc.</strong></span> <span class='ocrx_word' id='word_1_322' title='bbox 526 4067 676 4127; x_wconf 76' lang='lat' dir='ltr'><strong>Haec</strong></span> <span class='ocrx_word' id='word_1_323' title='bbox 705 4073 768 4127; x_wconf 89' lang='lat' dir='ltr'><strong>et</strong></span> <span class='ocrx_word' id='word_1_324' title='bbox 796 4067 920 4128; x_wconf 91' lang='lat' dir='ltr'><strong>alia</strong></span> <span class='ocrx_word' id='word_1_325' title='bbox 952 4067 1111 4128; x_wconf 90' lang='lat' dir='ltr'><strong>mira</strong></span> <span class='ocrx_word' id='word_1_326' title='bbox 1143 4069 1464 4147; x_wconf 75' lang='lat' dir='ltr'><strong>praedicat.</strong></span> <span class='ocrx_word' id='word_1_327' title='bbox 1504 4071 1653 4128; x_wconf 85' lang='lat' dir='ltr'><strong>Rem</strong></span> <span class='ocrx_word' id='word_1_328' title='bbox 1688 4074 1896 4129; x_wconf 89' lang='lat' dir='ltr'><strong>tamen</strong></span> <span class='ocrx_word' id='word_1_329' title='bbox 1927 4071 2185 4148; x_wconf 91' lang='lat' dir='ltr'><strong>propius</strong></span> <span class='ocrx_word' id='word_1_330' title='bbox 2234 4070 2716 4140; x_wconf 88' lang='lat' dir='ltr'><strong>considerantes,</strong></span> <span class='ocrx_word' id='word_1_331' title='bbox 2768 4068 2955 4128; x_wconf 86' lang='lat' dir='ltr'><strong>ﬁdem</strong></span> <span class='ocrx_word' id='word_1_332' title='bbox 2990 4067 3222 4127; x_wconf 90' lang='lat' dir='ltr'><strong>habere</strong></span> <span class='ocrx_word' id='word_1_333' title='bbox 3251 4067 3621 4127; x_wconf 89' lang='lat' dir='ltr'><strong>detrectant.</strong></span> <span class='ocrx_word' id='word_1_334' title='bbox 3657 4067 3784 4128; x_wconf 93' lang='lat' dir='ltr'><strong>lmo</strong></span> 
     </span>
    </p>
   </div>
   <div class='ocr_carea' id='block_1_36' title="bbox 371 4162 3783 4246">
    <p class='ocr_par' dir='ltr' id='par_1_36' title="bbox 371 4162 3783 4246">
     <span class='ocr_line' id='line_1_37' title="bbox 371 4162 3783 4246; baseline 0.001 -26"><span class='ocrx_word' id='word_1_335' title='bbox 371 4162 829 4225; x_wconf 87' lang='lat' dir='ltr'><strong>Parisiensibus</strong></span> <span class='ocrx_word' id='word_1_336' title='bbox 859 4166 1291 4244; x_wconf 88' lang='lat' dir='ltr'><strong>typographis,</strong></span> <span class='ocrx_word' id='word_1_337' title='bbox 1328 4185 1441 4244; x_wconf 91' lang='lat' dir='ltr'><strong>pro</strong></span> <span class='ocrx_word' id='word_1_338' title='bbox 1471 4165 1762 4226; x_wconf 88' lang='lat' dir='ltr'><strong>laudibus</strong></span> <span class='ocrx_word' id='word_1_339' title='bbox 1794 4172 1920 4226; x_wconf 90' lang='lat' dir='ltr'><strong>tam</strong></span> <span class='ocrx_word' id='word_1_340' title='bbox 1952 4168 2232 4246; x_wconf 88' lang='lat' dir='ltr'><strong>impense</strong></span> <span class='ocrx_word' id='word_1_341' title='bbox 2264 4167 2507 4227; x_wconf 81' lang='lat' dir='ltr'><strong>dilectae</strong></span> <span class='ocrx_word' id='word_1_342' title='bbox 2538 4166 2795 4227; x_wconf 87' lang='lat' dir='ltr'><strong>editioni</strong></span> <span class='ocrx_word' id='word_1_343' title='bbox 2824 4164 3153 4237; x_wconf 87' lang='lat' dir='ltr'><strong>concessis,</strong></span> <span class='ocrx_word' id='word_1_344' title='bbox 3192 4186 3220 4221; x_wconf 90' lang='grc'><strong>‹‹</strong></span> <span class='ocrx_word' id='word_1_345' title='bbox 3251 4182 3356 4224; x_wconf 90' lang='lat' dir='ltr'><strong>eos</strong></span> <span class='ocrx_word' id='word_1_346' title='bbox 3388 4164 3545 4224; x_wconf 89' lang='lat' dir='ltr'><strong>nihil</strong></span> <span class='ocrx_word' id='word_1_347' title='bbox 3576 4165 3783 4225; x_wconf 91' lang='lat' dir='ltr'><strong>minus</strong></span> 
     </span>
    </p>
   </div>
   <div class='ocr_carea' id='block_1_37' title="bbox 372 4260 3778 4343">
    <p class='ocr_par' dir='ltr' id='par_1_37' title="bbox 372 4260 3778 4343">
     <span class='ocr_line' id='line_1_38' title="bbox 372 4260 3778 4343; baseline 0.001 -24"><span class='ocrx_word' id='word_1_348' title='bbox 372 4260 762 4336; x_wconf 60' lang='lat' dir='ltr'><strong>praestitisse,</strong></span> <span class='ocrx_word' id='word_1_349' title='bbox 796 4280 987 4341; x_wconf 91' lang='lat' dir='ltr'><strong>quam</strong></span> <span class='ocrx_word' id='word_1_350' title='bbox 1031 4263 1198 4340; x_wconf 89' lang='lat' dir='ltr'><strong>quod</strong></span> <span class='ocrx_word' id='word_1_351' title='bbox 1243 4262 1505 4342; x_wconf 88' lang='lat' dir='ltr'><strong>polliciti</strong></span> <span class='ocrx_word' id='word_1_352' title='bbox 1540 4269 1718 4323; x_wconf 89' lang='lat' dir='ltr'><strong>erant</strong></span> <span class='ocrx_word' id='word_1_353' title='bbox 1744 4263 1845 4343; x_wconf 80' lang='lat' dir='ltr'><strong>(b),</strong></span> <span class='ocrx_word' id='word_1_354' title='bbox 1882 4287 1911 4318; x_wconf 84' lang='lat'>»</span> <span class='ocrx_word' id='word_1_355' title='bbox 1949 4282 1987 4324; x_wconf 86' lang='lat' dir='ltr'><strong>a</strong></span> <span class='ocrx_word' id='word_1_356' title='bbox 2022 4264 2405 4326; x_wconf 87' lang='lat' dir='ltr'><strong>Montacutio</strong></span> <span class='ocrx_word' id='word_1_357' title='bbox 2464 4264 2774 4342; x_wconf 88' lang='lat' dir='ltr'><strong>objectum</strong></span> <span class='ocrx_word' id='word_1_358' title='bbox 2812 4270 2923 4337; x_wconf 90' lang='lat' dir='ltr'><strong>est,</strong></span> <span class='ocrx_word' id='word_1_359' title='bbox 2959 4262 3067 4341; x_wconf 90' lang='lat' dir='ltr'><strong>qui</strong></span> <span class='ocrx_word' id='word_1_360' title='bbox 3098 4262 3474 4341; x_wconf 70' lang='lat' dir='ltr'><strong>praeclarum</strong></span> <span class='ocrx_word' id='word_1_361' title='bbox 3507 4262 3778 4339; x_wconf 88' lang='lat' dir='ltr'><strong>elogium</strong></span> 
     </span>
    </p>
   </div>
   <div class='ocr_carea' id='block_1_38' title="bbox 370 4355 3779 4438">
    <p class='ocr_par' dir='ltr' id='par_1_38' title="bbox 370 4355 3779 4438">
     <span class='ocr_line' id='line_1_39' title="bbox 370 4355 3779 4438; baseline 0.001 -23"><span class='ocrx_word' id='word_1_362' title='bbox 370 4355 592 4417; x_wconf 87' lang='lat' dir='ltr'><strong>irridet</strong></span> <span class='ocrx_word' id='word_1_363' title='bbox 619 4361 682 4418; x_wconf 90' lang='lat' dir='ltr'><strong>et</strong></span> <span class='ocrx_word' id='word_1_364' title='bbox 709 4356 970 4437; x_wconf 89' lang='lat' dir='ltr'><strong>depellit</strong></span> <span class='ocrx_word' id='word_1_365' title='bbox 997 4358 1085 4419; x_wconf 92' lang='lat' dir='ltr'><strong>sic</strong></span> <span class='ocrx_word' id='word_1_366' title='bbox 1114 4359 1556 4437; x_wconf 91' lang='lat' dir='ltr'><strong>prosequendo</strong></span> <span class='ocrx_word' id='word_1_367' title='bbox 1584 4380 1597 4420; x_wconf 89' lang='lat'><strong>:</strong></span> <span class='ocrx_word' id='word_1_368' title='bbox 1638 4384 1667 4415; x_wconf 92' lang='grc'><strong>‹‹</strong></span> <span class='ocrx_word' id='word_1_369' title='bbox 1698 4360 2027 4421; x_wconf 90' lang='lat' dir='ltr'><strong>Habebant</strong></span> <span class='ocrx_word' id='word_1_370' title='bbox 2054 4362 2341 4437; x_wconf 88' lang='lat' dir='ltr'><strong>fortasse,</strong></span> <span class='ocrx_word' id='word_1_371' title='bbox 2378 4360 2609 4421; x_wconf 89' lang='lat' dir='ltr'><strong>habere</strong></span> <span class='ocrx_word' id='word_1_372' title='bbox 2640 4378 2789 4420; x_wconf 90' lang='lat' dir='ltr'><strong>sane</strong></span> <span class='ocrx_word' id='word_1_373' title='bbox 2820 4364 3129 4438; x_wconf 90' lang='lat' dir='ltr'><strong>poterant,</strong></span> <span class='ocrx_word' id='word_1_374' title='bbox 3167 4358 3414 4437; x_wconf 86' lang='lat' dir='ltr'><strong>Regios,</strong></span> <span class='ocrx_word' id='word_1_375' title='bbox 3450 4359 3779 4437; x_wconf 83' lang='lat' dir='ltr'><strong>Regineos,</strong></span> 
     </span>
    </p>
   </div>
   <div class='ocr_carea' id='block_1_39' title="bbox 372 4452 3785 4534">
    <p class='ocr_par' dir='ltr' id='par_1_39' title="bbox 372 4452 3785 4534">
     <span class='ocr_line' id='line_1_40' title="bbox 372 4452 3785 4534; baseline 0.001 -21"><span class='ocrx_word' id='word_1_376' title='bbox 372 4452 614 4514; x_wconf 86' lang='lat' dir='ltr'><strong>Petavii</strong></span> <span class='ocrx_word' id='word_1_377' title='bbox 644 4454 1104 4529; x_wconf 88' lang='lat' dir='ltr'><strong>libros,Sirleti,</strong></span> <span class='ocrx_word' id='word_1_378' title='bbox 1137 4461 1283 4529; x_wconf 90' lang='lat' dir='ltr'><strong>etc.,</strong></span> <span class='ocrx_word' id='word_1_379' title='bbox 1311 4456 1439 4528; x_wconf 88' lang='lat' dir='ltr'><strong>sed,</strong></span> <span class='ocrx_word' id='word_1_380' title='bbox 1477 4463 1545 4517; x_wconf 88' lang='lat' dir='ltr'><strong>ut</strong></span> <span class='ocrx_word' id='word_1_381' title='bbox 1563 4457 1676 4530; x_wconf 78' lang='lat' dir='ltr'><strong>ille</strong></span> <span class='ocrx_word' id='word_1_382' title='bbox 1708 4457 1974 4533; x_wconf 77' lang='lat' dir='ltr'><strong>Epicteti</strong></span> <span class='ocrx_word' id='word_1_383' title='bbox 2000 4459 2348 4530; x_wconf 90' lang='lat' dir='ltr'><strong>lucernam,</strong></span> <span class='ocrx_word' id='word_1_384' title='bbox 2381 4458 2461 4518; x_wconf 91' lang='lat' dir='ltr'><strong>ad</strong></span> <span class='ocrx_word' id='word_1_385' title='bbox 2491 4457 2997 4531; x_wconf 80' lang='lat' dir='ltr'><strong>ostentationem,</strong></span> <span class='ocrx_word' id='word_1_386' title='bbox 3032 4475 3159 4516; x_wconf 93' lang='lat' dir='ltr'><strong>non</strong></span> <span class='ocrx_word' id='word_1_387' title='bbox 3190 4456 3270 4516; x_wconf 90' lang='lat' dir='ltr'><strong>ad</strong></span> <span class='ocrx_word' id='word_1_388' title='bbox 3294 4474 3474 4516; x_wconf 89' lang='lat' dir='ltr'><strong>usum</strong></span> <span class='ocrx_word' id='word_1_389' title='bbox 3500 4474 3515 4528; x_wconf 90' lang='lat'><strong>;</strong></span> <span class='ocrx_word' id='word_1_390' title='bbox 3550 4456 3785 4534; x_wconf 90' lang='lat' dir='ltr'><strong>quippe</strong></span> 
     </span>
    </p>
   </div>
   <div class='ocr_carea' id='block_1_40' title="bbox 377 4551 2744 4633">
    <p class='ocr_par' dir='ltr' id='par_1_40' title="bbox 377 4551 2744 4633">
     <span class='ocr_line' id='line_1_41' title="bbox 377 4551 2744 4633; baseline 0 -23"><span class='ocrx_word' id='word_1_391' title='bbox 377 4551 479 4628; x_wconf 89' lang='lat' dir='ltr'><strong>qui</strong></span> <span class='ocrx_word' id='word_1_392' title='bbox 509 4551 948 4612; x_wconf 79' lang='lat' dir='ltr'><strong>deformarunt</strong></span> <span class='ocrx_word' id='word_1_393' title='bbox 976 4552 1175 4629; x_wconf 89' lang='lat' dir='ltr'><strong>magis</strong></span> <span class='ocrx_word' id='word_1_394' title='bbox 1204 4553 1572 4632; x_wconf 86' lang='lat' dir='ltr'><strong>Gregorium</strong></span> <span class='ocrx_word' id='word_1_395' title='bbox 1606 4572 1796 4633; x_wconf 90' lang='lat' dir='ltr'><strong>quam</strong></span> <span class='ocrx_word' id='word_1_396' title='bbox 1828 4555 2031 4615; x_wconf 89' lang='lat' dir='ltr'><strong>fuerat</strong></span> <span class='ocrx_word' id='word_1_397' title='bbox 2059 4555 2123 4614; x_wconf 90' lang='lat' dir='ltr'><strong>in</strong></span> <span class='ocrx_word' id='word_1_398' title='bbox 2155 4555 2426 4615; x_wconf 89' lang='lat' dir='ltr'><strong>editione</strong></span> <span class='ocrx_word' id='word_1_399' title='bbox 2459 4554 2680 4632; x_wconf 90' lang='lat' dir='ltr'><strong>prima.</strong></span> <span class='ocrx_word' id='word_1_400' title='bbox 2715 4575 2744 4610; x_wconf 77' lang='grc' dir='ltr'><strong>ι)</strong></span> 
     </span>
    </p>
   </div>
   <div class='ocr_carea' id='block_1_41' title="bbox 450 4648 3775 4731">
    <p class='ocr_par' dir='ltr' id='par_1_41' title="bbox 450 4648 3775 4731">
     <span class='ocr_line' id='line_1_42' title="bbox 450 4648 3775 4731; baseline 0 -23"><span class='ocrx_word' id='word_1_401' title='bbox 450 4648 611 4720; x_wconf 88' lang='lat' dir='ltr'><strong>Quid</strong></span> <span class='ocrx_word' id='word_1_402' title='bbox 643 4654 776 4709; x_wconf 92' lang='lat' dir='ltr'><strong>tum</strong></span> <span class='ocrx_word' id='word_1_403' title='bbox 807 4649 1205 4722; x_wconf 89' lang='lat' dir='ltr'><strong>Parisienses,</strong></span> <span class='ocrx_word' id='word_1_404' title='bbox 1243 4656 1305 4711; x_wconf 91' lang='lat' dir='ltr'><strong>et</strong></span> <span class='ocrx_word' id='word_1_405' title='bbox 1332 4652 1615 4711; x_wconf 83' lang='lat' dir='ltr'><strong>fortassis</strong></span> <span class='ocrx_word' id='word_1_406' title='bbox 1646 4653 1779 4730; x_wconf 91' lang='lat' dir='ltr'><strong>ipse</strong></span> <span class='ocrx_word' id='word_1_407' title='bbox 1809 4652 2105 4712; x_wconf 89' lang='lat' dir='ltr'><strong>Morellus</strong></span> <span class='ocrx_word' id='word_1_408' title='bbox 2127 4654 2156 4711; x_wconf 83' lang='lat'><strong>?</strong></span> <span class='ocrx_word' id='word_1_409' title='bbox 2199 4652 2277 4711; x_wconf 91' lang='lat' dir='ltr'><strong>ab</strong></span> <span class='ocrx_word' id='word_1_410' title='bbox 2315 4653 2466 4731; x_wconf 88' lang='lat' dir='ltr'><strong>ipsis</strong></span> <span class='ocrx_word' id='word_1_411' title='bbox 2513 4653 2881 4712; x_wconf 87' lang='lat' dir='ltr'><strong>audiamus:</strong></span> <span class='ocrx_word' id='word_1_412' title='bbox 2925 4675 2955 4704; x_wconf 86' lang='lat'><strong><em>«</em></strong></span> <span class='ocrx_word' id='word_1_413' title='bbox 2986 4653 3112 4711; x_wconf 89' lang='lat' dir='ltr'><strong>Nec</strong></span> <span class='ocrx_word' id='word_1_414' title='bbox 3142 4649 3499 4722; x_wconf 90' lang='lat' dir='ltr'><strong>molestum,</strong></span> <span class='ocrx_word' id='word_1_415' title='bbox 3533 4668 3648 4710; x_wconf 92' lang='lat' dir='ltr'><strong>nec</strong></span> <span class='ocrx_word' id='word_1_416' title='bbox 3678 4650 3775 4708; x_wconf 90' lang='lat' dir='ltr'><strong>in-</strong></span> 
     </span>
    </p>
   </div>
   <div class='ocr_carea' id='block_1_42' title="bbox 375 4744 3779 4831">
    <p class='ocr_par' dir='ltr' id='par_1_42' title="bbox 375 4744 3779 4831">
     <span class='ocr_line' id='line_1_43' title="bbox 375 4744 3779 4831; baseline 0 -26"><span class='ocrx_word' id='word_1_417' title='bbox 375 4744 717 4823; x_wconf 86' lang='lat' dir='ltr'><strong>jucundum</strong></span> <span class='ocrx_word' id='word_1_418' title='bbox 746 4746 885 4820; x_wconf 86' lang='lat' dir='ltr'><strong>tibi,</strong></span> <span class='ocrx_word' id='word_1_419' title='bbox 918 4746 1161 4826; x_wconf 90' lang='lat' dir='ltr'><strong>(lectori</strong></span> <span class='ocrx_word' id='word_1_420' title='bbox 1190 4748 1507 4831; x_wconf 77' lang='grc' dir='ltr'><strong>φιλαληθεῖ)</strong></span> <span class='ocrx_word' id='word_1_421' title='bbox 1538 4748 1831 4827; x_wconf 88' lang='lat' dir='ltr'><strong>inquiunt</strong></span> <span class='ocrx_word' id='word_1_422' title='bbox 1885 4750 1947 4809; x_wconf 92' lang='lat' dir='ltr'><strong>in</strong></span> <span class='ocrx_word' id='word_1_423' title='bbox 2005 4750 2508 4828; x_wconf 78' lang='lat' dir='ltr'><strong>praefatiuncula,</strong></span> <span class='ocrx_word' id='word_1_424' title='bbox 2568 4750 2619 4809; x_wconf 91' lang='lat' dir='ltr'><strong>si</strong></span> <span class='ocrx_word' id='word_1_425' title='bbox 2677 4748 2982 4827; x_wconf 90' lang='lat' dir='ltr'><strong>propositi</strong></span> <span class='ocrx_word' id='word_1_426' title='bbox 3038 4748 3405 4826; x_wconf 90' lang='lat' dir='ltr'><strong>consiliique</strong></span> <span class='ocrx_word' id='word_1_427' title='bbox 3452 4747 3669 4819; x_wconf 89' lang='lat' dir='ltr'><strong>nostri,</strong></span> <span class='ocrx_word' id='word_1_428' title='bbox 3706 4765 3779 4806; x_wconf 90' lang='lat' dir='ltr'><strong>ac</strong></span> 
     </span>
    </p>
   </div>
   <div class='ocr_carea' id='block_1_43' title="bbox 378 4844 3779 4926">
    <p class='ocr_par' dir='ltr' id='par_1_43' title="bbox 378 4844 3779 4926">
     <span class='ocr_line' id='line_1_44' title="bbox 378 4844 3779 4926; baseline 0 -24"><span class='ocrx_word' id='word_1_429' title='bbox 378 4862 496 4902; x_wconf 91' lang='lat' dir='ltr'><strong>non</strong></span> <span class='ocrx_word' id='word_1_430' title='bbox 530 4844 739 4904; x_wconf 60' lang='lat' dir='ltr'><strong>dubia:</strong></span> <span class='ocrx_word' id='word_1_431' title='bbox 771 4844 1205 4905; x_wconf 89' lang='lat' dir='ltr'><strong>destinationis</strong></span> <span class='ocrx_word' id='word_1_432' title='bbox 1238 4847 1302 4905; x_wconf 90' lang='lat' dir='ltr'><strong>in</strong></span> <span class='ocrx_word' id='word_1_433' title='bbox 1332 4848 1404 4906; x_wconf 92' lang='lat' dir='ltr'><strong>D.</strong></span> <span class='ocrx_word' id='word_1_434' title='bbox 1439 4847 1717 4924; x_wconf 90' lang='lat' dir='ltr'><strong>Gregorii</strong></span> <span class='ocrx_word' id='word_1_435' title='bbox 1773 4847 2144 4908; x_wconf 84' lang='lat' dir='ltr'><strong>Nazianzeni</strong></span> <span class='ocrx_word' id='word_1_436' title='bbox 2186 4848 2480 4926; x_wconf 89' lang='lat' dir='ltr'><strong>operibus</strong></span> <span class='ocrx_word' id='word_1_437' title='bbox 2540 4849 2749 4908; x_wconf 81' lang='lat' dir='ltr'><strong>Graece</strong></span> <span class='ocrx_word' id='word_1_438' title='bbox 2802 4852 2864 4906; x_wconf 87' lang='lat' dir='ltr'><strong>et</strong></span> <span class='ocrx_word' id='word_1_439' title='bbox 2924 4846 3137 4906; x_wconf 86' lang='lat' dir='ltr'><strong>Latine</strong></span> <span class='ocrx_word' id='word_1_440' title='bbox 3176 4845 3431 4906; x_wconf 91' lang='lat' dir='ltr'><strong>edendis</strong></span> <span class='ocrx_word' id='word_1_441' title='bbox 3464 4852 3521 4904; x_wconf 87' lang='lat' dir='ltr'><strong>te</strong></span> <span class='ocrx_word' id='word_1_442' title='bbox 3558 4844 3779 4923; x_wconf 90' lang='lat' dir='ltr'><strong>paucis</strong></span> 
     </span>
    </p>
   </div>
   <div class='ocr_carea' id='block_1_44' title="bbox 376 4940 3773 5022">
    <p class='ocr_par' dir='ltr' id='par_1_44' title="bbox 376 4940 3773 5022">
     <span class='ocr_line' id='line_1_45' title="bbox 376 4940 3773 5022; baseline 0 -21"><span class='ocrx_word' id='word_1_443' title='bbox 376 4940 800 5001; x_wconf 78' lang='lat' dir='ltr'><strong>admonemus.</strong></span> <span class='ocrx_word' id='word_1_444' title='bbox 836 4941 940 5002; x_wconf 91' lang='lat' dir='ltr'><strong>Sic</strong></span> <span class='ocrx_word' id='word_1_445' title='bbox 966 4942 1160 5019; x_wconf 90' lang='lat' dir='ltr'><strong>igitur</strong></span> <span class='ocrx_word' id='word_1_446' title='bbox 1186 4941 1442 5015; x_wconf 92' lang='lat' dir='ltr'><strong>habeto,</strong></span> <span class='ocrx_word' id='word_1_447' title='bbox 1478 4962 1591 5003; x_wconf 91' lang='lat' dir='ltr'><strong>nos</strong></span> <span class='ocrx_word' id='word_1_448' title='bbox 1622 4944 1684 5002; x_wconf 93' lang='lat' dir='ltr'><strong>in</strong></span> <span class='ocrx_word' id='word_1_449' title='bbox 1715 4944 1925 5005; x_wconf 89' lang='lat' dir='ltr'><strong>animo</strong></span> <span class='ocrx_word' id='word_1_450' title='bbox 1957 4945 2251 5004; x_wconf 90' lang='lat' dir='ltr'><strong>habuisse</strong></span> <span class='ocrx_word' id='word_1_451' title='bbox 2308 4943 2498 5022; x_wconf 88' lang='lat' dir='ltr'><strong>hujus</strong></span> <span class='ocrx_word' id='word_1_452' title='bbox 2556 4944 2926 5004; x_wconf 78' lang='lat' dir='ltr'><strong>sanctissimi</strong></span> <span class='ocrx_word' id='word_1_453' title='bbox 2956 4949 3018 5004; x_wconf 91' lang='lat' dir='ltr'><strong>et</strong></span> <span class='ocrx_word' id='word_1_454' title='bbox 3045 4941 3546 5021; x_wconf 89' lang='lat' dir='ltr'><strong>eloquentissimi</strong></span> <span class='ocrx_word' id='word_1_455' title='bbox 3579 4941 3773 5001; x_wconf 91' lang='lat' dir='ltr'><strong>antis-</strong></span> 
     </span>
    </p>
   </div>
   <div class='ocr_carea' id='block_1_45' title="bbox 376 5036 1976 5119">
    <p class='ocr_par' dir='ltr' id='par_1_45' title="bbox 376 5036 1976 5119">
     <span class='ocr_line' id='line_1_46' title="bbox 376 5036 1976 5119; baseline 0.003 -23"><span class='ocrx_word' id='word_1_456' title='bbox 376 5036 496 5097; x_wconf 90' lang='lat' dir='ltr'><strong>titis</strong></span> <span class='ocrx_word' id='word_1_457' title='bbox 522 5056 783 5116; x_wconf 89' lang='lat' dir='ltr'><strong>operum</strong></span> <span class='ocrx_word' id='word_1_458' title='bbox 819 5042 1119 5119; x_wconf 82' lang='grc' dir='ltr'><strong>δίγλωττον</strong></span> <span class='ocrx_word' id='word_1_459' title='bbox 1147 5039 1484 5100; x_wconf 90' lang='lat' dir='ltr'><strong>editionem</strong></span> <span class='ocrx_word' id='word_1_460' title='bbox 1517 5042 1775 5119; x_wconf 89' lang='lat' dir='ltr'><strong>aggredi</strong></span> <span class='ocrx_word' id='word_1_461' title='bbox 1804 5061 1881 5101; x_wconf 86' lang='lat' dir='ltr'><strong>ex</strong></span> <span class='ocrx_word' id='word_1_462' title='bbox 1902 5047 1976 5101; x_wconf 60' lang='lat' dir='ltr'><strong>’co</strong></span> 
     </span>
    </p>
   </div>
   <div class='ocr_carea' id='block_1_46' title="bbox 2171 5036 3771 5119">
    <p class='ocr_par' dir='ltr' id='par_1_46' title="bbox 2171 5038 3771 5118">
     <span class='ocr_line' id='line_1_47' title="bbox 2171 5038 3771 5118; baseline -0.003 -17"><span class='ocrx_word' id='word_1_463' title='bbox 2171 5042 2500 5102; x_wconf 72' lang='lat' dir='ltr'><strong>lasiliensis</strong></span> <span class='ocrx_word' id='word_1_464' title='bbox 2529 5045 2792 5109; x_wconf 80' lang='grc' dir='ltr'><strong>εκδόσεως</strong></span> <span class='ocrx_word' id='word_1_465' title='bbox 2822 5041 2971 5101; x_wconf 91' lang='lat' dir='ltr'><strong>anni</strong></span> <span class='ocrx_word' id='word_1_466' title='bbox 3002 5041 3158 5101; x_wconf 76' lang='grc'><strong>1550</strong></span> <span class='ocrx_word' id='word_1_467' title='bbox 3187 5039 3358 5118; x_wconf 90' lang='lat' dir='ltr'><strong>apud</strong></span> <span class='ocrx_word' id='word_1_468' title='bbox 3389 5038 3771 5116; x_wconf 87' lang='lat' dir='ltr'><strong>Hervagium</strong></span> 
     </span>
    </p>
   </div>
   <div class='ocr_carea' id='block_1_47' title="bbox 378 5134 3776 5217">
    <p class='ocr_par' dir='ltr' id='par_1_47' title="bbox 378 5134 3776 5217">
     <span class='ocr_line' id='line_1_48' title="bbox 378 5134 3776 5217; baseline 0 -24"><span class='ocrx_word' id='word_1_469' title='bbox 378 5151 552 5210; x_wconf 86' lang='lat' dir='ltr'><strong>quem</strong></span> <span class='ocrx_word' id='word_1_470' title='bbox 585 5134 969 5196; x_wconf 88' lang='lat' dir='ltr'><strong>clarissimus</strong></span> <span class='ocrx_word' id='word_1_471' title='bbox 997 5135 1093 5196; x_wconf 89' lang='lat' dir='ltr'><strong>vir</strong></span> <span class='ocrx_word' id='word_1_472' title='bbox 1116 5137 1390 5198; x_wconf 87' lang='lat' dir='ltr'><strong>Jacobus</strong></span> <span class='ocrx_word' id='word_1_473' title='bbox 1416 5138 1653 5211; x_wconf 90' lang='lat' dir='ltr'><strong>Billius,</strong></span> <span class='ocrx_word' id='word_1_474' title='bbox 1691 5139 2013 5217; x_wconf 88' lang='lat' dir='ltr'><strong>utriusque</strong></span> <span class='ocrx_word' id='word_1_475' title='bbox 2042 5139 2273 5217; x_wconf 74' lang='lat' dir='ltr'><strong>linguae</strong></span> <span class='ocrx_word' id='word_1_476' title='bbox 2308 5139 2739 5217; x_wconf 89' lang='lat' dir='ltr'><strong>peritissimus,</strong></span> <span class='ocrx_word' id='word_1_477' title='bbox 2773 5157 2915 5198; x_wconf 93' lang='lat' dir='ltr'><strong>cum</strong></span> <span class='ocrx_word' id='word_1_478' title='bbox 2941 5136 3147 5215; x_wconf 88' lang='lat' dir='ltr'><strong>Regiis</strong></span> <span class='ocrx_word' id='word_1_479' title='bbox 3170 5136 3487 5196; x_wconf 89' lang='lat' dir='ltr'><strong>codicibus</strong></span> <span class='ocrx_word' id='word_1_480' title='bbox 3520 5134 3776 5196; x_wconf 83' lang='lat' dir='ltr'><strong>Gallicis</strong></span> 
     </span>
    </p>
   </div>
   <div class='ocr_carea' id='block_1_48' title="bbox 380 5232 3770 5313">
    <p class='ocr_par' dir='ltr' id='par_1_48' title="bbox 380 5232 3770 5313">
     <span class='ocr_line' id='line_1_49' title="bbox 380 5232 3770 5313; baseline 0 -24"><span class='ocrx_word' id='word_1_481' title='bbox 380 5236 435 5290; x_wconf 90' lang='lat' dir='ltr'><strong>et</strong></span> <span class='ocrx_word' id='word_1_482' title='bbox 463 5250 598 5291; x_wconf 90' lang='lat' dir='ltr'><strong>cum</strong></span> <span class='ocrx_word' id='word_1_483' title='bbox 631 5233 861 5293; x_wconf 83' lang='lat' dir='ltr'><strong>Italicis</strong></span> <span class='ocrx_word' id='word_1_484' title='bbox 892 5238 1182 5294; x_wconf 89' lang='lat' dir='ltr'><strong>accurate</strong></span> <span class='ocrx_word' id='word_1_485' title='bbox 1225 5236 1651 5297; x_wconf 89' lang='lat' dir='ltr'><strong>contulerat...</strong></span> <span class='ocrx_word' id='word_1_486' title='bbox 1682 5238 1911 5297; x_wconf 85' lang='lat' dir='ltr'><strong>Verum</strong></span> <span class='ocrx_word' id='word_1_487' title='bbox 1946 5236 2112 5296; x_wconf 91' lang='lat' dir='ltr'><strong>enim</strong></span> <span class='ocrx_word' id='word_1_488' title='bbox 2146 5236 2445 5313; x_wconf 92' lang='lat' dir='ltr'><strong>quoniam</strong></span> <span class='ocrx_word' id='word_1_489' title='bbox 2496 5254 2619 5295; x_wconf 85' lang='lat' dir='ltr'><strong>non</strong></span> <span class='ocrx_word' id='word_1_490' title='bbox 2667 5236 2897 5313; x_wconf 89' lang='lat' dir='ltr'><strong>ubique</strong></span> <span class='ocrx_word' id='word_1_491' title='bbox 2930 5252 3069 5293; x_wconf 91' lang='lat' dir='ltr'><strong>cum</strong></span> <span class='ocrx_word' id='word_1_492' title='bbox 3101 5233 3295 5311; x_wconf 88' lang='lat' dir='ltr'><strong>ipsius</strong></span> <span class='ocrx_word' id='word_1_493' title='bbox 3330 5232 3549 5293; x_wconf 90' lang='lat' dir='ltr'><strong>Latina</strong></span> <span class='ocrx_word' id='word_1_494' title='bbox 3577 5232 3770 5291; x_wconf 87' lang='lat' dir='ltr'><strong>inter-</strong></span> 
     </span>
    </p>
   </div>
   <div class='ocr_carea' id='block_1_49' title="bbox 384 5327 3770 5411">
    <p class='ocr_par' dir='ltr' id='par_1_49' title="bbox 384 5327 3770 5411">
     <span class='ocr_line' id='line_1_50' title="bbox 384 5327 3770 5411; baseline 0.001 -25"><span class='ocrx_word' id='word_1_495' title='bbox 384 5330 717 5404; x_wconf 85' lang='lat' dir='ltr'><strong>pretatione</strong></span> <span class='ocrx_word' id='word_1_496' title='bbox 749 5330 1210 5391; x_wconf 87' lang='lat' dir='ltr'><strong>conveniebant</strong></span> <span class='ocrx_word' id='word_1_497' title='bbox 1237 5331 1373 5409; x_wconf 91' lang='lat' dir='ltr'><strong>ejus</strong></span> <span class='ocrx_word' id='word_1_498' title='bbox 1403 5334 1871 5393; x_wconf 89' lang='lat' dir='ltr'><strong>emendationes</strong></span> <span class='ocrx_word' id='word_1_499' title='bbox 1900 5340 1962 5393; x_wconf 92' lang='lat' dir='ltr'><strong>et</strong></span> <span class='ocrx_word' id='word_1_500' title='bbox 1991 5339 2256 5411; x_wconf 80' lang='grc' dir='ltr'>εἷκασμοί,</span> <span class='ocrx_word' id='word_1_501' title='bbox 2295 5334 2615 5411; x_wconf 88' lang='lat' dir='ltr'><strong>multaque</strong></span> <span class='ocrx_word' id='word_1_502' title='bbox 2663 5333 2741 5393; x_wconf 89' lang='lat' dir='ltr'><strong>ab</strong></span> <span class='ocrx_word' id='word_1_503' title='bbox 2782 5333 2891 5392; x_wconf 92' lang='lat' dir='ltr'><strong>illo</strong></span> <span class='ocrx_word' id='word_1_504' title='bbox 2933 5332 3181 5391; x_wconf 78' lang='lat' dir='ltr'><strong>fuerant</strong></span> <span class='ocrx_word' id='word_1_505' title='bbox 3225 5331 3289 5389; x_wconf 92' lang='lat' dir='ltr'><strong>in</strong></span> <span class='ocrx_word' id='word_1_506' title='bbox 3321 5335 3495 5390; x_wconf 84' lang='lat' dir='ltr'><strong>textu</strong></span> <span class='ocrx_word' id='word_1_507' title='bbox 3540 5327 3770 5400; x_wconf 89' lang='lat' dir='ltr'><strong>deleta,</strong></span> 
     </span>
    </p>
   </div>
   <div class='ocr_carea' id='block_1_50' title="bbox 385 5425 1985 5511">
    <p class='ocr_par' dir='ltr' id='par_1_50' title="bbox 385 5427 1968 5511">
     <span class='ocr_line' id='line_1_51' title="bbox 385 5427 1968 5511; baseline 0.006 -28"><span class='ocrx_word' id='word_1_508' title='bbox 385 5442 514 5501; x_wconf 71' lang='lat' dir='ltr'><strong>quae</strong></span> <span class='ocrx_word' id='word_1_509' title='bbox 544 5427 705 5488; x_wconf 89' lang='lat' dir='ltr'><strong>idem</strong></span> <span class='ocrx_word' id='word_1_510' title='bbox 736 5446 954 5488; x_wconf 87' lang='lat' dir='ltr'><strong>rursus</strong></span> <span class='ocrx_word' id='word_1_511' title='bbox 984 5431 1244 5511; x_wconf 75' lang='grc' dir='ltr'><strong>δευτέρων</strong></span> <span class='ocrx_word' id='word_1_512' title='bbox 1278 5436 1574 5509; x_wconf 78' lang='grc' dir='ltr'><strong>ἀμῑινόνων</strong></span> <span class='ocrx_word' id='word_1_513' title='bbox 1608 5432 1968 5509; x_wconf 90' lang='lat' dir='ltr'><strong>reponenda</strong></span> 
     </span>
    </p>
   </div>
   <div class='ocr_carea' id='block_1_51' title="bbox 2175 5425 3775 5511">
    <p class='ocr_par' dir='ltr' id='par_1_51' title="bbox 2175 5425 3775 5505">
     <span class='ocr_line' id='line_1_52' title="bbox 2175 5425 3775 5505; baseline -0.004 -14"><span class='ocrx_word' id='word_1_514' title='bbox 2175 5437 2327 5501; x_wconf 82' lang='grc' dir='ltr'>,σθεὶς</span> <span class='ocrx_word' id='word_1_515' title='bbox 2357 5436 2704 5505; x_wconf 89' lang='lat' dir='ltr'><strong>censuerat,</strong></span> <span class='ocrx_word' id='word_1_516' title='bbox 2741 5436 2801 5490; x_wconf 90' lang='lat' dir='ltr'><strong>et</strong></span> <span class='ocrx_word' id='word_1_517' title='bbox 2830 5435 3049 5489; x_wconf 88' lang='lat' dir='ltr'><strong>contra</strong></span> <span class='ocrx_word' id='word_1_518' title='bbox 3092 5428 3430 5488; x_wconf 88' lang='lat' dir='ltr'><strong>sustulerat</strong></span> <span class='ocrx_word' id='word_1_519' title='bbox 3458 5429 3522 5485; x_wconf 88' lang='lat' dir='ltr'><strong>in</strong></span> <span class='ocrx_word' id='word_1_520' title='bbox 3553 5425 3775 5486; x_wconf 89' lang='lat' dir='ltr'><strong>Latina</strong></span> 
     </span>
    </p>
   </div>
   <div class='ocr_carea' id='block_1_52' title="bbox 454 5717 3167 5796">
    <p class='ocr_par' dir='ltr' id='par_1_52' title="bbox 454 5717 3167 5796">
     <span class='ocr_line' id='line_1_53' title="bbox 454 5717 3167 5796; baseline 0 -24"><span class='ocrx_word' id='word_1_521' title='bbox 454 5717 525 5788; x_wconf 89' lang='lat' dir='ltr'><strong>(a)</strong></span> <span class='ocrx_word' id='word_1_522' title='bbox 546 5722 661 5778; x_wconf 84' lang='lat' dir='ltr'><strong>Cat.</strong></span> <span class='ocrx_word' id='word_1_523' title='bbox 692 5721 819 5777; x_wconf 91' lang='lat' dir='ltr'><strong>Lib.</strong></span> <span class='ocrx_word' id='word_1_524' title='bbox 853 5721 990 5793; x_wconf 81' lang='lat' dir='ltr'><strong>Reg.</strong></span> <span class='ocrx_word' id='word_1_525' title='bbox 1022 5723 1165 5776; x_wconf 88' lang='lat' dir='ltr'><strong>tom.</strong></span> <span class='ocrx_word' id='word_1_526' title='bbox 1197 5721 1239 5790; x_wconf 90' lang='grc' dir='ltr'>Ι,</span> <span class='ocrx_word' id='word_1_527' title='bbox 1271 5740 1330 5778; x_wconf 91' lang='lat' dir='ltr'><strong>n.</strong></span> <span class='ocrx_word' id='word_1_528' title='bbox 1360 5724 1486 5777; x_wconf 86' lang='grc'><strong>271.</strong></span> <span class='ocrx_word' id='word_1_529' title='bbox 2026 5722 2098 5796; x_wconf 89' lang='lat' dir='ltr'><strong>(b)</strong></span> <span class='ocrx_word' id='word_1_530' title='bbox 2131 5724 2299 5795; x_wconf 89' lang='lat' dir='ltr'><strong>Greg.</strong></span> <span class='ocrx_word' id='word_1_531' title='bbox 2334 5723 2493 5790; x_wconf 88' lang='lat' dir='ltr'><strong>Naz.,</strong></span> <span class='ocrx_word' id='word_1_532' title='bbox 2534 5722 2595 5775; x_wconf 86' lang='lat' dir='ltr'><strong>in</strong></span> <span class='ocrx_word' id='word_1_533' title='bbox 2634 5722 2742 5777; x_wconf 85' lang='lat' dir='ltr'><strong>Jul.</strong></span> <span class='ocrx_word' id='word_1_534' title='bbox 2776 5720 2986 5776; x_wconf 85' lang='lat' dir='ltr'><strong>invect.</strong></span> <span class='ocrx_word' id='word_1_535' title='bbox 3020 5721 3167 5775; x_wconf 76' lang='lat' dir='ltr'><strong>duas.</strong></span> 
     </span>
    </p>
   </div>
  </div>
