2026 3138
80 211 117 242 19
585 210 793 242 ΡΒιΈΡΛΤῙΟ
816 212 880 242 GEP

985 212 1048 242 LIS.
1067 228 1105 234 —
1118 212 1220 243 PARS
1243 212 1267 242 Ι.
1747 211 1785 243 20

78 277 349 317 interpretatione,
367 286 436 317 quae
451 277 482 307 in
499 278 612 308 Graecis
627 278 735 309 relicta
749 281 858 314 erant;
875 282 997 309 tantum
1015 279 1073 309 sibi
1087 288 1245 309 assumere
1260 279 1361 310 noluit
1383 280 1550 319 praefectus
1566 282 1735 320 διορθώσεσι,
1752 283 1787 311 ut

79 326 118 356 de
134 327 214 356 tanti
228 327 286 356 viri
301 335 395 365 opere
424 330 455 357 et
469 330 598 368 ἀγχινοίᾳ
612 327 798 358 sententiam
828 328 943 364 ferret;
974 328 1148 367 maluitque
1167 328 1205 358 de
1233 328 1286 358 hoc
1314 328 1372 358 sibi
1401 328 1512 358 tradito
1537 329 1724 369 exprimere,
1750 338 1786 359 ac

79 374 194 405 deinde
205 375 235 405 in
253 375 334 405 notis
347 384 384 405 ac
398 375 525 406 scholiis
540 376 686 406 collectas
711 377 812 407 varias
841 376 989 406 lectiones
1025 380 1264 416 repraesentare,
1281 386 1414 416 qumque
1431 378 1530 417 magis
1546 388 1616 408 cum
1631 378 1785 418 interpre-

79 426 146 454 tum
163 424 304 454 oratione
319 424 539 460 consentirent,
557 425 604 455 vel
618 434 688 455 cum
704 425 841 455 auctoris
856 434 947 455 sensu
962 435 998 455 co
1008 425 1185 459 nvenirent,
1202 426 1233 456 in
1249 426 1326 456 locis
1342 426 1496 466 ambiguis
1511 427 1663 457 indicare.
1681 440 1695 455 »

119 473 283 508 Quodnam
299 476 404 503 autem
423 485 438 501 α
454 473 602 504 traditum
619 474 707 511 illud,
723 474 761 504 de
789 483 851 513 quo
879 473 964 504 bona
991 473 1053 504 fide
1068 474 1259 504 correctioni
1276 475 1443 513 praefectus
1458 476 1634 513 exprimere
1651 475 1786 505 maluit?

78 520 112 551 Si
128 521 276 551 traditum
291 521 381 556 illud,
398 521 424 551 is
439 524 505 551 erat
521 522 705 552 emendatus
719 531 738 552 a
753 522 842 553 Billio
872 522 972 552 codex
1000 523 1099 561 probe
1124 522 1256 552 collatus
1272 526 1302 552 et
1317 523 1578 562 castigatissimus
1601 524 1750 560 effectus;
1767 536 1782 551 »

76 578 132 601 cur
147 570 187 600 ad
201 570 318 601 calcem
335 570 459 609 rejectee
473 570 555 600 Billii
570 570 742 601 lectiones?
756 571 921 601 Hominem
936 571 1052 610 quippe
1075 571 1197 607 credas,
1214 571 1298 610 quod
1315 571 1403 606 solet,
1421 572 1569 610 quodque
1586 581 1714 611 prorsus
1732 572 1783 602 hic

76 618 180 658 operis
194 619 415 653 necessarium,
432 628 497 658 prae
514 619 658 650 manibus
673 619 819 649 habuisse
833 619 916 649 Billii
932 619 1093 659 quoddam
1109 619 1364 659 autographum;
1381 620 1407 649 si
1432 620 1533 650 minus
1551 632 1566 648 «
1584 620 1784 659 castigatissi-

76 677 173 704 mum,
192 678 207 694 »
225 670 257 697 at
271 676 288 697 e
303 677 366 706 quo
381 667 513 706 diligens
528 667 638 698 saltem
655 671 685 698 et
699 671 809 698 acutus
836 668 1055 707 typographus
1080 669 1227 707 expedire
1252 678 1284 698 se
1313 672 1472 708 utcunque
1495 672 1610 708 posset.
1628 669 1689 700 Sed
1706 678 1781 699 neu-

75 719 160 747 trum
177 716 299 755 uspiam
314 715 451 746 afﬁrmat
467 716 693 747 Genehrardus.
712 717 811 756 Igitur
829 727 843 745 «
858 716 884 746 si
901 716 1050 746 traditum
1066 728 1080 744 η
1100 717 1178 747 illud
1208 717 1286 747 nihil
1316 720 1363 747 est
1391 717 1448 747 nisi
1476 718 1676 756 Hervagiana
1690 717 1785 748 editio

76 764 264 801 Basiliensis,
283 765 383 800 unius,
402 767 436 795 ut
450 768 584 802 constat,
613 765 695 795 Billii
726 775 833 802 manu,
863 764 1028 804 liturisque
1057 770 1121 796 tam
1150 767 1293 802 confusa,
1311 769 1374 796 tam
1390 765 1587 804 perturbata,
1608 778 1623 793 «
1639 769 1783 805 utquam

77 815 148 851 λέξιν
163 817 208 844 καὶ
224 816 299 854 ῥῆσιν
318 813 417 851 magis
431 813 590 852 probaret,
607 822 701 852 quam
718 815 870 853 rejiceret,

983 817 1038 853 ,an
1056 824 1216 853 nunquam
1234 814 1435 853 exprimeret,
1453 826 1467 841 ››
1486 814 1570 853 quod
1586 814 1653 853 ipse
1669 814 1783 844 fatetur

76 865 172 901 atque
187 862 280 892 etiam
297 861 404 891 scribit
418 862 584 892 Morellus:
602 871 658 892 cur
671 863 796 894 inserta
809 865 925 903 passim
941 868 1035 903 atque
1063 864 1204 894 sull'ectze
1235 863 1318 893 Billii
1343 872 1397 892 seu
1412 863 1573 900 lectiones,
1590 872 1645 892 seu
1660 863 1785 902 conjec-

76 914 174 947 turae;
191 919 262 940 cum
278 910 394 940 fatente
410 911 549 947 Morello,
568 920 606 941 ne
621 911 752 942 obscure
766 913 905 952 quidem,
923 923 978 943 nec
996 913 1058 943 ullo
1090 913 1182 942 modo
1205 921 1344 951 unquam
1365 912 1563 950 expresserit,
1580 911 1656 951 quid
1672 911 1786 951 proba-

74 962 133 994 ret,
150 959 225 998 quid
241 959 407 999 rejiceret?
421 959 561 998 Denique
576 960 645 999 quis
661 960 808 991 Hercules
824 962 863 992 ad
889 962 949 992 hoc
974 974 989 990 «
1017 962 1125 1000 Augiae
1150 973 1165 988 ››
1194 961 1364 1000 plusquam
1397 972 1411 987 «
1439 960 1598 990 stabulum
1615 969 1785 999 repurgan-

73 1008 172 1038 dum?
189 1019 202 1036 ι)
220 1008 259 1038 Et
274 1011 378 1038 tamen
393 1007 467 1038 huic
481 1008 568 1047 operi
595 1008 780 1040 admovetur
796 1022 812 1038 «
828 1011 994 1050 praefectus
1009 1009 1255 1041 correctionibus
1276 1008 1538 1048 typographicis;
1555 1020 1569 1037 »
1588 1009 1643 1048 qui
1657 1009 1788 1039 forsitan

74 1056 138 1092 vix,
155 1059 189 1086 ut
204 1056 268 1086 fere
283 1056 329 1093 fit,
346 1057 452 1087 Graece
468 1057 570 1096 legere
586 1060 689 1087 norat.
1548 1080 1551 1083 ι

113 1105 212 1135 Venia
238 1107 344 1135 tamen
373 1105 460 1144 digni
487 1105 633 1135 videntur
663 1107 852 1138 Parisienses
874 1108 1020 1138 editores.
1053 1119 1067 1135 «
1096 1106 1176 1143 Quid
1191 1106 1275 1136 enim
1292 1106 1345 1136 hic
1361 1115 1447 1145 agas,
1465 1116 1479 1134 ι)
1500 1109 1533 1135 ut
1548 1105 1671 1136 Morelli
1685 1105 1788 1136 verbis

74 1155 158 1189 utar,
176 1164 190 1180 «
207 1152 261 1182 ubi
276 1162 371 1192 quam
387 1155 457 1191 λέξιν
474 1157 518 1183 καὶ
534 1156 611 1194 ῥῆσιν
626 1154 725 1193 magis
742 1155 898 1195 probaret,
922 1164 1019 1195 quam
1041 1155 1185 1194 rejiceret
1209 1154 1326 1184 diserte
1350 1162 1513 1193 nunquam
1531 1153 1667 1193 (Billius)
1682 1153 1786 1192 expri-

76 1202 198 1231 meret?
212 1201 271 1232 Ubi
285 1211 349 1231 non
366 1201 493 1240 ubique,
509 1213 523 1231 ι)
542 1203 628 1242 quod
643 1204 732 1243 ajunt
746 1204 778 1233 in
794 1205 892 1234 altera
908 1204 1103 1243 praefatione,
1123 1215 1137 1231 «
1159 1212 1231 1233 cum
1256 1202 1369 1233 Latina
1392 1202 1650 1241 interpretatione
1671 1211 1784 1232 conve-

77 1250 207 1280 niebant
221 1249 456 1280 emendationes
470 1253 500 1280 et
524 1251 733 1290 conjecturas:
763 1253 818 1283 ubi
846 1253 946 1283 multa
968 1253 1000 1283 in
1029 1255 1117 1282 textu
1146 1251 1260 1288 deleta,
1277 1261 1349 1290 quae
1369 1251 1451 1281 idem
1470 1251 1578 1281 Billius
1606 1251 1786 1290 reponenda

74 1301 258 1334 censuerat;
274 1302 305 1328 et
319 1301 429 1328 contra
444 1299 613 1330 sustulerat
635 1300 667 1330 in
690 1301 802 1331 Latina
828 1301 1097 1340 interpretatione,
1125 1310 1197 1340 quae
1221 1300 1253 1330 in
1279 1300 1394 1330 Graecis
1424 1299 1535 1329 relicta
1559 1302 1666 1330 erant:
1692 1311 1706 1327 ››
1723 1308 1785 1329 uno

73 1347 182 1383 verbo,
198 1346 252 1377 ubi
266 1356 324 1377 nec
341 1347 452 1377 Latina
466 1357 536 1377 cum
553 1349 678 1385 Graecis,
696 1358 752 1379 nec
765 1351 873 1380 Graeca
887 1359 958 1380 cum
975 1350 1092 1380 Latinis
1107 1349 1322 1379 convenirent.
1340 1348 1420 1384 Quid
1441 1357 1530 1387 agas,
1554 1348 1696 1387 inquam,
1713 1348 1784 1384 nisi,
1834 1345 1836 1347 ’

73 1405 130 1426 nec
145 1395 336 1432 Basiliensia,
353 1405 424 1435 quae
439 1396 625 1435 plerumque
639 1397 741 1428 deleta
756 1401 811 1428 aut
826 1399 1020 1437 perturbata,
1038 1408 1094 1428 nec
1109 1397 1243 1428 Billiana
1259 1406 1333 1437 quae
1349 1397 1446 1427 dubia
1461 1397 1589 1437 penitus
1603 1399 1635 1427 et
1652 1396 1784 1433 incerta,

76 1444 131 1474 sed
146 1444 341 1474 inconditum
358 1445 529 1483 quoddam.
547 1446 680 1477 informe
695 1450 726 1477 et
741 1447 926 1487 ambiguum
942 1457 1021 1487 opus
1037 1447 1136 1477 edas?

113 1494 192 1523 Ecce
202 1492 282 1533 jam,
299 1496 361 1524 nOn
380 1506 395 1522 ‹‹
410 1494 617 1533 propositum,
634 1506 648 1523 ι)
669 1505 731 1526 non
750 1508 764 1523 «
779 1496 945 1526 consilium
961 1505 997 1527 ac
1013 1496 1192 1532 destinatio,
1212 1508 1226 1523 ιι
1243 1494 1296 1525 sed
1322 1503 1418 1533 opera
1441 1494 1665 1524 Parisiensium
1683 1493 1784 1523 edito—

72 1550 154 1571 rum.
171 1542 236 1572 Hoc
251 1551 359 1572 eorum
375 1552 464 1582 opus,
482 1543 557 1582 ipsis
573 1543 753 1574 latentibus.
771 1545 848 1575 Hinc
865 1545 971 1575 mirari
986 1545 1070 1575 subit
1091 1544 1144 1584 qui
1170 1544 1249 1574 falso
1274 1543 1395 1573 Graecis
1409 1542 1594 1582 inscriptum
1613 1542 1785 1572 doctissimi

71 1590 154 1621 Billii
169 1600 283 1621 nomen
298 1591 406 1621 doctos
421 1592 539 1631 pariter
553 1595 584 1622 et
598 1592 741 1623 indoctos
753 1593 784 1623 in
808 1603 946 1624 errorem
968 1593 1139 1630 induxerit,
1165 1596 1199 1623 ut
1222 1593 1254 1622 in
1279 1592 1338 1622 hac
1362 1591 1515 1627 editione,
1532 1592 1639 1621 Graeca
1654 1591 1783 1621 meliora

71 1648 167 1679 quam
182 1639 214 1669 in
232 1639 392 1670 Basiliensi
407 1640 466 1670 sibi
481 1641 716 1680 persuaderent.
734 1642 809 1672 Inde
824 1642 991 1682 Gregorius
1006 1642 1064 1672 sub
1081 1641 1149 1672 falsi
1166 1641 1248 1671 Billii
1265 1640 1402 1671 nominis
1419 1640 1531 1670 umbra
1556 1640 1716 1678 neglectus
1730 1640 1779 1670 in-

71 1688 236 1729 cultusque
247 1688 343 1728 jacet,
360 1689 434 1729 quia
449 1699 572 1720 summa
586 1699 661 1721 cura
675 1691 809 1722 collatus
823 1701 895 1722 cum
911 1701 985 1722 mss.
1000 1694 1032 1722 et.
1045 1691 1231 1721 emendatus
1244 1700 1263 1721 ιι
1277 1689 1369 1720 Billio
1385 1691 1502 1720 temere
1520 1688 1719 1728 praedicatur.

655 1871 699 1901 De
713 1871 893 1902 correctione
917 1879 967 1901 seu
992 1869 1089 1900 codice
1109 1869 1206 1900 Billii.

114 2018 182 2047 Prae
199 2017 344 2048 manibus
359 2016 512 2047 habemus
527 2018 682 2048 famosum
711 2017 793 2048 Billii
812 2017 970 2054 volumen,
1002 2018 1040 2048 de
1068 2027 1131 2057 quo
1161 2019 1227 2048 tam
1258 2016 1337 2047 mira
1367 2017 1598 2055 Genebrardus,
1625 2016 1783 2052 Morellus,

72 2069 188 2109 aliique
204 2069 386 2109 praedicant.
404 2069 553 2100 Ghatardi
568 2070 716 2109 primum,
734 2070 784 2100 cui
799 2070 1024 2101 bibliothecam
1052 2069 1161 2100 Billius
1189 2069 1322 2108 legarat,
1342 2072 1408 2099 tum
1445 2069 1651 2106 Genebrardi,
1675 2068 1787 2098 deinde

73 2118 105 2148 in
123 2118 242 2149 Petavii
259 2127 368 2148 manus
383 2118 469 2149 venit
483 2118 509 2149 is
524 2119 634 2150 eodex.
653 2121 677 2149 A
692 2119 819 2150 Petavio
834 2122 977 2150 senatore
1003 2119 1168 2149 Parisiensi
1192 2118 1233 2149 ad
1259 2117 1435 2155 Richerios,
1450 2118 1659 2148 Sorbonicum
1677 2117 1786 2147 docto-

73 2177 138 2198 rem
154 2168 300 2203 alterum,
313 2167 448 2198 alterum
465 2168 620 2198 medicum
636 2168 740 2198 fratris
754 2168 823 2207 ejus
838 2168 949 2205 ﬁlium,
976 2168 1102 2198 demum
1123 2168 1166 2198 ad
1190 2167 1380 2206 bibliopolas
1395 2167 1527 2197 transiit.
1546 2168 1634 2197 Hunc
1645 2169 1785 2206 emptum

74 2216 121 2247 vir
135 2216 250 2252 clarus,
267 2216 419 2246 librorum
435 2220 467 2247 et
483 2217 660 2247 litterarum
675 2226 796 2251 amans,
810 2219 845 2247 D.
858 2218 961 2247 Baron
975 2217 1163 2247 Senonensis
1180 2216 1363 2255 metropolis
1377 2216 1549 2246 canonicus
1563 2218 1594 2246 et
1610 2218 1783 2255 promotor,

74 2274 144 2295 cum
161 2265 200 2296 de
214 2274 297 2295 nova
312 2265 452 2304 Gregorii
467 2274 600 2304 operum
626 2266 764 2296 editione
792 2266 932 2305 cogitare
957 2268 1099 2296 nostrum
1124 2265 1262 2295 audisset
1276 2264 1489 2300 Louvardum,
1505 2264 1565 2304 ipsi
1580 2264 1685 2294 statim
1705 2264 1788 2294 ultro

75 2313 189 2344 obtulit
201 2314 329 2350 librum,
346 2316 441 2353 atque
457 2314 551 2344 etiam
568 2314 750 2354 generosius
765 2314 858 2344 misit.

118 2362 209 2393 Liber
224 2362 326 2393 editus
341 2365 388 2393 est
403 2362 533 2393 Basileaa
549 2363 633 2403 apud
649 2363 838 2402 Hervagium
864 2372 948 2394 anno
973 2364 1061 2394 i550.
1080 2375 1094 2390 «
1124 2363 1159 2393 In
1189 2371 1256 2398 ora,
1278 2372 1293 2391 ι)
1326 2371 1389 2392 non
1417 2364 1554 2398 tantum,
1576 2364 1611 2391 ut
1640 2361 1788 2392 Morellus

77 2411 281 2448 admonebat,
297 2411 352 2441 sed
368 2411 452 2441 intra
472 2411 571 2442 lineas
595 2412 688 2452 longe
716 2412 928 2451 frequentius;
958 2423 972 2440 α
1004 2421 1061 2442 nec
1089 2411 1335 2448 emendationes,
1365 2410 1574 2450 conjecturas,
1604 2410 1784 2441 lectiones»

76 2460 242 2496 duntaxat,
261 2469 366 2490 verum
382 2459 576 2499 glossemata
595 2461 701 2498 etiam,
718 2470 904 2500 synonyma,
921 2464 952 2491 et
970 2460 1002 2491 id
1018 2470 1116 2500 genus
1132 2460 1203 2497 alia,
1223 2469 1318 2490 manu
1333 2469 1390 2490 sua
1405 2459 1569 2490 adnotavit
1583 2459 1704 2489 Billius.
1723 2460 1784 2490 Sed

76 2508 160 2539 intra
175 2508 273 2539 lineas
287 2508 332 2538 ita
346 2508 533 2548 plerumque
547 2509 615 2540 haec
629 2509 755 2545 inserta,
781 2513 845 2540 tam
870 2509 952 2540 male
980 2509 1074 2548 picta,
1102 2511 1189 2539 tanta
1217 2508 1400 2539 confusione
1423 2508 1560 2547 ascripta
1575 2510 1659 2543 sunt,
1676 2511 1712 2537 ut
1725 2517 1783 2538 nec

77 2559 197 2596 aperte,
214 2566 270 2587 nec
284 2557 431 2592 obscure,
450 2557 600 2597 nulloque
616 2567 744 2597 prorsus
759 2558 854 2588 modo
871 2567 1050 2597 pernosces,
1063 2568 1125 2588 nun
1142 2558 1257 2595 dicam,
1274 2566 1345 2596 quae
1360 2556 1468 2596 spuria
1483 2556 1533 2593 sit,
1550 2565 1620 2595 quae
1636 2565 1788 2595 germana

77 2605 181 2642 lectio,
198 2607 252 2637 sed
270 2609 304 2636 ut
319 2615 356 2636 ne
373 2606 543 2636 divinando
563 2607 690 2646 quidem
707 2606 896 2646 assequaris,
913 2617 953 2636 an
968 2607 1024 2637 illa
1038 2607 1130 2637 lectio
1153 2607 1194 2636 sit
1217 2615 1234 2636 e
1258 2605 1479 2645 manuscriptis
1498 2608 1597 2641 eruta,
1615 2607 1670 2635 aut
1684 2613 1701 2635 e
1717 2604 1788 2644 qui-

77 2654 224 2691 busnam,
240 2663 280 2684 an
297 2653 413 2693 glossa,
430 2664 470 2684 an
486 2656 679 2694 conjectura,
696 2664 736 2685 an
752 2655 941 2686 emendatio.
959 2655 1057 2686 Credo
1073 2655 1229 2694 equidem,
1249 2663 1288 2684 ne
1303 2654 1412 2685 Billius
1433 2654 1501 2693 ipse
1526 2653 1695 2690 redivivus,
1712 2653 1787 2692 quid

77 2702 136 2733 sibi
151 2706 216 2733 tum
234 2703 339 2739 vellet,
358 2704 451 2733 modo
466 2707 570 2743 posset
584 2704 753 2744 explicare.
770 2706 853 2735 Pura
868 2707 945 2744 puta
960 2707 1033 2734 sunt
1044 2704 1233 2740 adversaria,
1246 2704 1277 2733 in
1289 2712 1361 2743 quas
1376 2703 1462 2734 aliud
1477 2704 1605 2742 agentes
1620 2701 1789 2740 scriptores

78 2752 193 2782 cursim
208 2761 244 2782 ac
261 2752 446 2782 festinanter
460 2762 497 2783 ex
514 2756 654 2793 tempore
670 2756 806 2784 mentem
825 2755 1009 2789 exonerant,
1027 2753 1093 2783 sine
1109 2753 1202 2790 serie,
1219 2753 1285 2783 sine
1307 2752 1428 2790 ordine,
1444 2751 1510 2781 sine
1525 2750 1735 2787 distinctione,
1753 2749 1791 2779 ut

80 2801 139 2831 nisi
153 2801 227 2837 cito,
240 2804 295 2831 aut
310 2801 457 2840 perendie
473 2801 628 2841 digerant,
645 2802 720 2842 quid
735 2802 794 2832 sibi
810 2802 977 2839 voluerint,
993 2802 1052 2841 ipsi
1068 2804 1178 2841 postea
1192 2810 1256 2832 non
1270 2800 1459 2840 intelligant.

119 2849 298 2881 Versionem
327 2859 416 2880 suam
445 2851 547 2890 primo
577 2851 703 2891 quidem
727 2860 854 2891 magna,
885 2854 951 2882 tum
981 2851 1125 2882 secundis
1154 2850 1236 2881 curis
1264 2859 1387 2881 summa
1416 2848 1583 2880 sedulitate
1607 2847 1716 2879 Billius
1730 2847 1786 2878 ad-
