2026 3138
167 209 202 239 Si
674 206 883 237 PRIEFATIO
906 206 1144 236 GENEILALIS.
1162 223 1200 228 —
1215 207 1314 236 PARS
1337 206 1361 236 Ι.
1832 207 1870 236 22

167 275 307 312 ornavit;
325 275 367 305 ad
381 274 477 314 idque
488 274 609 305 consilii
622 274 784 310 lectiones,
801 273 933 309 scholia,
949 272 1080 311 glmsas,
1097 272 1305 312 conjecturas,
1324 272 1559 303 emendationes
1574 273 1606 303 in
1626 273 1709 304 edito
1721 282 1778 304 suo
1795 283 1867 313 pro-

168 325 284 354 miscue
299 324 468 363 congessit.
483 325 598 355 Verum
614 323 652 353 de
668 322 782 353 Grmcis
794 321 931 358 edendis,
950 331 1003 351 seu
1019 321 1193 360 desperarit
1208 322 1346 358 omnino,
1373 322 1455 361 quod
1472 322 1610 352 insinuat
1625 323 1861 359 Genebrardus;

168 383 221 404 seu
234 374 319 412 quod
334 373 449 410 verius,
468 373 548 403 serio
561 381 723 411 nunquam
740 371 885 411 cogitarit
898 380 905 407 ;
916 371 952 400 iis
968 373 1051 400 certe
1067 380 1167 410 neque
1178 371 1327 407 studium,
1345 380 1446 408 neque
1462 380 1568 401 curam
1587 371 1683 401 ullam
1696 372 1864 411 impendit;

166 422 229 452 imo
244 422 290 452 sic
305 422 492 461 perturbata
505 421 640 460 reliquit,
654 424 688 451 ut
703 420 779 459 quid
795 420 1011 458 rejiciendum,
1029 419 1104 458 quid
1133 420 1342 455 retinendum,
1369 420 1429 459 ipsi
1457 420 1591 450 editores
1619 430 1681 450 non
1712 421 1870 459 potuerint

167 479 338 509 agnoscere
354 479 411 500 nec
427 470 592 510 quisquam
609 470 705 509 possit
720 469 904 507 intelligere.
921 470 1088 507 Nunquam
1113 469 1216 499 Graece
1228 468 1367 507 Gregorii
1383 478 1479 508 opera.
1498 469 1589 499 edere
1606 469 1792 499 destinatum
1822 470 1868 500 illi

169 519 274 549 animo
286 519 363 549 fuit:
380 522 411 549 et
426 522 519 555 certe,
537 519 562 549 si
577 519 607 549 id
623 519 704 549 serio
720 518 898 557 cogitasset,
916 517 940 546 si
952 517 1039 556 operi
1055 526 1182 547 manum
1199 518 1397 553 admovisset,
1427 518 1452 547 si
1477 517 1552 556 quid
1580 518 1796 557 promovisset,
1814 528 1869 549 cur

168 576 204 598 eo
215 570 299 598 statu
312 568 424 598 saltem
440 569 547 598 Grmca
562 567 747 597 Nazianzeni
763 576 825 596 non
842 566 978 605 reliquit,
997 575 1059 604 quo
1075 565 1184 595 Isidori
1200 566 1365 595 Pelusiotae
1388 566 1547 605 epistolas,
1565 576 1643 605 quas
1658 576 1674 596 e
1686 566 1768 596 Billii
1784 567 1869 597 sche-

168 616 214 646 dis
229 617 366 647 triennio
382 620 452 656 post
460 617 534 655 ejus
545 616 665 646 obitum
683 617 788 646 erce
803 619 833 645 et
855 615 963 645 Latine
978 614 1151 645 Ghatardus
1166 615 1278 644 excudi
1293 615 1431 645 curavit:
1450 615 1513 645 imo
1539 625 1600 654 quo
1627 619 1709 645 statu
1739 616 1868 655 reliquit

166 668 292 695 centum
309 664 420 704 viginti
431 667 550 704 septem
574 664 713 703 ejusdem
729 663 868 702 Gregorii
884 663 1043 702 epistolas,
1061 672 1131 701 quae
1153 664 1257 693 Graece
1273 663 1390 702 pariter
1414 666 1445 692 et
1473 663 1581 693 Latine
1609 663 1678 702 ipso
1703 673 1782 703 pene
1806 674 1868 703 quo

167 716 310 743 mortuus
325 716 370 743 est
385 722 467 743 anno
483 713 626 752 prodiere
640 713 655 742 ?
671 713 751 748 Quid
762 712 948 747 Chatardus,
965 712 1019 749 qui
1030 714 1060 741 et
1071 712 1103 741 in
1120 712 1220 750 elogio
1235 712 1345 742 Jacobi
1360 711 1453 747 Billii,
1473 716 1503 741 et
1517 711 1548 740 in
1564 712 1696 750 epistola
1711 713 1751 742 ad
1765 713 1866 743 Gode-

166 762 283 792 fridum
299 762 426 792 Billium
441 762 509 801 ejus
524 762 664 799 fratrem,
681 761 826 800 deposita
841 761 924 799 apud
942 770 974 790 se
990 760 1059 790 Bilii
1076 760 1194 790 inedita
1209 769 1316 799 opera,
1338 771 1351 788 (ι
1367 760 1453 790 velut
1476 760 1662 799 posthumos
1679 773 1693 787 n
1712 761 1865 800 quosdam

168 822 182 838 ‹‹
199 810 295 841 libros
311 822 327 838 ι)
344 811 503 850 pollicitus
518 814 597 847 erat,
613 811 698 840 hunc
712 810 802 840 nobis
820 819 926 844 unum,
944 813 974 839 et
989 813 1064 838 natu
1085 809 1247 847 majorem,
1275 812 1305 838 et
1332 808 1456 847 parenti
1480 809 1668 845 chariorem,
1694 813 1725 839 et
1754 810 1864 840 merito

164 860 415 899 praestantiorem
433 860 567 890 invidit?
584 860 687 890 Primo
702 868 837 898 namque
853 861 1022 897 conceptus
1038 868 1054 888 a
1071 858 1161 889 Billio
1177 859 1258 888 fetus
1274 858 1323 888 hic
1340 858 1408 892 fuit,
1426 859 1540 898 vixque
1556 860 1671 889 Graecas
1687 859 1802 897 lingua
1819 862 1867 898 ty—

166 908 286 939 rocinia
297 912 472 939 excesserat
486 909 551 945 ille,
571 920 586 936 «
601 909 642 948 (a)
658 910 735 939 Cum
751 908 876 938 incessit
892 908 918 936 ei
935 907 1088 946 cupiditas
1107 907 1272 936 Latinitate
1289 907 1372 936 hunc
1389 906 1596 946 (Gregorium)
1616 907 1754 937 donandi
1782 911 1812 937 et
1828 909 1867 938 ab

164 957 340 987 innumeris
354 957 469 996 quibus
485 957 625 987 scatebat
646 957 766 987 mendis
778 959 809 986 et
823 956 953 986 salebris
968 956 1171 994 repurgandi.
1196 956 1293 986 Totus
1322 958 1388 985 erat
1413 955 1543 995 (Billius)
1560 955 1591 985 in
1608 956 1799 995 Gregoriano
1814 957 1868 987 illo

165 1015 272 1045 opere,
289 1006 373 1045 quod
389 1015 453 1036 non
469 1006 627 1036 immerito
644 1005 808 1045 pistrinum
825 1014 928 1040 suum,
945 1004 976 1033 in
1005 1013 1067 1043 quo
1097 1004 1149 1033 diu
1179 1003 1207 1034 ei
1237 1003 1418 1033 molendum
1444 1004 1513 1039 fuit,
1539 1004 1656 1034 alicubi
1682 1005 1833 1044 appellat.
1854 1018 1867 1033 ιι

162 1054 259 1084 Addit
271 1054 354 1084 infra
370 1054 568 1085 Ghatardus:
589 1065 603 1083 α
620 1053 772 1093 Cupiebat
800 1056 830 1083 et
856 1053 923 1093 ipse
953 1052 1083 1092 (Billius)
1113 1052 1265 1092 impense,
1293 1053 1367 1082 dum
1398 1055 1554 1091 superstes
1569 1056 1647 1089 erat,
1678 1057 1713 1084 ut
1741 1055 1867 1084 Graecus

163 1105 344 1133 sanctorum
358 1102 485 1133 illorum
500 1105 626 1133 Pateum
639 1111 718 1141 quos
733 1101 904 1136 transtulit,
922 1103 1086 1131 contextus
1101 1101 1140 1131 ab
1168 1102 1235 1140 ipso
1265 1101 1444 1139 recognitus
1459 1104 1489 1131 et
1503 1101 1543 1131 ab
1558 1101 1731 1132 innumeris
1747 1103 1867 1132 mendis

165 1150 339 1181 vindicatus
354 1151 568 1187 recuderetur,
585 1152 783 1189 maximeque
796 1151 831 1180 D.
851 1149 991 1189 Gregorii
1006 1150 1228 1180 Nazianzeni...
1244 1150 1275 1179 in
1304 1159 1367 1189 quo
1395 1150 1588 1189 castigando,
1611 1152 1822 1182 convertendo
1838 1155 1868 1181 et

163 1199 237 1230 illus
247 1200 361 1230 trando
376 1200 430 1230 diu
444 1200 642 1239 multumque
656 1209 688 1230 se
705 1199 830 1230 torsit...
849 1199 909 1230 Sed
920 1199 978 1229 hoc
993 1208 1011 1229 a
1026 1198 1206 1238 bibliopolis
1220 1208 1382 1238 nunquam
1394 1199 1543 1238 consequi
1558 1199 1671 1239 potuit,
1689 1200 1742 1239 qui
1758 1210 1777 1230 a
1788 1202 1867 1231 Gree-

164 1247 209 1278 cis
223 1251 255 1279 et
270 1249 410 1279 Hebraeis
425 1248 554 1279 edendis
569 1249 663 1288 plane
679 1248 861 1279 abhorrent.
878 1260 893 1276 »

203 1306 238 1335 Id
254 1305 381 1345 quidem
397 1306 538 1346 impense
551 1306 671 1344 Billius,
688 1309 720 1336 et
734 1316 752 1336 a
768 1305 876 1346 primis
891 1306 956 1336 fere
985 1306 1099 1336 Graecae
1128 1305 1243 1344 linguae
1272 1304 1432 1344 tyrociniis
1451 1305 1598 1345 cupiebat,
1615 1306 1720 1336 nullus
1735 1306 1844 1336 dubito
1858 1317 1864 1337 :

164 1354 259 1393 Operi
274 1364 332 1393 par
346 1357 423 1391 erat,
441 1358 471 1385 et
485 1356 615 1385 confusa
631 1355 702 1385 licet
717 1357 829 1394 parata
843 1354 986 1390 materia,
1001 1354 1134 1384 feliciter
1148 1357 1253 1384 tamen
1269 1353 1449 1393 perfecisset
1463 1354 1635 1393 inceptum,
1652 1354 1676 1384 si
1692 1364 1763 1394 spes
1774 1355 1867 1385 eden-

165 1403 197 1432 di
212 1403 320 1442 aliqua
335 1405 400 1433 tum
417 1403 596 1434 affulsisset.
614 1405 729 1435 Verum
745 1413 816 1434 cum
828 1403 915 1433 nulla
930 1402 1106 1442 effulgeret,
1122 1403 1154 1433 in
1171 1403 1284 1433 Graecis
1300 1412 1403 1442 operae
1419 1405 1542 1433 tantum
1559 1403 1735 1440 collocavit,
1766 1414 1866 1443 quan—

168 1454 235 1481 tum
250 1451 504 1492 interpretationi
519 1462 583 1483 suae
599 1453 775 1483 conducere
786 1452 950 1491 judicavit.
968 1454 1033 1482 Hoc
1062 1452 1121 1482 fuit
1144 1461 1222 1491 opus
1237 1452 1319 1482 Billii
1348 1452 1431 1481 circa
1460 1453 1600 1482 Graecum
1632 1453 1791 1491 Gregorii:
1818 1453 1869 1483 hic

168 1510 249 1530 unus
262 1501 364 1538 labor,
380 1512 394 1530 α
410 1503 442 1531 in
456 1511 519 1541 quo
534 1504 618 1532 totus
634 1502 701 1538 fuit,
721 1514 735 1529 »
752 1502 802 1532 cui
817 1502 911 1531 etiam
927 1501 1115 1531 immortuus
1130 1504 1187 1531 est.
1207 1501 1285 1531 Cum
1300 1503 1405 1530 autem
1434 1501 1610 1531 Chatardus
1639 1501 1683 1530 ait
1710 1502 1742 1531 in
1766 1502 1868 1540 elogio

166 1549 273 1580 Billii:
295 1561 310 1579 α
326 1551 439 1580 Omnia
458 1552 494 1580 D.
512 1550 653 1589 Gregorii
676 1551 862 1580 Nazianzeni
885 1552 987 1589 Opera
1011 1553 1181 1588 repurgata
1205 1553 1236 1579 et
1261 1549 1359 1578 multo
1387 1549 1528 1579 auctiora
1562 1549 1654 1585 facta,
1686 1551 1869 1588 conquisitis

165 1597 315 1628 nimirum
332 1599 542 1638 nndequaque
557 1599 713 1629 veteribus
729 1599 843 1629 Gracis
858 1598 1098 1638 exemplaribus,
1117 1597 1285 1636 multisque
1300 1598 1340 1627 ad
1357 1606 1427 1627 eum
1446 1597 1582 1628 missis...
1602 1598 1681 1636 typis
1693 1599 1833 1635 mandat,
1851 1611 1865 1627 ››

166 1650 240 1677 etc.:
257 1656 294 1677 ex
311 1647 357 1677 bis
368 1648 471 1677 verbis
485 1648 643 1684 discimus,
660 1657 806 1688 quaenam
819 1657 837 1678 a
852 1648 943 1678 Billio
962 1659 976 1677 (ι
992 1650 1172 1686 repurgata,
1184 1657 1198 1675 υ
1231 1650 1262 1676 et
1289 1647 1339 1676 cui
1368 1648 1411 1676 rei
1443 1657 1457 1674 (‹
1472 1647 1647 1685 conquisita
1663 1659 1677 1674 ››
1711 1648 1868 1687 missaque

166 1695 361 1735 exemplaria
378 1697 503 1733 Graeca;
519 1697 667 1727 nimirum
686 1708 701 1725 «
717 1697 918 1735 castigandis,
949 1695 1217 1735 recognoscendis,
1249 1696 1510 1734 repurgantisque
1526 1707 1540 1723 »
1573 1695 1714 1735 pauculis
1742 1697 1866 1733 Graecis,

166 1747 197 1774 et
214 1744 334 1774 Latinae
348 1744 446 1784 ipsius
460 1745 712 1785 interpretationi
727 1745 919 1784 editionique
931 1745 1072 1784 Gregorii
1088 1744 1295 1783 perﬁciendae.
1314 1744 1439 1783 qualern
1456 1747 1596 1774 extrema
1627 1753 1721 1774 manu
1737 1745 1868 1784 politam

167 1792 305 1823 moriens
320 1802 405 1823 anno
421 1794 499 1824 1582
514 1794 623 1824 Billius
638 1794 766 1833 reliquit
780 1803 914 1834 quaeque
927 1802 1011 1823 anno
1026 1793 1169 1833 sequenti
1197 1802 1213 1822 e
1244 1792 1330 1832 prelo
1360 1801 1485 1831 egressa
1500 1795 1564 1822 est:
1582 1794 1614 1822 at
1629 1793 1742 1823 Graecis
1757 1794 1872 1824 oratio-

166 1840 272 1877 nibus,
287 1841 490 1878 carminibus,
507 1845 538 1873 et
551 1842 691 1882 epistolis
705 1843 776 1882 plus
791 1852 895 1882 operae
907 1845 1058 1882 praeterea
1073 1841 1152 1871 nihil
1165 1841 1327 1880 impendit.

208 1898 241 1929 Si
257 1899 381 1930 Grmcns
395 1903 587 1931 contextusa
601 1901 692 1931 Billio
703 1903 750 1931 est
766 1913 780 1928 «
798 1901 941 1936 collatus,
959 1900 1148 1939 recognitus,
1179 1903 1376 1939 repurgatus,
1411 1899 1731 1938 castigatissimusque
1744 1912 1757 1927 ι
1779 1900 1869 1931 effec-

166 1949 229 1982 tus,
248 1950 282 1977 ut
297 1951 427 1978 narrant
442 1949 659 1979 Genebrardus
673 1953 704 1979 et
719 1949 894 1980 Chatardus
912 1958 919 1985 ;
936 1958 1002 1985 cur,
1020 1957 1138 1987 quaeso,
1155 1948 1211 1978 viri
1227 1948 1311 1978 docti
1338 1947 1492 1986 Billioque
1521 1947 1768 1986 conjunctissimi
1790 1958 1869 1987 opus

171 2005 187 2023 α
203 1996 480 2035 castigatissimum
494 2009 509 2026 ι
525 2007 591 2037 prae
606 1998 727 2028 caeteris
743 1998 885 2028 mandari
899 1997 982 2037 typis
996 2007 1059 2027 non
1075 1997 1248 2026 curarunt?
1266 1998 1386 2035 Ergone
1416 1996 1447 2026 id
1471 2006 1490 2026 a
1519 1997 1696 2035 bibliopolis
1720 1999 1869 2037 consequi

168 2053 231 2074 non
249 2048 440 2084 potuerunt;
464 2046 518 2085 qui
534 2047 796 2077 recalescentibus
811 2047 906 2086 paulo
932 2049 1004 2085 post
1032 2048 1208 2077 ercarum
1239 2046 1527 2083 Hebraicarumque
1555 2045 1730 2075 litterarum
1747 2046 1867 2083 studiis,

166 2093 267 2132 ipsius
283 2094 468 2125 Nazianzeni
483 2095 631 2134 plurima,
647 2098 712 2125 tum
729 2096 842 2125 Isidori
857 2096 1003 2125 volumen
1018 2095 1188 2134 integrum,
1218 2095 1334 2130 omnia,
1361 2096 1466 2124 Greece
1488 2100 1518 2124 et
1547 2094 1653 2124 Latine
1673 2095 1843 2133 vulgarunt
1857 2096 1871 2124 ?

168 2141 249 2176 Quin
260 2142 356 2172 etiam
372 2143 458 2173 haud
473 2143 518 2174 ita
535 2144 632 2174 multo
644 2146 724 2183 post,
742 2144 810 2182 ipsa
827 2144 966 2182 Gregorii
982 2144 1166 2173 Nazianzeni
1182 2143 1289 2173 omnia
1299 2143 1497 2181 aliorumque
1507 2143 1586 2173 bene
1604 2143 1772 2173 multorum
1790 2153 1867 2183 ope-

168 2199 204 2220 ra
219 2192 324 2221 Graece
339 2194 371 2221 et
384 2192 493 2222 Latine
508 2193 590 2232 typis
601 2192 841 2231 elegantissimis
856 2193 940 2222 edita
955 2195 1036 2222 sunt.
1055 2194 1156 2223 Unum
1169 2192 1323 2221 duntaxat
1338 2191 1451 2221 addam
1466 2200 1471 2220 :
1490 2195 1593 2221 textus
1614 2192 1666 2221 ille
1683 2204 1695 2219 α
1710 2201 1867 2231 expurga-

168 2240 219 2268 tus
234 2242 265 2269 et
279 2239 549 2277 castigatissimus,
566 2251 580 2269 »
599 2250 694 2279 quam
707 2240 882 2270 Chatardus
897 2243 929 2270 et
942 2240 1159 2270 Genebrardus
1174 2240 1329 2276 viderunt,
1356 2239 1409 2269 ille
1436 2239 1502 2278 ipse
1530 2241 1587 2275 est,
1618 2248 1712 2278 quem
1741 2240 1871 2270 exhibet

170 2290 313 2326 emptum
337 2289 405 2317 aD.
422 2288 526 2318 Baron
543 2289 731 2319 Senonensis
747 2288 929 2328 metropolis
944 2288 1106 2325 canonico,
1121 2288 1313 2327 missumque
1336 2288 1371 2316 D.
1404 2287 1568 2317 Francisco
1597 2288 1742 2317 Louvard
1769 2297 1872 2317 exem-

169 2336 260 2375 plar;
277 2337 362 2375 quod
378 2340 555 2376 opportune
570 2340 727 2367 servatum
746 2346 806 2367 non
823 2337 949 2367 excidit.
980 2337 1058 2366 Hinc
1082 2340 1166 2366 certo
1194 2337 1342 2366 discimus
1372 2336 1597 2365 correctionem
1621 2336 1786 2366 Billianam
1802 2346 1873 2366 nus-

170 2394 266 2424 quam
282 2387 577 2425 exstare,nusquam
593 2386 757 2422 exstitisse,
774 2386 916 2425 adeoque
931 2386 1138 2416 Parisiensem
1167 2385 1335 2415 editionem
1361 2394 1423 2414 non
1441 2384 1552 2423 majori
1566 2385 1598 2414 in
1629 2384 1756 2421 honore,
1776 2394 1871 2424 quam

169 2433 379 2464 Basileensem
396 2433 587 2470 habendam,
604 2434 643 2464 de
658 2444 721 2474 qua
737 2434 845 2464 Billius
858 2443 864 2464 :
886 2445 900 2463 α
914 2434 1130 2473 Hervagianus
1141 2434 1250 2469 codex,
1263 2434 1315 2471 qui
1332 2443 1412 2463 unus
1426 2433 1808 2473 suppetebat,tottamque
1819 2434 1873 2464 fm-

169 2483 217 2513 dis
231 2482 390 2513 erroribus
405 2483 555 2518 scatebat,
567 2486 601 2512 ut
612 2483 652 2513 ad
665 2484 724 2513 hoc
735 2483 842 2522 Augia:
853 2484 1011 2513 stabulum
1022 2483 1256 2522 repurgandum
1273 2491 1334 2512 non
1351 2491 1414 2511 uno
1429 2482 1560 2512 Hercule
1575 2492 1654 2521 opus
1670 2486 1760 2512 esset.
1778 2483 1870 2512 1Vulla

172 2531 379 2567 oratio,nulla
390 2531 620 2571 propemodum
632 2532 746 2571 pagina
761 2532 953 2570 gravissimis
961 2532 1081 2562 mendis
1091 2532 1481 2570 νθεθὺεῐκολοσώματοςωι
1490 2531 1534 2561 ita
1540 2531 1723 2568 dicam,erat
1732 2531 1799 2561 haec
1808 2531 1871 2570 pla-

170 2590 220 2620 ga.
240 2593 255 2607 »
280 2579 458 2610 Chatardus
482 2580 575 2610 etiam
597 2580 663 2610 haec
692 2580 731 2610 de
759 2580 848 2610 Billio
876 2580 983 2610 scribit
1012 2581 1050 2610 ad
1068 2581 1195 2611 fratrem
1220 2580 1288 2618 ejus
1314 2580 1550 2609 Laudunensem
1567 2579 1724 2613 abbatem,
1743 2579 1792 2609 cui
1808 2579 1871 2609 Bil-

170 2630 288 2660 lianam
304 2630 460 2660 Isidorum
476 2632 649 2668 nuncupat.
681 2629 850 2659 «Pudebat
878 2629 959 2659 enim
989 2638 1073 2665 eum,
1104 2629 1187 2668 quod
1217 2629 1370 2659 Graecia...
1389 2631 1451 2658 tam
1468 2629 1606 2664 doctum,
1624 2631 1687 2657 tam
1705 2628 1868 2664 disertum,

170 2681 298 2718 tamque
313 2678 486 2709 facundum
501 2680 705 2717 auctoremret
719 2681 875 2709 oratorem
892 2688 981 2708 suum
999 2678 1130 2708 haberet
1144 2681 1208 2708 tam
1225 2678 1369 2708 mutilum
1395 2687 1431 2708 ac
1461 2677 1610 2713 lacerum,
1638 2679 1746 2716 totque
1771 2677 1871 2716 plagis

207 2865 248 2899 (a)
262 2863 342 2900 Blog.
361 2862 449 2898 Billii,
464 2863 550 2899 epist.
566 2863 602 2891 ad
618 2863 718 2891 Godef.
738 2863 865 2899 Billium,
881 2871 960 2899 oper.
978 2862 1095 2898 Gregor.
1113 2862 1159 2890 ed.
1175 2870 1211 2890 an
1230 2862 1306 2895 1583,
1323 2870 1351 2898 p.
1370 2862 1446 2890 1550.
