4052 6276
211 370 289 432 93
1227 371 1642 434 PR/EFATIO
1688 370 2147 432 GENERALIS.
2183 403 2259 413 —-
2289 369 2493 430 PARS
2541 369 2592 429 Ι.
3537 366 3613 422 24

213 504 594 578 confossum,
632 508 699 563 ut
727 503 1058 565 semivivus
1090 504 1343 565 relictus
1377 503 1710 564 videretur.
1748 526 1777 559 »
1813 505 1961 574 Quae
1994 521 2133 563 cum
2164 521 2310 562 vera
2340 502 2483 574 sint,
2519 506 2707 579 atque
2730 500 2794 560 in
2825 499 3240 560 Parisiensem
3273 497 3612 558 editionem

211 600 453 679 possint
481 602 849 678 retorqueri,
887 609 955 661 ut
982 621 1056 662 ex
1089 602 1267 661 dictis
1299 607 1565 673 constat,
1589 601 1735 660 inde
1765 620 2016 678 quoque
2048 606 2334 660 constare
2367 599 2554 658 debet
2585 599 2999 658 necessariam
3033 615 3163 657 esse
3196 614 3421 655 novam
3450 597 3614 672 Ope-

213 715 352 756 rum
400 698 679 775 Gregorii
711 698 1083 758 Nazianzeni
1112 698 1786 769 editionem;maxime
1827 716 1967 757 eum
2031 697 2205 757 nulla
2257 697 2335 756 sit
2392 715 2532 773 quae
2576 695 2790 754 omnia
2848 695 2983 771 ejus
3039 695 3243 771 Opera
3273 692 3611 762 contineat,

213 794 390 853 nulla
420 812 560 872 quae
592 813 715 854 non
748 796 1092 855 innumeris
1125 795 1364 856 mendis
1393 801 1646 854 scateat.
1681 795 1775 853 Ad
1799 813 2024 855 novam
2063 795 2252 872 igitur
2283 797 2554 871 Operum
2589 792 2868 869 Gregorii
2914 790 3249 850 editionem
3309 789 3620 850 adornan-

214 890 357 951 dam
391 893 584 952 nostri
607 900 752 954 sunt
773 894 1068 972 aggressi.
1095 894 1340 954 Primus
1371 893 1545 971 operi
1577 911 1830 952 manum
1863 893 2143 952 admovit
2173 896 2242 952 D.
2286 890 2558 951 Jacobus
2616 889 2930 949 Frischius
2962 909 2976 962 ;
3041 908 3164 967 quo
3226 887 3413 967 paulo
3474 895 3615 965 post

215 989 544 1066 exstincto,
579 992 752 1070 operi
786 991 1081 1051 successit
1111 995 1179 1050 D.
1206 992 1570 1050 Franciscus
1599 992 1928 1063 Louvard;
1966 1009 2179 1050 verum
2216 995 2308 1049 tot
2348 987 2825 1066 tempestatibus
2888 987 3152 1062 iactatus
3208 995 3303 1045 est
3363 993 3429 1044 ut
3487 1003 3616 1043 rem

214 1086 508 1148 infectam
543 1089 895 1168 relinquere
927 1094 1181 1149 coactus
1211 1089 1309 1148 sit.
1344 1092 1501 1148 Tum
1536 1095 1742 1166 partes
1764 1088 1902 1147 illas
1931 1088 2203 1166 suscepit
2227 1091 2294 1146 D.
2336 1085 2704 1145 Prudentius
2747 1086 2986 1155 Maran,
3047 1084 3152 1143 sed
3205 1101 3237 1142 e
3269 1090 3619 1142 transverso

219 1203 385 1245 mors
414 1185 738 1246 incurrens
769 1187 968 1246 virum
992 1187 1244 1247 doctum
1268 1186 1544 1258 abstulit,
1583 1185 1946 1264 priusquam
1978 1205 2134 1263 opus
2166 1201 2557 1263 promovere,
2592 1183 2819 1242 nedum
2853 1182 3150 1258 perﬁcere
3185 1179 3478 1258 potuerit.
3507 1181 3621 1237 De-

221 1299 393 1340 mum
424 1301 559 1358 nos,
593 1281 737 1342 licet
768 1283 1036 1360 impares
1067 1288 1240 1342 tanto
1272 1282 1466 1353 oneri,
1509 1305 1537 1336 «
1567 1282 1628 1339 in
1661 1300 1876 1341 eorum
1910 1282 2176 1354 labores,
2219 1306 2244 1336 ››
2280 1281 2457 1340 inviti
2479 1280 2585 1341 sed
2609 1279 2788 1358 jussi,
2825 1278 3220 1338 intravimus.
3281 1276 3442 1349 Quid
3493 1276 3616 1335 sin-

218 1378 351 1456 guli
369 1379 433 1439 in
465 1379 583 1440 hac
611 1379 885 1442 editione
915 1379 1336 1459 prmstiterint,
1370 1397 1534 1438 nunc
1566 1379 2029 1457 exponendum.

541 1749 684 1802 QUID
727 1749 945 1794 NOSTRI
987 1748 1050 1793 IN
1092 1750 1208 1794 HAG
1252 1749 1536 1795 EDITIONE
1579 1749 1820 1795 OPERUM
1862 1748 2144 1795 GREGORII
2188 1749 2558 1795 ADORNANDA
2602 1747 3053 1794 PRESTITERINT
3099 1750 3457 1796 EXPONITUB.

299 2053 585 2114 Stadium
619 2053 785 2114 istud
816 2053 923 2132 qui
955 2054 1126 2132 prior
1154 2053 1470 2132 ingressus
1502 2055 1726 2128 fuerat,
1761 2054 2033 2115 Jacobus
2066 2055 2379 2115 Frischius
2413 2060 2612 2115 morte
2657 2055 2865 2116 statim
2924 2059 3017 2116 est
3075 2054 3398 2128 sublatus;
3436 2073 3626 2132 quas-

220 2151 366 2211 dam
401 2155 644 2211 tantum
679 2151 990 2211 variantes
1021 2151 1316 2212 lectiones
1342 2151 1616 2230 reliquit.

304 2250 375 2307 D.
408 2249 775 2308 Franciscus
805 2250 1114 2322 Louvard,
1147 2249 1254 2327 qui
1285 2249 1584 2309 successit
1613 2249 1811 2327 operi,
1874 2247 1978 2308 diu
2040 2250 2432 2324 multumque
2488 2247 2827 2321 insudavit,
2889 2249 3044 2308 nulli
3093 2248 3372 2326 pepercit
3401 2249 3626 2309 labori.

225 2345 515 2406 Ardentis
557 2345 791 2424 ingenii
820 2347 1123 2424 impetum
1156 2355 1428 2420 secutus,
1455 2347 1872 2425 undequaque
1902 2346 2315 2422 conquirebat
2357 2345 2664 2423 quidquid
2711 2348 3103 2425 propositum
3165 2365 3346 2406 suum
3401 2345 3627 2424 juvare

226 2450 458 2522 posset.
487 2445 619 2514 Quo
649 2445 882 2504 factum
914 2450 1027 2516 est,
1066 2451 1129 2505 ut
1159 2446 1528 2504 immensam
1561 2463 1766 2504 rerum
1800 2445 1878 2504 ad
1912 2445 2192 2521 Gregorii
2221 2444 2559 2505 editionem
2619 2447 3110 2506 necessariarum
3169 2445 3415 2523 copiam
3473 2464 3624 2504 con-

231 2541 510 2619 gesserit.
546 2543 776 2601 Omnes
807 2560 962 2621 pene
983 2542 1286 2603 editiones
1315 2543 1725 2621 comparavit,
1785 2543 1913 2602 sive
1961 2546 2226 2614 Graecas,
2262 2543 2391 2602 sive
2449 2543 2722 2618 Latinas,
2787 2544 2913 2602 sive
2964 2543 3509 2616 Graeco-Latinas;
3546 2542 3623 2603 ad

224 2656 404 2717 quas,
440 2662 467 2692 τι
503 2639 734 2710 omnia,
769 2642 821 2699 si
851 2641 1124 2719 paucula
1151 2641 1436 2718 quaedam
1471 2641 1765 2718 excipias,
1801 2664 1830 2695 »
1867 2659 1984 2701 ase
2014 2649 2234 2700 exacta
2265 2640 2450 2699 fuisse
2481 2641 2761 2718 Gregorii
2791 2645 2996 2720 Opera
3022 2646 3309 2701 testatur.
3343 2642 3467 2701 Has
3497 2660 3628 2701 om-

224 2752 334 2794 nes
365 2734 552 2812 longe
582 2735 800 2796 ordine
826 2743 1126 2808 recenset,
1160 2737 1563 2813 Basileenses,
1598 2737 1915 2809 Billianas,
1951 2743 2095 2809 etc.,
2134 2736 2453 2808 lectiones,
2489 2755 2629 2815 qua:
2685 2737 2759 2797 ad
2821 2739 3056 2798 calcem
3089 2738 3433 2798 editionum
3476 2738 3630 2817 reji-

223 2830 505 2890 ciuntur:
539 2837 729 2910 atque
751 2834 939 2893 etiam
972 2834 1194 2912 siquas
1226 2834 1524 2894 lectiones
1554 2834 1649 2893 vel
1682 2840 1861 2894 notas
1893 2852 1928 2893 a
1949 2833 2099 2892 viris
2129 2833 2326 2896 doctis
2352 2833 2414 2892 in
2447 2852 2558 2893 ora
2589 2833 2894 2894 librorum
2927 2835 3193 2913 scriptas
3223 2835 3419 2908 novit,
3457 2840 3634 2895 tanta

223 2925 548 3003 diligentia
578 2927 931 3005 exquisivit,
967 2935 1035 2987 ut
1065 2928 1316 2988 tandem
1350 2929 1670 3005 repererit.
1707 2928 2215 2988 Famosissimum
2270 2927 2563 2988 volumen
2594 2929 2960 2989 Basileensis
3017 2929 3334 3000 editionis,
3396 2929 3456 2987 in
3510 2948 3635 3007 quo

223 3022 521 3083 lectiones
553 3029 612 3083 et
642 3025 1130 3098 emendationes,
1170 3045 1308 3103 quae
1341 3044 1373 3085 e
1407 3044 1594 3085 manu
1629 3026 1790 3085 Billii
1820 3027 1900 3086 ad
1931 3044 2072 3086 oras
2130 3033 2191 3086 et
2246 3027 2411 3086 intra
2468 3027 2663 3086 lineas
2719 3028 2967 3104 scriptae
3027 3035 3194 3099 sunt,
3263 3033 3486 3105 sponte
3518 3045 3637 3087 sua

225 3119 494 3198 benigne
525 3121 776 3183 obtulit.
813 3130 882 3182 ut
905 3123 1038 3200 jam
1070 3124 1305 3183 dictum
1330 3129 1443 3196 est,
1504 3124 1597 3182 vir
1653 3123 2032 3183 clarissimus
2065 3126 2132 3183 D.
2171 3126 2397 3183 Baron.
2435 3124 2620 3183 Aliud
2653 3124 2932 3202 ejusdem
2965 3124 3258 3184 editionis
3281 3125 3629 3203 exemplar,

223 3242 251 3272 ι
288 3237 429 3278 cum
465 3221 1010 3281 emendationibus
1039 3227 1102 3282 et
1131 3221 1643 3281 adnotationibus
1673 3221 1920 3299 scriptis
1954 3239 2143 3280 manu
2176 3222 2289 3280 viri
2317 3223 2482 3281 docti
2517 3245 2545 3275 ››
2583 3222 2824 3301 accepit
2868 3240 2904 3280 a
2936 3225 3007 3281 D.
3061 3223 3310 3294 Naulin,
3347 3223 3478 3281 viro
3512 3241 3632 3282 cae-

229 3320 363 3374 tera
394 3317 602 3388 docto,
633 3323 822 3396 atque
851 3319 1158 3395 imprimis
1189 3319 1654 3397 Scripturarum
1679 3319 1884 3377 studio
1917 3319 2286 3389 clarissimo,
2310 3319 2373 3377 in
2405 3319 2575 3377 curia
2627 3319 2954 3378 Parisiensi
3012 3319 3341 3378 advocato.
3409 3322 3629 3378 Exem-

221 3413 361 3491 plar
381 3411 547 3472 istud
605 3414 1014 3491 Hervagianaa
1073 3415 1386 3487 editionis,
1449 3417 1512 3474 in
1570 3415 1802 3474 Heinsii
1862 3414 2267 3475 Bibliothecae
2301 3417 2589 3492 catalogo
2618 3416 2906 3493 Lugduni
2940 3418 3318 3475 Batavorum
3352 3417 3519 3475 edito
3552 3435 3632 3476 an

225 3511 396 3580 168:3,
435 3528 495 3586 p.
529 3513 590 3582 '7,
620 3529 680 3569 n.
719 3514 831 3569 129
865 3511 1230 3589 inscriptum
1265 3518 1376 3572 est.
1443 3513 1762 3571 Lectiones
1794 3519 1854 3570 et
1893 3512 2360 3571 emendationes
2390 3518 2536 3571 sunt
2584 3513 2901 3590 eleganter
2956 3513 3160 3590 pictas,
3195 3513 3304 3572 sed
3333 3513 3630 3590 Anglum,

218 3605 459 3666 Calvini
489 3606 885 3685 discipulum,
923 3609 1195 3686 sapiunt,
1233 3609 1294 3666 ni
1328 3609 1532 3667 fallor.
1568 3609 1880 3679 Quasdam
1913 3609 2407 3681 emendationes,
2449 3627 2604 3685 quas
2630 3608 2692 3667 in
2751 3627 2862 3669 ora
2919 3610 3283 3670 Parisiensis
3344 3610 3634 3670 editionis

219 3702 579 3777 anni1630,
615 3705 762 3764 olim
798 3706 1091 3784 apposuit
1122 3706 1518 3765 doctissimus
1549 3707 1625 3764 de
1687 3709 1914 3765 Barcos
1968 3706 2164 3764 abbas
2222 3706 2706 3784 Sancygiranus,
2769 3707 3036 3765 describi
3095 3712 3156 3765 et
3213 3707 3291 3766 ad
3345 3725 3409 3767 se
3445 3709 3630 3781 mitti,

219 3800 691 3861 emendationes
722 3820 972 3881 quoque
1004 3821 1074 3862 ac
1107 3809 1287 3862 notas
1317 3822 1354 3861 a
1385 3803 1744 3862 doctissimo
1777 3803 2178 3862 'l‘illemontio
2211 3803 2288 3861 ad
2323 3821 2495 3863 oram
2524 3803 2886 3862 Parisiensis
2917 3803 3207 3864 editionis
3251 3804 3535 3882 scriptas,
3573 3811 3635 3865 et

219 3915 256 3957 a
277 3897 532 3958 domino
563 3900 878 3959 Tronchai
908 3901 1156 3961 oblatas
1189 3900 1454 3960 exscribi
1489 3900 1754 3960 curavit.

301 3995 580 4056 Tandem
613 3997 1073 4076 copiosissimas
1128 3998 1448 4070 lectiones,
1486 4015 1642 4075 quas
1690 4016 1721 4057 e
1784 3996 2011 4075 Regiis,
2049 3997 2422 4058 Colbertinis
2453 3998 2966 4075 Mazarinzeisque
3017 3999 3456 4077 manuscriptis
3520 4000 3642 4060 col-

227 4092 439 4164 lectas,
475 4092 553 4152 ad
584 4113 759 4153 oram
793 4096 1273 4156 Graeco-Latinae
1306 4095 1598 4154 editionis
1630 4094 1992 4154 Parisiensis
2014 4094 2162 4153 anni
2200 4096 2352 4154 1630
2383 4113 2571 4153 manu
2604 4094 2859 4173 propria
2905 4095 3191 4173 appinxit
3221 4095 3316 4154 vir
3345 4097 3634 4156 doctissi-

230 4209 388 4264 mus,
422 4209 496 4250 ac
525 4191 599 4251 de
633 4192 854 4254 litteris
879 4193 1109 4255 Graecis
1141 4193 1378 4270 optime
1412 4192 1666 4252 meritus
1699 4194 1764 4251 R.
1824 4195 1886 4251 Ρ.
1923 4192 2352 4266 Combeﬁsius,
2415 4192 2884 4268 Dominicanus,
2944 4194 3076 4270 ipse
3134 4212 3247 4253 sua
3306 4194 3637 4272 exscripsit

228 4293 443 4346 noster
474 4289 840 4349 Louvardus
875 4290 1016 4349 :eui
1039 4296 1345 4368 praeterea
1377 4293 1447 4348 Η.
1484 4292 1551 4348 Ρ.
1587 4290 1643 4348 le
1703 4289 1898 4360 Quien
1958 4289 2266 4361 doctrina,
2329 4289 2703 4362 eruditione,
2738 4289 2982 4367 scriptis
3013 4290 3415 4364 clarissimus,
3453 4309 3486 4350 e
3519 4293 3641 4351 Do-

229 4384 547 4445 minicana
568 4386 826 4460 familia,
859 4388 1110 4447 Parisiis
1142 4388 1219 4446 ad
1266 4386 1473 4446 vicum
1503 4386 1713 4447 Sancti
1743 4387 2068 4458 Honorati,
2103 4386 2197 4445 sui
2228 4387 2415 4445 decus
2449 4387 2793 4446 maximum
2855 4386 3113 4460 ordinis,
3175 4389 3644 4448 emendationes

228 4487 292 4540 et
320 4486 500 4540 notas
529 4483 844 4542 censorias
875 4483 935 4541 in
970 4482 1298 4543 Billianam
1333 4501 1583 4541 omnem
1613 4500 1876 4561 operum
1911 4482 2193 4558 Gregorii
2221 4482 2828 4560 interpretationem,
2855 4482 2934 4541 ab
2966 4483 3184 4543 eodem
3234 4486 3420 4544 Patre
3453 4487 3640 4545 Com-

227 4579 448 4639 befisio
479 4580 834 4640 elaboratas
863 4582 1131 4659 benigne
1163 4581 1420 4640 tradidit
1447 4598 1460 4652 ;
1493 4587 1554 4640 et
1584 4581 1834 4658 quidem
1865 4599 1937 4640 eo
1970 4579 2197 4657 majori
2256 4580 2658 4657 benignitate,
2723 4579 2893 4658 quod
2943 4580 3074 4656 ipse
3131 4600 3286 4659 pene
3339 4587 3643 4643 statuerat

226 4675 411 4736 edere
442 4678 836 4755 Gregorium,
871 4686 1129 4758 propter
1155 4678 1538 4757 singularem
1571 4678 1849 4756 theologi
1871 4678 2239 4737 afﬁnitatem
2273 4697 2415 4737 cum
2450 4682 2856 4750 Damasceno,
2894 4677 3073 4755 cujus
3121 4683 3254 4739 tum
3302 4681 3639 4743 editionem

228 4773 597 4836 adornabat.

311 4871 590 4932 Primum
621 4881 830 4934 autem
865 4880 1077 4935 nostro
1111 4875 1438 4935 Louvardo
1472 4876 1746 4934 studium
1781 4875 1896 4934 fuit
1927 4874 2153 4934 scrinia
2181 4874 2709 4935 bibliothecarum
2760 4873 3099 4948 revolvere,
3166 4880 3222 4935 et
3267 4877 3574 4957 quidquid
3608 4898 3641 4939 e

232 4989 301 5031 re
331 4991 444 5032 sua
474 4982 606 5034 erat
639 4975 1007 5035 describere.
1045 4975 1434 5053 Scriptorum
1470 4994 1657 5034 manu
1690 4975 1975 5034 codicum
2011 4980 2246 5033 tantam
2300 4975 2527 5052 reperit
2584 4974 2852 5052 copiam,
2914 4979 2982 5033 ut
3040 4975 3103 5033 in
3162 4974 3257 5033 his
3310 4977 3642 5055 diligendis

235 5087 444 5147 operae
479 5071 616 5148 plus
645 5073 1059 5151 insumptum,
1121 5091 1308 5150 quam
1343 5073 1406 5131 in
1430 5073 1814 5132 inveniendis
1847 5073 2137 5144 fateatur,
2173 5084 2363 5149 atque
2394 5092 2470 5132 ex
2501 5072 2576 5132 iis
2626 5073 2994 5131 immensam
3058 5071 3372 5134 variarum
3424 5075 3641 5136 lectio-

237 5185 387 5226 num
413 5170 656 5247 copiam
691 5172 816 5230 sive
850 5171 1124 5248 propria,
1161 5171 1288 5230 sive
1322 5170 1528 5230 aliena
1560 5189 1744 5229 manu
1780 5169 2054 5246 collegit.

318 5267 424 5325 His
482 5269 773 5328 omnibus
831 5269 1231 5347 comparatis,
1285 5269 1706 5345 praefationes,
1769 5269 1959 5328 vitam
2021 5269 2318 5340 auctoris,
2403 5268 2815 5346 praeﬁgendas
2913 5268 3174 5345 singulis
3252 5271 3643 5332 orationibus

236 5363 718 5434 admonitiones,
781 5367 1085 5446 quidquid
1158 5368 1408 5427 demum
1467 5373 1824 5426 accuratam
1902 5365 2060 5426 solet
2117 5371 2305 5443 atque
2391 5369 2578 5426 etiam
2637 5367 2823 5426 debet
2931 5365 3268 5425 editionem
3327 5369 3635 5441 comitari,

235 5478 482 5520 summa
553 5462 876 5540 diligentia
932 5482 1004 5522 ac
1053 5464 1372 5523 celeritate
1431 5465 1715 5542 parabat,
1760 5470 1949 5541 atque
2006 5479 2078 5522 eo
2136 5481 2493 5539 progressu,
2573 5471 2640 5523 ut
2699 5463 3014 5538 fastigium
3068 5464 3241 5540 operi
3300 5466 3634 5544 imposuis-

235 5562 347 5626 set,
389 5559 450 5617 ni
497 5561 807 5622 continuis
841 5562 1134 5621 molestiis
1166 5566 1226 5620 ct
1249 5561 1713 5640 impedimentis
1745 5561 2139 5620 conﬂictatus
2171 5561 2403 5619 fuisset.
2432 5565 2694 5621 Domum
2739 5561 2989 5638 incepto
3018 5560 3312 5623 desistere
3358 5571 3636 5638 coactus,

237 5653 388 5712 nihil
424 5657 712 5719 absolvit.
746 5662 906 5720 Tum
967 5659 1260 5738 pependit
1320 5659 1670 5737 interrupta
1729 5657 2005 5736 Gregorii
2063 5675 2322 5734 operum
2382 5658 2592 5732 editio,
2632 5659 2943 5736 minaeque
2999 5655 3287 5734 ingentes
3344 5679 3628 5741 operum.
