2026 3138
137 196 171 227 25
636 200 846 231 PR/EFATIO
869 201 937 232 (ΞΕ,Ιῖ

1029 202 1097 233 LlS.
1115 220 1153 225 —
1172 202 1272 234 PARS
1293 202 1319 233 1.
1789 200 1828 230 26

138 262 229 301 Minae,
244 263 390 304 inquam,
408 265 550 305 ingentes
565 276 696 307 operum
711 277 718 305 ;
734 277 808 299 nam
823 272 937 308 praeter
961 269 1113 308 Grsegorti
1128 271 1242 308 Opera,
1257 270 1333 300 Elire
1356 269 1388 299 in
1413 266 1629 299 novemdecim
1657 265 1827 303 orationes,

137 321 240 353 easque
255 313 448 354 insigniores
463 325 498 346 ac
514 315 726 356 theologicae;
744 318 859 348 Nicetes
874 318 949 348 item
965 318 996 348 in
1011 318 1167 349 sexdecim
1184 319 1261 349 alias
1272 318 1434 349 Orationes
1449 315 1675 348 commentaria
1688 323 1695 351 ;
1708 314 1828 351 Basilii,

137 362 230 392 medio
247 363 364 394 saeculo
381 364 502 395 decimo
518 366 664 396 Ecclesiae
679 366 876 397 Casariensis
892 366 1030 406 episcopi
1044 367 1136 406 longe
1151 368 1263 407 optimi
1286 367 1473 403 scholiastae,
1489 366 1521 396 in
1537 365 1615 395 duas
1639 373 1733 403 supra
1748 373 1828 403 qua—

137 410 275 450 draginta
290 413 450 444 orationes
466 414 588 445 scholia
601 425 608 452 ;
622 415 748 445 demum
765 415 859 446 simul
874 425 945 446 cum
961 416 1109 455 operibus
1125 416 1277 454 Gregorii,
1291 416 1362 455 plus
1385 419 1504 455 septem
1530 414 1730 453 scriptorum,
1748 421 1827 451 quo-

136 469 197 490 rum
212 469 252 490 ne
268 462 396 501 quidem
413 466 487 493 nota
499 467 572 494 sunt
586 464 725 502 nomina,
743 465 823 495 fetus
840 465 943 499 edere,
961 465 1025 495 imo
1040 465 1232 504 praemittere
1246 467 1408 495 statuerat.
1426 464 1579 502 Pleraque
1594 465 1705 502 parata
1726 463 1827 497 erant,

136 512 163 538 et
176 510 301 547 quidem
317 511 406 549 prelo
423 512 593 542 maturiora
609 522 704 552 quam
718 514 787 552 ipsa
803 514 943 552 Gregorii
957 514 1070 553 Opera.

173 558 386 589 Intermissum
402 560 455 590 diu
479 570 567 599 opus,
586 562 711 591 tandem
736 562 830 601 longo
856 565 926 601 post
949 566 1091 601 tempore
1115 562 1146 591 in
1173 562 1271 592 nostri
1292 561 1452 592 Prudentii
1468 569 1579 590 manus
1601 559 1754 598 pervenit,
1771 558 1829 588 viri

137 607 305 637 eruditione
321 611 352 637 et
367 609 527 639 laboribus
544 610 688 640 Ecclesiae
715 611 842 641 utilitati
869 611 1030 650 impensis,
1047 620 1159 650 nempe
1183 611 1310 641 edendis
1336 613 1515 641 sanctorum
1542 609 1668 638 Patrum
1693 607 1827 646 scriptis,

136 654 307 686 clarissimi.
322 658 420 687 Nemo
436 661 518 688 certe
531 667 547 688 e
561 659 675 689 nostris
690 659 729 689 ad
746 659 886 698 Gregorii
901 659 1069 690 editionem
1086 660 1347 696 concinnandam,
1364 662 1395 689 et
1411 659 1449 688 ad
1475 658 1633 697 inceptum
1649 665 1729 696 opus
1743 654 1828 685 istud

136 703 356 741 perﬁciendum
374 706 475 744 magis
489 706 630 737 idoneus.
648 707 762 737 Verum
778 710 922 747 suscepto
938 708 1027 747 operi
1041 708 1139 738 serius
1155 717 1284 738 manum
1302 707 1451 743 admovit,
1470 715 1526 736 nec
1555 706 1689 735 multum
1706 703 1826 734 accele-

136 751 218 781 ravit.
236 753 401 784 Delectum
418 756 585 794 quemdam
606 757 763 786 variarum
790 757 970 795 lectionum,
988 766 1121 796 quarum
1145 758 1252 787 liorem
1277 757 1440 792 libaverat,
1457 755 1524 795 ejus
1548 764 1641 784 manu
1665 753 1828 793 scriptum,

135 801 163 854 et
175 799 315 840 plurima
328 803 480 839 carmina,
499 814 567 843 quae
585 805 692 835 stricta
712 805 852 835 oratione
867 808 1006 836 verterat
1020 806 1140 844 Billius,
1157 806 1196 836 ab
1213 806 1281 845 ipso
1310 806 1412 836 soluta
1440 804 1580 835 oratione
1604 802 1727 833 reddita
1740 810 1830 841 repe-

134 857 235 880 rimus.

168 898 304 929 Multum
318 900 423 931 adhuc
439 911 541 941 operae
557 906 587 932 et
610 903 727 933 laboris
751 903 997 942 impendendum
1023 906 1196 942 supererat,
1216 904 1256 934 ad
1280 904 1501 943 perficiendam
1525 905 1662 941 Operum
1691 898 1832 938 Gregorii

132 945 310 978 editionem.
327 949 439 980 Collati
455 951 580 989 quidem
598 955 688 981 erant
704 961 799 982 manu
814 952 934 982 exarati
949 952 1071 982 codices
1086 953 1275 988 orationum,
1294 953 1497 991 epistolarum
1514 955 1543 982 et
1563 949 1758 984 carminum;
1776 947 1830 978 sed

131 996 221 1027 varia
231 997 385 1029 lectiones
401 999 504 1029 adhuc
519 1001 689 1039 dissipatae,
705 1002 738 1030 in
753 1001 870 1031 chartis
885 1004 1008 1031 tantum
1023 1002 1197 1041 descriptae,
1215 1002 1348 1031 necdum
1364 1002 1404 1031 ad
1414 1010 1502 1032 oram
1518 998 1706 1039 exemplaris
1717 996 1830 1028 edendi

132 1046 276 1084 appictas.
295 1047 567 1082 Quemadmodum
584 1049 767 1088 priusquam
784 1050 897 1080 domus
911 1050 1091 1088 aedificetur,
1108 1059 1157 1080 res
1178 1051 1216 1080 ad
1242 1050 1462 1080 mdiﬁcandum
1478 1048 1671 1083 necessaria,
1688 1045 1831 1079 materia,

133 1094 209 1131 calx,
226 1099 396 1131 caementa,
414 1096 510 1135 ligna,
529 1100 560 1127 et
574 1107 771 1137 quacunque
796 1098 963 1128 aedificanti
977 1102 1050 1128 sunt
1078 1098 1264 1135 necessaria,
1282 1100 1519 1138 praeparantur;
1537 1098 1580 1127 sic
1608 1106 1680 1136 qua
1701 1095 1741 1125 ad
1766 1094 1832 1124 edi-

134 1142 247 1173 tionem
266 1145 410 1183 Gregorii
425 1146 610 1182 necessaria,
629 1150 806 1186 praeparata
822 1147 961 1186 quidem,
977 1147 1031 1177 sed
1048 1147 1186 1177 nondum
1210 1150 1343 1177 tractata
1367 1150 1397 1177 et
1417 1147 1598 1177 elaborata:
1615 1144 1709 1175 variae
1723 1143 1834 1174 lectio-

134 1201 186 1222 nes
200 1193 353 1223 sanandis
369 1194 468 1224 Graeci
483 1197 586 1225 textus
600 1196 677 1225 locis
691 1196 869 1235 depravatis
885 1198 998 1235 praesto
1015 1198 1115 1232 erant,
1133 1196 1185 1225 sed
1208 1196 1347 1226 nondum
1374 1195 1544 1230 adhibitae;
1560 1195 1702 1233 adeoque
1726 1200 1833 1223 emen-

136 1240 255 1271 dandus
271 1246 436 1282 supererat
451 1245 565 1283 textus,
582 1245 778 1275 emendanda
794 1254 919 1284 quoque
929 1244 1011 1274 Billii
1025 1244 1254 1284 interpretatio.
1265 1244 1489 1275 Goncinnanda
1511 1246 1579 1274 erat
1592 1243 1657 1273 vita
1673 1240 1833 1280 Gregorii;

135 1289 170 1318 ad
184 1290 271 1329 quod
288 1299 367 1329 opus
382 1291 558 1330 fragmenta
574 1292 691 1323 Gallica
703 1293 895 1323 Tillemontii
916 1293 1225 1330 commentariorum,
1242 1303 1312 1333 quae
1334 1302 1442 1324 omnes
1467 1292 1596 1323 minime
1619 1290 1833 1330 complectun-

133 1340 191 1374 tur,
208 1339 372 1378 pruacipue
386 1341 606 1379 suppetebant.
623 1342 710 1371 Notae
721 1341 785 1371 sive
800 1342 1045 1379 observationes,
1062 1342 1186 1382 aliaque
1201 1342 1337 1382 plurima
1350 1352 1420 1382 quae
1445 1342 1648 1381 requiruntur
1662 1340 1702 1371 ad
1726 1339 1834 1371 editio-

133 1396 212 1424 nem,
228 1388 374 1418 nondum
390 1389 571 1420 elaborata:
591 1389 658 1420 hac
673 1390 780 1420 omnia
796 1400 852 1430 pro
868 1390 986 1421 viribus
999 1393 1148 1430 praestare
1164 1391 1268 1422 conati
1282 1400 1399 1422 sumus.

169 1436 310 1466 Primum
326 1437 358 1466 id
375 1438 465 1467 nobis
481 1438 618 1468 studium
635 1439 693 1468 fuit
707 1439 809 1469 varias
824 1439 973 1469 lectiones
987 1449 1058 1469 cum
1083 1440 1167 1470 edito
1192 1440 1333 1479 Gregorii
1356 1443 1443 1470 textu
1468 1440 1574 1470 Graeco
1596 1438 1748 1474 conferre,
1766 1437 1836 1467 loca

133 1488 278 1523 corrupta
295 1494 417 1521 sanare,
432 1490 465 1515 ut
479 1495 535 1516 sua
551 1487 649 1517 textui
665 1487 783 1526 puritas
804 1488 1030 1524 restitueretur,
1048 1497 1185 1527 suusque
1210 1488 1292 1518 nitor
1317 1488 1509 1518 redderetur.
1530 1487 1577 1517 Ad
1600 1485 1832 1526 interpretatio-

133 1542 199 1562 nem
214 1534 301 1573 qnod
319 1537 451 1573 spectat,
470 1535 578 1565 Bittius
594 1536 640 1565 vir
660 1536 823 1575 utriusque
847 1536 965 1575 lingua:
982 1537 1199 1576 peritissimus,
1218 1537 1357 1576 Gregorii
1368 1539 1471 1576 Opera
1494 1539 1558 1567 tam
1582 1535 1664 1566 felici
1687 1544 1832 1565 successu

132 1582 234 1613 Latine
250 1583 391 1613 reddidit
405 1587 556 1622 tantoque
571 1585 655 1624 apud
671 1594 779 1615 omnes
794 1585 825 1614 in
841 1585 960 1615 honore
980 1588 1026 1615 est
1041 1585 1108 1624 ejus
1132 1586 1359 1625 interpretatio,
1378 1589 1413 1616 ut
1436 1585 1622 1616 temerarius
1646 1587 1729 1615 certe
1744 1583 1834 1613 audi-

133 1631 214 1660 turus
230 1632 285 1667 sit,
299 1632 441 1670 quisquis
455 1640 570 1662 novam
586 1633 740 1663 adornare
757 1632 933 1663 tentaverit.
951 1633 1034 1662 Nihil
1050 1636 1154 1663 tamen
1169 1642 1206 1663 eo
1223 1633 1261 1663 de
1277 1633 1410 1664 Billiana
1435 1632 1693 1672 interpretatione
1715 1630 1837 1673 judicio

134 1678 301 1710 deterritus
318 1683 422 1710 noster
437 1681 630 1717 Louvardus,
648 1682 742 1712 aliam
759 1681 817 1711 sibi
832 1681 1056 1711 elaborandam
1073 1685 1248 1720 putaverat,
1266 1685 1297 1712 et
1311 1683 1342 1712 in
1356 1682 1513 1712 vertendis
1539 1681 1661 1711 duabus
1684 1679 1835 1711 orationi-

132 1727 196 1763 bus,
213 1738 332 1768 nempe
348 1729 449 1768 prima
474 1733 504 1760 et
523 1731 672 1765 secunda,
688 1730 729 1760 a1.
749 1731 778 1760 1·
793 1733 824 1761 et
838 1731 900 1767 41⁵,
918 1730 962 1760 rei
986 1730 1160 1770 periculum
1184 1732 1319 1761 fecerat:
1337 1739 1447 1761 verum
1475 1733 1595 1760 mutata
1619 1729 1771 1759 sententia
1787 1729 1836 1759 in-

133 1780 217 1815 cepto
228 1777 363 1813 destitit,
381 1781 411 1807 et
427 1778 590 1809 Billianam
608 1779 899 1818 interpretationem
914 1788 1038 1809 servare
1053 1779 1200 1809 decrevit.
1215 1779 1300 1809 Idem
1316 1780 1374 1809 fuit
1388 1779 1552 1809 consilium
1569 1781 1676 1808 nostro
1691 1778 1833 1808 Pruden-

133 1824 180 1854 tio.
200 1827 373 1865 Utriusque
388 1827 527 1865 vestigiis
541 1828 742 1864 inhaerentes,
759 1837 827 1858 eam
843 1837 861 1858 θ
876 1828 1003 1867 regione
1016 1828 1114 1858 Graeci
1130 1831 1294 1858 contextus
1309 1834 1425 1857 sartam
1442 1831 1556 1857 tectam
1573 1827 1784 1861 servavimus;
1801 1829 1833 1856 et

133 1873 157 1902 si
171 1875 302 1912 quando
318 1884 337 1905 a
353 1878 457 1905 mente
471 1876 611 1915 Gregorii
635 1877 769 1907 Billiana
784 1876 1003 1915 interpretatio
1031 1877 1178 1907 aberrare
1208 1880 1262 1907 aut
1284 1886 1353 1907 eam
1377 1886 1439 1906 non
1455 1876 1529 1906 satis
1558 1875 1681 1915 assequi
1698 1875 1765 1904 visa
1779 1876 1836 1911 est,

135 1923 224 1953 aliam
242 1924 351 1954 textui
364 1925 500 1955 inserere
516 1935 579 1956 non
596 1926 819 1962 dubitavimus,
837 1926 886 1955 vel
909 1925 940 1955 in
969 1926 1051 1956 notis
1080 1925 1244 1965 subjicere,
1268 1927 1415 1956 lectoxem
1446 1926 1613 1955 monendo.
1630 1925 1666 1955 ld
1681 1927 1785 1954 autem
1801 1923 1839 1953 de

136 1972 328 2002 orationibus
343 1975 465 2003 tantum
482 1977 512 2004 et
527 1974 668 2013 epistolis
695 1974 953 2013 intelligendum;
971 1984 1044 2004 nam
1075 1975 1113 2005 de
1142 1975 1333 2005 carminibus
1363 1975 1448 2005 aliud
1479 1974 1538 2004 fuit
1566 1973 1742 2004 consilium.
1761 1974 1838 2003 Cum

139 2020 215 2050 enim
234 2021 348 2051 Latina
363 2021 446 2051 Billii
461 2023 601 2053 carmina
616 2023 729 2053 Graecis
744 2023 884 2062 Gregorii
900 2023 1092 2054 carminibus
1108 2033 1170 2053 non
1196 2024 1272 2054 satis
1296 2023 1518 2062 respondeant,
1536 2022 1635 2052 visum
1662 2024 1708 2052 est
1731 2021 1839 2051 Grmca

136 2069 268 2106 pedestri
280 2078 427 2100 sermone
442 2071 583 2107 reddere,
600 2071 718 2101 Latinis
733 2071 816 2101 Billii
830 2071 971 2101 versibus
985 2072 1025 2102 ad
1042 2072 1214 2111 marginem
1229 2072 1407 2102 interiorem
1425 2071 1557 2110 rejectis.

173 2118 361 2158 Priusquam
378 2122 484 2149 autem
501 2120 631 2150 ulterius
650 2120 902 2159 progrediamur,
920 2120 971 2150 hic
986 2120 1087 2150 obiter
1114 2121 1336 2160 exponendum
1363 2120 1491 2159 quinam
1521 2121 1584 2149 sint
1607 2128 1701 2149 manu
1718 2119 1839 2149 exarati

138 2166 266 2203 codices,
285 2168 394 2198 excusi
409 2178 427 2198 a
443 2169 479 2198 D.
496 2169 669 2204 Louvardo,
687 2169 801 2208 quibus
811 2169 859 2199 usi
874 2178 991 2199 sumus.

324 2355 340 2391 ξ
363 2354 417 2384 Ill.
441 2361 560 2384 NOTITIA
581 2362 722 2385 VETERUM
747 2362 889 2392 CODICUM,
913 2364 951 2385 AD
974 2364 1048 2390 QUOS
1070 2363 1209 2386 GREGORII
1232 2362 1398 2385 ORATIONES
1419 2362 1649 2385 EIENDAVIIUS.

176 2515 331 2546 Plurimos
346 2518 377 2546 et
402 2515 529 2555 quidem
561 2515 788 2554 probatissimae
816 2517 898 2545 notae
927 2515 1049 2545 codices
1078 2515 1109 2544 in
1135 2514 1300 2545 concilium
1334 2513 1546 2543 adhibuimus.
1564 2513 1627 2542 llos
1654 2512 1735 2542 inter
1758 2521 1839 2541 unus

142 2568 183 2594 est
194 2565 319 2604 Regius,
335 2565 410 2595 olim
428 2574 516 2594 num.
534 2566 621 2602 1809,
638 2575 722 2595 nunc
746 2567 851 2595 autem
876 2573 962 2593 num.
984 2564 1043 2594 510
1072 2567 1137 2594 tota
1163 2563 1323 2602 republica
1348 2562 1500 2592 litteraria
1528 2562 1765 2597 famosissimas,
1784 2561 1839 2599 qui

142 2613 220 2643 solus
236 2623 251 2643 e
266 2614 435 2644 Gallicanis
450 2614 595 2644 omnibus
611 2617 740 2645 cunctas
755 2613 896 2652 Gregorii
924 2612 1080 2643 orationes
1110 2612 1259 2642 continet.
1279 2613 1319 2641 De
1345 2620 1408 2650 quo
1439 2611 1566 2641 Bittius:
1585 2623 1599 2638 «
1617 2610 1697 2646 'l‘uli,
1719 2609 1833 2648 inquit,

144 2662 364 2701 amplissimum
381 2662 520 2692 codicem
551 2663 738 2702 capitalibus
765 2662 874 2692 litteris
903 2664 1078 2697 exaratum,
1099 2664 1222 2691 tantum
1251 2659 1447 2699 antiquitatis
1469 2669 1534 2699 prae
1562 2669 1594 2689 se
1624 2660 1785 2695 ferentem,
1803 2662 1837 2688 ut

144 2712 234 2749 ipsius
260 2712 401 2750 Gregorii
431 2713 659 2751 propemodum
690 2715 782 2742 aetate
811 2711 945 2750 scriptus
974 2719 1039 2740 esse
1067 2710 1235 2746 videretur,
1261 2708 1314 2748 qui
1343 2712 1456 2748 praster
1484 2708 1631 2747 epistolas
1660 2711 1690 2738 et
1717 2717 1835 2743 versus,

147 2761 242 2791 omnia
257 2761 355 2800 ipsius
370 2762 475 2800 Opera
489 2761 678 2792 continebat.
696 2762 793 2797 Quem
807 2769 877 2791 cum
894 2759 1088 2799 paucissimis
1104 2759 1213 2788 diebus
1236 2757 1410 2788 incredibili
1436 2757 1594 2787 celeritate
1621 2757 1833 2796 perlegissem,

148 2818 179 2838 ex
194 2819 289 2849 eoque
305 2811 472 2840 innumera
486 2810 565 2846 loca,
583 2820 653 2849 quae
668 2811 699 2841 in
713 2811 865 2850 impresso
885 2809 994 2839 vitiose
1008 2809 1193 2848 legebantur
1213 2807 1382 2846 integritati
1409 2816 1473 2837 sum
1498 2807 1712 2844 restituissem,
1730 2806 1833 2837 statim

149 2867 213 2889 eum
228 2860 364 2890 Athenas
378 2864 454 2898 (quo
470 2859 552 2888 enim
566 2859 628 2890 alio
644 2860 768 2890 nomine
782 2858 1029 2898 incomparabile
1043 2857 1121 2888 illud
1137 2858 1289 2887 bonarum
1311 2856 1450 2886 omnium
1474 2856 1649 2887 litterarum
1675 2856 1833 2895 gazophy-
