2026 3138
138 192 176 223 27
633 212 636 215 ~
647 194 855 225 PREFATIO
877 194 938 225 GEI

1037 194 1111 225 LIS.
1127 209 1165 216 —
1179 194 1279 224 PARS
1301 193 1327 224 Ι.
1798 191 1837 222 28

135 259 251 290 locium
266 259 457 300 appellem?)
472 260 669 291 referendum
684 262 791 292 habui.
808 273 823 290 »
843 263 1001 298 Quantum
1017 261 1177 292 festinaret
1198 261 1318 297 Bittius,
1334 261 1385 292 hic
1413 270 1451 291 ex
1478 260 1546 300 ipso
1569 260 1730 296 discimus,
1747 268 1783 290 ac
1799 260 1838 290 de

136 309 251 339 ercis
268 320 283 338 σι
297 308 469 348 integritati
483 319 547 340 sum
561 310 762 341 restituendis
776 322 791 338 »
809 320 879 341 eum
896 320 960 341 non
975 310 1139 349 cogitasse,
1156 310 1216 340 nisi
1231 310 1336 350 quoad
1350 310 1486 340 versioni
1511 318 1576 339 sua:
1591 309 1666 339 satis
1694 308 1837 339 haberet.

173 358 298 388 Famosi
312 358 395 388 illius
413 358 538 396 codicis,
551 359 692 390 omnium
707 362 864 399 quotquot
877 360 909 389 in
934 359 1030 399 Regia
1058 359 1251 390 bibliotheca
1279 359 1376 390 Graeci
1405 361 1606 389 asservantur
1634 357 1838 393 ornatissimi,

132 407 266 437 formam
282 416 320 437 ex
347 407 491 446 catalogo
517 408 716 439 bibliothecae
744 409 847 447 Hegias
876 417 1054 448 expressam
1071 408 1170 439 oculis
1193 408 1356 447 subjicere,
1380 417 1438 438 nec
1467 407 1632 438 molestum
1662 406 1763 443 nobis,
1781 415 1839 436 nec

132 455 237 485 forsan
254 456 313 495 ipsi
327 456 486 494 ingratum
504 456 622 486 lectori.
641 457 898 487 Membranaceus
913 457 1011 487 codex
1027 461 1083 493 est,
1098 460 1182 487 totus
1196 466 1214 487 a
1229 457 1332 496 capite
1348 457 1387 486 ad
1404 456 1520 486 calcem
1536 455 1712 486 uncialibus
1727 455 1841 485 litteris

133 503 278 542 oblongis
306 506 337 533 et
351 503 391 533 ad
420 504 577 534 sinistram
607 505 770 544 paululum
808 497 937 535 deﬂexis
960 505 1190 544 elegantissime
1215 505 1399 544 descriptus.
1429 513 1501 534 cum
1530 504 1709 534 accentibus
1737 504 1840 543 prima

136 561 242 582 manu.
259 552 417 583 Columnis
441 553 564 583 duabus
579 553 703 593 paginae
733 553 913 591 distinctae;
931 554 1014 584 tituli
1030 554 1208 585 orationum
1236 554 1268 584 in
1291 554 1474 584 membrana
1498 562 1595 584 aurea
1618 552 1758 583 exarati:
1776 552 1841 581 sin-

137 600 219 639 gulae
245 601 343 631 ferme
371 601 587 632 distinctiones
611 602 755 641 majores,
787 606 841 633 aut
865 603 997 642 periodi,
1015 603 1126 633 litteris
1151 602 1265 642 aureis,
1281 602 1411 642 pictisve
1433 602 1541 642 ﬁguris
1565 601 1730 641 incipiunt.
1746 600 1841 631 Initio

136 649 290 688 imagines
315 650 453 689 quinque
484 651 615 690 paginas
643 651 781 690 singulas
810 655 986 692 occupant:
1002 652 1124 691 primas,
1143 651 1243 682 tertiae
1262 654 1293 682 et
1320 654 1442 691 quartae
1474 650 1658 682 membrana
1684 649 1840 686 caerulea;

138 698 283 728 secundas
298 708 373 729 vero
388 702 419 730 et
432 700 565 739 quinraa,
584 709 689 730 aurea.

176 747 203 776 I'
217 747 356 778 Christus
371 747 401 778 in
418 748 569 778 cathedra
582 749 702 786 sedens,
722 752 752 779 et
768 749 893 779 sinistra
909 759 1004 779 manu
1021 750 1137 780 librum
1154 749 1344 788 resignatum
1362 752 1482 779 tenens.
1499 749 1534 779 In
1549 747 1630 778 libro
1645 747 1713 778 haec
1729 747 1843 786 legun-

136 797 208 825 tur:
225 799 341 837 Εἰρήνην
424 799 492 835 ἐμὴν
511 798 623 836 δίδωμι,
644 797 673 827 id
690 800 735 827 est
752 797 859 828 Pacem
874 807 935 827 mea

617 822 623 834 ,
644 797 673 827 id
690 800 735 827 est
752 797 859 828 Pacem
874 807 966 827 meam
983 797 1019 827 do
1036 797 1116 828 vobis
1131 797 1150 826 '.
1170 799 1290 828 Cmtera
1304 797 1415 827 deleta.

179 844 219 875 ιι·
231 846 308 875 Tres
322 845 431 884 figura
446 848 564 875 stantes
580 855 649 875 cum
669 846 857 875 diadematis
872 849 901 875 et
918 846 999 876 alliis
1013 845 1156 886 impereii
1168 846 1353 884 insignibus.
1366 846 1401 875 In
1418 845 1520 875 medio
1536 844 1675 875 Eudocia
1690 845 1843 881 Augusta,

138 892 250 922 dextra
264 896 434 932 sceptrum,
450 893 576 923 sinistra
604 894 732 932 globum
763 897 881 923 tenens.
898 894 994 923 Juxta
1021 893 1084 923 duo
1114 893 1191 929 ﬁlii;
1209 894 1282 923 hinc
1312 896 1373 923 Leo
1388 893 1538 932 Despota,
1554 892 1626 922 inde
1653 891 1842 921 Alexander.

137 941 277 980 Uterque
292 941 417 972 sinistra
432 941 560 981 globum
576 944 687 980 gestat.
704 942 877 981 Imaginem
890 942 988 972 ambit
1003 942 1119 972 limbus
1129 942 1257 981 quidam
1273 942 1447 978 casrulaeus,
1463 941 1495 972 in
1511 950 1574 981 quo
1590 940 1623 970 hi
1637 949 1747 970 versus
1761 939 1843 970 albis

138 988 251 1019 litteris
265 992 338 1019 sunt
349 990 466 1030 scripti.

509 1055 740 1094 Ερκληματοῢσαν
757 1055 922 1094 ἄμπελόνλσε
935 1058 983 1094 rei}
997 1056 1113 1094 ῃράτᾳυς

509 1092 608 1130 βότρρς
623 1093 755 1130 φὲρουᾳαγ
770 1091 834 1130 rei):
848 1091 989 1130 Yalnvpbc
1002 1091 1131 1123 ὃὲσπότας

510 1127 768 1164 Βασίλειὸςνπρόηξε
783 1127 917 1164 Ῥομόινίῳν
932 1127 994 1164 ἄναξ

511 1164 573 1191 Μεθ’
588 1164 625 1191 ὦν
639 1163 958 1200 προλάμπειςίΕὐδοκία
973 1163 1128 1202 φωσφόρος.

512 1226 636 1254 Felicem
653 1228 681 1254 te
696 1226 868 1262 palmitibus
882 1226 971 1254 vitem
988 1226 1107 1262 imperii

516 1262 659 1290 Racemos
675 1261 827 1295 ferentem,
839 1270 956 1290 serenas
971 1261 1083 1289 scilicet
1098 1261 1256 1297 principes.

514 1297 641 1325 Basilius
657 1298 801 1333 promovit
820 1297 1020 1325 Romanorum
1037 1298 1199 1333 imperator

511 1335 584 1361 Cum
597 1332 705 1369 quibus
721 1333 887 1369 prast‘ulges,
903 1333 1032 1361 Eudocia
1045 1332 1177 1361 lucifera.

177 1407 234 1438 Ill‘
248 1410 279 1438 et
294 1408 349 1439 IV'
365 1417 472 1439 cruces
488 1408 559 1439 dum
574 1418 678 1439 aurem
693 1412 860 1449 gemmata:
875 1418 946 1440 cum
962 1409 1093 1440 ﬁmbriis
1107 1409 1254 1448 utrinque
1270 1407 1483 1449 pendentibus
1506 1409 1539 1438 et
1564 1407 1624 1437 hac
1645 1404 1848 1445 inscriptione

138 1464 168 1487 Ic
183 1465 221 1487 xc
236 1462 309 1495 νικᾷ.
330 1468 344 1484 ‹‹
359 1457 451 1487 Jesus
467 1457 606 1488 Christus
621 1458 729 1488 vincit.
749 1470 763 1486 ι»

181 1506 229 1536 νι.
247 1507 328 1536 Tres'
340 1505 447 1545 ﬁgura:
461 1509 589 1537 stantes.
607 1508 641 1537 In
658 1507 761 1537 medio
776 1507 909 1538 Basilius
923 1516 994 1537 cum
1009 1507 1134 1547 imperii
1147 1507 1332 1546 insignibus.
1349 1507 1465 1536 Dextra
1483 1504 1564 1535 Elias
1580 1498 1748 1544 propheta,
1766 1502 1849 1532 rosei

144 1564 198 1585 seu
214 1554 310 1585 lucidi
325 1555 438 1586 coloris
454 1559 538 1586 veste
561 1556 700 1593 indutus,
717 1556 861 1587 labarum
878 1566 974 1586 manu
989 1556 1106 1587 elatum
1123 1559 1243 1592 tenens,
1260 1558 1291 1586 et
1316 1554 1431 1585 Basilio
1447 1554 1537 1593 quasi
1566 1553 1741 1592 porrigens.
1759 1553 1851 1582 Laeva

143 1604 268 1634 Gabriel
283 1603 504 1644 archangelus,
520 1605 623 1635 alatus
638 1608 669 1636 et
692 1605 802 1636 habitu
826 1606 1041 1645 imperatorio,
1057 1605 1204 1635 diadema
1218 1604 1325 1635 Basilii
1354 1603 1450 1643 capiti
1478 1603 1657 1642 imponens.
1673 1600 1848 1639 Imaginem

142 1655 242 1683 totam
258 1652 357 1683 ambit
370 1652 546 1692 inscriptio,
562 1662 617 1683 seu
633 1653 850 1690 tetrastichon,
866 1653 957 1693 cujus
968 1663 1075 1684 versus
1090 1654 1209 1693 primus
1232 1653 1353 1683 deletus
1368 1655 1414 1683 est
1427 1661 1434 1688 ;
1451 1651 1565 1690 reliqui
1589 1654 1652 1681 tres
1676 1649 1850 1680 etiamnum

143 1700 206 1740 legi
220 1704 362 1741 possunt.

518 1781 602 1826 μικήν
618 1783 675 1808 κατ’
690 1780 795 1844 ἒέξρῶν
812 1779 907 1826 'H'Mac
923 1780 1084 1827 ὑπογράφει·

528 1818 551 1844 0
565 1814 688 1844 Γαϐριὴλ
746 1817 796 1844 τὴν
810 1826 897 1844 γαοαν
910 1826 1084 1844 ποομηνυωνη

528 1818 551 1855 9
565 1814 688 1855 ηςεριὴλ
704 1814 796 1855 ξων
810 1817 897 1855 χοὲραν
910 1814 1090 1855 «posse»

518 1851 654 1887 Βασίλεὶε,
670 1853 759 1891 στέφει
775 1862 803 1880 σε
811 1851 923 1889 ⁷δὶόὶτμου
933 1851 1101 1890 ’προστάτην.

523 1914 683 1951 Victoriam
699 1915 734 1943 de
749 1915 884 1943 hostibus
899 1915 975 1943 Elias
989 1914 1133 1951 designat,

522 1950 637 1987 Gabriel
646 1953 747 1987 autem
759 1951 899 1987 gaudium
914 1950 1104 1984 annuntians,

522 1988 545 2015 Ο
564 1986 663 2023 Basili,
680 1986 800 2015 coronat
815 1988 843 2015 te
858 1986 937 2015 orbis
952 1988 1105 2015 rectorem.

191 2064 237 2093 Ex
252 2063 301 2093 his
314 2063 424 2102 ﬁguris
437 2065 569 2103 apparet
584 2063 734 2102 scriptum
750 2071 816 2093 esse
831 2062 914 2093 hunc
929 2062 1067 2093 codicem
1092 2064 1164 2092 ante
1191 2070 1309 2091 annum
1339 2061 1409 2097 886,
1426 2068 1490 2099 quo
1513 2067 1596 2088 anno
1626 2057 1708 2088 obiit
1720 2056 1858 2087 Basilius

153 2111 336 2151 imperator,
355 2115 564 2151 cognomento
580 2111 719 2148 Macedo,
737 2111 869 2142 maritus
884 2111 1044 2148 Eudoxias,
1060 2111 1172 2142 Leonis
1191 2109 1348 2149 Sapientis
1363 2111 1394 2139 et
1408 2107 1580 2139 Alexandri
1593 2110 1694 2147 pater.

196 2161 352 2191 Praeterea
369 2161 400 2190 in
416 2160 526 2191 eodem
542 2161 649 2191 codice
664 2170 727 2191 una
742 2164 772 2191 et
787 2160 998 2200 quadraginta
1025 2160 1178 2200 imagines
1200 2162 1273 2190 sunt
1287 2157 1491 2198 amplissimae
1505 2165 1512 2193 ;
1530 2159 1638 2196 totque
1661 2155 1736 2186 olim
1756 2156 1858 2192 erant,

156 2211 248 2250 quot'
261 2209 430 2240 orationes.
448 2210 509 2240 Sed
524 2219 561 2240 ex
576 2209 638 2240 illis
653 2210 783 2249 integrae
794 2219 904 2240 novem
921 2209 1148 2240 desiderantur.
1165 2209 1210 2239 Ex
1232 2208 1270 2239 iis
1284 2216 1355 2247 quae
1379 2208 1549 2246 supersunt
1572 2214 1685 2236 novem
1712 2204 1860 2234 decemve

156 2258 195 2289 ad
211 2257 374 2289 historiam
389 2258 643 2296 ecclesiasticam,
661 2259 797 2289 maxime
811 2258 951 2298 Gregorii
976 2258 1084 2296 nostri,
1098 2257 1266 2297 pertinent.
1283 2256 1467 2287 Orationum
1490 2254 1568 2285 ordo
1591 2254 1625 2284 in
1648 2253 1709 2284 hoc
1731 2261 1859 2282 manus-

154 2307 256 2347 cripto
271 2307 311 2337 ad
327 2307 585 2346 chronologicum
601 2307 744 2347 proxime
755 2307 885 2344 accedit,
900 2307 990 2338 initio
1004 2306 1151 2338 maxime.
1169 2305 1275 2336 Prima
1296 2312 1434 2344 namque
1448 2305 1504 2339 est,
1523 2314 1538 2330 «
1555 2302 1587 2333 in
1612 2301 1735 2332 Pascha
1750 2303 1780 2331 et
1795 2303 1859 2331 tar-

154 2355 296 2392 ditatem,
313 2366 329 2383 ››
346 2364 417 2395 quas
433 2355 514 2386 male
528 2355 560 2386 in
576 2355 667 2386 editis
681 2360 746 2387 xw
760 2359 817 2386 est.

196 2404 341 2435 Codicem
356 2404 442 2434 hunc
457 2413 528 2434 cum
557 2404 704 2435 omnibus
727 2404 819 2436 editis
847 2404 1043 2435 orationibus
1058 2406 1164 2434 noster
1191 2402 1375 2433 Louvardus
1403 2400 1548 2437 contulit,
1565 2408 1658 2439 quem
1673 2398 1723 2429 his
1749 2398 1863 2428 litteris

157 2453 301 2492 designat
316 2452 333 2483 ὁ
345 2463 385 2489 m,
403 2453 478 2492 quia
491 2456 633 2493 tempore
647 2453 754 2492 Basilii
768 2453 948 2484 Macedonis
962 2453 1098 2492 scriptus
1111 2452 1234 2492 ipsique
1245 2451 1382 2482 oblatus.

197 2503 340 2542 Longum
355 2504 437 2532 esset
449 2502 494 2533 ire
507 2512 562 2542 per
572 2503 716 2542 singula:
734 2506 783 2533 sat
797 2502 857 2533 erit
879 2501 1161 2541 codicumiquibus
1184 2500 1232 2531 usi
1255 2509 1375 2537 sumus,
1392 2498 1509 2539 quique
1533 2507 1552 2528 a
1574 2499 1682 2528 nostro
1697 2495 1862 2527 Louvardo

158 2551 265 2582 collati
279 2553 354 2581 sunt
368 2550 481 2582 seriem
496 2554 616 2589 texere,
633 2560 704 2582 cum
719 2552 802 2582 notis
817 2551 932 2591 quibus
946 2550 1136 2581 indicantur.

193 2632 205 2650 ³
216 2633 301 2660 Joan.
316 2639 376 2667 xiv,
387 2631 433 2659 27.
