2026 3138
185 188 222 219 3i
694 193 905 225 PR/EFATIO
927 194 1160 227 GENERALIS.
1176 212 1215 219 —
1229 196 1331 228 PARS
1352 195 1377 227 Ῑ.
1848 198 1888 228 32

188 254 269 283 Pass.
347 257 415 285 Cod.
433 265 505 285 mss.
521 258 745 287 eminentissimi
759 260 916 289 cardinalis
931 261 1098 290 Passionsei.

186 290 251 318 Vat.
347 292 416 320 Cod.
433 301 504 321 mss.
522 301 555 321 ex
571 294 746 322 bibliotheca
759 295 909 323 Vaticana.

187 325 273 354 Coisl.
347 328 414 356 Cod.
433 337 505 356 mss.
523 331 553 356 D.
566 330 601 357 de
616 330 734 364 Coislin,
746 340 823 359 nunc
839 331 869 359 in
885 332 955 360 bibl.
971 334 1000 360 S'
1016 332 1152 361 Germani
1168 343 1185 362 a
1199 334 1301 363 Pratis.

921 421 1028 449 Codices
1048 423 1150 450 excusi.

185 476 249 504 Ald.
344 477 408 506 Aldi
425 478 547 507 Manutii
563 480 650 508 editio
665 481 733 508 anni
750 482 828 509 1516.

185 513 252 540 Bas.
346 514 442 541 Basilii
460 515 627 543 Scholiasta;
642 516 790 544 lectiones.

185 548 239 575 Bil.
346 549 459 583 Billius,
476 550 605 578 Billianas
620 552 772 584 editiones,
791 561 823 580 ac
838 553 977 582 lectiones
991 563 1062 583 mss.

185 584 256 612 Bod.
345 585 520 613 Bodleianus
536 588 624 614 codex
641 588 668 614 in
687 588 874 616 Montacutio.

187 619 286 647 Comb.
349 620 514 648 Combelisii
531 622 679 650 lectiones.

187 654 229 683 El.
247 655 321 683 Cret.
349 655 425 683 Elius
442 657 595 685 Cretensis.

187 690 260 718 Gab.
347 691 484 719 Gabrielii
499 693 645 721 lectiones.

185 725 285 754 Heins.
347 726 496 755 Heinsiani
511 729 618 756 codicis
635 728 782 757 lectiones.

185 761 270 802 gerv.
346 762 625 802 basileensis‘editio
641 766 718 800 apud
735 766 919 802 Hervagium,
937 767 1014 796 1550.

185 796 273 825 Leuv.
347 798 531 826 Leuvenklaii
546 799 645 827 editio.

187 832 278 861 Mont.
348 833 554 862 Montacutius.

187 867 239 908 9x.
347 869 520 908 on‘niensis
535 870 643 908 codicis
659 871 796 908 lectiones
811 873 888 908 apud
906 873 1126 903 Montacutium.

187 903 252 944 ξπ.
347 904 558 944 ljarisiensium
573 906 662 934 editio
677 907 747 935 1609
761 915 793 935 ac
808 903 956 944 deinceps.

187 941 252 966 Sav.
348 940 482 968 Savilius.

188 974 304 1013 ξυροῖς.
347 975 606 1013 Sancigyranensis
621 978 849 1007 emendationes.

189 1009 256 1037 Sch.
280 1009 291 1011 ἡ
353 1009 471 1040 AndrEé
486 1012 599 1040 Schotti
612 1013 641 1040 in
657 1013 833 1043 Montacutio
848 1014 977 1043 Schedaa.

189 1045 253 1083 ἓν.
350 1046 453 1083 Syrleti
469 1056 541 1076 mss.
557 1049 587 1075 in
604 1048 668 1076 Bill.
684 1049 750 1077 lect.

189 1080 243 1108 Th.
349 1080 444 1111 codex
459 1091 531 1111 mss.
547 1084 580 1111 D.
598 1084 745 1113 Thomson
761 1085 790 1112 in
808 1085 933 1114 Montac.

350 1101 637 1147 BH"’i‘iii‘J$oK£iJa“.

189 1152 238 1192 ΞΡ.
351 1153 444 1192 _C_odex
460 1163 530 1192 mss.
541 1156 576 1192 κε.
593 1155 744 1192 Trinitatis
760 1157 837 1192 apud
854 1157 979 1186 Montac.

189 1186 261 1224 Vaq.
351 1189 483 1225 Vaquerii
498 1191 587 1219 codex
601 1191 630 1219 in
646 1192 723 1220 notis
740 1186 962 1222 Parisiensibus.

235 1399 271 1430 Hi
285 1400 439 1431 suntlibri
455 1402 583 1441 majoris
599 1404 830 1440 momenti,tam
846 1413 942 1434 manu
957 1404 1178 1444 scripti,quam
1192 1404 1308 1442 excusi,
1321 1414 1455 1444 quorum
1471 1405 1611 1437 subsidio
1626 1414 1739 1436 novam
1752 1405 1902 1445 Gregorii

192 1449 329 1488 Operum
345 1449 513 1481 editionem
529 1451 694 1492 adornare,
711 1452 935 1492 inceptumque
950 1462 1029 1493 opus
1044 1456 1074 1483 et
1088 1453 1142 1483 diu
1156 1453 1367 1494 interruptum
1383 1455 1530 1494 prosequi
1545 1457 1576 1485 et
1600 1454 1762 1485 absolvere
1791 1457 1896 1485 tenta-

191 1497 305 1528 vimus.
323 1496 419 1529 Multo
434 1499 539 1539 plures
555 1500 677 1531 codices
692 1501 921 1541 manuscriptos
936 1501 1261 1542 evolvimus,quorum
1282 1503 1393 1533 seriem
1403 1503 1558 1543 integram
1573 1503 1617 1534 ibi
1640 1506 1746 1534 texere
1761 1503 1897 1543 longum

192 1546 320 1577 fuisset:
337 1548 514 1588 praecipuos
541 1549 704 1589 designare
720 1550 795 1581 satis
810 1550 910 1581 visum
925 1553 990 1588 est;
1008 1554 1139 1583 caeteros
1153 1551 1323 1582 acervatim
1347 1552 1486 1592 generali
1510 1552 1746 1592 nuncupatione
1758 1551 1790 1582 in
1815 1552 1902 1583 notis

192 1595 431 1634 appellavimus,
450 1598 585 1630 maxime
600 1599 675 1629 dum
695 1599 727 1629 in
757 1599 899 1630 eamdem
928 1600 1097 1630 lectionem
1127 1600 1340 1631 convenirent.
1358 1601 1498 1640 Optimus
1522 1610 1664 1641 quasque
1689 1610 1727 1631 ex
1749 1600 1898 1631 omnibus

192 1644 286 1675 variis
300 1644 486 1677 lectionibus
501 1647 799 1688 selegimus,easque
814 1649 863 1679 vel
877 1649 976 1680 textui
990 1649 1191 1685 inseruimus,
1203 1652 1238 1679 ut
1253 1650 1408 1690 corruptis
1423 1650 1630 1686 mederemur,
1647 1650 1673 1680 si
1687 1659 1740 1681 eas
1761 1650 1794 1680 in
1818 1659 1896 1680 con-

193 1696 313 1723 textum
329 1695 436 1725 referri
460 1696 574 1726 vulnus
595 1697 777 1736 postulavit,
793 1698 939 1737 apposita
954 1698 995 1728 ad
1016 1698 1175 1737 maginem
1201 1701 1277 1729 nota
1292 1708 1362 1738 quae
1377 1699 1526 1729 lectorem
1554 1698 1783 1730 emendationis
1812 1708 1900 1729 com-

192 1742 414 1780 monefaceret,
431 1744 480 1774 vel
494 1745 526 1775 in
551 1746 692 1785 margine
716 1746 855 1777 inferiori
876 1746 1078 1786 subjecimus.
1095 1747 1175 1777 Sunt
1198 1747 1369 1785 aliquando
1393 1748 1551 1787 longiores
1576 1750 1669 1785 notae,
1690 1757 1762 1778 cum
1786 1748 1897 1787 expla-

192 1791 299 1821 nanda
314 1791 484 1823 difficultas
506 1794 652 1831 occurrit,
669 1795 716 1825 vel
743 1795 851 1834 spinas,
869 1805 947 1834 quas
972 1795 1032 1825 sibi
1055 1805 1118 1825 non
1144 1796 1239 1826 recidi
1262 1796 1360 1826 lector
1384 1806 1467 1835 agre
1491 1797 1594 1827 ferret.
1612 1797 1808 1833 Orationum,
1825 1806 1898 1836 quas

193 1839 303 1869 ordine
319 1842 495 1879 temporum
512 1843 716 1879 collocantur,
735 1844 829 1874 fronti
844 1844 981 1883 praeﬁxae
996 1847 1069 1873 sunt
1093 1843 1333 1879 admouitiones,
1351 1844 1382 1874 in
1408 1845 1522 1884 quibus
1553 1847 1676 1883 tempus
1699 1854 1762 1883 quo
1786 1844 1897 1875 habita

193 1897 328 1928 quaeque
349 1892 396 1919 est
410 1891 571 1929 astruitur,
588 1895 619 1921 et
639 1895 842 1930 augmentum
867 1892 1045 1931 exponitur.
1070 1893 1297 1931 Exspatiantur
1319 1893 1382 1923 illa:
1406 1902 1635 1932 nonnunquam
1659 1893 1802 1923 fortassis
1825 1893 1896 1923 lon-

192 1937 272 1976 gius,
289 1938 343 1968 sed
359 1938 403 1968 rei
418 1940 565 1978 gravitas,
582 1941 632 1970 vel
647 1941 858 1977 difﬁcultates,
878 1950 949 1980 quae
972 1941 1055 1971 intra
1084 1943 1229 1971 notarum
1255 1942 1416 1981 angustias
1441 1942 1590 1972 concludi
1610 1942 1659 1972 vel
1686 1942 1814 1972 dissolvi
1833 1952 1897 1972 non

193 1989 351 2026 poterant,
368 1988 562 2019 brevioribus
577 1998 643 2020 esse
659 1999 720 2020 non
737 1990 890 2030 permisit.
908 1990 1071 2021 Orationes
1085 1991 1117 2021 in
1133 1991 1250 2030 capita,
1266 2000 1319 2021 seu
1343 1999 1491 2021 numeros
1518 1990 1637 2028 divisaa,
1657 2000 1694 2021 ac
1720 1993 1900 2030 temporum

194 2036 303 2066 ordine
319 2040 392 2067 sunt
407 2037 580 2068 collocata.
598 2039 734 2069 Minutus
752 2042 857 2070 autem
887 2048 996 2070 earum
1025 2049 1185 2076 numerus,
1203 2040 1319 2070 nedum
1348 2042 1478 2070 auctus:
1496 2039 1614 2079 quippe
1643 2049 1680 2070 ex
1696 2040 1822 2070 illarum
1838 2049 1899 2070 nu-

196 2094 283 2115 mero
300 2088 434 2117 resectas
449 2089 596 2126 quatuor,
612 2087 695 2118 inter
704 2088 827 2127 spurios
842 2089 923 2119 fetus
938 2089 1186 2119 amandavimus.
1205 2088 1350 2119 Geminas
1368 2098 1492 2128 quoque
1507 2088 1547 2119 ad
1561 2088 1746 2119 Cledonium
1762 2088 1897 2125 litteras,

196 2136 227 2164 et
238 2144 331 2165 unam
348 2135 388 2166 ad
402 2136 582 2167 Nectarium
599 2146 637 2167 ex
652 2137 829 2168 orationum
846 2138 943 2169 classe
957 2140 1105 2175 remotas,
1124 2138 1163 2168 ad
1178 2147 1208 2177 pl
1217 2138 1339 2178 opriam
1364 2137 1470 2168 sedem
1494 2137 1576 2168 inter
1600 2137 1748 2177 epistolas
1774 2147 1901 2169 revoca-

193 2193 306 2214 vimus.

234 2241 375 2272 Tandem
397 2242 523 2281 prmfari
546 2243 880 2284 desinam,postquam
908 2245 1048 2274 virorum
1076 2244 1251 2281 doctorum,
1271 2244 1326 2283 qui
1353 2244 1487 2274 amicam
1516 2247 1724 2283 porrexerunt
1751 2254 1897 2283 manum,

195 2290 299 2321 ofﬁcia
313 2299 613 2323 commemoravero.
629 2293 753 2323 Primus
768 2302 834 2324 sese
857 2293 948 2323 offert
973 2293 1021 2323 vir
1047 2301 1064 2323 e
1080 2293 1176 2332 Regia
1200 2293 1438 2329 numismatum,
1458 2292 1709 2332 inscriptionum,
1728 2293 1898 2323 humanio-

194 2348 327 2378 rumque
343 2339 518 2370 litterarum
534 2341 702 2371 Academia
714 2342 913 2378 clarissimus,
931 2341 1151 2381 esjusdemque
1169 2339 1357 2378 Γραμματιύς,
1373 2342 1408 2371 D.
1426 2342 1549 2380 Dupuy,
1566 2340 1599 2371 in
1615 2341 1726 2381 quovis
1749 2341 1899 2372 scientia-

195 2397 265 2418 rum
281 2397 395 2427 genere
409 2391 440 2419 et
460 2389 652 2428 linguarum,
671 2390 806 2422 maxime
822 2392 948 2428 Graecas,
965 2391 1194 2421 versatissimus
1209 2393 1240 2421 et
1254 2389 1478 2430 peritissimus;
1494 2389 1549 2430 qui
1577 2399 1640 2420 non
1668 2390 1894 2429 perfunctorie,

194 2437 248 2467 sed
260 2436 427 2476 diligenter
441 2438 578 2468 censoris
593 2439 676 2469 vices
690 2448 798 2479 agens,
814 2439 938 2479 singula
952 2442 1048 2479 prout
1062 2439 1205 2479 subjecta
1220 2438 1308 2478 prelo
1323 2438 1453 2469 exibant
1467 2438 1552 2475 folia,
1568 2438 1647 2468 nihil
1662 2441 1838 2476 cunctatus,
1856 2448 1896 2470 ea

192 2486 299 2525 legere
315 2486 426 2517 solitus
440 2490 471 2517 et
486 2488 680 2528 expendere;
698 2491 794 2528 atque
810 2492 843 2519 ut
857 2489 904 2519 vir
917 2488 970 2519 ille
984 2488 1086 2519 bonus
1101 2491 1131 2518 et
1146 2488 1293 2528 prudens,
1311 2487 1350 2518 de
1369 2496 1432 2527 quo
1447 2487 1606 2524 Horatius,
1622 2486 1773 2527 culpabat
1801 2487 1895 2525 dura,

194 2535 346 2566 mutanda
361 2536 502 2573 notabat,
520 2537 667 2577 ambigue
682 2537 766 2568 dicta
780 2538 943 2577 arguebat,
961 2546 1073 2577 parum
1097 2537 1190 2567 claris
1216 2536 1331 2567 addere
1354 2536 1456 2567 lucem
1483 2535 1641 2573 monebat,
1657 2539 1717 2567 etc.
1734 2536 1894 2572 Quantum

193 2584 253 2624 ipsi
269 2584 440 2615 debeamus
456 2586 504 2616 vix
520 2586 634 2625 dicere,
651 2587 766 2617 nedum
782 2586 911 2626 gratias,
927 2588 1062 2625 quantas
1078 2585 1238 2622 debemus,
1255 2585 1409 2625 possimus
1423 2585 1549 2615 referre.

231 2641 467 2681 Vigilantissimi
482 2646 512 2673 et
526 2643 697 2674 doctissimi
713 2644 817 2684 Hegias
833 2643 1031 2674 bibliotheca
1046 2645 1216 2680 curatores,
1234 2643 1269 2672 D.
1287 2642 1476 2682 Caperonier
1491 2645 1521 2672 et
1531 2643 1567 2672 D.
1586 2641 1685 2681 Bejot,
1703 2641 1890 2672 ditissimum

193 2690 278 2721 hunc
294 2691 474 2721 thesaurum
489 2696 690 2731 peramanter
705 2702 761 2732 pro
779 2702 864 2723 more
879 2693 1059 2722 reserarunt
1071 2700 1078 2727 ;
1091 2700 1148 2721 nec
1165 2691 1257 2722 modo
1273 2691 1319 2722 uti
1334 2691 1553 2731 permiserunt,
1569 2690 1623 2720 sed
1646 2693 1678 2721 et
1701 2700 1796 2721 manu
1815 2699 1891 2720 exa-

193 2743 279 2770 ratos
295 2740 429 2777 codices,
447 2750 526 2780 quos
540 2742 662 2777 vellem,
680 2742 720 2772 ad
736 2745 847 2771 nutum
862 2740 999 2778 benigna
1013 2749 1107 2770 manu
1124 2740 1375 2779 suppeditarunt.

233 2797 353 2827 Vellem
374 2798 423 2828 hic
438 2807 496 2837 ego
520 2799 650 2835 eunetis,
672 2798 725 2838 qui
755 2798 916 2837 suppetias
944 2796 1155 2833 contulerunt,
1172 2797 1328 2836 imprimis
1356 2796 1617 2826 bibliothecarum
1647 2795 1814 2835 praefectis,
1830 2805 1893 2826 non

193 2848 315 2877 tantum
333 2847 573 2883 Gallicanarum,
590 2847 644 2877 sed
659 2847 753 2877 etiam
768 2851 959 2882 exterarum,
977 2848 1081 2884 grates
1095 2854 1153 2884 pro
1168 2846 1232 2875 suis
1246 2845 1278 2875 in
1294 2854 1351 2875 nos
1364 2844 1523 2875 beneﬁciis
1537 2844 1649 2883 dignas
1668 2844 1850 2883 rependere.

237 2904 508 2937 Eminentissimus
524 2904 694 2936 cardinalis
708 2904 915 2942 Passionseus,
932 2903 987 2944 qui
1001 2903 1076 2934 dum
1090 2902 1208 2934 viveret
1222 2902 1343 2934 litteras
1357 2901 1486 2934 amabat
1500 2903 1531 2933 et
1549 2901 1687 2940 fovebat,
1703 2901 1815 2933 litteris
1829 2901 1899 2941 ipse

196 2955 424 2994 ornatissimus,
448 2954 497 2986 his
511 2954 626 2987 nostris
640 2954 766 2987 favebat
775 2953 897 2993 studiis,
911 2956 948 2986 ut
961 2954 1149 2993 argumento
1163 2954 1236 2985 sunt
1250 2952 1357 2994 plures
1384 2951 1467 2984 datas
1481 2950 1523 2984 ad
1535 2952 1679 2983 nostrum
1693 2949 1897 2984 Frauciscun
