  <div class='ocr_page' id='page_1' title='image "/cluster/home/n/w/nwhite01/storage/ocr_20150623/35/mdp.39015012934389/020.png"; bbox 0 0 4052 6276; ppageno 0'>
   <div class='ocr_carea' id='block_1_1' title="bbox 168 351 1768 425">
    <p class='ocr_par' dir='ltr' id='par_1_1' title="bbox 168 355 1768 425">
     <span class='ocr_line' id='line_1_1' title="bbox 168 355 1768 425; baseline -0.007 0"><span class='ocrx_word' id='word_1_1' title='bbox 168 362 236 425; x_wconf 89' lang='grc'>33</span> <span class='ocrx_word' id='word_1_2' title='bbox 1168 357 1582 419; x_wconf 68' lang='grc' dir='ltr'>ΡΗᾸΞΕΑΤΙΟ</span> <span class='ocrx_word' id='word_1_3' title='bbox 1627 355 1768 416; x_wconf 79' lang='lat' dir='ltr'>GEN</span> 
     </span>
    </p>
   </div>
   <div class='ocr_carea' id='block_1_2' title="bbox 1970 351 3570 425">
    <p class='ocr_par' dir='ltr' id='par_1_2' title="bbox 1970 351 3570 418">
     <span class='ocr_line' id='line_1_2' title="bbox 1970 351 3570 418; baseline 0 -2"><span class='ocrx_word' id='word_1_4' title='bbox 1970 353 2094 417; x_wconf 67' lang='grc' dir='ltr'>ΑΒ.</span> <span class='ocrx_word' id='word_1_5' title='bbox 2128 387 2206 401; x_wconf 91' lang='lat'>--</span> <span class='ocrx_word' id='word_1_6' title='bbox 2244 355 2447 416; x_wconf 82' lang='lat' dir='ltr'>PARS</span> <span class='ocrx_word' id='word_1_7' title='bbox 2495 351 2570 414; x_wconf 83' lang='lat' dir='ltr'>ll.</span> <span class='ocrx_word' id='word_1_8' title='bbox 3495 359 3570 418; x_wconf 69' lang='lat'>34</span> 
     </span>
    </p>
   </div>
   <div class='ocr_carea' id='block_1_3' title="bbox 170 487 3574 570">
    <p class='ocr_par' dir='ltr' id='par_1_3' title="bbox 170 487 3574 570">
     <span class='ocr_line' id='line_1_3' title="bbox 170 487 3574 570; baseline -0.003 -9"><span class='ocrx_word' id='word_1_9' title='bbox 170 498 559 561; x_wconf 87' lang='lat' dir='ltr'>Louvardum</span> <span class='ocrx_word' id='word_1_10' title='bbox 621 501 687 556; x_wconf 92' lang='lat' dir='ltr'>et</span> <span class='ocrx_word' id='word_1_11' title='bbox 745 495 1160 556; x_wconf 79' lang='lat' dir='ltr'>Prudentium</span> <span class='ocrx_word' id='word_1_12' title='bbox 1193 495 1520 555; x_wconf 88' lang='lat' dir='ltr'>Maranum</span> <span class='ocrx_word' id='word_1_13' title='bbox 1569 491 1814 565; x_wconf 88' lang='lat' dir='ltr'>littera,</span> <span class='ocrx_word' id='word_1_14' title='bbox 1848 490 2075 570; x_wconf 87' lang='lat' dir='ltr'>quibus</span> <span class='ocrx_word' id='word_1_15' title='bbox 2106 509 2420 570; x_wconf 91' lang='lat' dir='ltr'>propensa</span> <span class='ocrx_word' id='word_1_16' title='bbox 2447 489 2512 549; x_wconf 89' lang='lat' dir='ltr'>in</span> <span class='ocrx_word' id='word_1_17' title='bbox 2545 507 2658 550; x_wconf 93' lang='lat' dir='ltr'>nos</span> <span class='ocrx_word' id='word_1_18' title='bbox 2696 493 3034 568; x_wconf 89' lang='lat' dir='ltr'>nostraque</span> <span class='ocrx_word' id='word_1_19' title='bbox 3063 487 3293 564; x_wconf 86' lang='lat' dir='ltr'>studia,</span> <span class='ocrx_word' id='word_1_20' title='bbox 3322 509 3394 551; x_wconf 90' lang='lat' dir='ltr'>ac</span> <span class='ocrx_word' id='word_1_21' title='bbox 3424 510 3574 552; x_wconf 91' lang='lat' dir='ltr'>con-</span> 
     </span>
    </p>
   </div>
   <div class='ocr_carea' id='block_1_4' title="bbox 172 588 3579 670">
    <p class='ocr_par' dir='ltr' id='par_1_4' title="bbox 172 588 3579 670">
     <span class='ocr_line' id='line_1_4' title="bbox 172 588 3579 670; baseline -0.002 -10"><span class='ocrx_word' id='word_1_22' title='bbox 172 607 397 661; x_wconf 78' lang='lat' dir='ltr'><strong>testata</strong></span> <span class='ocrx_word' id='word_1_23' title='bbox 425 596 820 668; x_wconf 78' lang='lat' dir='ltr'>humanitas,</span> <span class='ocrx_word' id='word_1_24' title='bbox 856 603 918 656; x_wconf 92' lang='lat' dir='ltr'>et</span> <span class='ocrx_word' id='word_1_25' title='bbox 946 613 1123 655; x_wconf 91' lang='lat' dir='ltr'>amor</span> <span class='ocrx_word' id='word_1_26' title='bbox 1150 595 1689 670; x_wconf 90' lang='lat' dir='ltr'>litterarum,quas</span> <span class='ocrx_word' id='word_1_27' title='bbox 1717 591 1852 670; x_wconf 90' lang='lat' dir='ltr'>ipse</span> <span class='ocrx_word' id='word_1_28' title='bbox 1880 609 2006 650; x_wconf 92' lang='lat' dir='ltr'>non</span> <span class='ocrx_word' id='word_1_29' title='bbox 2038 591 2240 650; x_wconf 90' lang='lat' dir='ltr'>colere</span> <span class='ocrx_word' id='word_1_30' title='bbox 2272 590 2498 661; x_wconf 88' lang='lat' dir='ltr'>solum,</span> <span class='ocrx_word' id='word_1_31' title='bbox 2523 589 2631 648; x_wconf 89' lang='lat' dir='ltr'>sed</span> <span class='ocrx_word' id='word_1_32' title='bbox 2654 607 2878 648; x_wconf 89' lang='lat' dir='ltr'>ornare</span> <span class='ocrx_word' id='word_1_33' title='bbox 2895 588 3206 649; x_wconf 74' lang='lat' dir='ltr'>studebat.</span> <span class='ocrx_word' id='word_1_34' title='bbox 3232 592 3579 653; x_wconf 84' lang='lat' dir='ltr'>Permultas</span> 
     </span>
    </p>
   </div>
   <div class='ocr_carea' id='block_1_5' title="bbox 174 686 3580 771">
    <p class='ocr_par' dir='ltr' id='par_1_5' title="bbox 174 686 3580 771">
     <span class='ocr_line' id='line_1_5' title="bbox 174 686 3580 771; baseline -0.002 -13"><span class='ocrx_word' id='word_1_35' title='bbox 174 718 240 758; x_wconf 77' lang='lat' dir='ltr'>ex</span> <span class='ocrx_word' id='word_1_36' title='bbox 258 697 445 756; x_wconf 88' lang='lat' dir='ltr'>variis</span> <span class='ocrx_word' id='word_1_37' title='bbox 467 695 796 755; x_wconf 87' lang='lat' dir='ltr'>codicibus</span> <span class='ocrx_word' id='word_1_38' title='bbox 823 712 1013 753; x_wconf 89' lang='lat' dir='ltr'>manu</span> <span class='ocrx_word' id='word_1_39' title='bbox 1044 692 1308 771; x_wconf 79' lang='lat' dir='ltr'>scriptis,</span> <span class='ocrx_word' id='word_1_40' title='bbox 1342 710 1470 750; x_wconf 91' lang='lat' dir='ltr'>non</span> <span class='ocrx_word' id='word_1_41' title='bbox 1499 695 1742 749; x_wconf 88' lang='lat' dir='ltr'>tantum</span> <span class='ocrx_word' id='word_1_42' title='bbox 1775 706 1902 748; x_wconf 88' lang='lat' dir='ltr'>sua</span> <span class='ocrx_word' id='word_1_43' title='bbox 1924 687 2117 765; x_wconf 87' lang='lat' dir='ltr'>ipsius</span> <span class='ocrx_word' id='word_1_44' title='bbox 2146 687 2564 758; x_wconf 92' lang='lat' dir='ltr'>bibliotheca,</span> <span class='ocrx_word' id='word_1_45' title='bbox 2593 686 2695 744; x_wconf 91' lang='lat' dir='ltr'>sed</span> <span class='ocrx_word' id='word_1_46' title='bbox 2722 687 2908 746; x_wconf 90' lang='lat' dir='ltr'>etiam</span> <span class='ocrx_word' id='word_1_47' title='bbox 2935 687 3580 763; x_wconf 88' lang='lat' dir='ltr'>Vaticana,lectiones</span> 
     </span>
    </p>
   </div>
   <div class='ocr_carea' id='block_1_6' title="bbox 175 782 3584 868">
    <p class='ocr_par' dir='ltr' id='par_1_6' title="bbox 175 782 3584 868">
     <span class='ocr_line' id='line_1_6' title="bbox 175 782 3584 868; baseline -0.001 -16"><span class='ocrx_word' id='word_1_48' title='bbox 175 795 399 864; x_wconf 86' lang='lat' dir='ltr'>varias,</span> <span class='ocrx_word' id='word_1_49' title='bbox 432 801 562 852; x_wconf 87' lang='lat' dir='ltr'>tam</span> <span class='ocrx_word' id='word_1_50' title='bbox 598 793 1181 868; x_wconf 90' lang='lat' dir='ltr'>orationum,quam</span> <span class='ocrx_word' id='word_1_51' title='bbox 1214 787 1645 866; x_wconf 90' lang='lat' dir='ltr'>epistolarum,</span> <span class='ocrx_word' id='word_1_52' title='bbox 1672 793 1860 864; x_wconf 92' lang='lat' dir='ltr'>atque</span> <span class='ocrx_word' id='word_1_53' title='bbox 1890 786 2078 845; x_wconf 88' lang='lat' dir='ltr'>etiam</span> <span class='ocrx_word' id='word_1_54' title='bbox 2111 784 2459 844; x_wconf 85' lang='lat' dir='ltr'>carminum</span> <span class='ocrx_word' id='word_1_55' title='bbox 2492 782 2930 843; x_wconf 88' lang='lat' dir='ltr'>describendos</span> <span class='ocrx_word' id='word_1_56' title='bbox 2960 784 3584 865; x_wconf 86' lang='lat' dir='ltr'>eleganter,ipsisque</span> 
     </span>
    </p>
   </div>
   <div class='ocr_carea' id='block_1_7' title="bbox 175 880 3585 966">
    <p class='ocr_par' dir='ltr' id='par_1_7' title="bbox 175 880 3585 966">
     <span class='ocr_line' id='line_1_7' title="bbox 175 880 3585 966; baseline -0.002 -14"><span class='ocrx_word' id='word_1_57' title='bbox 175 892 515 952; x_wconf 88' lang='lat' dir='ltr'>mittendas</span> <span class='ocrx_word' id='word_1_58' title='bbox 546 889 811 948; x_wconf 85' lang='lat' dir='ltr'>curavit.</span> <span class='ocrx_word' id='word_1_59' title='bbox 848 890 940 946; x_wconf 89' lang='lat' dir='ltr'>Ad</span> <span class='ocrx_word' id='word_1_60' title='bbox 971 906 1130 965; x_wconf 91' lang='lat' dir='ltr'>opus</span> <span class='ocrx_word' id='word_1_61' title='bbox 1159 892 1410 946; x_wconf 86' lang='lat' dir='ltr'>strenue</span> <span class='ocrx_word' id='word_1_62' title='bbox 1466 885 1781 962; x_wconf 90' lang='lat' dir='ltr'>agendum</span> <span class='ocrx_word' id='word_1_63' title='bbox 1833 882 2310 953; x_wconf 88' lang='lat' dir='ltr'>cohortabatur,</span> <span class='ocrx_word' id='word_1_64' title='bbox 2369 880 2726 958; x_wconf 87' lang='lat' dir='ltr'>significans</span> <span class='ocrx_word' id='word_1_65' title='bbox 2760 899 3072 939; x_wconf 89' lang='lat' dir='ltr'>summum</span> <span class='ocrx_word' id='word_1_66' title='bbox 3118 883 3474 958; x_wconf 85' lang='lat' dir='ltr'>pontiﬁcem</span> <span class='ocrx_word' id='word_1_67' title='bbox 3510 885 3585 966; x_wconf 87' lang='lat' dir='ltr'>(is</span> 
     </span>
    </p>
   </div>
   <div class='ocr_carea' id='block_1_8' title="bbox 175 976 3583 1060">
    <p class='ocr_par' dir='ltr' id='par_1_8' title="bbox 175 976 3583 1060">
     <span class='ocr_line' id='line_1_8' title="bbox 175 976 3583 1060; baseline -0.002 -12"><span class='ocrx_word' id='word_1_68' title='bbox 175 995 306 1048; x_wconf 88' lang='lat' dir='ltr'>erat</span> <span class='ocrx_word' id='word_1_69' title='bbox 336 988 533 1047; x_wconf 88' lang='lat' dir='ltr'>felicis</span> <span class='ocrx_word' id='word_1_70' title='bbox 566 985 888 1044; x_wconf 88' lang='lat' dir='ltr'>memoria</span> <span class='ocrx_word' id='word_1_71' title='bbox 919 983 1288 1043; x_wconf 88' lang='lat' dir='ltr'>Benedictus</span> <span class='ocrx_word' id='word_1_72' title='bbox 1333 982 1488 1060; x_wconf 79' lang='lat' dir='ltr'>XIV)</span> <span class='ocrx_word' id='word_1_73' title='bbox 1545 981 1609 1039; x_wconf 88' lang='lat' dir='ltr'>in</span> <span class='ocrx_word' id='word_1_74' title='bbox 1667 998 1896 1056; x_wconf 89' lang='lat' dir='ltr'>magno</span> <span class='ocrx_word' id='word_1_75' title='bbox 1954 979 2143 1056; x_wconf 88' lang='lat' dir='ltr'>hujus</span> <span class='ocrx_word' id='word_1_76' title='bbox 2202 978 2488 1037; x_wconf 81' lang='lat' dir='ltr'>editionis</span> <span class='ocrx_word' id='word_1_77' title='bbox 2535 995 2668 1037; x_wconf 90' lang='lat' dir='ltr'>esse</span> <span class='ocrx_word' id='word_1_78' title='bbox 2717 976 3046 1048; x_wconf 90' lang='lat' dir='ltr'>desiderio,</span> <span class='ocrx_word' id='word_1_79' title='bbox 3083 983 3142 1037; x_wconf 88' lang='lat' dir='ltr'>et</span> <span class='ocrx_word' id='word_1_80' title='bbox 3173 981 3583 1042; x_wconf 87' lang='lat' dir='ltr'>Sanctitatem</span> 
     </span>
    </p>
   </div>
   <div class='ocr_carea' id='block_1_9' title="bbox 174 1077 2326 1158">
    <p class='ocr_par' dir='ltr' id='par_1_9' title="bbox 174 1077 2326 1158">
     <span class='ocr_line' id='line_1_9' title="bbox 174 1077 2326 1158; baseline -0.006 -11"><span class='ocrx_word' id='word_1_81' title='bbox 174 1089 364 1147; x_wconf 89' lang='lat' dir='ltr'>Suam</span> <span class='ocrx_word' id='word_1_82' title='bbox 399 1103 526 1144; x_wconf 91' lang='lat' dir='ltr'>una</span> <span class='ocrx_word' id='word_1_83' title='bbox 557 1101 768 1142; x_wconf 91' lang='lat' dir='ltr'>secum</span> <span class='ocrx_word' id='word_1_84' title='bbox 803 1082 878 1142; x_wconf 92' lang='lat' dir='ltr'>de</span> <span class='ocrx_word' id='word_1_85' title='bbox 907 1082 1017 1140; x_wconf 92' lang='lat' dir='ltr'>illo</span> <span class='ocrx_word' id='word_1_86' title='bbox 1049 1097 1236 1158; x_wconf 91' lang='lat' dir='ltr'>opere</span> <span class='ocrx_word' id='word_1_87' title='bbox 1267 1079 1655 1157; x_wconf 80' lang='lat' dir='ltr'>frequentem</span> <span class='ocrx_word' id='word_1_88' title='bbox 1689 1077 1919 1138; x_wconf 89' lang='lat' dir='ltr'>habere</span> <span class='ocrx_word' id='word_1_89' title='bbox 1951 1093 2326 1137; x_wconf 89' lang='lat' dir='ltr'>sermonem.</span> 
     </span>
    </p>
   </div>
   <div class='ocr_carea' id='block_1_10' title="bbox 249 1188 3586 1278">
    <p class='ocr_par' dir='ltr' id='par_1_10' title="bbox 249 1188 3586 1278">
     <span class='ocr_line' id='line_1_10' title="bbox 249 1188 3586 1278; baseline -0.001 -19"><span class='ocrx_word' id='word_1_90' title='bbox 249 1199 525 1278; x_wconf 82' lang='lat' dir='ltr'>Insignis</span> <span class='ocrx_word' id='word_1_91' title='bbox 555 1196 827 1257; x_wconf 89' lang='lat' dir='ltr'>abbatia</span> <span class='ocrx_word' id='word_1_92' title='bbox 861 1198 922 1257; x_wconf 93' lang='lat' dir='ltr'>S.</span> <span class='ocrx_word' id='word_1_93' title='bbox 961 1193 1253 1256; x_wconf 86' lang='lat' dir='ltr'>Germani</span> <span class='ocrx_word' id='word_1_94' title='bbox 1280 1191 1814 1264; x_wconf 89' lang='lat' dir='ltr'>bibliothecarius,</span> <span class='ocrx_word' id='word_1_95' title='bbox 1848 1209 1881 1253; x_wconf 94' lang='lat' dir='ltr'>e</span> <span class='ocrx_word' id='word_1_96' title='bbox 1911 1190 2293 1253; x_wconf 89' lang='lat' dir='ltr'>cbarissimis</span> <span class='ocrx_word' id='word_1_97' title='bbox 2324 1188 2550 1250; x_wconf 89' lang='lat' dir='ltr'>nostris</span> <span class='ocrx_word' id='word_1_98' title='bbox 2580 1188 2897 1250; x_wconf 87' lang='lat' dir='ltr'>sodalibus</span> <span class='ocrx_word' id='word_1_99' title='bbox 2929 1209 3110 1266; x_wconf 91' lang='lat' dir='ltr'>unus,</span> <span class='ocrx_word' id='word_1_100' title='bbox 3148 1194 3219 1251; x_wconf 94' lang='lat' dir='ltr'>D.</span> <span class='ocrx_word' id='word_1_101' title='bbox 3254 1194 3484 1271; x_wconf 90' lang='lat' dir='ltr'>Patert,</span> <span class='ocrx_word' id='word_1_102' title='bbox 3511 1214 3586 1256; x_wconf 82' lang='lat' dir='ltr'>ex</span> 
     </span>
    </p>
   </div>
   <div class='ocr_carea' id='block_1_11' title="bbox 174 1288 3584 1377">
    <p class='ocr_par' dir='ltr' id='par_1_11' title="bbox 174 1288 3584 1377">
     <span class='ocr_line' id='line_1_11' title="bbox 174 1288 3584 1377; baseline -0 -21"><span class='ocrx_word' id='word_1_103' title='bbox 174 1297 464 1377; x_wconf 88' lang='lat' dir='ltr'>pluribus</span> <span class='ocrx_word' id='word_1_104' title='bbox 492 1296 814 1357; x_wconf 90' lang='lat' dir='ltr'>codicibus</span> <span class='ocrx_word' id='word_1_105' title='bbox 842 1293 1088 1372; x_wconf 89' lang='lat' dir='ltr'>scriptis</span> <span class='ocrx_word' id='word_1_106' title='bbox 1117 1311 1333 1365; x_wconf 90' lang='lat' dir='ltr'>manu,</span> <span class='ocrx_word' id='word_1_107' title='bbox 1367 1311 1492 1352; x_wconf 92' lang='lat' dir='ltr'>non</span> <span class='ocrx_word' id='word_1_108' title='bbox 1526 1296 1768 1351; x_wconf 90' lang='lat' dir='ltr'>tantum</span> <span class='ocrx_word' id='word_1_109' title='bbox 1805 1292 1868 1351; x_wconf 92' lang='lat' dir='ltr'>S.</span> <span class='ocrx_word' id='word_1_110' title='bbox 1903 1289 2218 1366; x_wconf 90' lang='lat' dir='ltr'>Germani,</span> <span class='ocrx_word' id='word_1_111' title='bbox 2249 1289 2356 1349; x_wconf 85' lang='lat' dir='ltr'>sed</span> <span class='ocrx_word' id='word_1_112' title='bbox 2401 1288 2592 1348; x_wconf 88' lang='lat' dir='ltr'>etiam</span> <span class='ocrx_word' id='word_1_113' title='bbox 2629 1288 2855 1365; x_wconf 81' lang='lat' dir='ltr'>Regia,</span> <span class='ocrx_word' id='word_1_114' title='bbox 2891 1288 3414 1364; x_wconf 87' lang='lat' dir='ltr'>Claromontana,</span> <span class='ocrx_word' id='word_1_115' title='bbox 3440 1300 3584 1369; x_wconf 89' lang='lat' dir='ltr'>etc.,</span> 
     </span>
    </p>
   </div>
   <div class='ocr_carea' id='block_1_12' title="bbox 169 1385 3590 1472">
    <p class='ocr_par' dir='ltr' id='par_1_12' title="bbox 169 1385 3590 1472">
     <span class='ocr_line' id='line_1_12' title="bbox 169 1385 3590 1472; baseline -0.001 -16"><span class='ocrx_word' id='word_1_116' title='bbox 169 1396 380 1456; x_wconf 85' lang='lat' dir='ltr'>varias</span> <span class='ocrx_word' id='word_1_117' title='bbox 409 1395 732 1468; x_wconf 85' lang='lat' dir='ltr'>lectiones,</span> <span class='ocrx_word' id='word_1_118' title='bbox 765 1399 828 1453; x_wconf 91' lang='lat' dir='ltr'>et</span> <span class='ocrx_word' id='word_1_119' title='bbox 851 1392 1107 1472; x_wconf 89' lang='lat' dir='ltr'>quidem</span> <span class='ocrx_word' id='word_1_120' title='bbox 1136 1389 1603 1469; x_wconf 89' lang='lat' dir='ltr'>elegantissima</span> <span class='ocrx_word' id='word_1_121' title='bbox 1635 1406 1824 1448; x_wconf 89' lang='lat' dir='ltr'>manu</span> <span class='ocrx_word' id='word_1_122' title='bbox 1870 1391 1933 1447; x_wconf 85' lang='lat' dir='ltr'>et</span> <span class='ocrx_word' id='word_1_123' title='bbox 1980 1387 2286 1465; x_wconf 85' lang='lat' dir='ltr'>sagaciter</span> <span class='ocrx_word' id='word_1_124' title='bbox 2341 1386 2685 1464; x_wconf 90' lang='lat' dir='ltr'>descriptas</span> <span class='ocrx_word' id='word_1_125' title='bbox 2723 1385 3061 1446; x_wconf 89' lang='lat' dir='ltr'>liberaliter</span> <span class='ocrx_word' id='word_1_126' title='bbox 3092 1388 3590 1452; x_wconf 86' lang='lat' dir='ltr'>subministravit</span> 
     </span>
    </p>
   </div>
   <div class='ocr_carea' id='block_1_13' title="bbox 176 1483 3590 1567">
    <p class='ocr_par' dir='ltr' id='par_1_13' title="bbox 176 1483 3590 1567">
     <span class='ocr_line' id='line_1_13' title="bbox 176 1483 3590 1567; baseline -0.002 -13"><span class='ocrx_word' id='word_1_127' title='bbox 176 1497 251 1554; x_wconf 94' lang='lat' dir='ltr'>D.</span> <span class='ocrx_word' id='word_1_128' title='bbox 287 1492 632 1552; x_wconf 91' lang='lat' dir='ltr'>Prudentio</span> <span class='ocrx_word' id='word_1_129' title='bbox 663 1492 902 1552; x_wconf 89' lang='lat' dir='ltr'>Maran.</span> <span class='ocrx_word' id='word_1_130' title='bbox 941 1489 1110 1550; x_wconf 84' lang='lat' dir='ltr'>Alias</span> <span class='ocrx_word' id='word_1_131' title='bbox 1141 1506 1395 1567; x_wconf 90' lang='lat' dir='ltr'>quoque</span> <span class='ocrx_word' id='word_1_132' title='bbox 1424 1487 1582 1547; x_wconf 90' lang='lat' dir='ltr'>alter</span> <span class='ocrx_word' id='word_1_133' title='bbox 1612 1505 1644 1547; x_wconf 94' lang='lat' dir='ltr'>e</span> <span class='ocrx_word' id='word_1_134' title='bbox 1676 1484 1924 1560; x_wconf 87' lang='lat' dir='ltr'>nostris,</span> <span class='ocrx_word' id='word_1_135' title='bbox 1963 1504 2001 1545; x_wconf 93' lang='lat' dir='ltr'>a</span> <span class='ocrx_word' id='word_1_136' title='bbox 2029 1503 2092 1546; x_wconf 92' lang='lat' dir='ltr'>se</span> <span class='ocrx_word' id='word_1_137' title='bbox 2149 1483 2515 1562; x_wconf 88' lang='lat' dir='ltr'>descriptas,</span> <span class='ocrx_word' id='word_1_138' title='bbox 2550 1486 2620 1543; x_wconf 92' lang='lat' dir='ltr'>D.</span> <span class='ocrx_word' id='word_1_139' title='bbox 2653 1483 2932 1543; x_wconf 80' lang='lat' dir='ltr'>Andreas</span> <span class='ocrx_word' id='word_1_140' title='bbox 2970 1483 3158 1543; x_wconf 91' lang='lat' dir='ltr'>Brion</span> <span class='ocrx_word' id='word_1_141' title='bbox 3190 1497 3590 1563; x_wconf 89' lang='lat' dir='ltr'>peramanter</span> 
     </span>
    </p>
   </div>
   <div class='ocr_carea' id='block_1_14' title="bbox 171 1590 433 1650">
    <p class='ocr_par' dir='ltr' id='par_1_14' title="bbox 171 1590 433 1650">
     <span class='ocr_line' id='line_1_14' title="bbox 171 1590 433 1650; baseline -0.008 0"><span class='ocrx_word' id='word_1_142' title='bbox 171 1590 433 1650; x_wconf 89' lang='lat' dir='ltr'>obtulit.</span> 
     </span>
    </p>
   </div>
   <div class='ocr_carea' id='block_1_15' title="bbox 254 1696 3587 1779">
    <p class='ocr_par' dir='ltr' id='par_1_15' title="bbox 254 1696 3587 1779">
     <span class='ocr_line' id='line_1_15' title="bbox 254 1696 3587 1779; baseline -0.002 -14"><span class='ocrx_word' id='word_1_143' title='bbox 254 1709 380 1766; x_wconf 86' lang='lat' dir='ltr'>Nec</span> <span class='ocrx_word' id='word_1_144' title='bbox 414 1704 676 1764; x_wconf 90' lang='lat' dir='ltr'>tacitum</span> <span class='ocrx_word' id='word_1_145' title='bbox 710 1703 1061 1779; x_wconf 90' lang='lat' dir='ltr'>relinquam</span> <span class='ocrx_word' id='word_1_146' title='bbox 1121 1698 1589 1760; x_wconf 88' lang='lat' dir='ltr'>dilectissimum</span> <span class='ocrx_word' id='word_1_147' title='bbox 1651 1697 1927 1758; x_wconf 89' lang='lat' dir='ltr'>sodalem</span> <span class='ocrx_word' id='word_1_148' title='bbox 1987 1699 2058 1758; x_wconf 91' lang='lat' dir='ltr'>D.</span> <span class='ocrx_word' id='word_1_149' title='bbox 2117 1697 2437 1757; x_wconf 89' lang='lat' dir='ltr'>Danielem</span> <span class='ocrx_word' id='word_1_150' title='bbox 2494 1696 2757 1767; x_wconf 88' lang='lat' dir='ltr'>Labbat,</span> <span class='ocrx_word' id='word_1_151' title='bbox 2819 1696 2926 1774; x_wconf 91' lang='lat' dir='ltr'>qui</span> <span class='ocrx_word' id='word_1_152' title='bbox 2983 1696 3264 1774; x_wconf 83' lang='lat' dir='ltr'>diligenti</span> <span class='ocrx_word' id='word_1_153' title='bbox 3297 1705 3357 1758; x_wconf 88' lang='lat' dir='ltr'>et</span> <span class='ocrx_word' id='word_1_154' title='bbox 3391 1699 3587 1760; x_wconf 91' lang='lat' dir='ltr'>multo</span> 
     </span>
    </p>
   </div>
   <div class='ocr_carea' id='block_1_16' title="bbox 173 1795 3589 1879">
    <p class='ocr_par' dir='ltr' id='par_1_16' title="bbox 173 1795 3589 1879">
     <span class='ocr_line' id='line_1_16' title="bbox 173 1795 3589 1879; baseline -0.002 -15"><span class='ocrx_word' id='word_1_155' title='bbox 173 1805 394 1865; x_wconf 90' lang='lat' dir='ltr'>labore</span> <span class='ocrx_word' id='word_1_156' title='bbox 440 1803 677 1862; x_wconf 87' lang='lat' dir='ltr'>indices</span> <span class='ocrx_word' id='word_1_157' title='bbox 710 1800 1232 1879; x_wconf 89' lang='lat' dir='ltr'>locupletissimos</span> <span class='ocrx_word' id='word_1_158' title='bbox 1291 1799 1639 1869; x_wconf 89' lang='lat' dir='ltr'>adornavit,</span> <span class='ocrx_word' id='word_1_159' title='bbox 1706 1816 1816 1856; x_wconf 89' lang='lat' dir='ltr'>nec</span> <span class='ocrx_word' id='word_1_160' title='bbox 1875 1801 1943 1858; x_wconf 95' lang='lat' dir='ltr'>D.</span> <span class='ocrx_word' id='word_1_161' title='bbox 2009 1796 2371 1873; x_wconf 88' lang='lat' dir='ltr'>Dionysium</span> <span class='ocrx_word' id='word_1_162' title='bbox 2431 1795 2691 1862; x_wconf 83' lang='lat' dir='ltr'>d’Ulive,</span> <span class='ocrx_word' id='word_1_163' title='bbox 2734 1795 2841 1873; x_wconf 90' lang='lat' dir='ltr'>qui</span> <span class='ocrx_word' id='word_1_164' title='bbox 2873 1795 3098 1855; x_wconf 91' lang='lat' dir='ltr'>menda</span> <span class='ocrx_word' id='word_1_165' title='bbox 3133 1798 3589 1877; x_wconf 77' lang='lat' dir='ltr'>typOgraphica</span> 
     </span>
    </p>
   </div>
   <div class='ocr_carea' id='block_1_17' title="bbox 175 1894 3592 1981">
    <p class='ocr_par' dir='ltr' id='par_1_17' title="bbox 175 1894 3592 1981">
     <span class='ocr_line' id='line_1_17' title="bbox 175 1894 3592 1981; baseline -0.002 -18"><span class='ocrx_word' id='word_1_166' title='bbox 175 1902 539 1981; x_wconf 79' lang='lat' dir='ltr'>corrigendi</span> <span class='ocrx_word' id='word_1_167' title='bbox 572 1902 838 1961; x_wconf 90' lang='lat' dir='ltr'>libenter</span> <span class='ocrx_word' id='word_1_168' title='bbox 865 1899 930 1958; x_wconf 91' lang='lat' dir='ltr'>in</span> <span class='ocrx_word' id='word_1_169' title='bbox 964 1917 1026 1959; x_wconf 88' lang='lat' dir='ltr'>se</span> <span class='ocrx_word' id='word_1_170' title='bbox 1059 1915 1272 1958; x_wconf 90' lang='lat' dir='ltr'>curam</span> <span class='ocrx_word' id='word_1_171' title='bbox 1305 1897 1603 1975; x_wconf 91' lang='lat' dir='ltr'>suscepit,</span> <span class='ocrx_word' id='word_1_172' title='bbox 1662 1909 1723 1955; x_wconf 87' lang='lat' dir='ltr'>et</span> <span class='ocrx_word' id='word_1_173' title='bbox 1780 1913 2034 1974; x_wconf 88' lang='lat' dir='ltr'>operam</span> <span class='ocrx_word' id='word_1_174' title='bbox 2095 1894 2368 1954; x_wconf 90' lang='lat' dir='ltr'>studiose</span> <span class='ocrx_word' id='word_1_175' title='bbox 2425 1899 2792 1972; x_wconf 88' lang='lat' dir='ltr'>prosecutus</span> <span class='ocrx_word' id='word_1_176' title='bbox 2831 1898 2942 1953; x_wconf 92' lang='lat' dir='ltr'>est.</span> <span class='ocrx_word' id='word_1_177' title='bbox 2975 1895 3114 1954; x_wconf 84' lang='lat' dir='ltr'>Jam</span> <span class='ocrx_word' id='word_1_178' title='bbox 3150 1894 3304 1956; x_wconf 83' lang='lat' dir='ltr'>faxit</span> <span class='ocrx_word' id='word_1_179' title='bbox 3332 1898 3492 1957; x_wconf 93' lang='lat' dir='ltr'>Deus</span> <span class='ocrx_word' id='word_1_180' title='bbox 3522 1902 3592 1957; x_wconf 91' lang='lat' dir='ltr'>ut</span> 
     </span>
    </p>
   </div>
   <div class='ocr_carea' id='block_1_18' title="bbox 175 1991 3590 2078">
    <p class='ocr_par' dir='ltr' id='par_1_18' title="bbox 175 1991 3590 2078">
     <span class='ocr_line' id='line_1_18' title="bbox 175 1991 3590 2078; baseline -0.002 -16"><span class='ocrx_word' id='word_1_181' title='bbox 175 2010 388 2062; x_wconf 88' lang='lat' dir='ltr'>noster</span> <span class='ocrx_word' id='word_1_182' title='bbox 422 2001 524 2061; x_wconf 93' lang='lat' dir='ltr'>hic</span> <span class='ocrx_word' id='word_1_183' title='bbox 560 1999 1152 2078; x_wconf 88' lang='lat' dir='ltr'>quantuluscunque</span> <span class='ocrx_word' id='word_1_184' title='bbox 1182 1995 1357 2056; x_wconf 91' lang='lat' dir='ltr'>labor</span> <span class='ocrx_word' id='word_1_185' title='bbox 1386 1994 1449 2054; x_wconf 91' lang='lat' dir='ltr'>in</span> <span class='ocrx_word' id='word_1_186' title='bbox 1480 2013 1627 2054; x_wconf 90' lang='lat' dir='ltr'>usus</span> <span class='ocrx_word' id='word_1_187' title='bbox 1677 1995 1858 2054; x_wconf 89' lang='lat' dir='ltr'>cedat</span> <span class='ocrx_word' id='word_1_188' title='bbox 1904 1993 2198 2054; x_wconf 88' lang='lat' dir='ltr'>Ecclesia</span> <span class='ocrx_word' id='word_1_189' title='bbox 2255 1991 2605 2067; x_wconf 83' lang='lat' dir='ltr'>catholica,</span> <span class='ocrx_word' id='word_1_190' title='bbox 2640 1991 2740 2051; x_wconf 91' lang='lat' dir='ltr'>cui</span> <span class='ocrx_word' id='word_1_191' title='bbox 2772 1991 3075 2071; x_wconf 83' lang='lat' dir='ltr'>quidquid</span> <span class='ocrx_word' id='word_1_192' title='bbox 3107 1992 3354 2053; x_wconf 79' lang='lat' dir='ltr'>fecerim</span> <span class='ocrx_word' id='word_1_193' title='bbox 3389 2000 3590 2055; x_wconf 90' lang='lat' dir='ltr'>totum</span> 
     </span>
    </p>
   </div>
   <div class='ocr_carea' id='block_1_19' title="bbox 177 2092 1816 2177">
    <p class='ocr_par' dir='ltr' id='par_1_19' title="bbox 177 2092 1816 2177">
     <span class='ocr_line' id='line_1_19' title="bbox 177 2092 1816 2177; baseline -0.005 -17"><span class='ocrx_word' id='word_1_194' title='bbox 177 2118 503 2172; x_wconf 90' lang='lat' dir='ltr'>consecro,</span> <span class='ocrx_word' id='word_1_195' title='bbox 537 2095 848 2177; x_wconf 92' lang='lat' dir='ltr'>quidquid</span> <span class='ocrx_word' id='word_1_196' title='bbox 879 2093 1233 2174; x_wconf 89' lang='lat' dir='ltr'>scripserim</span> <span class='ocrx_word' id='word_1_197' title='bbox 1263 2098 1466 2154; x_wconf 88' lang='lat' dir='ltr'>totum</span> <span class='ocrx_word' id='word_1_198' title='bbox 1493 2092 1816 2153; x_wconf 89' lang='lat' dir='ltr'>submitto.</span> 
     </span>
    </p>
   </div>
   <div class='ocr_carea' id='block_1_20' title="bbox 1274 2672 2525 2767">
    <p class='ocr_par' dir='ltr' id='par_1_20' title="bbox 1274 2672 2525 2767">
     <span class='ocr_line' id='line_1_20' title="bbox 1274 2672 2525 2767; baseline -0.003 0"><span class='ocrx_word' id='word_1_199' title='bbox 1274 2673 2010 2767; x_wconf 88' lang='lat' dir='ltr'>SECUNDA</span> <span class='ocrx_word' id='word_1_200' title='bbox 2115 2672 2525 2766; x_wconf 84' lang='lat' dir='ltr'>PARS.</span> 
     </span>
    </p>
   </div>
   <div class='ocr_carea' id='block_1_21' title="bbox 1433 2958 2369 3021">
    <p class='ocr_par' dir='ltr' id='par_1_21' title="bbox 1433 2958 2369 3021">
     <span class='ocr_line' id='line_1_21' title="bbox 1433 2958 2369 3021; baseline -0.001 -2"><span class='ocrx_word' id='word_1_201' title='bbox 1433 2961 1819 3020; x_wconf 89' lang='lat' dir='ltr'>DEFENSIO</span> <span class='ocrx_word' id='word_1_202' title='bbox 1843 2958 2369 3021; x_wconf 79' lang='lat' dir='ltr'>GREGORIANA.</span> 
     </span>
    </p>
   </div>
   <div class='ocr_carea' id='block_1_22' title="bbox 1203 3390 2609 3468">
    <p class='ocr_par' dir='ltr' id='par_1_22' title="bbox 1203 3390 2609 3468">
     <span class='ocr_line' id='line_1_22' title="bbox 1203 3390 2609 3468; baseline -0.002 -16"><span class='ocrx_word' id='word_1_203' title='bbox 1203 3390 1237 3468; x_wconf 87' lang='lat'>§</span> <span class='ocrx_word' id='word_1_204' title='bbox 1266 3392 1316 3452; x_wconf 92' lang='grc' dir='ltr'><strong>Ι.</strong></span> <span class='ocrx_word' id='word_1_205' title='bbox 1349 3404 1641 3451; x_wconf 73' lang='lat' dir='ltr'>DEFENSIO</span> <span class='ocrx_word' id='word_1_206' title='bbox 1670 3403 1947 3450; x_wconf 79' lang='lat' dir='ltr'>eaaeoau</span> <span class='ocrx_word' id='word_1_207' title='bbox 1970 3403 2280 3449; x_wconf 79' lang='lat' dir='ltr'>ADVERSUS</span> <span class='ocrx_word' id='word_1_208' title='bbox 2325 3402 2609 3450; x_wconf 74' lang='lat' dir='ltr'>TOLLIUM.</span> 
     </span>
    </p>
   </div>
   <div class='ocr_carea' id='block_1_23' title="bbox 279 3655 3614 3738">
    <p class='ocr_par' dir='ltr' id='par_1_23' title="bbox 279 3655 3614 3738">
     <span class='ocr_line' id='line_1_23' title="bbox 279 3655 3614 3738; baseline -0 -16"><span class='ocrx_word' id='word_1_209' title='bbox 279 3665 502 3723; x_wconf 85' lang='lat' dir='ltr'>Plures</span> <span class='ocrx_word' id='word_1_210' title='bbox 535 3679 657 3720; x_wconf 93' lang='lat' dir='ltr'>non</span> <span class='ocrx_word' id='word_1_211' title='bbox 693 3665 939 3719; x_wconf 88' lang='lat' dir='ltr'>tantum</span> <span class='ocrx_word' id='word_1_212' title='bbox 1000 3676 1074 3718; x_wconf 84' lang='lat' dir='ltr'>ex</span> <span class='ocrx_word' id='word_1_213' title='bbox 1125 3656 1547 3729; x_wconf 84' lang='lat' dir='ltr'>heterodoxis,</span> <span class='ocrx_word' id='word_1_214' title='bbox 1601 3655 1770 3735; x_wconf 87' lang='lat' dir='ltr'>quod</span> <span class='ocrx_word' id='word_1_215' title='bbox 1829 3655 2052 3715; x_wconf 89' lang='lat' dir='ltr'>mirum</span> <span class='ocrx_word' id='word_1_216' title='bbox 2117 3674 2240 3715; x_wconf 91' lang='lat' dir='ltr'>non</span> <span class='ocrx_word' id='word_1_217' title='bbox 2298 3663 2413 3731; x_wconf 89' lang='lat' dir='ltr'>est,</span> <span class='ocrx_word' id='word_1_218' title='bbox 2457 3660 2563 3719; x_wconf 92' lang='lat' dir='ltr'>sed</span> <span class='ocrx_word' id='word_1_219' title='bbox 2595 3660 2784 3720; x_wconf 89' lang='lat' dir='ltr'>etiam</span> <span class='ocrx_word' id='word_1_220' title='bbox 2816 3678 2892 3717; x_wconf 87' lang='lat' dir='ltr'>ex</span> <span class='ocrx_word' id='word_1_221' title='bbox 2921 3658 3282 3732; x_wconf 89' lang='lat' dir='ltr'>Catholicis,</span> <span class='ocrx_word' id='word_1_222' title='bbox 3317 3661 3614 3738; x_wconf 86' lang='lat' dir='ltr'>Gregorio</span> 
     </span>
    </p>
   </div>
   <div class='ocr_carea' id='block_1_24' title="bbox 203 3752 3616 3838">
    <p class='ocr_par' dir='ltr' id='par_1_24' title="bbox 203 3752 3616 3838">
     <span class='ocr_line' id='line_1_24' title="bbox 203 3752 3616 3838; baseline -0.001 -18"><span class='ocrx_word' id='word_1_223' title='bbox 203 3779 428 3838; x_wconf 87' lang='lat' dir='ltr'>parum</span> <span class='ocrx_word' id='word_1_224' title='bbox 464 3775 683 3836; x_wconf 83' lang='lat' dir='ltr'>aquos</span> <span class='ocrx_word' id='word_1_225' title='bbox 714 3775 777 3816; x_wconf 89' lang='lat' dir='ltr'>se</span> <span class='ocrx_word' id='word_1_226' title='bbox 808 3755 1233 3833; x_wconf 88' lang='lat' dir='ltr'>prabuerunt,</span> <span class='ocrx_word' id='word_1_227' title='bbox 1269 3754 1398 3813; x_wconf 90' lang='lat' dir='ltr'>imo</span> <span class='ocrx_word' id='word_1_228' title='bbox 1428 3771 1567 3812; x_wconf 90' lang='lat' dir='ltr'>eum</span> <span class='ocrx_word' id='word_1_229' title='bbox 1603 3752 1898 3813; x_wconf 87' lang='lat' dir='ltr'>couviciis</span> <span class='ocrx_word' id='word_1_230' title='bbox 1937 3753 2259 3825; x_wconf 86' lang='lat' dir='ltr'>lacessere,</span> <span class='ocrx_word' id='word_1_231' title='bbox 2313 3757 2645 3816; x_wconf 89' lang='lat' dir='ltr'>calumniis</span> <span class='ocrx_word' id='word_1_232' title='bbox 2692 3763 2880 3834; x_wconf 89' lang='lat' dir='ltr'>atque</span> <span class='ocrx_word' id='word_1_233' title='bbox 2911 3757 3096 3815; x_wconf 91' lang='lat' dir='ltr'>etiam</span> <span class='ocrx_word' id='word_1_234' title='bbox 3139 3757 3309 3816; x_wconf 86' lang='lat' dir='ltr'>falsis</span> <span class='ocrx_word' id='word_1_235' title='bbox 3340 3758 3616 3817; x_wconf 90' lang='lat' dir='ltr'>crimini-</span> 
     </span>
    </p>
   </div>
   <div class='ocr_carea' id='block_1_25' title="bbox 203 3849 3621 3932">
    <p class='ocr_par' dir='ltr' id='par_1_25' title="bbox 203 3849 3621 3932">
     <span class='ocr_line' id='line_1_25' title="bbox 203 3849 3621 3932; baseline -0.001 -16"><span class='ocrx_word' id='word_1_236' title='bbox 203 3859 314 3917; x_wconf 89' lang='lat' dir='ltr'>bus</span> <span class='ocrx_word' id='word_1_237' title='bbox 348 3855 724 3915; x_wconf 87' lang='lat' dir='ltr'>insimulare</span> <span class='ocrx_word' id='word_1_238' title='bbox 757 3853 888 3912; x_wconf 89' lang='lat' dir='ltr'>ausi</span> <span class='ocrx_word' id='word_1_239' title='bbox 922 3856 1085 3920; x_wconf 87' lang='lat' dir='ltr'>sunt.</span> <span class='ocrx_word' id='word_1_240' title='bbox 1122 3869 1387 3927; x_wconf 89' lang='lat' dir='ltr'>quorum</span> <span class='ocrx_word' id='word_1_241' title='bbox 1425 3849 1836 3928; x_wconf 89' lang='lat' dir='ltr'>petulantiam</span> <span class='ocrx_word' id='word_1_242' title='bbox 1868 3850 2156 3927; x_wconf 83' lang='lat' dir='ltr'>frangere</span> <span class='ocrx_word' id='word_1_243' title='bbox 2188 3859 2248 3911; x_wconf 92' lang='lat' dir='ltr'>et</span> <span class='ocrx_word' id='word_1_244' title='bbox 2281 3854 2691 3913; x_wconf 89' lang='lat' dir='ltr'>contumelias</span> <span class='ocrx_word' id='word_1_245' title='bbox 2713 3854 2896 3930; x_wconf 81' lang='lat' dir='ltr'>juvat</span> <span class='ocrx_word' id='word_1_246' title='bbox 2944 3853 3294 3912; x_wconf 80' lang='lat' dir='ltr'>retundere.</span> <span class='ocrx_word' id='word_1_247' title='bbox 3331 3855 3621 3932; x_wconf 84' lang='lat' dir='ltr'>Singulo-</span> 
     </span>
    </p>
   </div>
   <div class='ocr_carea' id='block_1_26' title="bbox 203 3946 3626 4025">
    <p class='ocr_par' dir='ltr' id='par_1_26' title="bbox 203 3946 3626 4025">
     <span class='ocr_line' id='line_1_26' title="bbox 203 3946 3626 4025; baseline -0.001 -11"><span class='ocrx_word' id='word_1_248' title='bbox 203 3975 340 4014; x_wconf 88' lang='lat' dir='ltr'>rum</span> <span class='ocrx_word' id='word_1_249' title='bbox 379 3959 598 4012; x_wconf 88' lang='lat' dir='ltr'>tamen</span> <span class='ocrx_word' id='word_1_250' title='bbox 654 3949 983 4009; x_wconf 86' lang='lat' dir='ltr'>calumniis</span> <span class='ocrx_word' id='word_1_251' title='bbox 1012 3954 1074 4007; x_wconf 91' lang='lat' dir='ltr'>et</span> <span class='ocrx_word' id='word_1_252' title='bbox 1104 3948 1373 4006; x_wconf 82' lang='lat' dir='ltr'>dicteriis</span> <span class='ocrx_word' id='word_1_253' title='bbox 1400 3947 1461 4004; x_wconf 92' lang='lat' dir='ltr'>in</span> <span class='ocrx_word' id='word_1_254' title='bbox 1495 3946 1861 4023; x_wconf 81' lang='lat' dir='ltr'>Gregorium</span> <span class='ocrx_word' id='word_1_255' title='bbox 1919 3947 2277 4007; x_wconf 91' lang='lat' dir='ltr'>refellendis</span> <span class='ocrx_word' id='word_1_256' title='bbox 2336 3968 2458 4008; x_wconf 91' lang='lat' dir='ltr'>nou</span> <span class='ocrx_word' id='word_1_257' title='bbox 2518 3950 2922 4009; x_wconf 90' lang='lat' dir='ltr'>immorabor.</span> <span class='ocrx_word' id='word_1_258' title='bbox 2959 3949 3157 4007; x_wconf 90' lang='lat' dir='ltr'>Missis</span> <span class='ocrx_word' id='word_1_259' title='bbox 3188 3949 3379 4025; x_wconf 86' lang='lat' dir='ltr'>igitur</span> <span class='ocrx_word' id='word_1_260' title='bbox 3411 3952 3626 4010; x_wconf 85' lang='lat' dir='ltr'>Dallai</span> 
     </span>
    </p>
   </div>
   <div class='ocr_carea' id='block_1_27' title="bbox 202 4044 3628 4124">
    <p class='ocr_par' dir='ltr' id='par_1_27' title="bbox 202 4044 3628 4124">
     <span class='ocr_line' id='line_1_27' title="bbox 202 4044 3628 4124; baseline -0.001 -13"><span class='ocrx_word' id='word_1_261' title='bbox 202 4051 452 4121; x_wconf 89' lang='lat' dir='ltr'>Clerici,</span> <span class='ocrx_word' id='word_1_262' title='bbox 485 4047 804 4123; x_wconf 82' lang='lat' dir='ltr'>Basnagii,</span> <span class='ocrx_word' id='word_1_263' title='bbox 841 4053 987 4116; x_wconf 90' lang='lat' dir='ltr'>etc.,</span> <span class='ocrx_word' id='word_1_264' title='bbox 1021 4052 1116 4104; x_wconf 88' lang='lat' dir='ltr'>sat</span> <span class='ocrx_word' id='word_1_265' title='bbox 1146 4046 1264 4104; x_wconf 89' lang='lat' dir='ltr'>erit</span> <span class='ocrx_word' id='word_1_266' title='bbox 1309 4044 1580 4104; x_wconf 91' lang='lat' dir='ltr'>Tollium</span> <span class='ocrx_word' id='word_1_267' title='bbox 1633 4044 1740 4122; x_wconf 91' lang='lat' dir='ltr'>qui</span> <span class='ocrx_word' id='word_1_268' title='bbox 1789 4063 1892 4104; x_wconf 92' lang='lat' dir='ltr'>eos</span> <span class='ocrx_word' id='word_1_269' title='bbox 1940 4045 2219 4104; x_wconf 87' lang='lat' dir='ltr'>imitatus</span> <span class='ocrx_word' id='word_1_270' title='bbox 2269 4054 2381 4117; x_wconf 90' lang='lat' dir='ltr'>est,</span> <span class='ocrx_word' id='word_1_271' title='bbox 2435 4049 2764 4124; x_wconf 86' lang='lat' dir='ltr'>castigare,</span> <span class='ocrx_word' id='word_1_272' title='bbox 2801 4054 2860 4105; x_wconf 93' lang='lat' dir='ltr'>et</span> <span class='ocrx_word' id='word_1_273' title='bbox 2891 4046 3127 4105; x_wconf 78' lang='lat' dir='ltr'>diluere</span> <span class='ocrx_word' id='word_1_274' title='bbox 3159 4066 3298 4124; x_wconf 89' lang='lat' dir='ltr'>qua</span> <span class='ocrx_word' id='word_1_275' title='bbox 3330 4048 3628 4108; x_wconf 89' lang='lat' dir='ltr'>adversus</span> 
     </span>
    </p>
   </div>
   <div class='ocr_carea' id='block_1_28' title="bbox 205 4142 3627 4226">
    <p class='ocr_par' dir='ltr' id='par_1_28' title="bbox 205 4142 3627 4226">
     <span class='ocr_line' id='line_1_28' title="bbox 205 4142 3627 4226; baseline -0.001 -17"><span class='ocrx_word' id='word_1_276' title='bbox 205 4147 584 4226; x_wconf 86' lang='lat' dir='ltr'>Gregorium</span> <span class='ocrx_word' id='word_1_277' title='bbox 621 4146 776 4203; x_wconf 86' lang='lat' dir='ltr'>falso</span> <span class='ocrx_word' id='word_1_278' title='bbox 807 4149 869 4204; x_wconf 93' lang='lat' dir='ltr'>et</span> <span class='ocrx_word' id='word_1_279' title='bbox 898 4142 1314 4204; x_wconf 88' lang='lat' dir='ltr'>inverecunde</span> <span class='ocrx_word' id='word_1_280' title='bbox 1344 4143 1612 4220; x_wconf 89' lang='lat' dir='ltr'>scripsit.</span> <span class='ocrx_word' id='word_1_281' title='bbox 1648 4146 1702 4201; x_wconf 90' lang='lat' dir='ltr'>ls</span> <span class='ocrx_word' id='word_1_282' title='bbox 1732 4143 1985 4219; x_wconf 89' lang='lat' dir='ltr'>quidem</span> <span class='ocrx_word' id='word_1_283' title='bbox 2018 4143 2079 4200; x_wconf 92' lang='lat' dir='ltr'>in</span> <span class='ocrx_word' id='word_1_284' title='bbox 2113 4144 2358 4221; x_wconf 91' lang='lat' dir='ltr'>scriptis</span> <span class='ocrx_word' id='word_1_285' title='bbox 2399 4145 2704 4222; x_wconf 88' lang='lat' dir='ltr'>&#39;l‘heologi</span> <span class='ocrx_word' id='word_1_286' title='bbox 2737 4143 3210 4215; x_wconf 86' lang='lat' dir='ltr'>versatissimus,</span> <span class='ocrx_word' id='word_1_287' title='bbox 3247 4145 3354 4203; x_wconf 91' lang='lat' dir='ltr'>sed</span> <span class='ocrx_word' id='word_1_288' title='bbox 3385 4145 3448 4203; x_wconf 90' lang='lat' dir='ltr'>in</span> <span class='ocrx_word' id='word_1_289' title='bbox 3479 4164 3627 4205; x_wconf 85' lang='lat' dir='ltr'>auc-</span> 
     </span>
    </p>
   </div>
   <div class='ocr_carea' id='block_1_29' title="bbox 206 4239 3628 4319">
    <p class='ocr_par' dir='ltr' id='par_1_29' title="bbox 206 4239 3628 4319">
     <span class='ocr_line' id='line_1_29' title="bbox 206 4239 3628 4319; baseline -0.001 -14"><span class='ocrx_word' id='word_1_290' title='bbox 206 4254 404 4305; x_wconf 87' lang='lat' dir='ltr'>torem</span> <span class='ocrx_word' id='word_1_291' title='bbox 441 4240 897 4319; x_wconf 89' lang='lat' dir='ltr'>iniquissimus,</span> <span class='ocrx_word' id='word_1_292' title='bbox 942 4246 1070 4298; x_wconf 90' lang='lat' dir='ltr'>tam</span> <span class='ocrx_word' id='word_1_293' title='bbox 1105 4239 1302 4299; x_wconf 89' lang='lat' dir='ltr'>multa</span> <span class='ocrx_word' id='word_1_294' title='bbox 1326 4239 1451 4299; x_wconf 93' lang='lat' dir='ltr'>huc</span> <span class='ocrx_word' id='word_1_295' title='bbox 1481 4239 1652 4311; x_wconf 87' lang='lat' dir='ltr'>illuc,</span> <span class='ocrx_word' id='word_1_296' title='bbox 1683 4245 1937 4316; x_wconf 89' lang='lat' dir='ltr'>tamque</span> <span class='ocrx_word' id='word_1_297' title='bbox 1967 4239 2273 4317; x_wconf 80' lang='lat' dir='ltr'>injuriosa</span> <span class='ocrx_word' id='word_1_298' title='bbox 2324 4241 2455 4301; x_wconf 93' lang='lat' dir='ltr'>viro</span> <span class='ocrx_word' id='word_1_299' title='bbox 2505 4248 2720 4300; x_wconf 84' lang='lat' dir='ltr'>sancto</span> <span class='ocrx_word' id='word_1_300' title='bbox 2766 4240 2995 4318; x_wconf 88' lang='lat' dir='ltr'>sparsit</span> <span class='ocrx_word' id='word_1_301' title='bbox 3041 4240 3104 4299; x_wconf 90' lang='lat' dir='ltr'>in</span> <span class='ocrx_word' id='word_1_302' title='bbox 3153 4243 3536 4319; x_wconf 84' lang='lat' dir='ltr'>argumentis</span> <span class='ocrx_word' id='word_1_303' title='bbox 3567 4248 3628 4303; x_wconf 90' lang='lat' dir='ltr'>et</span> 
     </span>
    </p>
   </div>
   <div class='ocr_carea' id='block_1_30' title="bbox 205 4336 3628 4420">
    <p class='ocr_par' dir='ltr' id='par_1_30' title="bbox 205 4336 3628 4420">
     <span class='ocr_line' id='line_1_30' title="bbox 205 4336 3628 4420; baseline -0.001 -16"><span class='ocrx_word' id='word_1_304' title='bbox 205 4345 370 4404; x_wconf 89' lang='lat' dir='ltr'>notis</span> <span class='ocrx_word' id='word_1_305' title='bbox 399 4338 826 4419; x_wconf 90' lang='lat' dir='ltr'>quorumdam</span> <span class='ocrx_word' id='word_1_306' title='bbox 857 4338 1234 4410; x_wconf 89' lang='lat' dir='ltr'>carminum,</span> <span class='ocrx_word' id='word_1_307' title='bbox 1268 4355 1407 4416; x_wconf 89' lang='lat' dir='ltr'>qua</span> <span class='ocrx_word' id='word_1_308' title='bbox 1431 4336 1562 4415; x_wconf 91' lang='lat' dir='ltr'>ipse</span> <span class='ocrx_word' id='word_1_309' title='bbox 1591 4336 1872 4413; x_wconf 86' lang='lat' dir='ltr'>vulgavit</span> <span class='ocrx_word' id='word_1_310' title='bbox 1903 4355 2068 4397; x_wconf 88' lang='lat' dir='ltr'>anno</span> <span class='ocrx_word' id='word_1_311' title='bbox 2102 4339 2276 4411; x_wconf 78' lang='lat'>1690,</span> <span class='ocrx_word' id='word_1_312' title='bbox 2313 4345 2381 4399; x_wconf 93' lang='lat' dir='ltr'>ut</span> <span class='ocrx_word' id='word_1_313' title='bbox 2408 4340 2622 4399; x_wconf 91' lang='lat' dir='ltr'>omnia</span> <span class='ocrx_word' id='word_1_314' title='bbox 2651 4339 2929 4419; x_wconf 89' lang='lat' dir='ltr'>proferre</span> <span class='ocrx_word' id='word_1_315' title='bbox 2959 4340 3218 4417; x_wconf 89' lang='lat' dir='ltr'>longum</span> <span class='ocrx_word' id='word_1_316' title='bbox 3241 4341 3437 4401; x_wconf 88' lang='lat' dir='ltr'>foret:</span> <span class='ocrx_word' id='word_1_317' title='bbox 3473 4360 3628 4420; x_wconf 87' lang='lat' dir='ltr'>pra-</span> 
     </span>
    </p>
   </div>
   <div class='ocr_carea' id='block_1_31' title="bbox 205 4433 2068 4519">
    <p class='ocr_par' dir='ltr' id='par_1_31' title="bbox 205 4433 2068 4519">
     <span class='ocr_line' id='line_1_31' title="bbox 205 4433 2068 4519; baseline -0.004 -19"><span class='ocrx_word' id='word_1_318' title='bbox 205 4443 393 4519; x_wconf 88' lang='lat' dir='ltr'>cipua</span> <span class='ocrx_word' id='word_1_319' title='bbox 427 4444 643 4496; x_wconf 91' lang='lat' dir='ltr'>tamen</span> <span class='ocrx_word' id='word_1_320' title='bbox 673 4434 971 4506; x_wconf 88' lang='lat' dir='ltr'>delibare,</span> <span class='ocrx_word' id='word_1_321' title='bbox 1012 4441 1074 4493; x_wconf 91' lang='lat' dir='ltr'>et</span> <span class='ocrx_word' id='word_1_322' title='bbox 1103 4434 1262 4493; x_wconf 88' lang='lat' dir='ltr'>falsa</span> <span class='ocrx_word' id='word_1_323' title='bbox 1290 4433 1641 4507; x_wconf 88' lang='lat' dir='ltr'>ostendere,</span> <span class='ocrx_word' id='word_1_324' title='bbox 1677 4433 1924 4492; x_wconf 89' lang='lat' dir='ltr'>animus</span> <span class='ocrx_word' id='word_1_325' title='bbox 1955 4440 2068 4493; x_wconf 88' lang='lat' dir='ltr'>est.</span> 
     </span>
    </p>
   </div>
   <div class='ocr_carea' id='block_1_32' title="bbox 280 4548 3631 4632">
    <p class='ocr_par' dir='ltr' id='par_1_32' title="bbox 280 4548 3631 4632">
     <span class='ocr_line' id='line_1_32' title="bbox 280 4548 3631 4632; baseline -0 -18"><span class='ocrx_word' id='word_1_326' title='bbox 280 4553 577 4614; x_wconf 88' lang='lat' dir='ltr'>Primum</span> <span class='ocrx_word' id='word_1_327' title='bbox 604 4549 858 4627; x_wconf 88' lang='lat' dir='ltr'>quidem</span> <span class='ocrx_word' id='word_1_328' title='bbox 889 4548 954 4608; x_wconf 90' lang='lat' dir='ltr'>in</span> <span class='ocrx_word' id='word_1_329' title='bbox 984 4555 1380 4626; x_wconf 88' lang='lat' dir='ltr'>argumento,</span> <span class='ocrx_word' id='word_1_330' title='bbox 1413 4548 1540 4607; x_wconf 87' lang='lat' dir='ltr'>sive</span> <span class='ocrx_word' id='word_1_331' title='bbox 1576 4571 1606 4604; x_wconf 88' lang='lat'><strong>«</strong></span> <span class='ocrx_word' id='word_1_332' title='bbox 1639 4565 1828 4608; x_wconf 89' lang='lat' dir='ltr'>causa</span> <span class='ocrx_word' id='word_1_333' title='bbox 1857 4549 2072 4627; x_wconf 91' lang='lat' dir='ltr'>scripti</span> <span class='ocrx_word' id='word_1_334' title='bbox 2102 4569 2131 4605; x_wconf 76' lang='grc' dir='ltr'>ι)</span> <span class='ocrx_word' id='word_1_335' title='bbox 2172 4550 2488 4618; x_wconf 86' lang='lat' dir='ltr'>carminis.</span> <span class='ocrx_word' id='word_1_336' title='bbox 2547 4550 2716 4630; x_wconf 88' lang='lat' dir='ltr'>quod</span> <span class='ocrx_word' id='word_1_337' title='bbox 2769 4551 3103 4629; x_wconf 79' lang='lat' dir='ltr'>Gregorius</span> <span class='ocrx_word' id='word_1_338' title='bbox 3135 4575 3163 4606; x_wconf 76' lang='grc' dir='ltr'><strong>α</strong></span> <span class='ocrx_word' id='word_1_339' title='bbox 3199 4553 3275 4612; x_wconf 90' lang='lat' dir='ltr'>de</span> <span class='ocrx_word' id='word_1_340' title='bbox 3306 4571 3369 4612; x_wconf 90' lang='lat' dir='ltr'>se</span> <span class='ocrx_word' id='word_1_341' title='bbox 3400 4553 3536 4632; x_wconf 92' lang='lat' dir='ltr'>ipso</span> <span class='ocrx_word' id='word_1_342' title='bbox 3568 4559 3631 4613; x_wconf 95' lang='lat' dir='ltr'>et</span> 
     </span>
    </p>
   </div>
   <div class='ocr_carea' id='block_1_33' title="bbox 201 4645 3631 4728">
    <p class='ocr_par' dir='ltr' id='par_1_33' title="bbox 201 4645 3631 4728">
     <span class='ocr_line' id='line_1_33' title="bbox 201 4645 3631 4728; baseline -0.001 -15"><span class='ocrx_word' id='word_1_343' title='bbox 201 4654 515 4713; x_wconf 85' lang='lat' dir='ltr'>adversus</span> <span class='ocrx_word' id='word_1_344' title='bbox 547 4647 875 4725; x_wconf 89' lang='lat' dir='ltr'>episcopos</span> <span class='ocrx_word' id='word_1_345' title='bbox 907 4668 937 4701; x_wconf 89' lang='lat'>»</span> <span class='ocrx_word' id='word_1_346' title='bbox 973 4646 1274 4719; x_wconf 90' lang='lat' dir='ltr'>condidit,</span> <span class='ocrx_word' id='word_1_347' title='bbox 1309 4645 1606 4725; x_wconf 90' lang='lat' dir='ltr'>quodque</span> <span class='ocrx_word' id='word_1_348' title='bbox 1636 4646 1874 4706; x_wconf 88' lang='lat' dir='ltr'>Tollius</span> <span class='ocrx_word' id='word_1_349' title='bbox 1905 4648 2116 4706; x_wconf 86' lang='lat' dir='ltr'>Grace</span> <span class='ocrx_word' id='word_1_350' title='bbox 2147 4648 2389 4725; x_wconf 89' lang='lat' dir='ltr'>primus</span> <span class='ocrx_word' id='word_1_351' title='bbox 2418 4648 2723 4725; x_wconf 86' lang='lat' dir='ltr'>vulgavit,</span> <span class='ocrx_word' id='word_1_352' title='bbox 2746 4648 2832 4708; x_wconf 92' lang='lat' dir='ltr'>sic</span> <span class='ocrx_word' id='word_1_353' title='bbox 2854 4648 3084 4708; x_wconf 90' lang='lat' dir='ltr'>amaris</span> <span class='ocrx_word' id='word_1_354' title='bbox 3115 4649 3350 4709; x_wconf 88' lang='lat' dir='ltr'>salibus</span> <span class='ocrx_word' id='word_1_355' title='bbox 3379 4657 3631 4728; x_wconf 84' lang='lat' dir='ltr'>poetam</span> 
     </span>
    </p>
   </div>
   <div class='ocr_carea' id='block_1_34' title="bbox 203 4741 3629 4830">
    <p class='ocr_par' dir='ltr' id='par_1_34' title="bbox 203 4741 3629 4830">
     <span class='ocr_line' id='line_1_34' title="bbox 203 4741 3629 4830; baseline -0.001 -20"><span class='ocrx_word' id='word_1_356' title='bbox 203 4748 456 4830; x_wconf 85' lang='lat' dir='ltr'>carpit:</span> <span class='ocrx_word' id='word_1_357' title='bbox 497 4770 527 4801; x_wconf 76' lang='grc' dir='ltr'><strong>α</strong></span> <span class='ocrx_word' id='word_1_358' title='bbox 562 4745 716 4804; x_wconf 89' lang='lat' dir='ltr'>Cum</span> <span class='ocrx_word' id='word_1_359' title='bbox 749 4761 895 4803; x_wconf 90' lang='lat' dir='ltr'>vero</span> <span class='ocrx_word' id='word_1_360' title='bbox 927 4743 1100 4802; x_wconf 91' lang='lat' dir='ltr'>omni</span> <span class='ocrx_word' id='word_1_361' title='bbox 1131 4741 1280 4816; x_wconf 89' lang='lat' dir='ltr'>vita,</span> <span class='ocrx_word' id='word_1_362' title='bbox 1317 4749 1449 4802; x_wconf 89' lang='lat' dir='ltr'>tum</span> <span class='ocrx_word' id='word_1_363' title='bbox 1482 4749 1542 4802; x_wconf 86' lang='lat' dir='ltr'>et</span> <span class='ocrx_word' id='word_1_364' title='bbox 1573 4743 1746 4802; x_wconf 85' lang='lat' dir='ltr'>cultu</span> <span class='ocrx_word' id='word_1_365' title='bbox 1791 4742 2083 4821; x_wconf 91' lang='lat' dir='ltr'>victuque</span> <span class='ocrx_word' id='word_1_366' title='bbox 2135 4745 2513 4805; x_wconf 91' lang='lat' dir='ltr'>monachum</span> <span class='ocrx_word' id='word_1_367' title='bbox 2547 4745 2756 4823; x_wconf 89' lang='lat' dir='ltr'>potius</span> <span class='ocrx_word' id='word_1_368' title='bbox 2787 4745 3196 4805; x_wconf 87' lang='lat' dir='ltr'>severissima</span> <span class='ocrx_word' id='word_1_369' title='bbox 3229 4747 3629 4824; x_wconf 89' lang='lat' dir='ltr'>integritatis,</span> 
     </span>
    </p>
   </div>
   <div class='ocr_carea' id='block_1_35' title="bbox 204 4840 3633 4926">
    <p class='ocr_par' dir='ltr' id='par_1_35' title="bbox 204 4840 3633 4926">
     <span class='ocr_line' id='line_1_35' title="bbox 204 4840 3633 4926; baseline -0.001 -19"><span class='ocrx_word' id='word_1_370' title='bbox 204 4865 406 4926; x_wconf 86' lang='lat' dir='ltr'>quam</span> <span class='ocrx_word' id='word_1_371' title='bbox 441 4849 636 4904; x_wconf 88' lang='lat' dir='ltr'>tanta</span> <span class='ocrx_word' id='word_1_372' title='bbox 668 4840 992 4917; x_wconf 89' lang='lat' dir='ltr'>dignitatis</span> <span class='ocrx_word' id='word_1_373' title='bbox 1021 4845 1236 4917; x_wconf 88' lang='lat' dir='ltr'>ageret</span> <span class='ocrx_word' id='word_1_374' title='bbox 1264 4858 1338 4900; x_wconf 89' lang='lat' dir='ltr'>ac</span> <span class='ocrx_word' id='word_1_375' title='bbox 1368 4841 1629 4900; x_wconf 83' lang='lat' dir='ltr'>referret</span> <span class='ocrx_word' id='word_1_376' title='bbox 1657 4840 2019 4920; x_wconf 91' lang='lat' dir='ltr'>episcopum</span> <span class='ocrx_word' id='word_1_377' title='bbox 2050 4859 2063 4913; x_wconf 93' lang='lat'>;</span> <span class='ocrx_word' id='word_1_378' title='bbox 2122 4842 2201 4901; x_wconf 90' lang='lat' dir='ltr'>ad</span> <span class='ocrx_word' id='word_1_379' title='bbox 2262 4842 2395 4902; x_wconf 89' lang='lat' dir='ltr'>hac</span> <span class='ocrx_word' id='word_1_380' title='bbox 2453 4848 2514 4902; x_wconf 93' lang='lat' dir='ltr'>et</span> <span class='ocrx_word' id='word_1_381' title='bbox 2571 4841 2823 4902; x_wconf 89' lang='lat' dir='ltr'>altiores</span> <span class='ocrx_word' id='word_1_382' title='bbox 2854 4842 2934 4902; x_wconf 94' lang='lat' dir='ltr'>ob</span> <span class='ocrx_word' id='word_1_383' title='bbox 2976 4844 3386 4903; x_wconf 83' lang='lat' dir='ltr'>eruditionem</span> <span class='ocrx_word' id='word_1_384' title='bbox 3421 4845 3633 4905; x_wconf 87' lang='lat' dir='ltr'>defen-</span> 
     </span>
    </p>
   </div>
   <div class='ocr_carea' id='block_1_36' title="bbox 204 4937 3634 5022">
    <p class='ocr_par' dir='ltr' id='par_1_36' title="bbox 204 4937 3634 5022">
     <span class='ocr_line' id='line_1_36' title="bbox 204 4937 3634 5022; baseline 0 -20"><span class='ocrx_word' id='word_1_385' title='bbox 204 4960 477 5022; x_wconf 86' lang='lat' dir='ltr'>samque</span> <span class='ocrx_word' id='word_1_386' title='bbox 529 4940 640 5002; x_wconf 91' lang='lat' dir='ltr'>SS.</span> <span class='ocrx_word' id='word_1_387' title='bbox 675 4937 996 4998; x_wconf 87' lang='lat' dir='ltr'>Trinitatis</span> <span class='ocrx_word' id='word_1_388' title='bbox 1026 4938 1375 4997; x_wconf 91' lang='lat' dir='ltr'>doctrinam</span> <span class='ocrx_word' id='word_1_389' title='bbox 1408 4937 1663 5015; x_wconf 89' lang='lat' dir='ltr'>spiritus</span> <span class='ocrx_word' id='word_1_390' title='bbox 1710 4956 1924 5015; x_wconf 89' lang='lat' dir='ltr'>gerere</span> <span class='ocrx_word' id='word_1_391' title='bbox 1972 4939 2307 5013; x_wconf 90' lang='lat' dir='ltr'>videretur,</span> <span class='ocrx_word' id='word_1_392' title='bbox 2358 4938 2905 5019; x_wconf 85' lang='lat' dir='ltr'>Ciceronianaque</span> <span class='ocrx_word' id='word_1_393' title='bbox 2952 4940 3366 5002; x_wconf 84' lang='lat' dir='ltr'>imbecillitati</span> <span class='ocrx_word' id='word_1_394' title='bbox 3407 4942 3634 5015; x_wconf 79' lang='lat' dir='ltr'>affinis,</span> 
     </span>
    </p>
   </div>
   <div class='ocr_carea' id='block_1_37' title="bbox 204 5035 3637 5114">
    <p class='ocr_par' dir='ltr' id='par_1_37' title="bbox 204 5035 3637 5114">
     <span class='ocr_line' id='line_1_37' title="bbox 204 5035 3637 5114; baseline -0.001 -11"><span class='ocrx_word' id='word_1_395' title='bbox 204 5050 273 5102; x_wconf 86' lang='lat' dir='ltr'>ut</span> <span class='ocrx_word' id='word_1_396' title='bbox 302 5042 418 5102; x_wconf 85' lang='lat' dir='ltr'>ille</span> <span class='ocrx_word' id='word_1_397' title='bbox 450 5036 851 5099; x_wconf 89' lang='lat' dir='ltr'>consulatum</span> <span class='ocrx_word' id='word_1_398' title='bbox 885 5053 1069 5094; x_wconf 91' lang='lat' dir='ltr'>suum</span> <span class='ocrx_word' id='word_1_399' title='bbox 1099 5041 1162 5095; x_wconf 90' lang='lat' dir='ltr'>et</span> <span class='ocrx_word' id='word_1_400' title='bbox 1190 5037 1521 5114; x_wconf 84' lang='lat' dir='ltr'>expulsum</span> <span class='ocrx_word' id='word_1_401' title='bbox 1555 5035 1707 5096; x_wconf 93' lang='lat' dir='ltr'>urbe</span> <span class='ocrx_word' id='word_1_402' title='bbox 1740 5035 2071 5096; x_wconf 80' lang='lat' dir='ltr'>Catilinam</span> <span class='ocrx_word' id='word_1_403' title='bbox 2105 5037 2397 5097; x_wconf 90' lang='lat' dir='ltr'>omnibus</span> <span class='ocrx_word' id='word_1_404' title='bbox 2440 5042 2687 5097; x_wconf 90' lang='lat' dir='ltr'>tantum</span> <span class='ocrx_word' id='word_1_405' title='bbox 2739 5054 2865 5097; x_wconf 89' lang='lat' dir='ltr'>non</span> <span class='ocrx_word' id='word_1_406' title='bbox 2895 5036 3067 5096; x_wconf 91' lang='lat' dir='ltr'>horis</span> <span class='ocrx_word' id='word_1_407' title='bbox 3098 5039 3513 5112; x_wconf 90' lang='lat' dir='ltr'>memorabat,</span> <span class='ocrx_word' id='word_1_408' title='bbox 3549 5040 3637 5101; x_wconf 88' lang='lat' dir='ltr'>ita</span> 
     </span>
    </p>
   </div>
   <div class='ocr_carea' id='block_1_38' title="bbox 206 5132 3637 5218">
    <p class='ocr_par' dir='ltr' id='par_1_38' title="bbox 206 5132 3637 5218">
     <span class='ocr_line' id='line_1_38' title="bbox 206 5132 3637 5218; baseline -0.001 -19"><span class='ocrx_word' id='word_1_409' title='bbox 206 5146 267 5199; x_wconf 89' lang='lat' dir='ltr'>et</span> <span class='ocrx_word' id='word_1_410' title='bbox 295 5141 440 5218; x_wconf 87' lang='lat' dir='ltr'>ipse</span> <span class='ocrx_word' id='word_1_411' title='bbox 469 5141 766 5196; x_wconf 84' lang='lat' dir='ltr'>contusus</span> <span class='ocrx_word' id='word_1_412' title='bbox 794 5133 1061 5192; x_wconf 87' lang='lat' dir='ltr'>Arianos</span> <span class='ocrx_word' id='word_1_413' title='bbox 1091 5137 1153 5192; x_wconf 90' lang='lat' dir='ltr'>et</span> <span class='ocrx_word' id='word_1_414' title='bbox 1177 5151 1356 5193; x_wconf 89' lang='lat' dir='ltr'>suam</span> <span class='ocrx_word' id='word_1_415' title='bbox 1387 5133 1682 5194; x_wconf 87' lang='lat' dir='ltr'>&#39;l‘riadem</span> <span class='ocrx_word' id='word_1_416' title='bbox 1715 5132 1961 5193; x_wconf 90' lang='lat' dir='ltr'>assidue</span> <span class='ocrx_word' id='word_1_417' title='bbox 1993 5134 2388 5212; x_wconf 88' lang='lat' dir='ltr'>pradicaret,</span> <span class='ocrx_word' id='word_1_418' title='bbox 2423 5134 2742 5211; x_wconf 88' lang='lat' dir='ltr'>ingentem</span> <span class='ocrx_word' id='word_1_419' title='bbox 2775 5133 2893 5193; x_wconf 91' lang='lat' dir='ltr'>sibi</span> <span class='ocrx_word' id='word_1_420' title='bbox 2924 5134 3343 5212; x_wconf 91' lang='lat' dir='ltr'>quorumdam</span> <span class='ocrx_word' id='word_1_421' title='bbox 3381 5155 3637 5197; x_wconf 90' lang='lat' dir='ltr'>suorum</span> 
     </span>
    </p>
   </div>
   <div class='ocr_carea' id='block_1_39' title="bbox 210 5229 3636 5317">
    <p class='ocr_par' dir='ltr' id='par_1_39' title="bbox 210 5229 3636 5317">
     <span class='ocr_line' id='line_1_39' title="bbox 210 5229 3636 5317; baseline -0 -21"><span class='ocrx_word' id='word_1_422' title='bbox 210 5236 755 5317; x_wconf 86' lang='lat' dir='ltr'>presbyterorum,</span> <span class='ocrx_word' id='word_1_423' title='bbox 793 5229 1188 5309; x_wconf 89' lang='lat' dir='ltr'>aliorumque</span> <span class='ocrx_word' id='word_1_424' title='bbox 1220 5231 1659 5310; x_wconf 89' lang='lat' dir='ltr'>episcoporum</span> <span class='ocrx_word' id='word_1_425' title='bbox 1691 5230 1987 5290; x_wconf 80' lang='lat' dir='ltr'>conflavit</span> <span class='ocrx_word' id='word_1_426' title='bbox 2016 5231 2393 5292; x_wconf 86' lang='lat' dir='ltr'>invidiam...</span> <span class='ocrx_word' id='word_1_427' title='bbox 2431 5233 2582 5293; x_wconf 90' lang='lat' dir='ltr'>Sero</span> <span class='ocrx_word' id='word_1_428' title='bbox 2631 5230 2885 5310; x_wconf 90' lang='lat' dir='ltr'>sapiunt</span> <span class='ocrx_word' id='word_1_429' title='bbox 2935 5232 3232 5311; x_wconf 86' lang='lat' dir='ltr'>Phryges.</span> <span class='ocrx_word' id='word_1_430' title='bbox 3279 5235 3636 5312; x_wconf 87' lang='lat' dir='ltr'>Gregorius,</span> 
     </span>
    </p>
   </div>
   <div class='ocr_carea' id='block_1_40' title="bbox 213 5326 3633 5414">
    <p class='ocr_par' dir='ltr' id='par_1_40' title="bbox 213 5326 3633 5414">
     <span class='ocr_line' id='line_1_40' title="bbox 213 5326 3633 5414; baseline -0.001 -20"><span class='ocrx_word' id='word_1_431' title='bbox 213 5335 322 5414; x_wconf 89' lang='lat' dir='ltr'>qui</span> <span class='ocrx_word' id='word_1_432' title='bbox 353 5329 899 5412; x_wconf 88' lang='lat' dir='ltr'>promptissimum</span> <span class='ocrx_word' id='word_1_433' title='bbox 927 5326 1097 5387; x_wconf 89' lang='lat' dir='ltr'>hunc</span> <span class='ocrx_word' id='word_1_434' title='bbox 1125 5345 1449 5388; x_wconf 89' lang='lat' dir='ltr'>assensum</span> <span class='ocrx_word' id='word_1_435' title='bbox 1479 5347 1606 5389; x_wconf 90' lang='lat' dir='ltr'>non</span> <span class='ocrx_word' id='word_1_436' title='bbox 1635 5334 2062 5408; x_wconf 77' lang='lat' dir='ltr'>exspectaret;</span> <span class='ocrx_word' id='word_1_437' title='bbox 2097 5330 2354 5409; x_wconf 90' lang='lat' dir='ltr'>propria</span> <span class='ocrx_word' id='word_1_438' title='bbox 2381 5348 2447 5389; x_wconf 91' lang='lat' dir='ltr'>se</span> <span class='ocrx_word' id='word_1_439' title='bbox 2476 5334 2732 5408; x_wconf 84' lang='lat' dir='ltr'>captum</span> <span class='ocrx_word' id='word_1_440' title='bbox 2759 5329 2976 5389; x_wconf 92' lang='lat' dir='ltr'>videns</span> <span class='ocrx_word' id='word_1_441' title='bbox 2997 5329 3388 5407; x_wconf 88' lang='lat' dir='ltr'>ingenuitate</span> <span class='ocrx_word' id='word_1_442' title='bbox 3418 5333 3633 5401; x_wconf 86' lang='lat' dir='ltr'>animi.</span> 
     </span>
    </p>
   </div>
   <div class='ocr_carea' id='block_1_41' title="bbox 215 5425 3639 5511">
    <p class='ocr_par' dir='ltr' id='par_1_41' title="bbox 215 5425 3639 5511">
     <span class='ocr_line' id='line_1_41' title="bbox 215 5425 3639 5511; baseline -0.001 -19"><span class='ocrx_word' id='word_1_443' title='bbox 215 5447 586 5511; x_wconf 87' lang='lat' dir='ltr'>quanquam</span> <span class='ocrx_word' id='word_1_444' title='bbox 618 5427 832 5488; x_wconf 87' lang='lat' dir='ltr'>statim</span> <span class='ocrx_word' id='word_1_445' title='bbox 864 5425 1014 5485; x_wconf 89' lang='lat' dir='ltr'>facti</span> <span class='ocrx_word' id='word_1_446' title='bbox 1042 5425 1408 5504; x_wconf 73' lang='lat' dir='ltr'>poenitebat,</span> <span class='ocrx_word' id='word_1_447' title='bbox 1443 5425 1684 5505; x_wconf 89' lang='lat' dir='ltr'>pudore</span> <span class='ocrx_word' id='word_1_448' title='bbox 1715 5432 1928 5487; x_wconf 90' lang='lat' dir='ltr'>tamen</span> <span class='ocrx_word' id='word_1_449' title='bbox 1980 5427 2313 5501; x_wconf 90' lang='lat' dir='ltr'>adductus,</span> <span class='ocrx_word' id='word_1_450' title='bbox 2371 5427 2434 5486; x_wconf 93' lang='lat' dir='ltr'>in</span> <span class='ocrx_word' id='word_1_451' title='bbox 2493 5426 2801 5486; x_wconf 89' lang='lat' dir='ltr'>sententia</span> <span class='ocrx_word' id='word_1_452' title='bbox 2857 5427 3206 5504; x_wconf 87' lang='lat' dir='ltr'>perstitit...</span> <span class='ocrx_word' id='word_1_453' title='bbox 3241 5430 3398 5489; x_wconf 91' lang='lat' dir='ltr'>Hinc</span> <span class='ocrx_word' id='word_1_454' title='bbox 3428 5431 3639 5491; x_wconf 89' lang='lat' dir='ltr'>statim</span> 
     </span>
    </p>
   </div>
   <div class='ocr_carea' id='block_1_42' title="bbox 217 5521 3644 5607">
    <p class='ocr_par' dir='ltr' id='par_1_42' title="bbox 217 5521 3644 5607">
     <span class='ocr_line' id='line_1_42' title="bbox 217 5521 3644 5607; baseline 0 -17"><span class='ocrx_word' id='word_1_455' title='bbox 217 5536 387 5591; x_wconf 83' lang='lat' dir='ltr'>nata</span> <span class='ocrx_word' id='word_1_456' title='bbox 417 5528 517 5588; x_wconf 80' lang='lat' dir='ltr'>ha</span> <span class='ocrx_word' id='word_1_457' title='bbox 551 5525 848 5607; x_wconf 86' lang='lat' dir='ltr'>querela,</span> <span class='ocrx_word' id='word_1_458' title='bbox 882 5521 1030 5583; x_wconf 89' lang='lat' dir='ltr'>hinc</span> <span class='ocrx_word' id='word_1_459' title='bbox 1061 5522 1208 5600; x_wconf 84' lang='lat' dir='ltr'>illa,</span> <span class='ocrx_word' id='word_1_460' title='bbox 1240 5530 1310 5586; x_wconf 91' lang='lat' dir='ltr'>ut</span> <span class='ocrx_word' id='word_1_461' title='bbox 1337 5524 1427 5586; x_wconf 88' lang='lat' dir='ltr'>ita</span> <span class='ocrx_word' id='word_1_462' title='bbox 1454 5524 1685 5601; x_wconf 90' lang='lat' dir='ltr'>dicam,</span> <span class='ocrx_word' id='word_1_463' title='bbox 1720 5524 2016 5604; x_wconf 87' lang='lat' dir='ltr'>lacryma</span> <span class='ocrx_word' id='word_1_464' title='bbox 2046 5532 2108 5586; x_wconf 91' lang='lat' dir='ltr'>et</span> <span class='ocrx_word' id='word_1_465' title='bbox 2155 5525 2366 5586; x_wconf 88' lang='lat' dir='ltr'>cateri</span> <span class='ocrx_word' id='word_1_466' title='bbox 2405 5524 2638 5599; x_wconf 91' lang='lat' dir='ltr'>threni,</span> <span class='ocrx_word' id='word_1_467' title='bbox 2687 5524 2753 5583; x_wconf 90' lang='lat' dir='ltr'>in</span> <span class='ocrx_word' id='word_1_468' title='bbox 2803 5525 3031 5602; x_wconf 90' lang='lat' dir='ltr'>quibus</span> <span class='ocrx_word' id='word_1_469' title='bbox 3061 5531 3122 5585; x_wconf 92' lang='lat' dir='ltr'>et</span> <span class='ocrx_word' id='word_1_470' title='bbox 3152 5527 3546 5604; x_wconf 88' lang='lat' dir='ltr'>patientiam,</span> <span class='ocrx_word' id='word_1_471' title='bbox 3581 5537 3644 5591; x_wconf 87' lang='lat' dir='ltr'>et</span> 
     </span>
    </p>
   </div>
   <div class='ocr_carea' id='block_1_43' title="bbox 219 5620 3642 5710">
    <p class='ocr_par' dir='ltr' id='par_1_43' title="bbox 219 5620 3642 5710">
     <span class='ocr_line' id='line_1_43' title="bbox 219 5620 3642 5710; baseline -0 -20"><span class='ocrx_word' id='word_1_472' title='bbox 219 5627 416 5690; x_wconf 80' lang='lat' dir='ltr'>animi</span> <span class='ocrx_word' id='word_1_473' title='bbox 445 5625 658 5702; x_wconf 88' lang='lat' dir='ltr'>robur,</span> <span class='ocrx_word' id='word_1_474' title='bbox 689 5641 768 5685; x_wconf 91' lang='lat' dir='ltr'>ac</span> <span class='ocrx_word' id='word_1_475' title='bbox 797 5620 1299 5683; x_wconf 86' lang='lat' dir='ltr'>moderationem</span> <span class='ocrx_word' id='word_1_476' title='bbox 1358 5623 1425 5684; x_wconf 88' lang='lat' dir='ltr'>in</span> <span class='ocrx_word' id='word_1_477' title='bbox 1481 5628 1610 5684; x_wconf 88' lang='lat' dir='ltr'>tam</span> <span class='ocrx_word' id='word_1_478' title='bbox 1667 5623 1866 5705; x_wconf 91' lang='lat' dir='ltr'>probo</span> <span class='ocrx_word' id='word_1_479' title='bbox 1928 5624 2065 5687; x_wconf 90' lang='lat' dir='ltr'>viro</span> <span class='ocrx_word' id='word_1_480' title='bbox 2122 5623 2509 5710; x_wconf 73' lang='lat' dir='ltr'>desideres...</span> <span class='ocrx_word' id='word_1_481' title='bbox 2569 5621 2929 5685; x_wconf 84' lang='lat' dir='ltr'>Ciceronem</span> <span class='ocrx_word' id='word_1_482' title='bbox 2986 5640 3136 5685; x_wconf 89' lang='lat' dir='ltr'>sane</span> <span class='ocrx_word' id='word_1_483' title='bbox 3191 5642 3377 5687; x_wconf 89' lang='lat' dir='ltr'>nemo</span> <span class='ocrx_word' id='word_1_484' title='bbox 3421 5627 3642 5692; x_wconf 88' lang='lat' dir='ltr'>melius</span> 
     </span>
    </p>
   </div>
  </div>
