2026 3138
260 184 299 216 35
751 182 962 217 PREFATIO
985 186 1060 217 GEN

1155 182 1219 216 LIS.
1236 203 1274 208 —
1291 182 1390 216 PARS
1411 182 1450 216 ll.
1920 184 1955 217 36

260 250 412 292 expressit
426 249 500 288 vita,
528 249 677 287 moribus,
693 250 884 290 eloquentia,
899 252 1038 289 fortuna,
1055 261 1153 291 usque
1174 251 1206 281 in
1234 251 1399 289 exsilium;
1425 254 1456 283 et
1481 251 1514 282 in
1538 252 1658 289 exsilio,
1685 256 1754 283 uter
1769 252 1893 283 mollior
1906 252 1954 282 vix

259 302 427 341 quisquam
442 300 565 331 dixerit.
585 311 599 328 »

299 365 406 402 Neque
419 372 493 393 vero
509 362 558 392 his
572 364 738 392 contentus
752 362 882 400 Tollius,
906 363 1090 402 Gregorium
1118 363 1222 393 adhuc
1246 363 1372 402 gravius
1391 363 1572 402 perstringit
1585 363 1615 393 in
1632 363 1714 393 notis
1729 364 1769 394 ad
1784 364 1922 394 carmina
1935 372 1953 393 a

258 422 291 443 se
305 412 445 451 vulgata.
462 412 507 442 Ad
524 411 660 450 primum
691 420 813 441 versum
843 412 991 442 carminis
1011 413 1162 443 adversus
1189 412 1353 452 episcopos
1367 411 1410 451 (p.
1428 412 1457 452 4)
1478 421 1484 441 :
1519 423 1533 441 (ἰ
1548 413 1602 442 Est
1620 412 1652 442 in
1668 412 1753 443 hisce
1768 412 1826 449 vir,
1841 412 1949 451 inquit,

255 461 470 492 sanctissimus
485 459 604 499 aliquid
631 459 762 490 humani
791 469 921 499 passus;
953 461 1064 500 optimi
1089 461 1216 500 quidem
1245 460 1366 491 consilii
1394 464 1489 500 atque
1508 461 1688 497 voluntatis,
1707 462 1760 492 sed
1774 462 1805 491 in
1821 461 1952 491 ferendis

253 510 377 550 injuriis
391 509 552 549 aliquanto
568 517 664 548 quam
681 509 846 547 oportebat
861 508 995 546 mollior,
1014 509 1179 548 minusque
1203 519 1222 539 a
1245 509 1393 539 conviciis
1408 511 1439 539 et
1452 509 1635 546 acerbitate,
1651 519 1722 549 quae
1744 510 1950 540 Christianum

254 559 395 594 dedecet,
412 561 602 596 temperans.
619 569 634 585 »
654 557 734 592 Quin
750 560 782 587 et
795 557 863 587 hac
877 557 994 597 scripta
1020 567 1087 588 esse
1111 558 1233 588 dixerat
1247 558 1375 595 Tollius,
1403 560 1497 588 aucto
1512 567 1550 588 ex
1566 558 1751 598 poenitentia
1765 561 1795 589 et
1809 559 1951 589 adversa-

254 609 372 639 riorum
390 605 544 643 ludibriis,
561 606 680 640 dolore,
697 605 875 645 irritatique
890 606 963 636 inde
978 606 1009 636 in
1025 606 1108 637 hanc
1122 606 1217 637 veluti
1239 606 1408 637 vindictam
1432 607 1508 646 aegri
1524 607 1594 647 jam
1617 607 1709 638 nimis
1725 608 1822 638 animi
1835 610 1953 647 pertur-

252 657 389 688 batione.
407 655 456 686 Ad
471 664 595 685 versum
613 656 649 684 i8
663 654 802 693 ejusdem
817 654 974 692 carminis,
993 655 1046 685 ubi
1061 655 1105 685 ait
1122 655 1306 694 Gregorius:
1323 668 1337 683 α
1353 656 1515 686 Neminem
1539 656 1571 686 in
1595 656 1633 686 iis
1656 666 1728 695 quas
1751 656 1854 686 dicam
1870 655 1951 686 indi-

252 706 352 740 cabo;
368 707 520 740 attamen,
537 714 551 732 ››
569 703 672 742 inquit
686 703 804 733 Tollius
816 703 859 743 (p.
877 703 919 743 5),
938 715 953 731 «
968 703 1000 733 id
1016 704 1155 734 carmine
1171 704 1210 734 de
1230 704 1294 734 vita
1309 714 1365 735 sua
1387 704 1521 744 impigre
1545 708 1576 735 et
1595 705 1764 744 peracerba
1780 706 1874 741 fecit;
1891 716 1905 732 »
1922 704 1952 735 id

251 759 309 792 est,
327 753 512 784 nominavit.
528 752 622 782 Addit
636 752 764 791 insuper
779 753 897 782 Tollius
912 752 956 792 (p.
979 753 1006 791 ὓ)
1023 761 1028 781 :
1050 765 1064 780 «
1080 754 1126 783 Ita
1149 757 1257 783 exacte
1281 754 1319 783 iis
1342 753 1523 792 designatis,
1540 763 1619 793 quos
1634 754 1828 793 perstringit,
1845 757 1879 784 ut
1896 762 1950 783 no-

252 804 386 833 minasse
401 811 464 832 non
480 810 559 840 opus
574 801 686 836 fuerit;
704 801 756 831 sed
770 804 801 831 et
816 801 891 831 alibi
907 802 1077 831 Maximum
1093 802 1271 832 nominat...
1298 801 1325 841 ej
1333 811 1366 831 us
1388 811 1510 832 comam
1528 802 1607 832 adeo
1622 803 1756 842 satyrice
1771 803 1909 842 exagitat
1923 804 1951 832 et

252 852 331 882 adeo
361 860 482 890 aspere,
501 853 535 880 ut
562 849 641 879 nihil
665 859 770 889 supra.
801 850 909 886 Quid?
939 850 1051 888 inquit,
1082 850 1227 889 laqueum
1259 860 1433 889 proponere
1460 850 1588 881 inimico
1617 851 1657 881 ad
1685 851 1899 890 suspendium,
1916 854 1952 881 ut

250 901 329 930 nihil
344 900 382 930 de
407 898 555 930 conviciis
578 898 643 928 istis
668 898 785 934 dicam,
816 898 993 928 hominisne
1018 902 1064 928 est
1092 899 1248 929 Christum
1275 899 1450 929 sectantis?
1465 901 1532 929 Non
1562 900 1696 930 videtur.
1717 900 1887 939 Denique»
1913 898 1950 928 ad

251 949 399 980 carminis
415 949 442 985 5,
460 956 540 977 vers.
559 948 587 984 1,
605 946 648 986 (p.
665 947 717 985 84)
735 958 750 976 α
765 947 939 986 Capistrum
957 948 1002 976 ori
1027 957 1082 977 suo
1106 947 1300 986 impositum,
1317 951 1568 987 prmreptamque
1594 948 1727 978 docendi
1754 949 1879 988 publice
1904 947 1949 977 fa-

252 998 401 1028 cultatem
419 995 587 1035 Gregorius
603 996 786 1034 gravissime
803 995 875 1025 tulit
890 998 958 1025 et...
984 996 1104 1026 acerbis
1129 997 1291 1035 questibus
1305 997 1469 1035 deplorat;
1495 1005 1569 1036 ergo
1594 1006 1677 1027 nunc
1701 997 1732 1026 in
1761 996 1950 1028 adversarios

250 1055 336 1083 suos,
348 1046 402 1085 qui
417 1054 487 1075 eum
505 1043 595 1074 malis
610 1043 729 1074 artibus
744 1044 783 1074 ad
798 1044 997 1083 episcopatus
1014 1044 1243 1075 abdicationem
1257 1045 1628 1084 compulerant,satyrice
1643 1045 1813 1076 invehitur.
1830 1056 1844 1074 »

289 1108 438 1148 Gregorio
453 1107 573 1146 aequior
587 1116 650 1136 non
666 1106 724 1136 fuit
738 1106 903 1145 Dupinius,
920 1107 975 1145 qui
1000 1107 1039 1137 de
1067 1116 1104 1137 eo
1132 1107 1209 1137 talia
1231 1107 1366 1137 scribere
1394 1117 1454 1137 non
1481 1110 1529 1137 est
1545 1108 1660 1138 veritus
1676 1107 1737 1148 (a):
1756 1120 1771 1135 α
1789 1106 1951 1147 Gregorius

248 1157 376 1197 quidem
392 1156 550 1195 piissimus
563 1155 634 1189 fuit,
651 1155 703 1184 sed
720 1154 815 1184 homo
831 1155 925 1193 paulo
942 1154 1046 1185 minus
1061 1155 1289 1192 consideratus,
1305 1162 1335 1185 et
1353 1155 1487 1195 negotiis
1510 1156 1647 1195 ineptus.
1663 1157 1764 1186 Tanto
1779 1154 1951 1186 solitudinis

247 1205 402 1236 desiderio
418 1204 584 1243 ﬂagrabat,
601 1206 637 1233 ut
651 1203 749 1239 nullo,
768 1203 852 1242 quod
868 1204 907 1233 ab
920 1213 957 1233 ea
975 1203 1166 1240 retrahebat,
1184 1204 1286 1234 ofﬁcio
1302 1204 1355 1234 diu
1372 1204 1459 1243 fungi
1474 1209 1588 1243 posset.
1606 1205 1742 1244 Aggredi
1759 1214 1809 1235 res
1824 1204 1947 1239 arduas,

247 1263 383 1293 moxque
398 1255 561 1291 susceptas
576 1251 752 1289 relinquere
768 1252 889 1291 pernix.
906 1253 982 1282 Cum
1007 1255 1070 1282 tres
1097 1253 1300 1292 episcopatus
1327 1253 1482 1289 habuerit,
1499 1263 1539 1283 ne
1554 1262 1651 1283 unum
1668 1253 1797 1293 quidem
1814 1253 1948 1292 legitime

248 1303 394 1333 habuisse
409 1301 471 1331 dici
487 1303 600 1340 potest.
624 1300 753 1339 Ingenio
780 1303 847 1331 erat
872 1301 1039 1340 Gregorius
1062 1310 1186 1332 moroso
1214 1305 1245 1331 et
1272 1301 1419 1341 satyrico,
1437 1305 1468 1331 et
1486 1302 1531 1332 ita
1545 1302 1585 1331 ad
1597 1301 1770 1341 jocandum
1787 1310 1902 1342 procax
1917 1302 1950 1330 ut

245 1351 363 1382 nemini
378 1352 530 1391 parceret,
549 1359 585 1379 ac
601 1358 640 1379 ne
655 1349 782 1388 quidem
797 1349 962 1389 episcopis,
981 1349 1095 1388 quibus
1110 1353 1177 1380 erat
1191 1350 1333 1390 apprime
1357 1350 1507 1380 infensus.
1524 1351 1581 1387 Ita,
1598 1359 1690 1390 quem
1709 1350 1852 1390 impense
1868 1348 1949 1389 prius

244 1400 403 1439 laudat-at,
433 1398 562 1430 Maximi
592 1398 706 1428 famam
736 1398 812 1428 atris
841 1398 1012 1428 admodum
1041 1401 1071 1429 et
1104 1399 1144 1429 ad
1164 1402 1324 1439 stuporem
1353 1399 1519 1429 infuscavit
1546 1399 1705 1429 coloribus
1733 1408 1770 1429 ac
1804 1398 1947 1437 denigra-

245 1450 299 1480 vit.
318 1460 332 1478 »
369 1471 371 1474 μ

284 1512 402 1543 Vellem
417 1515 451 1541 ut
466 1510 580 1541 eruditi
595 1509 654 1540 viri
669 1509 723 1549 qui
738 1509 805 1539 haec
821 1509 859 1540 de
876 1509 1025 1549 Gregorio
1040 1510 1178 1540 sentiunt
1202 1513 1233 1540 et
1256 1511 1374 1547 dicunt,
1401 1510 1530 1541 nomina
1544 1519 1665 1546 eorum,
1683 1519 1819 1549 quorum
1835 1510 1947 1540 famam

243 1561 387 1600 maligno
402 1560 496 1590 dente
512 1559 707 1599 prosciderit,
725 1558 756 1588 in
774 1558 911 1589 medium
940 1559 1127 1598 proferrent.
1156 1561 1234 1589 Nam
1264 1560 1348 1598 quod
1378 1562 1498 1598 spectat
1527 1559 1709 1595 Maximum,
1741 1568 1836 1598 quem
1852 1566 1946 1588 unum

243 1613 419 1650 opponunt,
436 1608 515 1639 nihil
538 1617 654 1638 moror.
673 1609 793 1638 Interea
807 1616 881 1637 vero
897 1607 987 1638 nobis
1001 1608 1048 1638 fas
1063 1610 1109 1638 est
1122 1608 1171 1637 his
1186 1608 1334 1638 conviciis
1349 1611 1380 1638 et
1393 1608 1558 1638 calumniis
1572 1608 1680 1638 omnia
1694 1608 1835 1647 Gregorii
1854 1614 1946 1646 opera

242 1662 307 1689 tam
323 1658 492 1694 orationes,
509 1666 604 1697 quam
620 1656 768 1696 epistolas
782 1659 813 1686 et
827 1656 966 1686 carmina
981 1666 1151 1696 opponere.
1168 1658 1337 1696 Legantnr,
1362 1656 1503 1696 inquam,
1524 1657 1693 1692 orationes,
1720 1657 1856 1687 maxime
1871 1663 1945 1695 quas

243 1707 354 1738 habuit
369 1707 408 1737 de
424 1706 639 1736 moderatione
655 1705 687 1734 in
704 1705 968 1744 disputationibus
995 1705 1158 1741 servanda,
1185 1708 1244 1736 etc.
1270 1707 1428 1744 Legantur
1455 1705 1607 1744 epistolae,
1623 1705 1654 1735 in
1671 1705 1797 1745 quibus,
1814 1704 1898 1735 velut
1912 1703 1942 1733 in

241 1757 319 1793 ﬁlio,
336 1755 475 1795 parentis
490 1755 596 1793 imago
612 1753 799 1793 resplendet.
816 1754 863 1784 Ibi
878 1754 1023 1784 liberales
1034 1754 1110 1793 joci,
1123 1755 1369 1793 jucundissimus
1384 1754 1415 1784 in
1427 1754 1565 1793 jocando
1581 1755 1679 1793 lepos,
1701 1755 1834 1793 argutiae
1850 1760 1940 1783 meras

244 1815 281 1836 ac
297 1814 438 1842 veneres,
455 1804 508 1834 sed
523 1807 637 1842 satyraa
652 1802 758 1832 nullae.
779 1805 933 1842 Legantur
946 1803 1087 1842 epistola
1102 1803 1142 1833 ad
1163 1803 1362 1834 Theodorum
1392 1805 1422 1833 et
1450 1803 1489 1833 ad
1504 1804 1719 1833 Theoctenum
1740 1803 1791 1843 (ὁ),
1809 1810 1938 1842 quorum

240 1855 331 1890 iram,
348 1853 600 1891 desideriumque
616 1851 760 1882 vindictae
773 1861 829 1882 suo
844 1852 940 1891 ipsius
956 1852 1100 1891 exemplo
1115 1852 1305 1891 comprimit.
1321 1853 1478 1890 Legantur
1492 1852 1585 1881 etiam
1603 1852 1743 1882 carmina
1758 1852 1795 1892 (c)
1809 1863 1815 1882 :
1834 1852 1939 1890 legan-

239 1906 301 1940 tur,
315 1903 454 1942 inquam,
469 1901 517 1931 vel
531 1910 568 1931 ea
582 1901 651 1939 ipsa
665 1901 749 1930 unde
764 1900 976 1930 calumniandi
992 1910 1100 1931 ansam
1116 1901 1248 1940 arripuit
1267 1901 1396 1931 Tollius.
1420 1902 1507 1931 Hanc
1522 1901 1581 1930 sibi
1602 1901 1708 1931 statim
1725 1901 1867 1940 regulam
1882 1902 1940 1929 sta-

236 1953 295 1983 tuit
310 1951 496 1989 Gregorius:
516 1961 531 1977 «
546 1949 700 1980 Conviciis
716 1949 842 1988 quidem
860 1949 1020 1987 exagitare
1035 1949 1082 1979 fas
1096 1958 1159 1978 non
1175 1953 1221 1979 est
1236 1958 1427 1989 quemquam
1441 1958 1447 1984 ;
1475 1952 1506 1979 et
1522 1952 1555 1978 ut
1570 1950 1713 1979 homines
1729 1950 1834 1979 cuncti
1848 1948 1887 1978 ab
1903 1955 1938 1977 e0

234 2001 418 2036 abhorrent,
434 2000 478 2029 ita
494 1998 692 2038 peculiariter
706 1998 772 2037 ipse
787 1998 896 2028 vitium
913 1998 973 2028 hoc
988 1998 1050 2028 odi.
1064 2008 1079 2027 »
1109 1999 1175 2035 Vel,
1205 2001 1240 2028 ut
1265 1999 1333 2037 ipse
1361 1998 1454 2028 vertit
1481 1998 1601 2028 Tollius
1616 1997 1659 2038 (p.
1675 1998 1706 2038 5)
1720 2008 1727 2028 :
1747 2009 1762 2027 ί(
1777 1997 1936 2029 Neminem

232 2058 307 2080 vero
322 2049 353 2078 in
370 2048 419 2078 his
433 2057 504 2087 quae
520 2048 635 2080 dicam.
652 2046 809 2082 indicabo,
827 2046 944 2076 veritus
959 2056 997 2077 ne
1013 2055 1204 2086 quemquam
1234 2046 1420 2077 calumniari
1446 2047 1574 2082 videar;
1600 2056 1671 2085 quae
1695 2056 1744 2077 res
1768 2050 1800 2077 et
1827 2054 1883 2085 per
1905 2051 1935 2073 se

231 2098 340 2128 illicita
359 2100 418 2134 est,
434 2100 465 2127 et
481 2096 556 2126 mihi
573 2105 637 2136 prae
653 2095 762 2135 primis
777 2104 882 2126 exosa.
900 2096 967 2126 Non
983 2096 1066 2125 enim
1082 2105 1273 2135 quemquam
1297 2095 1480 2134 designabo,
1498 2105 1538 2125 ne
1564 2095 1705 2134 proferre
1718 2095 1827 2126 videar
1840 2094 1871 2124 in
1887 2092 1933 2122 lu-

233 2156 301 2177 cem
317 2155 387 2185 quae
402 2145 592 2176 occultanda
605 2147 706 2175 erant.
725 2156 739 2172 π
755 2145 794 2174 Et
809 2144 903 2184 paulo
919 2147 989 2183 post
1004 2143 1048 2184 (ά)
1064 2153 1071 2173 :
1088 2145 1127 2174 Et
1141 2145 1272 2183 quinam
1288 2144 1350 2174 sint
1364 2144 1439 2174 mali
1455 2144 1575 2183 patebit
1588 2144 1747 2184 deinceps,
1765 2144 1819 2174 ubi
1834 2149 1933 2173 meam

232 2196 408 2227 orationem
423 2203 611 2234 oppugnans
626 2193 792 2224 manifesto
820 2195 850 2222 te
877 2193 1088 2232 tuimetipsius
1114 2196 1329 2224 accusatorem
1357 2193 1573 2224 declaraveris.
1591 2205 1607 2221 »
1634 2193 1799 2228 Nimirum,
1817 2195 1852 2222 ut
1867 2198 1934 2220 cum

232 2244 334 2275 Tollio
348 2244 460 2283 loquar
475 2242 525 2283 (e),
543 2254 559 2271 «
570 2252 628 2281 ego
645 2242 800 2272 neminem
817 2241 956 2271 nomino.
988 2242 1090 2277 Quare
1117 2242 1209 2272 irasci
1238 2251 1330 2272 nemo
1361 2242 1437 2272 mihi
1463 2242 1596 2281 poterit;
1620 2242 1680 2272 nisi
1696 2242 1750 2281 qui
1765 2245 1836 2272 ante
1851 2240 1888 2270 de
1903 2247 1933 2267 se

231 2293 366 2324 voluerit
380 2292 531 2322 conﬁteri.
549 2303 564 2319 »
583 2291 658 2327 Quae
674 2291 769 2320 verba
784 2291 992 2329 Hieronymus
1017 2291 1056 2320 ad
1072 2291 1280 2330 Nepotianum
1296 2290 1332 2330 (ί)
1347 2291 1386 2321 de
1401 2291 1585 2321 clericorum
1600 2291 1682 2321 vitiis
1701 2295 1732 2321 et
1743 2291 1810 2330 ipse
1825 2289 1929 2327 dispu-

229 2345 300 2372 tans
315 2343 455 2380 usurpat,
479 2343 512 2370 ut
527 2339 567 2369 ad
585 2340 743 2369 Rusticum
758 2339 813 2378 (g),
830 2348 867 2368 ex
883 2339 1014 2378 prologo
1030 2339 1102 2369 libri
1130 2339 1223 2375 tertii,
1250 2339 1457 2370 Phaedriam:
1491 2351 1507 2367 «
1522 2340 1580 2375 Qui
1601 2339 1779 2378 generalem
1797 2339 1834 2369 de
1849 2336 1929 2367 vitiis

229 2390 474 2430 disputationem
490 2389 520 2418 in
538 2397 626 2418 suam
656 2389 796 2418 referunt
823 2388 1085 2418 contumeliam...
1114 2397 1203 2418 suam
1232 2388 1374 2418 indicant
1401 2388 1643 2424 conscientiam;
1660 2399 1674 2417 »
1707 2389 1755 2418 vel
1771 2384 1929 2428 ipsissimis

229 2439 354 2470 Phaedri
370 2438 472 2469 verbis
487 2437 672 2476 elegantius,
689 2437 782 2467 stulte
799 2436 962 2466 nudabunt
977 2436 1074 2467 animi
1089 2437 1322 2467 conscientiam.
1341 2447 1355 2465 »ι
1375 2437 1463 2467 Unde
1488 2437 1696 2477 Hieronymus
1722 2441 1825 2467 contra
1845 2432 1928 2473 Ruﬁ-

228 2499 298 2518 num
313 2487 501 2527 generaliter
516 2486 700 2526 pronuntiat
713 2485 777 2525 (Ιι);
798 2498 813 2514 ‹‹
828 2486 958 2521 Quando
974 2485 1039 2516 sine
1054 2486 1181 2516 nomine
1194 2489 1304 2516 contra
1323 2486 1398 2516 vitia
1413 2486 1579 2522 scribitur;
1601 2486 1654 2526 qui
1668 2486 1823 2522 irascitur,
1840 2491 1928 2514 accu-

227 2540 313 2568 sator
327 2536 375 2567 sui
389 2539 447 2567 est.
459 2547 475 2564 »

227 2700 241 2726 ῑ.
262 2698 301 2735 (a)
316 2698 390 2735 Bibl.
407 2697 522 2732 eccles.,
538 2700 558 2726 t.
575 2698 609 2726 Il.
626 2707 655 2735 p.
672 2699 726 2727 655
1142 2697 1179 2735 (ε)
1197 2699 1249 2735 P_ro
1264 2696 1322 2731 lege
1337 2697 1488 2735 Μέιηίιηδρ.
1501 2697 1543 2725 13.

226 2733 300 2775 τιςδ)
314 2734 407 2775 Epist.
425 2735 462 2775 al.
475 2736 550 2775 81_et
566 2733 635 2775 198.
662 2770 669 2775 _
836 2768 842 2775 '
1020 2768 1050 2775 ,Α
1188 2733 1328 2775 ῌξειιλερ.
1340 2733 1385 2766 35,
1400 2735 1432 2775 ,τη
1443 2733 1495 2775 ΙΥζ
1502 2741 1613 2775 par._I_I,
1629 2742 1657 2769 p.
1673 2733 1737 2761 266.

261 2768 297 2806 (ε)
312 2768 407 2798 Garm.
423 2771 459 2799 de
475 2771 570 2806 seipso
592 2773 621 2799 et
635 2770 774 2797 adversus
798 2768 961 2805 episcopos,
977 2777 1003 2796 v.
1017 2768 1050 2796 19
1193 2769 1247 2809 Idi,
1263 2768 1346 2809 ibid_.,
1362 2768 1445 2809 epist.
1520 2777 1548 2809 p.
1563 2769 1626 2809 77i_.

226 2796 405 2841 estsqq.“
427 2796 457 2799 ’⁷
595 2796 619 2799 ”
729 2796 733 2797 ⁷
814 2796 824 2804 ⁸
899 2796 906 2805 “
952 2796 960 2803 ’
1139 2796 1181 2841 (7i)
1196 2796 1260 2833 Adi.
1275 2796 1348 2841 Buff,
1369 2796 1419 2839 lib,
1436 2812 1456 2840 ι,
1472 2796 1540 2839 t.'li,
1556 2807 1630 2840 part.
1648 2813 1678 2840 ιι,
1694 2813 1723 2841 p.
1738 2804 1800 2832 361.

261 2841 300 2881 (ά)
313 2841 396 2870 Vere.
407 2841 453 2870 29.
