4052 6276
256 389 324 447 37
1259 375 1679 443 PREFATIO
1727 375 2186 441 GENERALIS.
2224 414 2298 426 -
2343 379 2536 443 PAltS
2585 379 2661 444 Il.
3586 380 3667 442 38

335 521 780 583 Conticescant
808 519 1000 597 igitur
1029 522 1217 597 atque
1247 516 1640 590 erubescant,
1675 514 1782 592 qui
1813 513 2108 592 Gregorio
2141 514 2404 575 crimina
2429 515 2728 591 inferunt,
2757 535 2896 596 qua).
2954 516 3194 590 oderat,
3256 521 3317 578 et
3371 536 3407 578 a
3440 518 3667 596 quibus

268 644 295 674 «
317 619 720 698 peculiariter
752 616 1157 677 abhorrebat.
1198 639 1228 670 «
1259 613 1584 674 Neminem
1621 630 2003 692 quemquam
2039 612 2354 686 conviciis,
2391 613 2487 673 vel
2537 615 2762 693 satyris
2810 615 3141 691 lacessivit,
3185 635 3298 677 nec
3331 618 3446 678 nisi
3477 639 3665 697 gene-

263 716 406 776 ralis
435 715 572 795 ejus
607 715 683 775 de
717 713 884 773 vitiis
916 718 1008 774 est
1037 709 1399 791 disputatio.
1436 712 1512 770 At
1542 708 1887 769 nominavit
1920 708 2286 786 Maximum,
2319 709 2585 788 inquies.
2648 711 2876 782 Quidni
2935 712 3317 773 nominasset
3371 717 3665 775 Proteum

264 814 461 886 illum,
501 813 750 892 lupum,
786 809 1122 871 Christiani
1152 808 1320 869 orbis
1350 807 1541 868 totius
1571 807 1873 879 fabulam,
1927 813 2272 885 notumque
2329 809 2832 885 perturbatorcm
2856 812 2884 867 ?
2941 811 3211 871 Hoccine
3267 813 3519 872 demum
3575 819 3669 873 est

269 911 595 988 denigrare
625 909 1000 970 hominem?
1033 907 1302 968 Hoccine
1324 907 1555 966 famam
1590 904 1724 982 ejus
1747 905 1897 964 atris
1936 905 2275 964 admodum
2309 911 2370 964 et
2425 906 2504 965 ad
2562 913 2881 984 stuporem
2939 908 3252 967 coloribus
3307 909 3666 972 infuscare?

269 1010 401 1068 lmo
433 1027 605 1080 vero,
637 1007 746 1086 qui
779 1006 932 1066 talia
958 1005 1145 1077 fatur,
1183 1005 1389 1063 nivem
1434 1003 1711 1081 aspergit
1741 1002 2084 1080 nigredine,
2122 1008 2191 1062 ut
2219 1002 2580 1082 [Ethiopem
2610 1004 2814 1075 lavet;
2850 1011 2912 1064 et
2958 1006 3092 1065 viro
3150 1008 3543 1070 sanctissimo
3578 1010 3670 1069 in-

272 1106 523 1166 famiam
556 1105 775 1180 inurit,
809 1109 879 1164 ut
909 1103 1219 1182 perditam
1251 1101 1447 1181 impio
1477 1102 1711 1161 famam
1745 1101 2050 1160 restituat.
2077 1099 2236 1170 Quid
2267 1101 2436 1178 quod
2466 1101 2652 1179 longe
2681 1102 2970 1179 graviora
3027 1103 3105 1163 de
3159 1104 3426 1165 Maximo
3454 1107 3672 1169 reticet

276 1204 605 1282 Gregorius
623 1203 654 1262 ?

347 1330 576 1389 Verum
625 1326 707 1408 (a)
742 1350 771 1382 «
807 1331 1066 1387 caeteros
1095 1325 1184 1385 ita
1214 1323 1522 1403 designat,
1556 1329 1626 1384 ut
1656 1322 2010 1384 nominasse
2042 1341 2166 1383 non
2197 1341 2356 1401 opus
2414 1322 2619 1383 fuerit.
2656 1346 2684 1377 »
2738 1326 3034 1384 Fatemur
3087 1325 3150 1385 id
3208 1327 3483 1406 quidem.
3539 1332 3674 1402 Qua

269 1445 416 1486 vero
440 1426 751 1500 cautione,
787 1443 1024 1503 quaeso,
1058 1422 1369 1483 attendas.
1403 1420 1612 1481 Primo
1648 1439 1945 1498 namque,
1980 1439 2057 1480 ne
2087 1420 2150 1480 in
2182 1419 2600 1498 episcopalem
2633 1421 2913 1481 ordinem
2948 1421 3213 1484 dicenda
3243 1425 3674 1489 derivarentur

270 1530 332 1583 et
361 1521 786 1582 redundarent
815 1521 1114 1580 admonet
1145 1518 1516 1595 Gregorius:
1558 1538 1587 1575 «
1619 1520 1755 1578 Non
1789 1517 2097 1589 omnium,
2128 1516 2334 1594 inquit
2362 1516 2461 1596 (ὁ),
2499 1517 2877 1577 mentionem
2922 1519 3224 1580 faciam...
3259 1524 3414 1581 Nam
3444 1525 3674 1585 multos

267 1621 456 1680 etiam
487 1619 652 1692 novi,
690 1619 767 1678 de
799 1618 1026 1696 quibus
1059 1616 1447 1695 loquendum
1479 1622 1571 1676 est
1601 1614 1945 1676 honestius.
1979 1617 2210 1676 Verum
2243 1614 2522 1692 quisquis
2549 1615 2874 1692 improbus
2904 1622 3019 1688 est,
3071 1624 3132 1676 et
3195 1618 3529 1697 plusquam
3561 1623 3674 1682 im-

266 1718 529 1798 probus,
559 1716 725 1776 vinci
755 1734 820 1775 se
858 1714 1226 1792 domarique
1261 1713 1536 1792 patiatur
1562 1712 1659 1792 (ο).
1697 1713 1843 1773 Mali
1867 1713 2174 1791 quidquid
2195 1719 2286 1771 est
2308 1713 2663 1772 vulnerabit
2700 1715 2998 1773 orationis
3028 1715 3275 1792 gladius
3309 1735 3322 1789 ;
3356 1719 3483 1778 imo
3514 1720 3673 1780 sica-

270 1817 400 1876 rios
432 1821 494 1874 et
550 1813 1043 1890 homicidas,qui
1074 1811 1243 1871 falsis
1274 1811 1667 1871 sermonibus
1697 1816 1887 1888 atque
1931 1811 2284 1887 figmentis,
2320 1832 2349 1866 »
2413 1816 2694 1888 pastores
2723 1811 3051 1889 ipsamque
3108 1814 3457 1875 doctrinam
3516 1818 3676 1878 infa-

273 1920 540 1984 mantes,
584 1911 968 1972 «innoxium
1006 1910 1357 1969 animarum
1405 1909 1772 1985 sanguinem
1819 1909 2299 1968 effundebant.»
2355 1908 2559 1967 Verbo
2617 1908 2848 1980 dicam,
2902 1909 3082 1988 lupos
3138 1919 3420 1990 pastores
3476 1915 3677 1976 insec-

269 2017 464 2082 tatur,
500 2010 790 2069 doctores
823 2008 1067 2086 spurios
1088 2014 1148 2066 et
1179 2007 1588 2066 adulterinos.
1623 2007 1894 2066 Putasne
1949 2024 2096 2066 vero
2129 2024 2450 2083 nunquam
2507 2005 2712 2076 licere,
2776 2007 3090 2068 laudabile
3145 2029 3470 2089 nunquam
3520 2032 3673 2087 esse,

269 2109 524 2169 ovinam
562 2107 786 2184 pellem
821 2124 892 2165 ac
925 2105 1162 2164 larvam
1195 2104 1357 2182 lupis
1390 2103 1742 2175 detrahere,
1780 2110 1849 2163 ut
1880 2104 2108 2164 detecti
2139 2109 2597 2181 cognoscantur
2619 2106 2646 2162 ‘?
2683 2128 2712 2158 «
2746 2104 2810 2164 Si
2860 2105 3221 2183 reipublicae
3275 2109 3532 2170 interest
3579 2130 3680 2173 co-

270 2206 491 2284 gnosci
521 2204 760 2276 malos;
793 2228 823 2258 »
859 2203 1140 2281 profecto
1169 2202 1428 2261 interest
1458 2200 1775 2273 Ecclesias,
1836 2201 2044 2260 minus
2100 2201 2466 2276 catholicos,
2504 2201 2818 2279 falsosque
2860 2209 3140 2282 pastores
3171 2225 3569 2284 cognoscere.
3605 2213 3681 2270 Et

270 2305 381 2382 qui
411 2303 652 2362 larvam
686 2299 982 2372 detrahit,
1019 2304 1087 2359 ut
1141 2303 1622 2376 cognoscantur,
1662 2317 1739 2358 ne
1767 2303 2041 2359 mactent
2072 2304 2129 2358 et
2151 2299 2458 2371 furentur,
2519 2299 2570 2358 is
2600 2299 2933 2359 laudabilis
2961 2307 3075 2362 est.

352 2429 422 2487 Id
497 2425 788 2504 praestitit
818 2423 1174 2501 Gregorius,
1235 2422 1345 2501 qui
1403 2423 1763 2502 posthabito
1811 2422 2059 2502 privato
2116 2423 2470 2495 commodo,
2541 2424 3022 2500 periclitentium
3081 2427 3268 2487 saluti
3324 2430 3678 2491 animarum

277 2524 702 2600 Ecclesiaeque
725 2523 917 2583 totius
948 2522 1302 2593 consulens,
1332 2521 1395 2580 in
1425 2520 1748 2600 improbos
1777 2527 1840 2581 et
1870 2521 2022 2580 vitia
2047 2520 2358 2580 calamum
2418 2522 2668 2580 strinxit
2693 2539 2705 2590 ;
2770 2522 2926 2581 nihil
2965 2522 3082 2582 nisi
3140 2525 3534 2598 charitatem,
3571 2529 3690 2589 nisi

274 2640 497 2702 pacem
530 2621 778 2698 spirans
807 2619 916 2698 (Α).
951 2621 1075 2679 lsta
1107 2618 1260 2678 ﬂens
1295 2618 1502 2694 potius
1533 2635 1722 2694 quam
1758 2617 2050 2677 mordens
2079 2618 2363 2695 scripsit;
2410 2618 2536 2677 imo
2571 2640 2598 2672 «
2637 2619 2860 2678 ludens
2890 2640 2918 2676 »
2980 2639 3462 2702 nonnunquam,
3537 2627 3686 2704 quia

276 2717 614 2779 ridiculum
649 2718 780 2778 acri
810 2735 908 2776 res
939 2715 1158 2775 fortius
1185 2732 1258 2773 ac
1282 2715 1504 2773 melius
1531 2714 1901 2792 plerumque
1923 2732 2133 2775 secare
2167 2721 2447 2775 noverat.
2480 2717 2666 2775 Miror
2699 2717 2919 2790 virum,
2957 2718 3192 2796 alioqui
3233 2721 3486 2798 ingenio
3521 2743 3696 2801 pars.

278 2816 504 2895 picaci,
538 2815 742 2874 lusum
776 2831 900 2872 non
933 2811 1321 2882 intellixisse,
1357 2810 1465 2870 ubi
1495 2811 1848 2887 Gregorius,
1884 2810 2148 2870 dubium
2181 2811 2256 2870 de
2288 2830 2469 2872 coma
2512 2813 2664 2891 quid
2718 2812 2907 2873 faciat
2954 2832 3025 2874 ac
3056 2820 3512 2894 prepomodum
3546 2821 3686 2881 des-

281 2919 608 2993 perantem
641 2911 934 2990 cynicum
967 2909 1230 2986 ﬁngens,
1264 2925 1552 2968 sermone
1575 2907 1709 2985 jam
1740 2907 1955 2966 tritum
1987 2907 2043 2966 ei
2100 2909 2500 2988 proverbium
2559 2910 2774 2970 festive
2833 2914 3111 2989 suggerit
3146 2931 3158 2972 :
3216 2938 3246 2970 «
3280 2917 3525 2995 Reliqui
3579 2919 3692 2979 tibi

279 3017 511 3089 praeter
534 3009 766 3068 malam
799 3025 1049 3067 crucem
1100 3005 1232 3083 jam
1265 3004 1447 3064 video
1499 3005 1739 3078 nihil.»
1817 3004 1964 3075 Quis
2021 3023 2247 3065 vanam
2297 3007 2478 3066 Tollii
2514 3007 2586 3086 (e)
2643 3007 3162 3069 exclamationem
3207 3012 3333 3072 risu
3366 3033 3489 3074 non
3521 3017 3691 3076 exci-

281 3109 416 3187 piat
437 3109 466 3166 ?
496 3108 631 3177 Cui,
665 3107 952 3184 inquam,
983 3103 1176 3163 risum
1208 3121 1332 3162 non
1365 3108 1614 3162 moveat
1643 3101 1778 3162 haec
1809 3102 2140 3162 verborum
2167 3105 2446 3182 Gregorii
2477 3105 2758 3184 acceptio
2779 3105 2808 3164 ?
2843 3129 2871 3160 «
2919 3107 3076 3176 Quid
3099 3109 3127 3166 ?
3176 3111 3496 3189 Laqueum
3542 3132 3691 3192 pro-

282 3223 518 3285 ponere
549 3203 806 3263 inimico
837 3202 917 3262 ad
948 3200 1375 3279 suspendium,
1415 3199 1766 3260 hominisne
1796 3205 1889 3260 est
1919 3200 2231 3261 Christum
2253 3202 2547 3262 sectantis
2568 3204 2596 3262 ?
2629 3226 2658 3257 »
2697 3203 2845 3274 Quis
2882 3206 3048 3264 enim
3102 3208 3311 3268 mitior
3345 3211 3644 3289 Gregorio
3664 3213 3693 3271 ‘I

279 3303 542 3366 Etiamsi
573 3303 808 3380 scripta
839 3305 1123 3362 tacerent
1151 3300 1337 3371 facta,
1372 3298 1510 3376 ipsa
1544 3298 1800 3359 Maximi
1828 3298 2116 3374 historia,
2167 3307 2307 3361 acta
2363 3301 2630 3376 concilii,
2693 3303 2917 3377 sicarii,
2954 3303 3194 3383 lapides
3234 3326 3391 3386 quos
3422 3312 3689 3391 excepit,

280 3422 394 3464 nec
417 3419 806 3481 quemquam
842 3398 1056 3459 ulcisci
1086 3415 1304 3476 passus
1334 3403 1446 3456 est.

363 3529 432 3588 In
469 3526 567 3585 his
600 3543 741 3602 quae
771 3523 1154 3602 objiciuntur
1188 3521 1470 3598 Gregorii
1501 3521 1904 3595 carminibus,
1941 3523 2117 3596 nihil,
2170 3529 2280 3583 aut
2311 3525 2435 3584 fere
2490 3525 2646 3584 nihil
2709 3527 2876 3604 quod
2949 3527 3010 3586 in
3061 3529 3438 3608 Apologetz'co
3461 3553 3573 3595 suo
3633 3541 3696 3597 et

288 3625 439 3684 alibi
472 3624 706 3702 passim
732 3622 810 3681 ad
842 3619 1148 3700 populum
1176 3619 1564 3678 orationibus
1586 3637 1710 3679 non
1741 3620 2128 3698 reperiatur;
2164 3622 2292 3681 imo
2350 3622 2507 3681 nihil
2556 3624 2726 3701 quod
2783 3624 2847 3683 in
2878 3626 3004 3684 suis
3036 3625 3123 3686 De
3167 3630 3494 3690 sacerdotio
3525 3633 3698 3693 libris

299 3741 424 3782 non
457 3719 782 3799 scripserit
813 3718 1003 3798 paulo
1029 3723 1173 3796 post
1201 3716 1704 3795 Chrysostomus.
1747 3719 1880 3777 Non
1912 3718 2103 3795 igitur
2132 3720 2325 3779 animi
2369 3743 2396 3778 α
2424 3720 2875 3794 imbecillitate,
2910 3745 2936 3780 υ
2996 3743 3121 3783 non
3184 3749 3215 3781 ‹‹
3246 3729 3636 3804 aegritudine,
3666 3755 3694 3786 »

298 3838 422 3878 non
461 3842 490 3872 «
521 3816 800 3895 impositi
822 3815 1077 3893 capistri
1112 3839 1139 3869 ι
1174 3814 1411 3885 dolore,
1448 3832 1572 3873 non
1605 3814 1880 3874 abdicati
1929 3837 1957 3870 α
1991 3816 2365 3894 poenitentia
2397 3839 2423 3874 η
2487 3817 2906 3895 episcopatus,
2969 3838 3111 3897 quae
3163 3823 3336 3883 nulla
3388 3825 3536 3897 fuit,
3592 3828 3702 3887 illa

299 3914 676 3992 conscripsit
707 3912 1061 3990 Gregorius.
1094 3912 1426 3989 Figmenta
1456 3911 1591 3971 haec
1612 3917 1756 3972 sunt
1788 3913 1866 3972 ab
1900 3911 2300 3974 heterodoxis
2332 3915 2597 3993 prolata,
2648 3915 2808 3975 male
2840 3935 2876 3975 a
2935 3918 3311 3994 quibusdam
3370 3923 3703 3984 Catholicis

300 4016 593 4095 repetita.
629 4016 843 4090 Apage
865 4029 1039 4087 ergo,
1066 4009 1531 4087 Tolli,lepidam
1560 4007 1724 4069 hanc
1755 4016 1952 4088 tuam,
1975 4014 2104 4073 imo
2135 4012 2500 4090 injuriosam
2531 4013 2590 4071 in
2617 4015 2981 4091 Gregorium
3015 4021 3710 4100 comparationem,qua

300 4113 698 4185 Theologum
730 4127 873 4169 cum
906 4108 1204 4170 Cicerone
1236 4107 1600 4184 componis;
1637 4106 1755 4167 hoc
1786 4117 1899 4185 est,
1927 4135 1954 4165 (ι
1990 4111 2077 4171 ita
2103 4111 2314 4170 animo
2345 4111 2631 4187 perculso
2664 4118 2724 4170 et
2777 4113 3042 4189 abjecto,
3107 4121 3174 4174 ut
3228 4117 3359 4178 sine
3419 4138 3706 4182 sermone

300 4211 454 4277 ullo,
491 4209 626 4269 sine
657 4207 1037 4284 cogitatione
1070 4206 1198 4265 ulla
1219 4205 1480 4282 jaceret,
1519 4228 1547 4260 »
1613 4211 1680 4264 ut
1744 4229 1772 4263 «
1831 4208 1906 4287 (Ῑ)
1963 4209 2186 4268 mentis
2241 4226 2450 4267 errore
2507 4209 2704 4268 teneri
2733 4234 2762 4265 »
2796 4211 2987 4288 vulgo
3018 4213 3376 4275 crederetur
3401 4215 3510 4297 (g).
3546 4219 3707 4290 Quid

304 4308 556 4369 confers
577 4305 921 4364 violentum
953 4311 1239 4363 coactum
1269 4301 1458 4362 Tullii
1487 4302 1800 4376 exsilium,
1835 4325 1976 4365 cum
2009 4306 2365 4366 voluntaria
2396 4306 2698 4384 Gregorii,
2734 4313 2794 4367 ct
2818 4309 3114 4386 expetita,
3148 4317 3339 4390 atque
3369 4315 3558 4375 etiam
3599 4334 3707 4376 ex-

302 4413 471 4466 torta
503 4404 585 4464 ab
619 4403 1020 4480 imperatore,
1065 4407 1127 4460 et
1157 4398 1438 4459 omnium
1471 4404 1728 4460 aetatum
1759 4403 2173 4464 admiratione
2205 4404 2415 4480 digna,
2478 4405 3186 4484 Constantinopolitanae
3245 4411 3404 4471 sedis
3462 4413 3710 4474 abdica-

304 4504 528 4565 tione?
558 4500 640 4580 (lz)
677 4499 836 4571 Quid
868 4516 1132 4578 puerum
1154 4503 1400 4558 tantum
1434 4515 1558 4556 non
1605 4497 1970 4575 ejulantem,
2030 4506 2090 4561 et
2145 4502 2412 4575 fletibus,
2473 4519 2547 4560 ne
2595 4503 2910 4576 scriberet,
2980 4506 3434 4584 «impeditum,
3469 4534 3500 4566 »
3563 4529 3707 4571 cum

306 4601 551 4662 athleta
580 4605 644 4658 et
674 4597 948 4675 glorioso
985 4620 1014 4651 ‹‹
1046 4596 1398 4655 confessore
1421 4614 1447 4648 υ
1516 4597 1838 4673 componis
1873 4598 1942 4679 (τ’)
1974 4601 2001 4659 ?
2035 4598 2278 4676 chcsis
2300 4617 2517 4658 omnes
2548 4600 2627 4658 ad
2671 4601 2941 4660 Atticum
2973 4603 3294 4679 epistolas,
3351 4626 3491 4685 quae
3550 4608 3715 4669 libro

308 4699 497 4760 tertio
519 4695 940 4768 continentur,
977 4693 1256 4772 Liviique
1286 4691 1702 4754 Historiarum
1733 4695 1962 4756 librum
1995 4714 2133 4772 cxx,
2166 4701 2227 4756 et
2257 4701 2379 4756 tuae
2411 4701 2472 4756 te
2495 4697 2728 4776 pudeat
2755 4701 3260 4777 comparationis.

386 4821 676 4899 Denique
732 4817 884 4897 quid
939 4817 1271 4877 ambitiosa
1325 4814 1433 4874 illa
1488 4819 1801 4880 Ciceronis
1860 4826 1922 4879 et
1971 4838 2424 4898 usquequaque
2482 4823 2621 4880 fusa
2663 4820 2994 4899 jactantia,
3055 4843 3195 4884 cum
3255 4827 3528 4901 assidua,
3575 4848 3718 4890 cum

311 4921 622 4989 modesta,
675 4935 818 4976 cum
877 4916 1226 4976 necessaria
1282 4921 1344 4976 et
1418 4919 1710 4996 religiosa
1796 4918 2243 4996 przedicatione
2326 4917 2696 4978 Trinitatis?
2781 4920 2941 4991 Quid
3021 4921 3250 4983 Christi
3327 4926 3406 4984 ad
3479 4928 3724 4989 Belial?

312 5018 472 5091 Quid
503 5016 608 5075 hic
641 5013 936 5091 theologo
958 5013 1350 5075 sanctissimo
1382 5034 1525 5076 cum
1559 5021 1810 5077 oratoro
1843 5016 2153 5094 profano?
2188 5016 2346 5088 Quid
2381 5015 2754 5077 humilitatis
2792 5018 3023 5079 Christi
3053 5020 3381 5099 discipulo,
3416 5042 3556 5085 cum
3589 5031 3724 5086 tur-

413 5401 465 5479 ᾳ)
491 5401 644 5479 I011.
676 5405 792 5479 not.
821 5400 893 5459 ad
926 5417 980 5457 v.
1009 5400 1071 5456 21
1108 5417 1286 5458 carm.
1311 5403 1360 5471 1,
1397 5419 1452 5474 p.
1483 5403 1538 5457 6.
2155 5403 2225 5479 (Ῑ),
2252 5404 2533 5479 44⁸9ιίοη
2575 5403 2677 5479 lib.
2711 5424 2797 5474 in,
2832 5407 3000 5479 epist.
3032 5410 3085 5464 2.

410 5473 459 5547 ὁ)
491 5473 655 5547 Yers.
690 5476 839 5547 23m
861 5488 1084 5547 seqqu
1400 5473 1413 5474 ί
2155 5473 2233 5547 (ῥ)
2264 5475 2434 5544 Ibid.,
2465 5492 2555 5547 ep.
2592 5477 2677 5532 12.

407 5543 454 5619 ε)
483 5545 677 5601 Carm.
712 5545 787 5619 al.
824 5543 1113 5619 12,942,
1148 5545 1338 5600 15-17.

1091 5580 1113 5614 η,
1148 5545 1338 5600 15-17.
2155 5543 2234 5619 (ἠ)
2269 5543 2440 5614 Ibid.,
2483 5543 2574 5619 e'p.
2607 5548 2691 5605 44.

382 5547 454 5686 ὅ)
483 5547 677 5601 Carm.
712 5547 787 5602 al.
824 5547 988 5610 12,v.
1026 5547 1113 5614 12,
1148 5547 1338 5600 15-17.
2269 5547 2440 5628 Ibid.,
2483 5563 2574 5619 ep.
2607 5548 2668 5603 M

399 5690 402 5691 ν
440 5622 458 5691 )
489 5619 678 5673 Carm.
713 5617 871 5691 a17.1,
906 5634 959 5672 v.
992 5615 1046 5670 6.
2182 5619 2422 5689 ι)11)ι(1.,
2455 5635 2544 5691 ep.
2583 5621 2668 5675 10.

383 5622 438 5686 (d
489 5622 678 5673 Carm.
713 5622 792 5674 al.

383 5622 458 5762 (e3
485 5692 651 5747 Vera.
684 5690 814 5747 939.
