4052 6276
314 382 390 440 39
1313 377 1726 440 ΡΒᾸΞΡΑΤΙΟ
1772 379 1914 440 GEN

2113 382 2237 441 L-IS.
2269 411 2348 428 —
2395 381 2587 441 PARS
2636 375 2708 440 li.
3635 382 3713 444 40

307 513 370 592 pi
404 518 464 574 et
494 510 740 590 abjeclo
774 508 988 589 gloriae
1024 509 1355 588 mancipio,
1395 530 1578 589 quem
1613 511 1965 590 gloriolam,
1996 513 2276 574 veritatis
2309 513 2658 593 dispendio,
2694 533 3027 593 corrogare
3057 535 3182 575 non
3217 517 3457 596 pudet?
3489 517 3707 590 Ardea,

308 611 512 690 inquit
545 609 811 690 epistola
843 608 920 669 ad
953 608 1248 668 Luceium
1275 609 1377 688 (a),
1418 633 1447 664 «
1478 610 1822 688 cupiditate
1850 610 2357 672 incredibili......
2395 631 2624 672 nomen
2659 619 2724 673 ut
2756 621 3036 673 nostrum
3102 615 3471 686 illustretur,
3508 623 3570 675 et
3608 635 3711 676 ce-

309 709 587 770 lebretur
612 707 864 768 tuis.....
897 708 1115 784 Itaque
1149 713 1205 766 te
1239 706 1424 784 plane
1455 708 1643 768 etiam
1674 714 1861 786 atque
1893 709 2080 769 etiam
2115 727 2290 787 rogo,
2325 715 2474 770 utet
2503 729 2689 769 ornes
2730 728 2804 769 ea
2833 710 3268 770 vehementius
3299 713 3487 772 etiam
3520 732 3712 791 quam

309 809 570 868 fortasse
602 807 889 866 sentis....
926 804 1251 881 amorique
1283 810 1496 864 nostro
1554 806 1907 884 plusculum
1957 807 2167 880 etiam,
2204 826 2392 885 quam
2444 809 2728 866 concedit
2760 808 3006 880 veritas,
3046 808 3336 886 largiare.
3369 831 3398 867 »
3450 813 3601 870 Item
3636 812 3716 871 ad

307 906 583 967 Atticum
617 903 880 983 epistola
913 904 1014 962 58.
1055 926 1084 959 α
1115 903 1479 980 Epistolam,
1526 904 1750 981 inquit,
1787 904 2011 964 Luccio
2043 923 2231 983 quam
2266 905 2559 981 misi,qna
2597 923 2693 964 res
2725 923 2894 964 meas
2923 912 2994 965 ut
3035 907 3265 966 scribat
3296 926 3472 985 rogo,
3520 908 3617 967 fac
3650 914 3719 968 ut

310 1004 388 1065 ab
420 1022 493 1064 eo
524 1018 772 1071 sumas;
808 999 991 1059 valde
1026 999 1189 1057 bella
1217 1004 1328 1069 est,
1357 1017 1626 1076 eumque
1658 1006 1724 1058 ut
1772 1008 2151 1080 approperet
2209 1001 2535 1073 adorteris,
2607 1006 2670 1061 et
2699 1001 2867 1078 quod
2933 1002 3082 1060 mihi
3141 1003 3230 1063 ita
3284 1022 3347 1063 se
3405 1006 3716 1065 facturum

311 1100 651 1178 rescripsit,
687 1098 922 1175 gratias
953 1114 1126 1172 agas.
1161 1115 1188 1150 υ
1227 1095 1375 1165 Quis
1407 1096 1617 1154 tulerit
1649 1115 1788 1156 cum
1825 1098 2078 1158 homine
2108 1105 2236 1158 tam
2269 1099 2540 1175 glorioso
2582 1099 2946 1176 Gregorium
2981 1102 3324 1180 componi?
3372 1103 3720 1180 Nequidem

312 1200 552 1258 ratione
583 1195 957 1273 eloquentiae
992 1193 1347 1271 comparari
1381 1212 1559 1270 posse
1592 1196 2020 1255 concederem.
2053 1198 2358 1273 Argntum
2393 1214 2683 1274 namque,
2722 1203 2998 1271 acutum,
3036 1205 3096 1258 et
3127 1199 3312 1277 plane
3363 1199 3718 1261 laconicum

311 1294 620 1356 scribendi
651 1311 868 1371 genus,
903 1297 1172 1351 sectatus
1204 1291 1689 1367 estGregorius;
1725 1292 1967 1352 Tullius
1994 1312 2162 1369 vero,
2227 1300 2293 1353 ut
2348 1294 2562 1354 scribit
2613 1300 2833 1354 auctor
2891 1295 3060 1374 (pag.
3116 1296 3242 1376 78),
3285 1321 3314 1356 α
3365 1299 3719 1360 obstetricis

311 1394 664 1454 animorum
694 1412 722 1448 ι)
754 1390 928 1448 Edm.
969 1388 1310 1459 Richerius,
1349 1411 1380 1442 «
1409 1390 1704 1449 Asianum
1737 1397 1797 1450 et
1828 1391 2185 1451 redundans
2217 1415 2244 1446 »
2283 1392 2490 1470 potius
2546 1411 2735 1471 quam
2770 1393 3028 1454 atticum
3061 1400 3122 1454 et
3182 1414 3462 1473 pressum
3523 1398 3714 1459 affec-

320 1492 572 1552 tavit.ln
595 1488 856 1564 Dialogo
872 1486 945 1545 de
968 1485 1383 1555 oratoribus,«
1402 1487 1714 1545 elumbem
1742 1492 1801 1546 et
1823 1493 2185 1548 enervatam
2210 1490 2521 1549 Ciceronis
2553 1489 2976 1568 eloquentiam
3005 1514 3030 1549 ι)
3071 1499 3254 1552 vocat
3287 1495 3711 1555 Brutus.Diu-

318 1589 439 1648 tius
489 1589 698 1647 forsan
721 1585 796 1644 iis
829 1583 1180 1643 refellendis
1209 1582 1681 1662 immoror,qna
1721 1585 1982 1644 ridenda
2010 1585 2218 1663 potius
2249 1592 2309 1646 et
2341 1587 2821 1658 contemnenda,
2876 1607 3064 1664 quam
3116 1589 3277 1649 serio
3326 1596 3504 1650 erant
3543 1592 3722 1652 refel-

312 1687 520 1746 lenda.
553 1686 996 1744 Verumtamen
1031 1700 1171 1740 curn
1217 1680 1480 1741 lectores
1520 1683 1804 1742 nonnulli
1861 1683 2007 1753 sint,
2069 1684 2298 1762 quibus
2360 1685 2498 1760 plus
2556 1685 2873 1761 religionis
2935 1705 3122 1762 quam
3197 1688 3471 1748 scientia
3532 1690 3718 1765 inest,

316 1789 376 1843 et
435 1798 702 1859 quorum
762 1777 1144 1838 conscientia
1199 1777 1448 1836 inﬁrma
1498 1796 1569 1836 ac
1621 1778 1838 1837 timida
1897 1779 2038 1838 ladi
2094 1786 2304 1856 posset
2334 1780 2717 1839 carminibus
2757 1781 3056 1840 adversus
3087 1783 3426 1843 Maximum
3466 1793 3526 1845 et
3557 1788 3720 1865 epis-

315 1898 505 1956 copos
536 1875 1033 1953 scriptis;juxat
1065 1875 1176 1933 hos
1227 1893 1301 1933 ex
1334 1875 1557 1934 animis
1589 1877 1911 1953 scrupulos
1944 1877 2228 1946 evellere,
2293 1878 2550 1954 quinam
2609 1878 2700 1935 illi
2759 1877 2882 1937 sint
2936 1880 3232 1957 episcopi,
3297 1901 3450 1960 quos
3511 1885 3726 1961 exagi-

313 1977 472 2036 tavit
521 1974 878 2051 Gregorius,
939 1973 1323 2031 ostendendo
1353 1989 1365 2043 ;
1428 1980 1494 2031 ut
1555 1973 1772 2032 merito
1832 1973 2203 2050 exagitatos,
2239 1979 2427 2050 atque
2455 1975 2640 2033 etiam
2675 1975 2828 2033 dure
2862 1975 3219 2054 increpitos,
3257 1979 3517 2055 quilibet
3547 1981 3723 2040 intel-

317 2074 492 2151 ligat.

394 2205 606 2267 Primo
637 2204 888 2284 quidem
923 2219 1107 2263 nemo
1143 2200 1336 2262 nescit
1357 2200 1760 2261 correctionis
1793 2202 2083 2262 fraterna
2113 2209 2499 2283 praeceptum
2531 2221 2662 2263 esse
2684 2208 2813 2264 tam
2863 2203 2924 2263 in
2972 2204 3165 2264 veteri
3196 2225 3386 2284 quam
3442 2209 3507 2267 in
3563 2229 3727 2271 nova

315 2305 492 2383 lege:
533 2328 564 2361 «
595 2306 732 2364 Non
761 2299 966 2363 oderis
996 2301 1254 2360 fratrem
1287 2304 1489 2374 tuum,
1526 2323 1554 2353 »
1582 2299 1670 2359 ait
1700 2301 1941 2379 Moyses
1965 2302 2010 2367 ³.
2064 2324 2092 2358 (ι
2126 2303 2233 2361 sed
2261 2302 2504 2381 publice
2537 2319 2730 2378 argue
2760 2301 2962 2374 illum,
2997 2321 3075 2362 ne
3107 2302 3343 2364 habeas
3383 2324 3572 2385 super
3615 2309 3724 2369 illo

318 2407 645 2482 peccatum
674 2417 688 2472 ;
714 2423 742 2453 »
781 2397 1002 2458 Matth.
1036 2413 1189 2469 xvu,
1226 2397 1322 2467 16,
1359 2398 1472 2455 17:
1502 2417 1529 2452 ‹‹
1564 2396 1630 2457 Si
1660 2404 1867 2458 autem
1902 2404 1960 2458 te
1981 2417 2106 2458 non
2131 2398 2400 2458 audierit
2459 2399 2671 2476 (frater
2727 2398 2918 2477 tuus),
2981 2398 3211 2459 adhibe
3264 2407 3470 2462 tecum
3516 2405 3724 2465 adhuc

320 2518 541 2571 unum,
578 2498 675 2557 vel
705 2497 862 2555 duos
892 2499 1154 2554 testes...
1189 2493 1368 2563 Quod
1397 2494 1447 2552 si
1477 2512 1599 2553 non
1634 2496 1901 2555 audierit
1944 2513 2087 2556 eos:
2123 2496 2222 2555 dic
2253 2496 2567 2554 Ecclesia.
2603 2516 2630 2552 »
2670 2496 2830 2565 Quin
2887 2504 2947 2554 et
2978 2502 3123 2556 ante
3161 2497 3365 2576 legem
3398 2501 3719 2580 scriptam,

321 2602 563 2656 natura
595 2594 654 2652 vi
683 2599 744 2652 et
774 2591 1120 2663 charitatis,
1153 2609 1226 2650 eo
1254 2591 1518 2667 quisque
1549 2591 1756 2650 ofﬁcio
1789 2593 2141 2663 tenebatur,
2176 2592 2484 2671 imprimis
2516 2592 2856 2670 praepositi,
2885 2600 3195 2670 parentes,
3233 2597 3536 2674 magistri,
3588 2618 3725 2678 pag-

319 2704 509 2757 tores.
544 2695 637 2754 Ab
670 2695 806 2772 ipsa
836 2693 1000 2753 enim
1034 2697 1259 2751 natura
1286 2696 1348 2750 et
1379 2690 1706 2763 charitate,
1740 2709 1864 2770 qua
1897 2691 2168 2769 proximi
2200 2691 2368 2752 salus
2398 2692 2578 2752 nobis
2601 2692 2773 2752 cordi
2797 2711 2928 2753 esse
2960 2694 3169 2768 debet,
3203 2694 3391 2773 hujus
3433 2699 3729 2777 pracepti

322 2793 659 2854 necessitas
691 2791 847 2850 fluit.

404 2930 617 2988 Potest
644 2931 881 3003 Itaque,
916 2929 1104 3001 atque
1137 2921 1325 2982 etiam
1384 2922 1569 2980 debet
1597 2927 1658 2980 et
1677 2925 1948 2992 tenetur,
1983 2922 2090 2999 qui
2123 2922 2403 2993 scientia,
2444 2923 2769 3001 dignitate,
2803 2928 2864 2982 et
2894 2924 3100 2984 ofﬁcio
3152 2927 3407 3000 eminet,
3468 2948 3731 3006 arguere

328 3032 680 3105 peccantes,
711 3047 741 3079 «
789 3023 944 3082 dure
974 3045 1003 3076 »
1040 3022 1225 3081 etiam
1262 3020 1575 3079 interdum
1613 3043 1641 3073 «
1671 3019 2018 3097 increpare,
2047 3044 2077 3074 »
2117 3021 2386 3080 maxime
2422 3045 2450 3075 «
2485 3028 2553 3080 ut
2592 3021 2726 3080 sani
2757 3022 2880 3081 sint
2910 3023 2971 3079 in
3033 3023 3220 3091 ﬁde‘,
3256 3048 3284 3078 »
3341 3032 3409 3085 ut
3459 3029 3732 3089 vitentur

329 3122 603 3203 improbi
627 3123 670 3192 ⁵,
707 3121 894 3198 idque
953 3117 1322 3178 nominatim
1380 3122 1450 3176 ut
1471 3116 1833 3195 discipulus,
1871 3136 2055 3194 quem
2089 3118 2402 3195 deligebat
2430 3120 2607 3178 Jesus
2632 3120 2691 3192 ⁶;
2727 3119 2822 3177 vel
2850 3120 3168 3197 graphice,
3205 3127 3274 3180 ut
3296 3126 3727 3201 apostolorum

328 3218 693 3299 Princeps",
727 3237 800 3277 ac
829 3216 971 3278 Jud.
1008 3215 1051 3288 ⁸,
1087 3214 1525 3294 perstringere,
1562 3220 1748 3292 atque
1788 3215 1974 3274 etiam
2008 3215 2255 3292 publice
2287 3216 2637 3275 traducere.
2704 3240 2733 3271 ‹‹
2767 3216 3092 3276 Manifesta
3151 3219 3314 3277 enim
3378 3229 3655 3297 peccata,
3699 3248 3726 3278 ι

330 3327 396 3379 ut
424 3318 627 3397 inquit
659 3314 993 3393 Gregorius
1024 3313 1181 3372 alter
1212 3318 1273 3372 et
1301 3312 1434 3389 ipse
1466 3313 1727 3389 Magnus
1759 3311 1865 3390 (ὑ),
1930 3330 2116 3371 «non
2176 3313 2422 3372 occulta
2479 3313 2865 3373 correctione
2921 3316 3290 3391 purganda;
3350 3318 3459 3377 sed
3517 3321 3728 3397 palam

328 3421 474 3479 sunt
504 3412 827 3493 arguendi,
854 3411 961 3488 qui
992 3410 1198 3487 palam
1233 3413 1481 3468 nocent.
1521 3432 1547 3462 n
1576 3409 1875 3486 Apostolo
1908 3409 2307 3486 pracipiente
2335 3427 2347 3467 :
2383 3431 2409 3466 ‹‹
2443 3413 2775 3469 Peccantes
2805 3427 3015 3469 coram
3048 3412 3339 3471 omnibus
3372 3433 3564 3492 argue
3587 3417 3607 3449 9
3643 3435 3655 3476 :
3688 3439 3716 3474 ι)

329 3514 496 3596 quod
529 3511 810 3572 Christus
840 3507 1054 3567 docuit
1093 3514 1154 3566 et
1183 3507 1345 3579 fecit,
1386 3530 1415 3560 «
1451 3505 1672 3564 acerbe
1703 3512 1763 3564 et
1793 3524 2028 3578 amare,
2062 3530 2091 3561 »
2133 3512 2198 3565 ut
2230 3507 2315 3565 ait
2355 3507 2740 3583 Augustinus
2791 3506 2861 3585 (ρ)
2890 3524 2903 3565 :
2965 3529 2994 3565 α
3016 3508 3119 3568 sed
3170 3511 3463 3583 amando,
3491 3534 3519 3570 ι)
3569 3533 3728 3592 quos

329 3609 634 3689 arguebat
657 3605 912 3668 Judaos
967 3605 1096 3663 Hoc
1121 3622 1157 3662 a
1191 3602 1513 3681 prophetis
1545 3607 1605 3660 et
1635 3602 1935 3679 apostolis
1957 3603 2205 3680 egregie
2240 3603 2587 3681 prastitum
2619 3623 2800 3664 nemo
2833 3605 3052 3663 nescit.

410 3742 696 3803 Ecclesiae
725 3748 890 3800 certe
920 3738 1179 3796 interest
1213 3760 1243 3791 «
1274 3734 1535 3813 hypocri
1550 3742 1664 3805 tas,
1693 3735 1880 3794 falsos
1915 3736 2270 3813 prophetas,
2311 3761 2336 3789 π
2374 3737 2554 3814 lupos
2585 3737 2698 3795 sub
2725 3737 2910 3796 ovina
2942 3738 3100 3816 pelle
3132 3740 3393 3798 latentes
3425 3737 3736 3816 dignosci,

334 3842 490 3901 utin
525 3840 735 3900 odium
773 3838 1168 3896 adducantur
1197 3840 1257 3892 et
1289 3833 1608 3909 fugiantnr
1639 3851 1675 3890 a
1704 3832 2211 3910 simplicioribus,
2248 3841 2313 3892 ul.
2349 3835 2576 3893 nemini
2602 3843 2866 3894 noceant
2896 3836 3004 3916 (r1).
3066 3837 3210 3895 Hac
3258 3838 3470 3895 omnia
3528 3835 3736 3895 chari-

333 3940 477 3999 tatis
507 3956 657 4014 erga
691 3935 1066 4014 proximum,
1103 3949 1252 4007 erga
1310 3934 1504 3988 Deum
1564 3936 1624 3988 et
1675 3931 2038 4001 licclesiam,
2072 3931 2278 3990 ofﬁcia
2311 3931 2562 3989 fuerein
2599 3932 2868 4002 Christo,
2910 3933 3257 3998 inJoanne,
3295 3934 3355 3991 in
3390 3932 3736 4010 Stephano.

333 4037 430 4096 cui
465 4035 731 4110 «lingua
758 4033 956 4103 ferox,
990 4030 1127 4088 lene
1158 4046 1304 4098 cor;
1339 4050 1365 4084 υ
1407 4027 1514 4105 qui
1563 4027 1859 4086 saeviebat
1913 4033 1975 4086 et
2032 4029 2307 4087 amabat.
2345 4052 2374 4084 »
2438 4030 2582 4087 Hac
2634 4029 2822 4088 etiam
2857 4031 2917 4088 in
2945 4031 3267 4108 'l‘heologo
3299 4031 3562 4107 aliisque
3593 4029 3743 4088 viris

333 4133 584 4202 sanctis,
623 4148 778 4208 quas
807 4127 1146 4205 aliquando
1181 4126 1287 4185 Dei
1317 4125 1536 4202 gloria,
1573 4125 1740 4184 zelus
1770 4126 1993 4184 domus
2032 4125 2162 4195 Dei,
2216 4125 2609 4184 imminentia
2669 4125 3053 4203 simplicibus
3093 4128 3280 4200 mala,
3314 4144 3615 4205 oppressa
3645 4144 3744 4186 ca-

336 4229 591 4288 lumniis
621 4226 1003 4295 innocentia,
1038 4223 1278 4300 religio,
1306 4221 1651 4281 acrioribus
1681 4222 1886 4281 verbis
1916 4223 2141 4300 impios
2169 4222 2488 4300 exagitare
2516 4225 2980 4302 compulerunt,
3003 4224 3328 4285 charitatis
3363 4223 3571 4284 ofﬁcia
3602 4224 3746 4283 fuis-

336 4345 400 4386 se
432 4326 692 4385 dubium
725 4343 850 4384 non
878 4329 993 4383 est.

421 4461 597 4518 Nunc
655 4457 763 4535 qui
822 4461 883 4516 et
941 4453 1161 4533 quales
1208 4455 1461 4513 fuerunt
1519 4452 1817 4531 episcopi,
1904 4469 2060 4531 quos
2147 4439 2481 4529 Gregorius
2547 4453 2612 4512 in
2691 4455 3074 4514 carminibus
3130 4455 3430 4532 exagitat,
3491 4461 3551 4515 et
3607 4473 3748 4532 qua

343 4556 530 4616 facies
590 4554 878 4615 Ecclesia
939 4553 1128 4612 totius
1187 4551 1395 4624 fuerit,
1457 4549 1736 4609 dicamus
1793 4548 1896 4629 (e).
1951 4549 2343 4610 Theodosius
2402 4569 2668 4628 magnus
2754 4570 2918 4612 anno
3005 4552 3124 4611 380
3177 4571 3355 4612 sacro
3413 4553 3586 4612 fonte
3670 4552 3748 4611 ab

346 4652 643 4714 Ascholio
696 4650 1236 4711 Thessalonicensi
1284 4649 1578 4728 episcopo
1620 4649 1921 4708 lustratus
1984 4667 2301 4708 «aureum
2377 4649 2458 4707 ad
2540 4650 2848 4728 populum
2927 4649 3100 4709 urbis
3173 4648 3750 4728 Constantinopoli-

347 4756 510 4810 tana
543 4774 572 4803 n
655 4748 927 4809 edictum
981 4747 1172 4819 dedit,
1210 4765 1333 4824 quo
1390 4746 1656 4806 sancivit
1717 4771 1744 4800 ‹‹
1790 4745 2167 4823 judicandos
2247 4744 2736 4823 plectendosque
2791 4746 3140 4816 hareticos,
3198 4767 3226 4802 ι)
3304 4746 3413 4824 qui
3478 4768 3508 4803 ar
3559 4763 3749 4825 quam

346 4848 631 4927 pontifex
690 4849 994 4906 Damasus
1076 4847 1423 4921 Petrusque
1487 4843 1881 4903 Alexandria
1952 4843 2283 4920 episcopus
2330 4841 2786 4920 sequebantur,
2854 4843 3038 4902 ﬁdem
3108 4861 3232 4903 non
3296 4843 3752 4922 amplecteren-

346 4951 471 5004 tur.
505 4969 532 5000 n
565 4948 739 5004 'l‘unc
770 4944 980 5020 itaque
1013 4943 1074 5000 in
1123 4941 1431 5020 palatium
1490 4940 1791 5000 redeunte
1847 4958 1918 4999 ac
1952 4939 2317 4999 dominante
2372 4938 2683 5000 catholica
2717 4940 2859 5017 ﬁde,
2911 4941 2991 5000 ad
3050 4959 3186 5000 eam
3228 4959 3478 5018 quoque
3518 4940 3757 5002 rediere

417 5173 649 5300 '2([).evit.
680 5174 904 5242 x1x,17.
943 5174 962 5207 ⁴
991 5172 1104 5227 Tit.
1139 5189 1178 5240 1,
1212 5172 1294 5225 13.
1329 5171 1348 5205 ⁵
1381 5170 1428 5224 ΙΙ
1459 5169 1608 5225 Tim.
1669 5188 1732 5239 II,
1788 5170 1890 5238 17;
1939 5187 2017 5240 iu,

2149 5170 2160 5204 ⁵
2192 5168 2268 5225 ΙΙΙ
2297 5169 2464 5225 Joan.
2494 5170 2547 5222 9.
2580 5169 2599 5202 ⁷
2625 5169 2674 5224 ΙΙ
2706 5168 2855 5225 Petr.
2890 5186 2951 5240 ιι,
2986 5169 3009 5226 1
3047 5187 3178 5242 sqq.
3211 5171 3230 5204 ⁸
3262 5171 3397 5226 Jud.
3423 5172 3473 5224 4.
3508 5172 3529 5205 ⁹
3560 5172 3749 5227 ITim.

350 5261 402 5314 v,
431 5261 522 5300 zu.

423 5542 500 5613 (a)
531 5541 732 5610 Cicer.,
767 5543 861 5613 Ep.
893 5545 1054 5613 fam.,
1079 5541 1180 5596 lib.
1215 5558 1267 5606 v,
1299 5557 1388 5611 ep.
1427 5539 1512 5594 13.
1606 5609 1653 5613 __
1849 5606 1971 5613 ,η-
2180 5537 2256 5613 (d)
2289 5540 2441 5613 Aug.
2475 5552 2648 5613 Serm.
2683 5537 2973 5613 313,Atorr_1.
3007 5540 3075 5606 V,
3119 5555 3175 5613 ρ.
3210 5541 3367 5595 1262.

449 5559 478 5596 α
531 5542 732 5610 Cicer.,
767 5543 861 5613 Ep.
893 5545 1054 5613 fam.,
1079 5542 1180 5596 lib.
1215 5558 1267 5606 v,
1299 5557 1388 5611 ep.
1427 5542 1512 5594 13.
2201 5542 2234 5591 d
2290 5542 2441 5607 Aug.
2475 5552 2648 5592 serm.
2683 5542 2806 5603 313,
2831 5542 2973 5592 tom.
3007 5542 3075 5606 V,
3163 5581 3175 5594 .
3210 5542 3367 5595 1262.

449 5542 754 5685 bﬁGregor.
780 5609 1674 5685 Mag.,cp.17,1ib;;1v,tom._li,
1699 5606 1995 5681 pag.l280.
2117 5542 2598 5685 méegﬁocrﬂlib.
2632 5626 2686 5685 γ,
2720 5608 2821 5685 0.9
2845 5609 3081 5685 ;ASo_z.,_
3119 5555 3226 5670 Eb.
3270 5629 3367 5677 vn,
3418 5629 3467 5666 ο.
3500 5614 3570 5681 7;
3618 5611 3752 5669 Cod.

449 5615 497 5683 b)
519 5615 754 5685 Gregor.
780 5615 1674 5685 Mag.,cp.17,1ib.x1v,tom.ll,
1699 5615 1995 5681 pagJZtSU.
2181 5615 2254 5677 (ε)
2285 5615 2467 5669 Socr.,
2501 5615 2598 5664 lib.
2632 5626 2686 5676 ν,
2720 5615 2857 5676 ο.6;
2916 5615 3068 5675 Soz.,

424 5615 495 5760 ξε)
526 5691 695 5758 Aug.,
725 5702 905 5743 serm.
946 5686 1069 5755 1117,
1100 5689 1242 5740 tom.
1274 5683 1344 5755 V,
1378 5699 1434 5755 p.
1471 5681 1628 5736 1270.
2115 5678 2391 5752 Theodos.,
2425 5679 2513 5734 tit.
2548 5682 2598 5752 1,
2634 5680 2744 5754 leg.
2776 5682 2831 5750 2,
2865 5677 3096 5737 Gothof.
