4052 6276
231 398 302 464 ii
1257 397 1669 464 ΡΗΛΞΡΑΤΙΟ
1719 405 2178 465 (τιῑΝΕηκωξ.
2220 405 2522 465 —l’AitS
2576 402 2651 465 Il.
3000 403 3012 406 ·
3598 404 3676 463 η

231 543 302 598 et
356 535 549 598 aulici
608 535 935 616 praesules,
978 535 1086 616 qui
1145 554 1222 598 ex
1280 537 1636 617 principum
1697 537 1908 598 favore
1968 544 2262 617 metuque
2310 541 2589 617 penduli,
2650 541 2824 597 omni
2878 535 3062 598 facile
3119 547 3305 597 vento
3363 541 3666 597 doctrinm

233 633 631 709 circumlati,
692 634 883 694 dubio
939 634 1149 695 animo
1205 641 1268 696 et
1322 635 1465 708 ﬁde,
1532 641 1850 695 momento
1911 635 2032 695 huc
2089 636 2240 696 illuc
2296 635 2784 714 impellebantur
2819 654 2831 694 :
2870 659 2897 689 α
2955 635 3201 707 Misera,
3252 634 3458 713 inquit
3518 636 3674 694 Gre-

234 734 467 812 gorius
519 731 624 812 (α),
680 739 743 792 et
801 733 1222 793 abominanda
1283 734 1422 793 vitae
1484 733 1804 792 ludibria:
1851 733 2021 811 quod
2077 733 2256 793 fidem
2312 734 2556 804 attinet,
2619 739 2863 811 partem
2922 733 2986 792 in
3045 740 3378 810 utramque
3439 731 3668 810 parati,

234 850 378 890 non
411 830 527 890 Dei
556 831 790 907 legum,
827 830 932 890 sed
984 836 1339 908 temporum
1399 831 1824 890 observantes.
1865 831 2077 909 Euripi
2131 831 2457 903 doctrinm,
2492 831 2636 890 hinc
2692 831 2835 890 inde
2895 831 3212 910 reciproce
3267 830 3667 902 fluctuantes,

237 929 644 1001 adulatores,
705 928 912 987 dulcia
971 929 1300 989 mulierum
1355 947 1615 1004 venena,
1680 930 1888 1006 parvis
1947 929 2178 1002 leones,
2237 935 2301 988 at
2349 947 2556 987 rerum
2617 929 3000 1007 potientibus
3057 946 3263 988 canes.
3314 948 3343 984 ι)
3399 927 3469 986 In
3527 943 3667 985 car-

238 1027 428 1086 mine
489 1024 577 1085 De
633 1025 758 1085 vita
815 1044 922 1084 sua
972 1049 1000 1080 «
1053 1026 1361 1086 aleatores
1416 1048 1445 1084 n
1510 1032 1695 1086 vocat
1751 1025 1833 1085 ho

2066 1044 2273 1104 copos,
2333 1027 2603 1102 κυϐισταί,
2662 1026 3169 1099 οὴειῐῃεθιθοηῑεε,
3230 1029 3666 1106 χαμαιλεόντων,

234 1122 339 1174 καὶ
381 1120 584 1195 τρόπον
619 1117 967 1176 πολυπόδων.

330 1229 528 1289 Tales
595 1228 893 1306 episcopi,
955 1229 1064 1306 qui
1133 1229 1296 1289 inter
1361 1229 1626 1289 Arianos
1696 1233 1758 1289 et
1838 1229 2192 1290 Catholicos
2275 1229 2484 1304 medii,
2545 1229 2794 1308 utrique
2880 1230 3065 1309 parti,
3127 1248 3242 1307 pro
3314 1235 3668 1307 temporum

235 1327 534 1399 ratione,
582 1344 646 1386 se
720 1325 1150 1398 venditabant,
1212 1327 1290 1385 ab
1364 1327 1638 1386 Ecclesia
1725 1346 1863 1386 cum
1951 1329 2348 1406 episcopatus
2417 1328 2884 1405 dignitatisque,
2967 1345 3155 1404 quam
3241 1327 3668 1396 obtinuerant,

238 1425 508 1484 honore
555 1429 611 1482 et
670 1424 868 1500 gradu
925 1423 1222 1501 suscepti,
1258 1423 1690 1501 improborum
1742 1423 1874 1501 jam
1934 1425 2369 1503 episcoporum
2425 1425 2512 1484 ita
2570 1443 2902 1484 numerum
2972 1429 3304 1494 auxerant,
3364 1429 3434 1482 ut
3491 1422 3674 1482 bonis

236 1521 594 1602 episc0pis,
630 1527 820 1598 atque
849 1521 1037 1580 etiam
1069 1522 1130 1580 in
1166 1521 1446 1580 conciliis
1477 1522 1819 1600 aliquando
1851 1522 2284 1600 praevalerent.
2320 1522 2476 1582 Hinc
2532 1522 2656 1581 illae
2707 1521 3007 1599 Gregorii,
3061 1521 3169 1599 qui
3215 1520 3413 1580 zelum
3466 1525 3528 1579 et
3572 1520 3671 1579 in-

233 1618 694 1697 dignationem
755 1617 1075 1677 continere
1136 1637 1261 1678 non
1315 1618 1586 1690 valebat,
1617 1618 1803 1696 justee
1862 1619 2155 1697 querelae.
2193 1620 2347 1680 Hinc
2397 1637 2574 1678 suam
2624 1619 2840 1697 ipsius,
2876 1619 2973 1677 vel
3005 1636 3118 1678 suo
3151 1618 3359 1696 potius
3389 1617 3662 1690 nomine,

231 1716 649 1792 collegarum
681 1716 742 1772 in
775 1715 1118 1774 sacerdotio
1151 1715 1515 1774 facilitatem
1548 1716 1608 1774 in
1644 1716 2006 1793 hujusmodi
2035 1716 2343 1795 episcopis
2375 1716 2778 1776 admittendis
2837 1716 3126 1794 deplorat
3171 1716 3265 1774 his
3295 1715 3500 1773 verbis
3531 1712 3616 1792 (ὁ)
3653 1729 3667 1772 :

236 1838 270 1867 α
309 1811 780 1890 Proposuimus
812 1830 958 1871 voce
991 1813 1318 1888 praeconis,
1352 1831 1464 1890 pro
1499 1812 1734 1871 foribus
1791 1814 2132 1873 sanctuarii
2184 1813 2474 1873 omnibus
2524 1813 3033 1872 denuntiavimus
3067 1829 3079 1870 :
3117 1811 3514 1888 Ingrediatur
3561 1809 3671 1888 qui

231 1910 456 1980 volet,
492 1908 590 1966 bis
617 1907 779 1980 licet,
813 1909 1138 1967 autetiam
1173 1908 1399 1986 saepius
1449 1908 1659 1982 ﬁdem,
1707 1927 1822 1987 pro
1869 1910 2217 1983 occasione,
2274 1909 2632 1970 mutaverit.
2666 1910 2858 1970 Adest
2904 1915 3153 1987 tempus
3211 1908 3663 1979 nundinarum,

232 2023 450 2067 nemo
483 2004 671 2064 abeat
701 2005 854 2062 nihil
886 2009 1201 2082 operatus,
1239 2029 1268 2058 »
1307 2010 1425 2064 etc.

324 2119 634 2197 Quisquis
685 2119 816 2177 haec
872 2126 933 2178 et
989 2119 1111 2177 alia
1168 2119 1394 2178 similia
1449 2119 1512 2178 in
1565 2119 1703 2178 aliis
1788 2120 2069 2194 Gregorii
2146 2121 2529 2180 carminibus
2599 2120 2843 2198 legerit,
2905 2121 2954 2179 is
3017 2120 3295 2197 profecto
3355 2118 3668 2196 intelliget

225 2219 521 2299 quinam
582 2217 812 2275 fuerint
870 2217 1170 2293 episcopi,
1244 2217 1319 2275 de
1376 2217 1605 2294 quibus
1661 2221 1866 2276 tacere
1924 2236 2047 2276 non
2123 2219 2417 2294 potuerit,
2474 2237 2587 2278 nec
2671 2219 2978 2278 debuerit.
3065 2217 3452 2277 Excusandee
3536 2221 3667 2275 tam

225 2319 666 2395 praepostera:
723 2313 1094 2389 benignitati
1142 2331 1215 2371 ac
1271 2312 1557 2372 facilitati
1616 2314 1770 2372 tales
1821 2313 2148 2392 episcopos
2208 2316 2603 2388 admittendi,
2665 2315 3105 2376 Alexandrinae
3190 2314 3414 2393 synodi
3504 2330 3670 2372 anno

222 2416 364 2472 362
436 2410 694 2481 habitae,
757 2413 848 2468 vel
927 2416 1092 2470 certe
1163 2410 1490 2469 Athanasii
1539 2409 1614 2469 de
1674 2411 2047 2489 recipiendis
2123 2412 2434 2472 haereticis
2491 2414 2808 2473 decretum
2868 2412 3087 2492 procul
3147 2411 3337 2472 dubio
3393 2416 3672 2488 praeten-

231 2511 521 2571 debant.
611 2510 866 2582 Verum,
955 2513 1024 2567 ut
1107 2507 1400 2567 observat
1484 2507 1821 2568 Annalium
1906 2509 2433 2569 eminentissimus
2516 2529 2779 2589 parens,
2857 2509 3298 2570 Alexandrinis
3378 2508 3673 2568 Patribus

230 2637 267 2661 υ
310 2624 568 2683 magna
627 2606 808 2677 ratio,
871 2605 1035 2682 quod
1093 2605 1423 2684 multiplex
1469 2606 1746 2679 illorum,
1807 2625 1834 2663 ι)
1896 2607 2006 2683 qui
2053 2607 2247 2685 recipi
2307 2607 2723 2684 jubebantur,
2783 2608 3225 2686 episcoporum
3287 2629 3317 2661 «
3375 2622 3676 2665 numerus

229 2711 450 2778 esset,
487 2704 598 2782 qui
652 2703 716 2762 in
777 2703 1039 2763 concilio
1096 2727 1127 2756 »
1193 2704 1592 2777 Ariminensi,
1658 2705 1751 2764 vel
1810 2704 2174 2778 nescientes,
2239 2706 2333 2764 vel
2389 2706 2611 2776 coacti,
2669 2707 2914 2765 Arianis
2967 2710 3460 2776 consenserant;
3524 2702 3677 2780 ipsi-

232 2821 401 2883 que,
477 2800 589 2878 qui
668 2801 748 2860 ab
807 2801 1054 2860 Arianis
1139 2801 1425 2879 partibus
1498 2807 1631 2860 tum
1717 2802 2028 2875 redibant,
2089 2802 2331 2862 sincero
2416 2803 2698 2862 veritatis
2773 2820 2987 2862 amore
3053 2802 3322 2879 odioque
3372 2800 3672 2880 perfidiae,

233 2900 505 2980 quippe
529 2897 638 2976 qui
695 2898 811 2957 sub
840 2898 1091 2958 Juliano
1141 2901 1445 2976 Apostata
1499 2899 1578 2957 ad
1638 2898 1702 2957 id
1756 2899 1986 2958 adduci
2042 2899 2438 2960 videbantur.
2483 2901 2812 2971 Prmterea,
2853 2905 2919 2959 ut
2975 2900 3064 2958 ait
3119 2900 3535 2976 Hieronymus
3570 2897 3676 2978 (c),

244 3024 284 3053 ‹‹
320 2997 488 3058 huic
547 3014 834 3055 assensus
891 3001 984 3055 est
1038 2995 1474 3068 Occidens;et
1530 3014 1641 3074 per
1697 3002 1823 3056 tam
1880 2998 2298 3056 necessarium
2349 2998 2706 3070 concilium,
2766 2999 3016 3058 Satanae
3064 2996 3351 3055 faucibus
3428 3001 3679 3073 ereptus

228 3104 344 3158 est
379 3093 686 3154 mundus.
720 3116 750 3148 »

327 3210 561 3280 Longe
618 3219 763 3260 vero
820 3201 1033 3280 dispar
1088 3201 1248 3259 ratio
1299 3201 1415 3259 sub
1470 3201 1845 3273 Theodosio,
1898 3201 2147 3280 aliaque
2207 3201 2498 3262 Ecclesiae
2557 3202 2764 3262 facies.
2819 3203 2910 3261 Ex
2968 3201 3042 3260 iis
3113 3199 3278 3260 enim
3338 3198 3673 3278 episcopis,

226 3301 355 3381 qui
421 3318 540 3377 spe
599 3298 699 3357 vel
758 3305 923 3357 metu
998 3298 1308 3371 redibant,
1367 3298 1652 3377 plerique
1737 3317 1954 3358 omnes
2011 3301 2091 3358 ab
2150 3299 2418 3371 Arianis,
2469 3299 2836 3359 Constantio
2924 3303 3197 3372 mortuo,
3259 3297 3676 3373 desciverant,

222 3400 616 3474 iisdemque
700 3397 924 3455 iterum
1003 3415 1136 3456 sese
1221 3397 1642 3473 adiunxerant
1706 3399 1824 3458 sub
1882 3398 2162 3470 Valente,
2228 3419 2255 3454 α
2318 3398 2410 3457 bis
2466 3417 2540 3458 ac
2613 3398 2869 3476 saepius,
2919 3421 2949 3452 »
3009 3403 3077 3456 ut
3152 3397 3240 3457 ait
3313 3396 3674 3473 Gregorius,

225 3523 256 3551 ς
303 3497 514 3557 ﬁdem
576 3499 915 3566 mutantes,
973 3499 1032 3554 et
1089 3495 1367 3554 alearum
1425 3495 1706 3567 instar,»
1774 3500 1885 3554 aut
1940 3495 2263 3554 arundinis
2327 3501 2644 3554 momento
2707 3495 2956 3555 versati.
3020 3494 3196 3555 Unde
3249 3493 3514 3553 facilitas
3571 3492 3684 3552 illa

216 3596 591 3674 episcopos
682 3591 892 3669 lapsos
961 3591 1324 3668 recipiendi,
1385 3610 1550 3670 qua},
1615 3592 1994 3671 Hieronymo
2079 3598 2234 3652 teste
2292 3590 2406 3673 (Δ),
2461 3592 2632 3650 laudi
2688 3592 3032 3652 Athanasio
3121 3591 3465 3669 quondam,
3530 3590 3684 3650 vitio

228 3691 630 3772 probroque
689 3696 837 3748 tunc
890 3689 1037 3749 data
1095 3693 1187 3748 est
1244 3690 1428 3748 Petro
1487 3689 1912 3748 Alexandrino
1969 3691 2244 3767 praesuli.
2303 3714 2332 3745 ‹‹
2382 3693 2618 3749 Praesto
2670 3715 2699 3744 »
2764 3691 2819 3748 ci
2877 3689 3163 3761 concilio,
3217 3689 3424 3766 inquit
3479 3689 3673 3748 Baro-

219 3790 381 3848 nius
417 3786 505 3864 (ξε)
568 3787 644 3846 de
702 3787 965 3845 concilio
1025 3786 1302 3863 generali
1351 3786 2048 3864 Constantinopolitano
2104 3789 2308 3864 primo
2368 3786 2654 3864 loquens,
2728 3810 2757 3841 «
2817 3788 3067 3846 fuerunt
3123 3785 3336 3863 plures
3393 3803 3469 3844 ex
3526 3785 3675 3857 illis,

218 3887 345 3966 qui
402 3890 630 3953 antea,
693 3883 969 3942 Valentis
1047 3889 1349 3960 tempore,
1402 3882 1599 3960 pulsis
1673 3883 2064 3955 orthodoxis,
2119 3884 2491 3942 Arianorum
2576 3883 2810 3954 favore,
2870 3892 3165 3942 vacantes
3245 3881 3424 3940 sedes
3502 3898 3688 3940 acce-

223 3986 504 4063 perant.
569 3981 646 4039 Hi
705 3981 871 4040 enim
954 3979 1220 4057 tempori
1306 3979 1734 4055 inservientes,
1796 3980 1910 4038 sub
1997 3980 2307 4040 catholico
2383 3980 2760 4057 imperatore
2855 3997 3030 4057 aeque
3115 3977 3443 4037 catholicze
3532 3976 3680 4037 fidei

227 4082 622 4141 defensores
694 4097 758 4137 se
830 4078 1181 4155 praebuere,
1242 4095 1385 4136 curn
1442 4083 1628 4137 antea
1694 4078 1791 4136 vel
1852 4079 2058 4154 gratia
2116 4079 2346 4138 ducum
2405 4079 2736 4146 exercitus,
2803 4077 2898 4136 vel
2955 4078 3170 4136 favore
3219 4076 3484 4136 aliorum
3547 4093 3681 4135 ma-

229 4179 672 4256 gistratuum,
731 4176 794 4233 in
872 4176 1302 4253 episcopatum
1379 4175 1635 4234 omnino
1722 4175 1867 4235 licet
1948 4175 2193 4252 indigni
2278 4175 2688 4236 nihilominus
2769 4175 3186 4252 irrepsissent.
3278 4175 3367 4234 De
3453 4173 3683 4251 quibus

222 4275 552 4337 omnibus
617 4272 814 4332 fusius
871 4273 1004 4350 ipse
1062 4272 1394 4348 Gregorius
1442 4272 1890 4332 Nazianzenus.
1949 4293 1977 4328 ι)
2034 4276 2178 4332 Haec
2261 4273 2588 4346 Baronius,
2667 4272 2799 4350 qui,
2863 4289 3158 4350 expressa
3233 4271 3460 4330 horum
3549 4269 3680 4349 epi-

215 4389 595 4452 scoporum
676 4369 978 4447 imagine,
1030 4370 1117 4429 sic
1201 4369 1604 4448 prosequitur
1648 4369 1726 4449 (/)
1785 4388 1798 4429 :
1866 4391 1894 4428 «
1948 4371 2274 4448 Intelligis,
2335 4377 2511 4449 puto,
2573 4371 2817 4450 quales,
2875 4370 3154 4448 exceptis
3239 4369 3478 4446 paucis,
3533 4373 3681 4427 tunc

207 4490 371 4532 esse
473 4467 754 4527 solerent
834 4465 1112 4545 episcopi
1197 4466 1530 4526 Orientalis
1606 4467 1939 4542 Ecclesiae;
2000 4469 2318 4546 quomodo
2375 4469 2564 4528 ﬁdem
2625 4467 2858 4528 habere
2915 4467 3354 4528 consueverint
3412 4484 3526 4544 pro
3573 4484 3676 4525 ra-

209 4574 416 4631 tione
488 4565 794 4642 temporis
870 4564 1190 4637 mobilem,
1244 4570 1306 4624 et
1367 4565 1614 4625 nonnisi
1670 4566 1752 4626 ad
1809 4567 2124 4645 privatum
2195 4568 2597 4627 commodum
2658 4566 3222 4626 accommodatam.
3286 4564 3477 4642 Cujus
3547 4563 3684 4641 qui-

201 4670 372 4727 dem
435 4661 536 4722 rei
581 4679 708 4720 non
769 4661 1102 4739 Gregorius
1143 4661 1474 4734 duntaxat,
1505 4662 1610 4722 sed
1662 4668 1722 4722 et
1774 4664 2037 4723 Basilius
2067 4663 2191 4723 suis
2250 4663 2496 4741 scriptis
2555 4663 2844 4741 locuplex
2903 4661 3075 4721 testis
3133 4661 3397 4732 accedit,
3434 4664 3504 4719 ut
3560 4677 3674 4719 suo

201 4771 371 4828 loco
473 4759 768 4837 superius
845 4765 939 4818 est
1002 4759 1526 4819 demonstratum.
1585 4780 1616 4815 io
1685 4760 1855 4820 Alios
1929 4762 2089 4822 bene
2178 4761 2406 4820 multos
2451 4760 2750 4820 adhibere
2795 4764 3005 4833 testes,
3069 4758 3342 4817 maxime
3403 4756 3675 4834 Chryso-

201 4872 533 4924 stomum
597 4862 660 4915 et
716 4857 1190 4933 Hieronymum,
1241 4861 1488 4934 poterat
1546 4857 1891 4929 Baronius;
1946 4859 2076 4937 qui,
2133 4864 2466 4938 postquam
2526 4857 2806 4917 narravit
2861 4874 3053 4934 quam
3113 4855 3275 4914 male
3336 4861 3527 4932 atque
3590 4853 3679 4912 in-

205 4965 429 5036 digne
495 4953 868 5028 Gregorium
917 4951 1297 5012 habuerint:
1336 4975 1364 5006 «
1401 4954 1493 5012 Ex
1537 4951 1652 5028 his,
1714 4953 1918 5033 inquit
1949 4956 2052 5034 (g),
2091 4955 2261 5015 disce
2316 4955 2463 5025 alia,
2499 4973 2724 5032 nempe
2784 4971 2972 5031 quam
3033 4970 3178 5012 vera
3228 4952 3353 5010 sint
3409 4970 3549 5029 qum
3605 4951 3672 5010 in

216 5057 476 5120 eodem
513 5050 854 5126 Gregorius
886 5049 1275 5128 conscripsit.
1317 5073 1343 5104 η

310 5170 391 5235 Id
464 5164 728 5245 quidem
785 5163 1022 5245 optime
1078 5169 1141 5226 et
1197 5165 1483 5245 apposite
1541 5170 1762 5228 auctor
1819 5167 2370 5231 eminentissimus.
2430 5169 2587 5230 Nam
2644 5165 2880 5246 palam,
2933 5163 3089 5227 vivis
3145 5163 3269 5227 illis
3310 5169 3372 5228 et
3426 5162 3680 5226 audien-

303 5497 387 5567 (α)
427 5492 634 5550 Carm.
673 5491 724 5567 1,
749 5490 930 5567 Toll.,
959 5512 1010 5550 v.
1041 5493 1305 5552 334-338.

1096 5493 1305 5552 34-338.
2096 5491 2175 5567 (d)
2209 5493 2414 5552 Chron.
2443 5509 2538 5552 an.
2570 5489 2696 5551 374.

303 5565 383 5639 (ὁ)
420 5567 627 5641 ΟῨειτἸῃ.
661 5565 802 5641 [De
833 5569 947 5641 uita
975 5584 1094 5637 sua,
1127 5585 1179 5622 v.
1215 5569 1396 5641 17-27.
1551 5640 1555 5641 ί
2095 5565 2165 5639 (ε)
2186 5569 2292 5622 An.
2326 5569 2449 5636 381,
2483 5567 2634 5641 9'22.

219 5648 377 5776 36gb)
443 5638 601 5695 Dial.
645 5638 773 5694 adv.
824 5639 1033 5710 Luciﬂ,
1095 5644 1234 5696 tom.
1286 5640 1379 5707 IV,
1433 5640 1582 5713 part.
1651 5651 1713 5713 ιι,
1775 5655 1813 5715 p

725 5655 773 5692 v.
824 5639 1033 5710 Lucif.,
1095 5644 1234 5696 tom.
1286 5640 1379 5707 IV,
1433 5640 1582 5713 part.
1651 5651 1713 5713 ιι,
1775 5655 1910 5716 pag.

529 5839 810 5906 Parnm.
861 5837 968 5902 Gs.
1000 5838 1236 5910 XXXV.
