4052 6276
450 370 527 438 43
1457 368 1874 439 ΡΒιλΕῐτΑΤιυ
1922 378 2050 440 om

2223 378 2381 441 .LIS.
2414 414 2493 427 —
2533 378 2732 443 PARS
2778 370 2855 442 ll.
3757 380 3823 446 44

451 512 636 579 tibus,
694 510 865 572 vales
920 512 1349 571 sanctissimus
1425 530 1575 572 vera
1643 530 1708 571 se
1783 512 1988 571 dicere
2078 514 2393 590 professus
2477 520 2569 575 est
2655 533 2770 574 nec
2845 516 3177 594 quisquam
3238 534 3424 577 ausus
3464 524 3555 578 est
3607 533 3824 578 comra-

449 608 655 669 dicere
688 623 703 667 :
736 607 827 668 Ὠς
874 603 1077 683 σφόδρα
1125 607 1367 682 χρώμεθ’
1413 604 1648 676 ἀναξίοις
1691 611 1805 667 τοῖς
1853 607 2214 680 προστάταις-Ι
2250 609 2491 681 Βοήσομ’
2521 608 2582 662 οὗ
2615 605 2786 683 ψευδῆ
2834 610 2952 682 μὲν,
2986 609 3093 685 οὐχ
3131 608 3327 680 ἥδιστα
3358 608 3414 666 δὲ
3580 634 3612 669 τί
3648 617 3824 686 Quam

442 704 733 784 indignos
791 706 1096 766 habemus
1154 706 1500 766 antistites!
1569 706 1840 766 Elatiore
1894 707 2149 785 quidem
2211 726 2363 767 voce
2421 708 2650 781 dicam,
2712 728 2838 769 non
2924 710 3082 770 falsa
3139 711 3418 789 quidem,
3470 712 3579 771 sed
3625 713 3823 771 auditu

441 820 567 863 non
591 802 894 882 jucunda.
933 824 963 860 ι)
1002 804 1067 866 Si
1095 822 1244 864 vera
1300 803 1434 863 haec
1493 808 1662 875 sunt,
1698 808 1769 863 ut
1824 821 1973 863 vera
2003 822 2133 863 esse
2192 810 2472 876 constat;
2509 807 2648 883 quis
2706 812 2836 866 tam
2894 807 3132 883 gravia,
3168 814 3294 867 tam
3355 815 3572 887 aperta
3627 809 3823 869 Eccle-

442 898 549 960 siae
600 898 835 979 probra
889 906 1081 980 atque
1135 900 1454 973 scandala,
1508 899 1958 978 simpliciorum
2013 900 2339 979 dispendio
2397 908 2461 962 et
2525 902 2805 981 periculo
2854 904 3233 973 animarum,
3296 906 3562 965 tacenda
3616 906 3828 965 audeat

439 997 763 1058 asserere?
821 997 1030 1069 Quid?
1086 996 1252 1076 quod
1305 996 1501 1057 multo
1548 996 1796 1075 pejores
1852 997 2060 1057 adhuc
2118 1004 2297 1058 erant
2346 998 2459 1071 illi,
2521 1000 2599 1058 de
2654 1000 2883 1077 quibus
2938 1000 3221 1079 loquitur
3263 1002 3640 1080 Gregorius?
3680 1004 3824 1062 Nam

438 1095 514 1155 de
570 1095 648 1155 iis
701 1094 1035 1173 Gregorius
1093 1094 1393 1175 pleraque
1439 1099 1624 1154 tacet.
1687 1094 2018 1168 Maximus,
2080 1094 2188 1173 qui
2247 1114 2403 1156 cane
2474 1096 2655 1175 pejor
2709 1102 2771 1157 et
2826 1115 3053 1175 angue,
3105 1117 3178 1159 ac
3246 1100 3461 1179 vipera
3530 1100 3820 1175 fabulosa,

433 1210 576 1271 quae
633 1210 699 1253 se
752 1192 1065 1254 foventem
1122 1193 1184 1252 in
1244 1193 1381 1252 sinu
1430 1191 1732 1264 enecavit,
1786 1210 2004 1252 omnes
2088 1192 2270 1252 facile
2356 1194 2722 1267 sceleribus,
2780 1194 2981 1273 iisque
3039 1196 3329 1274 publicis,
3390 1202 3451 1258 et
3505 1197 3821 1277 impuden-

428 1290 520 1350 tia
573 1289 931 1370 superabat.
989 1289 1115 1369 Ipsi
1188 1307 1313 1349 non
1371 1289 1721 1349 difﬁtentur
1802 1289 2164 1349 adversarii.
2227 1290 2405 1351 Unde
2467 1291 2683 1351 mirari
2754 1291 2943 1365 subit,
3002 1311 3114 1352 cur
3169 1295 3428 1367 Tollius,
3502 1295 3607 1372 qui
3689 1294 3824 1355 huic

430 1393 712 1449 monstro
796 1386 1109 1467 parcitum
1196 1387 1407 1460 vellet,
1477 1386 1712 1447 Juliani
1796 1388 2116 1466 Apostatw
2200 1406 2326 1447 non
2397 1389 2587 1448 etiam
2664 1395 2885 1449 contra
2960 1392 3325 1468 Gregorium
3414 1392 3819 1453 defensionem

426 1504 619 1546 ausus
675 1484 753 1545 sit
808 1485 1145 1565 suscipere.
1206 1484 1459 1558 Verum,
1524 1484 1694 1563 quod
1752 1502 1939 1544 ausus
1995 1504 2119 1544 non
2174 1491 2265 1545 est
2324 1486 2582 1561 Tollius,
2636 1487 2827 1547 audet
2874 1486 3158 1563 clericus,
3205 1490 3371 1568 quod
3436 1491 3658 1550 mirum
3708 1508 3821 1549 non

427 1587 557 1656 est;
612 1583 740 1642 imo
798 1600 830 1642 e
870 1581 1229 1655 Gatholicis,
1290 1582 1457 1659 quod
1513 1582 1870 1642 luctuosum
1948 1581 2152 1655 valde,
2214 1589 2362 1643 sunt
2435 1583 2747 1656 nonnulli,
2797 1602 3065 1662 quorum
3154 1587 3393 1647 nomini
3454 1606 3658 1667 parco,
3723 1586 3824 1666 qui

422 1684 743 1759 Apostatae
792 1679 1088 1741 adversus
1142 1679 1536 1758 Theologum
1594 1678 2094 1759 patrocinantur,
2157 1685 2346 1758 atque
2401 1681 2634 1743 Juliani
2690 1682 2908 1742 laudes
2997 1685 3341 1762 praedicare
3417 1704 3543 1746 non
3616 1702 3823 1745 veren-

427 1784 552 1841 tur.

508 1896 726 1958 Plures
775 1893 964 1956 etiam
1014 1912 1090 1954 ex
1148 1892 1515 1955 orthodoxis
1571 1892 1881 1972 episcopis
1934 1892 2100 1953 vitiis
2149 1892 2444 1970 gravibus
2510 1893 2890 1970 laborantes,
2943 1914 3210 1974 quorum
3291 1897 3619 1958 minimum
3696 1898 3821 1957 erat

429 1994 871 2074 «ignorantia,
908 2010 1048 2071 quae
1100 1991 1357 2070 quidem
1415 1992 1554 2069 ipsa
1611 1991 1844 2052 malum
1896 1996 1989 2051 est

2253 1988 2438 2064 ἄγνοια
2480 1990 2579 2064 γὰρ
2629 1988 2791 2044 κακὸν
2846 1989 2962 2063 μὲν,
2998 1988 3123 2045 ἀλλ’
3152 1994 3316 2060 ἧσσον
3344 1993 3672 2073 κακόν·ηιιί
3724 1993 3817 2052 vix

418 2094 737 2172 baptismo
787 2089 1144 2170 expurgati,
1206 2110 1233 2147 ‹‹
1277 2089 1489 2168 priora
1548 2089 1718 2163 vitia,
1773 2113 1800 2143 «
1848 2088 1924 2167 (ε)
1969 2085 2034 2139 τὰ
2066 2084 2189 2158 πρὶν
2222 2083 2378 2155 κακά,
2422 2088 2682 2148 virtutes
2731 2089 2937 2150 uullas
2994 2090 3074 2149 ad
3126 2090 3559 2170 episcopatum
3621 2091 3820 2151 affere-

412 2188 589 2249 bant.
650 2190 736 2249 De
794 2186 889 2246 his
943 2186 1030 2245 sic
1085 2184 1277 2245 habet
1334 2184 1668 2263 Gregorius
1726 2183 1811 2263 (ά)
1867 2201 1882 2243 :
1940 2207 1970 2239 «
2026 2183 2227 2242 Pudet
2276 2201 2376 2243 me
2449 2184 2705 2262 quidem
2754 2184 2959 2245 dicere
3015 2204 3142 2263 quo
3195 2192 3382 2264 pacto
3443 2205 3540 2247 res
3600 2191 3819 2247 nostra;

414 2290 797 2366 comparatae
853 2283 998 2356 sint,
1050 2283 1158 2342 sed
1215 2300 1439 2342 canam
1499 2287 1728 2341 tamen.
1773 2280 1869 2361 (e).
1917 2281 2069 2342 Cum
2148 2279 2422 2341 ordinati
2479 2282 2925 2361 constitutique
2985 2283 3178 2343 simus
3225 2283 3475 2345 virtutis
3520 2285 3817 2356 doctores,

416 2383 699 2445 omnium
761 2379 1073 2440 malorum
1122 2378 1373 2439 ofﬁcina
1430 2396 1667 2438 sumus.
1714 2378 1796 2457 (f)
1854 2378 2128 2438 Antistes
2202 2377 2368 2437 facili
2447 2384 2762 2440 momento
2840 2380 3167 2458 reperitur,
3231 2381 3341 2459 qui
3402 2382 3561 2441 nihil
3643 2387 3821 2441 antea

418 2479 804 2561 praestiterit,
864 2482 927 2537 et
974 2476 1246 2536 novitius
1310 2477 1391 2535 ad
1438 2475 1810 2552 dignitatem
1861 2476 2136 2536 accedat.
2192 2474 2274 2553 (g)
2322 2477 2440 2534 ltes
2515 2475 2741 2535 divinae
2817 2477 3004 2538 modo
3061 2483 3206 2537 sunt
3254 2478 3468 2555 jactus
3520 2480 3814 2551 alearum,

421 2578 936 2655 cuborumque...
987 2572 1077 2654 (Ιι)
1132 2572 1277 2632 Heri
1330 2573 1596 2633 oratoris
1646 2590 1902 2633 munere
1979 2573 2274 2650 fungens,
2312 2571 2413 2650 jus
2492 2573 2707 2651 fasque
2791 2575 3009 2634 venale
3090 2575 3500 2638 habebas.....
3556 2576 3624 2657 (ἢ
3667 2592 3821 2635 nunc

422 2683 634 2738 autem
690 2673 896 2734 subito
944 2671 1142 2751 judex
1196 2676 1257 2730 et
1312 2669 1531 2731 Daniel
1570 2670 1770 2730 factus
1828 2689 2018 2731 es.....
2075 2668 2157 2749 (j)
2202 2672 2289 2729 Ne
2346 2670 2785 2729 vestimentum
2844 2672 3093 2749 quidem
3156 2679 3283 2733 tam
3345 2674 3528 2735 facile
3587 2680 3823 2734 mutare

437 2773 579 2854 quis
634 2777 845 2851 queat,
882 2775 951 2830 ut
1006 2776 1073 2829 tu
1123 2786 1327 2829 mores
1384 2772 1719 2828 mutas.....
1779 2766 1858 2848 (lc)
1919 2767 2066 2827 Heri
2113 2767 2329 2827 Simon
2386 2769 2602 2845 Magus
2657 2786 2816 2840 eras,
2878 2768 3064 2829 hodie
3118 2771 3330 2831 Simon
3395 2774 3638 2831 Petrus.
3697 2772 3821 2831 Heu

438 2872 697 2936 nimiam
745 2867 1155 2930 celeritatem!
1194 2866 1362 2926 Heul
1411 2884 1525 2945 pro
1587 2865 1916 2943 vulpecula
1974 2866 2071 2926 leo
2130 2865 2414 2943 prodisti.
2462 2888 2490 2918 »
2547 2865 2594 2924 Ii
2653 2870 2798 2925 sunt
2845 2865 3121 2944 episcopi
3182 2867 3255 2925 de
3315 2869 3547 2946 quibus
3585 2869 3647 2927 in
3702 2885 3827 2928 car-

434 2974 602 3034 mine
656 2968 746 3029 De
800 2968 925 3028 vita
967 2984 1073 3026 sua
1122 2964 1336 3024 scribit
1392 2964 1458 3044 (ἰ)
1509 2980 1522 3022 :
1588 2987 1617 3017 «
1679 2966 1809 3024 Hoc
1864 2963 2296 3023 brevissimum
2348 2963 2482 3022 dari
2540 2970 2745 3041 potest
2802 2970 3209 3042 praeceptum,
3264 2971 3324 3024 et
3384 2967 3696 3045 Optimum
3753 2982 3823 3024 ne

428 3071 631 3132 salute
682 3066 934 3128 excidas
992 3063 1462 3135 documentum,
1510 3067 1578 3121 ut
1627 3080 1754 3140 qua
1803 3060 1897 3121 illi
1953 3068 2261 3140 praeeunt,
2324 3080 2401 3120 ne
2458 3061 2783 3138 sequaris:
2847 3080 3113 3139 quorum
3174 3061 3443 3123 thronus
3502 3068 3822 3124 accusator

425 3175 520 3229 est
574 3182 855 3237 morum;
889 3167 950 3223 ct
1004 3160 1268 3221 cancelli
1320 3166 1510 3237 atque
1566 3158 1969 3238 supercilium
2030 3160 2236 3238 potius
2294 3176 2481 3237 quam
2543 3159 2671 3217 vita
2729 3158 2841 3217 hos
2899 3177 2931 3216 a
2966 3159 3147 3236 plebe
3204 3167 3630 3222 secernunt.»
3672 3165 3817 3220 Hor-

422 3266 561 3325 rida
618 3282 767 3323 sane
822 3266 1145 3340 pastorum
1203 3257 1391 3335 huius
1449 3257 1750 3336 temporis
1806 3258 2057 3336 imago;
2118 3277 2274 3337 quos
2349 3274 2423 3317 ea
2481 3261 2725 3317 tantum
2787 3256 3028 3317 ratione
3079 3256 3261 3317 utiles
3317 3258 3473 3320 dicit
3534 3258 3823 3320 Ecclesiae

424 3361 783 3440 Gregorius,
818 3366 904 3432 ut,
940 3376 1064 3436 quo
1097 3376 1217 3416 non
1248 3354 1524 3417 eundum
1556 3356 1656 3430 sit,
1688 3373 1907 3416 eorum
1939 3354 2228 3434 exemplo
2264 3354 2474 3414 ﬁdeles
2506 3360 2875 3431 agnoscant.

501 3478 755 3555 Eligant
800 3474 932 3554 jam
993 3491 1157 3534 nunc
1212 3471 1570 3533 adversarii.
1634 3471 1739 3531 Vel
1822 3470 1958 3531 haec
2012 3470 2176 3531 falsa
2238 3489 2371 3530 esse
2441 3470 2729 3549 probent,
2794 3468 2894 3531 vel
2941 3469 3324 3531 contendant
3374 3490 3452 3533 ea
3514 3491 3641 3533 non
3698 3488 3825 3531 esse

420 3576 802 3656 hujusmodi,
864 3592 1005 3651 quae
1056 3571 1185 3632 acri
1231 3577 1294 3632 et
1348 3570 1599 3648 publica
1657 3570 1847 3629 etiam
1915 3569 2398 3648 reprehensione
2462 3568 2656 3646 digna
2727 3567 3100 3641 videantur;
3156 3569 3271 3642 vel,
3330 3568 3381 3629 si
3460 3589 3612 3630 vera
3699 3585 3825 3629 esse
3894 3644 3897 3649 Α

418 3677 757 3744 fateantur,
792 3670 960 3750 quod
1017 3670 1273 3749 quidem
1331 3668 1647 3728 fateantur
1702 3685 1949 3727 necesse
2005 3672 2117 3740 est,
2179 3666 2513 3727 ostendant
2570 3684 2608 3726 a
2663 3666 2911 3726 nemine
2970 3685 3270 3744 unquam,
3336 3686 3413 3726 ne
3476 3667 3734 3746 quidem
3791 3683 3826 3723 a

416 3771 794 3852 pastoribus,
828 3768 1016 3829 etiam
1047 3766 1375 3846 episcopis,
1408 3765 1498 3825 ita
1537 3764 1787 3837 debere,
1821 3769 1930 3825 aut
1975 3782 2175 3843 posse,
2218 3763 2416 3823 illazsa
2445 3762 2774 3836 charitate,
2809 3761 3110 3841 exagitari
3148 3781 3161 3821 :
3196 3764 3368 3841 quod
3424 3765 3622 3825 sacris
3666 3761 3825 3825 Scri-

414 3871 618 3950 pturis
648 3870 1039 3939 adversatur,
1071 3871 1133 3925 et
1175 3865 1466 3925 fraternae
1514 3862 1920 3924 correctionis
1974 3868 2359 3941 praeceptum
2409 3860 2653 3920 evertit.
2686 3859 2994 3921 Salutaris
3040 3859 3205 3919 enim
3259 3862 3465 3939 pudor
3525 3880 3818 3922 nonnun-

411 3986 603 4048 quam
657 3963 1077 4040 incutiendus,
1112 3968 1174 4022 et
1231 3968 1558 4040 peccantes
1617 3960 1997 4039 corripiendi
2056 3965 2223 4033 sunt,
2274 3965 2405 4019 tum
2472 3958 2745 4037 propriae
2802 3958 3107 4035 ipsorum,
3143 3967 3274 4017 tum
3315 3958 3542 4018 salutis
3602 3974 3820 4018 eorum

409 4084 623 4137 causa,
656 4083 815 4142 quos
866 4062 1200 4131 scandatis,
1239 4079 1430 4139 prava
1476 4060 1783 4131 doctrina,
1822 4059 2149 4137 pravisque
2196 4057 2504 4135 exemplis
2555 4056 2961 4134 pessundant.
3002 4056 3251 4126 «Quasi
3300 4055 3477 4127 tuba,
3514 4056 3606 4116 ait
3654 4055 3818 4117 Scri-

405 4169 595 4243 ptura
627 4159 695 4235 1°,
729 4159 940 4221 exalta
966 4176 1183 4220 vocem
1216 4164 1408 4229 tuam,
1445 4163 1507 4217 et
1537 4157 1842 4217 annuntia
1879 4157 2111 4235 pOpulo
2170 4173 2310 4216 meo
2366 4154 2603 4216 scelera
2659 4172 2899 4225 eorum,
2935 4161 2995 4212 et
3041 4153 3257 4213 domui
3304 4153 3502 4214 Jacob
3560 4157 3822 4232 peccata

403 4277 646 4320 eorum.
679 4282 710 4313 »
746 4258 889 4317 Reis
921 4275 1071 4334 ergo
1101 4256 1536 4315 annuntianda
1565 4262 1713 4314 sunt
1766 4262 2062 4331 peccata;
2094 4254 2413 4332 justaque,
2448 4252 2799 4312 necessaria
2828 4257 2889 4312 et
2918 4257 3135 4311 sancta
3182 4250 3538 4328 indignatio
3592 4258 3654 4310 et
3683 4267 3818 4309 ver—

399 4358 626 4418 borum
660 4352 1047 4429 acrimonia;
1082 4371 1197 4412 nec
1225 4352 1564 4431 injuriosus
1590 4357 1653 4411 et
1677 4352 2165 4410 contumeliosus
2197 4356 2290 4410 est
2321 4350 2668 4423 habendus,
2704 4349 2813 4427 qui
2844 4348 3015 4409 duris
3046 4356 3107 4407 et
3157 4347 3475 4426 probrosis
3528 4349 3821 4426 increpa-

398 4454 679 4516 tionibus
712 4456 1074 4532 peccatores
1104 4455 1371 4510 coercet.

475 4574 570 4630 An
619 4587 768 4629 vero
813 4564 1168 4645 Gregorius,
1215 4565 1717 4645 Chrysostomus,
1773 4570 1835 4625 et
1892 4565 2000 4625 alii
2061 4564 2292 4643 passim
2352 4563 2475 4635 viri.
2524 4563 2747 4638 sancti,
2808 4581 2933 4621 non
2994 4567 3319 4634 noverant,
3371 4580 3515 4639 quae
3575 4560 3689 4621 illa
3744 4557 3823 4618 sit

397 4666 752 4741 acerbitas,
804 4684 994 4745 quam
1072 4664 1355 4726 Christus
1440 4664 1741 4736 damnat,
1807 4682 1948 4742 quae
2021 4662 2500 4735 maledicentia;
2559 4661 2712 4739 quid
2798 4662 2875 4719 sit
2951 4660 3137 4719 alicui
3199 4659 3589 4733 detrahere,
3665 4654 3817 4735 quid

396 4764 771 4842 denigrare?
830 4766 1029 4834 Quam
1085 4762 1286 4840 iniqui
1340 4770 1701 4822 sanctorum
1762 4781 1876 4822 nos
1930 4781 2147 4821 sumus
2206 4759 2657 4820 mstimatoresl
2719 4757 2815 4818 Ab
2873 4758 2948 4817 iis
3004 4756 3333 4817 exercendi
3391 4756 3509 4815 zeli
3561 4762 3625 4815 et
3687 4772 3823 4814 cor-

394 4861 688 4923 rectionis
743 4861 913 4939 leges
968 4859 1376 4940 accipiendae,
1418 4879 1543 4922 non
1600 4878 1638 4921 a
1684 4859 1864 4921 nobis
1919 4859 2281 4933 damnandi,
2336 4857 2444 4937 qui
2497 4856 2719 4917 eodem
2770 4856 2990 4934 spiritu
3048 4874 3173 4917 non
3223 4855 3474 4933 agimur
3533 4860 3597 4915 et
3642 4854 3819 4932 igno-

464 5093 508 5130 ιο
538 5092 647 5151 Isa.
683 5109 837 5164 Lvm,
868 5094 922 5152 1.

455 5333 539 5407 (α)
566 5334 696 5392 Adv.
720 5338 911 5407 cpiam,
943 5352 997 5391 v.
1029 5334 1156 5407 557,
1177 5334 1303 5391 558.
2219 5330 2295 5407 (g)
2524 5345 2575 5384 v.

458 5400 812 5477 (b)1md.,'v.
847 5400 975 5462 331.
1140 5400 1153 5407 '

1144 5400 1153 5407 '
2216 5400 2295 5474 ('h)
2318 5400 2500 5477 _I_b_id.,
2531 5416 2585 5457 ν.
2611 5400 2744 5477 _4_1_5.

454 5473 524 5535 {ri
560 5478 725 5541 lbid.,
762 5496 810 5533 v.
847 5480 968 5546 446,
995 5478 1117 5534 448.

2218 5478 2285 5543 (ἰ)
2315 5473 2490 5546 una,
2522 5489 2573 5528 ν.
2599 5473 2722 5546 419.

453 5554 528 5615 (ίίδ
557 5549 724 5624 Ibid,
750 5567 798 5603 ν.
822 5550 934 5624 3f$l
957 5544 1015 5607 et
1038 5566 1163 5624 seq.

1132 5567 1163 5624 [,
2314 5545 2489 5624 l_bi_d_.,
2521 5561 2576 5599 v.
2608 5544 2732 5624 i2}:

452 5624 523 5689 (ι)
562 5622 805 5691 Ibid.,v.
841 5621 966 5677 393.
1120 5616 1141 5624 ‘

2219 5616 2295 5691 (ἢ)
2329 5617 2503 5684 Ibid.,
2534 5632 2590 5691 νς
2624 5616 2749 5691 439.

452 5624 523 5689 (ι)
562 5624 805 5691 Ibid.,v.
841 5624 966 5677 393.

450 5696 520 5774 υ)
557 5692 731 5769 Ibid.,
756 5709 807 5749 v.
840 5693 966 5754 394.

2242 5624 2295 5689 Ii)
2331 5624 2503 5684 lbid.,
2534 5632 2590 5673 ν.
2624 5624 2750 5671 430.

2219 5624 2283 5765 ξι)
2304 5693 2495 5745 Carm.
2526 5689 2620 5759 36,
2653 5688 2743 5760 37,
2776 5686 2866 5751 38.
