4052 6276
282 418 345 480 45
1285 413 1708 484 NLEFATIU
1757 419 2216 483 GENEltALlS.
2255 456 2331 467 --
2363 413 2564 482 PARS
2610 414 2688 482 11.
3427 388 3430 392 ’
3622 423 3696 487 46

284 573 482 615 ramus
515 555 676 634 quid
713 556 795 618 sit
832 579 860 611 «
893 556 1160 617 zelatum
1195 575 1326 618 esse
1358 577 1472 636 pro
1506 559 1768 618 Domino
1818 561 1945 618 Deo
1991 558 2375 617 exercituum
2417 558 2482 630 “,
2520 583 2548 611 υ
2585 563 2647 617 et
2695 576 2835 634 quae
2883 557 3232 618 Christiana
3282 559 3535 618 libertas
3566 580 3700 619 θοδθ

286 653 500 714 debeat
536 672 550 726 ;
588 653 985 732 ignoramus,
1020 655 1301 734 inquam,
1339 655 1484 715 licet
1513 660 1573 716 et
1605 656 1922 734 apostolos
1953 656 2242 733 virosque
2276 655 2676 734 apostolicos,
2709 655 2837 715 imo
2869 657 3114 733 Agnum
3148 655 3353 734 ipsum
3405 674 3698 716 mansue-

286 757 406 811 tum
441 751 531 812 ita
565 752 757 812 fuisse
790 752 1066 813 locutum
1113 753 1397 830 legamus
1427 758 1488 813 et
1514 754 1868 813 audiamus.

354 852 488 910 Non
551 868 706 927 ergo
767 851 1139 929 culpandus,
1201 851 1308 910 sed
1366 851 1718 912 laudandus
1778 850 2134 928 Gregorius,
2195 851 2303 928 qui
2363 850 2714 910 Christiana
2774 850 3063 911 libertate
3122 856 3321 923 utens,
3383 851 3700 930 apostolo-

281 964 415 1005 rum
477 952 540 1006 et
593 947 828 1007 Christi
883 949 1077 1026 ipsius
1139 949 1396 1027 vestigia
1451 953 1723 1022 secutus,
1791 970 1819 1006 «
1878 949 2009 1008 zelo
2066 948 2301 1007 zelatus
2359 953 2448 1006 est
2506 965 2618 1026 pro
2674 948 2942 1007 Domino
3000 951 3127 1007 Deo
3187 948 3595 1020 exercituum,
3663 970 3693 1001 »

283 1062 348 1103 ac
401 1052 768 1122 peccatores
827 1045 980 1105 dure
1034 1046 1402 1125 increpavit.
1464 1049 1596 1106 Non
1653 1071 1683 1101 «
1739 1045 2124 1124 imprudenti
2179 1046 2439 1105 nimium
2506 1047 2772 1116 fervore,
2832 1068 2861 1100 »
2927 1052 2994 1104 ut
3050 1045 3387 1105 somniavit
3431 1045 3693 1118 'l‘ollius,

287 1165 312 1196 α
374 1160 800 1203 successorem
862 1143 977 1203 sibi
1035 1143 1302 1220 petivit;
1338 1168 1368 1200 »
1405 1145 1513 1204 sed
1567 1144 1810 1204 ardenti
1868 1161 1940 1204 ac
1998 1143 2241 1204 sincero
2298 1143 2445 1202 vitae
2505 1142 2767 1220 privatae
2826 1147 2887 1202 et
2951 1142 3306 1204 solitudinis
3360 1143 3692 1204 desiderio.

282 1241 412 1298 Non
463 1258 609 1299 eum
648 1265 678 1294 «
737 1241 968 1313 statim,
1032 1266 1062 1295 »
1124 1260 1238 1301 nec
1295 1261 1572 1320 unquam
1631 1242 1948 1320 paenituit,
2010 1241 2178 1318 quod
2224 1240 2433 1300 sedem
2492 1239 3252 1318 Constantinopolitanam
3316 1240 3690 1301 abdicasset.

280 1336 478 1396 Nullae
531 1337 680 1397 inde
745 1362 775 1393 «
835 1339 1128 1415 querelae,
1169 1364 1196 1394 π
1256 1339 1446 1399 nulla:
1507 1364 1534 1393 «
1597 1340 1976 1418 lacrymaa,»
2041 1339 2197 1398 nulli
2237 1361 2265 1396 α
2324 1338 2554 1409 threni,
2615 1339 2676 1397 in
2739 1338 2968 1415 quibus
3025 1338 3394 1415 patientiam
3450 1345 3509 1398 et
3568 1338 3696 1397 ani-

282 1434 361 1492 mi
421 1435 619 1494 robur
676 1453 748 1494 ac
807 1435 1298 1495 moderationem
1359 1436 1421 1495 in
1466 1442 1593 1496 tam
1655 1436 1852 1514 probo
1911 1436 2046 1495 viro
2104 1436 2502 1495 desideres.»
2558 1435 2618 1494 ld
2681 1453 2868 1494 omne
2924 1436 2987 1493 in
3041 1435 3171 1494 viro
3231 1441 3448 1495 sancto
3499 1434 3691 1494 mira-

282 1549 420 1589 mur
479 1549 491 1589 :
561 1535 899 1609 aequiorem
962 1537 1205 1592 tantum
1268 1534 1330 1593 in
1375 1533 1578 1594 Tollio
1635 1552 1841 1592 rerum
1894 1534 2336 1593 aestimatorem
2384 1533 2832 1592 desideramus.
2885 1532 3140 1592 Fabulae
3185 1539 3246 1593 et
3285 1533 3530 1592 somnia
3560 1532 3698 1592 haec

279 1632 421 1686 sunt
457 1628 715 1706 :olonge
779 1629 919 1688 alim
976 1635 1119 1688 sunt
1179 1631 1570 1708 querelarum
1623 1630 1902 1708 Gregorii
1961 1635 2022 1689 et
2080 1631 2501 1709 lacrymarum
2549 1648 2774 1689 causa.
2833 1629 3120 1700 Dolebat,
3181 1629 3230 1689 si
3287 1626 3535 1700 doluit,
3598 1629 3699 1688 de-

277 1725 529 1784 relictas
588 1744 754 1798 oves,
818 1746 973 1804 quas
1027 1727 1207 1787 unice
1265 1727 1586 1804 diligebat,
1621 1727 1748 1785 imo
1806 1746 1965 1804 quos
2022 1728 2084 1786 in
2144 1726 2392 1786 Christo
2449 1733 2754 1803 genuerat
2808 1725 3022 1796 ﬁlios;
3085 1726 3200 1786 hos
3257 1726 3463 1786 alieno
3501 1772 3515 1798 ,
3587 1727 3698 1804 qui

277 1840 392 1881 nec
453 1840 672 1881 amore
744 1830 986 1902 patrem
1061 1825 1232 1895 satis,
1295 1842 1409 1884 nec
1465 1824 1882 1883 sollicitudine
1941 1832 2253 1902 pastorem
2330 1825 2587 1883 referret
2647 1823 2908 1882 traditos
2974 1822 3266 1894 dolebat,
3331 1823 3536 1894 fame,
3596 1823 3701 1882 siti

278 1926 554 1991 arentes,
619 1920 968 1998 haeresique
1027 1939 1223 2000 prope
1279 1921 1630 1980 dominanti
1693 1921 2060 1998 expositos.
2123 1921 2189 1980 Id
2242 1921 2520 1999 quidem,
2583 1927 2644 1980 et
2712 1920 2935 1979 merito
3007 1919 3263 1980 dolebat
3339 1919 3692 1997 Gregorius.

279 2017 440 2076 Hinc
494 2017 622 2076 illa
683 2018 972 2096 lacryma
1036 2020 1251 2078 fuere:
1306 2038 1427 2079 non
1490 2019 1790 2091 aliunde;
1827 2039 1976 2091 non,
2035 2019 2102 2078 ul
2156 2019 2320 2078 male
2377 2037 2566 2077 sanus
2621 2017 2802 2095 fingit
2859 2017 3097 2076 Tollius
3141 2017 3227 2095 (p.
3287 2019 3365 2076 84
3417 2018 3481 2077 in
3539 2017 3699 2096 not.)

282 2114 454 2191 quod
522 2138 554 2168 ‹‹
617 2117 957 2191 capistrum
1019 2117 1111 2175 ori
1182 2135 1294 2175 suo
1352 2117 1714 2194 impositum
1753 2162 1767 2188 ,
1830 2122 2336 2194 praereptamque
2394 2115 2658 2174 docendi
2717 2114 2966 2193 publice
3013 2115 3400 2186 facultatem,
3461 2135 3489 2170 υ
3553 2133 3699 2192 gra-

282 2212 539 2270 vissime
601 2214 811 2272 ferret.
871 2215 1031 2272 Nihil
1084 2233 1118 2272 a
1166 2216 1426 2274 veritate
1485 2215 1682 2290 magis
1741 2214 2012 2273 alienum
2065 2214 2214 2290 fingi
2272 2220 2527 2291 potest;
2589 2213 2640 2272 si
2699 2213 2951 2289 quidem
3011 2213 3168 2271 adeo
3227 2213 3455 2271 silentii
3513 2220 3702 2272 tenax

283 2315 420 2367 erat
481 2310 842 2386 Gregorius,
900 2316 967 2369 ut
1015 2311 1134 2370 boc
1190 2311 1327 2388 ipso
1378 2312 1564 2370 etiam
1617 2317 1922 2390 tempore,
1977 2329 2053 2370 ne
2106 2311 2366 2369 verbum
2427 2310 2681 2387 quidem
2738 2327 2849 2386 per
2896 2315 3092 2368 totam
3145 2309 3701 2386 Quadragesimam

277 2407 359 2464 sit
416 2406 840 2484 prolocutus;
889 2414 948 2467 et
1005 2408 1084 2467 ad
1143 2409 1528 2486 loquendum
1590 2409 1745 2468 alias
1800 2409 1887 2467 sic
1944 2407 2184 2477 tardus,
2253 2414 2320 2467 ut
2373 2409 2450 2467 ad
2511 2407 2573 2466 id
2632 2406 2736 2466 vix
2792 2424 2866 2466 ac
2921 2425 2999 2466 ne
3054 2407 3158 2466 vix
3216 2407 3468 2484 quidem
3529 2425 3703 2467 com-

280 2504 434 2580 pelli
497 2513 730 2580 posset.

360 2601 631 2660 Dolebat
686 2601 874 2660 etiam
937 2608 1142 2663 tamen
1201 2603 1604 2663 suavissimos
1682 2603 1800 2662 sibi
1859 2609 2205 2682 praereptos
2264 2603 2602 2662 familiares
2674 2608 2737 2662 et
2806 2602 3043 2661 amicos
3102 2619 3118 2674 ;
3178 2620 3304 2660 non
3374 2607 3585 2661 autem
3641 2619 3708 2662 se

275 2698 474 2758 verbo
537 2722 568 2753 «
628 2706 905 2776 captum,
973 2724 1000 2753 ι»
1062 2708 1126 2760 et
1181 2701 1643 2761 abdicationem
1725 2701 2102 2780 proponenti
2160 2701 2342 2760 citius
2411 2718 2603 2778 quam
2674 2700 2864 2760 vellet
2941 2700 3270 2778 episcopos
3346 2698 3706 2772 assensisse,

279 2796 625 2873 sedemque
682 2797 1442 2876 Constantinopolitanam
1519 2799 1885 2870 deseruisse,
1962 2816 2152 2876 quam
2233 2798 2516 2875 gaudens
2586 2797 2840 2874 reliquit
2899 2815 2913 2868 ;
2977 2803 3045 2855 ut
3124 2802 3496 2874 argumento
3562 2801 3709 2856 sunt

283 2894 577 2969 plurimae
639 2901 778 2971 post
827 2895 1094 2954 reditum
1155 2895 1402 2971 scriptas
1462 2914 1498 2954 a
1553 2897 1852 2972 Gregorio
1902 2896 2207 2972 epistolae,
2245 2895 2513 2954 maxime
2572 2912 2720 2953 vero
2781 2911 2918 2954 xcrv
2949 2893 3025 2952 ad
3085 2893 3490 2953 Amasonium
3531 2893 3702 2953 data.

287 2991 354 3049 Si
401 2991 480 3049 iis
539 2991 616 3049 de
672 2992 860 3050 rebus
916 2992 1148 3061 dolere,
1216 3005 1478 3050 maerere
1537 2998 1598 3051 et
1652 2993 1969 3069 indignari
2026 2993 2257 3051 crimen
2320 2999 2430 3059 est,
2495 2991 2777 3068 Gregorii
2833 2991 3068 3050 crimen
3125 3008 3279 3058 esse,
3340 3009 3451 3050 nec
3510 2990 3589 3049 ab
3628 3008 3704 3049 eo

287 3089 474 3147 facile
535 3088 788 3148 liberari
851 3108 1030 3167 posse
1079 3090 1368 3150 lubenter
1425 3093 1741 3150 fatemur.
1803 3092 2043 3150 Caetera
2100 3108 2247 3151 vero
2307 3090 2462 3150 nihil
2540 3089 2842 3165 dolebat,
2902 3107 3016 3149 nec
3071 3089 3432 3149 relictarum
3490 3105 3700 3149 rerum

287 3185 419 3244 ullo
479 3186 816 3246 tenebatur
845 3187 1174 3246 desiderio.

362 3286 718 3344 Tantorum
778 3284 990 3362 itaque
1047 3286 1363 3359 Ecclesiae,
1421 3304 1610 3364 quam
1670 3289 1834 3346 Deus
1891 3309 1922 3342 «
1979 3286 2310 3364 acquisivit
2366 3285 2672 3362 sanguine
2726 3303 2838 3345 suo
2901 3285 2970 3352 η,
3023 3306 3051 3342 )›
3119 3284 3425 3344 malorum
3485 3283 3702 3345 dolore

289 3381 653 3458 Gregorius,
713 3401 839 3440 non
897 3401 1074 3442 secus
1125 3401 1198 3442 ac
1259 3383 1518 3442 Athenis
1579 3385 1912 3461 Apostolus
1968 3385 2283 3456 incitatus,
2345 3384 2444 3461 pie
2495 3384 2610 3442 sibi
2671 3390 3021 3460 temperare
3077 3400 3202 3443 non
3260 3388 3529 3460 poterat,
3589 3401 3700 3442 ne-

289 3498 411 3555 que
470 3482 661 3538 etiam
724 3481 963 3552 debuit,
1027 3487 1092 3540 ut
1150 3483 1449 3540 teretibus
1508 3499 1580 3540 ac
1638 3481 1870 3540 teneris
1927 3482 2183 3541 auribus
2230 3482 2603 3550 consuleret,
2659 3481 2936 3540 veritatis
2985 3497 3058 3540 ac
3106 3478 3424 3558 religionis
3449 3480 3701 3558 dispen-

289 3576 394 3635 dio
449 3621 464 3647 ,
527 3595 880 3636 sermonem
943 3579 1276 3638 emollire.
1339 3579 1586 3637 Habent
1652 3578 1816 3637 enim
1904 3579 2219 3637 molliores
2302 3579 2427 3637 illae
2512 3577 2895 3638 elocutiones
2978 3579 3186 3637 nescio
3271 3577 3422 3654 quid
3495 3576 3707 3654 frigidi

289 3674 690 3753 ﬂaccidique,
765 3694 892 3752 quo
949 3676 1197 3736 veritati
1246 3694 1494 3753 semper
1551 3676 1833 3734 nonnihil
1893 3677 2075 3754 perit.
2137 3678 2389 3736 Movent
2444 3677 2724 3754 profecto
2783 3675 2966 3735 aliter
3018 3675 3272 3753 prOpria
3330 3693 3537 3734 rerum
3591 3693 3709 3735 no-

292 3773 487 3842 mina,
543 3774 942 3851 propriisque
998 3775 1207 3833 inusta
1264 3775 1428 3834 notis
1500 3773 1763 3832 crimina
1824 3790 1838 3831 :
1899 3792 2012 3833 nec
2080 3775 2247 3844 satis,
2308 3775 2359 3832 si
2418 3775 2688 3833 molliter
2743 3774 3150 3840 innocentia,
3211 3772 3479 3848 religio,
3554 3772 3710 3832 fides

292 3869 902 3947 defenditur;pene
958 3871 1282 3942 deseritur,
1343 3871 1395 3929 si
1452 3889 1577 3929 non
1638 3871 1826 3928 etiam
1889 3870 2198 3947 proditur.
2259 3870 2423 3929 Nihil
2486 3870 2611 3930 veri
2672 3871 2933 3929 nimium
2993 3870 3188 3928 videri
3242 3869 3428 3928 debet
3484 3869 3710 3928 adver-

292 3985 399 4024 sus
457 3967 838 4027 innorentiae
895 3975 955 4028 et
1015 3969 1294 4028 veritatis
1341 3969 1547 4027 hostes
1581 3985 1593 4025 :
1630 3968 2002 4026 traducendi
2054 3968 2263 4045 palam
2320 3967 2364 4026 ii
2419 3973 2586 4040 sunt,
2621 3974 2682 4027 et
2737 3967 2966 4027 nativis
3023 3967 3319 4043 pingendi
3369 3965 3710 4039 coloribus,

294 4068 360 4121 ut
422 4071 879 4140 agnoscantur,
940 4066 1264 4142 agnitique
1323 4065 1598 4123 vitentur
1656 4082 1728 4123 ac
1785 4064 2125 4141 fugiantur.
2187 4065 2316 4122 Hac
2374 4064 2616 4123 ratione
2676 4065 3065 4142 simplicibus
3123 4063 3490 4130 consulitur,
3535 4080 3715 4121 men-

291 4163 544 4220 dacium
606 4163 967 4232 revincitur,
1025 4181 1198 4221 error
1258 4162 1604 4240 repellitur,
1665 4161 1858 4221 vincit
1913 4168 1977 4220 et
2035 4161 2384 4238 triumphat
2434 4161 2690 4220 veritas.
2747 4163 2881 4220 Non
2935 4159 3066 4238 jam
3123 4159 3540 4218 immoramur
3595 4161 3709 4218 fal-

293 4259 374 4317 sis
433 4258 983 4318 criminationibus
1045 4259 1488 4337 propulsandis
1545 4278 1684 4336 quae
1741 4258 1804 4318 in
1864 4261 2230 4336 Gregorium
2291 4259 2600 4334 congessit
2658 4261 2728 4317 D.
2789 4260 3051 4335 Dupin.,
3117 4275 3257 4316 cum
3314 4263 3377 4316 et
3432 4256 3583 4316 satis
3637 4274 3714 4316 ex

293 4357 483 4415 modo
544 4355 727 4414 dictis
788 4356 1176 4428 refellantur,
1239 4363 1300 4416 et
1358 4356 1640 4432 Dupinus
1694 4357 1827 4434 ipse
1882 4357 1945 4416 iu
2003 4373 2116 4414 sua
2175 4355 2255 4414 ad
2316 4358 2440 4416 DD.
2505 4354 3049 4434 archiepiscopum
3127 4355 3536 4415 Parisiensem
3604 4354 3716 4414 de-

293 4452 665 4526 claratione,
699 4459 770 4512 ut
799 4459 1035 4513 temere
1066 4454 1366 4514 confictas
1396 4454 1790 4514 damnaverit
1819 4459 1880 4514 et
1910 4453 2318 4514 revocaverit.

555 4623 590 4701 §
635 4624 708 4683 II.
760 4641 1070 4686 psarsrux
1112 4605 1394 4687 esseom
1439 4641 1782 4688 VIRGINITAS
1826 4642 2054 4686 com-ax
2100 4641 2155 4684 BI

1842 4642 2054 4686 IONTRA
2100 4640 2485 4686 BEVEBEGIUH
2532 4641 2606 4685 ΒΤ
2647 4640 3048 4685 ΠυΒΔΤΟῙὶιυΜ
3091 4639 3442 4685 ASSEBITUR.

384 4786 412 4820 (ι
470 4765 621 4824 Post
676 4766 999 4826 Nicaenum
1080 4767 1461 4840 concilium,
1525 4767 1728 4846 inquit
1775 4767 2151 4846 Beveregius
2207 4766 2288 4846 (α)
2325 4813 2338 4838 ,
2401 4765 2820 4845 Spiridionem
2853 4811 2866 4834 ,
2928 4766 3294 4843 Gregorium
3370 4767 3717 4842 Nyssenum

300 4867 364 4919 ut
424 4861 915 4936 Nazianzenum,
977 4869 1103 4922 tam
1160 4869 1401 4942 patrem
1466 4883 1649 4943 quam
1711 4865 1911 4924 filium
1968 4864 2358 4942 Theologum
2415 4863 2814 4922 matrimonio
2874 4864 3201 4940 copulatos
3261 4862 3469 4931 fuisse,
3531 4878 3718 4921 nemo

299 4959 358 5015 in
420 4958 800 5036 antiquitate
860 4966 1145 5021 versatus
1197 4961 1411 5021 nescit.
1478 4985 1508 5015 »
1563 4963 1708 5021 Haec
1764 4961 2150 5021 confidenter
2197 4961 2469 5020 scribere
2524 4978 2712 5018 ausus
2770 4965 2862 5019 est
2918 4959 3310 5037 Beveregius,
3381 4957 3557 5016 nulla
3618 4974 3717 5016 ra-

300 5056 487 5127 tione,
555 5057 859 5136 nullaque
916 5058 1102 5118 nixus
1159 5059 1572 5120 auctoritate.
1633 5062 1789 5120 Tam
1848 5060 2196 5119 inauditam
2255 5063 2316 5118 et
2372 5059 2659 5117 insanam
2718 5059 3080 5136 opinionem
3135 5056 3502 5116 dormitanti
3561 5054 3715 5114 scri-

295 5154 457 5230 ptori
517 5155 821 5214 excidisse
877 5156 1110 5217 dixerit
1168 5157 1450 5235 quisquis
1507 5157 1568 5217 in
1629 5158 1761 5217 sola
1819 5157 2095 5235 theologi
2152 5156 2419 5216 lectione
2475 5160 2757 5215 versatus
2815 5155 3003 5216 fuerit
3064 5173 3077 5227 ;
3137 5154 3237 5213 vel
3293 5153 3503 5233 potius
3561 5151 3624 5210 id
3678 5170 3714 5212 a

292 5251 632 5330 Beveregio
688 5256 995 5334 scriptum
1051 5255 1114 5316 in
1170 5256 1438 5334 gratiam
1494 5256 1932 5335 episcoporum
1991 5273 2119 5316 suae
2177 5254 2404 5333 gentis,
2464 5271 2580 5333 pro
2653 5271 2768 5314 sua
2839 5253 2904 5314 in
2981 5253 3454 5314 matrimonium
3514 5250 3710 5310 devo—

297 5347 484 5409 tione.

379 5451 527 5512 Tale
551 5459 987 5516 commentum
1047 5459 1267 5516 notare
1323 5459 1422 5517 sat
1475 5473 1632 5533 esse,
1692 5475 1806 5519 nec
1864 5455 2059 5518 ullam
2119 5454 2265 5516 huic
2324 5452 2672 5517 refellendo
2727 5469 2986 5532 operam
3050 5447 3556 5532 impendendam
3590 5444 3729 5515 arbi

386 5605 427 5641 “
461 5606 538 5667 Ill
572 5608 725 5686 Reg.
759 5627 890 5677 xrx,
924 5611 1020 5670 10.
1060 5611 1106 5645 ¹²
1132 5613 1266 5670 Act.
1303 5628 1406 5687 xx,
1436 5611 1536 5674 28.

378 5728 456 5808 (α)
489 5729 554 5792 In
586 5731 740 5791 notis
763 5734 836 5792 ad
870 5750 1155 5792 canonem
1187 5750 1220 5792 ν
1247 5739 1434 5810 apost.
