4052 6276
342 410 419 466 47
1329 412 1745 472 ΡΗΛΞΙἊΊΊΟ
1796 414 1942 471 (ERN

2150 413 2260 472 ΛΞ.
2297 449 2373 457 -
2410 415 2607 474 PARS
2652 406 2727 473 II.
3674 410 3750 478 48

327 550 547 615 trarer,
611 543 729 601 nisi
789 542 1021 601 malum
1101 562 1348 622 serpere
1416 544 1665 622 longius
1700 589 1713 616 ,
1766 550 1828 604 et
1885 544 2086 603 virum
2147 544 2614 620 clarissimum,
2675 564 2707 606 e
2766 545 3103 607 Gatholicis
3156 565 3352 607 unum
3388 591 3404 623 ,
3465 548 3749 609 Murato-

325 638 489 699 rium
543 636 646 719 (a),
710 639 817 717 qui
874 640 1225 699 mirabatur
1283 640 1432 700 olim
1491 641 1934 701 conﬁdentiam
1994 642 2335 722 Bevcregii,
2374 648 2601 721 praeter
2632 662 2818 722 quem
2855 666 2883 698 α
2946 643 3156 703 nullus
3217 642 3426 705 adhuc
3464 644 3750 706 afﬁrma-

324 734 413 796 vit
468 736 925 796 Nazianzenum
985 737 1182 796 ﬁlium
1241 756 1521 815 unquam
1601 756 1732 797 sese
1810 738 2213 799 matrimonio
2289 740 2744 816 obstrinxisse,
2801 764 2832 795 »
2896 740 3094 819 ipsius
3171 747 3391 820 postea
3465 760 3747 803 errorem

325 833 686 912 amplexum
745 834 934 894 fuisse
989 852 1330 895 cernerem.
1392 839 1526 894 Non
1586 842 1796 895 tamen
1855 835 2141 897 absolute
2200 837 2530 916 amplexus
2584 844 2699 909 est,
2753 837 2858 897 sed
2920 837 3271 917 suspicatus
3335 861 3365 897 α
3419 839 3745 918 Beveregii

323 931 699 992 sententiam
758 950 901 991 cum
952 932 1215 992 veritate
1273 933 1709 994 consentire.»
1746 933 1861 1003 Qui
1919 934 2104 993 etiam
2166 934 2243 994 de
2272 934 2621 996 Theosebia
2677 936 2809 995 haec
2868 935 2956 995 ait
3016 952 3028 994 :
3098 957 3126 993 «
3180 939 3304 996 Aut
3348 936 3739 999 Nazianzeno

322 1030 558 1108 nupsit,
608 1054 638 1085 »
703 1030 874 1109 quod
936 1054 965 1085 ‹‹
1023 1030 1409 1089 simillimum
1470 1050 1616 1090 vero
1668 1030 1961 1091 arbitror.
2025 1055 2055 1087 »
2119 1034 2336 1110 Itaque
2393 1039 2819 1094 commentum
2869 1034 3190 1111 Beveregii
3241 1039 3303 1094 et
3358 1052 3568 1113 pravae
3599 1036 3738 1098 Mu-

318 1128 535 1188 ratorii
591 1128 961 1207 suspicionis
993 1129 1405 1188 fundamenta
1436 1128 1621 1187 simul
1654 1129 2071 1189 convellenda
2102 1137 2272 1189 sunt.

395 1226 476 1285 Ut
526 1242 563 1284 a
621 1224 965 1284 Muratorio
1024 1223 1419 1302 incipiamus,
1503 1226 1717 1296 verba,
1778 1244 1918 1303 quae
1981 1226 2112 1285 viro
2172 1227 2356 1286 docto
2435 1227 2645 1286 fucum
2706 1226 3036 1299 fecerunt,
3093 1227 3227 1287 haec
3280 1235 3425 1288 sunt
3480 1228 3545 1288 in
3603 1228 3741 1307 epi-

311 1327 663 1400 grammate
692 1322 1077 1394 Theosebiae,
1140 1322 1308 1399 quod
1368 1322 1501 1399 ipse
1558 1322 1841 1399 vulgavit
1899 1340 1911 1380 :

2134 1319 2282 1395 ορίου
2319 1320 2559 1397 μεγάλου
2590 1321 2786 1396 σύζυγε
2811 1320 3101 1405 ὀιτρεδαῆἐωςο
3171 1347 3200 1383 ιι
3258 1326 3541 1403 Gregorii
3599 1325 3734 1387 Ma-

313 1419 420 1497 gni
475 1437 621 1479 vere
678 1419 935 1497 conjux.
995 1443 1024 1474 »
1088 1422 1178 1479 Ex
1238 1419 1333 1479 his
1390 1420 1666 1498 plurima
1722 1420 1963 1498 colligit
2022 1420 2398 1481 Muratorius
2458 1441 2472 1481 :
2534 1422 2761 1500 primo,
2823 1422 3102 1500 Gregorii
3153 1422 3419 1500 Nysseni
3472 1441 3737 1483 uxorem

312 1535 437 1577 non
492 1517 681 1576 fuisse
738 1517 1151 1577 Theosebiam
1217 1535 1230 1589 ;
1292 1518 1355 1577 id
1414 1519 1666 1596 quidem
1729 1520 1968 1596 optime
2017 1519 2240 1577 deinde
2278 1536 2291 1590 ;
2329 1521 2719 1597 Gregorium,
2783 1521 2891 1598 qui
2948 1543 2975 1575 «
3029 1521 3297 1599 Magnus
3330 1544 3358 1575 »
3400 1520 3487 1580 ibi
3519 1520 3742 1600 appel-

309 1612 497 1687 latur,
557 1614 952 1692 Theologum
1011 1633 1165 1688 esse,
1230 1615 1409 1693 cujus
1467 1634 1648 1687 uxor,
1710 1633 1907 1694 eaque
1967 1634 2293 1694 germana,
2348 1617 2699 1677 Theosebia
2757 1616 2942 1677 fuerit
3004 1635 3016 1689 ;
3082 1617 3146 1676 id
3205 1634 3352 1677 vero
3410 1618 3731 1695 pessime:

309 1711 580 1791 denique
637 1712 783 1771 hinc
855 1712 1248 1792 epigramma
1302 1712 1609 1790 'l‘heologi
1669 1732 1801 1773 esse
1859 1732 1985 1773 non
2044 1732 2248 1790 posse.
2311 1715 2459 1784 Quae
2517 1714 2769 1792 quidem
2841 1718 2908 1774 ut
2966 1714 3213 1792 penitus
3270 1714 3730 1787 convellamus,

310 1809 514 1889 primo
572 1809 972 1869 statuendum
1009 1856 1022 1883 ,
1086 1811 1255 1888 quod
1322 1817 1510 1889 caput
1567 1816 1708 1881 est,
1768 1811 2001 1870 nullius
2059 1830 2339 1889 unquam
2415 1812 2693 1889 conjugii
2761 1811 3026 1871 vinculis
3072 1812 3465 1890 Theologum
3522 1812 3726 1872 irreti-

309 1912 467 1980 tum,
529 1908 761 1967 nedum
816 1907 1180 1969 Theosebiae
1237 1909 1652 1986 ecputatum;
1708 1912 1772 1967 2°
1831 1908 2055 1967 deinde
2116 1909 2270 1967 nihil
2330 1909 2489 1968 adeo
2548 1909 2876 1987 impedire,
2937 1908 3276 1986 quominus
3335 1909 3731 1989 epigramma

309 2003 624 2064 tribuatur
681 2004 980 2081 Gregorio
1040 2004 1451 2077 Nazianzeno,
1494 2012 1556 2065 3°
1616 2023 1821 2083 neque
1877 2023 1951 2064 ex
2022 2004 2368 2083 epitaphio,
2432 2023 2637 2083 neque
2695 2022 2771 2064 ex
2829 2004 3097 2083 epistola
3154 2005 3311 2065 alias
3380 2022 3495 2066 xcv
3551 2006 3733 2084 sequi

307 2103 585 2180 Nysscno
644 2102 1056 2163 Theosebiam
1116 2102 1441 2180 nupsisse.
1506 2103 1606 2162 Sic
1688 2102 2057 2180 Gregorium
2119 2108 2455 2180 utrumque
2514 2121 2551 2163 a
2607 2102 2904 2181 conjugio
2974 2102 3265 2177 liberum,
3320 2109 3381 2163 et
3438 2103 3724 2164 caelibem

304 2201 499 2259 vitam
534 2198 785 2259 duxisse
813 2198 1148 2259 constabit.

385 2297 764 2358 Muratorius
837 2299 999 2356 inter
1077 2298 1468 2375 Theologum
1549 2303 1609 2357 et
1684 2298 2101 2359 'l‘hcosebiam
2179 2298 2649 2359 matrimonium
2732 2299 2921 2358 fuisse
2995 2298 3373 2377 suspicatus,
3456 2297 3731 2360 Theose—

307 2396 476 2456 biam
541 2419 571 2451 «
630 2412 771 2455 cum
831 2394 962 2454 viro
1022 2395 1409 2456 Nazianzeno
1468 2397 1818 2456 castitatem
1896 2397 2125 2475 potius,
2207 2415 2398 2476 quam
2475 2396 2643 2456 thori
2718 2396 3222 2475 conjunctionem
3304 2414 3553 2459 servare
3613 2416 3725 2458 vo-

310 2493 558 2555 luisse»
605 2491 1025 2569 conjiciebat:
1067 2512 1208 2552 mox
1265 2494 1430 2552 idem
1496 2518 1524 2549 ‹‹
1580 2495 1743 2554 inter
1798 2500 2135 2572 utrumque
2193 2494 2396 2555 carnis
2454 2494 2961 2555 communionem
3017 2517 3047 2549 »
3112 2494 3415 2570 admittit,
3474 2495 3583 2556 sed
3640 2495 3723 2555 ad

312 2592 501 2652 breve
557 2594 829 2667 tempus,
888 2595 950 2648 et
1008 2589 1349 2650 arbitratur
1402 2614 1431 2645 «
1489 2591 1724 2651 recenti
1779 2590 1924 2649 huic
1980 2590 2261 2668 opinioni
2318 2590 2651 2668 suﬂ‘ragari
2704 2609 2883 2668 posse
2966 2609 3215 2650 versum
3272 2590 3451 2650 illum
3507 2590 3717 2652 Theo-

315 2686 464 2765 logi,
527 2687 615 2746 ita
670 2686 997 2746 scribentis
1053 2687 1117 2745 in
1191 2687 1467 2746 carmine
1538 2694 1599 2749 iv
1656 2688 1732 2747 de
1791 2688 1915 2747 ani:

2112 2706 2202 2747 uae
2261 2685 2985 2761 calamitatibuszAi’ito‘zp
3043 2681 3227 2740 ἔπειτα
3283 2686 3485 2762 γάμοιο
3549 2684 3712 2762 βαρὺν

320 2784 473 2860 ζυγὸν
504 2778 656 2843 ἕκτος
689 2778 875 2851 ἔθηκα.
937 2784 1170 2843 Deinde
1227 2803 1376 2845 vero
1459 2803 1648 2862 grave
1695 2784 1920 2863 jugum

2118 2785 2375 2844 .rimonii
2451 2804 2489 2845 a
2562 2803 2660 2844 me
2716 2785 2987 2863 seposui.
3049 2809 3076 2841 a
3140 2784 3560 2846 Nihilominus
3629 2791 3718 2846 ta-

316 2902 458 2945 men
515 2883 665 2949 haec,
706 2880 795 2942 ita
851 2900 915 2942 se
972 2879 1201 2943 habere
1255 2901 1530 2942 asserere
1590 2902 1732 2941 non.
1766 2901 1955 2942 ausus
2012 2888 2105 2942 est
2159 2883 2557 2943 Muratorius.
2632 2885 2931 2942 Amamus
2987 2883 3191 2943 virum
3249 2883 3504 2943 doctum
3538 2882 3709 2962 quod

312 3001 444 3063 pra:
474 2979 852 3041 verecundia
880 2998 1009 3039 rem
1040 2985 1169 3039 tam
1203 2980 1547 3039 inauditam
1584 2999 1696 3058 pro
1729 2987 1895 3041 certe
1926 2998 2050 3039 non
2083 2980 2379 3047 afﬁrmat.

389 3083 514 3141 Nos
569 3096 715 3139 vero
774 3096 958 3138 omne
1018 3097 1269 3155 prorsus
1328 3079 1797 3139 matrimonium
1856 3098 1892 3138 a
1943 3079 2237 3156 Gregorio
2294 3078 2761 3156 propulsamus.
2826 3078 2962 3154 Ipse
3020 3076 3399 3137 Muratorius
3466 3076 3550 3156 (b)
3609 3096 3713 3137 ar-

306 3183 608 3256 gumenta
664 3175 1132 3254 suppeditabit:
1204 3197 1232 3232 ‹‹
1290 3177 1412 3236 Cur
1486 3177 1650 3235 enim
1730 3176 2083 3254 Gregorius,
2142 3177 2364 3254 inquit,
2403 3176 2510 3253 qui
2546 3182 2676 3235 tam
2708 3193 2873 3252 stepe
2905 3192 2977 3232 ac
3013 3180 3102 3233 tot
3160 3174 3384 3246 verbis,
3450 3175 3548 3234 vel
3612 3174 3719 3233 mi-

304 3282 460 3336 nuta
508 3274 652 3334 vitae
710 3292 838 3333 suae
896 3274 1285 3333 monimenta
1341 3274 1624 3334 versibus
1682 3273 1928 3346 clausit,
1988 3273 2109 3332 hoc
2173 3291 2366 3331 unum
2417 3290 2542 3333 non
2602 3272 2752 3332 levis
2812 3271 3114 3331 momenti
3174 3270 3575 3349 praeterisset,
3612 3277 3723 3330 aut

306 3382 431 3433 tam
483 3371 741 3450 jejunus
788 3371 1386 3430 commemorasset?
1448 3396 1474 3425 »
1536 3375 1747 3449 Neque
1805 3389 1951 3431 vero
2013 3371 2077 3429 id
2125 3376 2373 3430 tantum
2431 3370 2701 3445 silentio,
2762 3374 2823 3429 et
2879 3376 3276 3447 argumento,
3339 3374 3408 3427 ut
3465 3376 3718 3439 vocant,

306 3476 623 3549 negante;
680 3485 1045 3547 quanquam
1104 3470 1165 3529 id
1224 3488 1419 3547 genus
1477 3469 1834 3547 argumenti
1891 3469 2101 3528 valere
2151 3469 2357 3542 debet,
2418 3468 2527 3529 ubi
2583 3468 2733 3547 quid
2792 3467 3005 3541 habet,
3067 3467 3237 3546 quod
3296 3467 3447 3525 facti
3504 3468 3627 3525 vim
3661 3471 3724 3527 et

304 3568 512 3628 locum
572 3566 887 3626 obtineat:
951 3567 1050 3625 hic
1108 3573 1318 3626 autem
1375 3567 1585 3639 habet,
1650 3568 1699 3625 si
1750 3584 2025 3643 unquam
2088 3566 2354 3635 habuit;
2416 3584 2556 3626 cum
2616 3565 2723 3643 qui
2780 3583 2987 3625 rerum
3042 3584 3296 3624 suarum
3359 3563 3711 3636 historiam,

308 3683 433 3724 non
489 3682 636 3735 uno,
698 3664 804 3723 sed
866 3664 1192 3741 multiplici
1240 3672 1552 3743 poemate,
1621 3683 1744 3723 non
1801 3664 2024 3733 obiter,
2091 3662 2197 3722 sed
2248 3662 2459 3723 dedita
2506 3682 2701 3741 opera
2746 3667 3161 3739 accurateque
3212 3669 3422 3721 texere
3473 3679 3538 3719 se
3570 3680 3717 3739 pro-

307 3762 539 3834 ﬁtetur,
605 3781 733 3821 rem
790 3768 996 3822 tamen
1061 3781 1247 3821 unam
1307 3782 1340 3821 ο
1391 3762 1744 3840 praecipuis,
1805 3760 1855 3820 si
1912 3780 2036 3819 non
2096 3760 2283 3819 etiam
2343 3779 2418 3820 ex
2475 3761 2766 3821 omnibus
2823 3759 3202 3839 praecipuam
3264 3758 3427 3830 silet,
3462 3758 3717 3836 quaead

306 3859 451 3919 vita:
483 3859 837 3931 varietates,
874 3878 1030 3936 quas
1073 3860 1291 3919 litteris
1353 3861 1610 3920 mandat
1665 3878 1853 3937 quam
1918 3858 2188 3917 maxime
2245 3859 2412 3929 facit,
2468 3859 2654 3936 quale
2712 3858 2991 3937 profecto
3050 3862 3141 3916 est
3200 3856 3340 3915 vitae
3399 3874 3597 3934 genus
3655 3861 3718 3916 et

306 3974 545 4030 cursus,
581 3974 767 4034 quem
819 3957 1152 4033 Gregorius
1195 3964 1402 4017 tenere
1460 3958 1841 4017 decreverat.
1904 3956 2021 4017 Ubi
2081 3954 2243 4015 enim
2305 3957 2382 4015 de
2435 3974 2660 4034 genere
2715 3955 2860 4014 vitae
2908 3954 3226 4031 diligendo
3288 3954 3717 4013 Nazianzenus

305 4055 555 4133 agebat,
590 4054 678 4114 ibi
733 4073 882 4115 sane
940 4055 1155 4114 debuit
1212 4074 1396 4133 agere
1455 4058 1528 4115 de
1589 4054 2011 4127 matrimonio,
2073 4052 2124 4111 si
2177 4054 2542 4130 posthabita
2600 4053 2817 4114 caelibe
2875 4052 3002 4111 vita
3072 4051 3152 4110 ad
3207 4051 3462 4129 nuptias
3490 4068 3716 4111 convo-

302 4151 476 4212 lavit.

383 4251 597 4328 Neque
654 4267 799 4309 vero
849 4267 974 4322 eos,
1040 4250 1147 4329 qui
1206 4250 1591 4310 matrimonii
1649 4250 1913 4310 vinculis
1974 4255 2298 4315 astrictum
2357 4251 2545 4311 fuisse
2604 4248 2966 4327 Gregorium
3020 4253 3297 4320 censent,
3360 4246 3528 4307 istud
3584 4265 3718 4306 ma-

304 4345 666 4407 trimonium
726 4346 1142 4407 collocaturos
1199 4368 1331 4407 esse
1388 4349 1657 4407 arbitror
1720 4357 2049 4427 postquam
2111 4351 2435 4432 presbyter
2494 4356 2740 4409 creatus
2797 4352 2911 4406 est.
2976 4344 3067 4405 Ad
3126 4344 3449 4404 conﬂictas
3498 4345 3715 4423 itaque

302 4443 607 4522 Theologi
656 4444 909 4523 nuptias
964 4450 1210 4524 tempus
1262 4446 1322 4505 id
1383 4466 1578 4505 unum
1640 4454 1944 4525 superest,
2006 4451 2174 4526 quod
2236 4455 2379 4509 ante
2428 4446 2843 4508 sacerdotium
2896 4445 3030 4520 ejus
3087 4442 3377 4502 efﬂuxit.
3442 4444 3717 4501 Consen-

306 4542 381 4601 tit
429 4542 808 4601 Muratorius
864 4548 926 4603 et
980 4543 1067 4602 ait
1126 4543 1202 4623 (ρ)
1269 4562 1281 4602 ;
1352 4565 1379 4598 ‹‹
1439 4547 1569 4604 Non
1633 4545 1733 4603 diu
1797 4547 2145 4607 constitisse
2203 4547 2405 4607 carnis
2464 4542 2968 4605 communionem
3029 4540 3192 4599 inter
3248 4538 3711 4599 Nazianzenum

305 4643 368 4697 et
410 4637 822 4698 Theosebiam
880 4657 894 4711 ;
956 4640 1061 4698 sed
1121 4648 1461 4718 utrumque
1519 4643 1867 4701 castitatem
1930 4642 2055 4717 jam
2116 4643 2362 4723 pridem
2414 4641 2696 4719 elegisse,
2752 4644 2821 4697 ut
2875 4636 3294 4696 sacerdotium
3356 4634 3462 4693 ille
3502 4634 3709 4707 iniret,

304 4740 376 4796 ut
431 4735 592 4794 inter
647 4736 1028 4795 diaconissas
1088 4738 1206 4797 ista
1257 4746 1679 4817 coeptarctur.
1742 4764 1771 4793 ››
1836 4742 2062 4800 Verum
2123 4747 2370 4820 tempus
2440 4739 2596 4799 illud
2656 4738 2863 4815 ipsum
2932 4740 3043 4804 est,
3106 4734 3169 4791 in
3231 4752 3356 4811 quo
3415 4739 3713 4793 accurata

304 4833 586 4911 Gregorii
642 4834 921 4894 narratio
993 4836 1235 4895 nullum
1313 4837 1440 4897 ullo
1512 4838 1653 4897 vitae
1725 4837 1921 4915 ipsius
1990 4845 2307 4898 momento
2383 4836 2723 4897 consistere
2782 4831 3249 4891 matrimonium
3311 4831 3569 4908 patitur.
3634 4832 3718 4893 Ut

305 4932 469 4992 enim
540 4932 739 5010 fingas
814 4932 1276 5008 Theosebiam,
1341 4935 1607 4995 aliamve
1675 4935 2024 5013 quamlibet
2095 4935 2463 5014 Gregorium
2542 4951 2800 4993 uxorem
2888 4929 3189 5000 duxisse,
3267 4927 3578 5006 quidquid
3655 4935 3717 4988 et

304 5050 559 5109 quoque
624 5030 808 5092 modo
867 5032 1166 5105 ﬁnxeris,
1217 5032 1282 5092 id
1359 5052 1541 5094 omne
1596 5034 1722 5093 ruit
1778 5040 1837 5094 et
1915 5035 2163 5112 penitus
2224 5032 2607 5093 subvertitur
2668 5028 3089 5089 disertissimis
3150 5026 3433 5104 Gregorii
3482 5025 3711 5099 verbis,

302 5131 491 5188 vitam
551 5148 726 5189 suam
784 5130 1213 5206 describentis,
1269 5132 1481 5211 ibique
1530 5133 1997 5192 accuratissime
2056 5133 2161 5192 ubi
2218 5133 2296 5191 de
2354 5131 2497 5191 vitae
2529 5148 2755 5209 genere
2785 5126 3142 5205 deligendo.

382 5229 657 5305 Gregorii
720 5233 1011 5307 parentes
1068 5248 1193 5289 non
1242 5230 1363 5310 ipsi
1419 5235 1709 5292 auctores
1752 5231 2008 5291 fuerunt
2064 5236 2133 5290 ut
2181 5230 2462 5289 animum
2522 5230 2601 5289 ad
2655 5244 2915 5287 uxorem
2974 5223 3359 5304 appelleret;
3395 5227 3715 5303 parentes,

297 5325 581 5405 inquam,
653 5327 760 5406 qui
814 5347 937 5390 non
989 5328 1177 5391 modo
1231 5328 1345 5391 ﬁlii
1398 5336 1615 5393 votum
1664 5328 1969 5393 castitatis
2026 5346 2099 5389 ac
2156 5326 2553 5409 propositum
2613 5330 2864 5401 norant,
2926 5323 3031 5388 sed
3086 5340 3229 5384 eum
3286 5321 3448 5403 ipsi,
3507 5320 3718 5402 prius-

372 5650 684 5757 (ﬁlull‘l'jggt.
704 5658 858 5757 111.9383
889 5661 949 5722 in
982 5652 1164 5744 epigr.
1187 5667 1259 5729 32
1280 5652 1531 5733 Theosel}.
1557 5692 1591 5735 a
1611 5693 1675 5736 se
1704 5649 1951 5757 editum,
2134 5682 2210 5757 (b)
2242 5652 2387 5740 Ibid.

302 5726 826 5813 P'431,132,134,
1015 5726 1036 5743 ι
1078 5726 1163 5744 υη
1194 5726 1211 5729 ν
1236 5726 1251 5729 -
1557 5726 1673 5736 ν--
1707 5726 1902 5739 πηη

778 5734 826 5794 4-
1015 5726 1951 5757 mm"
2130 5726 2378 5828 ἰέίὶιῖίῖζ
