4052 6276
287 440 361 503 19
1303 444 1724 510 ΡΗιΕΡΑΤΙΟ
1770 448 1887 511 GEl

2117 446 2229 508 .IS.
2270 480 2341 492 -
2387 446 2592 509 PARS
2638 447 2714 510 Il.
3642 448 3717 512 50

291 593 473 656 quam
533 581 928 655 nasceretur,
989 578 1115 641 Deo
1173 578 1561 659 dicaverant,
1620 586 1682 644 et
1738 588 1959 644 natum
2020 580 2400 655 obtulerant,
2466 582 2627 645 adeo
2685 587 2755 644 ut
2821 579 2957 644 «ab
2993 585 3168 643 utero
3219 581 3435 644 matris
3463 584 3589 645 Deo
3621 598 3719 646 sa-

295 692 416 747 cer,
471 693 544 737 ac
602 695 769 756 puer
826 677 1134 740 oblatus»
1188 680 1399 755 fuerit,
1458 687 1519 742 et
1569 681 1822 761 quidem
1882 682 1964 743 ad
2011 681 2232 752 altare,
2293 681 2562 742 solemni
2611 682 2735 742 ritu
2782 680 3089 761 tactisque
3138 699 3330 742 sacrae
3379 681 3716 761 Scripturae

290 772 504 834 libris:
566 776 740 853 quod
794 777 929 854 ipse
985 776 1200 837 scribit
1256 779 1589 856 Gregorius
1647 779 1754 859 (a),
1817 780 1925 859 qui
1984 804 2013 835 ‹‹
2052 781 2328 858 parentis
2386 785 2603 840 votum
2657 799 2728 840 ac
2761 779 3135 840 desiderium
3169 786 3369 840 ratum
3404 779 3712 853 habuit,»

293 877 352 931 et
409 880 720 951 praestare
774 875 1000 951 quovis
1057 880 1345 954 tempore
1393 877 1651 949 studuit,
1722 884 1913 957 atque
1968 878 2157 938 etiam
2224 878 2533 957 praestitit.
2601 901 2628 933 «
2694 878 2774 958 (ὁ)
2848 879 3134 938 Devinxit
3194 897 3291 937 me
3346 878 3459 937 sibi
3520 878 3723 937 amica

298 970 577 1044 castitas,
634 971 864 1049 inquit,
928 979 988 1033 et
1037 974 1210 1033 carni
1256 975 1509 1035 vincula
1565 975 1802 1053 injecit,
1854 977 2168 1055 simulque
2226 976 2549 1036 ardentem
2610 976 2836 1036 divinae
2890 976 3211 1054 sapientiae
3268 994 3340 1035 ac
3396 975 3537 1034 vitae
3599 994 3723 1037 mo-

294 1069 553 1129 nasticae
613 1088 892 1130 amorem
943 1071 1197 1148 injecit;
1263 1075 1456 1145 vitae,
1520 1093 1661 1151 quae
1723 1074 1841 1133 dici
1893 1080 2103 1152 potest
2160 1075 2385 1134 futura
2445 1074 2783 1152 primitiae;
2862 1076 3095 1152 quippe
3153 1093 3293 1151 quae
3369 1080 3539 1133 costa
3599 1093 3719 1133 non

296 1167 561 1244 indiget,
619 1186 765 1245 quae
823 1187 1051 1248 corpus
1125 1172 1677 1250 circumplectatur
1732 1191 1953 1243 suum,
2018 1172 2352 1249 verbisque
2412 1172 2742 1249 deceptum
2804 1172 3049 1257 blandis
3107 1171 3186 1231 ad
3247 1189 3463 1231 amara
3519 1172 3718 1250 degu-

296 1264 522 1324 standa
580 1265 910 1326 adducat:
976 1291 1004 1321 »
1070 1267 1204 1327 haec
1261 1276 1406 1328 sunt
1462 1269 1737 1347 conjugii
1795 1270 2045 1329 vincula
2081 1316 2095 1342 ,
2165 1270 2393 1347 quibus
2462 1270 2795 1346 Grtgorius
2853 1289 2885 1329 a
2950 1288 3143 1346 puero
3194 1269 3525 1348 copulatus
3571 1275 3665 1330 est
3702 1296 3719 1316 -

292 1360 540 1439 Conjux
598 1362 834 1441 ipsius,
897 1382 1023 1424 non
1082 1364 1473 1438 'l‘heosebia,
1535 1368 1643 1427 sed
1702 1373 2007 1446 perpetua
2065 1367 2349 1441 castitas;
2416 1367 2643 1446 conjux
2701 1368 3008 1445 sapientia
3066 1368 3201 1437 fuit,
3262 1386 3334 1427 ac
3392 1366 3716 1446 utriusque

294 1459 458 1520 socia
519 1466 584 1519 et
639 1461 917 1539 adjutrix
980 1463 1339 1524 «monachi
1395 1465 1547 1542 vita,
1602 1465 1782 1544 cujus
1843 1483 2119 1526 amorem
2178 1466 2298 1544 ipsi
2356 1486 2384 1523 ›)
2450 1465 2665 1542 injecit
2720 1466 2993 1538 castitas,
3059 1484 3248 1543 quam
3307 1465 3369 1525 in
3402 1465 3714 1543 naufragii

292 1557 574 1636 periculo
630 1560 825 1633 vovit,
889 1566 950 1620 et
1005 1580 1198 1640 quam
1256 1568 1389 1623 toto
1436 1564 1575 1623 vitae
1640 1570 1942 1642 tempore,
2005 1570 2312 1642 quantum
2371 1564 2546 1623 licuit
2594 1582 2666 1622 ac
2718 1582 2909 1642 penes
2953 1563 3159 1642 ipsum
3211 1564 3345 1637 fuit,
3402 1563 3717 1642 professus

294 1661 404 1715 est.

373 1756 741 1816 lmmunera
798 1774 876 1816 ex
935 1759 1215 1836 Gregorii
1272 1762 1518 1839 scriptis
1579 1761 1703 1822 alia
1780 1761 2057 1840 proferre
2108 1761 2470 1822 testimonia
2527 1760 2897 1820 facillimum
2966 1766 3161 1832 esset,
3250 1759 3478 1839 quibus
3535 1760 3715 1821 illum

301 1852 478 1912 nullo
538 1872 819 1931 unquam
874 1856 1273 1918 matrimonio
1336 1859 1743 1919 constrictum
1803 1858 2033 1929 fuisse,
2087 1860 2189 1919 sed
2252 1858 2427 1935 ejus,
2481 1876 2671 1936 quam
2729 1857 2985 1917 amabat
3042 1857 3262 1931 unice,
3324 1881 3354 1912 ‹‹
3415 1857 3719 1918 castitatis

294 1950 452 2028 jugo
503 1952 669 2011 colla
727 1960 1035 2031 perpetuo
1091 1956 1480 2033 ﬁrmiterque
1538 1957 1892 2016 submisisse
1942 1981 1972 2011 »
2037 1957 2434 2016 manifestum
2492 1956 2670 2015 fieret
2727 1954 2843 2034 (ο).
2897 1959 3169 2032 Legatur
3226 1955 3503 2016 narratio
3564 1974 3721 2016 soni“

305 2047 391 2106 nii
422 2050 595 2125 quod
653 2050 1084 2111 sanctissimus
1138 2054 1359 2113 doctor
1416 2055 1548 2113 fuse
1601 2053 2032 2132 describit(r.l),
2096 2060 2157 2113 et
2213 2054 2275 2112 in
2339 2072 2465 2131 quo
2524 2053 2730 2111 adhuc
2793 2075 2822 2110 «
2871 2072 3046 2130 puer,
3106 2071 3217 2113 nec
3258 2058 3469 2113 tamen
3501 2052 3719 2113 admo-

312 2147 462 2206 dum
498 2166 679 2225 puer,
742 2168 962 2210 verum
1022 2170 1095 2212 ea
1150 2158 1333 2212 aetate
1390 2172 1513 2231 qua
1568 2153 1717 2212 boni
1775 2161 1837 2212 et
1901 2153 2045 2211 mali
2104 2153 2480 2229 imaginibus
2538 2154 2782 2211 animus
2829 2152 3225 2224 informatur,
3286 2173 3314 2209 »
3380 2153 3634 2212 castitas
3664 2159 3725 2211 et

308 2246 622 2324 sapientia
678 2246 799 2307 sibi
856 2249 1002 2309 visae
1034 2256 1177 2309 sunt
1232 2250 1513 2311 humana
1560 2252 1786 2330 specie,
1856 2257 2157 2329 tantaque
2206 2270 2281 2311 ex
2331 2251 2607 2328 ipsarum
2666 2251 2882 2310 afﬂatu
2944 2257 3005 2310 et
3061 2250 3375 2328 colloquio
3436 2250 3725 2328 puritatis

305 2341 562 2403 dilectio
618 2344 683 2403 in
743 2362 854 2404 cor
909 2348 1225 2407 emanavit
1292 2349 1537 2428 ipsique
1608 2367 1855 2427 semper
1905 2348 2201 2423 inhaesit,
2258 2355 2323 2407 ut
2382 2349 2721 2417 vecordes,
2784 2366 2859 2405 ne
2918 2348 3069 2425 quid
3126 2347 3330 2407 dicam
3401 2347 3673 2425 amplius
3708 2394 3721 2417 ,

307 2441 534 2500 merito
594 2441 952 2515 videantur,
1007 2445 1114 2522 qui
1172 2446 1247 2505 de
1304 2445 1585 2523 Gregorii
1659 2452 1962 2524 perpetuo
2026 2446 2321 2507 caelibatu
2381 2446 2475 2504 vel
2530 2445 2833 2523 tantisper
2888 2444 3312 2505 dubitaverint
3370 2442 3485 2524 (θ).
3550 2446 3727 2507 Unde

306 2536 398 2595 vir
452 2538 657 2599 factus
717 2541 1087 2617 Gregorius,
1150 2550 1212 2602 et
1268 2562 1410 2603 cum
1458 2544 1717 2604 Athenis
1766 2562 2050 2603 reversus
2107 2543 2533 2616 deliberaret,
2586 2562 2711 2602 non
2769 2542 2843 2602 de
2900 2543 3042 2603 vitae
3115 2561 3320 2617 cursu,
3374 2561 3590 2603 verum
3652 2543 3729 2603 de

304 2635 428 2708 via,
491 2653 619 2714 qua
663 2638 994 2715 expeditus
1051 2640 1129 2698 ad
1188 2642 1578 2719 propositum
1632 2642 1819 2703 ﬁnem
1881 2643 2107 2701 certius
2164 2641 2535 2719 perveniret,
2598 2640 2718 2701 hoc
2783 2641 3054 2718 primum
3112 2640 3328 2718 ponit:
3396 2638 3530 2719 «(1)
3587 2640 3726 2699 Jam

308 2731 456 2791 olim
511 2732 668 2794 mihi
700 2740 939 2795 certum
997 2742 1149 2811 erat,
1208 2756 1280 2797 ac
1337 2739 1529 2799 veluti
1588 2739 1723 2817 lege
1780 2740 2113 2812 sancitum,
2176 2758 2317 2817 quae
2376 2740 2579 2799 carnis
2630 2745 2775 2798 sunt
2830 2739 2893 2797 in
2946 2738 3328 2816 profundum
3361 2756 3435 2798 ea
3465 2737 3729 2817 projice-

308 2846 409 2905 re;
444 2829 638 2909 idque
672 2836 805 2891 tum
839 2833 1040 2912 magis
1070 2852 1143 2895 ac
1176 2835 1375 2913 magis
1406 2836 1745 2895 arridebat.
1774 2860 1804 2890 ι)
3236 2829 3242 2833 ’

389 2927 550 2998 Quid
580 2929 777 3007 igitur
804 2930 925 2991 sibi
968 2931 1101 2992 vult
1150 2934 1483 3011 Gregorius
1540 2934 1637 2992 his
1690 2934 1891 2994 verbis
1922 2932 2030 3013 (g),
2096 2952 2347 3011 «grave
2398 2933 2621 3011 jugum
2674 2932 3057 2993 matrimonii
3111 2952 3147 2993 a
3198 2952 3295 2993 me
3345 2932 3643 3012 Seposui?
3694 2953 3722 2987 »

314 3027 448 3084 Non
481 3025 848 3104 impositum
910 3029 1029 3089 hoc
1058 3048 1217 3089 onus
1247 3031 1495 3107 abjenit,
1558 3032 1664 3090 sed
1727 3032 1804 3090 ab
1863 3051 1935 3091 eo
1993 3050 2240 3109 semper
2298 3032 2650 3103 declinavit,
2714 3051 2750 3090 a
2806 3050 2870 3090 se
2928 3031 3183 3099 amovit,
3250 3031 3329 3089 ab
3386 3049 3459 3089 eo
3491 3029 3730 3089 abhor-

314 3122 490 3195 ruit,
552 3142 766 3185 amore
824 3127 1128 3188 castitatis
1184 3135 1247 3188 et.
1301 3129 1445 3189 vitae
1503 3130 1884 3190 monasticae.
1948 3130 2049 3190 Sic
2107 3148 2297 3206 grave
2355 3148 2515 3189 onus
2574 3130 2957 3188 matrimonii
3013 3129 3305 3200 excussit,
3373 3128 3543 3187 haud
3601 3127 3738 3205 qui-

316 3220 457 3279 dem
520 3221 885 3299 impositum
950 3244 1268 3303 unquam;
1328 3228 1432 3286 sed
1496 3246 1533 3287 a
1586 3246 1652 3287 se
1709 3228 2059 3288 amovendo
2116 3246 2192 3286 ne
2249 3228 2700 3306 imponeretur.
2763 3230 2896 3285 Non
2945 3226 3127 3285 aliter
3158 3226 3491 3303 Gregorius
3519 3242 3735 3285 excus-

309 3317 393 3377 sit
448 3337 613 3377 onus
661 3321 1095 3396 matrimonii,
1166 3342 1354 3402 quam
1407 3332 1586 3384 caute
1640 3326 1938 3401 fugiendo
1987 3326 2297 3403 quidquid
2346 3325 2463 3384 hoc
2522 3324 2663 3383 vitae
2721 3343 2915 3402 genus
2973 3329 3233 3401 spectat,
3299 3328 3513 3401 utpote
3578 3341 3730 3382 con-

306 3415 580 3475 trarium
638 3421 963 3497 proposito
1024 3422 1345 3482 servanda
1403 3422 1779 3501 virginitatis
1835 3430 1897 3483 et
1953 3428 2098 3484 voto
2159 3424 2524 3483 monasticae
2582 3423 2763 3481 vitae.
2823 3424 2997 3482 Certe
3057 3421 3413 3499 Gregorius,
3474 3420 3582 3498 qui
3637 3422 3731 3481 vi-

308 3526 437 3579 tam
495 3521 910 3581 monasticam
967 3519 1191 3579 iterato
1247 3526 1394 3579 voto
1451 3540 1516 3580 se
1574 3521 2015 3598 amplexurum
2076 3520 2469 3600 promiserat,
2530 3537 2790 3579 uxorem
2852 3519 2968 3578 sibi
3024 3519 3371 3596 adjungere
3427 3537 3554 3577 non
3615 3537 3732 3596 po-

304 3623 495 3690 terat,
552 3617 705 3695 quin
756 3617 969 3677 datam
1010 3617 1137 3677 Deo
1188 3616 1375 3677 fidem
1439 3618 1706 3689 falleret,
1767 3618 2095 3695 scelusque
2143 3617 2488 3677 maximum
2538 3617 2602 3675 in
2651 3634 2713 3676 se
2763 3615 3145 3675 admitteret.
3196 3615 3373 3675 Absit
3426 3615 3619 3692 igitur
3659 3621 3737 3676 ut

306 3716 520 3775 virum
582 3721 712 3775 tam
766 3720 1078 3789 sanctum,
1136 3714 1370 3794 pietate
1426 3714 1762 3793 insignem,
1816 3722 2062 3776 tantum
2113 3716 2315 3776 scelus
2374 3720 2800 3794 perpetrasse;
2863 3712 3044 3786 absit,
3108 3713 3392 3791 inquam,
3453 3718 3524 3773 ut
3582 3716 3733 3773 Gre-

307 3812 559 3890 gorium
618 3820 827 3891 spreto
884 3812 1204 3871 servandae
1262 3812 1639 3890 virginitatis
1694 3818 1861 3883 voto,
1926 3832 2051 3891 quo
2109 3813 2444 3872 obstrictus
2501 3817 2673 3885 erat,
2735 3812 2843 3890 qui
2908 3832 2935 3866 ‹‹
2992 3810 3070 3867 ab
3128 3816 3307 3869 utero
3366 3810 3583 3868 matris
3641 3829 3737 3869 sa-

310 3929 417 3970 cer
475 3915 654 3983 erat,
731 3911 839 3989 qui
898 3909 1115 3969 matris
1175 3916 1390 3970 votum
1463 3929 1535 3971 ac
1613 3911 1988 3970 desiderium
2069 3916 2276 3970 ratum
2339 3910 2683 3983 habuerat,
2746 3932 2777 3963 »
2844 3926 3099 3968 uxorem
3170 3906 3418 3965 duxisse
3467 3907 3733 3967 arbitre-

309 4027 475 4081 mur,
536 4014 647 4068 aut
698 4008 1119 4088 suspicemur.
1225 4008 1392 4068 Talis
1452 4009 1724 4087 suspicio
1783 4015 1911 4068 tam
1985 4008 2049 4068 in
2127 4009 2494 4086 Gregorium
2569 4007 2922 4085 injuriosa,
3005 4023 3197 4083 quam
3258 4004 3575 4065 contraria
3626 4024 3731 4065 ve-

308 4106 508 4166 ritati.

389 4206 694 4265 Constare
751 4204 932 4265 debet
984 4222 1060 4264 ex
1120 4204 1301 4264 dictis
1358 4204 1727 4283 Gregorium
1786 4204 1975 4264 nullis
2018 4223 2298 4282 unquam
2362 4203 2617 4282 nuptiis,
2682 4222 2798 4262 nec
2855 4220 2995 4261 cum
3028 4200 3403 4274 Theosebia,
3437 4219 3549 4261 nec
3589 4219 3731 4260 cum

308 4304 435 4364 alia
496 4302 779 4381 qualibet
837 4301 1069 4362 femina
1118 4302 1445 4380 alligatum
1498 4304 1707 4363 fuisse.
1766 4306 1900 4375 Quo
1957 4303 2396 4382 disputationis
2454 4301 2659 4379 capite
2721 4301 2946 4380 posito,
3008 4317 3080 4360 ac
3134 4318 3382 4371 eorum,
3446 4318 3585 4376 quae
3645 4318 3733 4357 sc-

308 4408 634 4481 quuntur,
688 4400 1140 4473 fundamento,
1195 4400 1330 4479 jam
1388 4406 1613 4479 sponte
1666 4421 1781 4461 sua
1834 4402 2117 4478 sequitur
2156 4401 2550 4478 Theologum
2610 4418 2734 4460 non
2794 4418 2926 4459 esse
2983 4417 3167 4469 eum,
3237 4398 3346 4476 qui
3403 4398 3467 4456 in
3526 4398 3729 4475 epita—

311 4499 462 4578 phio
522 4498 890 4559 Theosebiae
952 4499 1337 4576 «Magnus»
1401 4498 1648 4571 dicitur,
1705 4504 1765 4558 et
1823 4499 2002 4576 cujus
2056 4498 2405 4559 Theosebia
2439 4522 2469 4553 «
2518 4515 2662 4557 vere
2719 4496 2953 4574 conjux
2988 4520 3015 4552 ν
3078 4514 3414 4573 comparve
3444 4485 3725 4572 appella—

311 4604 451 4655 tur.
518 4596 1039 4669 Hincefﬁcitur,
1090 4596 1247 4655 nihil
1304 4595 1555 4656 obstare
1613 4597 1948 4675 quominus
2008 4596 2126 4656 hoc
2184 4596 2573 4675 epitaphium
2634 4615 2671 4655 a
2730 4594 3029 4672 Gregorio
3087 4593 3399 4653 elaborari
3454 4591 3729 4671 potuisse

308 4695 628 4754 credatur.
689 4695 822 4754 lmo
879 4713 1007 4753 non
1055 4698 1299 4754 tantum
1362 4695 1587 4773 potuit,
1644 4696 1753 4755 sed
1811 4696 2013 4773 reipsa
2071 4695 2149 4754 ab
2208 4696 2342 4773 ipso
2397 4693 2789 4753 elaboratum
2847 4709 2981 4752 esse
3038 4710 3114 4752 ex
3163 4690 3429 4770 epistola
3487 4690 3566 4750 al.
3609 4707 3724 4751 xcv

312 4793 720 4853 manifestum
755 4799 886 4866 est;
948 4810 1088 4871 quas
1119 4792 1370 4871 quidem
1404 4794 1667 4872 epistola
1700 4812 1842 4853 cum
1892 4792 2211 4872 epitaphio
2271 4792 2458 4852 rebus
2512 4798 2572 4851 ct
2619 4791 2822 4850 verbis
2870 4790 2959 4849 ita
3009 4794 3330 4863 consonat,
3384 4794 3451 4848 ut
3511 4789 3732 4849 utrius-

307 4910 454 4970 que,
524 4890 625 4951 vel
681 4890 1003 4963 neutrius,
1067 4897 1287 4951 auctor
1352 4892 1785 4968 agnoscendus
1862 4892 1940 4951 sit
1992 4892 2324 4969 Grcgorius
2358 4934 2372 4949 .
2451 4893 2751 4950 Fatentur
2808 4896 3019 4949 autem
3078 4907 3294 4947 omnes
3346 4887 3724 4966 epistolam,

312 5006 692 5066 germanum
748 5006 880 5048 esse
944 4988 1251 5067 Theologi
1305 4990 1501 5049 {etum
1555 4990 1635 5049 ad
1696 4989 2062 5067 Gregorium
2121 4992 2467 5067 Nysscnum
2526 4987 2888 5047 scribentis.
2940 4988 3061 5046 Pro
3120 4993 3290 5045 certo
3344 4985 3559 5061 itaque
3614 4985 3725 5045 ha-

308 5087 616 5159 bendum,
667 5085 1059 5163 Theologum
1116 5105 1232 5147 nec
1283 5087 1671 5157 'l‘heosebim,
1729 5106 1843 5147 nec
1900 5087 2017 5146 ulli
2072 5087 2175 5147 alii
2230 5104 2509 5164 unquam
2570 5085 2882 5145 connubio
2935 5084 3249 5163 junctum,
3312 5084 3728 5160 eumdemque

309 5200 447 5244 esse
504 5188 829 5245 auctorem
888 5183 1213 5262 epitaphii.
1284 5186 1595 5244 Praeterea
1650 5184 2005 5257 Muratorii,
2078 5185 2183 5263 qui
2240 5184 2617 5262 epitaphio,
2674 5190 2743 5243 ut
2791 5188 2852 5243 et
2908 5181 3175 5261 epistola
3222 5180 3302 5241 ad
3362 5181 3725 5258 Gregorium

306 5284 662 5361 Nyssenum
698 5327 713 5355 ,
794 5287 1167 5361 perpetuam
1240 5281 1547 5360 Theologi
1615 5281 2045 5360 virginitatem
2105 5282 2472 5343 labefactari
2535 5281 2887 5361 suspicatus
2945 5285 3085 5354 est,
3164 5279 3441 5340 rationes
3498 5296 3723 5338 evane-

308 5386 492 5440 scunt
520 5386 581 5441 et
608 5378 894 5440 funditus
929 5386 1249 5441 corruunt.
3336 5366 3337 5369 η

404 5550 454 5620 α)
472 5550 659 5606 Carm.
696 5548 753 5604 a1
782 5549 840 5615 2,
872 5565 927 5604 v.
954 5548 1078 5617 426,
1112 5549 1234 5620 433,
1267 5549 1390 5616 448,
1423 5550 1545 5604 449.

1479 5550 1545 5604 i9.
2141 5550 2213 5620 (ε)
2236 5551 2425 5606 Carm.
2460 5549 2536 5604 al.
2571 5549 2622 5616 1,
2654 5564 2705 5603 ν.
2739 5548 2845 5603 280
2875 5551 2932 5605 et
2962 5563 3079 5619 seq.

407 5620 462 5692 ὁ)
492 5621 660 5691 Ibid.,
692 5638 750 5677 v.
784 5621 1057 5693 456,Aetc.

2140 5620 2211 5693 (r)
2234 5622 2402 5688 Ibid.,
2433 5638 2483 5676 v.
2502 5622 2635 5693 284,
2666 5620 2789 5675 285.

405 5694 660 5819 QCarm.
686 5694 742 5764 5,
778 5709 832 5748 v.
868 5691 996 5748 110.

444 5766 459 5819 l
488 5764 660 5819 Ibid..
690 5782 745 5819 v.
779 5764 912 5819 205.
944 5763 1071 5819 206.
1092 5763 1216 5819 207.
1245 5763 1350 5819 208
1385 5763 1454 5818 ad
1477 5762 1599 5818 313.

2140 5691 2215 5765 (9)
2242 5693 2431 5750 Carm.
2467 5692 2538 5748 al.
2570 5693 2625 5759 5,
2662 5710 2713 5746 ν.
2743 5691 2868 5746 283.

1268 5763 1350 5819 εο8
1385 5763 1454 5818 ad
1477 5762 1599 5818 313.

442 5764 660 5836 )Ibid.,
690 5762 745 5822 v'.
779 5764 912 5834 205,
944 5763 1071 5831 206,
1092 5763 1216 5833 207,
1245 5763 1350 5819 208
1385 5763 1454 5818 ad
1477 5762 1599 5818 313.
