4052 6276
304 401 372 466 δῖ
1317 403 1731 465 PBEFATIO
1778 405 1904 464 ΒΕΓ

2111 405 2246 464 l.lS.
2284 436 2353 447 -—
2383 402 2582 463 PARS
2630 401 2708 464 Il.
3636 398 3711 462 59

375 537 516 601 Jam
572 557 720 600 vero
777 536 828 600 si
883 559 1149 620 quaras,
1212 539 1351 620 quis
1398 539 1502 602 ille
1551 541 1630 602 sit
1684 541 2054 618 Gregorius,
2105 537 2211 619 qui
2254 538 2318 599 in
2362 536 2684 618 epitaphio
2739 562 2768 594 «
2822 537 3085 617 Magnus
3141 562 3166 595 ι)
3230 535 3477 611 dicitur,
3544 536 3710 600 ultro

297 636 842 717 respondebimus,
907 640 1151 700 nullum
1210 640 1404 699 alium
1463 659 1594 700 esse
1652 658 1842 718 quam
1907 642 2278 718 Nyssenum.
2341 637 2519 709 Quod
2576 644 2786 698 autem
2840 637 3253 699 Theosebiam
3315 643 3588 715 spectat:
3650 637 3714 696 in

304 736 571 815 epistola
631 759 660 792 «
720 737 1061 798 sacerdotis
1117 737 1349 816 conjux
1413 763 1440 793 »
1501 757 1837 815 comparve
1896 737 2257 815 appellatur
2303 754 2316 808 ;
2370 737 2433 796 in
2490 736 2812 814 epitaphio
2863 736 3206 796 sacerdotis
3262 736 3429 795 illius
3487 753 3717 795 nomen

307 833 702 906 declaratur;
774 853 1110 912 rursusque
1182 836 1362 911 cujus
1417 835 1757 896 sacerdotis
1826 841 1886 895 et
1943 835 2123 913 cujus
2181 833 2462 911 Gregorii
2518 833 2707 893 fuerit
2757 859 2783 888 ει
2820 853 3078 912 compar
3113 859 3140 890 ››
3203 834 3554 895 Theosebia
3609 833 3722 893 de-

309 931 673 991 nuntiatur.
736 932 1027 1011 Quisquis
1082 933 1223 993 illas
1273 933 1513 992 litteras
1562 933 1825 1010 legerit,
1885 952 2012 993 non
2062 931 2375 992 dubitabit
2423 931 2564 1009 quis
2621 932 2725 991 ille
2782 932 2861 991 sit
2919 932 3284 1010 Gregorius.
3346 931 3494 1010 Ejus
3554 930 3719 991 enim

311 1028 505 1108 ipsius
553 1030 916 1102 sacerdotis,
985 1036 1050 1090 ut
1097 1037 1189 1090 est
1239 1031 1302 1090 in
1367 1031 1652 1109 epistola,
1722 1031 1857 1107 ejus
1915 1030 2217 1109 Gregorii,
2273 1034 2339 1088 ut
2395 1029 2684 1090 disertius
2733 1029 2924 1090 habet
2973 1030 3392 1108 epitaphium,
3450 1029 3725 1090 Theose-

308 1126 414 1187 bia
473 1145 884 1205 «compar,»
939 1129 1034 1188 vel
1091 1128 1141 1187 si
1202 1128 1418 1198 mavis,
1484 1152 1512 1184 ‹‹
1572 1128 1829 1206 conjux,
1889 1153 1919 1184 ››
1984 1148 2021 1188 a
2072 1148 2197 1206 quo
2247 1127 2421 1186 illam
2470 1127 2534 1186 in
2591 1126 2858 1204 epistola
2916 1128 3318 1187 commendat
3375 1127 3724 1205 laudatque

312 1224 709 1302 Theologus;
763 1226 898 1303 ejus
951 1226 1178 1285 iterum
1234 1227 1595 1298 sacerdotis,
1659 1227 1758 1286 cui
1817 1233 1877 1287 et
1931 1226 2163 1286 virtute
2229 1245 2463 1303 «par»
2526 1230 2587 1284 et
2641 1225 2882 1284 honore
2931 1225 3280 1286 Theosebia
3324 1226 3728 1303 praedicatur,

314 1322 573 1400 ejusque
633 1323 790 1382 adeo
849 1324 1190 1383 sacerdotis
1225 1370 1238 1396 ,
1303 1323 1437 1401 ejus
1495 1325 1778 1401 Gregorii
1832 1348 1862 1380 «
1919 1342 2227 1402 compar,
2287 1347 2316 1378 »
2399 1323 2477 1382 ad
2536 1341 2723 1401 quem
2777 1323 3088 1401 pertinent
3142 1323 3269 1383 illae
3327 1323 3593 1393 laudes,
3649 1323 3732 1381 ad

316 1436 502 1494 quem
561 1417 723 1478 datm
781 1425 926 1479 sunt
981 1419 1206 1479 litterae
1241 1465 1254 1477 .
1326 1420 1474 1490 Quae
1525 1437 1667 1478 cum
1734 1419 1858 1480 sint
1918 1419 1998 1478 ad
2055 1422 2402 1498 Nyssenum
2462 1417 2709 1494 scriptce
2747 1464 2761 1488 ,
2821 1417 3169 1496 ipsissimus
3233 1418 3336 1478 ille
3397 1417 3735 1495 Gregorius

316 1513 645 1574 habendus
702 1522 818 1586 est,
879 1516 1058 1595 cujus
1114 1523 1175 1575 et
1224 1540 1250 1571 ει
1305 1535 1482 1576 soror
1536 1541 1562 1571 ι)
1624 1522 1684 1576 et
1744 1541 1770 1569 ‹‹
1834 1517 2090 1595 conjux,
2147 1540 2178 1571 »
2244 1534 2350 1575 seu
2408 1514 2609 1592 magis
2668 1538 2697 1570 ‹‹
2758 1534 3041 1594 compar,
3092 1540 3121 1570 »
3186 1521 3256 1575 ut
3311 1515 3376 1575 in
3408 1514 3735 1594 epitaphio

316 1610 667 1671 Theosebia
723 1613 1124 1690 designatur.
1190 1617 1264 1673 Et
1320 1619 1486 1674 certe
1546 1632 1689 1674 cum
1748 1615 2045 1692 Nysseni,
2105 1619 2168 1674 et
2224 1632 2348 1673 non
2406 1612 2745 1672 sacerdotis
2804 1613 3060 1674 alterius
3117 1619 3340 1695 σύζυγον
3401 1612 3733 1683 Baronius,

320 1709 789 1770 continuatores
846 1710 1171 1783 Bollandi,
1236 1711 1488 1771 Rivetus
1547 1718 1608 1772 et
1674 1711 1781 1771 alii
1833 1712 2138 1772 senserint
2192 1709 2603 1772 Theosebiam
2680 1710 2742 1769 in
2801 1711 3066 1789 epistola
3123 1712 3354 1771 dictam
3413 1709 3734 1770 eamdem-

320 1825 444 1884 que
477 1825 757 1867 sororem
785 1829 800 1882 ;
845 1807 996 1887 quid
1031 1809 1414 1869 incommodi
1444 1827 1577 1869 esse
1604 1815 1810 1887 potest
1847 1810 2010 1869 idem
2048 1810 2382 1870 admittere
2429 1807 2494 1866 in
2527 1807 2871 1885 epitaphio,
2927 1810 3096 1888 quod
3127 1809 3190 1868 in
3224 1809 3487 1888 epistola
3519 1807 3748 1868 admit-

322 1903 476 1963 titur
497 1905 526 1963 ?

405 2035 726 2108 Superest,
789 2037 857 2091 ut
914 2051 1039 2109 quo
1099 2050 1284 2092 sensu
1342 2033 1602 2111 Nysseni
1664 2057 1694 2088 ‹‹
1749 2052 1927 2092 8οΓοΓ
1985 2040 2044 2094 et
2076 2035 2394 2112 conjux,»
2458 2040 2709 2116 σύζυγος,
2761 2033 3112 2096 Theosebia
3166 2032 3430 2104 dicatur,
3468 2049 3745 2108 expona-

323 2147 483 2187 mus.
549 2130 754 2189 Primo
807 2130 1060 2208 quidem
1097 2176 1110 2202 ,
1175 2129 1634 2207 significatione
1692 2132 1948 2209 propria
1999 2138 2334 2212 utrumque
2394 2137 2516 2196 dici
2576 2154 2698 2195 non
2757 2133 3009 2212 potuit;
3074 2131 3153 2189 ab
3204 2130 3389 2189 obvio
3430 2129 3624 2205 igitur
3684 2133 3748 2188 et

325 2226 579 2303 proprio
638 2245 823 2286 sensu
882 2246 1004 2286 vox
1051 2228 1437 2298 deducenda,
1492 2235 1552 2287 et
1601 2229 1941 2305 quaerenda
1995 2231 2465 2309 interpretatio.
2526 2231 2877 2292 Theosebia
2933 2230 2994 2288 in
3052 2226 3377 2306 epitaphio
3437 2232 3592 2292 τέκος
3626 2238 3746 2303 Εμ-

327 2327 567 2402 μελίοιο,
632 2326 950 2383 Εῐῐιῐηθιίξε
1006 2325 1135 2384 ﬁlia
1191 2325 1451 2384 dicitur:
1515 2327 1683 2403 quod
1736 2327 1786 2384 si
1849 2347 1927 2384 «1

2173 2350 2202 2384 ι)
2269 2330 2718 2407 interpreteris,
2770 2329 2847 2388 ad
2908 2326 3182 2400 Baronii,
3245 2323 3621 2383 Heuschenii
3679 2330 3744 2381 et

324 2420 779 2498 Papebrochii,
839 2423 1039 2480 ltiveti
1095 2423 1526 2499 aliorumque,
1598 2422 1705 2500 qui
1762 2425 2109 2500 Nyssenum
2189 2426 2505 2486 connubio
2575 2426 2867 2502 junctum
2942 2442 3084 2482 cum
3145 2421 3494 2481 Theosebia
3553 2420 3745 2479 fuisse

325 2518 566 2584 volunt,
631 2519 1006 2578 sententiam
1065 2521 1364 2591 accedes;
1418 2539 1533 2580 nec
1580 2539 1618 2579 a
1674 2521 2146 2592 consuetudine,
2213 2540 2338 2597 qua
2398 2541 2592 2581 nurus
2657 2523 2858 2581 «filiae.
2902 2543 2930 2576 ι)
2990 2521 3359 2597 plerumque
3417 2518 3748 2596 appellan-

329 2621 432 2674 tur
488 2615 567 2674 ab
616 2615 732 2688 iis,
793 2635 950 2692 quas
1007 2635 1222 2676 socrus
1282 2617 1559 2690 habent,
1621 2618 1866 2696 penitus
1924 2617 2293 2690 recesseris,
2353 2637 2390 2676 a
2437 2620 2696 2678 veritate
2745 2625 2954 2677 autem
3009 2633 3263 2694 prorsus
3320 2615 3741 2674 abscesseris.

329 2715 545 2789 Neque
589 2712 753 2772 enim
814 2713 960 2773 sinit
1015 2715 1301 2792 epistola,
1362 2717 1439 2773 de
1486 2733 1610 2793 qua
1668 2715 1874 2787 toties,
1929 2714 2103 2774 illam
2161 2715 2465 2793 epitaphii
2525 2735 2742 2775 vocem
2800 2717 2926 2775 ullo
2989 2716 3176 2773 modo
3226 2712 3586 2784 sollicitare,
3649 2717 3745 2770 at-

331 2828 454 2886 que
485 2811 675 2869 etiam
711 2811 832 2869 huc
894 2819 955 2869 et
985 2830 1176 2887 quam
1211 2811 1484 2870 maxime
1515 2831 1654 2871 cum
1711 2813 2034 2890 epitaphio
2084 2813 2349 2889 epistola
2405 2814 2741 2883 concurrit,
2779 2821 2847 2872 ut
2899 2836 2929 2867 «
2968 2811 3179 2872 Basilii
3232 2829 3431 2879 soror,
3485 2832 3513 2864 »
3577 2807 3748 2887 quod

335 2925 464 2984 prae
495 2926 558 2966 se
593 2912 708 2973 fert
755 2908 1058 2986 epitaphii
1117 2909 1354 2978 titulus,
1415 2916 1477 2968 et
1534 2909 1856 2968 Emmeliae
1915 2909 2065 2978 tilia,
2129 2928 2255 2986 quo
2313 2910 2377 2968 in
2423 2911 2559 2986 ipso
2613 2915 2706 2969 est
2754 2909 3096 2986 epitaphio,
3135 2925 3561 2984 germanaque
3592 2905 3752 2964 adeo

336 3022 409 3062 ac
441 3006 694 3082 proprie
738 3005 993 3084 Nysseni
1046 3024 1224 3064 soror
1274 3006 1623 3066 'l‘heosebia
1672 3011 2010 3066 astruatur.
2078 3007 2372 3084 Epistolaa
2423 3007 2613 3067 verba
2661 3013 2843 3066 sunt:
2907 3030 2937 3060 ‹‹
2995 3009 3080 3066 Te
3139 3004 3417 3064 admiror
3473 3003 3552 3062 ob
3611 3020 3751 3062 eam

342 3102 739 3162 tolerantiam
798 3121 871 3162 ac
922 3103 1383 3181 philosophiam
1425 3149 1438 3175 ,
1519 3123 1709 3181 quam
1784 3103 2056 3163 discessu
2115 3105 2316 3165 beatae
2374 3111 2730 3182 sanctasque
2780 3103 3011 3163 sororis
3066 3108 3288 3161 vestrae
3337 3106 3636 3178 praestare
3693 3106 3754 3160 te

341 3199 565 3258 audio:
629 3224 658 3254 »
720 3219 861 3277 quae
921 3201 1173 3277 quidem
1233 3202 1425 3260 verba
1479 3201 1638 3260 illud
1689 3202 2083 3279 epitaphium
2142 3203 2265 3261 alio
2323 3202 2619 3280 prohibet
2671 3200 3052 3279 detorqueri.
3119 3205 3192 3260 Et
3245 3200 3436 3258 Paulo
3494 3199 3755 3258 inferius

333 3297 642 3372 praedicat
689 3297 1145 3368 Theosebiam,
1213 3319 1241 3355 α
1301 3300 1592 3358 Ecclesiae
1648 3299 1868 3369 decus,
1929 3299 2158 3358 Christi
2212 3305 2673 3370 ornamentum,
2736 3299 2940 3358 aetatis
2995 3298 3162 3357 illius
3219 3297 3505 3368 bonum,
3571 3296 3751 3354 femi-

333 3411 560 3453 narum
614 3395 958 3468 fiduciam,
1036 3397 1451 3456 Theosebiam
1509 3398 1572 3456 in
1631 3403 1808 3456 tanta
1878 3398 2141 3456 fratrum
2218 3397 2685 3474 pulchritudine
2759 3396 3275 3456 formosissimam
3335 3402 3396 3452 et
3471 3392 3750 3452 clarissi-

333 3509 541 3562 mam;
578 3514 607 3544 »
673 3492 960 3563 fratrum,
1020 3495 1302 3570 inquam,
1363 3493 1663 3571 quinque,
1717 3500 1779 3552 et
1826 3512 2112 3553 sororum
2175 3493 2456 3553 totidem.
2519 3494 2756 3564 Quibus
2808 3492 3056 3569 egregie
3096 3492 3367 3552 concinit
3397 3491 3457 3548 in
3495 3492 3747 3549 Emme-

329 3587 475 3645 liam
537 3589 929 3666 epitaphium
987 3607 1148 3649 cxxx
1197 3592 1366 3667 apud
1424 3591 1862 3650 Muratorium.
1926 3590 2103 3650 Mitto
2161 3609 2302 3667 qua:
2361 3609 2437 3649 ex
2494 3590 2568 3649 iis
2621 3590 2913 3649 laudibus
2970 3608 3084 3666 pro
3132 3587 3496 3648 'l‘heosebiaa
3532 3605 3752 3665 perpe-

329 3695 446 3745 tua
500 3685 860 3761 virginitate
917 3687 1129 3764 colligi
1201 3689 1481 3765 possint,
1558 3707 1746 3763 quam
1807 3688 2063 3764 quidem
2123 3689 2174 3746 si
2232 3691 2514 3764 professa
2581 3706 2707 3746 non
2767 3692 2971 3761 esset,
3033 3687 3225 3762 digna
3283 3686 3564 3763 profecto
3625 3703 3752 3743 non

328 3789 490 3840 esset
519 3800 661 3859 quae
718 3789 812 3842 tot
853 3783 1016 3844 inter
1060 3786 1285 3844 fratres
1337 3804 1410 3844 ac
1464 3804 1708 3844 sorores
1767 3786 2034 3862 virgines
2089 3787 2517 3856 «clarissima,
2578 3793 2640 3844 et
2695 3785 2925 3844 Christi
2981 3803 3053 3843 ac
3113 3783 3402 3844 Ecclesiae
3462 3782 3654 3841 decus
3688 3787 3753 3841 et

327 3897 549 3938 eruam
564 3890 780 3940 entum
810 3905 840 3936 »
877 3883 1209 3942 diceretur.

407 4011 469 4070 ln
529 4013 796 4092 epistola
852 4013 1158 4094 Theologi
1217 4016 1294 4075 ad
1355 4019 1703 4096 Nyssenum
1765 4017 1901 4077 haec
1951 4016 2343 4077 observanda
2402 4016 2674 4076 maxime
2744 4022 2888 4075 sunt
2945 4014 3176 4074 verba:
3247 4038 3276 4066 «
3333 4012 3748 4073 Theosebiam

328 4128 574 4180 meam;
629 4130 831 4170 meam
892 4113 1058 4173 enim
1124 4133 1274 4175 voco
1310 4163 1325 4191 ,
1412 4135 1553 4194 quae
1613 4121 1682 4175 ut
1763 4115 1872 4175 Dei
1932 4114 2174 4192 legibus
2241 4121 2732 4175 consentaneum
2789 4120 2922 4174 erat
2978 4112 3170 4184 vixit;
3227 4111 3742 4189 quandoquidem

324 4209 620 4287 spiritalis
678 4210 969 4288 cognatio
1039 4230 1405 4290 corpoream
1465 4214 1804 4273 antecellit.
1866 4236 1894 4268 »
1957 4219 2222 4276 Tantam
2284 4213 2419 4272 haec
2474 4214 2667 4274 verba
2723 4214 2846 4273 vim
2908 4213 3141 4271 habent
3203 4211 3280 4269 ad
3343 4209 3741 4288 probandum

322 4306 734 4367 Theosebiam
785 4325 1064 4368 sororem
1126 4328 1257 4369 esse
1317 4329 1680 4387 germanam
1743 4314 2044 4390 Nysseni,
2120 4317 2180 4370 et
2236 4311 2311 4370 ad
2374 4312 2714 4370 arcendum
2775 4310 3021 4389 penitus
3079 4326 3219 4368 cum
3282 4308 3360 4366 ab
3420 4326 3493 4366 eo
3531 4353 3545 4379 ,
3612 4312 3744 4364 tum

324 4423 357 4462 a
418 4404 803 4465 Nazianzeno
861 4405 1250 4485 conjugium,
1315 4416 1382 4467 ut
1435 4408 1660 4468 mirum
1723 4409 1901 4469 valde
1960 4410 2039 4470 sit
2094 4410 2262 4469 viros
2317 4408 2536 4468 doctos
2593 4426 2667 4469 ex
2726 4407 2823 4467 his
2880 4407 3086 4467 verbis
3143 4424 3360 4466 ansam
3406 4403 3750 4482 arripuisse

322 4500 606 4561 alterutri
663 4501 962 4579 Gregorio
1021 4521 1162 4563 cum
1221 4503 1574 4565 Theosebia
1635 4505 2102 4566 matrimonium
2163 4505 2545 4583 afﬁngendi,
2599 4524 2675 4564 ex
2733 4503 2961 4583 quibus
3021 4502 3408 4564 contrarium
3469 4505 3750 4560 statuere

322 4598 699 4658 debuerant.

403 4723 582 4783 Certe
633 4723 1017 4803 Gregorius,
1088 4743 1231 4787 cum
1317 4749 1343 4784 ‹‹
1403 4727 1747 4805 cognitioni
1821 4746 2137 4807 corporeae
2172 4775 2185 4800 ,
2252 4750 2282 4783 »
2348 4747 2472 4805 qua
2527 4730 2871 4805 Nyssenum
2931 4723 3282 4786 Theosebia
3338 4721 3743 4799 attingebat,

327 4847 354 4876 ‹‹
389 4821 730 4900 spiritalem
765 4845 793 4878 υ
859 4823 1123 4902 opponit
1154 4843 1282 4904 qua
1323 4825 1400 4886 ad
1433 4844 1499 4886 se
1555 4825 1761 4905 ipsum
1823 4825 2213 4904 pertinebat;
2277 4845 2415 4884 cum
2486 4848 2513 4882 «
2544 4824 2841 4902 Spiritalis
2873 4847 2900 4881 ι)
2966 4822 3156 4902 hujus
3224 4845 3251 4880 (ι
3282 4819 3677 4897 cognationis
3720 4844 3744 4874 υ

321 4939 543 4980 causas
599 4939 671 4981 ac
745 4920 1018 4982 rationes
1077 4923 1324 4995 reddit,
1389 4925 1560 5002 quod
1622 4925 1914 4983 nimirum
1975 4924 2323 4985 Theosebia
2388 4946 2416 4981 (ι
2476 4923 2582 4982 Dei
2651 4923 2892 5000 legibus
2963 4927 3380 4982 consentanee
3441 4917 3644 4992 vixit,
3711 4941 3740 4972 ››

318 5036 568 5079 omnem
643 5036 901 5096 prorsus
981 5038 1016 5080 a
1087 5039 1151 5080 se
1224 5028 1284 5082 et
1346 5042 1383 5081 a
1439 5025 1716 5101 Nysseno
1796 5022 2182 5082 matrimonii
2239 5021 2653 5100 suspicionem
2717 5021 3089 5099 propulsat.
3153 5015 3503 5079 Theosebia
3561 5033 3744 5074 soror

317 5122 453 5175 erat
510 5116 794 5194 Nysseni,
857 5118 1229 5195 cognatione
1291 5121 1637 5199 corporali;
1690 5141 1866 5180 soror
1927 5139 2071 5179 vero
2121 5120 2507 5191 Nazianzeni,
2578 5142 2604 5173 α
2669 5119 3043 5195 cognatione
3101 5114 3452 5195 spirituali;
3517 5138 3544 5168 γ)
3589 5131 3744 5171 neu-

322 5215 476 5273 trius
533 5220 742 5274 autem
806 5234 986 5276 uxor.
1049 5218 1170 5277 Nec
1224 5238 1474 5278 movere
1533 5219 1720 5280 debet
1779 5239 1899 5278 vox
1957 5219 2078 5278 isla
2132 5224 2381 5298 sago-(0;,
2447 5237 2572 5295 qua
2630 5237 2777 5276 usus
2835 5225 2927 5276 est
2958 5222 3180 5276 auctor
3208 5211 3536 5292 epitaphii.
3574 5210 3741 5269 Idem

318 5312 482 5371 enim
542 5312 658 5372 hac
719 5332 868 5373 voce
925 5313 1281 5392 signiﬁcare
1363 5317 1560 5375 voluit
1638 5316 2020 5393 Gregorius,
2097 5317 2264 5393 quod
2339 5315 2401 5374 in
2484 5313 2806 5391 epitaphio
2892 5331 2987 5372 XLI
3081 5312 3248 5389 apud
3331 5305 3742 5368 Muratorium

323 5432 378 5486 ι).
444 5412 883 5494 -1οζΚαρτὲριον
939 5425 1039 5487 τῆς
1098 5422 1198 5488 σῆς
1255 5419 1483 5494 σύζυγον
1547 5416 1815 5491 εὖσεϐίηςι
1888 5435 1915 5471 α

2142 5414 2276 5487 isti,
2335 5414 2563 5492 inquit,
2625 5412 3013 5483 Nicomedes,
3067 5407 3414 5470 Carterium
3449 5410 3574 5465 tuae
3606 5403 3742 5482 pie-

323 5506 468 5566 tatis
524 5509 802 5569 socium.
862 5533 893 5565 »
952 5511 1342 5572 Nazianzeno
1403 5518 1570 5573 certe
1616 5513 1792 5573 licuit
1848 5512 2017 5592 quod
2074 5513 2300 5589 cuique
2358 5513 2550 5581 licet,
2612 5509 2870 5570 vocibus
2925 5509 2998 5568 iis
3056 5508 3280 5583 abuti,
3339 5503 3571 5583 quibus
3628 5519 3738 5560 vo-

325 5605 557 5678 luerit,
634 5607 816 5670 modo
875 5607 1180 5682 deﬁniat,
1259 5629 1611 5689 novamque
1670 5629 1861 5689 quam
1936 5610 2012 5670 iis
2076 5609 2325 5687 afﬁngit
2379 5608 2898 5686 signiﬁcationem
2962 5610 3282 5686 exponat.
3358 5599 3536 5674 Quod
3585 5615 3739 5659 sane

327 5703 726 5766 disertissime
812 5706 1146 5785 prmstitit,
1223 5707 1636 5769 Theosebiam
1722 5725 1999 5769 sororem
2085 5707 2345 5788 Nysseni
2429 5724 2793 5786 germanam
2857 5723 2989 5766 esse
3046 5704 3472 5773 conﬁrmans,
3560 5697 3729 5777 ejus-
