4052 6276
248 392 322 458 53
1268 396 1682 460 PREFATIO
1730 396 2195 459 GENERALIS.
2229 428 2306 442 —-
2338 393 2534 458 PARS
2580 391 2660 457 Il.
3583 382 3665 453 Μ

248 531 513 612 demque
572 527 1002 596 diaconissam
1057 530 1158 595 his
1216 533 1419 596 verbis
1478 537 1785 608 astruens,
1848 532 2075 614 quibus
2130 531 2378 613 aptiora
2434 550 2559 594 non
2641 534 2787 593 sunt
2859 527 2941 591 ad
2999 525 3388 610 designanda
3444 524 3660 592 diaco-

248 628 427 691 nissae
486 630 715 692 merita
773 636 837 692 et
912 633 1168 693 munia:
1236 653 1265 691 α
1315 631 1731 694 Theosebiam
1786 650 1930 693 vere
1985 650 2250 705 sacram,
2315 636 2506 711 atque
2562 629 2718 692 adeo
2798 627 3109 691 sacerdoti
3182 644 3545 709 comparem
3603 629 3666 688 et

246 746 464 805 parem
496 728 742 789 honore
774 735 837 791 et
867 730 1115 808 magnis
1146 730 1456 809 mysteriis
1486 730 1767 809 dignam.
1792 751 1821 787 ι)

322 826 641 887 Praeterea
699 846 819 886 vox
880 829 1095 888 Graeca
1145 824 1371 901 σύζυγος
1430 846 1553 888 non
1614 827 1868 906 proprie
1923 826 2235 905 significat
2288 845 2415 901 eos,
2482 844 2640 905 quos
2710 825 2932 886 Latine
2979 824 3278 904 conjuges
3338 840 3661 897 vocamus,

245 924 546 982 maritum
601 930 665 983 et
722 942 1026 997 uxorem;
1090 925 1197 985 sed
1253 944 1357 985 eos
1432 926 1803 1003 generatim,
1865 925 1973 1004 qui
2041 925 2247 1004 operis
2322 923 2604 1001 ejusdem
2682 923 2854 997 socii,
2932 922 3096 983 idem
3176 921 3366 982 veluti
3434 921 3661 1000 jugum

245 1019 499 1081 trahere
558 1027 917 1083 censentur.
983 1024 1075 1083 Ita
1133 1023 1376 1084 consilii
1432 1024 1799 1103 participem
1861 1028 2043 1084 vocat
2099 1019 2321 1095 σύζυγον
2356 1021 2805 1100 Aristophanes
2861 1022 2921 1081 in
2981 1020 3204 1082 Pluto:
3265 1020 3354 1080 ita
3410 1038 3663 1099 quoque

244 1118 449 1178 Plato.
536 1120 638 1180 Sic
716 1127 780 1180 et
853 1121 1103 1196 nostris,
1182 1121 1489 1182 Macarius
1554 1121 1885 1201 [Egyptius
1963 1121 2306 1182 monachus
2381 1117 2643 1193 συζ 5γους
2694 1120 2984 1187 nominat
3067 1117 3430 1197 discipulos,
3505 1135 3665 1196 quos

247 1216 427 1276 binos
504 1217 810 1277 Dominus
892 1218 1080 1289 misit,
1159 1223 1464 1297 tanquam
1543 1218 1930 1298 conjugales.
2018 1222 2106 1279 Eo
2181 1218 2367 1278 etiam
2450 1237 2633 1278 sensu
2709 1216 3060 1278 Theosebia
3120 1212 3350 1288 σύζυγος
3383 1214 3667 1293 Gregorii

248 1317 512 1393 Nysseni
572 1316 691 1376 fuit
750 1322 812 1376 et
869 1317 991 1377 dici
1046 1318 1273 1395 potuit,
1308 1318 1477 1396 quod
1529 1318 1620 1378 illi
1653 1342 1679 1373 α
1718 1337 1834 1396 par
1892 1318 2150 1391 honore,
2190 1342 2216 1372 »
2252 1309 2544 1387 ὁμότιμον,
2606 1317 2771 1396 quod
2812 1315 3116 1394 «magnis
3184 1314 3374 1392 digna
3432 1319 3662 1393 myste-

248 1410 378 1489 riis,
458 1434 489 1469 ι)
569 1413 677 1463 τῶν
715 1408 968 1485 μεγάλων
1006 1409 1317 1487 μυστηρίων
1375 1410 1540 1481 ἀξίαν,
1618 1414 1819 1493 iisque

2059 1414 2322 1474 strandis
2395 1414 2653 1475 fratrem
2727 1431 2924 1485 soror,
2979 1412 3367 1472 sacerdotem
3443 1411 3659 1471 diaco-

250 1508 415 1569 nissa
476 1508 850 1588 adjuvabat,
904 1518 966 1570 et
1022 1511 1358 1589 conjuncta
1419 1531 1610 1590 opera
1666 1512 2118 1573 collaborabat.
2180 1514 2325 1572 Haec
2384 1517 2597 1573 autem
2668 1512 2744 1570 de
2821 1529 2970 1572 voce
3032 1508 3260 1581 σύζυγος
3317 1508 3663 1589 disputavi-

250 1626 407 1680 mus,
464 1607 641 1669 salvo
698 1607 912 1668 Basilii
969 1609 1164 1688 patris
1221 1608 1631 1688 ejusdemque
1688 1610 1962 1689 episcopi
2023 1610 2335 1670 connubio
2413 1628 2553 1671 cum
2628 1609 2952 1681 Emmelia,
3016 1614 3079 1668 et
3133 1606 3413 1685 Gregorii
3468 1606 3665 1686 patris

249 1727 387 1768 cum
451 1711 704 1769 Nonna.
768 1710 1073 1769 Emmelia
1128 1710 1291 1771 enim
1353 1717 1414 1770 et
1467 1713 1711 1783 Nonna,
1774 1710 2184 1771 sanctissimae
2258 1709 2530 1783 feminae,
2590 1729 2734 1770 vere
2809 1709 3128 1787 conjuges,
3190 1708 3390 1768 altera
3452 1706 3661 1768 Basilii
3728 1740 3731 1745 ί

249 1806 472 1885 patris,
525 1806 724 1868 altera
787 1809 1067 1885 Gregorii
1142 1808 1334 1885 patris
1414 1810 1605 1880 fuere,
1668 1809 1836 1886 quod
1910 1809 2047 1868 aliis
2136 1816 2197 1868 et
2267 1808 2555 1886 plurimis
2631 1807 3019 1886 argumentis
3097 1810 3363 1867 constat.
3426 1807 3661 1866 Neutra

248 1923 388 1963 eum
450 1905 684 1965 marito
740 1905 1301 1983 consanguinitatis
1360 1905 1487 1966 ullo
1541 1905 1740 1984 gradu
1798 1910 1933 1966 erat
1989 1905 2346 1985 conjuncta,
2411 1910 2477 1966 ut
2533 1923 2747 1966 vocem
2824 1923 2861 1965 a
2936 1904 3148 1965 nativa
3204 1902 3662 1983 significatione

250 2001 560 2062 deducere
592 2020 752 2080 opus
784 2003 882 2061 sit.

330 2102 529 2159 Nemo
576 2098 714 2178 jam
775 2119 901 2161 non
950 2100 1243 2179 intelligit
1302 2120 1426 2180 quo
1484 2101 1701 2161 ordine
1760 2100 2053 2161 habenda
2108 2099 2187 2160 sit
2242 2119 2402 2161 vana
2467 2099 2791 2160 Muratorii
2846 2099 2922 2160 de
3000 2099 3399 2160 matrimonio
3456 2096 3660 2159 Theo-

253 2196 375 2276 logi
436 2198 744 2276 suspicio,
806 2204 869 2258 et
925 2205 1162 2275 quanto
1218 2200 1278 2258 in
1338 2218 1546 2259 errore
1606 2205 1887 2259 versatus
1941 2200 2022 2259 sit
2074 2197 2468 2276 Beveregius,
2530 2198 2639 2276 qui
2713 2196 3098 2258 confidenter
3167 2197 3386 2257 asserit
3460 2196 3660 2256 nemi-

252 2312 387 2353 nem
484 2293 551 2353 in
650 2294 1030 2372 antiquitate
1105 2302 1418 2356 versatum
1509 2296 1747 2356 nescire
1833 2296 2205 2375 Gregorium
2296 2294 2686 2373 Theologum
2783 2293 3182 2354 matrimonio
3294 2293 3658 2372 copulatum

250 2391 458 2451 fuisse.
521 2391 658 2451 lmo
717 2411 904 2452 nemo
957 2393 1020 2451 in
1080 2394 1453 2471 antiquitate
1517 2400 1793 2454 versatus
1867 2394 1929 2454 id
2007 2412 2281 2473 unquam
2357 2392 2703 2471 cogitavit:
2765 2411 2925 2452 unus
2998 2392 3369 2471 Beveregius
3437 2396 3655 2451 natum

248 2506 319 2547 ex
378 2507 444 2547 se
519 2495 647 2549 tam
704 2489 1058 2549 inauditum
1118 2499 1540 2551 commentum
1599 2491 1879 2570 protulit.
1940 2493 2191 2552 Certum
2248 2490 2442 2568 igitur
2498 2496 2558 2550 et
2626 2490 3067 2550 inconcussum
3146 2492 3392 2550 maneat
3471 2487 3658 2547 nullis

246 2585 576 2663 alligatum
635 2605 917 2665 unquam
976 2590 1208 2667 nuptiis
1265 2590 1451 2649 fuisse
1509 2589 1923 2667 Theologum,
1986 2589 2112 2668 qui,
2178 2595 2246 2648 ut
2302 2588 2389 2648 ait
2464 2586 2827 2648 Theodulus
2877 2585 3224 2646 monachus
3297 2585 3362 2644 in
3418 2586 3653 2663 Grego-

248 2683 320 2743 rii
375 2683 690 2763 Theologi
748 2685 1113 2746 laudatione
1192 2687 1274 2766 (p.
1338 2688 1495 2765 153),
1563 2712 1592 2743 ‹‹
1666 2688 1921 2767 nuptias
2004 2706 2129 2747 non
2210 2685 2438 2763 attigit,
2500 2703 2713 2745 verum
2792 2683 2853 2744 in
2927 2688 3231 2763 perpetua
3300 2682 3659 2761 virginitate

250 2782 420 2841 vixit.
485 2806 517 2837 »
578 2784 834 2844 Certum
893 2803 1145 2863 quoque
1202 2791 1263 2845 et
1318 2785 1757 2845 inconcussum
1823 2790 2072 2844 maneat
2130 2784 2497 2862 Gregorium
2573 2785 2919 2860 Nyssenum
2984 2779 3300 2843 connubio
3366 2780 3659 2858 junctum

250 2898 372 2939 non
432 2880 626 2940 fuisse
686 2898 829 2941 cum
881 2880 1250 2955 'l‘hcosebia,
1313 2902 1453 2960 quae
1510 2882 1762 2960 quidem
1836 2900 2012 2942 soror
2070 2881 2263 2960 ipsius
2338 2887 2494 2953 erat,
2554 2900 2681 2939 non
2757 2884 2967 2940 autem
3045 2880 3316 2957 conjux;
3377 2877 3663 2955 adeoque

252 2985 314 3037 et
367 2978 603 3057 ipsum,
664 2978 718 3038 si
774 2979 899 3039 alio
958 2998 1083 3040 non
1136 2980 1322 3040 fuerit
1385 2980 1678 3059 conjugio
1752 2979 2132 3058 implicatus,
2196 2979 2461 3039 liberum
2538 2982 2600 3037 et
2678 2976 2959 3037 caelibem
3035 2982 3339 3054 perpetuo
3414 2974 3662 3034 vixisse.

254 3076 415 3135 Sane
473 3076 581 3154 qui
638 3094 783 3136 eum
850 3078 1102 3157 nuptias
1180 3078 1458 3156 attigisse
1520 3079 1889 3152 voluerunt,
1968 3096 2093 3137 non
2160 3076 2347 3136 aliam
2428 3095 2616 3154 quam
2696 3074 3109 3136 Theosebiam
3183 3092 3326 3133 eum
3406 3090 3666 3133 uxorem

248 3172 545 3234 habuisse
608 3180 991 3246 statuerunt,
1054 3194 1167 3236 nec
1228 3175 1352 3236 alio
1412 3176 1541 3235 nixi
1596 3175 2007 3235 fundamento
2065 3193 2253 3252 quam
2342 3173 2607 3252 epistola
2664 3173 2745 3231 al.
2807 3189 2979 3245 xcv;
3042 3189 3183 3249 qua
3259 3188 3403 3229 cum
3477 3168 3667 3230 aliam

252 3290 378 3349 prae
440 3289 508 3330 se
566 3271 727 3331 ferat
785 3273 1177 3347 sententiam,
1240 3273 1365 3333 ruit
1421 3272 1675 3332 omnino
1732 3272 2095 3351 nuptiarum
2156 3270 2417 3350 Nysseni
2463 3270 2967 3344 fundamentum,
3026 3268 3247 3328 victrix
3304 3274 3399 3327 est
3452 3266 3665 3346 opinio

249 3368 757 3429 Centuriatorum
820 3368 927 3448 (a),
990 3371 1097 3447 qui
1147 3388 1289 3430 eum
1369 3376 1673 3450 perpetuo
1731 3370 2013 3431 caelibem
2089 3370 2313 3430 vixisse
2365 3369 2608 3441 volunt,
2669 3372 2731 3428 et
2786 3366 3048 3428 laudant
3104 3365 3453 3427 oralionem
3513 3367 3664 3427 Gre-

244 3466 401 3544 gorii
433 3465 519 3526 al.
550 3485 638 3526 xx
666 3467 729 3526 in
759 3467 1057 3527 Basilium
1093 3469 1412 3546 Magnum.

319 3563 588 3624 Dibrum
644 3562 734 3624 De
803 3565 1149 3644 virginitate
1222 3566 1470 3646 scripsit
1548 3569 1862 3646 Nyssenus
1919 3568 2007 3644 (p.
2073 3565 2238 3645 117),
2301 3550 2362 3624 in
2437 3583 2562 3643 quo
2637 3564 2774 3624 haec
2851 3567 2997 3624 sunt
3064 3562 3300 3623 verba:
3368 3585 3398 3618 «
3454 3560 3664 3623 Veluti

246 3661 521 3739 quodam
578 3667 763 3721 terrae
843 3662 1019 3722 hiatu
1093 3664 1522 3743 prohibemur,
1605 3664 1940 3742 quominus
2015 3663 2095 3723 ad
2169 3662 2334 3723 hanc
2410 3662 2833 3741 virginitatem
2913 3659 3285 3721 accedamus
3338 3708 3351 3734 ,
3417 3684 3445 3715 »
3521 3677 3663 3739 quae

247 3759 431 3819 verba
500 3757 745 3819 amissae
827 3759 1200 3836 virginitatis
1277 3762 1614 3839 quamdam
1698 3762 2112 3841 suapicioncm
2193 3761 2483 3821 videntur
2566 3758 2846 3838 injicere.
2929 3760 3156 3819 Verum
3235 3756 3372 3818 haec
3471 3758 3665 3817 verba

245 3856 398 3933 ipsa,
456 3862 522 3915 et
580 3857 1094 3934 comparationes
1168 3877 1324 3936 quas
1390 3858 1648 3918 adhibet
1703 3858 1754 3917 si
1822 3860 2194 3937 perpendes,
2255 3858 2525 3936 suspicio
2600 3860 2949 3917 evanescet.
3011 3858 3147 3916 Non
3221 3854 3385 3916 enim
3471 3853 3664 3932 virgi-

249 3955 511 4014 nitatem
589 3954 820 4032 ipsam,
900 3956 1007 4015 sed
1080 3955 1249 4016 illius
1323 3956 1467 4015 vitae
1564 3956 1920 4030 commoda,
2002 3955 2325 4029 utilitates,
2403 3955 2676 4034 quietem
2749 3953 3057 4032 deplorat.
3139 3954 3300 4025 Non,
3377 3952 3663 4028 inquam,

248 4053 481 4111 nudam
539 4069 615 4111 ac
668 4052 1018 4131 simplicem
1077 4053 1503 4132 virginitatem
1561 4054 1624 4112 in
1684 4072 1758 4113 eo
1816 4059 2083 4113 tractatu
2146 4053 2443 4132 proponit
2495 4055 2862 4131 Nyssenus;
2926 4050 3033 4111 sed
3100 4050 3294 4110 vitam
3369 4052 3497 4109 Deo
3554 4047 3665 4108 de-

244 4156 483 4221 votam,
547 4148 811 4209 liberam
868 4149 1033 4210 curis
1089 4169 1161 4211 ac
1219 4150 1558 4224 cmlestem,
1621 4149 1800 4229 cujus
1874 4150 2149 4229 adjutrix
2205 4150 2267 4209 in
2346 4150 2561 4228 primis
2620 4154 2680 4209 et
2753 4148 2920 4209 socia
2980 4147 3327 4226 virginitas.
3388 4144 3667 4224 Negotiis

244 4253 456 4308 autem
537 4246 947 4307 saecularibus
1027 4248 1326 4309 distracta
1414 4249 1710 4327 primum,
1776 4248 1919 4309 dein
2010 4248 2352 4327 episcopali
2444 4246 2867 4307 sollicitudine
2944 4245 3207 4325 Nysseni
3298 4244 3427 4304 vita
3519 4262 3661 4305 cum

243 4345 449 4416 fuerit,
484 4343 646 4404 nihil
696 4346 923 4405 mirum
985 4347 1062 4406 ab
1124 4365 1222 4419 eo,
1285 4346 1392 4424 qui
1476 4346 1665 4406 tantis
1722 4346 1903 4407 bonis
1958 4346 2233 4419 carebat,
2268 4350 2499 4405 sortem
2559 4363 2736 4405 suam
2795 4343 3131 4423 deplorari.
3193 4342 3308 4414 Qui
3359 4342 3455 4403 vel
3510 4360 3660 4421 pro-

247 4442 460 4521 logum
496 4441 740 4519 legerit,
776 4442 883 4503 ubi
911 4449 1275 4504 accuratum
1309 4445 1498 4504 totius
1526 4443 1670 4504 libri
1702 4449 2169 4522 argumentum,
2202 4461 2331 4503 rem
2363 4442 2693 4520 intelliget.

960 4586 1123 4660 §Il1.
1158 4603 1233 4646 ns
1280 4603 1423 4648 VITA
1470 4602 1817 4647 MONASTICA
1858 4601 2025 4654 QUAM
2068 4601 2397 4646 rnorsssus
2440 4601 2548 4645 ssr
2596 4600 2949 4646 GREGORIUS.

321 4695 691 4757 Monasticaa
746 4698 892 4760 vitae
972 4700 1357 4779 professione
1434 4701 1758 4761 astrictum
1837 4701 2025 4761 fuisse
2102 4700 2491 4779 Gregorium,
2550 4717 2665 4758 nec
2722 4717 2844 4758 non
2903 4697 3226 4768 Basilium,
3279 4696 3651 4775 Chrysosto-

241 4812 413 4854 mum
502 4802 798 4855 constans
878 4803 973 4858 est
1053 4798 1333 4858 omnium
1418 4805 1583 4859 retro
1672 4799 2040 4859 saculorum
2100 4798 2429 4859 sententia.
2519 4800 2671 4858 Cum
2741 4796 2801 4855 id
2860 4796 3075 4874 negari
3160 4794 3445 4855 absolute
3526 4810 3652 4854 non

243 4892 461 4969 possit,
525 4911 752 4953 novam
815 4896 1156 4972 quamdam
1213 4896 1596 4974 opinionem,
1661 4898 1826 4975 apud
1906 4897 2200 4975 antiquos
2273 4894 2620 4955 inauditam
2708 4910 2985 4972 prorsus,
3043 4892 3265 4952 doctus
3341 4889 3655 4951 Thomas-

238 4988 414 5047 sinus
487 4986 751 5062 invenit,
814 4995 880 5049 ut
934 4990 1315 5051 moncahum
1372 5010 1494 5051 non
1570 4992 1759 5052 fuisse
1825 4993 2213 5069 Gregorium,
2276 5008 2389 5049 nec
2465 4988 2762 5049 Basilium
2842 4987 3221 5049 ostenderet.
3281 4984 3655 5063 Hujusmodi

240 5084 613 5163 ﬁgmentum
670 5087 881 5148 arrisit
940 5088 1347 5149 celeberrimo
1417 5088 1627 5148 abbati
1706 5088 2036 5168 Trapensi,
2095 5088 2553 5149 monachorum
2630 5086 2839 5147 studia
2922 5084 3318 5163 impugnanti
3375 5081 3496 5161 (b);
3550 5102 3649 5151 ne,

243 5183 287 5241 si
382 5182 778 5261 Gregorium,
876 5185 1199 5258 Basiliam,
1277 5172 1815 5265 Chrysostomum,
1908 5191 2052 5258 etc.,
2135 5185 2479 5246 monachos
2580 5184 2767 5244 fuisse
2863 5187 3255 5260 agnosceret,
3333 5179 3659 5239 monachis

244 5280 335 5337 fas
391 5297 524 5341 esse
578 5282 788 5341 studio
838 5281 1221 5356 incumbere,
1287 5301 1628 5362 agnoscere
1701 5289 2048 5362 cogeretur.
2102 5284 2247 5343 Hmc
2324 5282 2689 5361 Hieronymi
2763 5280 3045 5359 epistolae
3116 5278 3197 5339 ad
3270 5277 3650 5356 Principiam

246 5377 453 5451 verba,
517 5378 709 5459 hujus
778 5397 963 5441 novae
1019 5380 1336 5461 opinionis
1394 5383 1876 5442 fundamentum
1947 5382 2166 5443 statuit
2208 5381 2657 5442 Thomassinus
2716 5378 2831 5460 (c):
2896 5402 2922 5433 ι
2987 5376 3401 5439 Suburbanus
3476 5374 3653 5436 vobis

245 5492 392 5552 ager
443 5495 560 5555 pro
616 5477 1006 5539 monasterio
1067 5478 1199 5554 fuit,
1262 5484 1325 5540 et
1381 5498 1486 5540 rus
1552 5479 1821 5541 electum
1898 5497 2012 5559 pro
2088 5478 2501 5540 solitudine...
2569 5477 2716 5549 Quis
2790 5475 2911 5537 hoc
2986 5474 3288 5548 crederet,
3353 5477 3424 5533 ut
3500 5489 3649 5533 con-

314 5624 581 5710 (gLCent.
642 5645 720 5697 ιν,
767 5643 822 5683 c.
872 5626 959 5693 10,
1017 5627 1189 5684 verbo
1237 5628 1389 5700 Greg.
1451 5630 1609 5700 Nysa.
1659 5631 1881 5685 centur.
2066 5626 2451 5710 ({2)_Rﬁép.'aux
2484 5626 2955 5710 étud.lmon‘a'st,,
2988 5640 3043 5695 p.
3096 5623 3219 5710 178'.

252 5708 305 5764 p.
336 5694 457 5753 322.
706 5694 713 5697 ⁷
1338 5694 1357 5700 ⁷
1500 5694 1519 5700 ⁷

1972 5738 1975 5739 ν
2076 5694 2155 5771 ’(ιέ)
2189 5694 2384 5772 Πιὲεἰρ.
2419 5714 2519 5766 ec.,
2550 5700 2698 5769 part.
2725 5711 2787 5763 ιι,
2819 5694 2921 5752 lib.
2946 5694 3145 5767 1,’cap.
3180 5695 3264 5751 46.
