4052 6276
385 375 464 442 85
1397 378 1814 440 ΡΠᾸΞΙἋΊῚΟ
1862 377 2333 440 (ἲΙῗΝΙΞῙῖᾹΗΞ.
2373 414 2444 424 -
2478 378 2675 440 PARS
2721 379 2798 440 Π.
3729 382 3804 443 56

384 512 592 574 sulum
679 529 992 592 pronepos
1081 512 1563 595 (Pammachius,
1627 533 1814 594 quem
1920 516 2354 594 Hieronymus,
2444 513 2723 595 appellat
2804 508 3238 587 ἀρχιστράτηγον
3323 515 3807 612 monachorum)

388 634 420 668 «
479 612 640 671 inter
698 629 1011 690 purpuras
1068 619 1429 674 senatorum
1493 613 1673 673 furva
1730 613 1942 673 tunica
1999 613 2278 690 pullatus
2335 613 2705 674 incederet?
2771 636 2797 668 »
2857 614 2989 674 Hoc
3067 619 3267 672 totum
3337 622 3450 687 est,
3513 616 3562 675 si
3649 617 3803 679 fides

384 709 800 770 Thomassino
876 708 981 789 (a),
1064 713 1428 789 mysterium
1507 711 1872 771 monasticae
1949 711 2351 789 professionis
2423 711 2725 789 Gregorii,
2805 710 3040 782 Basilii,
3122 711 3569 790 Chrysostomi,
3652 721 3795 789 etc.,

383 808 680 868 nimirum
759 809 939 867 furva
1010 809 1223 869 tunica
1295 810 1604 886 pullatum
1677 809 1984 881 incedere,
2046 827 2191 868 rure
2265 809 2522 869 versari.
2585 812 2718 869 Non
2796 808 2985 868 aliam
3063 809 3124 868 in
3182 809 3279 869 his
3355 812 3585 871 sanctis
3659 814 3802 875 vitae

387 906 753 968 monasticae
807 906 1259 984 professionem
1333 906 1616 983 agnoscit
1689 906 2161 977 'l'homassinus,
2228 906 2539 984 simulque
2613 912 2804 983 negat
2873 929 2901 962 «
2963 925 3104 966 vere
3180 909 3561 969 monachum
3644 929 3797 984 esse,

381 1003 501 1064 nisi
560 1003 668 1082 qui
739 1021 804 1063 se
850 1005 927 1063 ad
1001 1009 1206 1064 totum
1284 1005 1424 1064 vitae
1499 1011 1744 1082 tempus
1821 1003 2146 1081 astringat,
2211 1022 2400 1082 seque
2491 1005 2783 1063 omnibus
2858 1004 3352 1083 professionibus
3426 1008 3654 1086 spoliet
3730 1027 3801 1069 ac

381 1101 595 1162 nudet.
660 1123 689 1159 ››
763 1135 841 1145 -
917 1124 950 1157 ‹‹
995 1103 1224 1162 Verum
1282 1101 1536 1162 difficile
1595 1119 1719 1160 non
1779 1101 1918 1172 erit,
1977 1100 2181 1180 inquit
2238 1107 2449 1162 noster
2499 1102 2876 1161 Prudentius
2934 1103 3250 1176 Maranus,
3305 1103 3797 1166 Thomassinum

383 1197 694 1270 refellens,
758 1203 1095 1276 utrumque
1156 1199 1232 1258 de
1285 1198 1512 1258 Basilio
1570 1202 1852 1257 astruere
1906 1215 1919 1269 ;
1980 1203 2041 1257 et
2097 1197 2268 1275 quod
2343 1198 2622 1258 eruditus
2696 1199 3146 1259 Thomassinus
3225 1202 3470 1272 statuit,
3532 1209 3598 1262 ut
3660 1221 3802 1262 eum

381 1297 764 1356 monachum
825 1315 951 1355 non
1012 1296 1200 1355 fuisse
1256 1296 1512 1373 probet,
1575 1296 1636 1354 id
1693 1300 2055 1356 convertere
2110 1296 2174 1355 in
2231 1302 2673 1374 argumentum
2733 1315 2893 1356 verae
2964 1297 3132 1356 illius
3208 1299 3577 1358 monasticae
3659 1319 3806 1378 pro-

387 1393 694 1454 fessionis.
727 1414 756 1451 »
811 1394 988 1465 Quod
1038 1395 1114 1453 de
1170 1393 1396 1456 Basilio
1459 1393 1711 1453 difﬁcile
1770 1412 1895 1453 non
1942 1398 2057 1464 est,
2090 1393 2167 1454 de
2225 1393 2524 1472 Gregorio
2585 1394 2902 1454 difﬁcilius
2958 1413 3082 1454 non
3134 1395 3272 1467 erit,
3334 1396 3514 1474 cujus
3574 1398 3812 1476 scripta

387 1493 665 1569 amplam
691 1499 962 1569 segetem
996 1491 1423 1570 suppeditant.

468 1591 703 1650 Vereor
765 1608 843 1649 ne
901 1595 1110 1650 actum
1173 1607 1359 1666 agere
1415 1589 1649 1662 videar,
1713 1594 1775 1648 et
1842 1607 2311 1667 supervacaneo
2389 1587 2753 1649 incumbere
2821 1588 3046 1658 labori,
3107 1589 3159 1648 si
3241 1590 3319 1650 de
3394 1592 3697 1670 Gregorio
3755 1592 3816 1651 id

385 1686 656 1767 probare
728 1687 1080 1764 aggrediar,
1145 1687 1315 1764 quod
1384 1686 1460 1746 de
1536 1687 1764 1746 Basilio
1835 1687 2127 1765 probavit
2201 1685 2336 1765 ejus
2401 1686 2810 1765 epistolarum
2906 1687 3131 1747 editor.
3198 1688 3315 1757 Qui
3387 1688 3554 1748 enim
3633 1689 3815 1749 unius

387 1783 533 1844 vitae
611 1783 972 1844 monasticae
1050 1783 1500 1862 professionem
1581 1783 1828 1861 probat,
1908 1790 2247 1861 utrumque
2343 1784 2719 1844 monachum
2818 1784 3006 1844 fuisse
3083 1786 3380 1845 ostendit.
3467 1787 3815 1864 Aggrediar

389 1887 624 1954 tamen,
688 1881 738 1940 si
798 1881 1052 1960 quidem
1111 1881 1274 1940 hanc
1331 1881 1719 1958 provinciam
1779 1887 1988 1942 noster
2047 1881 2418 1941 Prudentius
2477 1905 2505 1935 α
2568 1881 2769 1942 sodali
2827 1900 3068 1959 operun
3129 1882 3410 1959 Gregorii
3470 1883 3810 1945 editionem

396 1979 748 2040 elaboranti
783 2003 811 2034 »
873 1978 1148 2057 reliquit,
1182 1978 1338 2038 nihil
1367 1979 1500 2058 ipse
1544 2002 1574 2034 «
1634 1979 1696 2038 in
1759 1978 1854 2038 his
1904 1999 2043 2058 quae
2102 1979 2180 2039 ad
2238 1986 2523 2039 sanctum
2585 1979 2950 2057 Gregorium
3008 1979 3465 2041 Nazianzenum
3526 1987 3815 2060 spectant

392 2077 783 2138 immoratus.
819 2097 848 2134 ι)

472 2176 552 2236 Ut
609 2175 748 2253 quis
804 2193 948 2235 vere
1005 2181 1067 2234 et
1140 2174 1391 2253 proprie
1451 2173 1798 2234 monachus
1869 2175 1970 2248 sit,
2030 2175 2290 2252 requirit
2362 2175 2815 2236 Thomassinus
2874 2181 2942 2235 ut
2999 2199 3027 2230 «
3088 2194 3153 2236 se
3222 2176 3303 2235 ad
3380 2181 3583 2237 totum
3671 2178 3812 2238 vita:

394 2282 643 2354 tempus
723 2276 1050 2352 astringat,
1105 2293 1295 2353 seque
1384 2274 1679 2334 omnibus
1746 2274 2238 2352 possessionibus
2316 2275 2545 2353 spoliet
2620 2293 2693 2335 ac
2766 2277 2979 2335 nudet.
3055 2298 3086 2331 »
3150 2278 3499 2354 Utrumque
3573 2279 3818 2356 praesti-

394 2375 541 2435 tisse
624 2373 1017 2450 Gregorium,
1100 2371 1434 2450 Gregorius
1507 2372 1855 2450 presbyter,
1915 2373 2048 2450 ejus
2118 2373 2276 2433 Vitae
2349 2374 2637 2452 scriptor,
2713 2373 2960 2433 disertis
3034 2373 3242 2432 verbis
3319 2379 3586 2434 testatur
3635 2375 3722 2454 (p.
3784 2377 3820 2432 8

391 2477 454 2532 et
511 2471 601 2551 9).
665 2493 694 2525 α
756 2473 894 2549 lpse
953 2470 1070 2530 sibi
1125 2469 1494 2529 consulebat
1552 2476 1640 2541 ut,
1702 2469 2236 2548 quemadmodum
2293 2471 2357 2530 in
2414 2471 2557 2531 vitae
2629 2471 2961 2531 discrimen
3044 2471 3354 2531 adductus
3410 2473 3812 2549 promiserat,

389 2571 519 2630 Deo
577 2586 710 2628 sese
777 2567 1052 2640 offerret,
1112 2573 1170 2628 et
1227 2585 1264 2627 a
1323 2567 1558 2626 mundo
1617 2565 1955 2645 sejunctus,
2005 2585 2148 2627 eum
2201 2585 2274 2626 eo
2351 2567 2460 2646 qui
2519 2567 2689 2628 solus
2745 2568 3114 2646 purissimus
3168 2574 3283 2640 est,
3345 2568 3489 2629 vitae
3553 2587 3814 2630 consue-

391 2663 607 2724 tudine
632 2663 1026 2742 jungeretur,
1062 2669 1252 2741 atque
1286 2681 1362 2722 ex
1393 2663 1696 2722 librorum
1729 2681 2049 2723 sacrorum
2083 2663 2349 2723 lectione
2380 2664 2660 2724 veritatis
2690 2664 3086 2743 splendorem
3122 2665 3424 2725 hauriret.
3463 2689 3491 2721 ι

473 2785 502 2815 α
537 2760 733 2838 quue
761 2761 951 2822 etiam
1010 2778 1124 2838 per
1165 2778 1416 2820 omnem
1473 2760 1664 2820 vitam
1732 2761 1936 2821 facere
1991 2779 2113 2820 non
2173 2761 2427 2834 destitit,
2464 2761 2811 2822 monachus
2869 2780 2999 2822 esse
3052 2763 3261 2842 potius
3317 2763 3556 2824 habens
3616 2783 3804 2843 quam

392 2857 772 2929 mundanus,
812 2863 873 2918 ct
929 2875 1171 2936 pauper
1227 2876 1418 2935 quam
1476 2858 1992 2935 quaestuariuszi

2205 2873 2245 2924 lc
2305 2856 2422 2910 ἀντὶ
2480 2860 2772 2930 κοσμικοῢ.
2808 2883 2838 2914 ››
2875 2860 3191 2939 Quidquid
3247 2860 3442 2938 igitur
3494 2861 3805 2923 Thomas-

392 2955 566 3017 sinus
621 2955 903 3034 requirit,
968 2961 1036 3016 ut
1085 2957 1225 3034 quis
1277 2955 1533 3034 proprie
1588 2955 1833 3016 dicatur
1888 2962 1949 3016 et
2004 2974 2148 3016 vere
2206 2955 2285 3016 sit
2354 2957 2722 3030 monachus,
2779 2957 2845 3016 id
2914 2976 3101 3018 omne
3160 2957 3495 3036 Gregorius
3551 2959 3799 3038 praesti-

391 3053 507 3127 tit;
543 3052 671 3114 imo
703 3053 885 3131 plura
915 3072 1105 3131 quam
1139 3053 1468 3134 postulat.
2182 3061 2185 3066 ‘

476 3151 790 3230 Quidquid
849 3151 1145 3229 objicitur
1199 3169 1238 3210 a
1293 3149 1729 3223 Thomassino,
1782 3151 2120 3212 adductum
2182 3151 2466 3212 crederes
2522 3151 2604 3212 ad
2659 3151 3057 3230 probandum
3126 3153 3538 3214 monasticam
3616 3155 3807 3215 vitam

399 3249 747 3326 professum
809 3249 998 3309 fuisse
1053 3249 1448 3326 Gregorium.
1505 3249 1782 3328 Opponit
1833 3255 2043 3310 tamen
2104 3249 2196 3308 vir
2250 3251 2491 3323 doctus,
2540 3251 2838 3327 Gregorio
2897 3251 3133 3312 fontem
3165 3257 3227 3311 et
3283 3251 3536 3312 hortum
3594 3253 3810 3319 fuisse,

399 3345 686 3424 adeoque
715 3346 923 3425 ipsum
956 3365 1212 3407 suorum
1244 3345 1364 3405 sibi
1406 3364 1754 3406 reservasse
1785 3352 2024 3425 partem
2082 3345 2394 3407 bonorum
2449 3353 2509 3407 et
2565 3354 2901 3426 propterea
2955 3366 3099 3409 vere
3157 3355 3216 3408 et
3274 3345 3528 3428 preprie
3588 3367 3812 3410 mona-

405 3440 596 3502 chum
629 3461 755 3503 non
802 3442 1014 3502 fuisse.
1050 3444 1193 3503 Haec
1253 3441 1536 3519 Gregorii
1591 3441 1784 3502 verba
1836 3443 2075 3502 suntin
2133 3443 2408 3503 carmine
2440 3450 2581 3523 post
2638 3444 2995 3504 abdicatam
3052 3445 3816 3525 Constantinopolitanam

401 3539 610 3600 sedem
660 3539 915 3600 condito
968 3539 1161 3620 (quod
1215 3539 1472 3617 quidam
1532 3539 1864 3600 observare
1920 3540 2261 3620 plurimum
2308 3541 2614 3622 interest),
2648 3543 2711 3602 in
2771 3560 2897 3621 quo
2947 3559 3012 3602 se
3069 3542 3455 3602 monachum
3515 3543 3817 3622 appellat,

397 3635 569 3714 quod
630 3636 984 3698 dissimulat
1039 3636 1490 3698 Thomassinus
1546 3637 1668 3717 (b):
1717 3661 1747 3692 «
1805 3641 2017 3716 Nuper
2075 3638 2354 3716 quidam,
2416 3640 2643 3718 inquit,
2705 3641 2954 3713 stultus,
3017 3640 3254 3701 deliciis
3285 3641 3593 3720 perditus,
3652 3642 3822 3702 dives

399 3739 589 3812 atque
646 3733 946 3808 insolens,
1012 3735 1270 3796 delicias
1329 3734 1484 3795 mihi
1535 3736 1807 3813 vitaeque
1865 3735 2193 3796 mollitiem
2268 3736 2653 3814 objectabat,
2712 3756 2854 3798 cum
2915 3737 3039 3797 alia
3113 3739 3312 3797 multa
3387 3737 3627 3808 dicens,
3689 3744 3820 3798 tum

402 3832 593 3891 etiam
629 3831 807 3906 illud,
843 3851 943 3894 me
1001 3833 1256 3894 divitem
1315 3838 1376 3893 et
1435 3833 1758 3912 copiosum
1818 3852 1970 3908 esse,
2007 3840 2075 3893 ut
2126 3835 2234 3913 qui
2292 3842 2353 3895 et
2407 3834 2686 3911 hortum,
2722 3841 2783 3896 et
2850 3835 3094 3906 otium,
3133 3841 3194 3895 et
3251 3836 3635 3896 mediocrem
3693 3836 3822 3895 fon-

401 3937 528 3990 tem
587 3929 884 3991 habeam.
917 3931 958 4007 ξ»
1018 3929 1176 3990 Hinc
1232 3930 1552 3990 concludit
1615 3930 2089 4003 Thomassinus,
2153 3932 2516 4010 Gregorium
2570 3953 2694 3994 non
2752 3933 2967 3994 omnia
3034 3932 3202 3993 bona
3259 3933 3586 4005 abjecisse,
3628 3933 3819 3994 adeo-

402 4047 522 4103 que
555 4047 680 4089 non
737 4028 992 4107 proprie
1050 4028 1432 4089 monachum
1496 4029 1708 4088 fuisse.
1742 4033 1840 4088 An
1897 4030 2078 4102 serio,
2111 4048 2188 4088 an
2239 4029 2456 4108 jocose
2514 4038 2573 4090 et
2623 4030 2826 4091 ridere
2876 4029 3092 4090 volens
3153 4030 3276 4090 hoc
3307 4030 3535 4090 dixerit
3595 4031 3690 4090 vir
3720 4031 3820 4088 do-

402 4133 560 4199 ctus,
625 4125 900 4187 dubitari
951 4131 1198 4205 posset:
1256 4125 1482 4185 mirum
1542 4126 1705 4186 enim
1758 4127 1957 4186 virum
2009 4127 2263 4187 doctum
2324 4127 2556 4188 talibus
2612 4128 2964 4200 momentis,
3019 4127 3070 4186 si
3129 4132 3449 4187 momenta
3505 4127 3653 4189 licet
3707 4145 3818 4205 ap-

403 4224 662 4301 pellare,
698 4241 828 4284 rem
862 4229 989 4283 tam
1049 4230 1334 4301 apertam
1399 4224 1792 4302 impugnare.
1827 4225 2160 4301 Gregorius
2216 4225 2469 4285 hortum
2530 4225 2753 4285 habuit
2779 4231 2842 4285 et
2873 4243 3137 4303 parvum
3197 4225 3435 4285 fontem
3465 4247 3479 4300 ;
3507 4243 3650 4303 quae
3682 4224 3818 4304 qui-

399 4324 571 4395 libet,
628 4329 697 4384 ut
745 4322 1026 4402 quotidie
1082 4323 1393 4395 videmus,
1461 4321 1652 4383 habet
1709 4324 2006 4383 eremila:
2060 4324 2200 4402 quis
2251 4324 2396 4383 inde
2451 4324 2612 4384 serio
2658 4324 2938 4401 colligat,
2971 4324 3340 4400 Gregorium
3390 4343 3651 4384 suorum
3709 4318 3823 4383 sibi

397 4429 639 4499 partem
697 4420 1007 4480 bonorum
1069 4422 1476 4481 reservasse?
1535 4421 1706 4480 Idem
1764 4421 1953 4481 etiam
2012 4426 2218 4499 posset
2275 4421 2478 4482 dicere
2533 4440 2674 4480 cum
2738 4444 2769 4476 «
2820 4421 3010 4480 stulto
3064 4420 3426 4500 deliciisque
3484 4422 3755 4501 perdito,
3787 4441 3816 4472 »

403 4518 770 4594 Gregorium
827 4518 1083 4579 divitem
1144 4524 1205 4578 et
1263 4518 1588 4597 copiosum
1646 4519 1857 4577 fuisse.
1919 4519 2115 4589 Quem
2174 4518 2507 4596 Gregorius
2562 4518 2648 4577 sic
2707 4518 2933 4578 refellit
2989 4516 3060 4597 (ο)
3113 4535 3126 4576 :
3195 4542 3226 4572 «
3285 4517 3351 4578 Si
3395 4519 3657 4591 fontem,
3729 4516 3822 4576 vel

404 4617 723 4676 hortulum
761 4663 774 4688 ,
837 4617 932 4676 vel
992 4617 1356 4677 umbrosum
1417 4617 1931 4676 nemusculum...
1995 4616 2471 4695 possideamus,
2532 4617 2593 4675 id
2651 4616 2906 4676 delicias
2971 4615 3521 4695 interpretamini,
3578 4641 3607 4671 »
3687 4631 3820 4676 ma-

401 4733 590 4790 gnum
649 4719 1008 4774 nostrorum
1069 4713 1249 4774 nobis
1307 4719 1547 4791 partem
1619 4713 1927 4774 bonorum
1986 4732 2335 4773 reservasse
2405 4713 2827 4773 arbitramini.
2896 4736 2925 4767 ‹‹
2983 4713 3144 4792 Quid
3203 4731 3376 4790 vero,
3437 4713 3720 4790 inquam,
3785 4729 3819 4769 ο

404 4813 608 4885 miser,
673 4813 1068 4890 lacrymasne
1124 4817 1313 4885 taces,
1370 4817 1431 4872 et
1485 4812 1718 4871 ventris
1776 4812 2044 4883 frenum,
2107 4817 2168 4872 et
2224 4830 2499 4888 genuum
2559 4811 2844 4883 vulnera,
2905 4816 3246 4889 noctesque
3302 4810 3644 4885 insomnes,
3679 4810 3819 4890 qui—

403 4912 517 4971 bus
567 4910 864 4971 monachi
921 4929 1034 4971 sua
1093 4929 1361 4989 corpora
1417 4910 1818 4970 conﬁcientes
1877 4910 2189 4969 enecant?
2248 4933 2277 4964 ››
2333 4911 2476 4968 HIUC
2536 4908 2912 4986 Gregorius:
2974 4926 3162 4986 quem
3223 4908 3437 4968 omnia
3487 4907 3810 4986 abjecissc,

401 5027 593 5086 seque
645 5008 936 5068 omnibus
993 5007 1492 5088 possessionibus
1549 5007 1848 5084 spoliasse
1925 5025 1998 5066 ac
2065 5007 2356 5077 nudasse,
2418 5007 2585 5084 quod
2670 5005 2933 5084 requirit
3015 5004 3469 5067 Thomassinus
3527 5012 3596 5065 ut
3678 5003 3818 5083 quis

400 5125 542 5166 Vere
595 5106 942 5166 monachus
1002 5106 1125 5165 dici
1175 5110 1236 5165 et
1293 5123 1425 5165 esse
1484 5104 1698 5183 possit,
1760 5110 1998 5164 certum
2054 5111 2146 5164 est
2203 5104 2529 5181 ipsiusmet
2586 5104 2810 5162 verbis.
2875 5101 3102 5164 Omnia
3170 5101 3427 5173 dimisit,
3475 5102 3635 5162 nihil
3700 5100 3818 5162 sibi

399 5223 677 5277 servans,
741 5204 930 5263 etiam
987 5203 1297 5263 facundiae
1357 5203 1657 5262 labores:
1714 5225 1741 5258 ι)
1799 5203 2023 5262 Omnia
2081 5202 2137 5260 ei
2181 5202 2288 5279 qui
2352 5220 2448 5259 me
2497 5201 2559 5259 in
2620 5206 2851 5261 sortem
2913 5200 3156 5279 accepit
3213 5206 3274 5260 et
3331 5200 3606 5260 servavit
3653 5201 3815 5260 dono

401 5303 564 5375 dCtli,
600 5301 1044 5381 posscssiones,
1078 5304 1292 5369 κτῆσιν,
1333 5325 1355 5359 ι
1393 5307 1554 5361 etc.:
1618 5300 1836 5361 eadem
1896 5299 2129 5379 passim
2189 5299 2414 5378 repetit
2471 5299 2806 5377 Gregorius
2864 5298 2926 5357 in
2985 5298 3383 5360 orationibus
3440 5303 3503 5358 et
3557 5299 3621 5359 in
3680 5315 3812 5359 car-

402 5400 697 5461 minibus.

478 5625 554 5692 (u)
685 5623 770 5695 13,
799 5624 866 5696 Us
899 5627 956 5679 et
978 5625 1062 5690 15,
1095 5640 1150 5696 p.
1188 5624 1308 5679 165.

2236 5620 2305 5691 (c)
2330 5619 2500 5691 Ibid.,
2535 5636 2586 5677 v.
2622 5619 2688 5676 15
2708 5622 2765 5676 et
2795 5636 2917 5692 seq.

478 5696 551 5766 (ὁ)
581 5695 770 5754 Carm.
806 5695 878 5752 al.
909 5697 1002 5766 59,
1032 5711 1083 5752 v.
1121 5697 1238 5753 1-4.
