4052 6276
287 410 356 468 57
1307 411 1724 472 PH/EFATIO
1771 412 2235 472 GENEHALIS.
2273 443 2349 456 -—-
2397 411 2591 470 PARS
2640 411 2713 472 ll.
3641 409 3720 469 88

361 543 538 615 Quod
599 549 819 605 autem
881 544 1164 625 Gregorii
1217 549 1662 607 testamentum
1721 551 1983 625 spectat,
2045 545 2202 606 nihil
2263 545 2327 606 in
2386 563 2459 606 eo
2517 545 2816 624 reperias,
2886 544 3056 624 quod
3099 550 3326 606 nostrae
3359 541 3724 606 adversetur

287 642 636 713 sententiae,
672 643 803 703 imo
838 643 999 704 nihil
1057 644 1222 724 quod
1277 664 1400 705 non
1460 645 1686 705 faveat.
1752 647 1834 707 Ut
1890 644 2055 705 enim
2115 645 2402 704 omittam
2459 653 2605 703 tunc
2660 645 2965 722 temporis
3026 662 3151 704 non
3204 649 3446 704 tantum
3483 641 3717 730 testari,

288 740 386 800 sed
445 742 642 800 etiam
704 741 1110 802 haereditates
1166 743 1338 802 adire
1399 743 1725 803 monachis
1784 742 2022 803 licitum
2079 742 2292 811 fuisse,
2355 741 2721 818 legibusque
2783 759 3188 801 concessum:
3249 741 3582 812 bonorum,
3643 743 3720 802 de

291 837 516 915 quibus
575 837 640 896 in
698 843 1080 898 testamento
1139 839 1397 910 statuit,
1476 858 1597 898 non
1660 839 1995 913 dominus,
2065 840 2171 899 sed
2250 845 2622 917 procurator
2682 844 2927 897 tantum
3001 844 3062 898 et
3118 838 3485 897 administer
3558 838 3717 898 fuit.

295 938 438 994 Haec
487 935 660 995 enim
719 937 938 996 omnia
987 937 1119 1014 jam
1176 937 1413 997 dudum
1475 937 1794 1015 abjecerat
1841 954 1854 996 :
1920 962 1948 992 ‹‹
2011 939 2401 1014 Omnemque
2460 953 2667 994 meam
2739 935 3154 995 substantiam
3211 935 3535 995 catholicae
3592 937 3715 996 Na-

294 1034 490 1092 zianzi
547 1035 957 1107 consecravi,
1019 1034 1270 1112 inquit,
1328 1037 1406 1094 ad
1465 1054 1816 1114 pauperum
1851 1081 1864 1108 ,
1938 1035 2047 1113 qui
2107 1034 2222 1094 sub
2280 1035 2499 1094 eadem
2554 1039 2698 1093 sunt
2759 1033 3052 1106 Ecclesia,
3135 1032 3552 1092 ministerium
3605 1049 3619 1104 ;
3684 1055 3714 1090 »

297 1135 482 1207 atque
542 1132 632 1190 ita
689 1133 907 1191 omnia
961 1132 1212 1209 abjecit,
1273 1139 1340 1192 ut
1409 1156 1435 1190 α
1483 1152 1557 1193 ea
1613 1133 1689 1192 de
1746 1150 1935 1193 causa
1984 1140 2107 1193 tres
2167 1132 2408 1192 alendis
2465 1131 2852 1210 pauperibus
2901 1135 3220 1190 curatores
3278 1129 3635 1189 instituerit.
3678 1149 3709 1188 ι

296 1230 426 1287 Non
460 1229 540 1287 de
599 1229 786 1289 rebus
845 1230 993 1302 suis,
1056 1250 1194 1309 qua:
1253 1230 1441 1290 nullae
1502 1237 1701 1303 erant,
1761 1231 1995 1310 quippe
2053 1230 2266 1291 omnia
2322 1229 2658 1308 abjecerat,
2723 1234 3096 1289 testamento
3154 1247 3268 1288 suo
3325 1228 3565 1300 statuit,
3608 1227 3717 1288 sed

293 1325 677 1402 conﬁrmat,
757 1328 928 1404 quod
979 1327 1362 1406 jampridem
1435 1328 1906 1404 destinaverat,
1969 1335 2455 1407 sanctorumque
2532 1333 2864 1407 parentum
2928 1326 3241 1387 voluntati
3295 1325 3662 1404 obsequitur
3699 1371 3713 1386 .

290 1423 552 1483 Veniam
615 1425 733 1484 sibi
793 1426 930 1486 dari
986 1427 1312 1505 postulat,
1388 1427 1557 1505 quod
1614 1427 1772 1487 nihil
1863 1428 2057 1507 possit
2133 1427 2283 1487 dare
2332 1426 2657 1506 Alypianze
2717 1425 3092 1486 dulcissimae
3163 1425 3347 1498 filias;
3410 1424 3714 1486 rationem

291 1520 459 1581 hanc
491 1522 711 1582 addit:
771 1524 1075 1604 «Quippe
1125 1525 1231 1603 qui
1275 1525 1486 1586 omnia
1533 1525 1666 1603 jam
1718 1526 2103 1603 pauperibus
2151 1525 2479 1600 destinavi,
2529 1529 2640 1584 aut
2670 1524 2878 1603 potius
2919 1523 3294 1584 beatissimis
3325 1523 3714 1602 parentibus,

291 1620 395 1696 qui
427 1619 518 1678 ita
556 1620 818 1698 polliciti
851 1627 1053 1695 erant,
1086 1623 1420 1682 obsecutus
1450 1641 1610 1696 sum,
1651 1642 1920 1702 quorum
1952 1623 2340 1683 voluntatem
2385 1622 2624 1681 irritam
2659 1621 2938 1693 reddere,
2975 1638 3088 1680 nec
3120 1625 3433 1694 sanctum,
3481 1638 3594 1680 nec
3627 1625 3716 1680 tu-

289 1723 423 1775 tum
458 1717 757 1777 arbitror.
790 1743 820 1772 »

372 1815 704 1874 Haeredem
737 1835 919 1874 suum
980 1816 1100 1876 hoc
1158 1822 1530 1878 testamento
1587 1817 1856 1878 instituit
1912 1816 2276 1895 Gregorium
2339 1815 2758 1876 monachum:
2821 1837 2851 1870 «
2908 1816 3118 1875 Haeres
3175 1831 3350 1874 meus
3390 1819 3519 1874 esto
3565 1816 3715 1876 Gre-

291 1912 510 1987 gorius
544 1912 933 1973 monachus:
970 1937 998 1968 »
1064 1915 1363 1992 additque
1422 1922 1678 1993 postea:
1747 1916 1893 1975 «ita
1951 1914 2204 1993 quidem
2264 1920 2331 1973 ut
2387 1915 2518 1992 ipse
2579 1931 2782 1973 meam
2833 1931 3083 1972 omnem
3115 1911 3552 1986 substantiam,
3588 1929 3717 1972 mo-

291 2008 484 2067 bilem
549 2016 611 2068 et
667 2009 1094 2083 immobilem,
1155 2019 1386 2072 sancta:
1436 2012 1763 2073 catholicae
1824 2013 2113 2074 Nazianzi
2169 2012 2458 2072 Ecclesiae
2517 2012 2905 2072 restituat....
2967 2011 3392 2088 sciensque....
3457 2009 3518 2069 in
3574 2028 3713 2069 eam

290 2125 424 2167 rem
467 2125 535 2166 se
591 2107 949 2168 institutum
1013 2109 1348 2184 haeredem,
1405 2116 1473 2170 ut
1534 2129 1646 2190 per
1699 2111 1904 2189 ipsum
1961 2110 2255 2171 Ecclesiae
2313 2111 2528 2170 omnia
2585 2110 2715 2170 sine
2775 2107 2995 2170 fraude
3055 2114 3502 2169 conserventur
3533 2107 3642 2188 (a).
3678 2130 3709 2164 n

289 2205 552 2264 Poterat
607 2223 757 2283 ergo
818 2207 1179 2284 Gregorius,
1236 2208 1521 2287 quamvis
1579 2209 1925 2268 monachus
1981 2215 2160 2281 esset,
2224 2214 2285 2268 et
2334 2209 2547 2268 omnia
2604 2207 2956 2286 abjecisset,
3016 2207 3254 2266 fontem
3304 2210 3365 2266 et
3416 2205 3714 2282 exiguum

291 2303 550 2362 hortum
615 2303 898 2363 habere.
964 2306 1064 2365 Sic
1123 2305 1399 2383 Gregorii
1457 2311 1903 2366 testamentum
1964 2307 2298 2367 conﬁrmat
2353 2325 2495 2366 eum
2561 2306 2704 2365 vitae
2765 2304 3125 2365 monasticae
3182 2302 3554 2383 professioni
3609 2302 3717 2361 ad-

290 2400 530 2460 dictum
593 2401 781 2462 fuisse
820 2449 834 2476 ,
895 2402 1419 2482 difﬁcultatesque
1475 2423 1692 2465 omnes
1746 2405 2078 2480 dissolvit,
2156 2404 2386 2464 nedum
2446 2403 2895 2484 impedimento
2971 2421 3104 2464 esse
3159 2407 3222 2462 et
3276 2401 3711 2461 difﬁcultatem

288 2499 488 2576 possit
521 2498 800 2577 aliquam
838 2518 1081 2579 parere.

365 2613 746 2672 Achillaeum
781 2615 1180 2675 Thomassini
1222 2622 1684 2694 argumentum,
1750 2617 1828 2676 ad
1887 2617 2374 2696 expugnandam
2424 2616 2704 2695 Gregorii
2756 2616 3167 2678 monasticam
3225 2612 3707 2694 professionem,

291 2719 434 2770 sunt
481 2712 617 2772 haec
650 2714 931 2790 Gregorii
966 2714 1155 2774 verba
1184 2713 1302 2793 (b):

977 2841 1486 2920 Mécr,v_'tw'_1t,).ﬁov
1520 2843 1728 2919 ἀζύγων
1759 2847 1845 2920 ιεᾳὶ
1883 2843 2146 2920 μιγάδων,

983 2918 1102 2967 Τῶν
1137 2916 1228 2987 μὲν
1259 2915 1319 2969 τὸ
1353 2915 1596 2983 σύννουν,
1626 2913 1734 2970 ’ἰῶν
1768 2913 1824 2970 δὲ
1855 2913 1915 2970 to
1955 2913 2193 2991 χρηστὸν
2230 2917 2446 2993 φέρων..

981 3013 1167 3068 Media
1199 3015 1346 3069 inter
1376 3015 1505 3071 illos
1541 3015 1764 3086 hosque
1793 3017 2040 3086 procedo
2073 3018 2183 3082 via,

985 3086 1268 3142 Meditans
1300 3091 1364 3141 ut
1391 3087 1510 3154 isti,
1543 3086 1914 3143 commodum
1945 3086 2178 3143 illorum
2210 3087 2512 3143 aemulans.

305 3201 453 3270 Quae
487 3203 700 3273 verba,
739 3201 789 3260 si
822 3202 955 3262 viro
986 3202 1173 3263 docto
1222 3203 1396 3277 ﬁdes,
1460 3204 1818 3282 signiﬁcant
1874 3205 2263 3282 Gregorium,
2325 3223 2465 3264 cum
2524 3203 2928 3265 deliberasset
2958 3201 3274 3281 quodnam
3334 3201 3483 3262 vitae
3515 3218 3716 3280 genus

298 3298 462 3358 inter
491 3300 901 3360 solitudinem
935 3301 1391 3361 monachorum
1427 3307 1488 3362 et
1525 3302 1718 3361 vitam
1768 3302 1832 3361 in
1883 3302 2090 3362 media
2145 3302 2467 3362 civitatum
2518 3301 2704 3361 turba
2759 3305 3147 3379 sequeretur.
3201 3299 3472 3359 mediam
3505 3298 3716 3358 iniisse

295 3397 485 3466 viam,
525 3404 594 3458 ut
624 3397 764 3458 aliis
795 3399 1141 3477 prodesset,
1178 3418 1292 3460 nec
1341 3399 1459 3460 sibi
1489 3399 1828 3476 perniciem
1865 3399 2193 3472 inveniret,
2243 3399 2294 3460 si
2332 3401 2421 3460 ita
2461 3399 2741 3477 Gregorii
2770 3399 2959 3459 verba
2987 3397 3132 3458 licet
3162 3397 3582 3476 interpretari,
3619 3396 3713 3455 fas

291 3495 366 3555 sit
397 3495 607 3556 dicere
639 3515 783 3556 cum
815 3505 1043 3576 poeta:

971 3611 1066 3667 Nil
1093 3611 1246 3668 intra
1277 3615 1365 3668 est
1395 3609 1605 3678 oleam,
1638 3611 1720 3666 nil
1751 3616 1912 3668 extra
1943 3616 2031 3669 est
2052 3613 2112 3668 in
2144 3629 2289 3668 nuce
2321 3611 2449 3668 duri
2481 3613 2570 3684 (c).

291 3721 489 3791 Quam
525 3719 893 3798 longissime
923 3719 1375 3780 Thomassinus
1405 3719 1659 3780 aberrat
1688 3738 1726 3780 a
1755 3724 1962 3781 mente
1994 3720 2314 3798 Gregorii!
2368 3738 2558 3799 quam
2604 3719 2655 3780 si
2685 3719 2951 3780 velimus
2999 3717 3269 3799 assequi,
3302 3716 3493 3798 paulo
3524 3736 3708 3798 supe-

290 3820 455 3878 riora
489 3818 834 3898 repetenda
865 3823 1013 3878 sunt
1040 3818 1230 3878 verba
1260 3817 1341 3898 (α’)
1368 3836 1381 3877 :

978 3944 1200 4017 Πρῶτον
1238 3937 1295 3993 δὲ
1320 3939 1880 4017 τοζὶτοᾘφξλοσοφμῆσᾳι
1911 3939 2244 4017 προνρθρμην,

974 4010 1150 4086 fp'iq/a;
1178 4011 1408 4086 Θεῷ-καὶ
1438 4010 1641 4086 τᾶλλα,
1673 4010 1764 4086 itii
1795 4010 1996 4086 novos;
2015 4010 2233 4086 ⁸λςξγων,

977 4082 1075 4157 Ὡς*
1098 4083 1146 4136 οἳ
1179 4083 1434 4157 πᾳρέντις
1459 4082 1817 4157 *μηλοοότλους
1835 4085 1943 4157 ’τὰς
1975 4082 2182 4157 obstate,

977 4156 1047 4210 ἸΙ
1079 4153 1278 4228 χρυσὸν
1311 4153 1656 4231 ἀθροίσαντες
1692 4155 1766 4216 εἷς
1802 4153 1984 4228 ἅλμης
2019 4155 2235 4230 βύθους.

975 4262 1235 4334 Primum
1270 4263 1504 4334 quidem
1541 4263 1940 4334 philosophari
1973 4267 2318 4331 statueram,

977 4333 1190 4405 UtDeo
1222 4333 1565 4405 proﬁcerem
1597 4339 1655 4389 et
1683 4333 1796 4389 alia
1827 4335 2046 4400 omnia,
2079 4341 2134 4390 et
2165 4333 2447 4389 facundiae
2480 4335 2729 4403 labores,

969 4404 1144 4478 Velut
1174 4404 1273 4476 qui
1307 4423 1476 4478 agros
1510 4406 1830 4476 pecudibus
1861 4407 2183 4478 pascendos
2208 4406 2594 4478 reliquerunt,

970 4476 1072 4530 Vel
1106 4494 1311 4532 aurum
1347 4476 1766 4548 congesserunt
1795 4476 2066 4533 in_maris
2098 4476 2474 4549 profundum.

280 4594 618 4672 Gregorius
668 4593 765 4653 his
823 4598 992 4653 certe
1043 4593 1241 4654 verbis
1301 4594 1601 4667 declarat,
1658 4613 1722 4654 se
1771 4594 2151 4673 jamdudum
2201 4594 2410 4654 omnia
2462 4595 2763 4672 abjecisse
2821 4594 2883 4652 in
2940 4598 3333 4670 perpetuum,
3397 4590 3704 4651 desiderio

281 4691 730 4771 philosophiae,
794 4690 858 4749 id
917 4696 1032 4766 est,
1093 4698 1162 4750 ut
1220 4691 1514 4752 monachi
1570 4693 1762 4753 vitam
1822 4698 2175 4765 exerceret;
2237 4693 2406 4770 quod
2465 4695 2543 4752 ad
2605 4693 2795 4752 vitam
2858 4690 3267 4750 monasticam
3328 4688 3589 4766 requirit
3644 4693 3706 4747 et

281 4790 569 4851 sufﬁcere
603 4790 842 4850 fatetur
885 4788 1022 4867 ipse
1071 4789 1556 4850 Thomassinus:
1620 4809 1824 4869 neque
1883 4791 2048 4850 enim
2105 4789 2289 4869 plura
2347 4791 2437 4850 fas
2495 4798 2586 4850 est.
2646 4789 2981 4869 requirere.
3036 4788 3099 4848 ld
3151 4792 3359 4848 autem
3408 4787 3707 4846 decreve-

281 4894 378 4947 rat
409 4887 747 4966 Gregorius
771 4885 1178 4965 jamdudum,
1211 4887 1273 4945 id
1306 4887 1499 4946 ﬁxum
1532 4893 1963 4966 statutumque
1987 4894 2122 4948 erat
2151 4887 2222 4966 (e)
2251 4905 2264 4946 ε

973 5007 1043 5061 Τὸ
1058 5008 1170 5098 δμὲν
1202 5029 1268 5092 γα
1298 5010 1494 5098 σαρκὲδς
1525 5009 1575 5070 ἐς
1607 5009 1806 5098 βόθρος
1839 5006 2010 5098 ῥίψαι,
2044 5008 2211 5098 «aibat

983 5076 1312 5153 Δεδτογμένον
1341 5076 1386 5136 τ’⁷
1420 5081 1509 5154 ἦν,
1541 5076 1630 5135 καὶ
1659 5082 1770 5136 τότ’
1826 5076 2022 5158 ﬁgens
2049 5079 2239 5138 πλέον.

966 5187 1308 5262 anuidem
1340 5206 1464 5259 quae
1497 5189 1687 5245 carnis
1719 5194 1878 5257 sunt,
1913 5191 1971 5243 in
2003 5190 2358 5262 profundum
2395 5191 2676 5262 projicere

953 5259 1186 5314 Dudum
1221 5265 1509 5317 statutum
1539 5267 1682 5330 erat,
1715 5267 1971 5332 tuncque
2001 5259 2266 5333 placebat
2299 5259 2504 5334 magis.

287 5375 410 5435 Hoc
463 5376 657 5436 ﬁxum
740 5375 963 5437 animo
1043 5377 1322 5454 Gregorii
1396 5378 1674 5454 sedebat,
1734 5384 2010 5458 votoque
2067 5378 2497 5441 sanctissimus
2573 5380 2802 5460 praesul
2861 5380 3152 5441 astrictus
3208 5375 3539 5440 tenebatur
3596 5375 3703 5458 (/),

359 5582 434 5659 (ᾳ)
465 5580 618 5659 Qrat.
651 5583 722 5659 2,_
744 5596 800 5651 p.
833 5580 928 5659 .50.
1185 5652 1240 5659 __
1262 5654 1280 5659 Α
1343 5653 1398 5659 Α.
1425 5655 1434 5659 _
2127 5583 2203 5656 (d)
2231 5583 2422 5659 Garm°
2456 5588 2541 5659 De
2567 5585 2690 5641 vita
2717 5600 2838 5659 sua,
2860 5601 2914 5642 v.
2943 5584 3049 5641 270
3087 5585 3142 5640 et
3163 5599 3284 5656 seq.

360 5653 440 5728 (ὁ)
460 5656 656 5728 _(_Jarm.
681 5654 760 5710 De
790 5656 912 5728 vita
942 5667 1065 5719 sua,
1099 5667 1150 5707 ν.
1183 5652 1309 5728 310,
1340 5653 1464 5710 311.

1199 5652 1309 5728 310,
1340 5653 1464 5710 311.
2126 5652 2199 5728 (θ)
2231 5657 2406 5726 Ibid.,
2431 5673 2485 5713 ν.
2513 5657 2644 5728 282,
2674 5657 2799 5714 283.

362 5725 426 5793 (c)
455 5724 674 5794 Horat,
709 5729 814 5798 Ep.
844 5724 950 5780 lib.
987 5741 1050 5792 ιι,
1073 5739 1165 5796 ep.
1200 5725 1251 5780 1.

1073 5739 1165 5796 ep.
1200 5725 1251 5780 1.
2127 5724 2193 5799 (Γ)
2223 5724 2467 5799 Οταῑί2,
2500 5729 2575 5785 al.
2607 5724 2654 5786 1’.
