4052 6276
290 294 368 352 59
1288 302 1706 368 PREFATIO
1752 308 2215 371 GENERALIS.
2249 344 2323 355 —
2363 308 2567 371 PARS
2614 305 2688 370 Π.
3618 307 3704 371 60

294 432 527 592 quodd'ct
560 431 621 493 in
656 433 948 496 maximis
978 435 1487 520 gravissimisque
1518 444 1832 522 periculis,
1867 467 1896 504 »
1932 464 2073 506 cum
2105 445 2382 507 Athenas
2412 446 2571 515 mari
2603 449 2861 526 peteret,
2903 468 2935 505 α
2962 447 3090 510 Deo
3118 446 3399 509 voverat.
3427 468 3458 504 »
3512 444 3703 507 Nulla

294 529 416 592 iam
496 552 527 592 e
557 552 630 592 eo
661 535 1051 592 deliberatio.

283 529 416 611 jam
451 532 527 593 de
557 552 630 594 eo
661 535 1051 598 deliberatio.

371 631 531 701 Quid
562 632 753 713 igitur
781 635 939 697 illud
968 643 1121 711 erat,
1158 639 1236 700 de
1276 656 1399 719 quo
1432 642 1766 720 Gregorius
1795 642 1963 705 intus
1993 644 2228 705 amicos
2260 644 2343 726 (α)
2372 644 2452 707 ad
2476 644 2805 708 consilium
2835 646 3061 707 vocat?

966 762 986 779 ν
1071 758 1094 778 ἢ
1460 768 1487 779 ν
1609 765 1618 785 Ι

967 763 1157 843 "113‘;qu
1190 762 1529 843 geGijltwv
1562 764 1735 843 φιλῳν
1766 768 2070 843 κριτήριον,

967 833 1146 905 Ἐμῶν
1190 832 1496 909 λογισμῶν,
1530 832 1771 911 γῦησίων
1801 832 2157 912 impii-ivero”.

972 942 1135 1017 intus
1166 943 1389 1017 amicos
1418 944 1474 997 in
1510 946 1820 1002 consilium
1852 964 2011 1017 voco,

968 1013 1126 1068 Meas
1159 1016 1562 1086 cogitationes,
1599 1034 1724 1088 quae
1758 1013 2005 1075 sincerae.
2027 1025 2165 1074 sunt
2196 1021 2540 1075 hortatores.

293 1132 543 1193 Scilicet
602 1136 937 1211 Gregorius
975 1160 1001 1193 α
1053 1139 1135 1219 (Ιι)
1189 1142 1352 1200 inter
1402 1162 1473 1201 ea
1523 1163 1662 1222 quae
1721 1144 2162 1223 praestantiora
2211 1150 2379 1217 sunt,
2431 1145 2491 1203 id
2544 1145 2708 1222 quod
2762 1138 3173 1224 praestantius
3198 1150 3287 1205 est
3338 1141 3709 1222 quaerebat;

291 1247 439 1289 nam
501 1250 639 1310 quae
699 1234 903 1292 carnis
957 1243 1101 1295 sunt
1158 1237 1217 1296 in
1272 1240 1651 1316 profundum
1710 1240 1980 1319 abjicere
2040 1241 2275 1300 dudum
2328 1248 2629 1302 statutum
2690 1250 2845 1315 erat,
2910 1249 3185 1321 tuncque
3244 1240 3539 1321 placebat
3581 1256 3711 1298 ma-

293 1326 408 1403 gis.
470 1328 905 1391 Gonsidcranti
965 1339 1170 1392 autem
1207 1335 1337 1394 vias
1395 1355 1535 1414 qua)
1595 1337 1671 1396 ad
1732 1340 1926 1398 Deum
1968 1338 2226 1408 ducunt,
2287 1357 2578 1417 quaenam
2640 1340 2861 1400 melior
2891 1346 3071 1412 esset,
3125 1339 3404 1399 invenire
3435 1356 3559 1397 non
3613 1337 3707 1395 fa-

294 1424 408 1483 cite
465 1430 621 1485 e‘rat.
681 1428 867 1488 Aliud
925 1430 1113 1503 enim,
1168 1433 1432 1493 aliorum
1497 1435 1709 1494 habita
1755 1436 2015 1507 ratione,
2080 1436 2314 1497 bonum
2378 1443 2487 1497 aut
2545 1438 2776 1497 malum
2838 1438 3189 1511 videbatur,
3253 1442 3321 1497 ut
3379 1453 3544 1514 saepe
3614 1434 3705 1504 ﬁt,

291 1522 403 1581 ubi
460 1525 608 1602 quid
667 1529 978 1603 agendum
1044 1537 1158 1590 est.
1224 1534 1501 1611 Longam
1555 1534 1748 1593 veluti
1806 1535 2144 1613 quamdam
2208 1536 2783 1615 peregrinationem
2835 1537 3293 1598 meditabatur.
3352 1531 3711 1611 Navigatio-

293 1638 433 1679 nem
468 1624 719 1701 quidem
754 1626 1080 1705 cfiugerat,
1125 1634 1187 1688 et
1244 1632 1431 1691 maris
1486 1632 1754 1706 labores,
1816 1635 1922 1693 sed
1967 1634 2390 1712 investigabat
2444 1654 2737 1714 quaenam
2796 1636 3146 1716 expeditior
3196 1640 3358 1694 esset
3415 1632 3537 1692 via.
3571 1631 3708 1693 Ma-

294 1718 677 1795 gnifaciebat
732 1723 929 1783 Eliam
990 1725 1364 1799 Thesbiten,
1423 1729 1774 1791 Carmelum
1812 1777 1827 1803 ,
1886 1731 2200 1791 desertum
2259 1733 2518 1793 Joannis
2573 1733 2979 1810 praecursoria
3015 1779 3029 1801 ,
3088 1732 3363 1792 ﬁliorum
3425 1726 3712 1790 Ionadab

298 1818 490 1876 vitam
550 1819 681 1878 sine
739 1829 1084 1900 apparatu:
1154 1842 1365 1886 verum
1426 1845 1640 1887 rursus
1696 1846 1837 1888 eum
1896 1830 2152 1889 tenebat
2204 1849 2523 1891 sacrorum
2558 1832 2883 1891 Librorum
2917 1850 3116 1900 amor,
3181 1848 3278 1889 res
3327 1847 3470 1889 cum
3503 1828 3713 1887 deser-

298 1918 365 1973 to
396 1921 457 1974 et
506 1918 715 1995 quiete
770 1938 894 1979 non
947 1921 1287 1999 quadrans.
1348 1926 1415 1984 ln
1474 1930 1807 2005 utramque
1862 1934 2106 2006 partem
2168 1947 2333 2008 saepe
2390 1929 2657 2001 delatus,
2720 1930 2971 1989 tandem
3023 1929 3186 1988 inter
3235 1945 3348 1986 sua
3404 1923 3717 1985 desideria

299 2012 387 2072 sie
420 2012 591 2073 litem
649 2016 919 2091 diremit,
977 2020 1327 2100 mentisque
1382 2022 1788 2100 agitationem
1848 2024 2164 2085 cohibuit:
2226 2026 2444 2085 videns
2509 2026 2672 2085 enim
2729 2044 2858 2098 eos,
2919 2044 3077 2103 quos
3135 2030 3395 2085 actuosa
3449 2022 3717 2081 delecta‘

300 2111 410 2171 bat
437 2112 588 2186 vita,
626 2114 762 2175 aliis
793 2117 1045 2194 quidem
1082 2119 1282 2187 utiles,
1319 2119 1433 2179 sibi
1466 2126 1677 2181 autem
1724 2121 1979 2182 inutiles
2036 2140 2108 2182 ac
2167 2124 2346 2183 malis
2404 2123 2677 2202 agitari;
2743 2142 2848 2183 eos
2904 2128 3114 2183 autem
3173 2121 3282 2202 qui
3336 2120 3476 2180 vale
3524 2135 3719 2178 saecu-

296 2208 362 2270 lo
421 2211 759 2287 dixerunt,
821 2214 1172 2275 stabiliores
1220 2217 1472 2296 quidem
1532 2236 1664 2278 esse
1701 2265 1716 2291 ,
1778 2238 1849 2279 ac
1904 2220 1965 2278 in
2025 2223 2219 2280 Deum
2279 2221 2525 2299 placida
2578 2227 2781 2280 mente
2840 2221 3194 2299 respicere,
3275 2222 3341 2277 at
3389 2216 3505 2276 sibi
3564 2213 3715 2274 solis

308 2313 651 2392 prodesse,
725 2320 989 2393 angusta
1047 2316 1354 2377 charitate
1390 2364 1403 2389 ,
1481 2317 1801 2396 vitamque
1875 2318 2188 2378 insolitam
2250 2326 2311 2379 et
2396 2338 2683 2398 asperam
2745 2320 3136 2379 traducere:
3217 2315 3487 2376 mediam
3547 2313 3713 2373 inter

313 2416 611 2489 utrosque
641 2412 804 2471 viam
838 2413 998 2482 iniit,
1059 2414 1347 2475 meditari
1406 2419 1474 2474 ut
1533 2415 1619 2486 hi,
1680 2415 1975 2494 prodesse
2026 2423 2091 2475 ut
2144 2417 2236 2476 illi
2289 2422 2589 2477 statuens.
2640 2436 2668 2473 υ
2737 2417 2893 2477 Hine
2952 2414 3249 2493 Gregorio
3306 2412 3709 2474 eremitarum

309 2515 497 2586 atque
529 2509 718 2569 etiam
779 2510 1301 2570 anachoretarum
1357 2512 1606 2572 vivendi
1662 2532 1857 2591 genus
1914 2513 2251 2587 arridebat,
2314 2514 2459 2573 hinc
2505 2514 2986 2574 emnobitarum.
3040 2512 3160 2575 Sed
3218 2511 3281 2571 in
3337 2510 3486 2581 illis,
3542 2507 3713 2586 quod

309 2608 427 2669 sibi
457 2609 605 2669 solis
631 2609 808 2682 utiles
838 2616 1061 2682 essent,
1114 2610 1171 2669 in
1228 2610 1302 2669 iis
1347 2630 1493 2671 vero
1553 2613 1718 2691 quod
1778 2613 1916 2672 aliis
1974 2613 2227 2690 quidem
2285 2613 2489 2687 utiles,
2552 2613 2668 2673 sibi
2729 2632 2873 2672 vero
2906 2618 3113 2673 essent
3166 2609 3441 2683 inutiles,
3492 2606 3713 2686 displi-

244 2754 245 2757 η
310 2707 514 2768 cebat.
547 2710 762 2785 Itaque
797 2708 1061 2768 mediam
1096 2709 1234 2768 iniit
1264 2709 1425 2769 viam
1458 2709 1623 2770 inter
1652 2710 1941 2770 eremitas
1990 2717 2051 2771 et
2084 2710 2382 2789 migades,
2440 2711 2501 2771 id
2563 2717 2658 2770 est
2704 2712 2865 2771 inter
2895 2710 3187 2770 eremitas
3234 2713 3296 2768 et
3342 2704 3709 2776 ccenobitas,

306 2804 556 2865 illorum
591 2805 665 2864 ad
700 2805 978 2866 cmlestia
1008 2807 1500 2880 conversionem,
1552 2813 1613 2865 et
1657 2809 1918 2867 istorum
1963 2808 2334 2868 charitatem
2384 2808 2676 2882 retinens,
2718 2814 2780 2867 ut
2811 2808 2929 2867 sibi
2957 2812 3019 2868 et
3050 2806 3186 2867 aliis
3217 2804 3407 2876 utilis,
3444 2800 3718 2862 maxime

309 2902 696 2985 parentibus,
731 2909 913 2962 esset.

390 3003 477 3059 Ea
532 3001 724 3079 igitur
780 3002 897 3061 fuit
965 3002 1337 3063 deliberatio
1398 3003 1719 3082 Gregorii,
1801 3010 2003 3064 utram
2062 3023 2139 3064 ex
2197 3004 2444 3065 duobus
2495 3004 2945 3066 monachorum
2999 3000 3374 3081 generibus,
3432 2995 3724 3058 eremita-

312 3116 533 3159 rumne
562 3119 640 3159 an
676 3100 1128 3160 cmnobitarum
1180 3101 1372 3160 vitam
1426 3107 1810 3179 sequeretur.
1859 3106 1945 3163 Ae
1992 3102 2187 3162 veluti
2236 3103 2341 3179 qui
2391 3103 2449 3161 in
2503 3102 2715 3181 aliquo
2764 3101 3043 3180 periculo
3089 3098 3266 3177 gravi
3317 3094 3718 3165 constitutus,

308 3215 373 3257 se
430 3197 620 3258 vitam
683 3198 1039 3276 religiosam
1103 3192 1526 3278 professarum
1586 3202 1714 3260 Deo
1772 3200 2127 3279 pollicitus,
2204 3200 2393 3260 etiam
2465 3206 2611 3260 voto
2671 3218 2733 3258 se
2803 3198 3277 3267 obstrinxisset;
3341 3192 3566 3253 deinde
3622 3207 3719 3248 se-

308 3314 450 3355 cum
512 3302 860 3374 reputans,
932 3297 1253 3375 quomodo
1309 3297 1685 3376 promissum
1746 3298 1982 3371 faciat,
2053 3297 2229 3356 varia
2284 3296 2472 3376 hujus
2546 3297 2845 3375 temporis
2919 3296 3197 3356 virorum
3277 3290 3721 3369 religiosorum

306 3392 591 3453 instituta
641 3398 702 3454 et
758 3394 951 3471 leges,
1010 3394 1487 3473 Trappistarum
1538 3395 1794 3469 scilicet,
1856 3394 2342 3455 Mendicantium
2380 3441 2393 3468 ,
2454 3401 2550 3455 etc
2587 3441 2600 3454 .
2638 3443 2652 3468 ,
2714 3394 3085 3475 perpendit;
3143 3393 3447 3462 demum,
3502 3384 3722 3446 habito

306 3508 515 3551 secum
576 3490 880 3564 consilio,
942 3491 1132 3551 vitam
1192 3491 1624 3571 trappisticam
1683 3499 1751 3552 ut
1818 3492 2199 3571 asperiorem
2261 3492 2538 3571 refugit,
2607 3492 3098 3553 Mendicantium
3152 3495 3363 3551 autem
3411 3490 3484 3546 ut
3539 3481 3726 3544 nimis

308 3594 632 3649 actuosam
692 3595 752 3649 et
808 3589 922 3649 sibi
980 3590 1181 3648 minus
1242 3590 1455 3648 utilem
1516 3591 1774 3669 respuit,
1837 3593 1965 3649 Deo
2027 3590 2293 3651 militare
2351 3590 2466 3651 sub
2522 3591 2743 3669 regula
2798 3589 2997 3651 sancti
3055 3586 3372 3650 Benedicti
3439 3581 3721 3644 mavult:

309 3685 442 3746 isne
494 3686 841 3745 monachus
898 3686 1198 3745 dicendus
1233 3734 1247 3758 ,
1310 3694 1370 3746 et
1440 3688 1631 3746 vitam
1695 3688 2101 3747 monasticam
2164 3690 2495 3766 amplexus
2552 3689 2751 3748 videri
2807 3688 3067 3766 posset?
3124 3685 3324 3747 Credo
3380 3682 3722 3762 equidem.

310 3785 499 3862 Atqui
558 3784 677 3843 hoc
738 3785 940 3863 ipsum
1020 3791 1113 3843 est
1186 3786 1355 3863 quod
1422 3785 1711 3863 praestitit
1770 3786 2103 3863 Gregorius
2140 3832 2153 3857 ,
2234 3804 2372 3845 cum
2458 3786 2674 3846 habita
2731 3805 2941 3846 secum
3004 3782 3455 3844 deliberatione
3512 3786 3726 3841 utrum

312 3882 560 3943 vivendi
609 3902 825 3961 genus,
886 3902 963 3941 an
1024 3882 1425 3943 eremitarum
1462 3930 1475 3957 ,
1537 3903 1618 3943 an
1679 3884 1996 3962 migadum
2058 3891 2471 3962 sequeretur,
2550 3904 2741 3944 unum
2815 3904 2892 3943 ex
2970 3888 3243 3961 utroque
3305 3885 3727 3959 temperatum

317 3982 645 4061 amplexus
701 3988 795 4041 est
852 4000 993 4041 cum
1040 3982 1309 4056 Basilio;
1372 3982 1480 4059 qui
1540 3982 1730 4041 vitam
1790 3982 2135 4042 solitariam
2194 3989 2256 4043 et
2314 3982 2755 4043 coenobiticam
2816 3981 3117 4059 praeclare
3174 3980 3337 4040 inter
3392 3995 3457 4038 se
3508 3994 3728 4037 recon-

318 4080 637 4140 ciliaverat
669 4086 730 4139 et
769 4079 1238 4158 permiscuerat,
1273 4080 1604 4141 exstructis
1637 4079 2030 4140 monasteriis
2061 4098 2201 4158 quae
2231 4082 2467 4141 sociata
2499 4080 2640 4140 vitae
2675 4079 2997 4157 utriusque
3028 4076 3381 4149 commoda,
3416 4073 3592 4135 nulla
3614 4092 3728 4133 au-

319 4184 441 4238 tem
475 4177 771 4255 permista
802 4176 1123 4236 habebant
1150 4178 1572 4239 incommoda.

401 4277 530 4335 Hoc
587 4276 638 4333 si
696 4293 818 4334 non
880 4274 1088 4335 statim
1146 4281 1335 4353 atque
1392 4282 1718 4354 optasset,
1778 4282 1945 4337 certe
2002 4295 2191 4354 quam
2255 4276 2527 4354 primum
2589 4274 2812 4348 licuit,
2873 4274 3015 4334 vitae
3073 4290 3270 4351 genus
3321 4276 3572 4332 secutus
3641 4279 3735 4333 est

325 4372 699 4451 Gregorius;
775 4381 835 4431 et
909 4373 1160 4433 secessit
1241 4374 1321 4433 ad
1408 4374 1757 4448 Basilium,
1846 4393 2096 4453 unaque
2178 4392 2318 4433 cum
2405 4392 2478 4433 eo
2539 4373 2859 4433 Ponticam
2944 4370 3344 4432 solitudinem
3426 4369 3733 4432 incoluit:

326 4495 355 4527 ‹‹
390 4471 715 4549 Degebant
756 4476 965 4531 tamen
1013 4471 1331 4549 singuli,»
1386 4472 1593 4551 inquit
1652 4472 1978 4535 Annalium
2029 4473 2549 4533 ecclesiasticarum
2599 4490 2827 4549 parens
2883 4489 2960 4529 ex
3020 4469 3243 4529 Ruﬁno
3301 4466 3400 4549 (c),
3458 4469 3582 4529 «in
3615 4469 3744 4529 sin-

318 4569 485 4647 gulis
542 4569 783 4629 cellulis
836 4570 1143 4647 separatis
1200 4616 1213 4643 ,
1276 4571 1366 4631 ita
1423 4576 1635 4632 tamen
1690 4572 1852 4632 inter
1909 4590 1974 4631 se
2043 4570 2347 4630 distantes
2382 4615 2397 4643 ,
2459 4574 2529 4629 ut
2576 4589 2701 4630 non
2759 4566 3162 4629 incommoda
3217 4567 3447 4646 saepius
3503 4585 3735 4628 conve-

318 4667 530 4728 niendi
587 4668 844 4728 daretur
894 4668 1211 4729 facultas.
1275 4670 1340 4729 ld
1402 4669 1632 4729 etenim
1691 4689 1766 4729 ex
1821 4669 2101 4747 Gregorii
2160 4667 2425 4747 epistola
2481 4666 2613 4747 (d),
2674 4686 2860 4745 quam
2923 4671 3073 4726 tunc
3135 4664 3200 4725 in
3256 4683 3467 4725 eremo
3536 4684 3737 4744 agens

318 4766 399 4826 ad
481 4764 992 4845 Amphilochium
1031 4813 1044 4839 ,
1132 4766 1198 4826 in
1274 4767 1493 4827 eadem
1552 4766 1889 4827 solitudine
1970 4766 2573 4846 philosophantem,
2661 4764 2959 4844 scripsit,
3042 4762 3224 4824 facile
3280 4769 3485 4841 potest
3542 4762 3733 4824 intel-

318 4864 452 4943 ligi.

408 4988 436 5018 «
498 4963 710 5035 Qualis
758 4970 967 5025 autem
1029 4965 1217 5025 fuerit
1264 4964 1399 5043 ejus
1458 4963 1763 5024 habitatio
1822 4968 1884 5024 et
1938 4962 2137 5023 vietus
2172 5010 2185 5035 ,
2249 4962 2455 5041 pergit
2511 4960 2820 5022 Baronius
2857 5006 2871 5033 ,
2940 4979 3017 5020 ex
3065 4959 3164 5021 his
3219 4959 3408 5020 etiam
3462 4957 3738 5038 assequi-

321 5079 483 5135 mur,
521 5081 661 5141 quas
710 5063 874 5123 idem
932 5063 1010 5123 ad
1059 5063 1385 5135 Basilium,
1456 5069 1788 5140 postquam
1848 5061 1992 5121 inde
2048 5066 2408 5134 recesserat,
2470 5060 2692 5119 ludens
2749 5058 2964 5119 scribit
3022 5057 3121 5118 his
3178 5057 3423 5117 verbis:
3493 5079 3523 5116 α
3576 5057 3739 5128 QuO'

326 5162 555 5222 «niam
588 5181 728 5239 qua:
754 5162 1027 5239 jocando
1085 5160 1165 5220 ad
1218 5166 1275 5219 te
1333 5159 1717 5237 scripsimus,
1779 5177 1960 5237 aequo
2020 5158 2231 5217 animo
2288 5157 2431 5228 fers,
2496 5174 2570 5215 ea
2616 5174 2869 5235 quoque
2928 5174 3067 5233 qua:
3124 5154 3420 5232 deinceps
3468 5172 3739 5232 sequun-

328 5268 487 5319 atur
545 5258 961 5337 adjiciemus,
1026 5276 1099 5316 ex
1160 5258 1429 5317 Homero
1480 5261 1688 5316 autem
1748 5255 1994 5315 initium
2054 5254 2377 5314 ducetur:
2459 5256 2637 5314 Nunc
2708 5271 2823 5331 age
2859 5297 2873 5326 ,
2955 5251 3364 5333 progrediens
3416 5251 3735 5311 internum

399 5510 472 5583 (α)
498 5508 666 5583 ista,
698 5524 750 5561 ν.
781 5507 907 5578 278,
937 5506 1063 5563 279.

698 5524 750 5561 ν.
781 5507 907 5578 278,
937 5506 1063 5563 279.
2085 5525 2140 5579 p.
2164 5506 2296 5583 s81.

423 5576 643 5650 b)lbid.
812 5649 821 5650 ί
892 5576 899 5578 ⁷
1090 5649 1095 5650 ί
1447 5649 1456 5650 ί
2087 5576 2105 5579 “
2156 5578 2357 5650 (d)Ep.
2391 5576 2463 5634 a1.
2498 5577 2584 5632 12.

396 5585 473 5723 8))
499 5585 697 5723 lfiiiid.
728 5649 894 5722 Boll.,
928 5651 962 5707 9
991 5649 1144 5721 Maii,
1177 5650 1238 5707 in
1277 5652 1396 5709 Vita
1426 5649 1700 5720 Gregorii,
1731 5666 1780 5721 e,
1810 5650 1866 5718 5,
