4052 6276
220 359 289 420 6i
1247 358 1667 422 PRIEFATIO
1716 353 2177 416 GENERALIS.
2213 386 2287 398 —
2322 351 2520 411 PARS
2567 348 2645 410 ΙΙ.
3577 349 3655 409 C2

228 518 257 552 ι
292 493 579 571 concine,
649 512 894 575 quaso,
958 496 1292 566 ornatum;
1358 492 1678 574 tugurium
1735 489 2026 551 videlicet
2080 494 2143 549 et
2200 493 2360 548 tecto
2418 493 2480 547 et
2549 483 2760 563 januis
2812 500 3058 557 carens,
3108 482 3317 544 focum
3374 482 3541 563 ignis
3609 498 3675 553 et

236 618 265 650 (ι
295 593 454 654 fumi
512 599 870 675 expertem,
934 594 1208 675 parietes
1262 592 1405 672 igne
1455 591 1822 663 exsiccatos,
1881 607 1959 649 ne
2017 588 2131 649 luti
2189 586 2383 667 guttis
2439 584 2841 662 impetamur,
2904 583 3185 645 Tantalis
3241 582 3497 652 similes,
3549 602 3655 643 ea-

234 718 259 748 ι
295 694 573 774 demque
630 713 825 774 poena
886 694 1161 772 multati,
1225 694 1519 754 nimirum
1579 693 1642 752 in
1702 690 1885 768 aquis
1941 689 2238 762 sitientes,
2290 688 2673 748 miserandas
2753 686 2894 747 illas
2969 686 3187 766 epulas
3255 691 3317 746 et
3382 686 3659 765 jejunae,

231 793 373 852 «ad
408 810 574 872 quas
634 812 667 855 e
725 792 1155 872 Cappadocia,
1191 812 1314 853 non
1368 798 1670 870 tanquam
1731 789 1812 850 ad
1868 787 2383 867 Lotophagorum
2443 791 2909 866 paupertatem,
2944 786 3050 846 sed
3113 784 3300 845 veluti
3359 786 3440 845 ad
3492 785 3673 845 Alci-

232 916 259 944 α
298 891 406 950 noi
468 909 782 964 mensam,
818 910 933 953 nos
988 891 1131 952 vovi
1185 896 1245 951 et
1306 889 1644 951 arumnosi
1701 888 1988 966 naufragi
2062 886 2267 946 vocati
2325 903 2560 945 sumus.
2618 884 2863 945 Nemini
2925 884 3093 943 enim
3151 901 3347 961 panes
3402 883 3543 943 illos
3604 888 3666 943 et

230 987 571 1065 «juscula,
636 988 724 1048 sic
782 988 947 1050 enim
1028 988 1541 1061 nominabantur,
1602 1005 1975 1066 semperque
2024 984 2388 1056 meminero,
2453 982 2747 1042 dentibus
2819 980 2984 1041 circa
3055 981 3409 1059 fragmenta
3467 981 3661 1040 colla-

232 1109 261 1139 ‹‹
300 1086 739 1158 beseentibus,
798 1105 871 1147 ac
930 1093 1147 1165 postea
1201 1086 1440 1159 erectis,
1506 1086 1803 1164 velutque
1859 1102 1890 1145 e
1939 1100 2119 1143 cano
2180 1080 2508 1155 retractis;
2559 1098 2701 1158 qua
2780 1078 3110 1138 sublimius
3166 1083 3233 1138 tu
3311 1077 3672 1156 ampliﬁca-

231 1207 260 1236 ι
298 1182 419 1254 bis,
478 1184 756 1263 propriis
830 1184 1293 1245 calamitatibus
1374 1182 1665 1244 videlicet
1741 1181 2043 1242 orationis
2116 1178 2614 1259 magnitudinem
2693 1177 2806 1237 tibi
2882 1175 3449 1256 suppeditantibus.
3513 1175 3662 1247 Qui-

236 1304 266 1334 «
302 1280 422 1339 bus
450 1281 575 1341 nisi
602 1281 712 1341 illa
760 1300 1011 1354 manna,
1045 1286 1107 1342 et
1150 1300 1499 1360 pauperum
1556 1298 1701 1340 vere
1758 1279 2056 1350 studiosa,
2096 1282 2294 1337 mater
2350 1281 2458 1336 tua
2512 1294 2625 1335 nos
2684 1293 2877 1353 quam
2930 1274 3255 1335 celerrime
3316 1272 3660 1346 liberasset,

240 1378 617 1457 «nobisque
675 1384 1050 1457 tempestate
1098 1378 1355 1458 jactatis
1411 1379 1579 1439 velut
1635 1384 1854 1457 portus
1912 1375 2286 1445 exstitisset;
2324 1373 2709 1453 jampridem
2783 1372 2950 1452 apud
3009 1372 3183 1433 vivos
3239 1389 3372 1431 esse
3452 1371 3668 1431 desiis-

233 1495 531 1549 «scmus,
594 1477 740 1538 ﬁdei
792 1477 1069 1538 Pontica
1155 1477 1411 1537 nomine
1483 1495 1607 1537 non
1692 1474 1998 1554 majorem
2071 1473 2322 1534 laudem
2388 1476 2869 1552 consequentes,
2932 1489 3122 1550 quam
3202 1469 3667 1530 miserationem

233 1600 265 1629 «
301 1579 635 1634 moventes
666 1572 770 1654 (α).
805 1595 834 1630 ι)

312 1677 462 1734 Hac
520 1672 670 1733 licet
736 1672 885 1752 joco
963 1673 1317 1752 Gregorius,
1386 1672 1548 1735 seria
1613 1676 1823 1733 tamen
1897 1670 2215 1732 describit.
2277 1669 2523 1741 Quanta
2596 1668 2762 1728 enim
2836 1667 2982 1728 vita
3062 1667 3450 1741 austeritate,
3511 1684 3655 1727 cum

226 1770 383 1850 ipse,
455 1776 589 1831 tum
640 1771 850 1831 cateri
910 1772 1197 1833 monachi
1258 1772 1545 1832 eamdem
1604 1769 2002 1831 solitudinem
2079 1768 2421 1828 incolentes
2496 1766 2783 1841 vixerint,
2846 1784 2922 1826 ex
2980 1766 3100 1837 his,
3167 1784 3307 1844 qua
3384 1765 3460 1826 de
3537 1764 3656 1825 sibi

226 1869 536 1947 subjectis
596 1869 923 1929 monachis
978 1870 1059 1929 ad
1115 1870 1466 1929 Hellenium
1525 1869 1762 1941 scribit,
1823 1867 1973 1928 satis
2032 1871 2296 1946 apparet
2350 1864 2467 1945 (b):
2506 1889 2534 1921 ‹‹
2576 1864 2704 1944 Ipsi
2762 1863 2950 1938 enim,
3011 1863 3237 1942 inquit,
3302 1863 3529 1943 partim
3588 1863 3654 1922 in

228 1966 431 2026 antris
510 1966 959 2044 solitariisque,
1024 1972 1085 2026 et
1161 1967 1238 2026 ad
1315 1972 1548 2026 terram
1620 1966 1831 2026 stratis
1904 1965 2290 2044 rudibusque
2366 1962 2679 2024 cubilibus
2758 1961 3189 2035 delectantur;
3254 1980 3291 2022 a
3360 1960 3653 2021 domibus

228 2063 610 2135 abhorrent,
673 2070 1136 2142 cognatamque
1191 2064 1461 2125 calestis
1519 2064 1840 2143 sapientiae
1898 2063 2173 2143 quietem
2232 2061 2699 2140 amplectuntur
2749 2080 2763 2120 :
2826 2059 3058 2138 partim
3128 2059 3343 2119 ferreis
3399 2076 3655 2137 compe-

230 2161 421 2221 dibus
479 2178 616 2220 scse
677 2161 1065 2235 excruciant,
1128 2167 1197 2222 ut
1252 2162 1474 2222 vitium
1538 2181 1661 2222 una
1717 2181 1859 2221 cum
1914 2180 2176 2241 corpore
2248 2159 2602 2220 conficiant.
2665 2157 2787 2218 Alii
2861 2175 3110 2217 rursum
3182 2157 3457 2218 ferarum
3530 2156 3661 2216 ritu

230 2258 447 2337 parvis
498 2258 913 2336 angustisque
945 2258 1237 2320 domibus
1292 2258 1535 2333 inclusi,
1600 2279 1677 2321 ne
1728 2259 2011 2321 mortalis
2086 2258 2340 2338 quidem
2419 2256 2771 2335 cujuspiam
2851 2255 3096 2315 vultum
3171 2254 3518 2334 aspiciunt,
3581 2271 3655 2314 ac

230 2375 399 2434 sape
462 2355 655 2416 etiam
713 2362 885 2417 totos
941 2356 1162 2434 viginti
1213 2357 1368 2431 dies,
1431 2357 1817 2437 totidemque
1876 2363 2109 2429 noctes,
2168 2375 2205 2417 a
2260 2356 2398 2416 cibo
2466 2354 2804 2427 abstinent,
2864 2352 3250 2432 dimidiaque
3328 2370 3399 2413 ex
3475 2357 3657 2433 parte

230 2452 467 2513 Christi
516 2452 835 2531 jejunium
890 2453 1281 2527 imitantur;
1348 2460 1543 2534 utque
1600 2455 1888 2516 nonnihil
1944 2455 2076 2533 ipse
2151 2452 2407 2531 gloriosi
2483 2451 2844 2530 pradicem,
2905 2450 3163 2530 quidam
3222 2449 3474 2509 illorum
3530 2449 3658 2510 mei

229 2550 445 2627 gregis
476 2550 614 2609 ovis
654 2554 811 2623 erat,
872 2551 1019 2610 hinc
1076 2571 1270 2631 parvo
1328 2554 1602 2631 quodam
1656 2552 1892 2632 oppido
1942 2570 2248 2631 egressus.
2300 2551 2459 2611 Sunt
2512 2549 2768 2627 insuper
2825 2545 2933 2625 qui
2990 2547 3308 2624 garrulam
3370 2547 3650 2625 linguam

231 2647 415 2724 quasi
502 2646 773 2706 vinculis
875 2648 1255 2725 quibusdam
1350 2650 1728 2729 astringunt,
1809 2649 2103 2728 labiaque
2209 2647 2456 2708 silentio
2552 2644 2998 2724 comprimunt,
3078 2663 3468 2723 summaque
3562 2643 3663 2703 illi

236 2744 432 2804 Menti
493 2744 684 2803 lautis
759 2745 1136 2806 sacrificium
1216 2747 1351 2808 sola
1408 2755 1615 2808 mente
1688 2747 1972 2808 oﬁ‘erent.
2035 2749 2145 2807 Est
2220 2745 2407 2805 etiam
2467 2744 2577 2824 qui
2652 2762 2851 2803 annos
2922 2743 3199 2820 integros
3271 2742 3336 2801 in
3423 2742 3659 2820 templo

233 2847 432 2912 stans,
501 2858 694 2919 puras
750 2842 831 2901 ad
890 2845 1087 2902 Deum
1146 2862 1369 2903 manus
1424 2845 1815 2923 expanderit,
1853 2864 1988 2916 nec,
2046 2843 2213 2922 quod
2270 2843 2373 2902 vix
2430 2842 2725 2921 cuiquam
2774 2840 2963 2901 ﬁdem
3021 2841 3336 2900 facturum
3396 2844 3510 2913 est,
3562 2840 3665 2899 vel

244 2938 569 2997 tantillum
627 2939 1061 3012 obdormierit,
1122 2942 1229 3001 sed
1286 2943 1408 3001 vivi
1466 2943 1694 3021 lapidis
1747 2943 1946 3002 instar
2002 2943 2249 3002 Christo
2307 2941 2550 3001 deﬁxus
2605 2939 2880 3012 steterit,
2939 2957 3013 2999 ac
3066 2938 3240 2999 velut
3286 2937 3658 3016 obriguerit,

242 3037 402 3096 Huic
463 3054 658 3114 porro
716 3037 927 3117 exigui
985 3039 1108 3099 cibi
1165 3040 1460 3119 reliquias
1528 3042 1766 3101 vicinus
1839 3059 2063 3101 corvus
2119 3039 2539 3117 impertiebat,
2602 3055 2959 3117 panemque
3023 3036 3362 3114 integrum,
3423 3037 3475 3097 si
3532 3035 3657 3097 duo

243 3134 405 3194 forte
463 3141 697 3206 essent,
762 3136 1087 3197 afferebat.
1149 3138 1307 3209 Quin
1366 3140 1553 3199 etiam
1631 3158 1756 3218 quo
1833 3146 2115 3219 tempore
2190 3138 2468 3198 Christus
2543 3136 2864 3197 salutifero
2939 3135 3048 3195 illo
3123 3134 3432 3214 supplicio
3506 3152 3652 3212 per-

245 3231 505 3289 functus
563 3230 865 3291 mortales
922 3232 1196 3312 reliquit,
1256 3235 1550 3295 inventus
1611 3241 1704 3295 est
1762 3235 2042 3315 quidam,
2090 3234 2199 3313 qui
2256 3234 2402 3294 hinc
2463 3234 2540 3293 ad
2600 3232 2877 3292 divinum
2936 3236 3212 3291 montem
3272 3231 3659 3306 ascenderet,

241 3326 460 3406 ibique
522 3333 587 3388 et
661 3346 975 3403 sermone,
1035 3336 1096 3391 et
1169 3337 1401 3405 mente,
1459 3338 1521 3393 et
1587 3333 1864 3394 menbris
1937 3334 2236 3394 immotus
2293 3339 2486 3403 stans,
2546 3329 2748 3391 ventis
2817 3329 3192 3408 nivibusque
3259 3329 3657 3408 jactaretur;

234 3444 364 3495 nec,
421 3444 798 3504 quanquam
860 3426 1100 3506 alioqui
1152 3429 1365 3509 plures
1421 3430 1539 3491 viri
1599 3430 1683 3510 pii
1741 3450 1884 3491 eum
1944 3431 2441 3501 circumstarent,
2496 3434 2559 3489 et
2613 3427 2693 3489 ab
2751 3427 2971 3495 eodem
3028 3427 3256 3488 obnixe
3314 3427 3657 3487 contende-

237 3529 395 3595 rent,
457 3529 530 3584 ut
587 3523 864 3602 aliquam
924 3526 1019 3585 sui
1075 3528 1353 3606 corporis
1428 3528 1735 3588 rationem
1813 3527 2106 3598 haberet,
2172 3526 2459 3605 precibus
2537 3531 2745 3586 tamen
2829 3524 3018 3585 nullis
3099 3529 3495 3598 moveretur;
3547 3525 3656 3584 sed

237 3620 557 3680 Christum
588 3639 802 3699 regem
840 3623 1177 3684 fortissime
1208 3626 1533 3697 consertis,
1569 3632 1640 3685 ut
1668 3625 1820 3685 dicit
1850 3624 2028 3697 solet,
2062 3624 2354 3684 manibus
2384 3623 2705 3684 retineret.
2738 3645 2769 3678 »

237 3798 248 3810 _
306 3719 482 3778 Alibi
542 3718 621 3778 de
681 3720 957 3781 Ponticis
1016 3724 1339 3783 monachis
1394 3724 1534 3783 hac
1604 3724 1797 3784 habet
1852 3724 2187 3801 Gregorius
2244 3721 2317 3803 (ε)
2372 3739 2384 3780 :
2456 3743 2485 3779 «
2552 3721 2834 3800 Plerique
2907 3721 3022 3780 sub
3092 3722 3308 3781 ferreis
3392 3721 3659 3784 vinculis

233 3816 701 3896 1ngemiscunt:
736 3818 845 3879 alii
888 3839 1108 3881 rursus
1164 3841 1281 3901 pro
1340 3823 1480 3884 cibo
1538 3822 1777 3883 cineres
1836 3822 2109 3891 habent;
2146 3826 2292 3881 sunt
2348 3820 2575 3899 quibus
2630 3825 2816 3899 potus
2872 3819 3169 3898 lacrymis
3224 3826 3654 3898 temperatur;

232 3916 333 3975 alii
388 3915 678 3975 hibernis
732 3916 982 3978 nivibus
1034 3918 1327 3997 impetiti,
1392 3920 1816 3998 quadraginta
1872 3919 2025 3991 dies,
2063 3919 2450 3994 totidemque
2520 3922 2757 3988 noctes,
2817 3917 2989 3977 velut
3048 3916 3304 3976 arbores
3363 3918 3653 3994 quadam

231 4018 548 4092 perstant,
585 4013 772 4074 corde
826 4033 1054 4094 nempe
1109 4034 1142 4075 e
1200 4022 1367 4077 terra
1424 4017 1787 4096 migrantes,
1851 4020 2175 4095 Deumque
2227 4015 2430 4076 solum
2487 4015 2551 4074 in
2609 4018 2817 4074 mente
2885 4013 3262 4074 habentes...
3325 4013 3485 4084 Quid
3541 4015 3651 4074 de-

228 4110 421 4190 nique
491 4129 604 4171 eos
677 4129 1189 4188 commemorem,
1268 4115 1379 4194 qui
1448 4113 1662 4176 oculos
1739 4114 2065 4191 claudunt,
2116 4119 2177 4175 et
2252 4128 2435 4174 aures
2508 4111 2681 4171 velut
2727 4111 2976 4190 pessulo
3051 4110 3326 4189 quodam
3384 4111 3649 4185 obdunt,

229 4225 305 4267 ne
367 4208 637 4268 aculeus
694 4209 1007 4288 quispiam
1066 4211 1285 4272 mortis
1341 4212 1556 4273 furtim
1628 4212 1933 4292 irrepat?
1992 4215 2071 4273 At
2126 4210 2264 4272 hac
2322 4209 2781 4271 medicamenta
2854 4208 3027 4269 carni
3083 4208 3250 4269 hosti
3308 4228 3446 4271 meo
3505 4230 3653 4289 pro-

226 4305 397 4383 pino.
434 4330 465 4360 »
531 4306 685 4365 Hac
748 4307 1107 4384 Gregorius,
1154 4309 1261 4386 qui
1316 4309 1453 4369 hac
1520 4310 1710 4369 etiam
1770 4309 1919 4369 alibi
1974 4309 2171 4369 fusius
2220 4306 2345 4388 (d):
2414 4331 2443 4363 «
2501 4308 2760 4368 Carnem
2821 4324 3024 4365 meam
3085 4307 3285 4366 atatis
3342 4306 3494 4368 ﬂore
3550 4308 3652 4369 la-

233 4403 613 4463 scivientem
673 4409 733 4463 et
788 4410 1155 4465 astuantem
1216 4406 1431 4466 multis
1492 4425 1565 4467 ac
1622 4406 1855 4467 crebris
1904 4406 2226 4467 laboribus
2284 4403 2513 4477 attrivi,
2553 4404 2790 4465 veneris
2847 4403 3199 4464 satietatem
3259 4405 3658 4485 vicinamque

231 4499 474 4560 rabiem
542 4500 792 4567 sustuli,
855 4502 1074 4561 oculos
1132 4503 1568 4582 temperantia
1624 4504 1993 4579 adiumento
2050 4502 2370 4582 palpebris
2437 4501 2635 4570 inﬁxi,
2696 4500 2854 4560 iram
2915 4500 3160 4580 abrupi,
3198 4503 3482 4561 membra
3537 4503 3649 4562 de-

226 4598 431 4669 vinxi,
494 4598 694 4658 risum
754 4599 1078 4679 deploravi
1123 4617 1138 4673 ;
1192 4602 1407 4661 omnia
1466 4602 1714 4663 Christo
1791 4606 2129 4673 cesserunt,
2191 4601 2405 4679 priora
2478 4599 2691 4659 omnia
2759 4598 3187 4658 conciderunt.
3248 4603 3440 4659 'l‘erra
3495 4600 3652 4661 mihi

232 4694 439 4755 lectus
493 4696 637 4766 fuit,
712 4697 1059 4775 asperrima
1114 4698 1302 4758 vestis
1385 4699 1673 4759 membra
1746 4698 2024 4758 contexit
2075 4714 2089 4769 ;
2149 4697 2480 4775 pervigilia
2562 4696 2749 4756 etiam
2830 4702 2889 4755 et
2944 4696 3365 4774 lacrymarum
3420 4696 3652 4760 imbres

226 4792 553 4852 adhibui:
617 4793 890 4853 interdiu
950 4794 1150 4855 labori
1210 4795 1512 4856 humeros
1568 4796 1869 4874 subjunxi
1922 4813 1937 4855 :
1994 4796 2245 4874 hymnis
2323 4800 2454 4854 tota
2531 4800 2713 4854 nocte
2793 4794 3195 4855 concinendis
3261 4813 3489 4873 corpus
3552 4796 3651 4855 in-

228 4897 355 4949 star
405 4894 637 4949 Statua
696 4890 1201 4961 deﬁxi;nullam
1260 4892 1520 4953 omnino
1576 4893 1921 4953 humanam
1978 4892 2367 4970 voluptatem
2426 4909 2539 4950 nec
2596 4890 2661 4949 in
2719 4890 2999 4950 animum
3058 4891 3312 4969 quidem
3370 4898 3432 4952 et
3479 4892 3652 4971 cogi-

224 4988 531 5047 tationem
560 4987 926 5048 admittens.
961 4990 1167 5067 Atque
1198 4989 1318 5048 hoe
1351 4990 1633 5067 quodam
1670 4990 1823 5049 mihi
1846 4990 1993 5049 vita
2024 4989 2377 5049 institutum
2410 4993 2565 5049 erat.
2600 5010 2631 5043 »

301 5085 406 5146 Sic
464 5085 747 5145 mediam
820 5087 985 5145 viam
1046 5087 1185 5145 iniit
1241 5087 1581 5164 Gregorius
1636 5088 1799 5147 inter
1855 5086 2256 5147 eremitarum
2318 5090 2378 5145 et
2435 5085 2755 5161 migadum
2805 5086 3053 5146 vivendi
3124 5087 3452 5160 rationem,
3516 5105 3643 5148 ca-

227 5182 562 5243 nobiticam
621 5184 958 5262 amplexus
1018 5201 1093 5243 ex
1155 5189 1421 5263 utraque
1477 5190 1898 5264 temperatam
1958 5203 1993 5244 a
2077 5184 2326 5244 Basilio.
2382 5184 2437 5241 ls
2515 5183 2757 5260 primus
2808 5184 3089 5243 omnium
3176 5184 3522 5245 canobitas
3578 5185 3643 5245 in

229 5280 471 5340 Oriente
528 5280 827 5352 instituit,
892 5281 1188 5359 legesque
1265 5282 1565 5355 condidit,
1618 5300 1777 5361 quas
1846 5282 2035 5342 etiam
2094 5281 2384 5357 exemplo
2468 5280 2683 5341 docuit
2764 5301 2887 5341 una
2946 5300 3089 5343 cum
3157 5282 3479 5361 Gregorio,
3538 5283 3649 5360 qui

228 5378 447 5438 Basilio
518 5379 586 5439 in
642 5380 992 5441 condendis
1048 5378 1504 5442 canobitarum
1562 5380 1797 5460 regulis
1855 5386 2045 5459 atque
2128 5379 2319 5441 etiam
2378 5380 2699 5441 servandis
2768 5380 2976 5442 socius
3049 5381 3188 5457 fuit,
3248 5387 3317 5442 ut
3373 5388 3644 5444 constat.

294 5609 369 5678 (α)
389 5611 486 5682 Ep.
523 5611 599 5668 al.
634 5612 690 5667 8.

295 5682 571 5740 iblCarm.
597 5682 678 5740 al.
716 5682 807 5737 47.

2062 5612 2135 5740 (ἃ)
2166 5615 2355 5668 Carm.
2390 5609 2463 5667 a1.
2502 5612 2554 5667 4.

2061 5688 2082 5740 (
2127 5689 2141 5740 l
2171 5688 2359 5740 Carm.
2392 5683 2466 5740 al.
2498 5683 2554 5739 54

346 5682 571 5753 )Carm.
597 5682 678 5740 al.
716 5682 807 5737 47.

2061 5682 2141 5758 (ἆ)
2171 5688 2359 5741 Carm.
2392 5683 2466 5740 al.
2498 5683 2589 5739 54.
