4052 6276
350 342 429 410 63
1359 354 1774 421 PREFATIO
1821 358 2280 421 GENERALIS.
2315 392 2391 404 -
2422 358 2627 423 PARS
2673 357 2752 423 II.
3680 350 3764 412 64

351 481 572 563 Itaque
628 480 814 546 ambo
864 481 1007 566 jure
1063 504 1133 550 ac
1195 489 1415 552 merito
1470 490 1927 554 coenobitarum
2007 490 2385 572 patriarchae
2440 490 2716 555 habendi
2791 494 2960 566 sunt,
3019 485 3128 571 qui
3188 486 3359 568 leges
3433 484 3766 549 monachis

353 579 711 657 condidere,
775 585 1154 648 monasteria
1228 594 1591 651 exstruxere
1678 596 1735 653 et
1805 590 1999 651 vitam
2092 592 2386 652 monachi
2464 610 2817 665 exercuere,
2876 595 2942 652 ut
3010 587 3385 652 Benedictus
3457 585 3524 646 in
3581 587 3766 649 Occi-

352 678 561 741 dente.

433 780 668 840 Praeter
717 780 992 860 privatas
1051 783 1357 864 cujusque
1411 787 1919 861 exercitationes,
1955 806 2112 866 quas
2167 806 2244 848 ex
2299 789 2525 849 Rufino
2586 787 2668 867 (α)
2726 786 3022 849 describit
3071 782 3383 846 Baronius
3441 782 3546 862 (ὁ),
3583 789 3767 843 erant

353 876 716 937 communia
774 880 1022 958 utrique
1080 883 1376 944 exercitia
1429 902 1442 956 ;
1504 903 1541 944 a
1598 885 1828 962 quibus
1884 902 2026 945 cum
2087 886 2428 963 aliquando
2481 886 2834 945 abstractus
2909 884 3125 943 fuisset
3204 880 3561 957 Gregorius,
3624 880 3766 941 haec

352 972 769 1051 ingemiscens
812 978 1123 1056 scripsit:
1191 1001 1218 1037 (ι
1278 981 1426 1051 Quis
1512 982 1664 1042 mihi
1734 983 1910 1043 dabit
1986 990 2055 1043 ut
2127 983 2536 1060 pristinorum
2613 984 2855 1043 dierum
2924 980 3330 1049 afflctionem,
3394 977 3458 1036 in
3535 978 3770 1056 quibus

352 1073 560 1131 tecum
614 1072 1066 1151 jucundissime
1122 1078 1266 1151 vixi,
1304 1078 1400 1138 vel
1462 1098 1737 1140 mensem
1797 1099 1992 1140 unum
2051 1082 2212 1140 ferre
2272 1081 2840 1159 liccat?quoniam
2902 1098 2999 1140 res
3056 1078 3286 1148 tristes,
3337 1092 3479 1153 quas
3538 1084 3770 1154 sponte

354 1168 668 1247 feruntur,
736 1172 969 1232 coactis
1027 1174 1266 1235 deliciis
1318 1175 1595 1256 potiores
1655 1177 1990 1238 habentur.
2053 1178 2199 1249 Quis
2257 1178 2432 1239 dabit
2486 1178 2639 1238 mihi
2708 1177 3093 1257 psalmodias
3147 1174 3309 1245 illas,
3372 1176 3435 1232 et
3489 1172 3766 1251 vigilias,

356 1270 418 1325 et
474 1266 553 1326 ad
606 1269 994 1345 precandum
1054 1290 1352 1344 recessus,
1415 1274 1735 1352 vitamque
1780 1274 1953 1335 illam
2012 1275 2197 1353 quasi
2264 1276 2653 1353 spiritualem
2711 1280 2773 1336 et
2844 1275 3282 1351 incorpoream
3331 1269 3360 1327 ?
3415 1269 3562 1339 Quis
3637 1271 3776 1331 fra-

354 1366 543 1438 trum,
608 1365 716 1443 qui
772 1385 809 1426 a
880 1373 939 1427 te
993 1367 1056 1427 in
1116 1370 1347 1447 pietate
1410 1370 1824 1431 instituuntur
1904 1378 1965 1433 et
2010 1373 2074 1432 in
2158 1373 2427 1433 sublime
2494 1373 2842 1449 eriguntur,
2902 1369 3383 1431 unanimitatem
3460 1366 3635 1428 dabit
3710 1375 3779 1430 et

354 1461 757 1523 concordiam
805 1464 835 1523 ?
892 1465 1042 1537 Quis
1097 1467 1346 1527 virtutis
1429 1474 1745 1529 certamen
1824 1475 1885 1529 et
1960 1488 2253 1542 acumen,
2342 1472 2507 1548 quod
2580 1469 2959 1549 praescriptis
3036 1467 3235 1528 modis
3292 1469 3355 1524 et
3427 1465 3778 1528 canonibus

354 1558 826 1621 stabiliebamus
871 1562 902 1622 ?
961 1564 1108 1634 Quis
1164 1564 1517 1626 divinorum
1590 1567 1991 1628 oraculorum
2053 1567 2441 1640 exercitium,
2499 1566 2689 1648 inque
2737 1567 2861 1626 illis
2940 1586 3083 1627 cum
3161 1566 3417 1644 spiritus
3478 1564 3773 1626 modera-

354 1655 522 1715 mine
576 1656 897 1718 inventam
956 1659 1161 1721 lucem
1201 1664 1229 1722 ?
1287 1668 1418 1737 aut,
1476 1668 1545 1723 ut
1603 1664 1853 1725 minora
1920 1683 1992 1725 ac
2047 1664 2283 1724 leviora
2331 1664 2560 1739 dicam,
2623 1664 2762 1744 quis
2820 1663 2998 1725 dabit
3053 1663 3455 1743 quotidianus
3508 1662 3650 1723 illas
3709 1666 3775 1723 et

352 1754 715 1815 manuarias
798 1775 1023 1836 Operae
1069 1759 1099 1817 ?
1151 1760 1299 1831 Quis
1379 1762 1694 1840 lignorum
1778 1763 2239 1836 ﬁndendorum,
2329 1763 2951 1843 comportandorum,
3034 1781 3107 1823 ac
3182 1761 3767 1841 componendorum

350 1850 635 1913 laborem
694 1858 755 1914 et.
810 1854 1179 1935 lapidicinae
1223 1858 1253 1918 ‘?
1306 1860 1455 1931 Quis
1509 1860 1885 1922 consitiones
1941 1868 2003 1920 et
2058 1861 2454 1939 irrigationes
2513 1862 2870 1939 plantarum
2903 1862 2932 1922 ?
2991 1860 3139 1932 Quis
3198 1860 3525 1938 platanum
3585 1859 3761 1919 illam

354 1964 634 2023 auream,
669 1952 880 2013 Xercis
927 1954 1184 2032 platano
1243 1957 1763 2035 praestantiorem,
1824 1957 1887 2017 in
1946 1977 2072 2036 qua
2128 1977 2251 2017 non
2310 1976 2421 2017 rex
2478 1958 2685 2017 mollis
2742 1965 2803 2017 et
2860 1964 3211 2029 enervatus,
3244 1958 3352 2015 sed
3414 1955 3765 2015 monachus

355 2046 629 2108 afﬂictus
686 2054 748 2110 et
805 2050 1217 2115 debilitatus?
1274 2073 1464 2133 quam
1548 2074 1664 2132 ego
1743 2056 2047 2136 plantavi,
2082 2055 2305 2136 Apollo
2365 2055 2611 2133 rigavit,
2672 2055 2793 2116 hoc
2851 2063 2943 2115 est
3002 2054 3373 2115 excellentia
3417 2059 3545 2115 tua.
3598 2055 3766 2115 Deus

354 2150 566 2205 autem
597 2145 658 2206 in
686 2146 991 2210 honorem
1024 2152 1223 2213 nostri
1253 2153 1561 2232 provexit.
1585 2174 1614 2210 υ

436 2244 570 2314 Quo
619 2250 903 2325 tempore
962 2250 1299 2329 Gregorius
1353 2251 1417 2312 in
1474 2250 1811 2313 solitudine
1867 2251 2255 2326 versabatur,
2320 2258 2381 2312 et
2413 2250 2707 2311 monachi
2756 2250 2946 2309 vitam
3020 2268 3161 2309 cum
3219 2248 3451 2309 Basilio
3508 2266 3768 2310 exerce-

354 2338 490 2414 bat,
548 2342 781 2403 crebris
842 2364 1100 2407 suorum
1158 2348 1381 2411 litteris
1452 2368 1596 2411 cum
1671 2349 1942 2411 Basilius
2009 2350 2353 2410 Caesaream
2434 2353 2853 2419 revocaretur,
2913 2346 3237 2425 respondit
3307 2344 3440 2427 (c):
3498 2369 3529 2402 ‹‹
3587 2348 3771 2407 Nunc

357 2439 658 2516 quoniam
717 2461 831 2521 per
885 2445 1151 2521 gratiam
1210 2448 1321 2507 Dei
1377 2448 1507 2509 voti
1562 2448 1758 2509 nostri
1818 2466 1933 2527 pro
1990 2447 2226 2507 viribus
2286 2453 2607 2524 compotes
2666 2446 2813 2505 facti
2898 2462 3137 2518 sumus,
3196 2462 3507 2522 organum
3583 2444 3773 2505 bene-

356 2533 591 2596 dictum
650 2545 1037 2619 puteumque
1089 2544 1470 2620 profundum
1526 2546 1761 2625 adepti.
1815 2545 2207 2624 Gregorium,
2268 2562 2337 2605 os
2388 2543 2545 2603 illud
2601 2543 2739 2603 dico
2817 2542 3092 2617 Christi;
3158 2560 3502 2622 parumper
3559 2541 3767 2613 nobis,

358 2631 643 2708 obsecro,
700 2654 1044 2717 parumper
1098 2640 1263 2702 hanc
1321 2642 1630 2702 morulam
1688 2642 2033 2720 indulgete,
2066 2661 2257 2721 quam
2317 2660 2443 2701 non
2488 2640 2568 2701 ad
2624 2641 2745 2701 hoc
2802 2640 3092 2718 petimus,
3128 2645 3199 2700 ut
3255 2638 3506 2699 urbium
3565 2644 3769 2699 secte-

358 2747 502 2789 mur
530 2730 807 2811 delicias,
840 2735 947 2795 sed
998 2742 1066 2796 ut
1118 2737 1402 2798 fruamur
1455 2745 1816 2800 sanctorum
1875 2740 2186 2800 convictu.
2253 2765 2279 2795 ι
2341 2738 2708 2816 Gregorium
2765 2756 3017 2817 quoque
3064 2738 3266 2815 pietas
3323 2753 3475 2814 erga
3531 2753 3769 2815 paren-

358 2832 452 2888 tes
508 2829 908 2892 solitudinem
970 2834 1323 2913 relinquere
1384 2841 1445 2896 et
1501 2837 1876 2897 Nazianzum
1927 2837 2153 2897 reverti
2210 2837 2568 2916 compulit;
2621 2854 2734 2896 nec
2792 2842 2999 2895 tamen
3057 2835 3299 2896 interea
3355 2836 3527 2914 quod
3586 2853 3776 2896 vove-

356 2929 477 3000 rat,
509 2925 574 2986 id
606 2932 719 3001 est,
756 2929 1049 2991 monachi
1074 2931 1292 3004 vitam,
1325 2933 1387 2993 in
1440 2941 1703 3011 paterna
1754 2934 1942 2995 domo
1992 2953 2176 3013 agere
2234 2934 2537 2994 cessavit:
2602 2957 2631 2987 «
2691 2933 2859 2992 Adeo
2914 2938 3002 3003 ut,
3058 2932 3263 3011 inquit
3318 2930 3425 3013 (d),
3484 2932 3771 3010 philoso-

354 3020 573 3101 phiam
606 3043 859 3105 quoque
917 3026 1142 3106 ipsam,
1180 3048 1306 3107 qua
1338 3049 1450 3092 nec
1506 3032 1813 3110 possessio
1874 3033 2024 3106 ulla,
2084 3050 2200 3092 nec
2256 3049 2486 3091 nomen
2557 3029 2756 3090 ullum
2818 3028 2970 3088 mihi
3023 3028 3275 3088 charius
3331 3034 3445 3103 est,
3483 3034 3769 3089 contem-

353 3122 775 3200 pserim;vel,
810 3129 878 3184 ut
932 3126 1140 3186 verius
1183 3128 1427 3207 loquar,
1476 3128 1597 3190 hoc
1653 3129 1926 3208 primum
1984 3130 2356 3203 studuerim,
2407 3134 2476 3189 ut
2534 3147 2609 3189 ne
2659 3127 3167 3208 philosophantis
3218 3128 3488 3206 speciem
3521 3128 3767 3207 prabe-

354 3236 510 3280 rem.
572 3245 601 3277 »
662 3222 839 3293 Quod
897 3230 1224 3286 externum
1286 3232 1378 3287 est
1432 3227 1496 3287 in
1556 3227 1687 3288 vita
1744 3229 2060 3302 monachi,
2122 3228 2254 3301 vel,
2316 3235 2382 3288 ut
2438 3227 2633 3307 ipsius
2688 3227 2894 3286 verbis
2944 3231 3107 3299 utar,
3165 3250 3195 3281 «
3261 3226 3773 3306 philosophantis

353 3319 649 3395 speciem,
686 3341 713 3377 υ
750 3338 964 3382 amore
995 3329 1329 3400 parentum
1364 3325 1666 3404 despexit,
1701 3322 1777 3385 ὡς
1832 3325 1921 3378 καὶ

2169 3323 2321 3401 aeta:
2383 3320 2651 3398 ὑπεριδεῖν
2714 3321 2903 3391 αὐτῆς·
2974 3323 3082 3383 sed
3129 3324 3299 3384 intus
3346 3343 3493 3386 vere
3543 3342 3769 3385 mona-

352 3414 455 3475 chi
508 3417 701 3477 vitam
754 3417 1034 3497 agebat:
1096 3425 1164 3481 ut
1214 3422 1380 3483 enim
1438 3424 1526 3484 ait
1577 3423 1713 3503 ipse
1769 3422 2102 3502 Gregorius
2158 3422 2272 3504 (e):
2311 3447 2341 3479 (ι
2400 3424 2644 3485 Morum
2702 3428 2815 3495 est,
2851 3439 2976 3481 non
3032 3439 3397 3502 corporum,
3450 3421 3582 3483 vita
3638 3417 3777 3481 mo-

353 3514 595 3576 nastica
618 3533 631 3575 :
665 3535 695 3573 ι

954 3628 1178 3705 Τρόπων
1212 3654 1313 3709 γαρ
1348 3634 1479 3691 εἶναι
1510 3638 1606 3706 τὴν
1646 3640 1840 3711 μονὴν,
1873 3636 1933 3691 οὐ
1968 3635 2255 3709 σωμάτων.

435 3797 779 3859 Observare
829 3800 1015 3878 juvat
1071 3803 1439 3880 Gregorium
1499 3821 1535 3862 a
1591 3801 1928 3863 solitudine
1984 3800 2325 3860 abductum
2386 3798 2464 3878 (/)
2522 3804 2691 3858 metu
2754 3824 2783 3854 ‹‹
2843 3818 2921 3859 ne
2998 3798 3501 3861 benedictionem
3558 3805 3771 3878 pater-

355 3912 502 3955 nam
536 3898 890 3960 amitteret:
929 3922 959 3955 »
992 3898 1091 3953 οὐκ
1147 3896 1438 3974 ἤνεγκα....
1496 3897 1863 3966 καταλυθῆναι
1916 3918 1955 3951 τ·

2173 3894 2338 3971 ογίαν·
2401 3916 2525 3976 quo
2559 3902 2775 3975 postea
2816 3903 2984 3958 metu
3036 3896 3319 3977 depulso,
3355 3914 3581 3976 nempe
3632 3904 3773 3977 post

356 3999 718 4056 sanctorum
778 4006 1045 4063 mortem
1095 4005 1427 4080 parentum
1486 4002 1548 4058 et
1603 3998 1961 4060 abdicatam
2020 3996 2229 4056 sedem
2291 3995 3076 4074 Constantinopolitanam,
3137 3999 3335 4055 totam
3401 4016 3433 4049 «
3488 3993 3775 4073 philoso-

356 4090 750 4172 phiam,qua
793 4116 907 4159 nec
957 4098 1269 4179 possessio
1330 4096 1480 4170 ulla,
1509 4115 1623 4157 nec
1680 4114 1910 4157 nomen
1970 4096 2162 4155 ullum
2222 4092 2342 4172 ipsi
2399 4093 2650 4153 charius
2707 4098 2865 4164 erat,
2898 4116 2928 4148 ››
2965 4093 3029 4151 id
3087 4097 3200 4164 est,
3232 4091 3435 4170 ipsam
3498 4090 3774 4150 «Philo-

357 4189 688 4268 sOphantis
744 4197 1013 4274 speciem
1048 4220 1078 4253 »
1140 4203 1201 4257 et
1256 4214 1506 4255 nomem
1564 4194 1893 4274 amplexus
1948 4198 2078 4267 est;
2130 4199 2193 4254 et
2248 4199 2376 4252 tam
2436 4192 2707 4253 exterius
2764 4210 2954 4269 quam
3011 4190 3293 4263 interius,
3333 4212 3363 4245 «
3422 4189 3572 4263 ruri,
3622 4212 3654 4246 »
3708 4196 3779 4249 ut

361 4289 577 4350 scribit
607 4292 1047 4374 Hieronymus,
1079 4296 1271 4356 vitam
1307 4294 1600 4354 monachi
1631 4293 1928 4354 exercuit.
1964 4315 1995 4347 »

440 4388 810 4467 Priusquam
870 4393 1014 4454 hinc
1083 4393 1501 4465 discedamus,
1562 4396 1623 4451 et
1675 4390 1961 4468 Gregorii
2041 4388 2275 4460 locum,
2328 4388 2436 4465 qui
2514 4385 2813 4464 objicitur
2868 4405 2941 4446 ex
3029 4385 3304 4446 carmine
3387 4384 3617 4465 primo,
3677 4403 3775 4445 re-

362 4484 787 4565 linquamus;
873 4509 1056 4551 voces
1141 4490 1431 4570 quaedam
1523 4488 1939 4567 explananda
2016 4491 2209 4559 sunt,
2270 4492 2337 4545 ut
2448 4484 2987 4562 vitilitigatoribus
3070 4488 3426 4544 occuratur.
3515 4479 3777 4556 Ἀζύγων,

367 4576 583 4656 ὁὶ(ἶυγος,
646 4585 1049 4664 «injugatus,
1111 4586 1422 4658 caelebs,»
1459 4584 1648 4662 vulgo
1706 4584 2027 4644 redditur:
2060 4600 2275 4642 verum
2317 4580 2487 4659 apud
2549 4579 2939 4657 Gregorium,
2995 4578 3103 4657 qui
3132 4578 3297 4639 hanc
3353 4597 3573 4639 vocem
3632 4578 3781 4639 huic

361 4681 501 4741 voci
561 4676 800 4755 μιγάδων
861 4686 1148 4763 opponit,
1223 4683 1425 4761 accipi
1508 4683 1694 4743 debet
1777 4682 1853 4741 de
1939 4681 2220 4751 eremita,
2285 4679 2687 4752 anachoreta,
2748 4677 2846 4737 vel
2903 4676 3185 4754 quolibet
3246 4675 3584 4750 monacho,
3668 4676 3781 4756 qui

363 4779 625 4841 omnino
678 4781 849 4841 solus
905 4788 1021 4858 est,
1081 4801 1193 4842 nec
1248 4781 1446 4841 ullum
1538 4780 1730 4840 habet
1805 4780 2067 4841 socium.
2129 4778 2275 4838 Ideo
2360 4775 2763 4836 Bollandistae
2847 4774 3343 4852 interpretantur
3421 4773 3777 4835 Solz'tarios:

361 4877 820 4938 Leuvenklaius
876 4880 978 4938 ad.
1039 4897 1238 4957 marg.
1273 4895 1362 4950 γρ.
1395 4875 1485 4929 καὶ
1515 4876 1815 4951 ἐρημικῶν.
1875 4876 2073 4936 Aliter
2128 4873 2528 4952 interpretari
2586 4890 2799 4933 vocem
2886 4870 3049 4930 hanc
3120 4889 3247 4931 non
3335 4870 3571 4945 sinunt,
3633 4889 3784 4949 quas

363 4973 734 5053 praecedunt
787 4979 849 5035 et
900 4993 1042 5053 qua}
1097 4981 1445 5054 sequuntur
1496 4972 1560 5033 in
1621 4973 1943 5051 Gregorio.
2006 4971 2258 5041 Vereor,
2320 4988 2397 5029 ne
2474 4969 2696 5029 doctus
2768 4967 3140 5027 Sirmundus
3212 4966 3277 5025 in
3365 4967 3508 5028 Vita
3580 4967 3785 5027 sancti

362 5069 681 5132 Theodori
736 5071 1022 5144 Studitaa,
1058 5090 1232 5131 num.
1265 5076 1324 5143 5,
1362 5091 1420 5150 p.
1457 5074 1517 5143 7,
1580 5070 1784 5130 minus
1841 5075 1962 5129 rect

2185 5067 2313 5126 ,erit
2370 5065 2503 5125 ha};
2558 5064 2787 5125 verba:
2842 5065 2946 5115 Τοῦ
2978 5064 3304 5116 κοινωνικοῦ
3332 5060 3454 5138 βίου
3484 5060 3577 5116 τὸν
3611 5061 3785 5138 ἄζυγᾶ

366 5168 832 5245 προτιμήσαντας,
892 5194 923 5227 «
972 5171 1253 5232 caelibem
1312 5172 1504 5230 vitam
1564 5168 1858 5247 conjugio
1909 5186 1966 5228 a1

2190 5172 2402 5227 entes:
2438 5188 2468 5220 »
2506 5161 2830 5223 Κοινωνικὸς
2866 5161 2981 5235 βίος
3037 5181 3316 5243 namque
3368 5162 3433 5223 in
3486 5162 3785 5242 Gregorio

369 5274 530 5331 orat.
562 5270 661 5345 21,
696 5288 736 5329 n
769 5271 865 5344 l9,
898 5268 976 5330 de
1003 5269 1134 5331 vita
1162 5269 1535 5331 coenobitica
1564 5272 1711 5328 sunt
1738 5265 2123 5345 accipienda.

2209 5522 2228 5734 ἕ

467 5526 524 5647 iii
556 5525 1087 5647 ἓξξῖιέξίιξᾊῗιθῖ
1117 5596 1152 5647 9
1190 5595 1346 5647 Maii.
1379 5612 1435 5647 ο.
1496 5596 1621 5647 388.
1653 5594 1833 5647 Enist.
1863 5593 1939 5647 al.
1970 5595 2024 5647 9.
2310 5519 2499 5647 ἓξὲιξῗ
2532 5518 2712 5647 ῧὲῗξὶ

444 5526 524 5671 Ea;
556 5527 689 5583 Ruf.
722 5526 823 5582 lib.
854 5532 920 5595 ll,
950 5542 998 5581 c.
1031 5526 1087 5582 9.
1289 5595 1322 5607 η
1743 5594 1753 5605 ο
2209 5526 2286 5671 Ed)
2318 5526 2413 5577 0r.
2443 5526 2498 5592 2,
2620 5526 2712 5601 δὴ.

470 5601 500 5654 b
555 5599 707 5671 Bar.,
732 5615 888 5671 apup
916 5596 1152 5671 Boll._,_9
1190 5595 1346 5671 Man,
1379 5612 1435 5668 p.
1496 5596 1621 5653 388.
1653 5594 1833 5667 Epist.
1863 5593 1939 5651 al.
1970 5595 2024 5662 9,
2232 5593 2279 5671 β)
2310 5596 2499 5671 Germ.
2578 5593 2753 5671 alita
2772 5606 2874 5645 sua

446 5593 524 5671 (ὁ)
555 5599 681 5655 Bar.
732 5593 1087 5670 apup'Bolln
1117 5596 1152 5650 9
1190 5595 1346 5661 Maii,
1379 5612 1435 5668 p.
1496 5596 1621 5653 388.
1653 5594 1833 5667 Epist.
1863 5593 1939 5651 al.
1970 5595 2024 5662 9,
2232 5609 2259 5649 θ
2310 5596 2499 5648 Carm.
2532 5593 2608 5647 De
2640 5593 2701 5645 vi;

446 5674 516 5742 (c)
538 5644 707 5744 Apud
734 5669 879 5728 Boil.
904 5670 940 5725 9
969 5667 1126 5737 Maii,
1169 5685 1228 5741 p.
1261 5668 1386 5724 388.
2209 5593 2279 5735 iii
2306 5663 2399 5718 Or.
2431 5667 2487 5733 2,
2518 5681 2574 5736 p.
2610 5662 2701 5717 59.
