  <div class='ocr_page' id='page_1' title='image "/cluster/home/n/w/nwhite01/storage/ocr_20150623/35/mdp.39015012934389/036.png"; bbox 0 0 4052 6276; ppageno 0'>
   <div class='ocr_carea' id='block_1_1' title="bbox 206 352 3621 432">
    <p class='ocr_par' dir='ltr' id='par_1_1' title="bbox 206 352 3621 432">
     <span class='ocr_line' id='line_1_1' title="bbox 206 352 3621 432; baseline 0.001 -4"><span class='ocrx_word' id='word_1_1' title='bbox 206 362 277 428; x_wconf 72' lang='lat'>65</span> <span class='ocrx_word' id='word_1_2' title='bbox 1227 354 1643 428; x_wconf 61' lang='lat' dir='ltr'>PREFATIO</span> <span class='ocrx_word' id='word_1_3' title='bbox 1690 358 2147 427; x_wconf 74' lang='lat' dir='ltr'>GENERALIS.</span> <span class='ocrx_word' id='word_1_4' title='bbox 2182 401 2259 411; x_wconf 90' lang='lat'><strong><em>—</em></strong></span> <span class='ocrx_word' id='word_1_5' title='bbox 2296 354 2494 427; x_wconf 69' lang='lat' dir='ltr'>PAR-3</span> <span class='ocrx_word' id='word_1_6' title='bbox 2544 352 2617 426; x_wconf 84' lang='lat' dir='ltr'>ll.</span> <span class='ocrx_word' id='word_1_7' title='bbox 3541 366 3621 432; x_wconf 85' lang='lat'><strong>66</strong></span> 
     </span>
    </p>
   </div>
   <div class='ocr_carea' id='block_1_2' title="bbox 272 498 3621 584">
    <p class='ocr_par' dir='ltr' id='par_1_2' title="bbox 272 498 3621 584">
     <span class='ocr_line' id='line_1_2' title="bbox 272 498 3621 584; baseline 0.001 -23"><span class='ocrx_word' id='word_1_8' title='bbox 272 498 558 577; x_wconf 76' lang='grc' dir='ltr'>Μιγάδων,</span> <span class='ocrx_word' id='word_1_9' title='bbox 638 501 769 563; x_wconf 88' lang='lat' dir='ltr'>alia</span> <span class='ocrx_word' id='word_1_10' title='bbox 852 520 975 562; x_wconf 83' lang='lat' dir='ltr'>vox</span> <span class='ocrx_word' id='word_1_11' title='bbox 1058 500 1429 581; x_wconf 86' lang='lat' dir='ltr'>exponenda</span> <span class='ocrx_word' id='word_1_12' title='bbox 1511 506 1640 575; x_wconf 91' lang='lat' dir='ltr'>est,</span> <span class='ocrx_word' id='word_1_13' title='bbox 1721 500 1771 560; x_wconf 99' lang='lat' dir='ltr'>si</span> <span class='ocrx_word' id='word_1_14' title='bbox 1857 499 2111 579; x_wconf 86' lang='lat' dir='ltr'>quidem</span> <span class='ocrx_word' id='word_1_15' title='bbox 2222 500 2389 562; x_wconf 89' lang='lat' dir='ltr'>viros</span> <span class='ocrx_word' id='word_1_16' title='bbox 2498 500 2716 561; x_wconf 91' lang='lat' dir='ltr'>doctos</span> <span class='ocrx_word' id='word_1_17' title='bbox 2824 500 2887 560; x_wconf 92' lang='lat' dir='ltr'>in</span> <span class='ocrx_word' id='word_1_18' title='bbox 2983 517 3256 563; x_wconf 88' lang='lat' dir='ltr'>errorem</span> <span class='ocrx_word' id='word_1_19' title='bbox 3341 502 3621 584; x_wconf 81' lang='lat' dir='ltr'>impulit.</span> 
     </span>
    </p>
   </div>
   <div class='ocr_carea' id='block_1_3' title="bbox 206 598 3620 680">
    <p class='ocr_par' dir='ltr' id='par_1_3' title="bbox 206 598 3620 680">
     <span class='ocr_line' id='line_1_3' title="bbox 206 598 3620 680; baseline 0.002 -24"><span class='ocrx_word' id='word_1_20' title='bbox 206 599 429 678; x_wconf 66' lang='grc' dir='ltr'>Μιγάὃες</span> <span class='ocrx_word' id='word_1_21' title='bbox 490 601 729 680; x_wconf 87' lang='lat' dir='ltr'>accipit</span> <span class='ocrx_word' id='word_1_22' title='bbox 778 599 1114 677; x_wconf 76' lang='lat' dir='ltr'>Gregorius</span> <span class='ocrx_word' id='word_1_23' title='bbox 1172 617 1284 676; x_wconf 90' lang='lat' dir='ltr'>pro</span> <span class='ocrx_word' id='word_1_24' title='bbox 1339 598 1709 672; x_wconf 88' lang='lat' dir='ltr'>coenobitis;</span> <span class='ocrx_word' id='word_1_25' title='bbox 1770 617 1896 677; x_wconf 93' lang='lat' dir='ltr'>quo</span> <span class='ocrx_word' id='word_1_26' title='bbox 1956 617 2139 659; x_wconf 91' lang='lat' dir='ltr'>sensu</span> <span class='ocrx_word' id='word_1_27' title='bbox 2194 618 2311 658; x_wconf 82' lang='lat' dir='ltr'>vox</span> <span class='ocrx_word' id='word_1_28' title='bbox 2362 598 2470 658; x_wconf 92' lang='lat' dir='ltr'>illa</span> <span class='ocrx_word' id='word_1_29' title='bbox 2528 617 2565 658; x_wconf 90' lang='lat' dir='ltr'>a</span> <span class='ocrx_word' id='word_1_30' title='bbox 2624 599 2907 676; x_wconf 84' lang='lat' dir='ltr'>pluribus</span> <span class='ocrx_word' id='word_1_31' title='bbox 2962 599 3284 677; x_wconf 78' lang='lat' dir='ltr'>accipitur,</span> <span class='ocrx_word' id='word_1_32' title='bbox 3337 600 3400 660; x_wconf 92' lang='lat' dir='ltr'>in</span> <span class='ocrx_word' id='word_1_33' title='bbox 3461 620 3620 679; x_wconf 87' lang='lat' dir='ltr'>quo-</span> 
     </span>
    </p>
   </div>
   <div class='ocr_carea' id='block_1_4' title="bbox 204 694 3617 775">
    <p class='ocr_par' dir='ltr' id='par_1_4' title="bbox 204 694 3617 775">
     <span class='ocr_line' id='line_1_4' title="bbox 204 694 3617 775; baseline -0.001 -13"><span class='ocrx_word' id='word_1_34' title='bbox 204 721 332 763; x_wconf 89' lang='lat' dir='ltr'>rum</span> <span class='ocrx_word' id='word_1_35' title='bbox 394 717 666 760; x_wconf 90' lang='lat' dir='ltr'>numero</span> <span class='ocrx_word' id='word_1_36' title='bbox 722 703 873 757; x_wconf 89' lang='lat' dir='ltr'>sunt</span> <span class='ocrx_word' id='word_1_37' title='bbox 930 701 1178 755; x_wconf 90' lang='lat' dir='ltr'>sanctus</span> <span class='ocrx_word' id='word_1_38' title='bbox 1234 694 1740 774; x_wconf 86' lang='lat' dir='ltr'>Ghrysostomus,</span> <span class='ocrx_word' id='word_1_39' title='bbox 1803 695 1977 755; x_wconf 91' lang='lat' dir='ltr'>hom.</span> <span class='ocrx_word' id='word_1_40' title='bbox 2028 695 2093 755; x_wconf 71' lang='lat' dir='ltr'>in</span> <span class='ocrx_word' id='word_1_41' title='bbox 2143 694 2297 774; x_wconf 80' lang='lat' dir='ltr'>falso</span> <span class='ocrx_word' id='word_1_42' title='bbox 2349 695 2707 775; x_wconf 70' lang='lat' dir='ltr'>prop/ictas;</span> <span class='ocrx_word' id='word_1_43' title='bbox 2767 694 3278 774; x_wconf 77' lang='lat' dir='ltr'>&#39;l‘heophylactus</span> <span class='ocrx_word' id='word_1_44' title='bbox 3335 698 3397 756; x_wconf 72' lang='lat' dir='ltr'>in</span> <span class='ocrx_word' id='word_1_45' title='bbox 3444 698 3617 759; x_wconf 83' lang='lat' dir='ltr'>Mar-</span> 
     </span>
    </p>
   </div>
   <div class='ocr_carea' id='block_1_5' title="bbox 203 784 3618 866">
    <p class='ocr_par' dir='ltr' id='par_1_5' title="bbox 203 784 3618 866">
     <span class='ocr_line' id='line_1_5' title="bbox 203 784 3618 866; baseline 0 -19"><span class='ocrx_word' id='word_1_46' title='bbox 203 820 321 860; x_wconf 69' lang='lat' dir='ltr'>cum</span> <span class='ocrx_word' id='word_1_47' title='bbox 354 817 411 859; x_wconf 70' lang='grc' dir='ltr'>α,</span> <span class='ocrx_word' id='word_1_48' title='bbox 465 815 548 860; x_wconf 72' lang='grc' dir='ltr'>ιγ,</span> <span class='ocrx_word' id='word_1_49' title='bbox 581 790 786 850; x_wconf 80' lang='grc' dir='ltr'>Ἄλλοι</span> <span class='ocrx_word' id='word_1_50' title='bbox 825 791 921 864; x_wconf 75' lang='grc' dir='ltr'>μὲν</span> <span class='ocrx_word' id='word_1_51' title='bbox 953 789 1053 844; x_wconf 77' lang='grc' dir='ltr'>εἶσι</span> <span class='ocrx_word' id='word_1_52' title='bbox 1109 789 1364 865; x_wconf 71' lang='grc' dir='ltr'>παρθένοι</span> <span class='ocrx_word' id='word_1_53' title='bbox 1394 788 1482 843; x_wconf 76' lang='grc' dir='ltr'>καί</span> <span class='ocrx_word' id='word_1_54' title='bbox 1541 789 1817 865; x_wconf 76' lang='grc' dir='ltr'>ἔρημικοί·</span> <span class='ocrx_word' id='word_1_55' title='bbox 1878 787 2040 844; x_wconf 77' lang='grc' dir='ltr'>ἄλλοι</span> <span class='ocrx_word' id='word_1_56' title='bbox 2104 787 2322 865; x_wconf 78' lang='grc' dir='ltr'>μιγάδες</span> <span class='ocrx_word' id='word_1_57' title='bbox 2377 788 2464 843; x_wconf 79' lang='grc' dir='ltr'>καὶ</span> <span class='ocrx_word' id='word_1_58' title='bbox 2523 788 2573 843; x_wconf 84' lang='grc' dir='ltr'>ἐν</span> <span class='ocrx_word' id='word_1_59' title='bbox 2632 784 2914 861; x_wconf 75' lang='grc' dir='ltr'>κοινοϐίῳ·</span> <span class='ocrx_word' id='word_1_60' title='bbox 2947 788 3122 866; x_wconf 70' lang='grc' dir='ltr'>ἕτεροι</span> <span class='ocrx_word' id='word_1_61' title='bbox 3180 789 3362 846; x_wconf 78' lang='grc' dir='ltr'>λαϊκοὶ</span> <span class='ocrx_word' id='word_1_62' title='bbox 3419 792 3508 847; x_wconf 78' lang='grc' dir='ltr'>καὶ</span> <span class='ocrx_word' id='word_1_63' title='bbox 3565 793 3618 851; x_wconf 76' lang='grc' dir='ltr'>ἐν</span> 
     </span>
    </p>
   </div>
   <div class='ocr_carea' id='block_1_6' title="bbox 200 889 3629 970">
    <p class='ocr_par' dir='ltr' id='par_1_6' title="bbox 200 889 3629 970">
     <span class='ocr_line' id='line_1_6' title="bbox 200 889 3629 970; baseline 0.001 -15"><span class='ocrx_word' id='word_1_64' title='bbox 200 894 384 970; x_wconf 77' lang='grc' dir='ltr'>γάμῳ·</span> <span class='ocrx_word' id='word_1_65' title='bbox 444 896 511 956; x_wconf 91' lang='lat' dir='ltr'>id</span> <span class='ocrx_word' id='word_1_66' title='bbox 545 900 662 966; x_wconf 91' lang='lat' dir='ltr'>est,</span> <span class='ocrx_word' id='word_1_67' title='bbox 703 892 886 952; x_wconf 80' lang='lat' dir='ltr'>«Alii</span> <span class='ocrx_word' id='word_1_68' title='bbox 944 890 1209 969; x_wconf 88' lang='lat' dir='ltr'>quidem</span> <span class='ocrx_word' id='word_1_69' title='bbox 1239 889 1510 968; x_wconf 87' lang='lat' dir='ltr'>virgines</span> <span class='ocrx_word' id='word_1_70' title='bbox 1568 896 1713 950; x_wconf 90' lang='lat' dir='ltr'>sunt</span> <span class='ocrx_word' id='word_1_71' title='bbox 1762 897 1825 950; x_wconf 93' lang='lat' dir='ltr'>et</span> <span class='ocrx_word' id='word_1_72' title='bbox 1880 890 2177 951; x_wconf 82' lang='lat' dir='ltr'>solitarii:</span> <span class='ocrx_word' id='word_1_73' title='bbox 2233 890 2340 950; x_wconf 84' lang='lat' dir='ltr'>alii</span> <span class='ocrx_word' id='word_1_74' title='bbox 2395 890 2561 949; x_wconf 87' lang='lat' dir='ltr'>misti</span> <span class='ocrx_word' id='word_1_75' title='bbox 2619 896 2678 949; x_wconf 93' lang='lat' dir='ltr'>et</span> <span class='ocrx_word' id='word_1_76' title='bbox 2736 891 2797 949; x_wconf 91' lang='lat' dir='ltr'>in</span> <span class='ocrx_word' id='word_1_77' title='bbox 2858 891 3183 963; x_wconf 77' lang='lat' dir='ltr'>cmnobio;</span> <span class='ocrx_word' id='word_1_78' title='bbox 3248 911 3461 954; x_wconf 80' lang='lat' dir='ltr'>rursus</span> <span class='ocrx_word' id='word_1_79' title='bbox 3512 896 3629 962; x_wconf 83' lang='lat' dir='ltr'>alii</span> 
     </span>
    </p>
   </div>
   <div class='ocr_carea' id='block_1_7' title="bbox 199 987 3626 1068">
    <p class='ocr_par' dir='ltr' id='par_1_7' title="bbox 199 987 3626 1068">
     <span class='ocr_line' id='line_1_7' title="bbox 199 987 3626 1068; baseline 0.001 -15"><span class='ocrx_word' id='word_1_80' title='bbox 199 995 341 1055; x_wconf 88' lang='lat' dir='ltr'>laici</span> <span class='ocrx_word' id='word_1_81' title='bbox 402 999 463 1054; x_wconf 90' lang='lat' dir='ltr'>et</span> <span class='ocrx_word' id='word_1_82' title='bbox 524 994 587 1052; x_wconf 92' lang='lat' dir='ltr'>in</span> <span class='ocrx_word' id='word_1_83' title='bbox 647 990 945 1068; x_wconf 88' lang='lat' dir='ltr'>conjugio</span> <span class='ocrx_word' id='word_1_84' title='bbox 1004 989 1299 1049; x_wconf 83' lang='lat' dir='ltr'>viventes.</span> <span class='ocrx_word' id='word_1_85' title='bbox 1371 1012 1399 1043; x_wconf 83' lang='lat'><strong>»</strong></span> <span class='ocrx_word' id='word_1_86' title='bbox 1461 990 1692 1049; x_wconf 86' lang='lat' dir='ltr'>Verum</span> <span class='ocrx_word' id='word_1_87' title='bbox 1746 1006 1783 1048; x_wconf 88' lang='lat' dir='ltr'>a</span> <span class='ocrx_word' id='word_1_88' title='bbox 1840 988 2014 1048; x_wconf 91' lang='lat' dir='ltr'>nullo</span> <span class='ocrx_word' id='word_1_89' title='bbox 2071 987 2195 1047; x_wconf 92' lang='lat' dir='ltr'>alio</span> <span class='ocrx_word' id='word_1_90' title='bbox 2279 988 2507 1047; x_wconf 79' lang='lat' dir='ltr'>certius</span> <span class='ocrx_word' id='word_1_91' title='bbox 2562 1006 2635 1047; x_wconf 88' lang='lat' dir='ltr'>ac</span> <span class='ocrx_word' id='word_1_92' title='bbox 2714 988 2935 1047; x_wconf 91' lang='lat' dir='ltr'>melius</span> <span class='ocrx_word' id='word_1_93' title='bbox 2992 988 3231 1049; x_wconf 86' lang='lat' dir='ltr'>discere</span> <span class='ocrx_word' id='word_1_94' title='bbox 3289 1009 3626 1068; x_wconf 85' lang='lat' dir='ltr'>possumus</span> 
     </span>
    </p>
   </div>
   <div class='ocr_carea' id='block_1_8' title="bbox 202 1080 3629 1171">
    <p class='ocr_par' dir='ltr' id='par_1_8' title="bbox 202 1080 3629 1171">
     <span class='ocr_line' id='line_1_8' title="bbox 202 1080 3629 1171; baseline 0 -19"><span class='ocrx_word' id='word_1_95' title='bbox 202 1111 392 1171; x_wconf 88' lang='lat' dir='ltr'>quam</span> <span class='ocrx_word' id='word_1_96' title='bbox 454 1091 537 1151; x_wconf 91' lang='lat' dir='ltr'>ab</span> <span class='ocrx_word' id='word_1_97' title='bbox 582 1092 724 1169; x_wconf 89' lang='lat' dir='ltr'>ipso</span> <span class='ocrx_word' id='word_1_98' title='bbox 799 1086 1097 1164; x_wconf 82' lang='lat' dir='ltr'>Gregorio</span> <span class='ocrx_word' id='word_1_99' title='bbox 1149 1086 1301 1164; x_wconf 89' lang='lat' dir='ltr'>quid</span> <span class='ocrx_word' id='word_1_100' title='bbox 1363 1086 1716 1163; x_wconf 84' lang='lat' dir='ltr'>signiﬁcare</span> <span class='ocrx_word' id='word_1_101' title='bbox 1760 1085 2027 1146; x_wconf 89' lang='lat' dir='ltr'>voluerit</span> <span class='ocrx_word' id='word_1_102' title='bbox 2081 1103 2232 1145; x_wconf 89' lang='lat' dir='ltr'>voce</span> <span class='ocrx_word' id='word_1_103' title='bbox 2267 1080 2531 1158; x_wconf 78' lang='grc' dir='ltr'>μιγάδων.</span> <span class='ocrx_word' id='word_1_104' title='bbox 2593 1086 2862 1145; x_wconf 81' lang='lat' dir='ltr'>Primum</span> <span class='ocrx_word' id='word_1_105' title='bbox 2922 1087 3176 1164; x_wconf 89' lang='lat' dir='ltr'>quidem</span> <span class='ocrx_word' id='word_1_106' title='bbox 3230 1088 3292 1147; x_wconf 90' lang='lat' dir='ltr'>in</span> <span class='ocrx_word' id='word_1_107' title='bbox 3343 1092 3629 1153; x_wconf 80' lang='lat' dir='ltr'>oratione</span> 
     </span>
    </p>
   </div>
   <div class='ocr_carea' id='block_1_9' title="bbox 199 1181 3630 1263">
    <p class='ocr_par' dir='ltr' id='par_1_9' title="bbox 199 1181 3630 1263">
     <span class='ocr_line' id='line_1_9' title="bbox 199 1181 3630 1263; baseline 0 -14"><span class='ocrx_word' id='word_1_108' title='bbox 199 1190 483 1251; x_wconf 81' lang='lat' dir='ltr'>secunda</span> <span class='ocrx_word' id='word_1_109' title='bbox 538 1207 598 1259; x_wconf 95' lang='lat' dir='ltr'>n,</span> <span class='ocrx_word' id='word_1_110' title='bbox 661 1190 760 1261; x_wconf 79' lang='grc'>29,</span> <span class='ocrx_word' id='word_1_111' title='bbox 824 1184 1195 1263; x_wconf 89' lang='lat' dir='ltr'>conjugatos</span> <span class='ocrx_word' id='word_1_112' title='bbox 1254 1202 1292 1243; x_wconf 93' lang='lat' dir='ltr'>a</span> <span class='ocrx_word' id='word_1_113' title='bbox 1347 1183 1810 1243; x_wconf 81' lang='lat' dir='ltr'>continentibus</span> <span class='ocrx_word' id='word_1_114' title='bbox 1869 1182 2159 1255; x_wconf 88' lang='lat' dir='ltr'>secernit,</span> <span class='ocrx_word' id='word_1_115' title='bbox 2214 1182 2454 1261; x_wconf 89' lang='lat' dir='ltr'>hosque</span> <span class='ocrx_word' id='word_1_116' title='bbox 2522 1181 2687 1241; x_wconf 89' lang='lat' dir='ltr'>inter</span> <span class='ocrx_word' id='word_1_117' title='bbox 2757 1183 3049 1243; x_wconf 90' lang='lat' dir='ltr'>eremitas</span> <span class='ocrx_word' id='word_1_118' title='bbox 3132 1186 3461 1247; x_wconf 80' lang='lat' dir='ltr'>ccenobitis</span> <span class='ocrx_word' id='word_1_119' title='bbox 3517 1193 3630 1249; x_wconf 87' lang='lat' dir='ltr'>aut</span> 
     </span>
    </p>
   </div>
   <div class='ocr_carea' id='block_1_10' title="bbox 202 1279 3627 1363">
    <p class='ocr_par' dir='ltr' id='par_1_10' title="bbox 202 1279 3627 1363">
     <span class='ocr_line' id='line_1_10' title="bbox 202 1279 3627 1363; baseline 0 -16"><span class='ocrx_word' id='word_1_120' title='bbox 202 1289 403 1347; x_wconf 83' lang='lat' dir='ltr'>mistis</span> <span class='ocrx_word' id='word_1_121' title='bbox 461 1285 732 1363; x_wconf 89' lang='lat' dir='ltr'>opponit</span> <span class='ocrx_word' id='word_1_122' title='bbox 783 1300 797 1342; x_wconf 88' lang='lat'><strong>:</strong></span> <span class='ocrx_word' id='word_1_123' title='bbox 866 1306 896 1337; x_wconf 88' lang='lat'><strong>«</strong></span> <span class='ocrx_word' id='word_1_124' title='bbox 955 1283 1290 1355; x_wconf 87' lang='lat' dir='ltr'>Quantum,</span> <span class='ocrx_word' id='word_1_125' title='bbox 1364 1280 1593 1359; x_wconf 86' lang='lat' dir='ltr'>inquit,</span> <span class='ocrx_word' id='word_1_126' title='bbox 1646 1280 2051 1340; x_wconf 89' lang='lat' dir='ltr'>intervallum</span> <span class='ocrx_word' id='word_1_127' title='bbox 2126 1280 2287 1340; x_wconf 91' lang='lat' dir='ltr'>inter</span> <span class='ocrx_word' id='word_1_128' title='bbox 2364 1279 2737 1357; x_wconf 85' lang='lat' dir='ltr'>conjugatos</span> <span class='ocrx_word' id='word_1_129' title='bbox 2794 1286 2857 1341; x_wconf 91' lang='lat' dir='ltr'>et</span> <span class='ocrx_word' id='word_1_130' title='bbox 2911 1280 3259 1343; x_wconf 61' lang='lat' dir='ltr'>caelibes...</span> <span class='ocrx_word' id='word_1_131' title='bbox 3319 1291 3627 1362; x_wconf 90' lang='lat' dir='ltr'>quantum</span> 
     </span>
    </p>
   </div>
   <div class='ocr_carea' id='block_1_11' title="bbox 200 1379 3627 1466">
    <p class='ocr_par' dir='ltr' id='par_1_11' title="bbox 200 1379 3627 1466">
     <span class='ocr_line' id='line_1_11' title="bbox 200 1379 3627 1466; baseline -0.001 -18"><span class='ocrx_word' id='word_1_132' title='bbox 200 1408 272 1448; x_wconf 81' lang='lat' dir='ltr'>ex</span> <span class='ocrx_word' id='word_1_133' title='bbox 304 1388 406 1446; x_wconf 77' lang='lat' dir='ltr'>his</span> <span class='ocrx_word' id='word_1_134' title='bbox 462 1403 683 1445; x_wconf 85' lang='lat' dir='ltr'>rursus</span> <span class='ocrx_word' id='word_1_135' title='bbox 734 1383 902 1442; x_wconf 90' lang='lat' dir='ltr'>inter</span> <span class='ocrx_word' id='word_1_136' title='bbox 961 1381 1250 1440; x_wconf 88' lang='lat' dir='ltr'>eremitas</span> <span class='ocrx_word' id='word_1_137' title='bbox 1303 1386 1365 1440; x_wconf 92' lang='lat' dir='ltr'>et</span> <span class='ocrx_word' id='word_1_138' title='bbox 1424 1380 1796 1453; x_wconf 69' lang='lat' dir='ltr'>coenobilas,</span> <span class='ocrx_word' id='word_1_139' title='bbox 1829 1380 1937 1457; x_wconf 92' lang='lat' dir='ltr'>qui</span> <span class='ocrx_word' id='word_1_140' title='bbox 1996 1379 2278 1458; x_wconf 87' lang='lat' dir='ltr'>permisti</span> <span class='ocrx_word' id='word_1_141' title='bbox 2321 1380 2742 1440; x_wconf 87' lang='lat' dir='ltr'>communiter</span> <span class='ocrx_word' id='word_1_142' title='bbox 2797 1380 3059 1459; x_wconf 90' lang='lat' dir='ltr'>degunt,</span> <span class='ocrx_word' id='word_1_143' title='bbox 3096 1405 3124 1437; x_wconf 87' lang='lat'><strong>»</strong></span> <span class='ocrx_word' id='word_1_144' title='bbox 3159 1382 3223 1442; x_wconf 94' lang='lat' dir='ltr'>id</span> <span class='ocrx_word' id='word_1_145' title='bbox 3284 1391 3395 1460; x_wconf 90' lang='lat' dir='ltr'>est,</span> <span class='ocrx_word' id='word_1_146' title='bbox 3423 1385 3627 1466; x_wconf 88' lang='lat' dir='ltr'>miga-</span> 
     </span>
    </p>
   </div>
   <div class='ocr_carea' id='block_1_12' title="bbox 197 1474 3633 1555">
    <p class='ocr_par' dir='ltr' id='par_1_12' title="bbox 197 1474 3633 1555">
     <span class='ocr_line' id='line_1_12' title="bbox 197 1474 3633 1555; baseline -0 -11"><span class='ocrx_word' id='word_1_147' title='bbox 197 1484 329 1543; x_wconf 86' lang='lat' dir='ltr'>des.</span> <span class='ocrx_word' id='word_1_148' title='bbox 400 1484 469 1543; x_wconf 88' lang='lat' dir='ltr'>In</span> <span class='ocrx_word' id='word_1_149' title='bbox 523 1480 810 1541; x_wconf 89' lang='lat' dir='ltr'>oratione</span> <span class='ocrx_word' id='word_1_150' title='bbox 869 1494 977 1537; x_wconf 70' lang='lat' dir='ltr'>xm</span> <span class='ocrx_word' id='word_1_151' title='bbox 1036 1476 1257 1536; x_wconf 79' lang='lat' dir='ltr'>eadem</span> <span class='ocrx_word' id='word_1_152' title='bbox 1317 1476 1516 1536; x_wconf 87' lang='lat' dir='ltr'>utitur</span> <span class='ocrx_word' id='word_1_153' title='bbox 1589 1476 2013 1546; x_wconf 88' lang='lat' dir='ltr'>distinctione,</span> <span class='ocrx_word' id='word_1_154' title='bbox 2076 1474 2186 1535; x_wconf 91' lang='lat' dir='ltr'>sed</span> <span class='ocrx_word' id='word_1_155' title='bbox 2266 1476 2524 1535; x_wconf 88' lang='lat' dir='ltr'>mutatis</span> <span class='ocrx_word' id='word_1_156' title='bbox 2589 1475 2817 1550; x_wconf 85' lang='lat' dir='ltr'>verbis,</span> <span class='ocrx_word' id='word_1_157' title='bbox 2885 1481 2953 1536; x_wconf 92' lang='lat' dir='ltr'>ut</span> <span class='ocrx_word' id='word_1_158' title='bbox 3027 1477 3227 1555; x_wconf 90' lang='lat' dir='ltr'>magis</span> <span class='ocrx_word' id='word_1_159' title='bbox 3307 1480 3633 1543; x_wconf 84' lang='lat' dir='ltr'>illucescat</span> 
     </span>
    </p>
   </div>
   <div class='ocr_carea' id='block_1_13' title="bbox 196 1568 1796 1660">
    <p class='ocr_par' dir='ltr' id='par_1_13' title="bbox 196 1568 1794 1660">
     <span class='ocr_line' id='line_1_13' title="bbox 196 1568 1794 1660; baseline -0.008 -26"><span class='ocrx_word' id='word_1_160' title='bbox 196 1580 561 1660; x_wconf 78' lang='lat' dir='ltr'>oppositio:</span> <span class='ocrx_word' id='word_1_161' title='bbox 626 1576 688 1629; x_wconf 70' lang='grc' dir='ltr'><strong>Οἱ</strong></span> <span class='ocrx_word' id='word_1_162' title='bbox 719 1580 819 1641; x_wconf 82' lang='grc' dir='ltr'>τῆς</span> <span class='ocrx_word' id='word_1_163' title='bbox 851 1571 1170 1648; x_wconf 49' lang='lat' dir='ltr'>Emittam...</span> <span class='ocrx_word' id='word_1_164' title='bbox 1206 1571 1257 1625; x_wconf 77' lang='grc' dir='ltr'>οἱ</span> <span class='ocrx_word' id='word_1_165' title='bbox 1290 1571 1387 1640; x_wconf 72' lang='grc' dir='ltr'>τῆς</span> <span class='ocrx_word' id='word_1_166' title='bbox 1420 1568 1713 1643; x_wconf 74' lang='grc' dir='ltr'>ἐπιμιξίας,</span> <span class='ocrx_word' id='word_1_167' title='bbox 1771 1574 1794 1633; x_wconf 92' lang='grc' dir='ltr'><strong>Ι</strong></span> 
     </span>
    </p>
   </div>
   <div class='ocr_carea' id='block_1_14' title="bbox 2030 1568 3630 1660">
    <p class='ocr_par' dir='ltr' id='par_1_14' title="bbox 2030 1572 3630 1658">
     <span class='ocr_line' id='line_1_14' title="bbox 2030 1572 3630 1658; baseline 0.005 -27"><span class='ocrx_word' id='word_1_168' title='bbox 2030 1590 2114 1631; x_wconf 73' lang='lat' dir='ltr'>3m</span> <span class='ocrx_word' id='word_1_169' title='bbox 2172 1572 2457 1632; x_wconf 90' lang='lat' dir='ltr'>oratione</span> <span class='ocrx_word' id='word_1_170' title='bbox 2514 1572 2806 1633; x_wconf 88' lang='lat' dir='ltr'>eremitas</span> <span class='ocrx_word' id='word_1_171' title='bbox 2889 1591 2994 1634; x_wconf 89' lang='lat' dir='ltr'>eos</span> <span class='ocrx_word' id='word_1_172' title='bbox 3051 1592 3184 1634; x_wconf 92' lang='lat' dir='ltr'>esse</span> <span class='ocrx_word' id='word_1_173' title='bbox 3241 1576 3348 1650; x_wconf 89' lang='lat' dir='ltr'>ait,</span> <span class='ocrx_word' id='word_1_174' title='bbox 3417 1600 3449 1635; x_wconf 87' lang='grc'>‹‹</span> <span class='ocrx_word' id='word_1_175' title='bbox 3519 1579 3630 1658; x_wconf 88' lang='lat' dir='ltr'>qui</span> 
     </span>
    </p>
   </div>
   <div class='ocr_carea' id='block_1_15' title="bbox 198 1670 3634 1754">
    <p class='ocr_par' dir='ltr' id='par_1_15' title="bbox 198 1670 3634 1754">
     <span class='ocr_line' id='line_1_15' title="bbox 198 1670 3634 1754; baseline 0.001 -18"><span class='ocrx_word' id='word_1_176' title='bbox 198 1680 392 1738; x_wconf 79' lang='lat' dir='ltr'>vitam</span> <span class='ocrx_word' id='word_1_177' title='bbox 457 1694 715 1754; x_wconf 89' lang='lat' dir='ltr'>prorsus</span> <span class='ocrx_word' id='word_1_178' title='bbox 773 1672 1145 1745; x_wconf 87' lang='lat' dir='ltr'>solitariam,</span> <span class='ocrx_word' id='word_1_179' title='bbox 1203 1678 1266 1731; x_wconf 88' lang='lat' dir='ltr'>et</span> <span class='ocrx_word' id='word_1_180' title='bbox 1321 1671 1401 1730; x_wconf 90' lang='lat' dir='ltr'>ab</span> <span class='ocrx_word' id='word_1_181' title='bbox 1460 1670 1785 1730; x_wconf 87' lang='lat' dir='ltr'>hominum</span> <span class='ocrx_word' id='word_1_182' title='bbox 1823 1670 2125 1730; x_wconf 89' lang='lat' dir='ltr'>societate</span> <span class='ocrx_word' id='word_1_183' title='bbox 2155 1677 2461 1730; x_wconf 89' lang='lat' dir='ltr'>remotam</span> <span class='ocrx_word' id='word_1_184' title='bbox 2522 1677 2739 1748; x_wconf 86' lang='lat' dir='ltr'>agunt,</span> <span class='ocrx_word' id='word_1_185' title='bbox 2777 1671 2871 1732; x_wconf 90' lang='lat' dir='ltr'>sui</span> <span class='ocrx_word' id='word_1_186' title='bbox 2929 1671 3210 1751; x_wconf 90' lang='lat' dir='ltr'>ipsorum</span> <span class='ocrx_word' id='word_1_187' title='bbox 3271 1680 3513 1736; x_wconf 87' lang='lat' dir='ltr'>tantum</span> <span class='ocrx_word' id='word_1_188' title='bbox 3572 1681 3634 1738; x_wconf 84' lang='lat' dir='ltr'>et</span> 
     </span>
    </p>
   </div>
   <div class='ocr_carea' id='block_1_16' title="bbox 198 1766 3635 1853">
    <p class='ocr_par' dir='ltr' id='par_1_16' title="bbox 198 1766 3635 1853">
     <span class='ocr_line' id='line_1_16' title="bbox 198 1766 3635 1853; baseline 0.003 -27"><span class='ocrx_word' id='word_1_189' title='bbox 198 1777 305 1837; x_wconf 77' lang='lat' dir='ltr'>Dei</span> <span class='ocrx_word' id='word_1_190' title='bbox 366 1774 697 1851; x_wconf 89' lang='lat' dir='ltr'>colloquio</span> <span class='ocrx_word' id='word_1_191' title='bbox 755 1772 1035 1830; x_wconf 85' lang='lat' dir='ltr'>fruentes</span> <span class='ocrx_word' id='word_1_192' title='bbox 1087 1787 1102 1842; x_wconf 93' lang='lat'>;</span> <span class='ocrx_word' id='word_1_193' title='bbox 1169 1793 1197 1824; x_wconf 71' lang='grc' dir='ltr'>π</span> <span class='ocrx_word' id='word_1_194' title='bbox 1259 1768 1487 1847; x_wconf 89' lang='lat' dir='ltr'>quibus</span> <span class='ocrx_word' id='word_1_195' title='bbox 1544 1766 1809 1846; x_wconf 88' lang='lat' dir='ltr'>opponit</span> <span class='ocrx_word' id='word_1_196' title='bbox 1860 1767 2208 1828; x_wconf 86' lang='lat' dir='ltr'>coenobitas</span> <span class='ocrx_word' id='word_1_197' title='bbox 2260 1784 2274 1826; x_wconf 90' lang='lat'>:</span> <span class='ocrx_word' id='word_1_198' title='bbox 2341 1790 2372 1823; x_wconf 87' lang='lat'><strong><em>«</em></strong></span> <span class='ocrx_word' id='word_1_199' title='bbox 2430 1767 2538 1827; x_wconf 87' lang='lat' dir='ltr'>alii</span> <span class='ocrx_word' id='word_1_200' title='bbox 2621 1773 2835 1828; x_wconf 89' lang='lat' dir='ltr'>autem</span> <span class='ocrx_word' id='word_1_201' title='bbox 2928 1769 3203 1830; x_wconf 89' lang='lat' dir='ltr'>charitas</span> <span class='ocrx_word' id='word_1_202' title='bbox 3258 1771 3462 1849; x_wconf 88' lang='lat' dir='ltr'>legem</span> <span class='ocrx_word' id='word_1_203' title='bbox 3520 1793 3635 1853; x_wconf 90' lang='lat' dir='ltr'>per</span> 
     </span>
    </p>
   </div>
   <div class='ocr_carea' id='block_1_17' title="bbox 196 1864 3635 1941">
    <p class='ocr_par' dir='ltr' id='par_1_17' title="bbox 196 1864 3635 1941">
     <span class='ocr_line' id='line_1_17' title="bbox 196 1864 3635 1941; baseline -0.003 -8"><span class='ocrx_word' id='word_1_204' title='bbox 196 1872 721 1934; x_wconf 85' lang='lat' dir='ltr'>communionem</span> <span class='ocrx_word' id='word_1_205' title='bbox 781 1874 844 1928; x_wconf 92' lang='lat' dir='ltr'>et</span> <span class='ocrx_word' id='word_1_206' title='bbox 893 1868 1253 1928; x_wconf 88' lang='lat' dir='ltr'>societatem</span> <span class='ocrx_word' id='word_1_207' title='bbox 1315 1865 1615 1939; x_wconf 91' lang='lat' dir='ltr'>colentes,</span> <span class='ocrx_word' id='word_1_208' title='bbox 1677 1865 1940 1924; x_wconf 85' lang='lat' dir='ltr'>solitarii</span> <span class='ocrx_word' id='word_1_209' title='bbox 1987 1865 2175 1925; x_wconf 91' lang='lat' dir='ltr'>simul</span> <span class='ocrx_word' id='word_1_210' title='bbox 2217 1870 2279 1926; x_wconf 93' lang='lat' dir='ltr'>et</span> <span class='ocrx_word' id='word_1_211' title='bbox 2337 1864 2669 1925; x_wconf 69' lang='lat' dir='ltr'>coenobitee</span> <span class='ocrx_word' id='word_1_212' title='bbox 2728 1872 2895 1940; x_wconf 91' lang='lat' dir='ltr'>sunt,</span> <span class='ocrx_word' id='word_1_213' title='bbox 2956 1888 2988 1922; x_wconf 84' lang='lat'><strong>»</strong></span> <span class='ocrx_word' id='word_1_214' title='bbox 3048 1872 3167 1928; x_wconf 89' lang='lat' dir='ltr'>etc.</span> <span class='ocrx_word' id='word_1_215' title='bbox 3216 1886 3230 1941; x_wconf 90' lang='lat'>;</span> <span class='ocrx_word' id='word_1_216' title='bbox 3292 1866 3635 1941; x_wconf 74' lang='grc' dir='ltr'>ἐρημικοίτε</span> 
     </span>
    </p>
   </div>
   <div class='ocr_carea' id='block_1_18' title="bbox 196 1958 1796 2045">
    <p class='ocr_par' dir='ltr' id='par_1_18' title="bbox 196 1963 1794 2042">
     <span class='ocr_line' id='line_1_18' title="bbox 196 1963 1794 2042; baseline 0 -19"><span class='ocrx_word' id='word_1_217' title='bbox 196 1971 333 2042; x_wconf 74' lang='grc' dir='ltr'>ὁμῡῦ</span> <span class='ocrx_word' id='word_1_218' title='bbox 365 1967 462 2021; x_wconf 71' lang='grc' dir='ltr'>καὶ</span> <span class='ocrx_word' id='word_1_219' title='bbox 501 1963 752 2040; x_wconf 70' lang='grc' dir='ltr'>μιγάδες.</span> <span class='ocrx_word' id='word_1_220' title='bbox 799 1966 1025 2042; x_wconf 77' lang='lat' dir='ltr'>Ecquis</span> <span class='ocrx_word' id='word_1_221' title='bbox 1074 1964 1206 2042; x_wconf 88' lang='lat' dir='ltr'>jam</span> <span class='ocrx_word' id='word_1_222' title='bbox 1267 1964 1405 2036; x_wconf 88' lang='lat' dir='ltr'>erit,</span> <span class='ocrx_word' id='word_1_223' title='bbox 1449 1963 1557 2041; x_wconf 91' lang='lat' dir='ltr'>qui</span> <span class='ocrx_word' id='word_1_224' title='bbox 1617 1982 1794 2023; x_wconf 82' lang='lat' dir='ltr'>cceno</span> 
     </span>
    </p>
   </div>
   <div class='ocr_carea' id='block_1_19' title="bbox 2030 1958 3630 2045">
    <p class='ocr_par' dir='ltr' id='par_1_19' title="bbox 2030 1958 3630 2045">
     <span class='ocr_line' id='line_1_19' title="bbox 2030 1958 3630 2045; baseline 0.005 -23"><span class='ocrx_word' id='word_1_225' title='bbox 2030 1964 2207 2023; x_wconf 85' lang='lat' dir='ltr'>fuisse</span> <span class='ocrx_word' id='word_1_226' title='bbox 2269 1958 2511 2035; x_wconf 76' lang='grc' dir='ltr'>μιγάδες,</span> <span class='ocrx_word' id='word_1_227' title='bbox 2572 1969 2635 2023; x_wconf 90' lang='lat' dir='ltr'>et</span> <span class='ocrx_word' id='word_1_228' title='bbox 2692 1965 3062 2042; x_wconf 82' lang='lat' dir='ltr'>Gregorium</span> <span class='ocrx_word' id='word_1_229' title='bbox 3120 1968 3225 2045; x_wconf 90' lang='lat' dir='ltr'>qni</span> <span class='ocrx_word' id='word_1_230' title='bbox 3287 1968 3449 2028; x_wconf 90' lang='lat' dir='ltr'>inter</span> <span class='ocrx_word' id='word_1_231' title='bbox 3495 1987 3630 2030; x_wconf 90' lang='lat' dir='ltr'>ere-</span> 
     </span>
    </p>
   </div>
   <div class='ocr_carea' id='block_1_20' title="bbox 195 2060 3633 2142">
    <p class='ocr_par' dir='ltr' id='par_1_20' title="bbox 195 2060 3633 2142">
     <span class='ocr_line' id='line_1_20' title="bbox 195 2060 3633 2142; baseline 0 -14"><span class='ocrx_word' id='word_1_232' title='bbox 195 2070 380 2129; x_wconf 87' lang='lat' dir='ltr'>mitas</span> <span class='ocrx_word' id='word_1_233' title='bbox 454 2074 520 2127; x_wconf 86' lang='lat' dir='ltr'>et</span> <span class='ocrx_word' id='word_1_234' title='bbox 579 2064 863 2142; x_wconf 88' lang='lat' dir='ltr'>migades</span> <span class='ocrx_word' id='word_1_235' title='bbox 926 2064 1191 2122; x_wconf 74' lang='lat' dir='ltr'>mediam</span> <span class='ocrx_word' id='word_1_236' title='bbox 1245 2062 1382 2120; x_wconf 88' lang='lat' dir='ltr'>iniit</span> <span class='ocrx_word' id='word_1_237' title='bbox 1439 2061 1628 2132; x_wconf 85' lang='lat' dir='ltr'>viam,</span> <span class='ocrx_word' id='word_1_238' title='bbox 1688 2061 1879 2120; x_wconf 86' lang='lat' dir='ltr'>vitam</span> <span class='ocrx_word' id='word_1_239' title='bbox 1944 2062 2350 2121; x_wconf 88' lang='lat' dir='ltr'>monasticam</span> <span class='ocrx_word' id='word_1_240' title='bbox 2401 2060 2752 2120; x_wconf 76' lang='lat' dir='ltr'>exercuisse</span> <span class='ocrx_word' id='word_1_241' title='bbox 2831 2063 3226 2140; x_wconf 84' lang='lat' dir='ltr'>negaverit?</span> <span class='ocrx_word' id='word_1_242' title='bbox 3284 2066 3412 2125; x_wconf 82' lang='lat' dir='ltr'>Nisi</span> <span class='ocrx_word' id='word_1_243' title='bbox 3471 2067 3633 2128; x_wconf 86' lang='lat' dir='ltr'>forte</span> 
     </span>
    </p>
   </div>
   <div class='ocr_carea' id='block_1_21' title="bbox 192 2157 3638 2245">
    <p class='ocr_par' dir='ltr' id='par_1_21' title="bbox 192 2157 3638 2245">
     <span class='ocr_line' id='line_1_21' title="bbox 192 2157 3638 2245; baseline -0.001 -19"><span class='ocrx_word' id='word_1_244' title='bbox 192 2168 298 2245; x_wconf 90' lang='lat' dir='ltr'>qui</span> <span class='ocrx_word' id='word_1_245' title='bbox 355 2165 518 2224; x_wconf 86' lang='lat' dir='ltr'>velit</span> <span class='ocrx_word' id='word_1_246' title='bbox 579 2161 926 2222; x_wconf 88' lang='lat' dir='ltr'>monachos</span> <span class='ocrx_word' id='word_1_247' title='bbox 1004 2178 1130 2219; x_wconf 90' lang='lat' dir='ltr'>non</span> <span class='ocrx_word' id='word_1_248' title='bbox 1187 2160 1377 2218; x_wconf 86' lang='lat' dir='ltr'>fuisse</span> <span class='ocrx_word' id='word_1_249' title='bbox 1444 2157 1738 2217; x_wconf 90' lang='lat' dir='ltr'>eremitas</span> <span class='ocrx_word' id='word_1_250' title='bbox 1795 2164 1857 2217; x_wconf 90' lang='lat' dir='ltr'>et</span> <span class='ocrx_word' id='word_1_251' title='bbox 1915 2158 2286 2231; x_wconf 73' lang='lat' dir='ltr'>cmnobitas,</span> <span class='ocrx_word' id='word_1_252' title='bbox 2346 2176 2503 2235; x_wconf 92' lang='lat' dir='ltr'>quos</span> <span class='ocrx_word' id='word_1_253' title='bbox 2577 2175 2721 2217; x_wconf 88' lang='lat' dir='ltr'>cum</span> <span class='ocrx_word' id='word_1_254' title='bbox 2799 2160 3181 2219; x_wconf 81' lang='lat' dir='ltr'>Athanasius</span> <span class='ocrx_word' id='word_1_255' title='bbox 3258 2163 3438 2221; x_wconf 84' lang='lat' dir='ltr'>exsul</span> <span class='ocrx_word' id='word_1_256' title='bbox 3496 2182 3638 2241; x_wconf 87' lang='lat' dir='ltr'>per.</span> 
     </span>
    </p>
   </div>
   <div class='ocr_carea' id='block_1_22' title="bbox 192 2254 3629 2342">
    <p class='ocr_par' dir='ltr' id='par_1_22' title="bbox 192 2254 3629 2342">
     <span class='ocr_line' id='line_1_22' title="bbox 192 2254 3629 2342; baseline -0.001 -19"><span class='ocrx_word' id='word_1_257' title='bbox 192 2268 453 2342; x_wconf 87' lang='lat' dir='ltr'>agraret</span> <span class='ocrx_word' id='word_1_258' title='bbox 514 2262 841 2338; x_wconf 58' lang='lat' dir='ltr'>[Egptum,</span> <span class='ocrx_word' id='word_1_259' title='bbox 898 2256 1320 2328; x_wconf 90' lang='lat' dir='ltr'>consociavit;</span> <span class='ocrx_word' id='word_1_260' title='bbox 1380 2273 1495 2315; x_wconf 90' lang='lat' dir='ltr'>nec</span> <span class='ocrx_word' id='word_1_261' title='bbox 1546 2255 1761 2315; x_wconf 86' lang='lat' dir='ltr'>Basilii</span> <span class='ocrx_word' id='word_1_262' title='bbox 1817 2254 2177 2334; x_wconf 86' lang='lat' dir='ltr'>discipulos,</span> <span class='ocrx_word' id='word_1_263' title='bbox 2242 2273 2423 2332; x_wconf 90' lang='lat' dir='ltr'>quos,</span> <span class='ocrx_word' id='word_1_264' title='bbox 2479 2273 2556 2314; x_wconf 84' lang='lat' dir='ltr'>ex</span> <span class='ocrx_word' id='word_1_265' title='bbox 2611 2256 2887 2316; x_wconf 87' lang='lat' dir='ltr'>eremitis</span> <span class='ocrx_word' id='word_1_266' title='bbox 2937 2262 2999 2317; x_wconf 94' lang='lat' dir='ltr'>et</span> <span class='ocrx_word' id='word_1_267' title='bbox 3055 2257 3410 2336; x_wconf 90' lang='lat' dir='ltr'>migadibus</span> <span class='ocrx_word' id='word_1_268' title='bbox 3466 2279 3629 2340; x_wconf 71' lang='lat' dir='ltr'>prte-</span> 
     </span>
    </p>
   </div>
   <div class='ocr_carea' id='block_1_23' title="bbox 195 2351 3634 2432">
    <p class='ocr_par' dir='ltr' id='par_1_23' title="bbox 195 2351 3634 2432">
     <span class='ocr_line' id='line_1_23' title="bbox 195 2351 3634 2432; baseline -0.001 -10"><span class='ocrx_word' id='word_1_269' title='bbox 195 2363 361 2422; x_wconf 83' lang='lat' dir='ltr'>clare</span> <span class='ocrx_word' id='word_1_270' title='bbox 423 2360 599 2419; x_wconf 87' lang='lat' dir='ltr'>inter</span> <span class='ocrx_word' id='word_1_271' title='bbox 654 2375 718 2417; x_wconf 88' lang='lat' dir='ltr'>se</span> <span class='ocrx_word' id='word_1_272' title='bbox 750 2354 1193 2428; x_wconf 89' lang='lat' dir='ltr'>reconciliatis,</span> <span class='ocrx_word' id='word_1_273' title='bbox 1253 2352 1660 2432; x_wconf 77' lang='lat' dir='ltr'>congregavit</span> <span class='ocrx_word' id='word_1_274' title='bbox 1712 2370 1727 2426; x_wconf 92' lang='lat'>;</span> <span class='ocrx_word' id='word_1_275' title='bbox 1788 2352 2018 2432; x_wconf 90' lang='lat' dir='ltr'>quibus</span> <span class='ocrx_word' id='word_1_276' title='bbox 2086 2352 2274 2414; x_wconf 88' lang='lat' dir='ltr'>etiam</span> <span class='ocrx_word' id='word_1_277' title='bbox 2348 2351 2515 2431; x_wconf 87' lang='lat' dir='ltr'>leges</span> <span class='ocrx_word' id='word_1_278' title='bbox 2570 2352 2874 2428; x_wconf 85' lang='lat' dir='ltr'>condidit,</span> <span class='ocrx_word' id='word_1_279' title='bbox 2934 2355 3240 2416; x_wconf 87' lang='lat' dir='ltr'>asceteria</span> <span class='ocrx_word' id='word_1_280' title='bbox 3287 2361 3350 2418; x_wconf 92' lang='lat' dir='ltr'>et</span> <span class='ocrx_word' id='word_1_281' title='bbox 3414 2376 3634 2420; x_wconf 84' lang='lat' dir='ltr'>mona-</span> 
     </span>
    </p>
   </div>
   <div class='ocr_carea' id='block_1_24' title="bbox 199 2454 761 2519">
    <p class='ocr_par' dir='ltr' id='par_1_24' title="bbox 199 2454 761 2519">
     <span class='ocr_line' id='line_1_24' title="bbox 199 2454 761 2519; baseline -0.009 0"><span class='ocrx_word' id='word_1_282' title='bbox 199 2458 388 2519; x_wconf 80' lang='lat' dir='ltr'>steria</span> <span class='ocrx_word' id='word_1_283' title='bbox 422 2454 761 2519; x_wconf 75' lang='lat' dir='ltr'>exstruxit.</span> 
     </span>
    </p>
   </div>
   <div class='ocr_carea' id='block_1_25' title="bbox 406 2633 3435 2712">
    <p class='ocr_par' dir='ltr' id='par_1_25' title="bbox 406 2633 3435 2712">
     <span class='ocr_line' id='line_1_25' title="bbox 406 2633 3435 2712; baseline 0 -18"><span class='ocrx_word' id='word_1_284' title='bbox 406 2634 445 2712; x_wconf 84' lang='lat'>§</span> <span class='ocrx_word' id='word_1_285' title='bbox 490 2633 594 2694; x_wconf 86' lang='lat' dir='ltr'>IV.</span> <span class='ocrx_word' id='word_1_286' title='bbox 644 2647 957 2693; x_wconf 68' lang='lat' dir='ltr'>cemsum</span> <span class='ocrx_word' id='word_1_287' title='bbox 1003 2645 1299 2691; x_wconf 63' lang='lat' dir='ltr'>scenes”;</span> <span class='ocrx_word' id='word_1_288' title='bbox 1346 2644 1661 2689; x_wconf 76' lang='lat' dir='ltr'>smscorus</span> <span class='ocrx_word' id='word_1_289' title='bbox 1704 2644 2031 2688; x_wconf 58' lang='lat' dir='ltr'>assensus</span> <span class='ocrx_word' id='word_1_290' title='bbox 2092 2643 2518 2695; x_wconf 77' lang='lat' dir='ltr'>DICENDUSQUE</span> <span class='ocrx_word' id='word_1_291' title='bbox 2558 2643 2650 2689; x_wconf 80' lang='lat' dir='ltr'>srr</span> <span class='ocrx_word' id='word_1_292' title='bbox 2699 2642 3055 2704; x_wconf 78' lang='lat' dir='ltr'>GREGOBIUS,</span> <span class='ocrx_word' id='word_1_293' title='bbox 3102 2646 3202 2698; x_wconf 79' lang='lat' dir='ltr'>om</span> <span class='ocrx_word' id='word_1_294' title='bbox 3244 2645 3435 2695; x_wconf 77' lang='lat' dir='ltr'><strong>VULGO</strong></span> 
     </span>
    </p>
   </div>
   <div class='ocr_carea' id='block_1_26' title="bbox 1257 2718 2919 2783">
    <p class='ocr_par' dir='ltr' id='par_1_26' title="bbox 1257 2718 2919 2783">
     <span class='ocr_line' id='line_1_26' title="bbox 1257 2718 2919 2783; baseline -0.002 -14"><span class='ocrx_word' id='word_1_295' title='bbox 1257 2725 1677 2770; x_wconf 72' lang='lat' dir='ltr'>NAZIANZBNUS</span> <span class='ocrx_word' id='word_1_296' title='bbox 1720 2724 2127 2783; x_wconf 75' lang='lat' dir='ltr'>APPELLATUR,</span> <span class='ocrx_word' id='word_1_297' title='bbox 2174 2723 2635 2769; x_wconf 75' lang='lat' dir='ltr'>INVESTIGATUB.</span> <span class='ocrx_word' id='word_1_298' title='bbox 2908 2718 2919 2727; x_wconf 73' lang='grc'><strong>’</strong></span> 
     </span>
    </p>
   </div>
   <div class='ocr_carea' id='block_1_27' title="bbox 288 2862 3637 2949">
    <p class='ocr_par' dir='ltr' id='par_1_27' title="bbox 288 2862 3637 2949">
     <span class='ocr_line' id='line_1_27' title="bbox 288 2862 3637 2949; baseline 0.001 -22"><span class='ocrx_word' id='word_1_299' title='bbox 288 2867 511 2927; x_wconf 85' lang='lat' dir='ltr'>Primo</span> <span class='ocrx_word' id='word_1_300' title='bbox 588 2864 840 2941; x_wconf 89' lang='lat' dir='ltr'>quidem</span> <span class='ocrx_word' id='word_1_301' title='bbox 905 2862 1271 2923; x_wconf 87' lang='lat' dir='ltr'>Sasimensis</span> <span class='ocrx_word' id='word_1_302' title='bbox 1326 2864 1643 2936; x_wconf 65' lang='lat' dir='ltr'>Ecclesiae,</span> <span class='ocrx_word' id='word_1_303' title='bbox 1703 2882 1844 2942; x_wconf 65' lang='lat' dir='ltr'>quae</span> <span class='ocrx_word' id='word_1_304' title='bbox 1898 2882 2113 2924; x_wconf 90' lang='lat' dir='ltr'>recens</span> <span class='ocrx_word' id='word_1_305' title='bbox 2179 2882 2217 2923; x_wconf 88' lang='lat' dir='ltr'>a</span> <span class='ocrx_word' id='word_1_306' title='bbox 2270 2862 2497 2923; x_wconf 91' lang='lat' dir='ltr'>Basilio</span> <span class='ocrx_word' id='word_1_307' title='bbox 2554 2863 2733 2924; x_wconf 91' lang='lat' dir='ltr'>sedes</span> <span class='ocrx_word' id='word_1_308' title='bbox 2806 2868 3014 2924; x_wconf 90' lang='lat' dir='ltr'>erecta</span> <span class='ocrx_word' id='word_1_309' title='bbox 3087 2872 3244 2939; x_wconf 89' lang='lat' dir='ltr'>erat,</span> <span class='ocrx_word' id='word_1_310' title='bbox 3304 2865 3637 2949; x_wconf 81' lang='lat' dir='ltr'>episcopus</span> 
     </span>
    </p>
   </div>
   <div class='ocr_carea' id='block_1_28' title="bbox 214 2960 3639 3041">
    <p class='ocr_par' dir='ltr' id='par_1_28' title="bbox 214 2960 3639 3041">
     <span class='ocr_line' id='line_1_28' title="bbox 214 2960 3639 3041; baseline 0.001 -15"><span class='ocrx_word' id='word_1_311' title='bbox 214 2971 622 3026; x_wconf 71' lang='lat' dir='ltr'>Consecratus</span> <span class='ocrx_word' id='word_1_312' title='bbox 682 2962 796 3020; x_wconf 90' lang='lat' dir='ltr'>fuit</span> <span class='ocrx_word' id='word_1_313' title='bbox 856 2961 1190 3038; x_wconf 84' lang='lat' dir='ltr'>Gregorius</span> <span class='ocrx_word' id='word_1_314' title='bbox 1247 2961 1326 3021; x_wconf 89' lang='lat' dir='ltr'>ab</span> <span class='ocrx_word' id='word_1_315' title='bbox 1378 2962 1517 3040; x_wconf 91' lang='lat' dir='ltr'>ipso</span> <span class='ocrx_word' id='word_1_316' title='bbox 1574 2962 1803 3023; x_wconf 90' lang='lat' dir='ltr'>Basilio</span> <span class='ocrx_word' id='word_1_317' title='bbox 1860 2968 1922 3021; x_wconf 93' lang='lat' dir='ltr'>et</span> <span class='ocrx_word' id='word_1_318' title='bbox 1976 2967 2153 3041; x_wconf 86' lang='lat' dir='ltr'>patre</span> <span class='ocrx_word' id='word_1_319' title='bbox 2213 2961 2511 3039; x_wconf 86' lang='lat' dir='ltr'>Gregorio</span> <span class='ocrx_word' id='word_1_320' title='bbox 2568 2960 3113 3039; x_wconf 90' lang='lat' dir='ltr'>compellentibus.</span> <span class='ocrx_word' id='word_1_321' title='bbox 3176 2964 3330 3025; x_wconf 86' lang='lat' dir='ltr'>Huic</span> <span class='ocrx_word' id='word_1_322' title='bbox 3388 2966 3639 3029; x_wconf 84' lang='lat' dir='ltr'>ordina-</span> 
     </span>
    </p>
   </div>
   <div class='ocr_carea' id='block_1_29' title="bbox 211 3058 3635 3137">
    <p class='ocr_par' dir='ltr' id='par_1_29' title="bbox 211 3058 3635 3137">
     <span class='ocr_line' id='line_1_29' title="bbox 211 3058 3635 3137; baseline 0 -13"><span class='ocrx_word' id='word_1_323' title='bbox 211 3064 389 3134; x_wconf 90' lang='lat' dir='ltr'>tioni,</span> <span class='ocrx_word' id='word_1_324' title='bbox 425 3062 479 3121; x_wconf 87' lang='lat' dir='ltr'>si</span> <span class='ocrx_word' id='word_1_325' title='bbox 534 3060 745 3120; x_wconf 88' lang='lat' dir='ltr'>minus</span> <span class='ocrx_word' id='word_1_326' title='bbox 804 3059 1111 3131; x_wconf 89' lang='lat' dir='ltr'>animum,</span> <span class='ocrx_word' id='word_1_327' title='bbox 1170 3059 1390 3119; x_wconf 89' lang='lat' dir='ltr'>saltem</span> <span class='ocrx_word' id='word_1_328' title='bbox 1450 3060 1753 3120; x_wconf 88' lang='lat' dir='ltr'>cervicem</span> <span class='ocrx_word' id='word_1_329' title='bbox 1810 3059 2092 3119; x_wconf 83' lang='lat' dir='ltr'>inﬂexit:</span> <span class='ocrx_word' id='word_1_330' title='bbox 2138 3058 2242 3118; x_wconf 90' lang='lat' dir='ltr'>sed</span> <span class='ocrx_word' id='word_1_331' title='bbox 2303 3077 2446 3119; x_wconf 90' lang='lat' dir='ltr'>cum</span> <span class='ocrx_word' id='word_1_332' title='bbox 2502 3058 2583 3119; x_wconf 88' lang='lat' dir='ltr'>ad</span> <span class='ocrx_word' id='word_1_333' title='bbox 2652 3059 3097 3137; x_wconf 87' lang='lat' dir='ltr'>capessendam</span> <span class='ocrx_word' id='word_1_334' title='bbox 3156 3062 3365 3122; x_wconf 90' lang='lat' dir='ltr'>sedem</span> <span class='ocrx_word' id='word_1_335' title='bbox 3424 3063 3635 3125; x_wconf 86' lang='lat' dir='ltr'>nullus</span> 
     </span>
    </p>
   </div>
   <div class='ocr_carea' id='block_1_30' title="bbox 215 3157 3633 3242">
    <p class='ocr_par' dir='ltr' id='par_1_30' title="bbox 215 3157 3633 3242">
     <span class='ocr_line' id='line_1_30' title="bbox 215 3157 3633 3242; baseline -0 -20"><span class='ocrx_word' id='word_1_336' title='bbox 215 3167 465 3242; x_wconf 84' lang='lat' dir='ltr'>paserat</span> <span class='ocrx_word' id='word_1_337' title='bbox 536 3159 785 3229; x_wconf 88' lang='lat' dir='ltr'>aditus,</span> <span class='ocrx_word' id='word_1_338' title='bbox 847 3176 1037 3235; x_wconf 89' lang='lat' dir='ltr'>quam</span> <span class='ocrx_word' id='word_1_339' title='bbox 1110 3157 1347 3218; x_wconf 86' lang='lat' dir='ltr'>scilicet</span> <span class='ocrx_word' id='word_1_340' title='bbox 1428 3158 1761 3218; x_wconf 83' lang='lat' dir='ltr'>Anthimus</span> <span class='ocrx_word' id='word_1_341' title='bbox 1810 3159 2067 3218; x_wconf 89' lang='lat' dir='ltr'>armatis</span> <span class='ocrx_word' id='word_1_342' title='bbox 2152 3157 2454 3216; x_wconf 75' lang='lat' dir='ltr'>militibus</span> <span class='ocrx_word' id='word_1_343' title='bbox 2539 3163 2914 3235; x_wconf 82' lang='lat' dir='ltr'>occupatam</span> <span class='ocrx_word' id='word_1_344' title='bbox 2992 3158 3306 3232; x_wconf 83' lang='lat' dir='ltr'>tuebatur,</span> <span class='ocrx_word' id='word_1_345' title='bbox 3369 3160 3633 3239; x_wconf 86' lang='lat' dir='ltr'>abjectis</span> 
     </span>
    </p>
   </div>
   <div class='ocr_carea' id='block_1_31' title="bbox 220 3254 3633 3337">
    <p class='ocr_par' dir='ltr' id='par_1_31' title="bbox 220 3254 3633 3337">
     <span class='ocr_line' id='line_1_31' title="bbox 220 3254 3633 3337; baseline -0 -17"><span class='ocrx_word' id='word_1_346' title='bbox 220 3259 503 3333; x_wconf 65' lang='lat' dir='ltr'>Sasimis,</span> <span class='ocrx_word' id='word_1_347' title='bbox 566 3257 631 3317; x_wconf 91' lang='lat' dir='ltr'>in</span> <span class='ocrx_word' id='word_1_348' title='bbox 690 3256 1095 3316; x_wconf 86' lang='lat' dir='ltr'>solitudinem</span> <span class='ocrx_word' id='word_1_349' title='bbox 1170 3274 1235 3316; x_wconf 90' lang='lat' dir='ltr'>se</span> <span class='ocrx_word' id='word_1_350' title='bbox 1311 3257 1640 3331; x_wconf 89' lang='lat' dir='ltr'>contulit;</span> <span class='ocrx_word' id='word_1_351' title='bbox 1706 3275 1818 3317; x_wconf 91' lang='lat' dir='ltr'>nec</span> <span class='ocrx_word' id='word_1_352' title='bbox 1893 3256 2301 3327; x_wconf 83' lang='lat' dir='ltr'>oblationem,</span> <span class='ocrx_word' id='word_1_353' title='bbox 2368 3273 2481 3315; x_wconf 91' lang='lat' dir='ltr'>nec</span> <span class='ocrx_word' id='word_1_354' title='bbox 2552 3254 3035 3328; x_wconf 89' lang='lat' dir='ltr'>ordinationem,</span> <span class='ocrx_word' id='word_1_355' title='bbox 3090 3274 3205 3317; x_wconf 91' lang='lat' dir='ltr'>nec</span> <span class='ocrx_word' id='word_1_356' title='bbox 3280 3258 3633 3337; x_wconf 89' lang='lat' dir='ltr'>quidquam</span> 
     </span>
    </p>
   </div>
   <div class='ocr_carea' id='block_1_32' title="bbox 217 3353 3633 3435">
    <p class='ocr_par' dir='ltr' id='par_1_32' title="bbox 217 3353 3633 3435">
     <span class='ocr_line' id='line_1_32' title="bbox 217 3353 3633 3435; baseline -0.001 -14"><span class='ocrx_word' id='word_1_357' title='bbox 217 3378 427 3421; x_wconf 88' lang='lat' dir='ltr'>eorum</span> <span class='ocrx_word' id='word_1_358' title='bbox 491 3373 639 3435; x_wconf 78' lang='lat' dir='ltr'>quae</span> <span class='ocrx_word' id='word_1_359' title='bbox 711 3353 883 3433; x_wconf 90' lang='lat' dir='ltr'>apud</span> <span class='ocrx_word' id='word_1_360' title='bbox 938 3353 1264 3433; x_wconf 87' lang='lat' dir='ltr'>episcopos</span> <span class='ocrx_word' id='word_1_361' title='bbox 1322 3354 1387 3414; x_wconf 92' lang='lat' dir='ltr'>in</span> <span class='ocrx_word' id='word_1_362' title='bbox 1439 3373 1611 3415; x_wconf 89' lang='lat' dir='ltr'>more</span> <span class='ocrx_word' id='word_1_363' title='bbox 1667 3362 1728 3415; x_wconf 89' lang='lat' dir='ltr'>et</span> <span class='ocrx_word' id='word_1_364' title='bbox 1786 3355 2070 3415; x_wconf 84' lang='lat' dir='ltr'>instituto</span> <span class='ocrx_word' id='word_1_365' title='bbox 2131 3360 2296 3426; x_wconf 91' lang='lat' dir='ltr'>sunt,</span> <span class='ocrx_word' id='word_1_366' title='bbox 2357 3353 2617 3415; x_wconf 89' lang='lat' dir='ltr'>Sasimis</span> <span class='ocrx_word' id='word_1_367' title='bbox 2676 3354 2940 3432; x_wconf 85' lang='lat' dir='ltr'>peregit,</span> <span class='ocrx_word' id='word_1_368' title='bbox 3002 3358 3073 3414; x_wconf 90' lang='lat' dir='ltr'>ut</span> <span class='ocrx_word' id='word_1_369' title='bbox 3129 3354 3265 3434; x_wconf 87' lang='lat' dir='ltr'>ipse</span> <span class='ocrx_word' id='word_1_370' title='bbox 3326 3362 3633 3434; x_wconf 86' lang='lat' dir='ltr'>testatur;</span> 
     </span>
    </p>
   </div>
   <div class='ocr_carea' id='block_1_33' title="bbox 217 3452 3166 3532">
    <p class='ocr_par' dir='ltr' id='par_1_33' title="bbox 217 3452 3166 3532">
     <span class='ocr_line' id='line_1_33' title="bbox 217 3452 3166 3532; baseline -0.001 -15"><span class='ocrx_word' id='word_1_371' title='bbox 217 3458 313 3518; x_wconf 84' lang='lat' dir='ltr'>sed</span> <span class='ocrx_word' id='word_1_372' title='bbox 344 3454 544 3516; x_wconf 87' lang='lat' dir='ltr'>simul</span> <span class='ocrx_word' id='word_1_373' title='bbox 572 3460 763 3532; x_wconf 88' lang='lat' dir='ltr'>atque</span> <span class='ocrx_word' id='word_1_374' title='bbox 794 3456 1194 3512; x_wconf 86' lang='lat' dir='ltr'>consecratus</span> <span class='ocrx_word' id='word_1_375' title='bbox 1225 3460 1316 3512; x_wconf 87' lang='lat' dir='ltr'>est</span> <span class='ocrx_word' id='word_1_376' title='bbox 1348 3453 1703 3531; x_wconf 90' lang='lat' dir='ltr'>episcopus,</span> <span class='ocrx_word' id='word_1_377' title='bbox 1740 3453 1953 3530; x_wconf 89' lang='lat' dir='ltr'>fugam</span> <span class='ocrx_word' id='word_1_378' title='bbox 1986 3471 2175 3531; x_wconf 90' lang='lat' dir='ltr'>quam</span> <span class='ocrx_word' id='word_1_379' title='bbox 2204 3452 2414 3512; x_wconf 90' lang='lat' dir='ltr'>animo</span> <span class='ocrx_word' id='word_1_380' title='bbox 2447 3457 2842 3531; x_wconf 87' lang='lat' dir='ltr'>conceperat,</span> <span class='ocrx_word' id='word_1_381' title='bbox 2879 3452 3166 3532; x_wconf 88' lang='lat' dir='ltr'>arripuit.</span> 
     </span>
    </p>
   </div>
   <div class='ocr_carea' id='block_1_34' title="bbox 293 3549 3643 3632">
    <p class='ocr_par' dir='ltr' id='par_1_34' title="bbox 293 3549 3643 3632">
     <span class='ocr_line' id='line_1_34' title="bbox 293 3549 3643 3632; baseline -0.001 -16"><span class='ocrx_word' id='word_1_382' title='bbox 293 3553 538 3616; x_wconf 85' lang='lat' dir='ltr'>Deinde</span> <span class='ocrx_word' id='word_1_383' title='bbox 583 3557 915 3610; x_wconf 84' lang='lat' dir='ltr'>revocatus</span> <span class='ocrx_word' id='word_1_384' title='bbox 973 3567 1006 3609; x_wconf 91' lang='lat' dir='ltr'>e</span> <span class='ocrx_word' id='word_1_385' title='bbox 1054 3549 1413 3621; x_wconf 89' lang='lat' dir='ltr'>solitudine,</span> <span class='ocrx_word' id='word_1_386' title='bbox 1476 3551 1752 3628; x_wconf 85' lang='lat' dir='ltr'>regimen</span> <span class='ocrx_word' id='word_1_387' title='bbox 1829 3550 2119 3610; x_wconf 71' lang='lat' dir='ltr'>Ecclesiae</span> <span class='ocrx_word' id='word_1_388' title='bbox 2178 3549 2606 3622; x_wconf 70' lang='lat' dir='ltr'>Nazianzenae,</span> <span class='ocrx_word' id='word_1_389' title='bbox 2670 3550 2937 3628; x_wconf 87' lang='lat' dir='ltr'>jubente</span> <span class='ocrx_word' id='word_1_390' title='bbox 2995 3550 3219 3610; x_wconf 82' lang='lat' dir='ltr'>iterum</span> <span class='ocrx_word' id='word_1_391' title='bbox 3278 3556 3479 3630; x_wconf 83' lang='lat' dir='ltr'>patre,</span> <span class='ocrx_word' id='word_1_392' title='bbox 3531 3552 3643 3632; x_wconf 89' lang='lat' dir='ltr'>qui</span> 
     </span>
    </p>
   </div>
   <div class='ocr_carea' id='block_1_35' title="bbox 223 3645 3643 3730">
    <p class='ocr_par' dir='ltr' id='par_1_35' title="bbox 223 3645 3643 3730">
     <span class='ocr_line' id='line_1_35' title="bbox 223 3645 3643 3730; baseline 0 -21"><span class='ocrx_word' id='word_1_393' title='bbox 223 3671 343 3730; x_wconf 71' lang='lat' dir='ltr'>prae</span> <span class='ocrx_word' id='word_1_394' title='bbox 376 3653 571 3711; x_wconf 74' lang='lat' dir='ltr'>aetate</span> <span class='ocrx_word' id='word_1_395' title='bbox 604 3647 751 3706; x_wconf 89' lang='lat' dir='ltr'>huic</span> <span class='ocrx_word' id='word_1_396' title='bbox 808 3645 1320 3706; x_wconf 66' lang='lat' dir='ltr'>administrandae</span> <span class='ocrx_word' id='word_1_397' title='bbox 1380 3646 1583 3724; x_wconf 87' lang='lat' dir='ltr'>impar</span> <span class='ocrx_word' id='word_1_398' title='bbox 1641 3653 1799 3719; x_wconf 90' lang='lat' dir='ltr'>erat,</span> <span class='ocrx_word' id='word_1_399' title='bbox 1832 3664 2049 3706; x_wconf 86' lang='lat' dir='ltr'>verum</span> <span class='ocrx_word' id='word_1_400' title='bbox 2106 3664 2181 3706; x_wconf 91' lang='lat' dir='ltr'>ea</span> <span class='ocrx_word' id='word_1_401' title='bbox 2238 3645 2618 3723; x_wconf 88' lang='lat' dir='ltr'>conditione,</span> <span class='ocrx_word' id='word_1_402' title='bbox 2658 3653 2724 3706; x_wconf 90' lang='lat' dir='ltr'>ut</span> <span class='ocrx_word' id='word_1_403' title='bbox 2774 3653 3020 3707; x_wconf 89' lang='lat' dir='ltr'>mortuo</span> <span class='ocrx_word' id='word_1_404' title='bbox 3066 3656 3238 3725; x_wconf 85' lang='lat' dir='ltr'>patre</span> <span class='ocrx_word' id='word_1_405' title='bbox 3292 3648 3453 3708; x_wconf 91' lang='lat' dir='ltr'>liber</span> <span class='ocrx_word' id='word_1_406' title='bbox 3481 3655 3643 3709; x_wconf 89' lang='lat' dir='ltr'>esset</span> 
     </span>
    </p>
   </div>
   <div class='ocr_carea' id='block_1_36' title="bbox 222 3742 3645 3825">
    <p class='ocr_par' dir='ltr' id='par_1_36' title="bbox 222 3742 3645 3825">
     <span class='ocr_line' id='line_1_36' title="bbox 222 3742 3645 3825; baseline -0.001 -16"><span class='ocrx_word' id='word_1_407' title='bbox 222 3751 391 3810; x_wconf 86' lang='lat' dir='ltr'>abire</span> <span class='ocrx_word' id='word_1_408' title='bbox 466 3764 599 3825; x_wconf 93' lang='lat' dir='ltr'>quo</span> <span class='ocrx_word' id='word_1_409' title='bbox 657 3744 870 3815; x_wconf 87' lang='lat' dir='ltr'>vellet,</span> <span class='ocrx_word' id='word_1_410' title='bbox 931 3744 1225 3822; x_wconf 90' lang='lat' dir='ltr'>suscepit.</span> <span class='ocrx_word' id='word_1_411' title='bbox 1293 3764 1321 3800; x_wconf 87' lang='lat'><strong>«</strong></span> <span class='ocrx_word' id='word_1_412' title='bbox 1380 3744 1475 3804; x_wconf 85' lang='lat' dir='ltr'>Ad</span> <span class='ocrx_word' id='word_1_413' title='bbox 1532 3744 1720 3804; x_wconf 88' lang='lat' dir='ltr'>breve</span> <span class='ocrx_word' id='word_1_414' title='bbox 1777 3748 2048 3822; x_wconf 90' lang='lat' dir='ltr'>tempus,</span> <span class='ocrx_word' id='word_1_415' title='bbox 2106 3764 2135 3798; x_wconf 77' lang='grc' dir='ltr'>ι)</span> <span class='ocrx_word' id='word_1_416' title='bbox 2201 3742 2409 3821; x_wconf 91' lang='lat' dir='ltr'>inquit</span> <span class='ocrx_word' id='word_1_417' title='bbox 2460 3743 2594 3822; x_wconf 89' lang='lat' dir='ltr'>ipse</span> <span class='ocrx_word' id='word_1_418' title='bbox 2651 3743 2985 3821; x_wconf 88' lang='lat' dir='ltr'>Gregorius</span> <span class='ocrx_word' id='word_1_419' title='bbox 3061 3744 3166 3821; x_wconf 79' lang='grc' dir='ltr'>(α),</span> <span class='ocrx_word' id='word_1_420' title='bbox 3234 3768 3263 3799; x_wconf 88' lang='grc'>‹‹</span> <span class='ocrx_word' id='word_1_421' title='bbox 3320 3752 3381 3806; x_wconf 91' lang='lat' dir='ltr'>et</span> <span class='ocrx_word' id='word_1_422' title='bbox 3464 3745 3645 3824; x_wconf 86' lang='lat' dir='ltr'>quasi</span> 
     </span>
    </p>
   </div>
   <div class='ocr_carea' id='block_1_37' title="bbox 224 3840 3203 3926">
    <p class='ocr_par' dir='ltr' id='par_1_37' title="bbox 224 3840 3203 3926">
     <span class='ocr_line' id='line_1_37' title="bbox 224 3840 3203 3926; baseline -0.002 -20"><span class='ocrx_word' id='word_1_423' title='bbox 224 3846 527 3926; x_wconf 83' lang='lat' dir='ltr'>hospites,</span> <span class='ocrx_word' id='word_1_424' title='bbox 564 3842 1007 3922; x_wconf 62' lang='lat' dir='ltr'>praefecturam</span> <span class='ocrx_word' id='word_1_425' title='bbox 1039 3842 1426 3920; x_wconf 89' lang='lat' dir='ltr'>suscepimus</span> <span class='ocrx_word' id='word_1_426' title='bbox 1457 3858 1470 3899; x_wconf 88' lang='lat'><strong>:</strong></span> <span class='ocrx_word' id='word_1_427' title='bbox 1515 3863 1543 3898; x_wconf 80' lang='grc' dir='ltr'>α</span> <span class='ocrx_word' id='word_1_428' title='bbox 1576 3841 1822 3919; x_wconf 90' lang='lat' dir='ltr'>accepit</span> <span class='ocrx_word' id='word_1_429' title='bbox 1852 3840 2129 3919; x_wconf 91' lang='lat' dir='ltr'>quidem,</span> <span class='ocrx_word' id='word_1_430' title='bbox 2160 3842 2266 3900; x_wconf 92' lang='lat' dir='ltr'>sed</span> <span class='ocrx_word' id='word_1_431' title='bbox 2295 3847 2544 3901; x_wconf 90' lang='lat' dir='ltr'>mortuo</span> <span class='ocrx_word' id='word_1_432' title='bbox 2577 3846 2753 3920; x_wconf 86' lang='lat' dir='ltr'>patre</span> <span class='ocrx_word' id='word_1_433' title='bbox 2783 3859 2918 3900; x_wconf 88' lang='lat' dir='ltr'>eam</span> <span class='ocrx_word' id='word_1_434' title='bbox 2953 3842 3203 3919; x_wconf 86' lang='lat' dir='ltr'>abjecit.</span> 
     </span>
    </p>
   </div>
   <div class='ocr_carea' id='block_1_38' title="bbox 295 3937 3645 4021">
    <p class='ocr_par' dir='ltr' id='par_1_38' title="bbox 295 3937 3645 4021">
     <span class='ocr_line' id='line_1_38' title="bbox 295 3937 3645 4021; baseline -0.001 -16"><span class='ocrx_word' id='word_1_435' title='bbox 295 3943 590 4021; x_wconf 89' lang='lat' dir='ltr'>Denique</span> <span class='ocrx_word' id='word_1_436' title='bbox 645 3939 1258 4018; x_wconf 87' lang='lat' dir='ltr'>Constantinopolim</span> <span class='ocrx_word' id='word_1_437' title='bbox 1334 3938 1672 3999; x_wconf 85' lang='lat' dir='ltr'>accersitus</span> <span class='ocrx_word' id='word_1_438' title='bbox 1728 3939 1807 3997; x_wconf 87' lang='lat' dir='ltr'>ab</span> <span class='ocrx_word' id='word_1_439' title='bbox 1895 3938 2203 4017; x_wconf 90' lang='lat' dir='ltr'>episcopis</span> <span class='ocrx_word' id='word_1_440' title='bbox 2269 3937 2554 3998; x_wconf 69' lang='lat' dir='ltr'>Thraciae</span> <span class='ocrx_word' id='word_1_441' title='bbox 2639 3944 2701 3997; x_wconf 93' lang='lat' dir='ltr'>et</span> <span class='ocrx_word' id='word_1_442' title='bbox 2784 3938 3171 4013; x_wconf 87' lang='lat' dir='ltr'>orlhodoxis,</span> <span class='ocrx_word' id='word_1_443' title='bbox 3240 3945 3305 3999; x_wconf 90' lang='lat' dir='ltr'>ut</span> <span class='ocrx_word' id='word_1_444' title='bbox 3391 3957 3645 4000; x_wconf 85' lang='lat' dir='ltr'>causam</span> 
     </span>
    </p>
   </div>
   <div class='ocr_carea' id='block_1_39' title="bbox 223 4034 3648 4116">
    <p class='ocr_par' dir='ltr' id='par_1_39' title="bbox 223 4034 3648 4116">
     <span class='ocr_line' id='line_1_39' title="bbox 223 4034 3648 4116; baseline -0.002 -13"><span class='ocrx_word' id='word_1_445' title='bbox 223 4043 361 4103; x_wconf 87' lang='lat' dir='ltr'>ﬁdei</span> <span class='ocrx_word' id='word_1_446' title='bbox 394 4046 628 4102; x_wconf 89' lang='lat' dir='ltr'>contra</span> <span class='ocrx_word' id='word_1_447' title='bbox 677 4042 1037 4116; x_wconf 84' lang='lat' dir='ltr'>grassantes</span> <span class='ocrx_word' id='word_1_448' title='bbox 1087 4037 1338 4115; x_wconf 88' lang='lat' dir='ltr'>lateque</span> <span class='ocrx_word' id='word_1_449' title='bbox 1395 4037 1795 4097; x_wconf 82' lang='lat' dir='ltr'>dominantes</span> <span class='ocrx_word' id='word_1_450' title='bbox 1854 4036 1914 4095; x_wconf 91' lang='lat' dir='ltr'>in</span> <span class='ocrx_word' id='word_1_451' title='bbox 1975 4037 2146 4113; x_wconf 87' lang='lat' dir='ltr'>regia</span> <span class='ocrx_word' id='word_1_452' title='bbox 2200 4034 2452 4095; x_wconf 89' lang='lat' dir='ltr'>civitate</span> <span class='ocrx_word' id='word_1_453' title='bbox 2504 4035 2792 4108; x_wconf 86' lang='lat' dir='ltr'>Arianos,</span> <span class='ocrx_word' id='word_1_454' title='bbox 2828 4037 3310 4097; x_wconf 72' lang='lat' dir='ltr'>Macedonianos</span> <span class='ocrx_word' id='word_1_455' title='bbox 3366 4037 3648 4116; x_wconf 89' lang='lat' dir='ltr'>aliasque</span> 
     </span>
    </p>
   </div>
   <div class='ocr_carea' id='block_1_40' title="bbox 222 4134 3646 4215">
    <p class='ocr_par' dir='ltr' id='par_1_40' title="bbox 222 4134 3646 4215">
     <span class='ocr_line' id='line_1_40' title="bbox 222 4134 3646 4215; baseline -0.001 -18"><span class='ocrx_word' id='word_1_456' title='bbox 222 4139 507 4201; x_wconf 84' lang='lat' dir='ltr'>veritatis</span> <span class='ocrx_word' id='word_1_457' title='bbox 587 4142 793 4215; x_wconf 88' lang='lat' dir='ltr'>pestes</span> <span class='ocrx_word' id='word_1_458' title='bbox 870 4139 1172 4208; x_wconf 86' lang='lat' dir='ltr'>tueretur,</span> <span class='ocrx_word' id='word_1_459' title='bbox 1234 4153 1377 4195; x_wconf 90' lang='lat' dir='ltr'>cum</span> <span class='ocrx_word' id='word_1_460' title='bbox 1456 4135 1830 4206; x_wconf 85' lang='lat' dir='ltr'>advenisset,</span> <span class='ocrx_word' id='word_1_461' title='bbox 1905 4134 2174 4212; x_wconf 77' lang='lat' dir='ltr'>fideique</span> <span class='ocrx_word' id='word_1_462' title='bbox 2248 4151 2498 4193; x_wconf 88' lang='lat' dir='ltr'>causam</span> <span class='ocrx_word' id='word_1_463' title='bbox 2573 4134 2971 4206; x_wconf 79' lang='lat' dir='ltr'>defendisset,</span> <span class='ocrx_word' id='word_1_464' title='bbox 3032 4134 3361 4195; x_wconf 73' lang='lat' dir='ltr'>haereticos</span> <span class='ocrx_word' id='word_1_465' title='bbox 3429 4135 3646 4214; x_wconf 83' lang='lat' dir='ltr'>proﬂi-</span> 
     </span>
    </p>
   </div>
   <div class='ocr_carea' id='block_1_41' title="bbox 221 4230 3647 4316">
    <p class='ocr_par' dir='ltr' id='par_1_41' title="bbox 221 4230 3647 4316">
     <span class='ocr_line' id='line_1_41' title="bbox 221 4230 3647 4316; baseline -0.002 -18"><span class='ocrx_word' id='word_1_466' title='bbox 221 4242 452 4316; x_wconf 84' lang='lat' dir='ltr'>gasset,</span> <span class='ocrx_word' id='word_1_467' title='bbox 492 4252 738 4295; x_wconf 66' lang='lat' dir='ltr'>errores</span> <span class='ocrx_word' id='word_1_468' title='bbox 801 4233 1098 4311; x_wconf 82' lang='lat' dir='ltr'>fugasset,</span> <span class='ocrx_word' id='word_1_469' title='bbox 1159 4232 1503 4311; x_wconf 81' lang='lat' dir='ltr'>collapsam</span> <span class='ocrx_word' id='word_1_470' title='bbox 1565 4232 1750 4291; x_wconf 81' lang='lat' dir='ltr'>fidem</span> <span class='ocrx_word' id='word_1_471' title='bbox 1815 4232 2204 4304; x_wconf 65' lang='lat' dir='ltr'>restituisset,</span> <span class='ocrx_word' id='word_1_472' title='bbox 2265 4236 2327 4291; x_wconf 87' lang='lat' dir='ltr'>et</span> <span class='ocrx_word' id='word_1_473' title='bbox 2385 4230 2664 4290; x_wconf 90' lang='lat' dir='ltr'>omnium</span> <span class='ocrx_word' id='word_1_474' title='bbox 2736 4231 2981 4291; x_wconf 84' lang='lat' dir='ltr'>animos</span> <span class='ocrx_word' id='word_1_475' title='bbox 3035 4231 3153 4291; x_wconf 90' lang='lat' dir='ltr'>sibi</span> <span class='ocrx_word' id='word_1_476' title='bbox 3210 4232 3647 4306; x_wconf 90' lang='lat' dir='ltr'>conciliasset;</span> 
     </span>
    </p>
   </div>
   <div class='ocr_carea' id='block_1_42' title="bbox 222 4327 3650 4413">
    <p class='ocr_par' dir='ltr' id='par_1_42' title="bbox 222 4327 3650 4413">
     <span class='ocr_line' id='line_1_42' title="bbox 222 4327 3650 4413; baseline -0.002 -16"><span class='ocrx_word' id='word_1_477' title='bbox 222 4336 413 4397; x_wconf 84' lang='lat' dir='ltr'>totius</span> <span class='ocrx_word' id='word_1_478' title='bbox 498 4332 723 4413; x_wconf 92' lang='lat' dir='ltr'>populi</span> <span class='ocrx_word' id='word_1_479' title='bbox 800 4329 1077 4409; x_wconf 89' lang='lat' dir='ltr'>clerique</span> <span class='ocrx_word' id='word_1_480' title='bbox 1161 4347 1488 4403; x_wconf 90' lang='lat' dir='ltr'>consensu,</span> <span class='ocrx_word' id='word_1_481' title='bbox 1543 4336 1856 4390; x_wconf 89' lang='lat' dir='ltr'>annuente</span> <span class='ocrx_word' id='word_1_482' title='bbox 1940 4328 2294 4389; x_wconf 77' lang='lat' dir='ltr'>Theodosio</span> <span class='ocrx_word' id='word_1_483' title='bbox 2378 4327 2780 4408; x_wconf 86' lang='lat' dir='ltr'>imperatore,</span> <span class='ocrx_word' id='word_1_484' title='bbox 2847 4329 2906 4387; x_wconf 90' lang='lat' dir='ltr'>in</span> <span class='ocrx_word' id='word_1_485' title='bbox 2987 4329 3131 4389; x_wconf 91' lang='lat' dir='ltr'>sede</span> <span class='ocrx_word' id='word_1_486' title='bbox 3208 4330 3650 4390; x_wconf 82' lang='lat' dir='ltr'>Constantino-</span> 
     </span>
    </p>
   </div>
   <div class='ocr_carea' id='block_1_43' title="bbox 220 4426 3655 4513">
    <p class='ocr_par' dir='ltr' id='par_1_43' title="bbox 220 4426 3655 4513">
     <span class='ocr_line' id='line_1_43' title="bbox 220 4426 3655 4513; baseline -0.003 -18"><span class='ocrx_word' id='word_1_487' title='bbox 220 4434 535 4513; x_wconf 88' lang='lat' dir='ltr'>politana,</span> <span class='ocrx_word' id='word_1_488' title='bbox 570 4429 753 4508; x_wconf 90' lang='lat' dir='ltr'>pulso</span> <span class='ocrx_word' id='word_1_489' title='bbox 805 4426 1207 4506; x_wconf 88' lang='lat' dir='ltr'>Demophilo,</span> <span class='ocrx_word' id='word_1_490' title='bbox 1250 4427 1432 4506; x_wconf 92' lang='lat' dir='ltr'>pulso</span> <span class='ocrx_word' id='word_1_491' title='bbox 1483 4427 1671 4488; x_wconf 90' lang='lat' dir='ltr'>etiam</span> <span class='ocrx_word' id='word_1_492' title='bbox 1728 4427 2023 4498; x_wconf 84' lang='lat' dir='ltr'>Maximo,</span> <span class='ocrx_word' id='word_1_493' title='bbox 2061 4445 2187 4487; x_wconf 87' lang='lat' dir='ltr'>non</span> <span class='ocrx_word' id='word_1_494' title='bbox 2246 4431 2456 4487; x_wconf 89' lang='lat' dir='ltr'>tamen</span> <span class='ocrx_word' id='word_1_495' title='bbox 2527 4444 2887 4504; x_wconf 81' lang='lat' dir='ltr'>repugnans</span> <span class='ocrx_word' id='word_1_496' title='bbox 2945 4433 3011 4485; x_wconf 92' lang='lat' dir='ltr'>ut</span> <span class='ocrx_word' id='word_1_497' title='bbox 3068 4432 3273 4498; x_wconf 86' lang='lat' dir='ltr'>antea,</span> <span class='ocrx_word' id='word_1_498' title='bbox 3311 4428 3655 4488; x_wconf 90' lang='lat' dir='ltr'>collocatus</span> 
     </span>
    </p>
   </div>
   <div class='ocr_carea' id='block_1_44' title="bbox 224 4523 3656 4604">
    <p class='ocr_par' dir='ltr' id='par_1_44' title="bbox 224 4523 3656 4604">
     <span class='ocr_line' id='line_1_44' title="bbox 224 4523 3656 4604; baseline -0.003 -11"><span class='ocrx_word' id='word_1_499' title='bbox 224 4541 317 4594; x_wconf 85' lang='lat' dir='ltr'>est</span> <span class='ocrx_word' id='word_1_500' title='bbox 391 4550 432 4592; x_wconf 85' lang='lat' dir='ltr'>a</span> <span class='ocrx_word' id='word_1_501' title='bbox 508 4534 730 4589; x_wconf 87' lang='lat' dir='ltr'>sancto</span> <span class='ocrx_word' id='word_1_502' title='bbox 809 4526 1080 4595; x_wconf 84' lang='lat' dir='ltr'>Meletio,</span> <span class='ocrx_word' id='word_1_503' title='bbox 1143 4525 1389 4586; x_wconf 89' lang='lat' dir='ltr'>concilii</span> <span class='ocrx_word' id='word_1_504' title='bbox 1455 4525 1783 4604; x_wconf 85' lang='lat' dir='ltr'>generalis,</span> <span class='ocrx_word' id='word_1_505' title='bbox 1847 4526 2016 4604; x_wconf 83' lang='lat' dir='ltr'>quod</span> <span class='ocrx_word' id='word_1_506' title='bbox 2092 4530 2225 4585; x_wconf 89' lang='lat' dir='ltr'>tum</span> <span class='ocrx_word' id='word_1_507' title='bbox 2303 4523 2759 4597; x_wconf 90' lang='lat' dir='ltr'>celebrabatur,</span> <span class='ocrx_word' id='word_1_508' title='bbox 2841 4524 3126 4602; x_wconf 76' lang='lat' dir='ltr'>praeside.</span> <span class='ocrx_word' id='word_1_509' title='bbox 3197 4526 3360 4585; x_wconf 84' lang='lat' dir='ltr'>Ortis</span> <span class='ocrx_word' id='word_1_510' title='bbox 3432 4525 3656 4586; x_wconf 91' lang='lat' dir='ltr'>deinde</span> 
     </span>
    </p>
   </div>
   <div class='ocr_carea' id='block_1_45' title="bbox 226 4623 3652 4711">
    <p class='ocr_par' dir='ltr' id='par_1_45' title="bbox 226 4623 3652 4711">
     <span class='ocr_line' id='line_1_45' title="bbox 226 4623 3652 4711; baseline -0.002 -19"><span class='ocrx_word' id='word_1_511' title='bbox 226 4630 501 4711; x_wconf 86' lang='lat' dir='ltr'>querelis</span> <span class='ocrx_word' id='word_1_512' title='bbox 560 4629 724 4689; x_wconf 90' lang='lat' dir='ltr'>inter</span> <span class='ocrx_word' id='word_1_513' title='bbox 781 4626 1133 4705; x_wconf 89' lang='lat' dir='ltr'>episcopos,</span> <span class='ocrx_word' id='word_1_514' title='bbox 1194 4633 1447 4704; x_wconf 88' lang='lat' dir='ltr'>arrepta</span> <span class='ocrx_word' id='word_1_515' title='bbox 1504 4626 1853 4699; x_wconf 89' lang='lat' dir='ltr'>occasione,</span> <span class='ocrx_word' id='word_1_516' title='bbox 1915 4624 2245 4703; x_wconf 90' lang='lat' dir='ltr'>Gregorius</span> <span class='ocrx_word' id='word_1_517' title='bbox 2302 4623 2553 4683; x_wconf 69' lang='lat' dir='ltr'>abdicat</span> <span class='ocrx_word' id='word_1_518' title='bbox 2611 4642 2675 4684; x_wconf 90' lang='lat' dir='ltr'>se</span> <span class='ocrx_word' id='word_1_519' title='bbox 2730 4624 3115 4703; x_wconf 80' lang='lat' dir='ltr'>episcopatu,</span> <span class='ocrx_word' id='word_1_520' title='bbox 3178 4624 3457 4704; x_wconf 80' lang='lat' dir='ltr'>effringit</span> <span class='ocrx_word' id='word_1_521' title='bbox 3512 4624 3652 4685; x_wconf 85' lang='lat' dir='ltr'>vin-</span> 
     </span>
    </p>
   </div>
   <div class='ocr_carea' id='block_1_46' title="bbox 229 4723 3033 4806">
    <p class='ocr_par' dir='ltr' id='par_1_46' title="bbox 229 4723 3033 4806">
     <span class='ocr_line' id='line_1_46' title="bbox 229 4723 3033 4806; baseline -0.003 -16"><span class='ocrx_word' id='word_1_522' title='bbox 229 4730 394 4798; x_wconf 85' lang='lat' dir='ltr'>cula.</span> <span class='ocrx_word' id='word_1_523' title='bbox 430 4734 493 4788; x_wconf 89' lang='lat' dir='ltr'>et</span> <span class='ocrx_word' id='word_1_524' title='bbox 524 4727 761 4806; x_wconf 88' lang='lat' dir='ltr'>gaudio</span> <span class='ocrx_word' id='word_1_525' title='bbox 796 4724 1069 4803; x_wconf 89' lang='lat' dir='ltr'>gestiens</span> <span class='ocrx_word' id='word_1_526' title='bbox 1098 4724 1367 4802; x_wconf 89' lang='lat' dir='ltr'>patriam</span> <span class='ocrx_word' id='word_1_527' title='bbox 1401 4724 1644 4803; x_wconf 89' lang='lat' dir='ltr'>repetit,</span> <span class='ocrx_word' id='word_1_528' title='bbox 1681 4730 1901 4802; x_wconf 87' lang='lat' dir='ltr'>optata</span> <span class='ocrx_word' id='word_1_529' title='bbox 1924 4723 2259 4783; x_wconf 90' lang='lat' dir='ltr'>solitudine</span> <span class='ocrx_word' id='word_1_530' title='bbox 2289 4740 2353 4782; x_wconf 93' lang='lat' dir='ltr'>se</span> <span class='ocrx_word' id='word_1_531' title='bbox 2382 4723 2715 4781; x_wconf 89' lang='lat' dir='ltr'>fruiturum</span> <span class='ocrx_word' id='word_1_532' title='bbox 2756 4740 3033 4800; x_wconf 88' lang='lat' dir='ltr'>sperans.</span> 
     </span>
    </p>
   </div>
   <div class='ocr_carea' id='block_1_47' title="bbox 307 4820 3656 4905">
    <p class='ocr_par' dir='ltr' id='par_1_47' title="bbox 307 4820 3656 4905">
     <span class='ocr_line' id='line_1_47' title="bbox 307 4820 3656 4905; baseline -0.002 -17"><span class='ocrx_word' id='word_1_533' title='bbox 307 4829 449 4900; x_wconf 84' lang='lat' dir='ltr'>Quo</span> <span class='ocrx_word' id='word_1_534' title='bbox 506 4834 817 4905; x_wconf 89' lang='lat' dir='ltr'>tempore,</span> <span class='ocrx_word' id='word_1_535' title='bbox 879 4821 1424 4901; x_wconf 89' lang='lat' dir='ltr'>Constantinopoli</span> <span class='ocrx_word' id='word_1_536' title='bbox 1467 4822 1705 4890; x_wconf 88' lang='lat' dir='ltr'>relicta,</span> <span class='ocrx_word' id='word_1_537' title='bbox 1764 4822 1827 4881; x_wconf 92' lang='lat' dir='ltr'>in</span> <span class='ocrx_word' id='word_1_538' title='bbox 1886 4821 2152 4899; x_wconf 89' lang='lat' dir='ltr'>patriam</span> <span class='ocrx_word' id='word_1_539' title='bbox 2214 4838 2496 4881; x_wconf 91' lang='lat' dir='ltr'>reversus</span> <span class='ocrx_word' id='word_1_540' title='bbox 2573 4826 2664 4880; x_wconf 89' lang='lat' dir='ltr'>est</span> <span class='ocrx_word' id='word_1_541' title='bbox 2723 4820 3076 4899; x_wconf 83' lang='lat' dir='ltr'>Gregorius,</span> <span class='ocrx_word' id='word_1_542' title='bbox 3139 4820 3347 4882; x_wconf 89' lang='lat' dir='ltr'>adhuc</span> <span class='ocrx_word' id='word_1_543' title='bbox 3403 4826 3656 4900; x_wconf 88' lang='lat' dir='ltr'>pastore</span> 
     </span>
    </p>
   </div>
   <div class='ocr_carea' id='block_1_48' title="bbox 235 4916 3659 4997">
    <p class='ocr_par' dir='ltr' id='par_1_48' title="bbox 235 4916 3659 4997">
     <span class='ocr_line' id='line_1_48' title="bbox 235 4916 3659 4997; baseline -0.002 -12"><span class='ocrx_word' id='word_1_544' title='bbox 235 4926 539 4987; x_wconf 84' lang='lat' dir='ltr'>destituta</span> <span class='ocrx_word' id='word_1_545' title='bbox 614 4928 752 4982; x_wconf 89' lang='lat' dir='ltr'>erat</span> <span class='ocrx_word' id='word_1_546' title='bbox 803 4920 1191 4981; x_wconf 86' lang='lat' dir='ltr'>Nazianzena</span> <span class='ocrx_word' id='word_1_547' title='bbox 1273 4918 1571 4992; x_wconf 89' lang='lat' dir='ltr'>Ecclesia,</span> <span class='ocrx_word' id='word_1_548' title='bbox 1634 4918 2219 4997; x_wconf 51' lang='lat' dir='ltr'>Apollinaristarum</span> <span class='ocrx_word' id='word_1_549' title='bbox 2304 4916 2545 4976; x_wconf 83' lang='lat' dir='ltr'>insidiis</span> <span class='ocrx_word' id='word_1_550' title='bbox 2626 4925 2862 4994; x_wconf 71' lang='lat' dir='ltr'>pa’ens.</span> <span class='ocrx_word' id='word_1_551' title='bbox 2924 4917 3125 4996; x_wconf 86' lang='lat' dir='ltr'>Hujus</span> <span class='ocrx_word' id='word_1_552' title='bbox 3185 4917 3462 4996; x_wconf 87' lang='lat' dir='ltr'>periculo</span> <span class='ocrx_word' id='word_1_553' title='bbox 3518 4936 3659 4997; x_wconf 90' lang='lat' dir='ltr'>per-</span> 
     </span>
    </p>
   </div>
   <div class='ocr_carea' id='block_1_49' title="bbox 239 5016 3656 5099">
    <p class='ocr_par' dir='ltr' id='par_1_49' title="bbox 239 5016 3656 5099">
     <span class='ocr_line' id='line_1_49' title="bbox 239 5016 3656 5099; baseline -0.002 -15"><span class='ocrx_word' id='word_1_554' title='bbox 239 5033 443 5085; x_wconf 84' lang='lat' dir='ltr'>motus</span> <span class='ocrx_word' id='word_1_555' title='bbox 502 5021 869 5099; x_wconf 87' lang='lat' dir='ltr'>Gregorius,</span> <span class='ocrx_word' id='word_1_556' title='bbox 928 5020 1298 5097; x_wconf 90' lang='lat' dir='ltr'>rogantibus</span> <span class='ocrx_word' id='word_1_557' title='bbox 1354 5017 1662 5098; x_wconf 88' lang='lat' dir='ltr'>episcopis</span> <span class='ocrx_word' id='word_1_558' title='bbox 1720 5024 1781 5078; x_wconf 93' lang='lat' dir='ltr'>et</span> <span class='ocrx_word' id='word_1_559' title='bbox 1841 5017 2129 5077; x_wconf 90' lang='lat' dir='ltr'>universo</span> <span class='ocrx_word' id='word_1_560' title='bbox 2187 5016 2443 5095; x_wconf 89' lang='lat' dir='ltr'>populo,</span> <span class='ocrx_word' id='word_1_561' title='bbox 2499 5016 2666 5076; x_wconf 80' lang='lat' dir='ltr'>illius</span> <span class='ocrx_word' id='word_1_562' title='bbox 2732 5034 2969 5090; x_wconf 89' lang='lat' dir='ltr'>curam,</span> <span class='ocrx_word' id='word_1_563' title='bbox 3032 5017 3232 5076; x_wconf 91' lang='lat' dir='ltr'>donec</span> <span class='ocrx_word' id='word_1_564' title='bbox 3303 5016 3656 5095; x_wconf 71' lang='lat' dir='ltr'>przeﬁcere-</span> 
     </span>
    </p>
   </div>
   <div class='ocr_carea' id='block_1_50' title="bbox 236 5112 3150 5201">
    <p class='ocr_par' dir='ltr' id='par_1_50' title="bbox 236 5112 3150 5201">
     <span class='ocr_line' id='line_1_50' title="bbox 236 5112 3150 5201; baseline -0.004 -18"><span class='ocrx_word' id='word_1_565' title='bbox 236 5129 334 5183; x_wconf 87' lang='lat' dir='ltr'>tur</span> <span class='ocrx_word' id='word_1_566' title='bbox 362 5122 727 5201; x_wconf 84' lang='lat' dir='ltr'>episcopus,</span> <span class='ocrx_word' id='word_1_567' title='bbox 760 5136 827 5179; x_wconf 91' lang='lat' dir='ltr'>se</span> <span class='ocrx_word' id='word_1_568' title='bbox 848 5123 1284 5197; x_wconf 90' lang='lat' dir='ltr'>suscepturum</span> <span class='ocrx_word' id='word_1_569' title='bbox 1308 5115 1643 5195; x_wconf 84' lang='lat' dir='ltr'>promisit?</span> <span class='ocrx_word' id='word_1_570' title='bbox 1671 5134 1796 5194; x_wconf 91' lang='lat' dir='ltr'>quo</span> <span class='ocrx_word' id='word_1_571' title='bbox 1829 5115 2147 5193; x_wconf 76' lang='lat' dir='ltr'>praefecto,</span> <span class='ocrx_word' id='word_1_572' title='bbox 2181 5114 2341 5191; x_wconf 85' lang='lat' dir='ltr'>fugit</span> <span class='ocrx_word' id='word_1_573' title='bbox 2369 5115 2597 5174; x_wconf 90' lang='lat' dir='ltr'>iterum</span> <span class='ocrx_word' id='word_1_574' title='bbox 2628 5112 2692 5172; x_wconf 91' lang='lat' dir='ltr'>in</span> <span class='ocrx_word' id='word_1_575' title='bbox 2724 5115 3150 5174; x_wconf 91' lang='lat' dir='ltr'>solitudinem.</span> 
     </span>
    </p>
   </div>
   <div class='ocr_carea' id='block_1_51' title="bbox 312 5210 3664 5295">
    <p class='ocr_par' dir='ltr' id='par_1_51' title="bbox 312 5210 3664 5295">
     <span class='ocr_line' id='line_1_51' title="bbox 312 5210 3664 5295; baseline -0.002 -15"><span class='ocrx_word' id='word_1_576' title='bbox 312 5223 458 5281; x_wconf 84' lang='lat' dir='ltr'>Esto</span> <span class='ocrx_word' id='word_1_577' title='bbox 514 5236 687 5279; x_wconf 89' lang='lat' dir='ltr'>nunc</span> <span class='ocrx_word' id='word_1_578' title='bbox 737 5214 1050 5295; x_wconf 87' lang='lat' dir='ltr'>judicium</span> <span class='ocrx_word' id='word_1_579' title='bbox 1105 5214 1376 5288; x_wconf 89' lang='lat' dir='ltr'>lectoris,</span> <span class='ocrx_word' id='word_1_580' title='bbox 1429 5212 1757 5293; x_wconf 89' lang='lat' dir='ltr'>cujusnam</span> <span class='ocrx_word' id='word_1_581' title='bbox 1821 5212 2111 5277; x_wconf 75' lang='lat' dir='ltr'>Ecclesiae</span> <span class='ocrx_word' id='word_1_582' title='bbox 2170 5210 2504 5290; x_wconf 87' lang='lat' dir='ltr'>Gregorius</span> <span class='ocrx_word' id='word_1_583' title='bbox 2567 5210 2897 5272; x_wconf 90' lang='lat' dir='ltr'>habendus</span> <span class='ocrx_word' id='word_1_584' title='bbox 2949 5216 3012 5273; x_wconf 91' lang='lat' dir='ltr'>et</span> <span class='ocrx_word' id='word_1_585' title='bbox 3091 5210 3510 5291; x_wconf 88' lang='lat' dir='ltr'>appellandus</span> <span class='ocrx_word' id='word_1_586' title='bbox 3584 5210 3664 5273; x_wconf 87' lang='lat' dir='ltr'>sit</span> 
     </span>
    </p>
   </div>
   <div class='ocr_carea' id='block_1_52' title="bbox 239 5309 3665 5398">
    <p class='ocr_par' dir='ltr' id='par_1_52' title="bbox 239 5309 3665 5398">
     <span class='ocr_line' id='line_1_52' title="bbox 239 5309 3665 5398; baseline -0.003 -19"><span class='ocrx_word' id='word_1_587' title='bbox 239 5318 602 5398; x_wconf 82' lang='lat' dir='ltr'>episcOpus,</span> <span class='ocrx_word' id='word_1_588' title='bbox 664 5320 729 5375; x_wconf 86' lang='lat' dir='ltr'>et</span> <span class='ocrx_word' id='word_1_589' title='bbox 810 5332 893 5375; x_wconf 88' lang='lat' dir='ltr'>an</span> <span class='ocrx_word' id='word_1_590' title='bbox 968 5313 1366 5394; x_wconf 80' lang='lat' dir='ltr'>episcOpatus</span> <span class='ocrx_word' id='word_1_591' title='bbox 1450 5310 1764 5371; x_wconf 89' lang='lat' dir='ltr'>habuerit.</span> <span class='ocrx_word' id='word_1_592' title='bbox 1851 5313 2072 5385; x_wconf 91' lang='lat' dir='ltr'>Nomo,</span> <span class='ocrx_word' id='word_1_593' title='bbox 2133 5310 2379 5389; x_wconf 82' lang='lat' dir='ltr'>Opinor,</span> <span class='ocrx_word' id='word_1_594' title='bbox 2468 5309 2749 5371; x_wconf 81' lang='lat' dir='ltr'>dicturus</span> <span class='ocrx_word' id='word_1_595' title='bbox 2838 5314 2931 5370; x_wconf 92' lang='lat' dir='ltr'>est</span> <span class='ocrx_word' id='word_1_596' title='bbox 3013 5328 3158 5369; x_wconf 92' lang='lat' dir='ltr'>eum</span> <span class='ocrx_word' id='word_1_597' title='bbox 3249 5310 3440 5371; x_wconf 88' lang='lat' dir='ltr'>fuisse</span> <span class='ocrx_word' id='word_1_598' title='bbox 3498 5310 3665 5373; x_wconf 79' lang='lat' dir='ltr'>Sasi—</span> 
     </span>
    </p>
   </div>
   <div class='ocr_carea' id='block_1_53' title="bbox 241 5406 3663 5493">
    <p class='ocr_par' dir='ltr' id='par_1_53' title="bbox 241 5406 3663 5493">
     <span class='ocr_line' id='line_1_53' title="bbox 241 5406 3663 5493; baseline -0.003 -16"><span class='ocrx_word' id='word_1_599' title='bbox 241 5417 466 5479; x_wconf 87' lang='lat' dir='ltr'>mensis</span> <span class='ocrx_word' id='word_1_600' title='bbox 518 5413 823 5478; x_wconf 61' lang='lat' dir='ltr'>Ecclesia</span> <span class='ocrx_word' id='word_1_601' title='bbox 877 5411 1241 5493; x_wconf 72' lang='lat' dir='ltr'>prtesulem.</span> <span class='ocrx_word' id='word_1_602' title='bbox 1300 5411 1477 5474; x_wconf 85' lang='lat' dir='ltr'>Certe</span> <span class='ocrx_word' id='word_1_603' title='bbox 1528 5408 1822 5490; x_wconf 88' lang='lat' dir='ltr'>nuspiam</span> <span class='ocrx_word' id='word_1_604' title='bbox 1880 5406 2131 5488; x_wconf 89' lang='lat' dir='ltr'>scripsit</span> <span class='ocrx_word' id='word_1_605' title='bbox 2188 5407 2524 5486; x_wconf 90' lang='lat' dir='ltr'>Gregorius</span> <span class='ocrx_word' id='word_1_606' title='bbox 2578 5425 2641 5469; x_wconf 91' lang='lat' dir='ltr'>se</span> <span class='ocrx_word' id='word_1_607' title='bbox 2700 5406 2891 5487; x_wconf 86' lang='lat' dir='ltr'>hujus</span> <span class='ocrx_word' id='word_1_608' title='bbox 2945 5406 3238 5470; x_wconf 66' lang='lat' dir='ltr'>Ecclesiae</span> <span class='ocrx_word' id='word_1_609' title='bbox 3297 5408 3663 5489; x_wconf 89' lang='lat' dir='ltr'>episcopum</span> 
     </span>
    </p>
   </div>
   <div class='ocr_carea' id='block_1_54' title="bbox 241 5502 3665 5599">
    <p class='ocr_par' dir='ltr' id='par_1_54' title="bbox 241 5502 3665 5599">
     <span class='ocr_line' id='line_1_54' title="bbox 241 5502 3665 5599; baseline -0.002 -19"><span class='ocrx_word' id='word_1_610' title='bbox 241 5515 668 5580; x_wconf 79' lang='lat' dir='ltr'>renuntiatum</span> <span class='ocrx_word' id='word_1_611' title='bbox 725 5510 944 5588; x_wconf 72' lang='grc' dir='ltr'>ῐηίειο,</span> <span class='ocrx_word' id='word_1_612' title='bbox 999 5514 1071 5577; x_wconf 86' lang='lat' dir='ltr'>ut</span> <span class='ocrx_word' id='word_1_613' title='bbox 1124 5510 1261 5596; x_wconf 86' lang='lat' dir='ltr'>ipse</span> <span class='ocrx_word' id='word_1_614' title='bbox 1316 5508 1619 5599; x_wconf 82' lang='lat' dir='ltr'>loquitur.</span> <span class='ocrx_word' id='word_1_615' title='bbox 1652 5502 2018 5590; x_wconf 68' lang='grc' dir='ltr'>κηρυχθέντα,</span> <span class='ocrx_word' id='word_1_616' title='bbox 2068 5504 2189 5574; x_wconf 86' lang='lat' dir='ltr'>hoc</span> <span class='ocrx_word' id='word_1_617' title='bbox 2247 5510 2362 5587; x_wconf 78' lang='lat' dir='ltr'>est,</span> <span class='ocrx_word' id='word_1_618' title='bbox 2423 5503 2554 5574; x_wconf 88' lang='lat' dir='ltr'>ullo</span> <span class='ocrx_word' id='word_1_619' title='bbox 2622 5503 2926 5599; x_wconf 69' lang='lat' dir='ltr'>praeconii</span> <span class='ocrx_word' id='word_1_620' title='bbox 2993 5523 3221 5596; x_wconf 80' lang='lat' dir='ltr'>genere</span> <span class='ocrx_word' id='word_1_621' title='bbox 3268 5505 3665 5574; x_wconf 83' lang='lat' dir='ltr'>declaratum</span> 
     </span>
    </p>
   </div>
   <div class='ocr_carea' id='block_1_55' title="bbox 312 5700 759 5791">
    <p class='ocr_par' dir='ltr' id='par_1_55' title="bbox 312 5700 759 5791">
     <span class='ocr_line' id='line_1_55' title="bbox 312 5700 759 5791; baseline 0 -28"><span class='ocrx_word' id='word_1_622' title='bbox 312 5703 389 5791; x_wconf 78' lang='grc' dir='ltr'>(α)</span> <span class='ocrx_word' id='word_1_623' title='bbox 417 5702 525 5784; x_wconf 82' lang='lat' dir='ltr'>Ep.</span> <span class='ocrx_word' id='word_1_624' title='bbox 546 5700 627 5764; x_wconf 81' lang='lat' dir='ltr'>al.</span> <span class='ocrx_word' id='word_1_625' title='bbox 663 5701 759 5763; x_wconf 70' lang='lat'>42.</span> 
     </span>
    </p>
   </div>
  </div>
