4052 6276
384 424 460 489 6‘1
1386 412 1806 482 Pll/EFATIO
1855 412 2319 480 GENERALIS.
2353 455 2425 464 —
2460 420 2547 481 PA
2568 419 2660 481 RS
2707 414 2783 481 ll.
3721 412 3803 479 68

384 564 792 643 Designatum
852 558 1129 640 quidem,
1191 556 1609 638 propositum,
1669 554 2118 633 inauguratum
2185 554 2369 616 etiam
2430 555 2623 635 hujus
2708 554 3005 617 Ecclesia
3090 554 3453 635 episcopum
3515 573 3579 616 se
3638 555 3802 615 fate-

384 668 489 724 tur
543 663 608 722 in
663 654 967 722 oratione
1007 675 1175 717 nona
1232 654 1691 731 undecimaque
1748 652 1982 731 passim
2043 657 2105 712 et
2157 653 2223 713 in
2280 654 2548 732 epistola
2604 654 2685 714 al.
2735 656 2836 715 44.
2903 676 2933 713 α
2986 656 3125 715 Non
3191 652 3503 727 Nazianzi,
3564 652 3800 730 inquit,

388 761 497 822 sed
541 760 925 821 Sasimorum
979 752 1354 835 (episcOpus)
1408 750 1804 828 designati,»
1864 768 1973 810 seu
2032 751 2250 826 mavis,
2312 776 2341 806 «
2400 751 2704 832 propositi
2753 770 3006 813 sumus:
3048 777 3075 808 »
3111 748 3363 821 Σασίμων
3400 745 3457 801 δὲ
3512 742 3803 821 προεϐλή-

389 856 685 929 θημεν-Ιά
715 856 881 916 enim
914 854 1035 914 hoc
1065 851 1326 912 verbum
1384 869 1457 910 eo
1514 848 1635 908 loci
1694 853 1897 920 sonat,
1958 866 2143 907 sensu
2201 849 2429 928 sapius
2487 868 2525 910 a
2584 868 2734 911 voce
2792 873 2819 905 ι
2881 850 3210 929 pradicari
3267 855 3329 910 et
3384 848 3795 909 renuntiari»

387 958 673 1028 diverso;
736 954 905 1031 quod
966 950 1062 1011 vel
1118 969 1195 1009 ex
1243 950 1589 1009 Sozomeno
1638 952 1835 1024 patet,
1867 944 2031 1006 Hist.
2063 945 2173 1006 lib.
2207 966 2268 1023 v,
2319 965 2456 1028 cap.
2492 948 2552 1007 8.
2601 955 2662 1008 et
2708 951 2966 1010 Socrate
3017 947 3127 1007 lib.
3161 967 3222 1020 v,
3263 964 3316 1007 c.
3377 946 3437 1020 8,
3496 963 3612 1007 nec
3670 964 3800 1005 non

389 1064 455 1118 et
482 1061 644 1135 Cyro
673 1054 1011 1123 Prodomo,
1047 1050 1112 1109 in
1145 1047 1327 1108 titulo
1358 1047 1885 1126 epigrammatum
1919 1064 2175 1106 suorum
2208 1046 2272 1106 in
2302 1047 2466 1108 hanc
2499 1048 2958 1109 ordinationem
2992 1047 3311 1126 Gregorii:

1092 1160 1184 1222 Εἰς
1218 1157 1515 1234 Γρηγόριον
1540 1152 1988 1233 προϐαλλόμενον
2018 1158 2093 1219 εἷς
2124 1157 2356 1232 Σάσιμα.

383 1291 689 1363 Atneque
734 1282 856 1353 hic,
916 1298 1122 1357 neque
1168 1295 1436 1356 usquam
1487 1277 1637 1336 alibi
1694 1278 2057 1355 episcOpum
2116 1278 2535 1340 Sasimensem
2592 1281 3021 1343 renuntiatum
3083 1298 3149 1341 se
3208 1278 3543 1357 Gregorius
3596 1278 3800 1354 dixit;

382 1386 513 1447 imo
569 1379 919 1444 attendenti
977 1384 1147 1437 certo
1199 1394 1459 1453 negasse
1513 1374 1779 1435 videtur.
1842 1374 2385 1447 Quemadmodum
2445 1378 2611 1438 enim
2669 1379 2958 1439 Nazianzi
2992 1401 3023 1433 «
3080 1377 3500 1454 designatum,
3551 1401 3582 1432 »
3647 1396 3801 1455 pro-

381 1485 735 1564 positumve
791 1478 1158 1558 episc0pum
1216 1474 1319 1533 hic
1377 1491 1441 1533 se
1471 1478 1679 1549 negat.
1741 1491 1814 1533 ac
1874 1474 2259 1534 Sasimorum
2318 1476 2550 1536 fatetur
2602 1494 2617 1550 ;
2678 1478 2765 1536 sic
2822 1476 2929 1538 ille
2986 1476 3291 1537 Nazianzo
3349 1494 3415 1536 se
3471 1476 3799 1536 renuntia-

380 1590 519 1643 tum
550 1577 817 1659 epistola
866 1575 949 1634 al.
974 1574 1090 1633 225
1158 1572 1414 1643 fatetur,
1474 1589 1547 1630 ac
1602 1572 1680 1629 de
1736 1570 1998 1631 Sasimis
2050 1579 2261 1650 negat,
2322 1592 2590 1651 quorum
2652 1597 2681 1628 «
2745 1574 3138 1653 designatum
3198 1574 3722 1652 propositumque
3761 1596 3793 1628 »

372 1680 747 1759 episcopum
806 1672 994 1732 fuisse
1046 1686 1179 1729 sese
1236 1674 1648 1729 concesserat.
1716 1691 1746 1722 «
1805 1672 1936 1745 Ego
1993 1678 2180 1739 certe,
2215 1669 2424 1748 inquit
2459 1717 2472 1739 ,
2524 1672 2575 1731 si
2632 1690 2896 1750 corpore
2951 1671 3205 1749 quidem
3252 1672 3371 1753 .ita
3443 1688 3541 1730 me
3598 1670 3798 1732 habe-

326 1804 331 1807 -
384 1796 516 1839 rem
553 1825 566 1849 ,
628 1782 700 1834 ut
753 1770 1031 1832 ecclesia
1088 1784 1331 1846 possem
1393 1767 1801 1825 Nazianzena
1857 1785 2171 1843 praeesse,
2233 1768 2411 1845 cujus
2468 1768 2547 1828 ab
2605 1769 2783 1829 initio
2842 1769 3073 1848 prasul
3133 1786 3272 1828 sum
3347 1769 3744 1829 renuntiatus
3779 1816 3794 1843 ,

382 1875 589 1934 minus
643 1876 853 1931 autem
913 1865 1324 1935 Sasimorum,
1382 1868 1453 1922 ut
1507 1861 1682 1920 vobis
1755 1861 1927 1921 haud
2007 1870 2175 1923 recte
2245 1863 2535 1924 nonnulli
2617 1867 2903 1925 suadent.
2970 1888 2998 1919 »
3060 1866 3206 1924 Hac
3287 1870 3433 1924 sunt
3513 1865 3802 1943 Gregorii

380 1971 595 2042 verba,
631 1985 771 2046 qua
804 1982 928 2024 non
960 1962 1118 2021 bene
1151 1966 1326 2019 vetus
1354 1960 1664 2036 interpres
1692 1959 1985 2019 reddidit.

459 2073 654 2130 Porro
712 2064 868 2125 nihil
926 2063 1123 2133 obest,
1159 2061 1286 2119 imo
1332 2059 1674 2137 plurimum
1724 2057 1929 2134 juvat,
1984 2058 2513 2120 renuntiationem
2570 2061 2746 2122 illam
2808 2085 2837 2118 «
2896 2062 2975 2122 ab
3035 2061 3237 2136 initio,
3267 2080 3376 2121 seu
3433 2062 3703 2141 primam
3760 2081 3803 2124 a

382 2167 682 2246 Gregorio
736 2161 973 2232 vocari,
1035 2177 1180 2219 cum
1239 2158 1666 2228 Sasimorum,
1724 2155 1805 2216 ob
1866 2174 2008 2234 qua
2067 2156 2338 2234 primum
2401 2158 2480 2218 ad
2552 2160 2982 2237 episcopatum
3060 2166 3439 2237 assumptus,
3501 2159 3799 2237 designa-

376 2273 480 2327 tus
538 2268 683 2324 ante
735 2260 954 2319 fuisset
1012 2274 1203 2335 quam
1266 2254 1573 2314 Nazianzo
1630 2254 2024 2313 renuntiatus
2075 2270 2089 2311 :
2155 2254 2355 2315 multo
2414 2255 2579 2316 obsit
2638 2256 2845 2316 minus
2909 2256 2985 2316 de
3061 2255 3528 2317 renuntiatione
3605 2256 3804 2318 tacita

375 2370 622 2427 tantum
681 2366 792 2419 aut
847 2375 972 2416 non
1032 2354 1286 2434 publica
1336 2370 1351 2423 ;
1414 2353 1477 2411 id
1533 2370 1571 2411 a
1629 2350 1926 2427 Gregorio
1991 2350 2131 2411 aliis
2184 2352 2250 2410 in
2318 2352 2473 2412 locis
2555 2354 2963 2433 explicatum.
3015 2355 3176 2426 Quin
3255 2354 3404 2415 inde
3481 2355 3745 2432 colligas
3781 2407 3797 2432 ,

377 2462 553 2522 nullo
610 2455 890 2528 Sasimis,
952 2470 1067 2531 nec
1127 2450 1298 2511 taciti
1353 2449 1631 2527 quidem,
1690 2449 1923 2507 nedum
1978 2448 2274 2508 solemnis
2328 2468 2557 2527 genere
2631 2453 2931 2530 praconii
3003 2454 3434 2512 renuntiatum
3484 2470 3497 2510 ε
3559 2454 3800 2531 quippe

377 2563 455 2620 de
484 2554 791 2618 Nazianzo
822 2548 1111 2612 concedit
1142 2546 1499 2626 Gregorius,
1533 2545 1610 2606 de
1658 2544 1916 2605 Sasimis
1970 2564 2261 2625 expresse
2318 2553 2508 2625 negat
2559 2565 2575 2621 ;
2634 2548 2712 2609 de
2767 2548 2890 2608 illis
2946 2548 3216 2609 vicissim
3274 2547 3446 2627 quod
3492 2548 3790 2621 affirmat,

376 2660 569 2733 negat
596 2654 674 2713 de
704 2650 1037 2710 Nazianzo.

458 2756 653 2813 Erant
709 2748 925 2825 itaque
983 2742 1211 2803 diversi
1267 2741 1511 2820 generis
1567 2740 2064 2801 renuntiationes
2122 2741 2585 2821 episcoporum,
2618 2743 2887 2822 publica
2940 2748 3003 2804 et
3057 2743 3374 2804 canonica
3432 2743 3596 2815 alia;
3650 2743 3794 2804 alia

375 2869 502 2912 non
532 2850 644 2908 ita.
676 2846 949 2922 Vulgata
978 2860 1075 2901 res
1106 2847 1217 2912 est,
1257 2840 1528 2899 maxime
1582 2838 1647 2897 in
1704 2837 1975 2909 Oriente,

2189 2838 2299 2897 ηιιί
2351 2839 2543 2899 totius
2599 2841 2935 2918 suffragiis,
2980 2864 3009 2896 ››
3041 2840 3210 2913 ψήφῳ
3239 2842 3336 2892 τοῦ
3393 2839 3530 2893 λαοῦ
3561 2837 3789 2910 παντὸς,

371 2956 523 3009 tunc
578 2942 877 3022 temporis
935 2941 1165 2999 electos
1218 2955 1349 2997 esse
1406 2937 1756 3015 episcopos,
1794 2935 1882 2994 uti
1939 2936 2015 2994 de
2072 2934 2416 2995 Athanasio
2473 2937 2691 2996 scribit
2744 2938 3078 3013 Gregorius
3136 2937 3258 3017 (a);
3313 2937 3410 2996 vel
3470 2944 3543 2997 ut
3596 2936 3795 2998 habet

373 3043 706 3107 concilium
756 3037 1291 3107 Glialcedonense,
1328 3034 1576 3093 actione
1634 3040 1730 3103 16,
1795 3055 1825 3087 «
1885 3032 2344 3110 pascendorum
2403 3033 2685 3092 omnium
2744 3034 3024 3093 calculis.
3086 3057 3116 3088 »
3187 3033 3487 3111 Exempla
3542 3034 3795 3112 longius

373 3142 646 3222 petenda
702 3156 826 3197 non
883 3141 1029 3194 sunt
1079 3150 1093 3193 :
1160 3133 1488 3192 Nectarius
1543 3132 1608 3190 in
1665 3132 1808 3189 sede
1866 3130 2563 3207 Constantinopolitana
2616 3131 2916 3207 Gregorio
2974 3130 3352 3207 subrogatus
3392 3135 3504 3203 est,
3555 3149 3794 3191 «com-

382 3240 694 3309 munibus,
762 3259 790 3290 »
850 3232 1057 3311 inquit
1111 3232 1496 3291 Sozomenus
1548 3228 1650 3307 (b),
1717 3250 1747 3283 «
1804 3227 2027 3306 synodi
2085 3228 2399 3304 suffragiis
2445 3247 2461 3300 ;
2521 3250 2549 3285 υ
2626 3228 2870 3306 ipsique
2944 3227 3623 3305 Constantinopolitani
3681 3231 3796 3289 Pa-

379 3334 607 3414 tres(c)
666 3332 807 3393 «ad
861 3331 1188 3408 episc0pos
1247 3330 1461 3387 Roma
1532 3333 2022 3403 congregatos»
2094 3325 2385 3384 eumdem
2440 3343 2477 3383 a
2533 3342 2598 3383 se
2657 3324 2937 3384 scribunt
2994 3325 3353 3384 ordinatum
3419 3348 3448 3380 «
3514 3326 3797 3386 universi

381 3435 527 3495 cleri
588 3432 902 3507 totiusque
932 3427 1245 3503 suffragiis
1294 3424 1581 3496 civitatis,
1618 3446 1647 3478 »
1702 3418 1901 3481 παντός
1952 3439 1981 3471 τ

2213 3417 2448 3494 κλήρου,
2503 3419 2593 3473 καὶ
2650 3420 2829 3489 πάσης
2882 3419 3351 3496 ἐπιψηφιζομὲνης
3392 3427 3491 3489 τῆς
3551 3418 3791 3483 πόλεως.

379 3536 649 3609 Moxque
681 3530 759 3587 de
812 3526 1114 3587 Flaviano
1170 3522 1599 3582 Antiocheno:
1643 3544 1671 3575 «
1730 3519 2063 3589 Ganonice,
2098 3541 2128 3575 »
2188 3522 2309 3595 vel,
2347 3544 2377 3576 «
2410 3521 2501 3580 uti
2559 3539 2831 3581 canones
2880 3521 3131 3599 jubent,
3166 3526 3300 3580 tota
3353 3519 3463 3580 illa
3510 3520 3795 3582 Ecclesia

376 3630 760 3706 sz-ﬂragante
797 3672 811 3698 ,
879 3624 1253 3684 ordinarunt
1336 3619 1611 3698 episcopi
1696 3618 1863 3677 illius
1908 3616 2283 3703 ‘provincia
2362 3625 2423 3678 et
2503 3619 2844 3679 diaceseos
2927 3618 3305 3679 Orientalis.
3368 3641 3398 3674 »
3457 3613 3520 3669 O't
3577 3636 3633 3670 τε
3688 3623 3793 3686 τῆς

376 3724 643 3799 ἐκείρλςίας
706 3721 795 3775 καὶ
850 3726 949 3787 τῆς
1011 3714 1339 3783 ἀνατολικῆς
1399 3711 1813 3783 Simulacrum...
1860 3717 2154 3774 κανονικῶς
2209 3712 2621 3789 ἐχειροτόνησαν
2681 3712 2857 3782 πάσης
2913 3715 3209 3791 συμψήφου
3273 3720 3373 3782 τῆς
3442 3712 3789 3783 Ἐκκλησίας.

372 3820 440 3879 In
500 3816 763 3876 concilio
821 3812 1111 3873 Chalced.
1173 3814 1297 3868 act.
1356 3810 1453 3876 11,
1518 3804 1875 3883 Stephanus
1904 3804 2253 3883 Ephesinus
2311 3824 2374 3864 se
2432 3806 2731 3865 canonice
2786 3805 3053 3865 electum
3106 3804 3351 3884 probat,
3400 3805 3497 3863 his
3553 3803 3787 3864 verbis.

372 3917 544 3994 quia,
612 3935 641 3971 α
701 3917 759 3971 (ι
817 3908 1110 3988 populus,
1162 3905 1413 3983 inquit,
1475 3912 1539 3962 et
1593 3902 1841 3973 clerus,
1905 3908 1967 3962 et
2023 3903 2349 3981 episcopi,
2415 3927 2441 3958 ι
2504 3904 2869 3981 episcopum
2931 3922 3027 3962 me
3077 3902 3557 3961 constituerunt.
3615 3903 3789 3961 ldem

371 4013 729 4082 concilium,
766 4015 884 4067 :ttt.
923 4007 1019 4076 16,
1046 4023 1170 4063 non
1202 4004 1358 4061 alios
1414 4001 1698 4079 agnoscit
1756 4002 2105 4079 episcopos,
2166 4006 2395 4078 prater
2448 4018 2574 4073 eos,
2644 4022 2674 4058 α
2731 4000 2840 4078 qui
2896 4001 3143 4059 decreto
3192 4000 3356 4059 facto
3431 4018 3466 4058 a
3546 3998 3791 4058 clericis

376 4108 865 4185 uniuscujusque
924 4102 1287 4179 metrOpolis
1340 4106 1403 4159 et
1458 4100 1919 4177 possessoribus
1954 4143 1969 4170 ,
2027 4095 2331 4170 κτητόρων,
2392 4104 2455 4157 et
2512 4097 2874 4156 clarissimis
2932 4097 3077 4156 viris
3111 4143 3125 4171 ,
3186 4115 3375 4174 super
3425 4097 3565 4156 hac
3621 4104 3683 4155 et
3754 4114 3797 4155 a

372 4203 904 4268 reverendissimis
952 4199 1261 4277 episcopis
1342 4195 1681 4274 provincia
1765 4194 2057 4254 omnibus
2153 4201 2264 4254 aut
2346 4194 2707 4272 pluribus»
2797 4192 3066 4253 instituti
3152 4199 3317 4253 sunt.
3381 4194 3447 4254 S.
3505 4192 3792 4253 Athana-

303 4308 308 4314 ’
371 4306 498 4365 sius
558 4302 642 4382 (d)
698 4299 1067 4376 Gregorium
1136 4301 1324 4372 negat
1402 4312 1535 4353 esse
1612 4294 1975 4371 episcopum
2044 4292 2570 4363 Alexandrinum,
2633 4291 2782 4370 quia
2842 4315 2869 4345 «
2934 4309 3135 4369 neque
3224 4291 3389 4369 plebi
3473 4290 3791 4368 cognitus,

370 4415 575 4476 neque
628 4399 1050 4475 postulatusa
1105 4390 1484 4469 presbyteris
1538 4390 1764 4446 fuerat.
1832 4411 1859 4442 ι
1918 4386 2301 4446 Manifestius
2363 4386 2440 4446 de
2488 4387 2681 4447 Lucio
2738 4384 3170 4445 'l‘heodoretus
3226 4386 3313 4445 ait
3365 4383 3492 4463 (e):
3559 4408 3590 4440 «
3650 4386 3790 4445 Non

368 4498 431 4556 in
491 4493 990 4556 orthodoxormn
1049 4488 1491 4567 episcoporum
1549 4485 1815 4563 synodo,
1868 4503 1996 4543 non
2056 4483 2356 4560 suffragio
2427 4482 2852 4560 legitimorum
2911 4483 3307 4555 clericorum,
3368 4500 3494 4541 non
3565 4486 3788 4561 postu-

368 4595 603 4655 latione
636 4590 857 4670 plebis,
890 4596 961 4647 ut
988 4585 1277 4647 Ecclesia
1306 4586 1476 4661 leges
1506 4583 1904 4661 pracipiunt,
1938 4581 2266 4641 ordinatus
2299 4587 2411 4652 est,
2445 4604 2476 4636 »

448 4696 626 4752 Nunc
684 4706 832 4750 vero
891 4687 967 4746 de
1016 4682 1467 4745 constituendis
1523 4679 1913 4757 erigendisvc
1972 4680 2150 4739 novis
2209 4676 2695 4756 episcopalibus,
2762 4677 2954 4737 veluti
3032 4677 3397 4749 Sasimensi,
3459 4677 3538 4736 ad
3601 4694 3791 4754 quem

367 4790 762 4870 potissimum
821 4784 1101 4845 collimat
1157 4781 1294 4841 hac
1350 4778 1573 4852 oratio,
1639 4778 1791 4856 quid
1863 4780 2077 4837 Patres
2153 4776 2511 4836 detinierint
2570 4781 2635 4834 ut
2718 4779 2985 4848 constet,
3034 4793 3178 4834 ecce
3250 4774 3500 4834 concilii
3584 4773 3797 4834 Sardi-

368 4889 567 4951 censis
627 4903 830 4946 canon
888 4888 1139 4943 sextus:
1177 4903 1205 4935 α
1268 4877 1609 4939 Provincia
1668 4874 1947 4955 episcopi
2002 4875 2232 4935 debent
2278 4874 2342 4933 in
2397 4874 2471 4932 iis
2530 4872 2792 4932 urbibus
2847 4874 3175 4951 episcopos
3232 4872 3633 4944 constituere,
3685 4870 3799 4931 ubi

364 4992 551 5051 etiam
610 4988 783 5067 prius
844 4982 1121 5063 episcopi
1161 4983 1433 5039 fuerunt.
1483 4978 1546 5038 Si
1605 4985 1812 5037 autem
1880 4975 2026 5035 urbs
2081 4975 2162 5034 ali
2191 4993 2294 5051 [ua
2347 4972 2702 5032 inveniatur
2761 4978 2886 5032 tam
2947 4973 3277 5051 populosa,
3314 4978 3381 5031 ut
3438 4972 3586 5048 ipsa
3653 4970 3792 5049 epi-

366 5092 628 5167 scopatu
679 5086 870 5162 digna
919 5082 1264 5160 judicetur,
1325 5076 1614 5155 accipiat,
1666 5100 1696 5130 ››
1758 5075 1979 5133 iisdem
2042 5078 2319 5151 prol'ecto
2375 5071 2641 5148 legibus,
2698 5079 2760 5130 et
2814 5090 2851 5130 a
2899 5070 3237 5149 provincia
3296 5067 3794 5147 suifragantibus

362 5164 672 5267 episcopis
725 5204 740 5257 ;
805 5184 973 5260 quod
1022 5179 1120 5238 vel
1175 5177 1454 5237 conciliis
1500 5173 1849 5235 definitum.
1916 5174 1981 5233 ln
2042 5168 2518 5247 Carthaginensi
2571 5168 2871 5241 secundo,
2931 5187 3069 5228 can.
3132 5168 3192 5239 5,
3252 5166 3328 5226 de
3386 5167 3562 5226 novis
3620 5164 3791 5225 sedi-

364 5262 481 5348 bus
537 5262 851 5362 erigendis
906 5277 1355 5358 prascribitur,
1417 5281 1487 5334 ut
1549 5295 1578 5330 α
1636 5273 1910 5353 pepulus
1966 5269 2077 5329 Dei
2133 5267 2591 5346 multiplicatus
2643 5266 2760 5340 sit;
2803 5288 2833 5322 ι)
2898 5265 3123 5326 deinde
3186 5288 3217 5320 «
3274 5271 3341 5324 ut
3399 5262 3794 5323 desiderave-

366 5388 465 5460 rit,
520 5407 550 5441 »
614 5361 723 5442 seu
782 5378 1196 5460 postulaverit
1252 5375 1659 5454 episcOpum;
1696 5378 1830 5432 tum
1891 5376 1961 5430 ut
2017 5369 2127 5429 fiat
2160 5391 2188 5423 «
2223 5384 2367 5428 cum
2422 5364 2559 5443 ejus
2602 5364 2928 5425 voluntate
2980 5363 3046 5423 in
3094 5361 3273 5443 cujus
3332 5367 3642 5441 potestate
3696 5364 3793 5422 est

434 5610 514 5684 (a)
546 5609 816 5684 Orat.721,
841 5624 897 5679 p.
931 5606 1055 5684 399.

955 5606 1055 5684 ‘99-
2210 5589 2288 5684 id.)
2318 5588 2555 5684 ἦρξ’Ὴέ

536 5660 1071 5755 Iii:ii’1i1~'xi.'c.7._
1168 5747 1200 5755 Α
1366 5748 1375 5755 ⁸
1443 5744 1488 5755 η
1548 5746 1581 5755 ﬂ
1825 5739 1928 5755 ΜΛ
2209 5660 2282 5738 (ρ)
2314 5660 2448 5719 Hist.
2480 5660 2582 5718 lib.
2615 5676 2765 5733 1v,c.
2798 5661 2887 5717 22.

438 5690 487 5755 ((3
536 5690 675 5737 Hist.
710 5690 748 5737 ι.
784 5698 878 5743 νιι,
908 5696 959 5733 c.
992 5690 1047 5733 7.

438 5690 507 5839 (ei
529 5758 701 5813 Cone.
733 5758 927 5812 Const.
962 5766 1003 5825 ι,
1032 5749 1133 5824 Ep,
1166 5747 1330 5823 εγω,
1360 5748 1405 5801 t.
1441 5744 1508 5801 Il.
1540 5746 1701 5802 Cone.
1736 5758 1789 5816 ρ.
1824 5739 1950 5800 966.
