4052 6276
234 380 302 439 Ἠ
1255 381 1664 440 l‘lt/EFA'TIO
1715 381 2171 440 GENEHAHS.
2218 415 2285 422 —
2321 374 2518 438 PARS
2568 377 2613 437 ll
3570 379 3650 438 79.

237 515 336 573 his
378 513 566 572 etiam
600 501 859 590 positis:
894 517 1132 590 quanto
1164 511 1363 591 magis
1394 512 1445 572 si
1475 511 1633 573 falsa
1662 513 1804 587 sint,
1841 510 2132 572 ordinato
2164 511 2227 572 in
2259 510 2394 590 ejus
2434 509 2642 572 locum
2719 510 3106 590 suﬁ‘ectoque
3165 509 3483 590 episcopo,
3549 511 3650 572 vel

237 630 400 674 novo
433 615 596 671 certe
629 609 991 688 episcopatu
1025 611 1327 670 exstincto
1354 611 1382 668 ?

317 710 574 770 Constat
629 707 796 766 enim
867 706 1103 785 alioqui
1154 727 1294 767 cum
1353 708 1650 769 Anthimo
1706 709 2001 768 Basilium
2086 709 2151 767 in
2228 708 2626 769 concordiam
2702 714 2921 787 postea
3003 707 3281 767 rediisse.
3345 709 3420 766 Et
3488 726 3641 785 qua,

237 825 472 887 quaso,
521 803 901 878 conditione,
935 812 1157 883 pacato
1216 806 1498 865 Anthimi
1568 807 1754 879 bello,
1805 806 2137 884 Gregorius
2207 825 2319 884 per
2389 806 2620 866 bellum
2691 806 2858 866 istud
2929 825 3005 864 ex
3073 804 3448 865 Antiocheni
3499 824 3646 866 con-

235 904 360 967 cilii
390 921 630 964 canone
665 904 737 962 18
768 902 1092 980 hucusque
1136 904 1312 976 liber,
1349 905 1506 964 liber
1535 923 1665 965 esse
1698 905 2140 983 perseveravit,
2174 905 2362 982 idque
2395 904 2605 984 palam
2651 922 2724 964 ac
2789 925 2817 960 ‹‹
2877 903 3230 974 manifesto,
3289 927 3318 956 »
3385 902 3504 961 nisi
3555 905 3646 962 al-

232 1008 472 1064 terutra
500 1019 576 1061 ex
609 1000 702 1059 his
731 1000 1193 1060 conditionibus
1223 1007 1519 1080 accepta;
1555 1002 1653 1061 vel
1687 1007 1755 1061 ut
1784 1001 2086 1075 Anthimi,
2148 1001 2326 1079 cujus
2383 1001 2723 1080 provincia
2783 1001 3027 1061 Sasima
3085 1001 3412 1074 cedebant,
3469 1002 3646 1061 ordi-

230 1101 404 1161 natio
434 1099 690 1172 valeret,
724 1097 821 1158 vel
854 1117 1002 1158 sane
1027 1099 1202 1159 locus
1258 1099 1554 1178 episcopo
1615 1101 1905 1159 careret?
1965 1099 2216 1176 Alioqui
2275 1097 2326 1156 si
2379 1097 2517 1176 ejus
2575 1098 2696 1158 loci
2751 1097 3144 1158 renuntiatus
3202 1104 3333 1158 erat
3393 1098 3644 1176 episco-

229 1217 370 1278 pus,
405 1197 576 1276 quod
606 1196 987 1274 objiciebant
1018 1196 1382 1268 adversarii,
1415 1197 1547 1274 jam
1579 1215 1692 1257 nec
1723 1196 1985 1257 occultis
2017 1215 2130 1256 nec
2164 1195 2429 1275 cognitis
2488 1196 2837 1256 rationibus
2892 1196 3070 1268 liber,
3133 1196 3240 1256 sed
3299 1202 3448 1256 tunc
3520 1198 3646 1257 Ec-

230 1295 433 1357 clesia
466 1293 803 1355 Sasimensi
837 1293 1163 1354 manifesto
1197 1295 1534 1372 Gregorius
1580 1295 1898 1372 illigatus;
1959 1294 2086 1354 imo
2145 1300 2205 1353 et
2273 1318 2303 1350 «
2360 1293 2802 1354 communione
2858 1293 3202 1373 privandus
3261 1319 3290 1349 »
3345 1313 3421 1354 ex
3477 1295 3647 1372 ejus-

229 1395 371 1453 dem
404 1391 775 1451 Antiocheni
805 1392 1052 1450 concilii
1081 1409 1320 1452 canone
1355 1395 1452 1462 17,
1489 1416 1515 1446 α
1553 1393 1603 1451 si
1633 1394 1710 1451 ad
1746 1392 2085 1451 Ecclesiam
2135 1391 2252 1451 sibi
2311 1391 2732 1458 commissam,
2792 1415 2823 1446 »
2882 1393 3138 1452 remotis
3188 1392 3322 1470 jam
3380 1393 3646 1471 impedi-

231 1490 477 1561 mentis,
521 1511 550 1546 α
578 1489 668 1547 ire
699 1505 825 1547 non
855 1488 1289 1566 acquievisset.
1326 1510 1354 1546 »
1392 1488 1573 1548 Liber
1604 1489 1816 1566 itaque
1848 1506 1886 1548 a
1931 1489 2191 1549 Sasimis
2250 1489 2582 1566 Gregorius
2654 1507 2727 1548 ac
2784 1488 3138 1548 liberrimus
3196 1508 3443 1568 semper
3496 1490 3638 1562 fuit,

228 1593 359 1647 tum
395 1591 563 1654 ante,
598 1590 730 1644 tum
763 1589 905 1662 post
935 1584 1162 1644 factam
1206 1603 1348 1644 cum
1409 1585 1709 1645 Anthimo
1766 1604 2021 1664 pacem;
2086 1586 2330 1646 etiamsi
2387 1586 2467 1646 ad
2520 1605 2657 1646 eam
2716 1587 3054 1647 Ecclesiam
3113 1587 3330 1646 fuisset
3390 1571 3641 1665 publice

228 1692 291 1745 et
320 1682 617 1743 canonice
647 1681 1065 1740 renuntiatus.
1103 1685 1400 1760 Superest
1428 1683 1618 1759 igitur
1650 1689 1718 1743 ut
1750 1684 1940 1744 tacita
1979 1689 2042 1744 et
2097 1683 2364 1758 occulta,
2424 1684 2474 1742 si
2529 1685 2652 1744 dici
2710 1684 2915 1755 liceat,
2978 1685 3462 1757 renuntiatione,
3521 1686 3640 1746 Sa-

227 1783 528 1842 simorum
562 1779 891 1857 episcopus
923 1780 1254 1857 Gregorius
1283 1780 1508 1840 fuerit:
1544 1799 1760 1840 verum
1796 1800 1874 1841 ne
1915 1781 1976 1840 id
2025 1782 2277 1859 quidem
2335 1781 2465 1841 ulla
2523 1782 2764 1842 ratione
2821 1782 3066 1841 defendi
3129 1788 3356 1860 potest.
3421 1785 3640 1861 Neque
3705 1816 3710 1820 τ

228 1879 394 1940 enim
429 1876 907 1938 conniventibus
938 1877 1035 1937 vel
1066 1877 1252 1938 tacite
1284 1878 1699 1956 probantibus
1729 1878 2062 1957 episcopis,
2096 1880 2286 1950 clero,
2322 1879 2591 1957 populis,
2627 1898 2766 1956 qua
2829 1879 3019 1938 tacita
3076 1879 3457 1939 renuntiatio
3519 1885 3633 1954 est,

231 1993 507 2054 unquam
545 1974 706 2033 hanc
739 1974 1076 2033 Ecclesiam
1110 1974 1579 2035 administrasse
1608 1975 1738 2035 ullo
1772 1976 1958 2036 modo
1989 1976 2112 2036 dici
2143 1981 2386 2054 potest;
2436 1994 2625 2054 quam
2684 1977 2843 2036 forte
2903 1994 3016 2035 nec
3074 1975 3268 2036 adivit
3326 1996 3636 2055 unquam,

227 2091 342 2132 nec
374 2091 411 2133 a
441 2072 654 2131 limine
685 2069 1000 2143 salutavit,
1036 2072 1098 2130 in
1133 2091 1258 2150 qua
1292 2091 1404 2133 nec
1436 2074 1615 2148 sedit,
1651 2091 1763 2132 nec
1794 2079 1863 2133 ut
1893 2074 2136 2134 sederet
2165 2073 2294 2133 ulla
2351 2074 2412 2132 vi
2469 2073 2608 2150 cogi
2668 2074 2877 2151 potuit
2932 2080 2993 2133 et
3053 2073 3300 2133 adduci.
3367 2098 3397 2129 «
3429 2078 3642 2135 Certa-

227 2189 370 2231 men
401 2170 541 2229 iniit
571 2174 768 2249 pater,
803 2193 832 2224 »
868 2170 1075 2247 inquit
1102 2171 1235 2247 ipse
1262 2170 1371 2250 (α),
1408 2195 1437 2227 ‹‹
1473 2177 1541 2230 ut
1564 2171 1628 2229 in
1659 2171 1997 2231 Sasimensi
2026 2172 2171 2231 sede
2204 2189 2300 2230 me
2332 2171 2709 2231 collocaret:
2770 2177 2839 2230 ut
2892 2177 3102 2231 autem
3164 2191 3290 2232 non
3349 2173 3565 2247 valuit,
3602 2195 3633 2228 ››

224 2275 344 2330 etc.
377 2267 574 2328 Paulo
605 2272 784 2345 post:
826 2288 854 2324 ‹‹
885 2267 1108 2326 Datam
1141 2287 1219 2326 ne
1253 2269 1581 2327 minimum
1615 2269 1866 2346 quidem
1905 2268 2238 2328 Ecclesiam
2273 2269 2492 2346 attigi;
2526 2269 2612 2328 ita
2642 2273 2711 2328 nt
2743 2287 2857 2327 nec
2887 2287 3083 2327 unum
3114 2268 3200 2327 ibi
3259 2269 3638 2331 saeiiﬁcium

225 2371 354 2428 Deo
385 2366 744 2438 obtulerim,
779 2365 878 2423 vel
907 2383 1123 2443 preces
1153 2384 1279 2426 una
1311 2384 1452 2426 cum
1485 2367 1720 2446 populo
1762 2366 2051 2441 fuderim,
2115 2385 2229 2427 nec
2283 2366 2652 2426 clericorum
2712 2365 2988 2444 cuipiam
3045 2384 3265 2426 manus
3323 2367 3643 2446 imposue-

220 2463 364 2525 rim.
402 2486 432 2520 ι

300 2565 393 2624 Ex
423 2561 522 2621 his
553 2567 685 2620 tum
717 2558 916 2634 factis,
954 2566 1088 2620 tum
1133 2560 1315 2621 dictis
1371 2560 1587 2638 liquet,
1625 2561 1766 2640 quis
1821 2561 1886 2620 in
1945 2561 2243 2640 Gregorio
2306 2585 2336 2618 «
2397 2562 2880 2622 renuntiationis
2938 2568 3000 2622 et
3053 2563 3570 2641 proclamationis
3603 2586 3630 2621 υ

218 2678 436 2720 sensus
489 2675 502 2717 :
563 2656 669 2716 ille
722 2656 1040 2729 nimirum,
1104 2658 1214 2734 qui
1272 2657 1584 2735 hodieque
1649 2659 1819 2718 inita
1899 2659 2332 2737 possessionis,
2393 2666 2450 2719 et
2512 2666 2582 2720 ut
2637 2665 2883 2732 vocant,
2947 2660 3234 2720 beneﬁcii
3283 2661 3635 2739 cujuspiam

217 2756 708 2828 «investitura;
745 2777 775 2808 »
837 2772 940 2814 seu
1002 2754 1189 2815 fuerit
1243 2755 1351 2814 illa
1389 2755 1658 2829 «tacita,
1696 2777 1724 2812 »
1789 2774 1930 2816 cum
1988 2757 2174 2816 alicui
2232 2757 2443 2817 sedem
2502 2757 2845 2830 invadenti,
2900 2764 3009 2817 aut
3064 2776 3282 2817 eorum
3340 2759 3418 2817 ad
3480 2777 3639 2836 quos

208 2854 572 2916 conferendi
610 2851 896 2913 beneﬁcii
954 2871 1078 2912 non
1125 2853 1378 2913 omnine
1426 2851 1531 2929 jus
1582 2854 1855 2931 pertinet
1913 2854 2222 2931 precibus,
2269 2855 2367 2914 vel
2421 2855 2610 2915 etiam
2670 2854 2728 2913 vi
2787 2856 3057 2933 quadam
3118 2855 3461 2914 Ecclesiam
3521 2856 3636 2914 ad-

211 2952 593 3013 ministranti
648 2951 1002 3021 connivent,
1064 2951 1377 3028 silentque
1429 2952 1559 3009 veri
1619 2951 1871 3028 patroni
1956 2969 2028 3011 ac
2087 2952 2347 3029 legitimi
2434 2952 2768 3011 collatores
2852 2951 3197 3021 beneﬁcii;
3259 2970 3366 3011 seu
3444 2952 3638 3012 fuerit

217 3073 245 3108 α
300 3048 682 3110 renuntiatio
743 3071 769 3102 ν)
836 3047 915 3106 ad
961 3047 1124 3125 juris
1181 3048 1388 3125 apices
1447 3048 1840 3125 formamque
1899 3049 2141 3126 legibus
2214 3049 2540 3114 sancitam.
2602 3048 2777 3107 lectis
2857 3056 2918 3108 et
2993 3049 3292 3127 expositis
3351 3049 3628 3126 patroni,

209 3148 449 3226 regisve
511 3144 919 3224 «diplomate
978 3166 1008 3198 »
1073 3145 1468 3213 conferentis,
1533 3163 1662 3217 seu,
1719 3152 1787 3205 ut
1842 3152 2091 3216 vocant,
2156 3147 2640 3225 provisionibus,
2673 3152 2735 3204 et
2797 3168 2824 3202 «
2885 3145 3079 3216 bulla,
3138 3169 3167 3200 »
3230 3147 3280 3205 si
3337 3165 3463 3224 qua
3526 3147 3626 3216 sit,

182 3234 414 3326 papa,
443 3248 552 3304 aut
587 3267 617 3299 «
648 3243 813 3315 viaa,
847 3265 876 3296 »
915 3246 1103 3319 atque
1135 3248 1642 3321 apaomovente,
1676 3243 1739 3301 in
1797 3245 1942 3303 sede
2004 3250 2074 3303 ut
2129 3245 2470 3321 plurimum
2530 3263 2602 3303 eo
2661 3243 2767 3321 qui
2828 3249 3233 3320 promovetur
3292 3244 3630 3316 collocato,

209 3343 477 3421 aliisque
508 3341 586 3400 de
644 3357 818 3400 more
873 3339 1168 3418 peractis,
1212 3339 1440 3417 quibus
1498 3339 1685 3399 hodie
1743 3341 1882 3417 quis
1938 3340 2037 3400 vel
2097 3341 2517 3420 episcopatus,
2580 3340 2675 3400 vel
2736 3341 2989 3400 alterius
3045 3340 3333 3401 beneﬁcii
3388 3360 3634 3420 posses-

207 3459 311 3500 sor
367 3440 678 3510 ﬁrmatur,
715 3441 825 3497 aut
882 3441 1070 3510 certe,
1107 3437 1157 3496 si
1216 3437 1375 3496 alius
1429 3436 1798 3506 intercedat,
1867 3460 1898 3493 «
1947 3437 2373 3512 denuntiatur,
2411 3444 2473 3498 et
2530 3439 2939 3517 praedicatur,
2974 3462 3002 3494 »
3040 3440 3210 3517 quod
3256 3441 3472 3499 Graca
3501 3439 3640 3517 ipsa

205 3534 529 3611 κηρύσσεται
565 3541 832 3606 sonant;
889 3553 1256 3612 quanquam
1315 3553 1440 3594 non
1496 3523 1568 3594 eo
1615 3535 1676 3593 id
1734 3535 1796 3594 in
1857 3536 2128 3610 Oriente,
2191 3555 2316 3614 quo
2371 3537 2436 3595 in
2492 3537 2590 3596 his
2646 3537 2952 3614 partibus,
2995 3536 3182 3595 modo
3244 3537 3441 3596 ﬁeret.
3479 3539 3638 3596 Sen-

209 3653 349 3694 sum
405 3634 572 3692 hunc
629 3632 932 3692 exhibent
978 3632 1170 3691 verba
1229 3631 1532 3708 Gregorii,
1597 3618 1912 3692 contraria
1969 3638 2031 3693 et
2085 3634 2377 3710 opposita
2408 3634 2485 3692 de
2534 3634 2841 3693 Nazianzo
2899 3633 3281 3711 Sasimisque
3357 3632 3638 3692 scriben-

210 3733 284 3790 tis
319 3730 443 3811 (b):
506 3729 761 3789 Sasimis
798 3753 827 3783 «
887 3728 1369 3807 propositum,»
1431 3727 1849 3804 designatum,
1903 3747 1975 3789 ac
2035 3729 2084 3788 si
2143 3730 2318 3801 velis,
2379 3731 2777 3790 nominatum
2832 3730 3200 3803 antistitem,
3237 3749 3360 3789 non
3422 3736 3636 3788 autem

209 3829 578 3900 Nazianzo;
643 3832 861 3888 contra
919 3844 1068 3886 vero
1130 3825 1421 3885 Ecclesia
1479 3826 1870 3885 Nazianzina
1931 3847 2054 3887 non
2116 3829 2528 3906 propositum,
2592 3848 2714 3887 non
2795 3829 3218 3905 designatum,
3281 3846 3405 3887 non
3464 3829 3636 3886 ordi-

207 3933 423 3988 natum
482 3926 872 4005 episcopum,
908 3926 1017 3985 sed
1075 3924 1502 3984 renuntiatum
1555 3929 1790 3995 tamen,
1849 3923 2039 4002 idque
2103 3949 2132 3980 «
2190 3925 2264 4004 (ς)
2324 3926 2599 4002 primum
2655 3931 2716 3984 et
2774 3925 2852 3984 ab
2909 3926 3106 3996 initio,
3171 3949 3198 3979 ››
3267 3944 3634 4003 quanquam

211 4045 396 4086 «non
459 4025 736 4103 publico,
798 4047 826 4079 ››
894 4024 997 4082 sed
1061 4023 1248 4082 tacito
1305 4027 1550 4081 tantum
1601 4041 1827 4099 genere
1886 4023 2367 4082 renuntiationis
2420 4041 2432 4081 :
2491 4042 2631 4101 quae
2691 4023 2944 4101 quidem
3012 4024 3219 4101 specie
3279 4030 3461 4083 tenus
3519 4042 3635 4100 pu~

209 4123 494 4200 gnantia,
531 4121 650 4181 hac
682 4120 924 4180 ratione
957 4119 1275 4180 conciliari
1309 4126 1370 4179 et
1398 4118 1666 4197 intelligi
1701 4126 1985 4197 possunt.

295 4219 588 4280 Ecclesia
639 4217 907 4295 alicujus
966 4223 1183 4296 pastor
1238 4235 1364 4277 non
1421 4217 1473 4275 is
1531 4225 1840 4290 censetur,
1903 4236 2015 4277 nec
2068 4217 2130 4276 in
2185 4223 2506 4296 pastorum
2591 4236 2924 4278 numerum
3006 4218 3293 4291 refertur,
3361 4217 3471 4295 qui
3553 4216 3637 4276 ad

215 4337 351 4378 eam
409 4316 665 4387 electus,
726 4321 1079 4394 promotus,
1129 4315 1230 4375 vel
1287 4315 1476 4374 etiam
1531 4315 1875 4385 ordinatus,
1933 4316 2076 4392 jure
2133 4317 2386 4375 tandem
2445 4316 2650 4387 cadit;
2713 4315 2820 4374 sed
2879 4316 3182 4392 qnivicta
3244 4332 3435 4374 causa
3485 4333 3634 4392 pos-

215 4415 562 4474 sessionem
604 4411 736 4472 adit
776 4419 966 4490 atque
1025 4411 1285 4472 obtinet.
1351 4414 1487 4482 Qua
1541 4411 1734 4488 igitur
1791 4412 2031 4472 ratione
2090 4413 2459 4473 Sasimensis
2518 4413 2810 4472 Ecclesia
2868 4412 3197 4490 cpiscopus
3256 4411 3379 4471 dici
3427 4417 3642 4488 posset

216 4511 574 4588 Gregorius,
631 4509 739 4587 qui
794 4509 1041 4570 Sasima
1099 4527 1225 4569 non
1283 4508 1489 4586 attigit
1536 4508 1813 4585 quidem,
1875 4527 1988 4568 nec
2045 4509 2171 4568 illic
2228 4509 2599 4586 episcopalis
2657 4509 2932 4568 muneris
2989 4508 3156 4567 vices
3215 4508 3374 4566 ullas
3434 4508 3642 4568 obiit?

211 4609 277 4668 Si
337 4607 584 4667 Sasima
641 4607 798 4667 dixit
835 4626 1029 4680 «sua,
1092 4631 1120 4662 η
1184 4607 1247 4666 id
1307 4624 1431 4667 non
1500 4606 1618 4665 nisi
1675 4606 1908 4665 ironice
1960 4624 1972 4664 :
2037 4607 2357 4684 egregium
2418 4607 2575 4664 illud
2633 4607 2962 4665 Basiliana
3052 4606 3342 4665 amicitia
3412 4624 3642 4666 munus

211 4705 374 4765 ridet
399 4710 459 4764 et
491 4703 856 4781 exprobrat.
889 4704 1001 4764 Vel
1051 4704 1240 4764 etiam
1296 4727 1326 4759 «
1357 4722 1471 4764 sua
1502 4725 1531 4757 »
1585 4702 1793 4763 dicere
1841 4703 2067 4782 potuit,
2103 4704 2251 4783 quia
2311 4703 2427 4762 sibi
2487 4702 2812 4774 attributa,
2872 4702 2988 4761 sibi
3021 4702 3256 4772 oblata,
3291 4704 3408 4761 sibi
3464 4704 3637 4780 data,

211 4802 320 4863 sed
351 4820 389 4862 a
416 4801 611 4861 dubio
642 4820 1024 4880 possessore.

288 4900 664 4977 Priusquam
725 4899 970 4961 Sasima
1026 4899 1441 4971 dimittamus,
1502 4898 1791 4976 exemplo
1850 4917 1979 4958 rem
2041 4898 2515 4957 illustrabimus.
2577 4897 2981 4967 Beneﬁcium,
3050 4903 3116 4956 ut
3172 4903 3402 4957 vocant
3449 4897 3630 4971 illud,

212 4996 314 5057 cui
369 4997 722 5056 animarum
772 5014 922 5056 cura
967 4996 1294 5066 incumbit,
1351 4995 1540 5073 vulgo
1602 5003 1910 5066 curatum,
1978 4997 2082 5054 uni
2140 4995 2364 5055 clerico
2425 5001 2783 5072 patronus;
2845 4997 3002 5053 alter
3051 5013 3164 5072 pro
3237 5000 3508 5072 patrono
3569 5014 3634 5054 se

210 5110 434 5171 gerens
466 5093 646 5152 alteri
706 5099 1040 5170 praesentet
1093 5094 1539 5170 conferatque;
1593 5098 1703 5151 aut
1759 5098 1924 5152 certe
1971 5093 2035 5150 in
2093 5093 2267 5152 curia
2326 5082 2609 5150 Romana
2669 5091 2870 5168 quivis
2926 5091 3086 5150 alius
3144 5091 3449 5151 obtineat.
3487 5094 3635 5151 Pos-

213 5189 660 5268 sessionejura
686 5209 800 5250 sua
829 5191 1033 5251 ﬁrmet
1066 5190 1260 5263 alter;
1296 5190 1455 5250 alter
1503 5195 1612 5248 aut
1669 5194 1980 5260 arceatur,
2042 5195 2152 5249 aut
2201 5188 2454 5266 segnius
2511 5194 2677 5266 agat.
2732 5190 2890 5248 Dum
2947 5187 3198 5247 interim
3257 5189 3375 5248 sub
3417 5188 3634 5265 judice

211 5287 288 5347 lis
317 5291 433 5361 est,
465 5287 635 5347 intra
691 5306 950 5360 annum,
987 5293 1056 5348 ut
1113 5289 1203 5363 ﬁt,
1239 5286 1587 5349 sacerdotio
1651 5291 1909 5365 uterque
1968 5286 2252 5347 initietur
2305 5305 2379 5346 ea
2432 5295 2639 5346 mente
2694 5293 2756 5346 et
2812 5287 3096 5359 consilio,
3132 5293 3200 5347 ut
3251 5287 3460 5348 ofﬁcio
3517 5303 3633 5345 suo

212 5384 392 5464 fungi
446 5385 676 5446 valeat.
734 5385 828 5445 Ad
887 5386 1226 5448 Ecclesiam
1287 5385 1572 5449 eamdem
1630 5385 1906 5447 ordinati
1962 5384 2150 5446 ambo
2227 5383 2327 5444 vel
2407 5382 2646 5446 interea
2721 5383 3139 5464 paciscantur,
3203 5383 3302 5445 vel
3381 5388 3638 5445 senatus

316 5606 371 5690 ᾳ)
402 5605 591 5690 Qarm.
626 5609 698 5690 Qa
722 5608 834 5690 cita
861 5625 980 5680 sua,
1008 5625 1063 5682 v,
1096 5609 1220 5682 497,
1253 5616 1309 5670 et
1337 5628 1461 5690 seq.
2052 5610 2120 5689 (ε)
2157 5609 2340 5684 Epist.
2374 5608 2445 5666 al.
2480 5607 2603 5666 225.

316 5622 350 5661 α
402 5605 591 5663 Carm.
626 5609 698 5663 De
722 5608 813 5663 vite

291 5605 374 5766 ibi
405 5677 585 5756 Epist.
617 5679 691 5737 al.
723 5679 813 5738 42.
