4052 6276
272 288 339 351 73
1282 280 1696 347 PRAEFATIO
1743 284 2209 346 GENERALIS.
2243 317 2320 330 —
2351 284 2549 347 PARS
2594 281 2674 346 Il.
3596 282 3677 355 74

268 424 546 485 consulto
606 420 960 503 possidenti
1010 420 1115 499 jus
1188 425 1505 480 asseratur
1541 466 1554 493 ,
1618 420 1711 479 vel
1767 419 1927 479 alter
2006 419 2275 498 denique
2312 465 2327 493 ,
2390 419 2645 480 minime
2726 418 3153 480 contentiosus
3188 463 3202 491 ,
3281 437 3395 479 nec
3468 419 3674 479 litium

268 541 498 595 amans,
564 522 870 582 amulum
928 519 1092 580 ultro
1148 518 1313 579 sinat
1368 535 1812 597 possessorem,
1844 516 2088 596 ipsique
2142 536 2255 577 suo
2294 517 2436 595 jure
2508 519 2718 578 cedat.
2772 517 3077 577 Sacerdos
3134 516 3387 593 quidem
3446 517 3497 576 is
3538 518 3678 589 erit,

263 620 621 699 propositus
678 619 897 690 etiam,
950 617 1331 694 designatus,
1391 615 1844 691 ordinatusque
1900 614 1980 674 ad
2035 615 2374 675 Eeclesiam
2434 614 2631 687 illam,
2691 617 2862 675 velut
2920 614 2999 674 ad
3059 614 3480 675 Sasimensem
3539 619 3682 677 Gre-

263 718 496 795 gorius.
556 719 717 776 Num
770 715 970 775 idciro
1034 714 1274 774 dicetur
1330 712 1498 772 illius
1554 712 1675 771 loci
1732 712 2045 784 sacerdos,
2093 718 2154 771 et
2210 712 2273 771 in
2331 719 2656 790 pastorum
2732 712 2923 790 hujus
2974 711 3265 771 Ecclesia
3315 713 3677 791 catalogum

268 832 543 892 unquam
592 812 950 873 referetur?
981 810 1231 871 Minime
1286 826 1475 880 sane;
1539 808 1687 887 quia
1742 808 1934 868 dubio
1988 827 2234 887 semper
2290 816 2399 870 aut
2455 815 2858 870 controverso
2910 809 3056 886 jure
3112 826 3229 868 suo
3285 809 3510 871 cecidit
3567 828 3680 883 aut

266 917 487 990 sponte
518 912 725 970 cessit.

339 1009 522 1079 Quod
578 1014 761 1069 atate
822 1012 1039 1067 nostra
1100 1026 1127 1063 α
1192 1004 1731 1084 prasentationes,
1796 1003 2202 1083 provisiones,
2267 1004 2633 1065 collationes
2689 1026 2717 1062 ι)
2768 1010 3018 1078 vocant,
3060 1006 3177 1065 hoc
3236 1004 3508 1083 majores
3568 1023 3676 1066 no‘

267 1106 373 1165 stri
426 1106 511 1165 ad
569 1105 733 1165 hanc
796 1105 892 1164 vel
946 1103 1120 1163 illam
1178 1102 1522 1162 Eeclesiam
1580 1101 2009 1161 ordinationes
2067 1101 2476 1180 appellabant
2533 1119 2547 1174 ;
2622 1102 2772 1180 quia
2830 1109 2977 1162 tunc
3054 1121 3239 1164 nemo
3280 1102 3425 1162 sine
3484 1102 3671 1162 titulo

266 1203 694 1264 ordinabatur.
732 1205 886 1274 Qua
916 1201 969 1261 si
1024 1199 1312 1261 alicunde
1370 1217 1562 1259 cassa
1622 1198 2007 1259 haberentur
2061 1204 2122 1259 et
2178 1199 2392 1269 irrita,
2453 1199 2721 1272 nullum,
2786 1206 2856 1259 ut
2910 1200 3000 1260 ita
3052 1200 3307 1277 loquar,
3369 1200 3448 1259 ad
3495 1205 3674 1259 extra

265 1300 687 1361 sortiebantur
745 1298 1036 1358 eﬂ'ectum
1092 1314 1107 1356 :
1168 1302 1230 1356 et
1285 1297 1393 1373 qui
1452 1296 1687 1355 nullius
1739 1295 1861 1355 loci
1918 1296 2208 1355 sacerdos
2266 1301 2376 1355 aut
2431 1296 2761 1374 episc0pus
2835 1297 3149 1370 manebat,
3218 1322 3248 1354 α
3305 1298 3576 1374 Vacans,
3635 1319 3666 1352 »

264 1392 577 1469 σχολάζων,
615 1395 965 1456 dicebatur.
1000 1394 1168 1476 Talis
1192 1393 1332 1465 fuit,
1368 1399 1436 1452 ut
1465 1410 1539 1452 ex
1575 1393 1755 1452 dictis
1789 1397 1979 1471 patet,
2011 1393 2321 1453 ordinatio
2353 1393 2633 1471 Gregorii
2664 1394 2741 1454 ad
2774 1394 3041 1454 Sasima.

343 1495 559 1555 Fuerit
641 1512 790 1572 ergo
875 1492 1208 1569 Gregorius
1285 1490 1365 1550 ad
1441 1490 1684 1550 Sasima
1759 1490 2140 1568 propositus,
2222 1490 2608 1568 designatus,
2683 1491 3223 1571 inauguratusque
3317 1492 3672 1570 episcopus,

263 1592 647 1653 ordinationi
702 1609 831 1651 sua
889 1588 1295 1661 consenserit,
1356 1588 1727 1648 Sasimensis
1783 1593 1995 1647 tamen
2054 1589 2385 1667 episcopus
2442 1606 2555 1648 nec
2609 1588 2749 1663 fuit,
2806 1607 2921 1648 nec
2979 1590 3099 1648 dici
3159 1595 3384 1669 potest,
3421 1589 3540 1649 nisi
3595 1589 3674 1649 ab

261 1691 489 1751 invidis
519 1698 583 1751 et
639 1686 1240 1759 calumniatoribus;
1278 1686 1514 1764 quippe
1569 1685 1679 1763 qui
1738 1703 1853 1746 nec
1912 1690 2146 1764 aperte,
2183 1704 2298 1745 nec
2355 1686 2561 1759 tacite,
2599 1704 2724 1746 non
2781 1686 3104 1761 canonica,
3156 1705 3281 1748 non
3340 1686 3464 1747 alia
3520 1705 3675 1765 qua-

260 1788 351 1849 vis
408 1788 659 1848 ratione
716 1785 839 1846 loci
897 1784 1065 1844 illius
1121 1784 1453 1863 episcOpus
1520 1782 1711 1842 fuerit
1789 1781 2231 1857 renuntiatus,
2286 1782 2517 1843 nedum
2589 1801 2869 1861 unquam
2953 1782 3018 1843 in
3106 1782 3447 1846 Sasimensi
3529 1782 3676 1843 sede

259 1886 609 1947 collocatus
641 1890 703 1944 et
722 1884 1032 1943 firmatus.

336 1984 491 2054 Qua
553 1980 857 2041 hactenus
930 1978 1420 2056 disputavimus,
1485 1984 1751 2057 aperta,
1818 1997 2003 2049 vera,
2065 1984 2280 2050 certa,
2346 1978 2736 2039 neccessaria
2794 1985 2973 2039 erant
3005 1980 3083 2039 ad
3118 1978 3578 2059 propulsandae
3637 1996 3676 2039 a

260 2079 566 2158 Gregorio
599 2084 812 2138 nostro
856 2076 1251 2146 calumnias;
1286 2082 1436 2154 apta
1492 2076 1680 2135 etiam
1741 2082 1803 2135 et
1857 2076 2193 2136 commoda
2248 2077 2325 2135 ad
2387 2076 2868 2153 abstergendam
2926 2095 2963 2136 a
3026 2082 3197 2136 textu
3257 2079 3471 2139 Graco
3530 2094 3670 2136 cor-

257 2177 573 2256 ruptionis
632 2182 870 2245 notam,
933 2178 1120 2251 atque
1178 2173 1258 2233 ad
1317 2172 1661 2232 tollendam
1721 2172 1802 2232 ab
1858 2173 2204 2232 innumeris
2261 2173 2433 2245 locis,
2497 2175 2604 2250 qui
2674 2192 2958 2251 pugnare
3013 2174 3177 2235 inter
3232 2193 3297 2234 se
3356 2175 3671 2246 videntur,

259 2272 777 2353 repugnantiam.
841 2273 971 2331 Hac
1043 2270 1144 2329 via
1202 2270 1494 2329 nimirum
1555 2269 1787 2347 iniqua
1846 2270 1922 2329 de
1982 2270 2391 2330 translatione
2467 2271 2544 2330 ad
2621 2271 2831 2331 sedem
2909 2272 3671 2350 Constantinopolitanam

260 2370 701 2448 quastiones;
765 2367 840 2425 de
891 2365 1091 2424 tribus
1148 2365 1636 2443 episcopatibus,
1698 2364 2011 2443 simulque
2083 2364 2282 2441 nullo,
2344 2384 2529 2425 mera
2586 2367 2811 2425 veteris
2866 2366 3119 2426 invidia
3180 2385 3253 2427 ac
3310 2365 3674 2426 recentioris

262 2466 594 2545 cujusdam
654 2463 975 2541 scriptoris
1035 2481 1139 2521 seu
1201 2461 1530 2521 calumniae
1588 2480 1695 2522 seu
1752 2470 2109 2522 commenta
2166 2462 2400 2542 (a);de
2450 2474 2746 2541 corrupto
2805 2465 2987 2542 epist.
3023 2480 3247 2525 CCCxxv
3292 2469 3463 2524 textu
3524 2481 3677 2523 con-

255 2565 522 2642 jectura
554 2566 976 2632 evanescunt;
1012 2577 1282 2637 veraque
1338 2565 1481 2618 sunt
1541 2564 1601 2619 et
1659 2559 1971 2637 expedita,
2009 2578 2148 2637 qua
2206 2560 2270 2619 in
2332 2560 2597 2639 epistola
2656 2561 2811 2621 alias
2868 2578 2992 2621 XLII
3050 2568 3112 2622 et
3163 2562 3392 2621 iterum
3448 2560 3511 2619 in
3552 2559 3680 2639 epi-

261 2661 426 2721 stola
484 2659 644 2719 alias
701 2674 922 2729 ccxxv,
980 2662 1043 2716 et
1097 2656 1161 2715 in
1219 2656 1356 2715 aliis
1416 2655 1577 2715 locia
1659 2655 1891 2734 legenti
1947 2657 2201 2734 negotia
2274 2656 2671 2717 facessebant
2720 2676 2734 2717 :
2798 2657 2969 2735 quod
3046 2657 3318 2737 amplius
3388 2656 3679 2735 sequenti

266 2758 711 2818 dissertatione
771 2755 847 2815 de
902 2754 1266 2833 episcopatu
1324 2753 1710 2813 Nazianzeno
1769 2753 2025 2831 patebit.
2086 2755 2261 2813 Hanc
2319 2754 2571 2814 claudet
2626 2755 3050 2815 testimonium
3109 2757 3339 2816 Niceta
3394 2754 3675 2833 Paphla-

262 2856 440 2933 gonis
496 2862 654 2915 tom.
709 2854 786 2914 Vl
843 2851 1004 2912 Bibl.
1064 2851 1558 2912 Concionatoria
1620 2858 1793 2929 parte
1854 2850 2056 2928 prima
2129 2852 2243 2912 sub
2302 2851 2512 2925 tinem,
2573 2870 2699 2930 quo
2774 2852 3029 2932 quidem
3112 2853 3471 2914 testimonio
3539 2857 3676 2912 tota

262 2953 731 3031 propemodum
761 2949 1133 3027 disceptatio
1164 2965 1439 3025 praesens
1472 2966 1544 3007 ac
1579 2947 1865 3025 proxima
1895 2948 2271 3009 continetur.

335 3051 686 3127 Postquam
718 3045 997 3106 narravit
1046 3052 1259 3104 orator
1290 3044 1391 3123 (ὀ),
1428 3045 1747 3122 quomodo
1805 3044 2267 3122 episcoporum,
2332 3045 2707 3106 Antiocheni
2762 3046 2825 3106 in
2884 3046 3103 3126 primis
3162 3046 3377 3124 magni
3434 3043 3669 3107 Meletii

262 3148 420 3207 votis
457 3192 473 3219 ,
538 3145 877 3222 Gregorius
952 3143 1138 3202 fuerit
1218 3142 1282 3201 in
1359 3142 1503 3201 sede
1581 3142 2277 3220 Constantinopolitana
2342 3143 2684 3203 collocatus
2719 3188 2734 3215 ,
2796 3143 3137 3221 objectioni
3177 3143 3451 3205 occurrit
3525 3160 3667 3221 per-

260 3246 513 3322 gitque:
560 3264 589 3297 «
624 3248 703 3301 At
753 3258 939 3300 nemo
993 3238 1339 3316 illegitime,
1375 3245 1718 3317 contraque
1779 3256 1850 3297 ac
1908 3256 2088 3299 sacra
2141 3239 2433 3299 Ecclesia
2491 3240 2709 3317 regula
2766 3247 3069 3301 statutum
3124 3248 3239 3314 est,
3276 3241 3354 3301 ad
3416 3241 3663 3300 tertiam

261 3360 400 3401 eum
462 3340 805 3401 arbitretur
861 3336 1186 3396 transferri
1241 3336 1471 3396 sedem.
1510 3339 1665 3395 Nam
1727 3354 1928 3413 neque
1991 3354 2063 3395 ea
2122 3354 2218 3395 res
2275 3337 2601 3397 translatio
2686 3344 2802 3410 est,
2864 3338 2971 3398 sed
3030 3339 3275 3411 electio,
3334 3337 3664 3416 primaque

264 3457 332 3498 ac
391 3439 581 3497 unica
634 3435 792 3494 urbe
847 3436 1130 3511 Augusta
1186 3451 1301 3513 pro
1358 3432 1635 3511 episcopi
1692 3433 2020 3510 dignitate,
2082 3439 2273 3511 atque
2331 3453 2587 3495 munere
2644 3436 2807 3496 sedis
2883 3436 3232 3496 collocatio.
3287 3438 3442 3495 Nam
3492 3432 3661 3512 quod

266 3536 468 3615 primo
528 3532 812 3604 Sasimis,
876 3531 966 3590 uti
1023 3529 1328 3604 dicebam,
1385 3531 1715 3609 pralectus
1773 3536 1885 3601 est,
1946 3529 2011 3589 id
2068 3530 2271 3590 solum
2330 3532 2743 3610 promotionis
2802 3550 2992 3593 causa
3046 3534 3205 3609 fuit,
3261 3550 3403 3593 cum
3461 3547 3667 3608 neque

265 3633 474 3692 sedem
535 3628 870 3707 receperit,
927 3645 1043 3686 nec
1098 3626 1354 3687 omnino
1410 3627 1539 3686 illic
1612 3626 2021 3699 ordinaverit,
2084 3627 2356 3687 ullamve
2430 3630 2755 3708 mysticam
2836 3630 3253 3690 initiationem
3337 3648 3449 3709 pro
3506 3626 3669 3687 anti-

265 3730 423 3789 stitis
458 3727 750 3808 partibus
808 3724 1263 3798 celebraverit;
1315 3725 1485 3804 quod
1518 3743 1740 3803 nempe
1795 3724 2036 3784 viculus
2093 3725 2174 3785 ad
2230 3729 2706 3787 sustentandam
2766 3727 3188 3806 episcopalem
3245 3727 3457 3787 sedem
3516 3728 3677 3785 esset

263 3827 521 3887 omnino
601 3825 902 3901 ineptus.
966 3822 1416 3882 Nazianzenam
1494 3828 1704 3882 autem
1783 3821 2147 3881 cathedram
2227 3823 2549 3901 quondam
2625 3826 2990 3897 curavisse,
3028 3843 3169 3884 cum
3247 3830 3428 3904 pater
3509 3822 3677 3881 illius

262 3925 600 4002 episc0pus
631 3926 832 3993 esset;
869 3926 930 3979 et
974 3938 1098 3977 non
1156 3919 1291 3996 ejus
1350 3925 1629 3979 creatum
1680 3938 1812 3979 esse
1871 3919 2259 3999 episcopum,
2293 3928 2402 3981 aut
2459 3922 2671 3982 sedem
2729 3923 2903 3983 illam
2967 3941 3241 4001 unquam
3301 3920 3670 3997 suscepisse.

262 4022 489 4081 Solum
552 4024 762 4077 autem
822 4016 1018 4095 patris
1070 4016 1322 4075 hortatu
1380 4034 1453 4075 ac
1504 4017 1681 4093 jussu
1770 4023 1841 4075 ut
1895 4017 2059 4076 sacri
2115 4018 2442 4078 ministerii
2498 4020 2807 4079 defectum
2868 4020 3179 4097 impleret,
3237 4018 3325 4078 sic
3381 4016 3673 4078 Ecclesia

262 4135 477 4178 curam
528 4114 899 4192 suscepisse,
936 4119 1004 4171 ut
1059 4119 1320 4172 senecta
1381 4112 1653 4172 fulcrum
1712 4131 1783 4173 ac
1841 4119 2121 4192 paterna
2177 4115 2624 4176 imbecillitatis
2679 4117 3177 4177 sustentaculum
3256 4115 3523 4175 audiret.
3583 4114 3678 4173 Ita

262 4234 411 4276 vero
444 4232 511 4274 se
544 4230 676 4271 rem
739 4211 998 4281 habere,
1032 4212 1219 4269 etiam
1282 4210 1460 4269 exiis
1509 4212 1907 4287 perspicuum
1967 4220 2081 4285 est,
2117 4230 2257 4289 qua
2313 4213 2446 4290 ipse
2506 4214 2585 4273 ad
2644 4214 3012 4292 Gregorium
3068 4215 3185 4273 sibi
3235 4212 3675 4292 cognominem

272 4311 491 4373 scribit
523 4309 642 4388 (c):
686 4331 716 4362 «
774 4308 944 4367 Inter
998 4325 1215 4366 omnes
1264 4308 1493 4365 etenim
1554 4313 1799 4366 constat
1857 4326 1956 4367 me
2013 4326 2139 4367 non
2196 4309 2508 4383 Nazianzi,
2541 4310 2651 4370 sed
2707 4311 3093 4371 Sasimorum
3152 4310 3495 4370 antistitem
3542 4324 3679 4367 cre-

276 4436 302 4463 «
333 4416 538 4477 atum,
576 4405 1016 4485 (propositum,
1051 4396 1499 4475 προεϐλήθημεν)
1527 4404 1735 4476 fuisse,
1769 4405 2018 4464 tametsi
2074 4405 2137 4464 in
2170 4406 2366 4483 patris
2394 4408 2806 4469 reverentiam
2855 4416 2917 4468 et
2945 4426 3163 4469 eorum
3213 4407 3321 4484 qui
3367 4404 3684 4483 supplices

281 4531 308 4565 σ
339 4507 459 4566 hoc
492 4523 534 4564 a
582 4521 681 4563 me
728 4502 1207 4574 contenderunt,
1244 4502 1321 4561 ad
1380 4501 1571 4559 breve
1629 4507 1896 4578 tempus,
1931 4503 2110 4581 quasi
2167 4503 2445 4581 hospites
2500 4506 2937 4583 prafecturam
2985 4504 3463 4584 suscepimus.»
3499 4500 3680 4572 Quod

275 4606 467 4682 igitur
498 4608 683 4680 pater
741 4599 1072 4659 mortalem
1129 4598 1321 4658 vitam
1379 4598 1591 4657 divina
1648 4604 2168 4672 commutaverat,
2204 4608 2531 4661 vacantem
2582 4602 2718 4679 jam
2775 4602 3099 4662 inventum
3147 4601 3358 4661 divina
3416 4598 3687 4678 Spiritus

287 4702 513 4779 gratia,
579 4699 850 4777 vitaque
907 4715 979 4756 ac
1036 4696 1337 4756 doctrina
1394 4695 1672 4756 humana
1745 4696 1985 4773 majore
2042 4698 2407 4775 praslantia
2479 4706 2695 4777 postea
2772 4699 3187 4760 clarissimum
3264 4698 3579 4766 eﬂ‘ectum,
3618 4694 3683 4753 in

278 4799 450 4859 urbis
477 4801 745 4874 Auguta
776 4795 933 4856 solio
963 4799 1269 4872 quantum
1303 4793 1499 4854 oculis
1524 4794 1933 4872 conspicuum
1964 4800 2117 4867 erat,
2154 4796 2515 4867 constituit;
2551 4802 2855 4875 quantum
2901 4809 3109 4857 autem
3154 4796 3367 4857 animo
3401 4798 3687 4872 aspecta-

282 4897 430 4968 bile,
465 4894 636 4955 orbis
670 4900 977 4953 terrarum
1013 4892 1245 4952 bonum
1280 4897 1592 4969 pastorem
1630 4909 2051 4968 magnumque
2084 4893 2425 4953 antistitem
2462 4894 2742 4971 praﬁcit.
2776 4916 2803 4949 ι)

367 4992 623 5071 ltejecto
680 4990 1022 5064 Sasimensi
1106 4990 1491 5067 episcopatu,
1555 4987 1927 5064 rejiciendus
1983 5005 2234 5065 quoque
2320 4992 2766 5061 Nazianzenus,
2825 4997 2887 5050 et
2959 4989 3693 5068 Constantinopolitanus

288 5096 379 5151 est
433 5088 808 5150 asserendus
860 5108 875 5148 :
938 5086 1003 5146 id
1060 5085 1314 5165 quidem
1376 5085 1800 5162 exsequimur.
1835 5083 2110 5161 Abjectis
2164 5085 2447 5161 Sasimis,
2495 5087 2829 5164 Gregorius
2868 5088 2930 5147 in
2963 5087 3361 5147 solitudinem
3420 5105 3484 5147 se
3538 5105 3694 5146 con-

294 5188 454 5262 tulit,
484 5205 516 5248 e
548 5205 676 5266 qua
717 5191 1051 5259 retractus,
1082 5182 1351 5262 roganti,
1386 5181 1483 5243 vel
1532 5181 1782 5261 jubenti
1837 5181 2003 5260 patri
2058 5181 2123 5242 id
2179 5188 2423 5245 tantum
2482 5184 2787 5246 concessit
2844 5183 2932 5265 (d)
2962 5190 3031 5245 ut
3065 5206 3094 5244 (ι
3124 5184 3520 5246 collaborans
3551 5202 3694 5247 cum

373 5449 446 5521 (α)
479 5449 688 5521 Dupin.
721 5445 864 5521 Bibl.
896 5445 1034 5521 eget.
1068 5441 1136 5521 tit
1163 5447 1525 5521 Gascoaws.
1554 5519 1561 5521 _
1662 5515 1671 5521 _
1766 5511 1795 5521 _

966 5445 1034 5521 cl.
1068 5441 1136 5521 tit
1163 5447 1525 5521 Gascoaius.
1554 5519 1561 5521 _
1662 5515 1671 5521 _
1766 5511 1795 5521 _
2135 5442 2206 5521 (ε)
2236 5442 2339 5515 Ep.
2373 5443 2448 5499 al.
2470 5443 2566 5521 52.

474 5511 638 5577 Tom.
674 5520 762 5589 Vl,
793 5536 849 5591 p.
882 5516 1014 5587 63l,
1047 5514 1155 5571 col.
1205 5518 1263 5585 2,
1321 5532 1389 5572 ex
1445 5519 1590 5573 orat.
1650 5515 1708 5569 in
1758 5511 1953 5586 Grego-
2138 5511 2212 5588 (ἀ)
2244 5511 2431 5570 carm.
2465 5516 2539 5572 Dr
2566 5516 2677 5585 vita
2703 5532 2823 5597 sua,
2857 5533 2905 5572 ν.
2939 5514 3064 5572 500.

311 5610 471 5651 rium.

583 5720 847 5787 PA‘IROL.
898 5715 1008 5777 Ga.
1041 5710 1276 5780 XXXV.
