4052 6276
256 328 336 388 ’75
1266 323 1682 385 ΡΒίΕΕΑΤΙΟ
1728 324 1856 385 GEl‘

2073 322 2186 386 .lS.
2221 359 2297 370 —
2340 327 2538 387 PARS
2584 322 2663 389 Il.
3589 331 3673 391 76

255 480 330 523 eo
362 479 577 521 curam
612 459 898 521 Ecclesia
934 482 961 515 ν
996 457 1398 519 Nazianzena
1436 480 1464 515 ‹‹
1497 457 1831 535 susciperet
1864 476 1930 529 ;››
1969 475 2041 517 ea
2073 456 2207 535 lege
2239 478 2310 519 ac
2343 459 2723 533 conditione,
2759 463 2828 521 ut
2883 479 2959 521 ne
3008 461 3155 522 huic
3214 461 3678 542 astringeretur

256 559 563 630 Ecclesia,
601 565 661 618 et
684 564 939 637 parente
975 562 1222 616 mortuo
1255 556 1363 637 (a).
1406 580 1434 611 ((
1465 574 1735 634 pennam
1768 555 2014 634 spiritui
2045 574 2169 633 quo
2195 556 2379 617 vellet
2409 563 2470 618 et
2492 557 2811 636 quomodo
2844 559 3033 619 vellet
3063 578 3238 620 suam
3275 561 3678 640 permitteret

254 657 679 729 deferendam,
740 674 851 716 nec
910 659 1240 734 quisquam
1302 656 1480 727 foret,
1519 655 1625 731 qni
1684 672 1747 713 se
1804 671 2027 730 cogere
2058 661 2285 732 posset,
2348 663 2455 714 aut
2511 656 2634 715 alio
2689 656 3015 716 traducere
3075 665 3561 737 repugnantem.
3635 683 3665 715 »

254 754 475 813 Mirum
534 760 644 827 est,
709 754 1075 832 Gregorium
1132 753 1535 812 Nazianzena
1596 750 1884 811 Ecclesia
1943 751 2307 830 episcopum
2386 754 2774 831 appellatum
2836 756 3046 826 fuisse,
3110 776 3251 816 eum
3332 764 3669 836 tantopere

256 854 622 929 precaverit,
686 856 756 911 ut
807 870 885 911 ne
963 851 1109 910 huic
1184 850 1477 910 Ecclesia
1560 848 1985 925 alligaretur:
2052 850 2232 908 multi
2310 856 2519 910 tamen
2595 851 2949 929 scriptores,
3010 859 3250 914 veteres
3321 862 3382 915 et
3439 874 3660 915 recen-

256 950 470 1023 tiores,
533 949 857 1026 l'heologo
917 949 1323 1013 reclamante,
1382 966 1525 1007 eum
1585 946 2039 1006 Nazianzenum
2086 947 2429 1025 appellant,
2490 949 2799 1023 Socrates,
2861 952 3262 1024 Sozomenus,
3327 954 3669 1030 Gregorius

255 1048 389 1125 ejus
449 1048 601 1106 Vita
660 1046 1282 1125 scriptor,Baronius,
1343 1044 1781 1105 Bellarminus.
1844 1044 2032 1103 Vetus
2101 1052 2162 1103 et
2234 1046 2584 1105 communis
2641 1064 2816 1106 error
2872 1053 2964 1107 est
3022 1048 3487 1127 manuscriptis,
3552 1051 3671 1126 qui

252 1163 419 1205 nunc
471 1150 739 1215 exstant,
792 1144 978 1221 longe
1036 1143 1378 1221 antiquior,
1435 1142 1679 1220 ipsique
1726 1140 2024 1219 Gregorio
2082 1159 2337 1220 suppar.
2404 1143 2686 1203 Rufﬁnus
2750 1144 2815 1203 in
2866 1145 3130 1224 prologo
3203 1146 3284 1205 ad
3340 1148 3667 1207 orationes

250 1243 531 1320 Gregorii
591 1241 807 1301 Latine
854 1258 1065 1300 versas
1119 1240 1337 1299 scribit
1396 1256 1409 1297 ι
1474 1262 1502 1294 ‹‹
1564 1239 1869 1299 Defuncto
1930 1245 2107 1316 patre
2165 1239 2441 1299 succedit
2515 1240 2579 1300 in
2652 1241 3084 1321 episcopatum
3162 1244 3329 1321 apud
3388 1245 3663 1304 Nazian-

246 1356 430 1411 zum;
492 1364 520 1394 »
558 1345 619 1398 et
674 1338 834 1399 Hist.
867 1339 977 1398 lib.
1036 1355 1105 1409 ιι,
1139 1355 1189 1397 c.
1256 1339 1315 1411 9,
1356 1338 1482 1396 «in
1538 1336 1743 1396 locum
1802 1336 1996 1413 patris
2054 1336 2341 1395 eumdem
2399 1337 2811 1415 subrogatum
2847 1362 2875 1394 n
2937 1340 3179 1401 asserit.
3239 1341 3373 1400 Imo
3434 1341 3662 1401 Hiero-

243 1455 472 1515 nymus
505 1436 610 1516 (b),
647 1436 754 1514 qui
783 1435 1177 1495 familiariter
1209 1452 1351 1495 cum
1383 1452 1453 1494 eo
1473 1432 2012 1511 Constantinopoli
2040 1439 2322 1493 versatus
2364 1440 2477 1507 est,
2513 1440 2573 1494 et
2630 1435 2737 1513 qui
2798 1454 2871 1496 eo
2934 1437 3238 1514 magistro
3297 1438 3661 1516 Scripturas

237 1552 302 1593 se
359 1534 644 1594 didicisse
699 1533 1091 1611 gloriabatur
1142 1554 1155 1593 :
1225 1554 1254 1590 ‹‹
1303 1532 1637 1610 Gregorius
1672 1577 1685 1604 ,
1747 1531 1953 1609 inquit
1997 1580 2010 1605 ,
2073 1531 2345 1609 primum
2424 1532 2813 1593 Sasimorum
2848 1581 2861 1607 ,
2927 1534 3153 1595 deinde
3223 1535 3658 1596 Nazianzenus

243 1632 598 1710 episcopus.
634 1655 665 1687 »

314 1730 473 1799 Quin
531 1730 743 1801 etiam,
803 1733 1061 1788 notante
1110 1728 1379 1788 Baronio
1438 1728 1519 1786 ad
1578 1745 1812 1786 annum
1871 1728 2011 1798 371,
2072 1730 2133 1785 et
2189 1727 2253 1785 in
2308 1727 2449 1787 Vita
2517 1729 2798 1806 Gregorii
2856 1731 3023 1808 apud
3070 1730 3447 1791 Bollandum
3505 1749 3653 1809 cap.

233 1829 298 1899 9,
347 1850 375 1884 ‹‹
432 1827 566 1903 ejus
620 1826 963 1887 adversarii
1019 1827 1078 1885 id
1139 1827 1195 1885 ei
1252 1826 1489 1885 dabant
1546 1825 1810 1898 crimini,
1866 1842 2136 1902 eumque
2202 1824 2283 1884 ob
2340 1826 2787 1886 contumeliam
2848 1828 3257 1905 appellabant
3317 1828 3654 1906 triepisco-

236 1942 409 2001 pum,
471 1942 611 1982 cum
673 1922 800 2000 iam
868 1923 1030 1983 sedis
1098 1922 1809 2000 Constantinopolitanae
1895 1922 2111 1980 fuisset
2182 1922 2416 1981 electus
2492 1923 2843 2002 episcopus.
2922 1950 2951 1979 »
3014 1927 3138 1985 Sed
3216 1932 3343 1986 tam
3421 1927 3657 1986 diserte

235 2020 579 2097 Gregorius
640 2026 827 2098 negat
882 2039 948 2079 se
1006 2020 1194 2080 fuisse
1271 2020 1561 2079 Nazianzi
1618 2021 2005 2096 episcopum,
2068 2025 2138 2077 ut
2192 2019 2311 2096 ipsi
2364 2020 2520 2079 fides
2576 2021 2941 2082 adhibenda
2994 2022 3108 2082 sit:
3162 2046 3192 2078 «
3253 2023 3654 2084 Manifestum

232 2124 346 2185 est,
381 2117 584 2194 inquit
623 2116 727 2195 (ε),
784 2117 1074 2176 omnibus
1134 2135 1232 2175 me
1294 2135 1419 2175 non
1480 2116 1769 2174 Nazianzi
1826 2116 2223 2193 designatum
2281 2118 2644 2195 episcopum
2703 2138 2858 2178 esse.
2894 2139 2921 2176 ι)
2985 2123 3122 2179 Non
3181 2126 3425 2180 certum
3470 2121 3642 2179 dun-

231 2222 409 2275 taxat
463 2223 525 2275 et
579 2214 1028 2289 indubitatum,
1080 2214 1187 2273 sed
1239 2214 1639 2273 manifestum
1688 2232 1702 2284 ;
1786 2231 1910 2271 non
1984 2213 2201 2272 amicis
2270 2214 2472 2273 solum
2548 2221 2609 2274 et
2685 2217 2919 2295 paucis,
2981 2217 3089 2277 sed
3171 2238 3199 2274 α
3256 2217 3550 2277 omnibus
3611 2238 3646 2275 ι)

230 2313 488 2371 omnino
521 2312 734 2372 debuit
791 2330 924 2372 esse
958 2335 988 2365 «
1030 2312 1447 2371 manifestum.
1486 2335 1514 2366 »
1567 2312 1636 2370 In
1690 2311 1966 2370 carmine
2026 2317 2236 2370 autem
2296 2311 2383 2371 De
2438 2314 2563 2372 vita
2618 2332 2725 2373 sua
2756 2313 2883 2393 (d):
2920 2338 2947 2368 α
3008 2316 3378 2393 Postquam,
3410 2315 3645 2393 inquit,

229 2417 520 2491 parentes
551 2426 870 2469 excessere
900 2409 1051 2481 vita,
1088 2416 1146 2469 et
1206 2409 1324 2469 hac
1382 2427 1498 2485 ego
1559 2408 1921 2467 calamitate
1982 2408 2141 2467 liber
2193 2427 2328 2468 sum
2394 2409 2669 2481 relictus,
2705 2411 2916 2471 datam
2976 2412 3267 2491 equidem
3329 2413 3651 2473 Sasimen-

224 2524 352 2565 sem
424 2506 754 2566 Ecclesiam
805 2506 1160 2565 nullatenus
1244 2506 1525 2584 attigi....
1604 2507 1889 2564 Paterna
1964 2523 2212 2577 vero...,
2276 2506 2502 2584 exiguo
2590 2526 2738 2568 sane
2810 2516 3115 2587 tempore,
3178 2509 3350 2569 velut
3405 2509 3642 2587 hospes

222 2604 467 2678 aliena,
503 2622 716 2663 curam
776 2603 1052 2683 aliquam
1112 2604 1295 2682 gessi,
1359 2622 1485 2663 non
1545 2602 1899 2662 difﬁtebor:
1963 2602 2235 2680 idipsum
2296 2622 2492 2681 usque
2548 2604 2924 2665 denuntians
2979 2606 3316 2685 episcopis,
3370 2624 3639 2685 poscens

218 2702 418 2761 instar
474 2701 759 2761 beneficii
815 2720 893 2761 ex
949 2701 1077 2761 imo
1139 2700 1346 2771 corde,
1414 2705 1481 2759 ut
1536 2699 1673 2759 urbi
1733 2699 1937 2758 virum
1994 2699 2267 2776 aliquem
2335 2701 2727 2777 praficerent
2810 2703 3201 2781 episcopum.
3262 2704 3420 2763 Hinc
3476 2702 3641 2762 illud

227 2799 477 2879 quidem
532 2817 668 2859 vere
713 2799 1055 2869 afﬁrmans,
1091 2798 1372 2858 nondum
1430 2797 1623 2856 ullam
1681 2815 1718 2855 a
1779 2814 1875 2855 me
1935 2803 2258 2874 acceptam
2318 2797 2505 2858 fuisse
2565 2800 2815 2877 publica
2872 2800 3334 2861 renuntiatione
3391 2800 3637 2879 (Eccle-

231 2895 707 2975 siam).....Cum
766 2902 973 2955 autem
1034 2913 1160 2954 non
1221 2894 1660 2972 persuaderem
1719 2893 1912 2952 alium
1974 2899 2042 2952 nt
2112 2894 2525 2972 praficerent,
2574 2896 2720 2973 quia
2782 2896 2844 2955 hi
2902 2898 3158 2975 quidem
3218 2916 3348 2976 pra
3409 2916 3642 2975 magno

240 2995 361 3052 mei
416 2993 722 3052 desiderio
778 2994 1046 3052 retinere
1106 2991 1444 3063 volebant,
1505 2990 1597 3049 illi
1677 3008 1824 3050 vero
1899 2992 2055 3050 forte
2140 2992 2628 3069 despiciebant;
2700 2993 2857 3053 nulli
2931 3002 3140 3055 autem
3217 2996 3652 3055 causabantur

242 3110 365 3149 non
424 3110 555 3149 esse
612 3091 917 3149 liberum:
982 3091 1253 3168 primum
1314 3088 1661 3148 Seleuciam
1720 3088 1870 3165 fuga
1927 3106 2027 3147 me
2083 3090 2343 3160 contuli,
2395 3096 2585 3168 atque
2640 3091 2726 3149 ibi
2784 3092 2846 3149 in
2904 3092 3306 3153 Parthenone
3364 3093 3649 3153 celeber-

243 3188 417 3248 rima
454 3188 745 3266 martyris
766 3188 1014 3248 Thecla
1048 3206 1170 3247 non
1194 3179 1430 3264 exiguo
1461 3192 1742 3264 tempore
1803 3192 2228 3245 commoratus
2260 3205 2395 3245 sum
2431 3186 2525 3267 (ρ).

323 3290 446 3344 Nec
503 3288 675 3346 dicas
729 3285 1097 3363 Gregorium
1155 3284 1336 3344 fateri
1392 3302 1465 3343 ac
1518 3284 1810 3353 scribere,
1872 3282 2236 3361 episcopum
2295 3284 2587 3344 Nazianzi
2643 3303 2707 3345 se
2764 3285 3193 3346 renuntiatum
3247 3304 3260 3346 :
3324 3308 3353 3344 ‹‹
3404 3289 3536 3365 Ego
3596 3288 3654 3347 si

240 3389 406 3443 certe
464 3401 726 3462 corpore
781 3383 1035 3461 quidem
1092 3382 1179 3441 ita
1238 3399 1333 3441 me
1392 3380 1714 3452 haberem,
1750 3386 1819 3440 ut
1872 3380 2165 3441 Ecclesia
2215 3400 2459 3460 possem
2517 3383 2918 3443 Nazianzena
2978 3402 3269 3462 praeesse,
3321 3385 3501 3462 cujus
3561 3386 3645 3444 ab

231 3466 413 3540 initio
473 3501 607 3541 sum
669 3481 899 3560 praesul
956 3480 1374 3554 renuntiatus,
1438 3479 1643 3538 minus
1699 3483 1908 3537 autem
1968 3479 2405 3552 Sasimorum,
2467 3485 2535 3540 ut
2600 3480 2776 3541 vobis
2850 3480 3022 3541 haud
3110 3488 3277 3542 recte
3356 3483 3651 3541 nonnulli

231 3580 521 3651 suadent,
558 3598 682 3639 non
716 3578 873 3638 adeo
927 3597 1062 3638 sum
1099 3576 1196 3659 (χ),
1230 3600 1259 3632 ››
1296 3582 1416 3637 etc.
1450 3577 1710 3653 Scripsit
1742 3575 1995 3653 quidem
2030 3577 2361 3654 Gregorius
2404 3597 2532 3637 non
2580 3577 2770 3639 semel
2800 3598 2865 3638 se
2925 3578 3213 3638 Nazianzi
3276 3578 3643 3658 episcopum

223 3677 677 3747 renuntiatum,
711 3675 821 3735 sed
878 3674 954 3734 de
1013 3674 1266 3753 publica
1323 3673 1792 3733 renuntiatione‘
1842 3691 1966 3732 non
2026 3682 2118 3734 est
2174 3675 2665 3751 intelligendus:
2700 3695 2865 3749 vere,
2928 3677 3156 3754 inquit,
3195 3683 3337 3754 post
3392 3677 3640 3737 obitum

220 3776 444 3853 patris,
512 3798 538 3828 α
603 3773 998 3833 affirmabam
1052 3772 1331 3831 nondum
1393 3770 1584 3830 ullam
1644 3775 1968 3848 acceptam
2020 3789 2056 3829 a
2141 3790 2239 3831 me
2295 3773 2483 3832 fuisse
2563 3774 2817 3850 publica
2901 3774 3365 3834 renuntiatione
3446 3775 3652 3837 eccle-

222 3873 420 3931 siam:
457 3895 485 3925 »
520 3870 767 3948 scripsit
820 3870 1046 3929 iterum
1106 3887 1203 3947 ep.
1267 3869 1421 3927 alias
1478 3884 1703 3939 ccxxu,
1741 3891 1770 3923 «
1830 3885 1904 3927 ea
1960 3886 2023 3927 se
2084 3887 2208 3927 non
2264 3870 2463 3929 teneri
2522 3870 3005 3943 renuntiatione,
3070 3894 3098 3929 ι)
3168 3890 3295 3948 qua
3350 3872 3647 3931 Nazianzi

221 3972 653 4028 renuntiatum
710 3985 844 4026 sese
873 3985 972 4044 ep.
1005 3966 1160 4027 alias
1189 3983 1380 4027 ccxxv
1445 3966 1682 4039 scribit,
1723 3988 1753 4020 «
1811 3984 1886 4024 ea
1942 3984 2067 4025 non
2125 3966 2463 4043 astringi,»
2526 3968 2617 4027 uti
2674 3986 2888 4028 rursus
2946 3987 3141 4029 carm.
3177 3968 3267 4029 De
3326 3969 3452 4029 vita
3505 3988 3644 4043 sua,

224 4086 280 4125 v.
316 4069 461 4125 523.

306 4168 645 4240 Postquam
676 4160 1217 4239 Constantinopoli
1272 4161 1333 4219 in
1386 4159 1654 4239 patriam
1715 4179 1998 4220 reversus
2048 4169 2139 4219 est
2197 4161 2551 4237 Gregorius,
2613 4162 3069 4224 Nazianzenam
3139 4163 3367 4224 iterum
3431 4164 3639 4223 admi-

224 4263 489 4321 nistrare
543 4258 901 4330 Ecclesiam,
967 4257 1269 4318 anarchia
1324 4259 1740 4330 laborantem,
1805 4257 1882 4316 ab
1940 4256 2446 4335 Appollinaristis
2506 4257 2726 4318 misere
2783 4260 3146 4333 laceratam,
3184 4261 3334 4320 cleri
3392 4262 3645 4339 populi-

221 4378 343 4437 que
422 4356 707 4435 precibus
762 4362 820 4416 et
864 4355 1158 4433 lacrymis
1206 4360 1462 4416 coactus
1520 4362 1616 4415 est
1667 4373 1680 4426 ;
1744 4373 1875 4414 esse
1931 4354 2158 4414 iterum
2219 4354 2747 4416 administrationi
2809 4382 2838 4413 ‹‹
2898 4358 3205 4418 concessit
3247 4357 3354 4439 (g),
3416 4358 3641 4436 iugum

218 4457 384 4516 subit
416 4455 524 4533 (ἡ),
573 4454 737 4513 vinci
784 4471 857 4513 ac
898 4453 1179 4514 vinciri»
1214 4472 1279 4513 se
1334 4454 1564 4513 iterum
1620 4471 1818 4531 passu:

2073 4451 2337 4522 ἡττήθην,
2373 4447 2591 4523 δέσμιος
2624 4449 2884 4526 ἔρχομαι.
2946 4457 3179 4517 Verum
3240 4457 3402 4516 sicut
3462 4456 3645 4534 prius

215 4574 252 4614 a
285 4562 462 4631 patre
494 4552 713 4624 victus,
748 4551 838 4610 ita
868 4555 1181 4621 tum,non
1236 4550 1357 4610 «in
1422 4551 1705 4630 plenario
1763 4548 2028 4609 concilio
2088 4550 2534 4610 renuntiatus»
2608 4551 2686 4610 ab
2742 4552 3074 4630 episcopis,
3137 4552 3246 4612 sed
3296 4571 3334 4611 a
3398 4553 3644 4615 civibus

211 4658 459 4720 tantum
518 4648 860 4726 amicisque
918 4656 1195 4720 coactus,
1236 4649 1316 4708 ob
1380 4649 1596 4726 patris,
1625 4648 1693 4727 (ι)
1734 4669 1763 4705 «
1821 4646 2000 4725 cujus
2056 4646 2213 4706 solvi
2268 4647 2516 4707 labores
2572 4648 2844 4722 dolebat,
2895 4656 2956 4708 et
3012 4668 3231 4709 eorum
3281 4650 3390 4727 qui
3449 4650 3568 4711 hoc
3603 4672 3646 4713 a

213 4768 276 4809 se
340 4747 628 4826 precibus
684 4746 1149 4806 contendebant
1234 4747 1673 4817 reverentiam,
1733 4745 1811 4804 ad
1883 4744 2071 4803 breve
2156 4750 2402 4821 tempus
2474 4746 2919 4822 prafecturam
2999 4747 3179 4824 quasi
3267 4747 3495 4825 hospes
3553 4752 3639 4830 (λ’)

215 4846 475 4923 accepit,
539 4862 611 4903 ac
669 4844 859 4904 veluti
916 4845 1366 4922 peregrinus.»
1428 4848 1661 4905 Iterum
1720 4842 1830 4922 (Ir),
1894 4861 2020 4901 non
2059 4864 2085 4895 ‹‹
2143 4842 2448 4920 proprias,
2497 4865 2526 4896 »
2591 4843 2884 4922 proprius
2942 4850 3011 4903 ut
3064 4843 3421 4922 episcopus,
3465 4868 3493 4903 α
3528 4846 3640 4908 ba-

215 4946 430 5015 benas,
480 4965 511 4996 »
574 4940 683 5001 sed
718 4940 1036 5011 «alienas,
1077 4967 1103 4999 ν
1137 4946 1470 5018 ξένηνήνίαν,
1502 4941 1815 5019 suscepit;
1851 4939 2083 5019 quippe
2133 4938 2241 5017 qui
2296 4957 2370 4997 eo
2425 4938 2561 5016 ipso
2615 4938 2754 5000 loco
2802 4941 3058 5001 alterius
3114 4942 3321 5018 gregis
3368 4944 3631 5021 pedum,

285 5280 359 5351 (a)
395 5279 490 5335 Or.
526 5280 616 5349 12,
648 5280 722 5336 al.
754 5281 807 5336 8.
2042 5280 2110 5351 (Γ)
2141 5280 2244 5351 Ep.
2273 5276 2356 5351 _al_.
2386 5278 2512 5334 225.

285 5280 359 5422 (ag
395 5280 490 5335 0r.
526 5280 616 5349 12,
648 5280 722 5336 al.
754 5281 807 5336 8.
927 5353 939 5366 ,
1281 5356 1291 5367 ⁸
2042 5280 2110 5351 (Γ)
2141 5280 2244 5371 Ep.
2280 5280 2356 5334 al.
2386 5280 2512 5334 225.

281 5353 336 5467 Sb
388 5352 476 5433 ed
506 5352 731 5408 Pamm.
765 5356 822 5409 et
852 5358 1019 5426 epist.
1080 5354 1173 5425 51,
1231 5356 1355 5414 ιιι).
1388 5373 1405 5411 ι
1454 5363 1597 5413 cont.
1649 5354 1762 5411 Jov.
1804 5354 1861 5408 et
2159 5346 2494 5440 Εξτιδιδξρμι.
2523 5354 2623 5422 Ep.
2657 5349 2733 5405 al.
2764 5351 2891 5408 222.

309 5430 497 5476 scrwt.
529 5424 655 5476 sccl.
2150 5422 2323 5476 Αυγέν
2357 5423 2593 5476 εκαμὼα.
2629 5421 2819 5476 Carm.
2849 5424 2885 5475 7

206 5421 285 5479 De
309 5421 497 5493 seript.
529 5424 655 5479 sccl.
884 5421 905 5426 “
1160 5421 1168 5425 ’

281 5495 350 5579 lc.)
384 5493 560 5579 El'ist-
594 5495 669 5579 ⁸1·
701 5496 790 5579 42.:
1088 5570 1189 5579 ,μ
1262 5574 1271 5579 -

2038 5421 2117 5565 Eh)
2150 5421 2323 5495 Αὐχὲν
2357 5421 2593 5493 ἔκαμψαζ
2629 5421 2819 5478 Carm.
2849 5424 2905 5490 7,
2936 5440 2990 5479 v.
3025 5424 3117 5480 80.

2040 5494 2100 5579 ίί)
2132 5492 2321 5579 Carm.
2357 5494 2477 5579 145,
2510 5493 2722 5579 v..191_,
2756 5498 2817 5579 et
2842 5495 2944 5567 Ep.
2974 5494 3052 5553 al.
3084 5497 3153 5551 42

280 5563 347 5637 (d‘
389 5565 579 5623 Carm.
610 5568 685 5622 De
716 5570 827 5623 vita
853 5584 975 5641 sua,
997 5586 1053 5626 v.
1086 5570 1191 5627 528
1221 5574 1280 5629 et
1302 5587 1428 5646 seq.

280 5590 355 5712 (ei
388 5635 553 5713 Ibid.,
585 5654 637 5695 ν.
670 5639 797 5698 554.

1354 5587 1428 5646 iq.
2134 5570 2203 5624 Ως
2237 5563 2402 5632 ξένος,
2437 5564 2618 5637 Epist.
2652 5563 2726 5620 al.
2750 5566 2839 5621 42.
2888 5563 2908 5567 ⁷

2094 5635 2112 5707 )
2144 5636 2332 5695 Carm.
2365 5636 2491 5710 M5,
2526 5652 2576 5693 ν.
2613 5635 2716 5695 105
2743 5640 2800 5695 et
2829 5636 2954 5696 189.

2150 5419 2323 5495 ᾼῦχὲν
2357 5418 2819 5495 anticum.
2849 5424 2905 5490 7,
2936 5424 3117 5495 v.80.
