4052 6276
316 374 396 429 ’Π
1355 370 1775 431 PREFATIO
1824 366 2290 433 GENERALIS.
2326 404 2399 417 ——
2427 373 2627 434 PARS
2672 373 2753 434 Il.
3679 372 3757 434 78

318 512 492 569 ἀλλού
524 511 813 585 ποιμνίου,
847 504 1087 566 scilicet
1139 504 1840 585 Constantinopolitani,
1878 507 2222 585 suscepisse
2276 525 2342 567 se
2371 508 2646 569 fateatur
2675 507 2782 588 (a).
2837 508 3017 570 Unde
3076 526 3153 567 ne
3212 508 3275 568 id
3321 508 3599 587 quidem,
3636 509 3753 570 nisi

323 630 351 659 (ι
386 604 669 683 quandiu
701 604 965 676 valeret,
1000 625 1029 661 η
1066 603 1406 675 concessit;
1446 609 1635 681 atque
1666 604 1894 663 iternm
1922 605 2205 665 discessit
2235 606 2414 683 quasi
2446 606 2621 677 liber,
2659 607 3137 667 recrudescente
3170 607 3360 686 paulo
3395 613 3534 685 post
3566 607 3751 684 agri-

319 704 577 764 tudine:
615 727 644 759 ‹‹
678 701 1126 774 Constrictum,
1160 700 1367 779 inquit
1400 700 1503 779 (ὁ),
1538 719 1636 761 me
1678 701 1933 762 morbus
1965 706 2153 774 tenet,
2189 708 2250 762 et
2294 703 2374 762 ab
2404 704 2733 763 Eccclesia
2761 703 3207 781 gubernaculis
3255 704 3517 763 celerius
3549 704 3748 764 abdu-

323 802 436 861 xit.
471 822 501 857 n

404 925 583 997 Quod
655 943 805 985 vero
864 941 1114 984 omnem
1176 922 1340 983 tollit
1415 922 1896 995 dubitationem,
1956 923 2199 983 Eulalio
2274 926 2528 985 tandem
2590 928 2945 986 renuntiato
2997 926 3250 1003 publice
3326 931 3388 986 et
3442 926 3738 1005 episcopo

324 1023 610 1084 Nazianzi
643 1022 945 1082 canonice
976 1021 1288 1093 ordinato,
1324 1022 1603 1098 Nysseno
1636 1022 1888 1099 prasuli
1921 1026 1981 1081 et
2008 1021 2083 1080 iis
2113 1022 2220 1099 qui
2251 1040 2522 1082 canones
2574 1024 2980 1101 objiciebant,
3037 1024 3373 1103 respondet
3402 1026 3738 1101 Gregorius

323 1122 440 1202 (c):
481 1147 511 1177 α
542 1121 720 1193 Quod
752 1120 805 1179 si
844 1119 985 1198 quis
1016 1123 1128 1193 est,
1177 1118 1285 1196 qui
1333 1124 1512 1196 putet
1563 1119 1859 1197 episcopo
1904 1119 2152 1179 vivente
2182 1121 2372 1179 alium
2424 1121 2664 1181 institui
2695 1140 2818 1181 non
2851 1122 3103 1191 debere,
3136 1122 3188 1181 is
3227 1122 3381 1181 sciat
3412 1140 3477 1181 se
3506 1140 3583 1181 ne
3618 1123 3735 1182 hac

324 1220 578 1299 quidem
610 1220 673 1278 in
707 1224 885 1297 parte
918 1217 1096 1277 nobis
1117 1234 1307 1277 causa
1337 1216 1722 1294 superiorem
1755 1235 1909 1277 esse.
1935 1218 2119 1297 Apud
2141 1236 2359 1278 omnes
2386 1219 2552 1278 enim
2586 1219 2826 1297 liquido
2856 1224 3122 1292 constat,
3160 1238 3258 1279 me
3288 1238 3415 1279 non
3446 1218 3739 1279 Nazianzi

321 1320 427 1379 sed
459 1317 849 1379 Sasimorum
886 1315 1230 1375 antistitem
1262 1314 1652 1393 propositum
1688 1332 1821 1374 esse
1853 1332 1867 1385 ;
1901 1335 1928 1371 υ
1967 1314 2031 1374 id
2062 1322 2178 1387 est,
2211 1334 2288 1376 ne
2321 1317 2609 1376 Nazianzi
2638 1317 2889 1395 quidem
2921 1342 2951 1371 «
2984 1318 3400 1395 propositum,
3435 1338 3463 1373 η
3504 1317 3732 1377 nedum

320 1419 573 1497 publice
604 1436 676 1477 ac
706 1416 1008 1476 canonice
1035 1414 1460 1474 renuntiatum
1492 1431 1625 1473 esse
1651 1414 2040 1493 episcopum.
2094 1415 2484 1493 Exspirantis
2534 1422 2745 1475 tamen
2807 1417 2950 1476 vita
2986 1416 3303 1494 reliquias,
3343 1417 3393 1476 si
3433 1435 3545 1496 per
3573 1416 3737 1477 vale-

319 1516 602 1576 tudinem
633 1514 932 1585 licuisset,
966 1512 1099 1589 ipse
1127 1510 1419 1570 Ecclesia
1446 1511 1848 1570 Nazianzcna
1881 1520 2393 1573 consecraturum
2425 1532 2489 1573 se
2521 1514 2681 1592 epist
2712 1530 2903 1574 ccxxv
2927 1514 3278 1591 proﬁtetur,
3317 1514 3523 1593 potius
3545 1532 3737 1593 quam

318 1612 683 1685 Sasimensi,
719 1612 816 1671 cui
848 1627 1196 1687 nunquam,
1226 1609 1524 1686 inquiunt
1552 1609 2024 1682 Bollandenses,
2049 1628 2113 1669 se
2144 1610 2407 1670 credidit
2437 1611 2809 1688 obligatum,
2846 1612 2946 1670 cui
2977 1612 3150 1671 nullo
3184 1630 3458 1688 unquam
3495 1629 3736 1689 praco-

315 1712 406 1771 nii
437 1729 669 1788 genere
701 1709 1094 1769 renuntiatus
1126 1714 1258 1767 erat
1285 1724 1297 1765 :
1333 1725 1717 1784 quamquam
1750 1707 1813 1765 id
1847 1708 2146 1767 molestia
2196 1708 2575 1768 facessenda
2609 1709 2814 1786 gratia
2845 1709 3101 1787 quidam
3133 1710 3327 1769 invidi
3360 1728 3471 1789 per
3499 1710 3735 1770 calum-

315 1811 490 1870 niam
524 1814 586 1868 et
626 1829 654 1865 α
684 1806 1172 1876 contentionem,
1208 1828 1238 1858 »
1277 1810 1344 1863 ut
1372 1804 1605 1863 ibidem
1639 1804 1942 1881 loquitur,
1980 1804 2386 1881 objiciebant.

396 1935 748 1994 Innocuum
781 1950 906 2009 quo
939 1929 1193 1989 ludebat
1225 1928 1558 2006 Gregorius
1605 1946 1744 1988 cum
1782 1929 2194 2001 adversarios,
2241 1935 2372 1990 tum
2408 1950 2665 2002 amicos,
2703 1931 3035 1991 artiﬁcium
3088 1932 3227 2010 quis
3268 1951 3392 1992 non
3426 1932 3736 1992 miretur?

312 2035 469 2093 Cum
505 2032 585 2091 ad
618 2030 1071 2090 Nazianzenam
1109 2027 1444 2087 Ecclesiam
1476 2026 1667 2085 tacita
1700 2027 1923 2086 saltem
1955 2025 2393 2104 objectabatur
2422 2030 2826 2101 renuntiatio,
2855 2030 3271 2090 Sasimensem
3306 2030 3592 2108 protinus
3622 2030 3731 2090 de-

310 2129 735 2208 signationem
769 2126 1116 2203 regerebat,
1154 2130 1220 2182 ut
1266 2124 1447 2201 epist.
1482 2140 1663 2195 CXLII,
1718 2124 1899 2201 eique
1950 2125 2262 2196 Ecclesia,
2300 2144 2337 2185 a
2370 2145 2513 2203 qua,
2550 2126 2645 2185 vel
2676 2127 2935 2205 impleta
2967 2127 3063 2187 vel
3108 2127 3343 2187 abolita
3374 2128 3540 2201 sede,
3576 2127 3732 2187 nihil

310 2228 570 2305 penitus
611 2225 894 2296 timebat,
933 2225 1071 2302 plus
1128 2222 1404 2298 illigatus
1437 2240 1625 2300 quam
1685 2223 1990 2281 Nazianzo
2022 2222 2218 2282 videri
2279 2224 2549 2283 volebat.
2584 2226 2738 2283 Cum
2794 2230 3002 2284 autem
3033 2226 3112 2284 ad
3145 2225 3409 2289 Sasima.
3443 2232 3512 2284 ut
3541 2225 3724 2303 epist.

308 2344 536 2399 ccxxv,
573 2323 1014 2393 revocabatur,
1049 2326 1157 2379 aut
1189 2319 1386 2397 magis
1418 2325 1814 2397 contemptus
1846 2338 2035 2379 causa
2066 2320 2504 2397 relegabatur;
2560 2322 3012 2383 Nazianzenam
3044 2322 3210 2382 illico
3248 2346 3279 2376 «
3312 2322 3725 2382 renuntiatio-

309 2443 453 2483 nem
487 2448 518 2477 »
558 2420 915 2500 objiciebat,
978 2440 1005 2476 ‹‹
1040 2437 1164 2495 qua
1193 2436 1257 2477 se
1290 2416 1485 2476 teneri
1541 2417 2005 2477 «nihilominus
2036 2437 2159 2476 non
2206 2418 2475 2478 timeret.
2529 2420 2879 2479 Genuinum
2929 2420 3094 2479 hunc
3137 2439 3268 2481 esse
3317 2420 3730 2499 epistolarum

305 2537 591 2592 sensum,
650 2521 878 2595 prater
934 2515 1303 2592 gravissima
1333 2532 1473 2590 qua
1497 2512 1631 2590 jam
1692 2513 2019 2573 attulimus
2081 2520 2420 2586 momenta,
2468 2516 2738 2593 probant
2793 2516 3027 2576 eadem
3060 2516 3342 2594 epistola
3400 2534 3541 2588 XLII,
3590 2533 3722 2589 va,

307 2633 568 2687 Lxxxm,
604 2631 822 2688 ccxxv,
859 2614 920 2670 in
954 2610 1179 2689 quibus
1212 2610 1503 2669 omnibus
1533 2628 1638 2668 eos
1669 2610 1829 2669 salse
1877 2610 2037 2670 ridet
2067 2610 2194 2688 qui,
2227 2616 2297 2670 ut
2326 2610 2616 2671 Ecclesia
2650 2612 2989 2691 probarent
3022 2613 3307 2672 alterutri
3334 2630 3475 2672 vere
3508 2613 3727 2673 addic-

306 2721 467 2786 tum,
504 2713 743 2773 frustra
774 2726 1047 2770 canones
1077 2708 1505 2787 opponebant.

384 2838 482 2899 Ad
515 2836 840 2898 cumulum
872 2833 1132 2895 accedat
1155 2834 1287 2910 jam
1321 2833 1620 2912 palmaris
1650 2833 1846 2906 locus,
1872 2833 1980 2912 qui
2009 2833 2422 2893 Sasimensem
2454 2834 3041 2913 Nazianzenumque
3070 2834 3255 2894 simul
3287 2834 3719 2914 episcopatum

308 2936 597 3014 Gregorii
633 2934 725 2995 vel
758 2952 919 2993 unus
952 2932 1148 3010 possit
1194 2932 1270 2990 ad
1322 2931 1570 2990 fabulas
1601 2931 1963 2991 amandare.
2008 2932 2239 2991 Locum
2273 2931 2449 2991 illum
2484 2931 2739 2991 exhibet
2777 2950 3029 2991 carmen
3076 2934 3102 2991 1
3138 2932 3372 2992 editum
3424 2950 3461 2991 a
3491 2932 3717 3005 Tollio,

307 3053 466 3093 vers.
501 3036 621 3093 93:
664 3054 693 3089 (ι
724 3033 1035 3092 Caeterum
1084 3036 1494 3107 posteaquam
1527 3030 1920 3088 accessissem
1960 3053 1985 3084 ι
2037 3029 2667 3109 Constantinopolim,
2705 3052 2734 3085 ‹‹
2770 3029 2987 3089 relicta
3016 3029 3435 3108 Cappadocia,
3471 3048 3613 3107 qua
3640 3029 3717 3088 fi-

304 3133 403 3191 dei
436 3130 989 3210 propugnaculum
1023 3146 1153 3187 esse
1184 3128 1497 3205 plerisque
1528 3127 1794 3197 videtur,
1848 3144 2248 3205 nequaquam
2280 3126 2526 3187 deserto
2586 3127 2843 3205 populo,
2880 3128 2980 3187 cui
3010 3128 3224 3205 aliqua
3253 3127 3715 3189 necessitudine

303 3230 623 3305 obligatus
654 3246 849 3286 essem
878 3246 891 3288 Ξ
930 3231 992 3286 οὐ
1025 3231 1199 3285 λιπὼν
1234 3229 1383 3298 λαὸν,
1417 3228 1568 3284 οὐδὲν
1601 3235 1706 3284 τῶν
1743 3230 1903 3304 ἀναγκ

2109 3230 2218 3304 μοί.
2254 3244 2401 3285 nam
2448 3225 2557 3285 illa
2587 3230 2733 3284 sunt
2762 3224 3037 3285 hostium
3072 3244 3353 3285 meorum
3386 3225 3709 3304 ﬁgmenta,

301 3327 571 3406 falsique
603 3343 947 3397 sermones,
983 3323 1231 3383 invidia
1264 3322 1619 3383 velamenta
1649 3322 1939 3401 quadam
1972 3323 2291 3401 ingeniose
2322 3323 2701 3400 excogitata.
2743 3348 2770 3378 π

380 3456 480 3521 At,
518 3449 788 3527 inquies,
824 3446 1160 3525 Gregorius
1190 3464 1254 3505 se
1295 3447 1528 3506 fatetur
1574 3445 1894 3523 propriam
1944 3443 2239 3504 habuisse
2286 3445 2654 3518 Ecclesiam,
2688 3445 2876 3506 aliam
2927 3465 2964 3506 a
2996 3448 3717 3526 Constantinopolitam,

304 3549 398 3607 bis
429 3547 641 3606 verbis
663 3546 748 3624 (ιι)
776 3564 788 3604 :
827 3568 853 3603 α
886 3549 949 3605 ln
986 3545 1248 3622 gratiam
1283 3561 1473 3622 porra
1494 3560 1635 3602 cum
1660 3543 1920 3601 veritate
1950 3543 2227 3615 redeant,
2257 3543 2362 3620 qui
2386 3561 2498 3602 nos
2530 3543 2801 3602 alienam
2834 3562 3091 3604 uxorem
3124 3545 3495 3624 expetivisse
3517 3545 3719 3619 aiunt,

303 3665 445 3706 cum
478 3664 560 3705 ne
591 3645 911 3722 propriam
947 3644 1195 3720 quidem
1232 3641 1510 3701 habuere
1541 3640 1946 3700 voluerimus.
1982 3663 2009 3694 α
2046 3642 2195 3711 Qua
2224 3640 2675 3700 Thomassinus
2700 3642 2769 3718 te)
2795 3642 2875 3701 ad
2908 3642 3152 3702 Sasima
3181 3643 3402 3715 trahit,
3434 3643 3725 3721 quamvis

303 3744 684 3803 Nazianzum
717 3742 976 3819 perinde
1007 3745 1291 3817 spectare
1324 3739 1582 3816 possint.
1621 3739 1739 3797 Sed
1772 3738 2038 3798 Basilius
2069 3738 2436 3798 scholiastes
2467 3738 2601 3798 hac
2631 3740 2840 3811 verba,
2882 3762 2908 3793 α
2944 3741 3215 3799 alienam
3250 3759 3508 3800 uxorem
3544 3759 3581 3800 a
3612 3760 3729 3801 no-

297 3842 391 3900 bis
423 3839 770 3919 expetitam
804 3856 960 3907 esse,
998 3860 1028 3891 »
1066 3838 1157 3895 sic
1186 3836 1674 3913 interpretatur:
1709 3838 1835 3908 ἤτοι
1865 3862 1897 3894 κ

2145 3845 2330 3908 τὸῦτο,
2365 3841 2438 3901 ὡς
2472 3842 2987 3917 συκοφαντησάντων
3031 3842 3244 3910 οἰητὲον
3294 3848 3400 3895 τῶν
3455 3842 3724 3898 ἐναντίων·

295 3946 325 4010 ἢ
370 3943 462 3998 διὰ
488 3945 595 4010 τὴν
627 3941 953 4010 Ἐκκλησίαν
988 3937 1615 4000 Κωνσταντινουπόλεως
1648 3937 1895 4007 ἐκληπτέ

2121 3953 2130 3990 ι
2161 3940 2253 3992 est
2280 3951 2292 3990 :
2320 3933 2432 3992 Vel
2463 3932 2733 4009 idipsum
2766 3950 2876 4009 per
2902 3933 3300 3992 inimicorum
3334 3933 3721 3993 calumniam

293 4036 620 4113 objectum
656 4034 874 4092 t'uissse
899 4032 1248 4110 putandum
1272 4031 1490 4103 est,vel
1515 4048 1663 4089 sane
1696 4031 1772 4089 de
1802 4031 2077 4089 Ecclesia
2100 4030 2799 4107 (lonstantinopolitana
2828 4030 3291 4107 accipiendum.
3333 4054 3360 4085 ι
3396 4032 3482 4089 De
3512 4030 3727 4091 Eccle-

291 4135 379 4193 sia
412 4134 638 4210 itaque
672 4131 839 4190 dicta
873 4130 1007 4189 hac
1042 4130 1228 4188 etiam
1262 4128 1713 4205 intelligantur,
1765 4128 2056 4188 Ecclesia
2114 4134 2323 4186 tamen
2357 4128 2538 4187 alteri
2565 4128 2993 4204 mancipatum
3026 4145 3308 4205 unquam
3342 4128 3719 4205 Gregorium

292 4231 441 4291 inde
473 4248 603 4289 non
637 4229 837 4306 magis
866 4227 1169 4305 sequitur,
1211 4244 1401 4304 quam
1453 4226 1742 4285 eumdem
1803 4244 2065 4285 uxorem
2124 4225 2465 4302 aliquando
2496 4225 2748 4284 duxisse
2781 4242 2971 4302 quam
3007 4225 3330 4302 reliquerit
3366 4232 3605 4303 postea,
3642 4244 3721 4286 ex

292 4326 819 4406 interpretatione
864 4324 1060 4403 priori
1090 4330 1409 4401 sequatur.
1446 4322 1744 4400 Sequitur
1776 4330 2021 4382 tantum
2053 4340 2249 4381 uxore
2280 4340 2352 4381 ac
2386 4322 2675 4381 Ecclesia
2708 4340 2861 4381 cura
2890 4322 3149 4381 liberam
3185 4323 3587 4400 solutamque
3620 4322 3716 4381 vi-

296 4434 425 4484 tam
486 4430 552 4484 et
638 4420 1041 4482 matrimonio
1109 4420 1535 4497 anteposuisse
1590 4426 1651 4479 et
1707 4420 2122 4498 episcopatui,
2186 4419 2554 4497 priusquam
2614 4419 2693 4477 ad
2773 4419 3446 4497 Constantinopolitam
3511 4421 3724 4495 sedem

298 4522 694 4582 eveheretur.
731 4522 891 4580 Sunt
919 4536 1137 4577 versus
1168 4518 1451 4576 nonnulli
1486 4517 1778 4576 carminis
1812 4521 1865 4589 1,
1903 4518 2009 4594 qui
2041 4535 2182 4577 cum
2236 4516 2354 4575 hoc
2389 4516 2527 4575 loco
2558 4516 2901 4592 quamdam
2936 4515 3173 4575 habent
3200 4516 3571 4576 affinitatem
3607 4517 3721 4596 (f):

296 4617 453 4673 Ἀλλ’
483 4615 588 4670 οὐκ
617 4614 745 4687 ἐμὸν
782 4614 885 4690 γὰρ
913 4617 982 4686 τῇ
1019 4613 1109 4687 βίᾳ
1162 4610 1369 4684 κάμψαι
1420 4610 1571 4685 γόνυ,
1607 4608 1720 4665 οὐδ’
1751 4610 2084 4665 ἀσπάσασθαι
2134 4612 2232 4679 τὴν
2283 4612 2514 4682 ἄθεσμον
2557 4608 2795 4684 ἵδρυσιν,
2822 4611 2882 4671 ’ὸς
2933 4607 3058 4664 οὐδὲ
3105 4612 3205 4678 τὴν
3255 4606 3507 4683 ἔνθεσμον
3558 4612 3726 4687 ἠναγ-

289 4718 583 4785 κισμὲνος·
649 4726 806 4784 quos
870 4723 1084 4764 versus
1168 4704 1508 4774 Cardonus,
1601 4704 1769 4780 apud
1837 4703 2207 4763 Bollandum
2270 4700 2379 4780 (g),
2460 4701 2934 4779 paraphrastice
3019 4708 3078 4760 et
3136 4701 3345 4761 soluta
3429 4702 3717 4762 oratione

298 4807 537 4866 felicius
593 4806 681 4863 sic
736 4803 964 4874 reddit,
1025 4820 1214 4879 quam
1272 4802 1490 4861 Billius
1546 4800 1810 4860 stricta:
1850 4824 1880 4854 «
1916 4800 2032 4860 Sed
2095 4817 2221 4859 non
2278 4798 2353 4856 iis
2410 4816 2526 4874 ego
2585 4816 2721 4856 sum
2785 4796 3084 4870 moribus,
3120 4804 3187 4857 ut
3233 4797 3545 4858 violentia
3612 4798 3725 4858 ulli

298 4905 477 4964 facile
539 4902 891 4963 cedendum
952 4900 1323 4973 existimem,
1388 4906 1498 4958 aut
1555 4898 1996 4976 occupandam
2062 4896 2452 4964 cathedram,
2514 4914 2639 4954 non
2698 4895 2812 4953 rite
2871 4901 2932 4954 et
2988 4895 3148 4953 sicut
3203 4901 3454 4972 oportet
3526 4895 3721 4955 colla-

302 5009 452 5077 tam,
517 5001 626 5081 qui
658 5000 837 5061 nulla
895 4998 1141 5059 ratione
1199 5015 1418 5075 passus
1475 5013 1615 5056 sum
1678 4995 1740 5054 in
1800 5014 1874 5055 ea
1931 5013 2031 5054 me
2090 4994 2407 5066 collocari,
2458 5010 2647 5070 quam
2673 4991 2817 5070 jure
2875 4991 3232 5070 aquissimo
3272 4992 3556 5054 obtinere
3607 5012 3719 5074 po-

302 5109 520 5163 teram.
558 5123 591 5155 ι)

366 5474 446 5549 (a)
475 5472 579 5549 Ep.
612 5473 684 5549 al.
709 5473 843 5549 222.
2135 5463 2604 5549 (e)_12isc_z:p_._ecql.
2644 5465 2791 5535 part.
2824 5479 2863 5531 ι,
2898 5462 2936 5520 l.
2972 5479 3036 5535 ιι,
3066 5480 3116 5519 c.
3148 5462 3238 5532 25,
3273 5478 3331 5518 n.
3367 5461 3402 5519 9

387 5492 425 5532 a
475 5476 579 5548 Ep.
612 5476 684 5531 al.
709 5476 843 5531 222.
2158 5476 2207 5536 e)
2236 5476 2437 5536 Uz’sczp.
2470 5476 2604 5522 ecct.
2644 5478 2724 5535 pa:

387 5549 416 5603 b
468 5548 569 5620 Ep.
601 5546 678 5603 al.
709 5546 801 5603 88.
2158 5539 2203 5609 f)
2232 5541 2300 5592 V.
2334 5537 2469 5592 4071
2504 5540 2562 5590 et
2593 5552 2622 5590 s
2712 5577 2724 5590 .

385 5636 411 5674 ο
458 5620 562 5692 Ep.
603 5620 677 5676 al.
713 5619 801 5675 42.
1598 5678 1599 5681 η
2159 5611 2212 5680 g)
2244 5626 2300 5664 Ix
2328 5607 2485 5673 Maii,
2511 5624 2567 5681 p.
2601 5550 2724 5663 1333.

426 5694 438 5746 l
468 5691 620 5746 Orat.
644 5692 719 5746 al.
750 5691 845 5746 27.
883 5703 1046 5744 nunc
1080 5685 1170 5746 36.
1207 5702 1261 5740 n.
1292 5684 1345 5741 6.

387 5551 416 5603 b
468 5551 569 5620 Ep.
601 5551 678 5603 al.
709 5551 801 5603 88.
2138 5551 2203 5679 ἔγ)
2242 5551 2300 5592 v.
2334 5551 2469 5618 aut;
2504 5551 2562 5590 et
2593 5551 2724 5661 sqq.

365 5551 438 5769 ge}
458 5620 562 5692 Ep.
603 5620 677 5676 al.
713 5619 801 5675 42.
1080 5688 1097 5704 τ
1598 5678 1599 5681 η
2159 5611 2212 5680 g)
2244 5626 2300 5664 Ix
2328 5608 2485 5673 Man,
2511 5624 2567 5681 p.
2601 5607 2633 5661 4
2714 5648 2726 5663 .

421 5694 438 5765 )
468 5691 620 5749 Orat.
644 5692 719 5749 al.
750 5691 845 5763 27,
883 5703 1046 5744 nunc
1080 5685 1170 5763 d6,
1207 5702 1261 5740 n.
1292 5684 1345 5741 6.
