4052 6276
299 381 381 443 79
1311 364 1732 427 PR/EFA'I‘IO
1781 360 2245 423 GENERALIS.
2276 395 2354 407 —
2388 364 2587 424 PARS
2633 365 2711 425 ΙΙ.
3632 364 3706 427 80

389 512 757 591 Legitimam
815 505 980 567 enim
1036 502 1237 574 iliam,
1299 506 1367 560 ut
1421 501 1512 560 ita
1570 499 1816 575 loquar,
1883 521 1913 552 «
1974 495 1989 555 i

2104 496 2593 571 ironizationem,
2628 523 2657 555 ››
2697 502 2953 579 ἔνθεσμον
2986 504 3223 583 ἵδρυσιν,
3284 521 3411 562 non
3458 502 3704 575 factam,

312 614 419 674 sed
465 611 795 677 oblatam;
849 623 973 664 non
1032 600 1351 675 traditam,
1442 605 1509 658 ut
1563 596 1783 657 Billius
1840 594 2079 668 reddit,
2140 595 2247 654 sed
2332 597 2701 656 tradendam
2760 617 3017 659 uxorem
3080 601 3437 676 Gregorius,
3497 601 3548 660 si
3627 602 3716 659 fas

316 719 409 771 est
464 709 692 777 dicere,
752 698 1111 778 dereliquit.
1169 700 1293 757 Nec
1350 696 1590 755 incerta
1630 709 1765 753 res:
1825 692 2001 751 illam
2060 692 2333 770 probant
2380 712 2595 754 versus
2650 696 2944 756 carminis
3003 696 3089 757 De
3157 697 3282 758 vita
3335 716 3444 759 sua
3493 700 3606 758 5M
3661 704 3719 757 et

318 827 448 885 seq.
511 808 586 865 Et
642 805 806 861 certe
854 797 1089 858 nemini
1144 794 1406 855 dubium
1465 809 1599 852 esse
1654 794 1878 869 potest,
1943 790 2096 867 quin
2151 790 2447 862 universi,
2511 810 2637 852 non
2689 797 2935 853 tantum
2968 794 3328 874 provinciae,
3391 795 3498 855 sed
3551 794 3712 854 orbis

321 905 531 972 totius,
606 917 796 979 quam
855 896 980 957 late
1035 899 1232 973 patet,
1294 891 1593 970 praesules
1650 889 1729 948 ad
1814 886 2209 947 evehendum
2289 889 2657 966 Gregorium
2717 891 2797 951 ad
2868 891 3325 971 episcopatum,
3384 911 3494 953 seu
3552 894 3712 953 Sasi-

322 1018 622 1071 mensem,
681 1015 790 1056 seu
859 993 1315 1055 Nazianzenum
1374 989 1643 1048 libenter
1695 985 2176 1065 conspirassent,
2237 985 2288 1045 si
2342 985 2474 1065 ipse
2532 988 2964 1052 consensisset.
3032 1014 3062 1047 «
3092 993 3215 1052 Nec
3270 991 3459 1064 enim,
3521 991 3719 1069 inquit

320 1105 397 1163 de
426 1118 488 1160 se
520 1098 655 1176 ipso
684 1094 794 1174 (α),
832 1092 990 1153 adeo
1050 1088 1363 1170 episcopis
1420 1083 1811 1165 contemptui
1863 1102 2101 1156 sumus,
2163 1089 2232 1144 ut
2288 1083 2483 1144 alium
2542 1092 2834 1148 manente
2888 1107 2987 1150 me
3044 1090 3477 1151 renuntiarent
3512 1108 3525 1149 :
3560 1112 3588 1144 »
3649 1107 3719 1149 eo

322 1217 509 1261 sensu
569 1214 643 1254 ne
705 1188 1084 1271 «propriam
1144 1186 1396 1265 quidem
1457 1200 1739 1255 uxorem,
1796 1205 1824 1236 »
1888 1182 2177 1242 sedemve
2233 1182 2605 1261 legitimam,
2666 1208 2696 1241 (ς
2757 1185 2992 1247 habere
3047 1209 3076 1245 ι)
3140 1187 3411 1249 voluisse
3468 1189 3722 1249 creden-

325 1299 443 1357 dus
497 1299 610 1354 est.
673 1289 934 1351 Leviora
963 1292 1108 1346 sunt
1166 1302 1305 1362 quae
1367 1282 1770 1361 objiciuntur,
1833 1279 2003 1357 quod
2062 1280 2397 1356 Gregorius
2448 1300 2719 1342 «suos»
2783 1285 3062 1363 appellat
3122 1286 3544 1347 Nazianzenos
3597 1285 3720 1365 (b):

331 1391 547 1452 «sui»
612 1387 891 1467 profecto
947 1388 1148 1454 erant,
1183 1381 1408 1459 patria,
1454 1377 1870 1450 habitatione,
1933 1376 2183 1450 affectu,
2240 1396 2391 1438 cura
2443 1397 2515 1439 ac
2569 1380 2990 1443 sollicitudine
3048 1402 3290 1457 eorum,
3342 1402 3529 1463 quam
3588 1384 3724 1462 plu—

326 1493 448 1553 ries
503 1484 794 1564 suscepit,
856 1483 985 1542 sive
1042 1480 1190 1540 dum
1226 1486 1401 1557 pater
1450 1478 1624 1536 senio
1678 1476 1999 1535 confectus
2054 1481 2369 1553 superstes
2424 1482 2605 1550 esset,
2657 1480 2785 1539 sive
2841 1486 2982 1559 post
3039 1487 3304 1542 mortem
3355 1482 3574 1561 ipsius,
3608 1481 3730 1541 sive

332 1594 473 1668 post
540 1584 894 1645 abdicatam
956 1579 1164 1639 sedem
1226 1573 2013 1653 (lonstantinopolitanam,
2079 1572 2187 1631 sed
2243 1592 2567 1652 nunquam
2627 1581 2695 1636 ut
2755 1578 3045 1656 proprius
3097 1596 3315 1639 eorum
3373 1580 3725 1658 episcopus.

333 1690 444 1748 Sat
500 1684 576 1743 de
608 1677 945 1743 Sasimensi
975 1683 1037 1737 et
1093 1673 1479 1736 Nazanzieno
1509 1672 1974 1752 episcopatibus
2026 1671 2287 1745 dictum,
2325 1680 2516 1750 atque
2572 1674 2761 1735 etiam
2810 1677 2995 1754 plura
3022 1677 3236 1738 forsan
3267 1696 3457 1757 quam
3490 1693 3735 1737 necesse

336 1789 491 1845 erat.

416 1877 660 1941 Amotis
746 1871 1083 1936 Sasimensi
1164 1875 1226 1931 et
1294 1870 1682 1930 Nazianzeno
1764 1867 2249 1947 episcopatibus,
2340 1887 2497 1946 quos
2555 1889 2877 1950 nunquam
2936 1891 2974 1933 a
3030 1873 3328 1952 Gregorio
3400 1880 3734 1954 occupatos

338 1980 523 2041 fuisse
568 1975 1064 2035 demonstratum
1123 1968 1303 2028 nobis
1359 1967 1642 2039 vedetur,
1695 1972 1976 2045 superest
2032 1970 2101 2025 ut
2155 1965 2254 2025 vel
2308 1967 2561 2040 nullius,
2616 1969 2712 2029 vel
2772 1989 2921 2031 sane
2978 1971 3150 2031 urbis
3206 1972 3732 2052 Constantinopo-

338 2080 435 2150 lis,
496 2091 609 2134 ncc
657 2070 778 2131 nisi
861 2065 1429 2145 Constantinopolis
1515 2066 1846 2144 episcopus
1935 2062 2327 2123 renuntiatus
2402 2065 2588 2125 fuerit
2646 2068 3001 2146 Gregorius.
3066 2070 3739 2150 Constantinopolitani

337 2171 614 2255 episcopi
670 2167 923 2229 titulum
981 2164 1264 2244 plerique
1322 2181 1513 2223 manu
1590 2160 1832 2222 exarati
1879 2159 2124 2220 codices
2206 2162 2549 2240 praeferunt
2604 2180 2617 2235 ;
2705 2165 3473 2245 Constantinopolitanum
3531 2186 3746 2229 revera

340 2272 709 2351 episcopum
768 2264 959 2324 fuisse
1014 2280 1113 2322 res
1169 2260 1307 2339 ipsa
1363 2259 1667 2339 loquitur,
1732 2258 2079 2337 loquuntur
2136 2263 2277 2317 acta
2334 2258 2692 2338 scriptaque
2749 2262 2983 2321 omnia.
3018 2265 3219 2324 Tanta
3248 2264 3502 2325 fuerunt
3559 2265 3750 2346 «ple—

335 2371 452 2440 bis,
544 2379 993 2447 possessorum,
1052 2381 1080 2416 »
1176 2365 1243 2418 ut
1324 2375 1595 2418 canones
1681 2354 2146 2435 praescribunt,
2237 2354 2751 2431 clarissimorum,
2838 2359 3260 2438 imperatoris,
3348 2362 3518 2436 cleri,
3612 2362 3743 2441 epi-

336 2483 760 2546 scOporum,»
825 2459 1102 2519 virorum
1162 2457 1352 2517 etiam
1411 2473 1483 2514 ac
1548 2453 1903 2525 mulierum,
1995 2451 2361 2529 Gregorium
2452 2455 2783 2531 praesulem
2860 2458 3317 2534 postulantium
3402 2459 3614 2520 studia
3682 2465 3742 2520 et

337 2577 503 2632 vota.
569 2569 635 2621 ut
691 2576 875 2619 nemo
931 2556 1103 2627 satis,
1164 2555 1281 2613 nisi
1339 2553 1672 2629 Gregorius
1727 2554 1884 2629 ipse,
1944 2549 2149 2609 verbis
2235 2552 2631 2628 expresserit.
2691 2553 2844 2613 Cum
2902 2555 3292 2616 Theodosius
3348 2557 3521 2617 urbis
3578 2560 3737 2619 Con-

338 2657 913 2737 stantinopolitanae
973 2652 1265 2713 ecclesias
1323 2649 1658 2711 Catholicis
1731 2647 2028 2719 restituit,
2087 2665 2339 2725 unaque
2397 2667 2540 2707 cum
2599 2667 2671 2709 eo
2731 2652 3033 2729 majorem
3093 2653 3417 2714 basilicam
3475 2655 3746 2716 Theolo-

344 2778 458 2838 gus
513 2757 724 2828 subiit,
785 2753 892 2831 qui
948 2750 1119 2829 prius
1176 2755 1312 2809 erat
1365 2746 1429 2806 in
1489 2746 1704 2806 nubilo
1762 2744 1854 2804 sol
1911 2744 2174 2804 refulsit.
2243 2745 2417 2815 «lbi,
2456 2770 2483 2799 »
2543 2747 2747 2825 inquit
2802 2750 3139 2826 Gregorius
3196 2750 3295 2830 (ο),
3363 2770 3568 2811 «cum
3628 2753 3745 2812 hoc

344 2854 699 2937 spectaculo
755 2850 1044 2911 subiisset
1096 2848 1340 2907 animos
1397 2844 1710 2915 ﬁducia,»
1774 2860 1915 2920 quas
1973 2842 2190 2902 aderat
2250 2843 2584 2904 multitudo
2648 2845 2981 2906 «clamare
3034 2847 3179 2908 totis
3207 2848 3443 2909 viribus
3500 2868 3575 2910 ac
3633 2850 3741 2911 de-

347 2971 603 3035 poscere
652 2940 792 3022 nos,
853 2948 915 3008 in
974 2945 1450 3024 praesentiarum
1510 2963 1537 2999 »
1600 2940 1771 3000 haud
1828 2940 2011 2999 aliter
2071 2963 2102 2995 «
2131 2958 2204 3000 ac
2257 2940 2307 2999 si
2366 2942 2485 3001 hoc
2544 2962 2735 3002 unum
2795 2944 3131 3021 defuisset;
3196 2946 3613 3027 princepsque
3662 2966 3734 3009 ac

346 3052 691 3113 maximum
752 3063 1062 3107 asummo
1116 3042 1397 3121 principe
1452 3040 1571 3099 hoc
1624 3038 1860 3099 civitati
1917 3039 2048 3098 fore
2106 3038 2348 3098 thronis
2403 3040 2553 3118 ipsis
2609 3043 3117 3121 anteponendum
3151 3062 3398 3115 munus,
3454 3046 3505 3105 si
3568 3046 3736 3106 urbis

344 3152 560 3211 solio»
629 3142 972 3225 episcopali
1034 3163 1062 3198 (t
1092 3141 1172 3200 ab
1227 3140 1365 3217 ipso
1418 3139 1818 3198 donaremur.
1878 3136 2010 3196 Hoc
2066 3136 2183 3195 viri
2240 3136 2542 3215 dignitate
2594 3140 2921 3219 praecipui,
2983 3142 3102 3201 hoc
3160 3142 3447 3203 infimum
3507 3146 3742 3224 vulgus

346 3247 648 3327 agitabat.
708 3245 936 3304 Omnes
992 3257 1067 3299 ex
1155 3255 1336 3315 aequo
1394 3254 1525 3295 rem
1604 3233 2066 3304 desiderabant,
2127 3233 2265 3311 pari
2348 3235 2704 3313 ﬂagrabant
2787 3238 3135 3300 desiderio:
3226 3240 3346 3301 hoc
3403 3240 3530 3301 alta
3592 3259 3740 3303 voce

346 3347 638 3407 mulieres
666 3338 1115 3409 inclamabant,
1152 3353 1313 3414 pene
1344 3334 1615 3413 amplius
1670 3351 1861 3411 quam
1922 3331 2217 3392 mulieres
2272 3332 2540 3395 deceret.
2590 3336 2959 3396 Incredibile
2999 3338 3339 3415 quoddam,
3376 3356 3743 3417 repercusso

340 3446 611 3522 fragore,
648 3438 881 3499 tonitru
916 3433 1311 3496 audiebatur.
1344 3457 1374 3487 »

419 3546 595 3603 'l‘unc
652 3536 905 3615 quidem
963 3532 1111 3592 vicit
1157 3529 1463 3607 Theologi
1537 3528 1845 3589 modestia
1900 3527 2005 3607 (ά),
2071 3546 2275 3606 neque
2334 3535 2468 3589 tum
2528 3531 2669 3609 cogi
2728 3533 2933 3610 potuit
2989 3539 3058 3593 ut
3109 3533 3465 3612 episcopale
3516 3536 3742 3596 solium

340 3638 834 3701 conscenderet:
917 3648 1137 3691 verum
1226 3628 1307 3689 ad
1386 3626 1664 3705 agendas
1748 3626 1857 3685 uni
1938 3628 2066 3685 Deo
2150 3626 2385 3703 gratias
2460 3629 2681 3708 populi
2788 3630 2989 3690 studia
3078 3632 3172 3691 vir
3228 3631 3499 3705 divinus,
3532 3638 3743 3695 θειότα-

337 3765 451 3810 τος,
518 3733 781 3813 provida
861 3727 1233 3789 dexteritate
1315 3725 1625 3785 convertit
1684 3723 1781 3803 (e).
1842 3725 1996 3784 Tam
2082 3725 2366 3784 unanimi
2422 3726 2704 3786 omnium
2768 3727 3061 3788 ordinum
3120 3730 3549 3807 postulationi,
3614 3738 3739 3792 tam

340 3834 703 3897 ardentibus
760 3827 919 3889 votis
998 3831 1059 3886 et
1114 3823 1516 3895 clamoribus,
1604 3822 2068 3900 episcoporum,
2128 3822 2519 3901 plenariique
2597 3825 2846 3885 concilii
2903 3826 3242 3904 provinciae
3314 3847 3441 3888 non
3494 3834 3742 3890 tantum

341 3934 448 3995 sed
508 3928 777 3992 Orientis
833 3925 1021 3986 etiam
1103 3940 1263 4001 pene
1326 3921 1517 3980 totius
1601 3926 1662 3979 et
1734 3920 2138 3980 oecumenicae
2215 3920 2439 3997 synodi
2520 3923 2821 4001 suffragia
2904 3924 3269 3985 solemniter
3323 3935 3745 3987 accesserunt.

347 4029 724 4107 «Quidquid
754 4025 993 4099 Oriens,
1028 4024 1233 4100 inquit
1260 4022 1370 4101 (ί),
1432 4020 1732 4092 habebat,
1792 4026 2053 4098 excepta
2096 4021 2388 4099 zEgyplo,
2450 4023 2669 4101 populi
2716 4024 3065 4083 antistitum
3098 4024 3178 4085 ad
3227 4028 3491 4087 Romam
3553 4047 3753 4106 usque

342 4128 709 4201 secundum,
744 4130 924 4185 terrae
984 4122 1302 4198 marisque
1359 4138 1437 4179 ex
1492 4118 1793 4178 recessius
1846 4117 2085 4177 intimis
2142 4119 2524 4179 concitatum
2584 4121 2731 4181 coit.
2798 4122 2903 4181 His
2961 4123 3339 4199 praesidebat
3370 4125 3463 4183 vir
3517 4126 3752 4203 pietate

343 4228 781 4290 maximus.....
845 4220 1124 4281 moribus
1180 4218 1457 4278 mellitus
1535 4218 1864 4295 (Meletius)
1948 4223 2010 4276 et
2066 4219 2340 4276 nomine.
2403 4218 2478 4276 Hi
2565 4238 2663 4279 me
2720 4220 3032 4280 collocant
3091 4222 3490 4301 firmantque,
3550 4231 3751 4300 πήξον-

338 4356 451 4400 τες,
484 4327 547 4385 in
580 4326 848 4401 augusta
902 4319 1048 4381 sede
1106 4317 1483 4377 clamantem
1544 4320 2047 4393 gementemque,
2112 4333 2237 4373 una
2293 4319 2504 4374 tamen
2572 4316 2649 4375 de
2705 4335 2896 4377 causa
2951 4337 3077 4377 non
3134 4318 3322 4397 plane
3379 4338 3743 4399 repugnan-

340 4433 488 4486 tem.
523 4446 551 4482 »

419 4522 537 4583 Sed
574 4537 684 4579 nec
740 4515 1180 4595 [Egyptiorum
1241 4512 1430 4573 etiam
1488 4510 1755 4571 defuisse
1812 4509 2058 4570 videtur
2114 4528 2476 4586 consensus,
2537 4531 2695 4589 quos
2751 4512 3005 4591 quidem
3060 4515 3330 4576 maxime
3386 4514 3483 4575 his
3542 4516 3754 4578 verbis

336 4618 681 4697 alloquitur
738 4613 1073 4692 Gregorius
1131 4610 1254 4691 (g):
1323 4609 1547 4681 «Heri,
1610 4615 1681 4670 ut
1734 4608 1825 4668 ita
1881 4608 2111 4681 dicam,
2170 4608 2592 4683 inthronistae,
2628 4610 2813 4671 hodie
2868 4619 3324 4690 persecutores,
3358 4630 3432 4673 ac
3489 4631 3523 4672 e
3567 4612 3749 4673 thro-

337 4738 441 4785 no,
503 4718 565 4775 in
626 4733 750 4793 quo
812 4730 911 4771 me
960 4710 1333 4780 collocastis,
1396 4708 1825 4767 deturbantes.
1886 4728 1915 4761 »
1984 4705 2423 4783 Conjecturam
2510 4712 2800 4767 astruunt
2856 4707 3151 4767 carminis
3207 4708 3488 4787 ejusdem
3549 4710 3748 4769 versi-

336 4816 458 4874 culi
495 4816 645 4873 1810
706 4817 767 4870 et
822 4813 995 4883 1811,
1058 4808 1287 4885 quibus
1342 4811 1607 4865 testatur
1661 4804 1989 4882 [Egyptios
2051 4802 2305 4861 minime
2365 4803 2633 4863 voluisse
2687 4805 2751 4864 in
2811 4805 3039 4866 throno
3100 4808 3745 4885 Constantinopolita-

340 4934 419 4973 no
476 4913 740 4971 alterum
799 4926 837 4968 a
895 4926 959 4967 se
1009 4906 1368 4977 collocare;
1428 4904 1577 4982 quin
1637 4912 1699 4962 et
1782 4901 2101 4962 contraria
2157 4902 2452 4978 Gregorio
2509 4902 2628 4979 ipsi
2689 4904 2947 4964 omnino
2995 4905 3372 4983 persuadere
3432 4906 3752 4965 conaban-

340 5020 462 5079 tur,
525 5008 682 5069 adeo
740 5014 809 5066 ut
841 5004 1074 5063 nullius
1105 5004 1167 5062 in
1230 5010 1359 5063 toto
1392 5001 1658 5062 concilio
1716 4999 1992 5078 generali
2047 5017 2386 5059 consensus
2442 5006 2632 5079 atque
2686 5001 3055 5080 suffragium
3114 5003 3382 5063 defuisse
3433 5003 3749 5063 videatur.

339 5107 674 5185 Gregorius
730 5109 966 5175 autem,
1027 5102 1137 5181 qui
1191 5101 1372 5161 binos
1429 5099 1826 5178 episcopatus
1904 5099 2174 5174 fugerat,
2236 5098 3002 5177 Constantinopolitanum
3078 5101 3350 5180 suscepit
3404 5118 3515 5179 spe
3571 5101 3748 5179 pacis

336 5201 784 5273 conciliandae;
846 5216 1046 5277 eaque
1127 5198 1461 5276 desperata
1538 5194 1834 5271 deseruit,
1895 5198 1964 5253 ut
2046 5192 2111 5252 in
2169 5193 2527 5272 solitudine,
2590 5197 2715 5256 Deo
2799 5202 3161 5274 contentus,
3257 5197 3533 5277 expetita
3590 5213 3747 5275 pace

405 5469 615 5549 (a)ll_1p.
656 5468 851 5549 al.“42.
918 5539 927 5549 .
1055 5537 1067 5549 .
1176 5538 1206 5549 η

2169 5462 2243 5549 te)
2267 5462 2799 5549 [Theodoretumst
2833 5462 2936 5521 lib.
2969 5480 3113 5549 vlle;
3142 5466 3195 5523 8.

404 5534 480 5622 (b)
508 5534 700 5622 (farm:
734 5540 811 5595 De
836 5539 952 5622 suis
982 5537 1229 5622 cal‘anqut.
1260 5612 1270 5622 .

2166 5534 2241 5622 lfl
2264 5534 2456 5622 (ers-
2486 5536 2707 5622 Desii?
2735 5553 2855 5611 εαα»
2886 5553 2939 5594 ν·
2974 5538 3134 5597 150⁷.

404 5606 474 5742 (ej
505 5618 583 5670 De
610 5613 771 5669 rebus
797 5612 935 5694 suis,
966 5628 1020 5667 v.
1053 5611 1192 5665 1374
1222 5612 1279 5665 et
1309 5624 1438 5679 sqq.
2166 5606 2244 5679 (g)
2276 5606 2450 5681 Ibid.,
2481 5624 2533 5667 γ.
2568 5607 2726 5666 1931.

404 5694 428 5777 ς
463 5688 482 5767 )
511 5684 699 5744 Carm.
739 5689 815 5743 De
852 5691 965 5744 vita
986 5699 1110 5759 sua,
1138 5698 1193 5739 v.
1227 5680 1387 5759 1393.
