4052 6276
358 430 432 493 81
1375 444 1790 509 ΡΗλΕΡΑΤΙΟ
1846 446 1958 509 GEl

2183 445 2307 507 'olS.
2341 478 2415 491 --
2453 445 2656 505 PARS
2702 442 2777 505 ll.
3705 444 3783 507 82

359 569 698 632 frueretur.
768 572 866 634 Ita
950 576 1121 655 quod
1202 579 1538 641 schismate
1614 583 2048 643 laborantibus
2148 582 2484 641 Corinthiis
2546 580 2636 639 vir
2691 580 3073 657 apostolicus
3149 578 3433 640 Clemens
3516 580 3783 658 epistola

360 668 551 745 ΡΓίοΓί
604 670 917 733 suadebat
973 676 1080 755 (α),
1139 682 1206 737 ut
1240 702 1268 733 ‹‹
1301 680 1368 740 Si
1426 681 1566 757 quis
1624 689 1784 741 esset
1840 700 2201 758 generosus,
2236 680 2286 738 si
2344 680 2483 757 quis
2545 678 2916 748 misericors,
2956 677 3005 736 si
3076 678 3213 756 quis
3273 678 3598 736 charitatis
3646 680 3778 755 ple—

358 784 499 841 nus,
536 767 810 829 diceret:
847 771 915 832 Si
971 780 1228 852 propter
1284 796 1385 836 me
1443 778 1661 839 seditio
1701 786 1762 839 et
1822 779 2135 838 discordia
2194 783 2255 837 et
2309 776 2675 847 schismata,
2735 776 3090 835 discedo....
3152 775 3352 835 solum
3388 776 3549 835 ovile
3600 776 3777 836 Chri-

357 866 435 925 sti
466 866 532 926 in
563 887 719 946 pace
777 872 988 949 degat,
1024 896 1054 928 »
1117 881 1287 945 etc.;
1349 878 1427 937 ad
1488 880 1655 957 quod
1702 885 1993 957 paratum
2053 898 2115 939 se
2149 897 2279 938 esse
2336 883 2480 955 post
2536 876 2893 954 exemplum
2952 875 3257 953 Theologi
3296 874 3776 954 Chrysostomus

354 964 778 1041 proﬁtebatur
836 968 968 1049 (b):
1052 972 1113 1031 id
1173 975 1509 1052 Gregorius
1567 980 1991 1037 Nazianzenus
2047 977 2250 1053 reipsa
2308 975 2618 1052 praestitit,
2684 974 2793 1051 qui
2850 979 2917 1032 ut
2972 973 3265 1034 seditioni
3321 973 3572 1034 obviam
3629 974 3767 1048 iret,

356 1068 695 1139 postquam
755 1067 835 1124 ad
921 1070 1679 1149 Constantinopolitanam
1765 1075 1977 1134 sedem
2064 1076 2359 1133 admotus
2442 1079 2622 1144 esset,
2687 1071 2971 1149 protinus
3044 1070 3337 1131 Ecclesia
3417 1072 3772 1149 repudiavit

355 1159 823 1235 praefecturam,
886 1183 1002 1224 nec
1031 1166 1218 1226 aliam
1284 1190 1312 1225 ί(
1345 1169 1436 1228 vir
1496 1188 1920 1247 generosus,»
1958 1176 2028 1230 ut
2081 1171 2285 1229 verbis
2343 1170 2407 1229 S.
2469 1169 2801 1228 Clementis
2858 1175 3023 1240 utar,
3093 1190 3120 1224 tt
3152 1168 3247 1226 vir
3304 1168 3656 1228 misericors
3707 1174 3770 1229 et

354 1254 584 1333 plenus
639 1260 991 1335 charitatis,
1046 1287 1074 1317 »
1137 1265 1264 1325 vita
1320 1267 1529 1326 divina
1584 1268 1868 1345 insignis,
1934 1268 2305 1327 Christianae
2362 1267 2423 1326 in
2456 1266 2735 1326 Ecclesia
2765 1267 2936 1343 pacis
2994 1273 3235 1343 martyr
3290 1272 3351 1325 et
3409 1266 3617 1325 hostia
3660 1266 3761 1343 (ι’),

355 1359 687 1420 discedens
761 1358 842 1418 ab
906 1360 1283 1438 imperatore
1356 1367 1645 1443 poposcit
1699 1367 1988 1442 gratiam,
2076 1365 2193 1424 nisi
2249 1372 2319 1424 ut
2404 1364 2479 1424 ad
2541 1364 2938 1423 concordiam
3014 1364 3352 1421 adduceret
3408 1362 3756 1439 episcopos,

356 1453 749 1508 contestatus
809 1466 875 1506 se
932 1450 1151 1509 mundi
1224 1456 1447 1529 gratia,
1509 1472 1649 1531 qua:
1706 1456 2063 1532 patiebatur
2145 1454 2276 1532 pati
2332 1453 2535 1519 facile,
2596 1459 2656 1511 et
2713 1452 2789 1511 ad
2846 1452 3302 1510 conciliandam
3365 1451 3601 1509 mundo
3658 1469 3763 1527 pa-

351 1563 487 1605 cem
547 1544 701 1603 urbe
755 1543 1114 1623 thronoque
1169 1550 1467 1609 excedere
1525 1551 1812 1625 libenter,
1870 1551 2012 1628 paci
2068 1550 2337 1628 denique
2395 1549 2606 1608 omnia
2635 1548 2862 1607 litare:
2907 1548 3125 1619 «Quin
3186 1546 3375 1606 etiam
3431 1546 3571 1615 scis,
3607 1567 3635 1602 ι)
3673 1546 3759 1604 in-

347 1644 489 1721 quit
548 1642 656 1721 (d),
719 1643 959 1722 alloqui
1015 1663 1278 1724 pergens
1306 1648 1749 1727 imperatorem
1809 1649 2252 1722 Theodosium,
2293 1666 2542 1726 «quam
2602 1647 3014 1707 reluctantem
3048 1646 3109 1704 in
3166 1645 3395 1705 throno
3426 1663 3525 1705 me
3569 1644 3759 1705 collo-

339 1742 523 1803 casti.
564 1765 592 1797 ι

430 1842 768 1917 Nunquam
854 1840 1294 1916 Sasimensem,
1376 1864 1695 1922 nunquam
1782 1845 2236 1906 Nazianzenum
2324 1844 2685 1923 episcopum
2772 1861 2836 1902 se
2895 1842 3052 1902 dixit
3133 1840 3331 1901 dicive
3384 1859 3603 1920 passus
3661 1847 3753 1903 est

344 1937 709 2013 Gregorius,
770 1937 877 1997 sed
934 1956 1177 2016 semper
1231 1940 1293 1999 in
1351 1943 1733 2003 carminibus
1790 1950 1852 2003 et
1899 1943 2178 2021 epistolis
2234 1942 2637 2001 vehementer
2692 1941 3040 2001 reclamat:
3103 1938 3745 2017 Constantinopolita-

334 2054 491 2094 nam
552 2052 698 2093 vero
755 2035 963 2094 sedem
1022 2054 1085 2095 se
1141 2039 1450 2116 accepisse
1483 2042 1733 2111 fatetur,
1795 2041 1857 2099 in
1923 2062 1996 2101 ea
2054 2062 2118 2100 se
2175 2040 2550 2099 collocatum
2609 2039 2796 2097 fuisse
2846 2043 3129 2107 testatur,
3163 2054 3357 2113 seque
3388 2037 3518 2114 ipse
3550 2038 3745 2097 nomi-

330 2139 449 2192 nat
504 2132 676 2191 illius
735 2132 905 2191 urbis
957 2134 1342 2212 episcopum.
1404 2141 1582 2197 Certe
1639 2158 1751 2198 nec
1806 2139 2010 2215 major
2067 2156 2180 2197 nec
2209 2138 2487 2215 apertior
2520 2137 2646 2196 ulla
2704 2142 2907 2215 potest
2961 2154 3094 2193 esse
3150 2136 3491 2195 auctoritas
3548 2156 3739 2214 quam

330 2230 503 2289 istud
564 2228 908 2289 authentici
968 2234 1325 2293 testamenti
1399 2235 1775 2313 principium
1836 2243 1896 2295 et
1948 2236 2107 2294 ﬁnis.
2200 2240 2287 2294 Ac
2348 2234 2720 2313 principium
2781 2231 3074 2309 quidem:
3143 2233 3557 2309 «Gregorius,
3645 2235 3741 2294 in-

333 2327 496 2404 quit,
560 2327 892 2403 episcopus
947 2328 1272 2389 catholicae
1355 2334 1929 2411 Constantinopolis
2002 2334 2313 2402 Ecclesiae,
2380 2334 2591 2391 vivens
2660 2349 2733 2389 ac
2791 2330 3137 2408 prudens...
3198 2354 3228 2384 »
3293 2331 3360 2388 In
3420 2331 3542 2390 fine
3598 2351 3743 2392 vero

333 2424 717 2501 subscriptio
773 2425 911 2484 haec
968 2432 1115 2485 est:
1179 2430 1513 2506 Gregorius
1568 2431 1896 2509 episcopus
1953 2431 2282 2491 catholicae
2341 2428 2916 2505 Constantinopolis
2996 2429 3290 2487 Ecclesiae
3374 2429 3566 2506 relegi
3650 2436 3743 2490 te-

333 2525 748 2592 stamentum,
812 2526 874 2581 et
956 2523 1169 2583 omnia
1249 2526 1608 2604 approbans
1692 2527 2031 2605 subscripsi
2114 2546 2303 2586 manu
2389 2545 2549 2599 mea,
2611 2532 2673 2585 et
2740 2526 2862 2584 vim
2923 2524 3207 2585 obtinere
3288 2525 3432 2586 volo
3507 2532 3569 2587 et
3641 2527 3745 2605 ju-

332 2621 479 2679 beo.
514 2642 547 2673 »

422 2723 706 2801 Denique
774 2722 942 2781 inter
1014 2719 1339 2799 episcopos
1412 2723 2139 2801 Constantinopolitanos
2198 2724 2258 2781 in
2318 2722 2755 2801 episcOporum
2834 2720 3021 2798 hujus
3080 2721 3249 2781 urbis
3301 2721 3456 2782 serie
3511 2721 3598 2782 sic
3655 2740 3747 2782 re-

332 2826 681 2882 censetur:
750 2845 778 2875 α
837 2817 1171 2895 Gregorius
1226 2819 1604 2897 Theologus,
1666 2822 2052 2883 Sasimorum
2111 2822 2380 2899 primum
2439 2820 2769 2898 episcopus
2826 2819 3251 2898 (designatus),
3316 2820 3746 2882 Constantino-

333 2919 654 2998 politanus
726 2916 844 2977 sub
901 2915 1254 2976 Theodosio
1308 2918 1537 2996 Magno
1597 2920 1989 2979 renuntiatus
2045 2927 2159 2988 est,
2223 2920 2403 2997 eique
2462 2919 2597 2977 haec
2654 2918 2847 2989 sedes,
2894 2915 3085 2976 veluti
3144 2918 3251 2995 qui
3310 2917 3508 2977 multa
3562 2918 3742 2979 labo-

334 3023 557 3089 rasset,
620 3034 692 3075 ac
752 3015 1097 3075 Ecclesiam
1148 3016 1225 3073 ab
1282 3016 1510 3092 injuria
1571 3018 1943 3077 vindicasset
1996 3018 2061 3076 in
2120 3017 2498 3089 libertatem,
2533 3015 2959 3093 estasynodo
2991 3015 3463 3075 conﬁrmatam
3529 3023 3741 3077 Ἐπικυ-

333 3111 595 3187 ρωθὲντος
620 3110 766 3182 αὐτῷ
790 3114 888 3164 τοῦ
920 3109 1113 3184 θρόνου
1139 3111 1282 3185 παρὰ
1307 3119 1407 3179 τῆς
1441 3110 1683 3169 συνόδου.

416 3203 665 3263 Nullum
719 3204 855 3280 jam
908 3203 1072 3261 circa
1124 3202 1523 3280 episcopatus
1572 3204 1851 3281 Gregorii
1908 3204 2163 3264 dubium
2224 3204 2469 3263 videtur
2550 3220 2895 3279 superesse,
2957 3220 3071 3261 nec
3130 3201 3492 3262 evellendus
3548 3209 3743 3264 restat

330 3301 690 3378 scrupulus.
727 3300 1052 3376 Siquidem
1099 3318 1172 3358 ex
1231 3300 1415 3359 dictis
1497 3308 1783 3361 constare
1839 3302 2025 3361 debet
2081 3320 2246 3369 eum.
2311 3319 2421 3360 nec
2479 3301 2888 3370 Sasimorum,
2927 3318 3038 3358 ncc
3098 3301 3404 3373 Nazianzi,
3467 3301 3576 3360 sed
3636 3320 3738 3361 so-

327 3394 449 3454 lius
506 3393 1085 3470 Constantinopolis
1141 3394 1431 3454 Ecclesiae
1484 3396 1843 3474 episcopum
1912 3396 2378 3456 renuntiatione
2464 3394 2714 3472 publica
2787 3402 2848 3453 et
2921 3394 3247 3465 canonica,
3299 3396 3740 3455 communibus

326 3492 522 3551 totius
580 3492 729 3550 cleri
783 3509 857 3550 ac
917 3490 1134 3568 populi
1188 3490 1349 3550 votis
1379 3497 1440 3551 et
1494 3493 1828 3570 suffragiis,
1890 3511 2131 3552 necnon
2195 3492 2453 3571 plenarii
2522 3491 2762 3550 concilii
2824 3492 3076 3550 Patrum
3136 3492 3413 3550 omnium
3473 3510 3737 3552 consen-

323 3608 419 3659 su,
484 3587 680 3647 fuissa
765 3587 1222 3646 renuntiatum.
1282 3590 1413 3647 Non
1502 3589 1671 3647 aliud
1730 3590 1921 3666 igitur
1999 3589 2146 3649 huic
2234 3594 2462 3649 nostra:
2546 3588 2821 3665 Gregorii
2909 3606 3168 3665 operum
3258 3590 3514 3649 editioni
3587 3591 3735 3651 titu-

321 3686 455 3745 lum
519 3685 845 3763 praeﬁgere
906 3685 1154 3757 licebat,
1193 3704 1381 3764 quam
1457 3686 1565 3765 qui
1626 3687 1919 3766 praeﬁxus
1993 3693 2148 3748 est:
2219 3710 2248 3745 α
2323 3687 2536 3747 Sancti
2618 3687 2821 3745 Patris
2897 3686 3092 3744 nostri
3170 3687 3451 3764 Gregorii
3526 3688 3732 3748 Theo-

320 3784 507 3861 logi,
597 3783 1055 3862 archiepiscopi
1136 3785 1815 3863 Constantinopolitani
1868 3832 1881 3859 ,
1968 3804 2209 3865 opera.
2304 3810 2329 3839 ι)
2416 3786 2594 3844 Hunc
2681 3783 2798 3843 sibi
2899 3784 2961 3842 in
3049 3784 3492 3862 manuscriptis
3574 3805 3733 3864 pene

322 3881 623 3943 omnibus
708 3882 1036 3943 Orationes
1117 3900 1383 3957 omnes,
1471 3883 1637 3943 hunc
1723 3884 1836 3943 sibi
1922 3883 2214 3945 Carmina
2257 3930 2270 3955 ,
2358 3882 2525 3941 hunc
2610 3881 2726 3941 sibi
2829 3880 3125 3959 Epistolas
3228 3882 3477 3941 titulum
3565 3901 3731 3961 prae-

315 3979 627 4039 scribunt.

319 4270 349 4343 §
397 4269 468 4329 V.
542 4284 618 4327 ns
677 4282 1106 4337 AMPBILOCBIO,
1172 4284 1295 4327 cum
1357 4284 1745 4335 ruas,ru1u
1788 4281 1968 4339 FILIO,
2032 4283 2313 4327 EPISCOPO
2375 4280 2706 4335 ICONIENSI,
2754 4280 3029 4333 TOTAQUE
3092 4279 3374 4325 cascosu
3434 4282 3730 4326 mnsam

952 4362 1358 4422 COGNATIONE,
1403 4364 1483 4406 AD
1526 4363 1695 4415 QUAM
1740 4364 2070 4407 PERTINERE
2114 4363 2556 4407 AMPHILOCHIUS
2601 4360 3103 4406 DEMONSTRATUR.

318 4576 787 4655 Ampilecbium
847 4576 1075 4648 illum,
1137 4578 1316 4655 cujus
1370 4597 1526 4638 uxor
1580 4578 1753 4637 Livia
1821 4577 1987 4650 fuit,
2047 4578 2126 4635 ab
2194 4576 2500 4637 Iconiensi
2572 4577 2757 4654 hujus
2842 4575 3110 4635 nominis
3186 4577 3452 4653 praesule
3526 4576 3726 4635 diver-

318 4693 454 4734 sum
516 4673 749 4734 statuit
808 4674 1062 4751 quidem
1122 4675 1216 4734 vir
1268 4676 1649 4735 clarissimus
1708 4675 2078 4734 Muratorius
2124 4675 2187 4733 in
2246 4674 2409 4733 notis
2464 4674 2542 4733 ad
2599 4673 2993 4751 epitaphium
3047 4690 3219 4746 xxx1,
3285 4692 3428 4751 pag.
3490 4675 3587 4732 31.
3648 4675 3728 4731 At

324 4772 480 4832 nihil
513 4772 621 4831 ille
680 4778 1006 4849 praterea,
1070 4790 1184 4832 nec
1239 4773 1296 4833 ei
1352 4774 1428 4833 de
1483 4774 1807 4850 utriusque
1860 4772 2284 4850 Amphilochii
2342 4789 2480 4829 cum
2545 4771 2843 4848 Gregorio
2901 4777 3113 4830 nostro
3180 4771 3725 4848 consanguinitate

318 4874 427 4928 aut
480 4868 766 4927 suboluit
823 4869 1196 4947 quidquam,
1254 4876 1366 4929 aut
1423 4876 1590 4930 certe
1646 4870 1797 4947 quid
1854 4869 2109 4929 sentiret
2149 4869 2242 4927 vir
2301 4868 2522 4927 doctus
2598 4886 2720 4926 non
2781 4868 3046 4945 aperuit.
3101 4868 3330 4926 Verum
3391 4868 3721 4945 Amphilo-

317 4966 529 5025 chium
591 4965 811 5035 ﬁlium,
848 4966 924 5026 de
982 4986 1106 5045 quo
1163 4966 1226 5025 in
1285 4967 1867 5045 epigrammatibus,
1920 4967 2303 5027 lconiensem
2362 4983 2496 5025 esse
2573 4966 2935 5043 episcopum
3012 4963 3485 5023 celeberrimum
3544 4966 3722 5027 illum

318 5080 386 5122 ac
416 5062 612 5140 vulgo
646 5082 718 5122 eo
769 5063 1017 5123 nemine
1076 5064 1421 5140 cognitum,
1480 5064 1729 5124 tametsi
1784 5082 1907 5124 non
1965 5064 2055 5123 ita
2124 5065 2388 5122 fortasse
2444 5067 2686 5121 constet
2735 5081 2750 5135 ;
2813 5067 3058 5121 constat
3117 5066 3320 5119 tamen
3382 5061 3723 5124 certissime

323 5159 821 5238 Amphilochios,
910 5161 987 5219 de
1071 5161 1298 5237 quibus
1380 5161 1483 5220 hic
1576 5162 1804 5239 agitur,
1900 5160 2197 5238 Gregorio
2285 5160 2591 5236 sanguine
2675 5158 3223 5236 conjunctissimos
3309 5158 3564 5232 luisse;
3653 5180 3726 5222 ac

320 5263 558 5333 patrem
618 5258 873 5335 quidem
936 5259 1317 5318 avunculum
1374 5260 1703 5337 Gregorii,
1764 5259 1965 5318 ﬁlium
2023 5277 2171 5316 vero
2227 5254 2737 5333 Amphilochium
2796 5275 2871 5314 ex
2947 5254 3260 5314 avunculo
3303 5255 3559 5316 fratrem
3619 5262 3727 5318 aut

321 5354 668 5413 amitinum.
704 5356 883 5427 Quod
915 5362 1303 5434 postremum
1337 5356 1443 5415 ubi
1474 5356 1969 5433 probaverimus,
2002 5362 2272 5434 partem,
2305 5354 2563 5413 alteram
2600 5354 3000 5431 attingemus.

395 5451 571 5512 Mitto
642 5453 1164 5533 Amphilochium
1202 5499 1215 5524 ,
1276 5453 1701 5532 Amphilochii
1751 5454 2206 5533 Euphemiique
2268 5457 2589 5531 parentem
2631 5498 2644 5523 ,
2706 5458 2767 5511 et
2826 5451 3010 5511 Livia:
3068 5449 3441 5529 conjugem,
3504 5458 3720 5513 natum

386 5694 459 5838 Sa;
492 5695 592 5767 Ep.
628 5696 739 5751 iS.
774 5694 982 5761 Clem.,
1018 5712 1073 5767 p.
1109 5697 1230 5765 176,
1267 5698 1356 5754 ed.
1389 5698 1564 5756 Cotel.
2145 5698 2216 5824 ((2
2246 5698 2409 5751 Vers.
2446 5695 2575 5751 1891
2610 5699 2667 5751 et
2700 5694 2855 5750 1898.

410 5766 437 5820 b
487 5766 652 5828 Hom.
676 5784 760 5836 χι,
791 5768 866 5824 ad
898 5767 1046 5838 Eph.
2152 5774 2171 5838 (
2212 5770 2228 5838 )
2267 5768 2429 5825 Vers.
2466 5769 2621 5823 1899.

410 5766 459 5838 b)
487 5766 652 5828 Hom.
676 5784 760 5836 χι,
791 5768 866 5824 ad
898 5766 1046 5840 Eph.

1020 5766 1046 5824 ξ.
2152 5766 2228 5841 (d)
2267 5768 2429 5825 Vers.
2466 5769 2620 5823 1899.
