4052 6276
263 450 340 509 83
1261 439 1682 502 ΡΠᾸΞῈΑΤῙΟ
1731 439 1863 498 (ΞΕ)

2072 438 2195 496 LlS.
2232 471 2307 480 —
2340 436 2541 496 PARS
2587 435 2663 494 II.
3594 434 3672 495 84

261 581 694 652 Diocaasareaa,
753 579 816 638 id
873 584 964 638 est
1020 577 1330 637 Nazianzi.
1395 580 1449 637 ls
1501 573 1982 653 Amphilochius
2038 573 2265 631 dicitur
2328 595 2354 629 ‹‹
2416 571 2494 651 (a)
2560 589 2789 648 magna
2863 569 3144 629 Philtatii
3203 574 3264 630 et
3341 573 3671 648 Gorgonis;

261 680 472 757 proles
524 696 537 736 ζ
598 703 626 733 ››
668 674 781 728 υἱέα
813 673 1106 728 Φιλτατίου
1139 673 1432 746 Γοργονίας
1464 692 1522 724 τε
1557 672 1742 745 μέγαν,
1783 675 1861 730 Po

2072 670 2320 729 'hiltatii
2378 669 2507 728 ﬁlia
2537 669 2895 746 appellatur
2926 671 3150 728 Nonna
3205 668 3308 746 (ὑ),
3361 687 3500 746 quae
3550 670 3672 729 alia

263 794 396 835 esse
473 795 595 834 non
675 780 927 852 potest,
990 791 1176 848 quam
1259 779 1456 830 mater
1533 769 1903 845 Theologi:
1967 768 2201 844 quippe
2293 785 2431 844 quae
2507 767 2728 824 Nonna
2815 765 2877 823 in
2967 771 3344 825 testamento
3438 767 3672 843 Grego-

261 874 336 932 rii
378 879 656 944 vocatur,
693 872 982 949 Alypium
1030 878 1089 928 et
1135 870 1513 946 Gorgoniam
1542 868 1855 943 juniorem
1920 873 2207 943 parentes
2255 864 2494 936 habuit,
2531 883 2935 941 soroiemque
2967 864 3365 941 Alypianam.

345 973 476 1030 Hoc
529 970 624 1028 vel
671 988 796 1028 uno
847 974 1161 1027 momento
1219 972 1462 1026 constat
1535 969 1794 1032 Nonnae,
1843 963 2146 1039 'l‘heologi
2198 962 2436 1032 matris,
2497 961 3006 1038 Amphilochium
3066 961 3257 1020 fuisse
3313 981 3390 1021 ex
3437 962 3674 1022 Philta-

264 1071 348 1130 tio
402 1075 463 1128 et
521 1069 835 1147 Gorgonia
897 1067 1262 1145 parentibus
1318 1083 1687 1142 germanum
1733 1065 2017 1122 fratrem.
2081 1063 2234 1121 Hinc
2294 1064 2371 1120 ad
2449 1064 2685 1120 Nonnae
2745 1061 2938 1120 ﬁliam
3003 1062 3282 1121 manavit
3341 1064 3672 1139 Gorgoniaa

261 1185 512 1239 nomen,
548 1165 1080 1244 quemadmodum
1133 1164 1210 1222 ab
1243 1164 1382 1222 avia
1439 1162 1649 1222 Basilii
1698 1161 1909 1238 magni
1967 1178 2144 1220 soror
2213 1159 2378 1217 dicta
2426 1164 2517 1216 est
2578 1157 2872 1231 Macrina,
2909 1157 3035 1217 imo
3089 1158 3284 1235 ipsius
3344 1161 3674 1236 Gorgonim

258 1264 532 1342 junioris
564 1264 692 1323 ﬁlia
743 1263 821 1322 ab
872 1263 1012 1322 avia
1063 1280 1336 1340 quoque,
1373 1266 1570 1319 matre
1617 1259 1947 1335 Theologi,
2002 1260 2224 1316 Nonna
2277 1263 2534 1314 vocata:
2575 1261 2634 1313 et
2682 1256 2759 1314 ab
2809 1273 2947 1326 avo,
2984 1262 3093 1313 aut
3141 1274 3377 1332 proavo
3439 1257 3674 1314 Philta-

264 1364 373 1435 tio,
411 1362 774 1435 Philtatius,
835 1360 909 1440 (c)
957 1361 1033 1419 de
1093 1377 1218 1437 qua
1262 1360 1322 1417 in
1387 1358 1662 1435 quodam
1722 1355 2065 1436 epitaphio,
2102 1373 2284 1432 quem
2346 1372 2420 1413 ex
2484 1352 2763 1430 Gregorii
2815 1353 3053 1412 familia
3111 1353 3298 1412 fuisse
3356 1372 3537 1413 nemo
3567 1354 3678 1413 du-

266 1460 580 1519 bitaverit.

345 1559 485 1618 Jam
523 1575 665 1616 vero
698 1561 1004 1634 quantum
1041 1554 1196 1613 lucis
1265 1553 1400 1613 haec
1433 1552 1761 1612 aﬂ‘undant
1810 1551 2072 1628 singulis
2121 1549 2701 1628 epigrammatibus,
2758 1549 2998 1627 totique
3055 1548 3329 1608 historia;
3389 1554 3450 1608 et
3505 1549 3677 1627 genti

269 1654 551 1732 Gregorii
582 1653 865 1712 attendat
898 1653 1113 1710 lector.
1151 1651 1306 1710 Hinc
1350 1651 1554 1729 primo
1605 1656 1867 1728 apparet
1924 1667 2035 1708 cur
2094 1648 2186 1706 vir
2240 1666 2303 1706 se
2366 1648 2502 1724 ipso
2561 1647 2717 1706 adeo
2778 1646 3298 1706 commendabilis
3353 1646 3675 1724 Amphilo-

262 1753 467 1824 chius,
497 1752 624 1810 suis
656 1750 1020 1809 nobilitetur
1080 1748 1461 1826 parentibus.
1529 1749 1830 1807 Nimirum
1890 1746 2012 1816 isti,
2075 1746 2374 1822 Gregorio
2434 1763 2685 1823 quoque
2746 1743 2845 1804 avi
2890 1751 3091 1817 erant,
3149 1744 3387 1822 illaque
3422 1768 3449 1799 ι
3494 1744 3675 1803 radix

265 1856 504 1921 sancta,
538 1869 565 1904 ο
607 1848 773 1906 unde
828 1853 966 1906 orta
1025 1849 1246 1906 Nonna
1307 1846 1726 1917 «sanctior,»
1791 1842 2070 1921 Gregorii
2129 1849 2346 1915 mater,
2400 1842 2582 1901 toties
2634 1842 2697 1900 in
2756 1841 3138 1901 carminibus
3196 1848 3386 1919 atque
3442 1841 3675 1901 oratio—

269 1947 455 2006 nibus
487 1945 606 2005 hoc
639 1944 891 2003 nomine
923 1962 959 2003 a
990 1944 1118 2003 ﬁlio
1149 1945 1612 2003 commendata.

353 2043 590 2103 Deinde
620 2042 878 2120 planum
925 2046 1035 2113 est,
1075 2041 1222 2118 quid
1257 2040 1390 2100 haec
1436 2041 1634 2099 verba
1697 2038 1951 2118 epitaph

2076 2055 2194 2098 LXIX
2263 2038 2346 2118 (ά)
2394 2037 2745 2115 signiﬁcent
2779 2054 2793 2096 :
2826 2040 2992 2104 πηοῖς
3023 2037 3191 2089 πάντα
3219 2034 3480 2094 πέπασσο.
3527 2036 3676 2113 Agi-

274 2147 378 2202 tur
409 2141 575 2200 enim
626 2139 702 2198 de
759 2140 1043 2198 doctrina
1093 2145 1152 2197 et
1208 2139 1483 2197 scientiae
1542 2138 1742 2206 bonis,
1781 2155 1920 2214 quae
1981 2136 2461 2213 consanguineis
2515 2141 2577 2194 et
2638 2135 2952 2210 afﬁnibus,
2986 2153 3092 2196 eos
3149 2137 3452 2208 docendo,
3490 2153 3678 2213 para-

275 2245 444 2300 verat
505 2235 1002 2315 Amphilochius.
1065 2236 1242 2297 Unde
1300 2237 1527 2295 iterum
1585 2237 1645 2294 in
1697 2235 2020 2312 epitaphio
2080 2251 2202 2293 xxx
2263 2234 2364 2312 (ε),
2422 2234 2706 2293 doctrina
2763 2233 2927 2292 idem
2988 2235 3119 2312 ipse
3174 2234 3403 2292 dicitur
3438 2233 3680 2292 «auxi-

276 2336 432 2397 lium
465 2343 526 2396 et
557 2335 750 2395 robur
803 2334 992 2394 fuisse
1051 2334 1358 2410 cognatis,
1390 2335 1529 2412 piis,
1592 2333 1926 2405 nobilibus,
1975 2332 2285 2403 litteratis,
2322 2331 2619 2409 verbique
2677 2332 2878 2403 dator,
2918 2355 2946 2385 »
3010 2331 3072 2390 id
3133 2338 3223 2391 est
3278 2331 3678 2409 eloquentiae,

277 2452 386 2494 seu
420 2439 489 2492 ut
517 2433 576 2492 in
612 2432 734 2492 alio
761 2431 837 2510 (f)
871 2457 896 2486 ‹‹
926 2431 1274 2490 Rhetorica;
1311 2455 1340 2485 »
1383 2431 1677 2508 magister
1713 2454 1741 2484 «
1773 2430 2077 2489 eximius:
2116 2453 2144 2483 ››
2179 2429 2344 2506 quod
2380 2428 2631 2505 quidem
2663 2431 2876 2488 Graeca
2906 2434 3153 2488 sonant.

356 2531 600 2608 Quippe
650 2547 722 2588 ex
782 2528 1101 2605 disciqulis
1151 2527 1578 2606 Amphilochii
1636 2526 1831 2605 patris
1887 2533 1947 2585 et
2004 2526 2427 2597 neccessariis,
2461 2527 2795 2604 Gregorius
2853 2545 2976 2586 non
3039 2546 3197 2586 unus
3254 2527 3456 2586 solum
3517 2532 3675 2598 erat,

274 2624 499 2698 ἑταίρων
534 2629 637 2678 σῶν
672 2623 808 2684 ἑνός·
857 2643 1071 2685 verum
1133 2644 1208 2684 ex
1268 2625 1636 2703 propinpuis
1692 2625 1874 2683 etiam

2110 2622 2413 2700 sanguine
2489 2623 3040 2701 coujunctissimus
3075 2671 3088 2684 .
3143 2624 3296 2684 Hinc
3350 2625 3507 2685 adeo
3589 2624 3676 2684 sic

273 2724 662 2803 epitaphium
693 2741 810 2784 xxx
873 2723 1204 2782 clauditza
1243 2722 1576 2799 Gregorius
1636 2721 1769 2780 haec
1824 2721 2065 2799 scripsi,
2104 2721 2451 2781 orationem
2511 2722 2818 2793 oratione,
2879 2741 3066 2800 quam
3126 2741 3162 2781 a
3221 2728 3301 2798 te,
3351 2722 3677 2802 Amphilo—

272 2823 412 2898 che,
473 2821 718 2892 edidici,
773 2827 1055 2880 mutuam
1116 2821 1552 2897 rependens.»
1613 2819 1926 2878 Didicerat
1983 2837 2170 2896 porro
2229 2819 2580 2895 Gregorius,
2644 2820 2858 2896 utique
2914 2820 2976 2878 in
3040 2820 3265 2897 patria,
3327 2820 3442 2879 sub
3502 2825 3680 2898 patre

269 2921 543 3000 primum
602 2923 663 2978 et
717 2918 1050 2989 avunculo,
1087 2917 1451 2994 priusquam
1511 2916 1590 2974 ad
1649 2922 1914 2986 exteros,
1977 2917 2148 2974 velut
2209 2916 2288 2975 ad
2351 2920 2766 2976 mercaturam
2817 2916 3128 2976 bonarum
3188 2917 3420 2976 artium
3483 2917 3679 2994 proﬁ-

269 3019 624 3078 cisceretur.

344 3121 698 3192 Antequam
733 3132 878 3173 vero
911 3112 1156 3190 longius
1187 3112 1687 3190 progrediamur,
1724 3130 1932 3190 operm
1972 3112 2242 3191 pretium
2290 3112 2475 3172 fuerit
2532 3113 2890 3184 observare,
2925 3113 3091 3190 quod
3155 3112 3540 3172 Muratorius
3602 3113 3690 3190 (g)

264 3218 327 3277 in
395 3213 696 3295 epitaphii
756 3213 1005 3272 titulum
1067 3230 1212 3272 XXXI
1262 3212 1820 3290 conjictebat,jam
1884 3219 1949 3271 ut
2022 3212 2438 3271 certissimum
2500 3231 2631 3272 esse
2699 3213 3084 3275 habendum.
3137 3214 3681 3291 scribendumque,

267 3311 343 3372 εἷς
377 3305 744 3383 ’Δμφιλόχιον
781 3306 940 3377 ἄλλο,
982 3333 1009 3366 (ί
1068 3311 1130 3368 ἱη
1188 3309 1700 3387 Amphilochium
1762 3310 1867 3368 alit

2108 3310 2342 3369 scilicet
2398 3310 2830 3388 epitaphium:
2869 3330 2992 3370 non
3045 3318 3280 3383 autem,
3322 3336 3351 3366 «
3409 3311 3471 3369 in
3540 3313 3683 3369 Am-

265 3409 655 3490 philochium
718 3407 935 3467 alium.
1012 3431 1040 3461 »
1102 3407 1271 3467 Idem
1331 3407 1494 3465 enim
1549 3413 1641 3465 est
1696 3406 2196 3484 Amphilochius,
2268 3407 2544 3484 Gregorii
2604 3408 2974 3478 avunculus,
3038 3408 3113 3468 de
3172 3427 3296 3486 quo
3351 3408 3415 3467 in
3473 3408 3674 3485 epita-

264 3508 432 3587 phiis
488 3509 586 3576 29,
620 3506 718 3575 30,
752 3509 848 3576 31,
885 3506 982 3575 32,
1035 3508 1134 3576 33,
1188 3507 1289 3574 34,
1323 3505 1421 3575 35,
1495 3513 1637 3575 etc.,
1674 3505 1735 3562 in
1795 3505 2022 3583 quibus
2084 3529 2112 3559 «
2174 3504 2255 3584 (l2)
2302 3507 2425 3564 vim
2502 3506 2751 3582 igneam
2808 3507 3056 3566 dicendi
3116 3506 3432 3578 habuisse,
3471 3502 3670 3577 ῥήτραν

265 3603 585 3677 πυρὸεσσαν,
617 3619 958 3678 omnesque
1014 3601 1417 3678 Cappadocas
1491 3620 1815 3677 superasse
1887 3601 2246 3679 eloquentia
2304 3627 2332 3657 »
2396 3603 2644 3662 dicitur.
2704 3606 2783 3674 ls,
2845 3604 3124 3681 inquam,
3160 3623 3320 3664 nuus
3378 3604 3677 3681 idemque

270 3696 785 3772 Amphilochius:
847 3716 959 3757 nec
1009 3698 1269 3756 dubium
1329 3698 1620 3773 cuiquam
1681 3717 1810 3757 esse
1871 3705 2093 3777 potest,
2158 3702 2307 3779 quin
2365 3702 2470 3760 ille
2526 3702 3026 3780 Amphilochius,
3087 3704 3195 3780 qui
3251 3704 3313 3762 in
3375 3702 3673 3780 posterio-

268 3793 440 3852 ribus
498 3796 611 3854 sub
669 3815 831 3855 novo
917 3796 1099 3854 titulo
1181 3795 1517 3873 epitaphiis
1587 3795 1665 3854 ab
1741 3795 2101 3874 eloquentia
2176 3805 2498 3876 tantopere
2567 3799 3095 3870 commendatur,
3155 3800 3259 3858 ille
3336 3801 3465 3878 ipse
3542 3800 3665 3872 sit,

265 3890 373 3967 qui
428 3891 564 3952 fons
622 3894 1002 3971 eloquentiae
1059 3893 1439 3965 omnibus,»
1500 3894 1904 3972 Gregoriique
1961 3895 2257 3972 magister
2313 3896 2626 3974 prioribus
2704 3897 2768 3955 in
2856 3897 3194 3975 epitaphiis
3265 3897 3483 3957 audire
3542 3915 3672 3956 me-

263 3987 408 4046 ruit.

340 4084 536 4145 Plana
594 4088 846 4146 demum
908 4093 1000 4146 est
1056 4093 1119 4146 et
1174 4095 1394 4165 aperta
1451 4088 1641 4148 totius
1698 4089 2095 4165 Gregorianae
2161 4091 2364 4167 gentis
2421 4110 2496 4150 ex
2556 4097 2753 4151 matre
2811 4092 3019 4164 series,
3073 4092 3397 4169 hucusque
3455 4111 3675 4170 prope-

263 4181 518 4241 modum
552 4185 788 4261 ignota.
827 4186 1023 4255 Quam
1087 4186 1249 4243 enim
1315 4185 1565 4246 exhibet
1624 4187 1926 4246 Baronius
1984 4187 2043 4246 in
2107 4188 2247 4247 Vita
2309 4189 2613 4266 Gregorii,
2648 4207 2720 4248 ea
2782 4189 3106 4261 mendosa,
3143 4197 3204 4249 et
3255 4196 3561 4268 praeterea
3593 4189 3671 4249 ab

219 4297 230 4308 '
259 4281 396 4340 aliis
428 4284 795 4361 perturbata
827 4291 888 4343 et
919 4283 1276 4344 adulterata
1307 4284 1442 4343 fuit.
1481 4284 1581 4345 Sic
1612 4284 1821 4362 igitur,
1857 4284 2072 4359 lector,
2124 4285 2374 4345 habeto.

342 4381 429 4438 Ex
491 4380 792 4440 Philtatio
849 4387 910 4440 et
972 4381 1285 4457 Gorgonia
1341 4382 1475 4459 ejus
1533 4400 1726 4440 uxore
1775 4389 1912 4441 orta
1965 4390 2058 4442 est
2106 4385 2347 4453 Nonna,
2406 4385 2687 4462 Gregorii
2739 4392 2958 4455 mater,
3004 4385 3412 4463 ejusdemque
3469 4405 3666 4446 avun-

260 4475 438 4534 culus
493 4477 996 4555 Amphilochius,
1060 4479 1296 4538 Nonnw
1353 4495 1689 4555 germanus
1743 4477 1954 4538 frater.
2017 4481 2176 4538 Natu
2230 4479 2531 4557 majorem
2608 4482 2793 4541 fuisse
2852 4485 3134 4543 Nonnam
3191 4483 3254 4542 id
3312 4502 3470 4562 pene
3529 4503 3673 4562 per-

262 4573 503 4646 suadet,
565 4575 731 4652 quod
794 4575 1130 4652 Gregorius
1187 4575 1257 4654 (1')
1332 4574 1756 4654 Amphilochii
1841 4575 2000 4636 ﬁlios
2037 4623 2051 4649 ,
2114 4578 2359 4636 nonnisi
2420 4597 2547 4655 qua
2605 4583 2787 4639 atate
2823 4578 3092 4639 minores
3140 4588 3365 4652 erant,
3425 4603 3452 4637 «
3511 4581 3674 4641 ﬁlio-

263 4688 400 4730 rum
437 4695 466 4724 »
531 4671 784 4732 nomine
843 4672 1225 4750 compellare
1281 4674 1499 4745 soleat,
1559 4691 1747 4752 seque
1801 4673 1931 4751 ipse
1972 4697 2000 4728 ‹‹
2059 4692 2266 4733 senem
2328 4699 2357 4728 »
2423 4677 2764 4753 appellare.
2831 4679 2913 4735 De
2979 4677 3403 4755 Amphilochii
3459 4678 3676 4739 sobole

263 4767 535 4845 primum
569 4769 870 4829 dicamus.

340 4866 843 4944 Amphilochius,
907 4868 1186 4945 Gregorii
1243 4868 1621 4939 avunculus,
1684 4887 1940 4929 uxorem

2069 4869 2225 4929 lbllit
2281 4871 2514 4930 Liviam
2554 4917 2567 4943 ,
2605 4878 2840 4954 μάκαιρα
2871 4877 3047 4955 δάμαρ
3069 4878 3421 4958 Ἀμφιλόχου
3483 4875 3669 4950 Λιϐίηο

262 4985 290 5016 (ι
351 4961 426 5042 (j)
482 4963 671 5022 Beata
733 4964 1158 5040 Amphilochii
1215 4985 1372 5024 uxor
1426 4966 1618 5026 Livia.
1666 4990 1695 5019 »
1756 4969 1904 5026 'l‘res
1956 4984 2031 5025 ex
2106 4986 2180 5026 ea
2240 4968 2467 5027 liberos
2525 4971 3002 5047 Amphilochius
3059 4973 3333 5050 suscepit
3384 4990 3396 5029 :
3448 4974 3555 5022 σῶν
3613 4992 3672 5024 τε

254 5057 405 5128 τριὰς
435 5056 649 5126 τεκέων,
690 5085 716 5115 ‹‹
748 5060 826 5140 (Ir)
862 5068 1110 5120 tuorum
1173 5063 1442 5124 ﬁliorum
1502 5065 1673 5124 trias.
1703 5085 1731 5120 ι)
1773 5065 1844 5122 Hi
1905 5064 2016 5122 ﬁlii
2076 5065 2246 5124 fuere
2310 5090 2340 5120 «
2402 5065 2468 5145 (Ι)
2543 5068 2927 5146 Euphemius
2986 5077 3046 5130 et
3077 5070 3596 5148 Amphilochius:
3633 5093 3662 5130 υ

257 5161 392 5224 υἱέες
425 5163 792 5240 Ἀμφιλόχου,
831 5165 1114 5242 Eoo-15pm:
1149 5166 1505 5245 ’Δμφίλοχὸς’
1540 5190 1634 5224 τε.
1694 5165 1778 5222 De
1812 5169 1857 5221 te

1236 5166 1505 5245 ιφίλοχὸς’
1540 5190 1634 5224 τε.
1694 5165 1778 5222 De
1812 5161 1976 5222 tertii
2006 5162 2258 5223 nomine
2293 5169 2507 5239 postea
2537 5164 2836 5225 dicemus.

329 5387 405 5476 εει)
438 5387 607 5476 θῖὲίὲδ
643 5387 932 5476 Μυτηρθρ·
959 5390 1138 5476 δὲ-ηρ,
1169 5391 1256 5445 33.
2088 5392 2162 5476 (ρ)
2199 5395 2295 5476 ΞΡ·
2333 5393 2419 5476 ἕρ,
2457 5410 2512 5463 P-
2547 5395 2635 5476 ἓξ·

333 5461 405 5541 φ)
432 5459 608 5541 ibid-2
639 5457 893 5541 92.1.1.5!
920 5477 975 5529 ρι
1014 5457 1132 5513 106-

2088 5457 2303 5541 0!)
2331 5457 2516 5541 32;}?-
2549 5467 2648 5541 33»
2670 5467 2772 5541 Ep-
2806 5469 2894 5539 35,
2930 5487 2983 5541 ρ·
3016 5470 3103 5525 34.

331 5531 400 5606 (ο)
432 5529 613 5606 Epist.
780 5529 880 5583 lib.
914 5547 972 5586 II.
1021 5605 1030 5606 ί

2089 5537 2149 5601 (2')
2185 5529 2365 5606 Epist.
2398 5529 2490 5604 23,
2521 5537 2594 5592 ul.
2631 5529 2751 5593 106.

358 5601 416 5681 cf)
444 5599 617 5681 .Apud
648 5603 938 5681 Murlep.
1097 5606 1264 5675 p.29.
2185 5599 2419 5681 lli'urat”
2443 5599 2532 5680 ep.
2570 5609 2655 5678 17,
2689 5627 2745 5681 p.
2780 5610 2865 5665 17.

359 5673 406 5750 ε)
441 5673 736 5750 [ὺὶόη-θρ.
902 5676 1070 5744 p.29.
1099 5673 1112 5675 “
2085 5673 2160 5750 (lg)
2184 5677 2291 5750 Ep.
2330 5673 2498 5750 19,1):
2531 5681 2619 5734 20.

445 5744 546 5814 Ep.
573 5743 667 5810 31,
697 5760 751 5814 p.
785 5745 873 5799 30.
904 5743 918 5744 ί
2086 5743 2281 5819 (1)Ερ.
2315 5743 2408 5818 20,
2443 5743 2498 5822 ί).
2533 5751 2621 5806 20.

335 5603 351 5811 ἓ
