4052 6276
286 456 358 514 85
1293 455 1715 514 PBJEFATIU
1767 453 1886 513 GEl

2106 454 2229 511 ng.
2268 485 2343 496 ν-
2374 450 2573 512 PARS
2620 453 2698 512 ΙΙ.
3629 456 3706 517 86

361 587 547 649 Liviae
579 589 776 649 matri
838 589 961 651 hos
1023 595 1144 649 tres
1198 589 1429 649 liberos
1491 589 1853 666 supelstites
1910 587 2100 647 fuisse
2158 587 2383 665 probat
2441 587 2833 665 epitaphium
2891 606 2994 648 XIX
3054 590 3158 668 (α),
3200 588 3263 648 in
3322 609 3445 668 quo
3480 614 3507 645 (ί
3544 590 3700 651 libe-

287 704 497 746 rorum
534 687 689 746 trias
748 688 1143 764 meritusque
1202 686 1445 745 tumulo
1506 685 1742 745 Liviam
1800 684 2205 743 illustrasse»
2272 684 2587 743 dicuntur.
2623 685 2868 744 Primus
2926 688 3208 746 omnium
3270 695 3553 747 mortuus
3603 694 3699 748 est

284 783 690 861 Euphemius,
753 803 947 861 quem
1033 781 1316 861 pluribus
1400 782 1738 860 epitaphiis
1821 781 2163 841 celebravit
2239 782 2574 857 Gregorius
2630 782 2739 859 (ὁ),
2800 783 3029 859 quibus
3131 785 3466 862 epitaphiis
3536 785 3698 845 belle

284 886 586 939 consonat
644 880 920 957 epistola
974 880 1253 958 Gregorii
1315 897 1533 950 ccxxx,
1597 879 1751 937 alias
1811 896 1971 949 CXIV,
2038 878 2113 936 ad
2176 877 2596 937 Theodosium
2658 879 2785 938 sive
2840 880 3264 952 Theodorum,
3329 881 3512 958 cujus
3570 883 3696 941 ﬁlia

288 977 635 1053 Euphemio
678 978 815 1055 jam
877 977 1275 1055 desponsata,
1331 976 1566 1053 nuptiis
1624 976 1937 1054 proxima,
1998 973 2085 1032 ibi
2139 973 2215 1053 (ο)
2274 993 2400 1033 non
2452 975 2829 1035 describitur
2901 976 3082 1035 aliter
3138 996 3211 1037 ac
3252 978 3316 1036 in
3373 978 3695 1056 epitaphio

283 1092 409 1147 XXI,
440 1075 676 1152 conjux
708 1074 843 1153 ejus
875 1074 1284 1152 Euphemius.

364 1173 427 1232 Si
473 1171 599 1231 alia
657 1191 783 1231 non
842 1177 1249 1250 suppeterent
1307 1176 1646 1243 momenta,
1705 1188 1779 1229 ea
1826 1170 1977 1229 satis
2030 1174 2235 1229 essent
2292 1168 2366 1227 ad
2422 1168 2975 1229 demonstrandam
3034 1170 3385 1248 Euphemii,
3435 1171 3693 1249 ejusque

284 1270 478 1348 patris
537 1269 967 1348 Amphilochii
1026 1276 1087 1328 et
1147 1269 1527 1347 Ampilocbii
1613 1268 1818 1327 fratris
1894 1286 2035 1326 cum
2116 1268 2413 1344 Gregorio
2496 1268 2958 1344 cognationem.
3022 1268 3250 1328 Scribit
3323 1269 3489 1328 enim
3563 1271 3691 1348 epi-

278 1367 439 1426 stola
498 1386 641 1426 mox
702 1367 962 1427 laudata
1045 1368 1376 1445 Gregorius
1458 1365 1811 1426 Theodosio
1836 1364 2100 1442 jamjam
2133 1365 2344 1423 futuro
2376 1364 2708 1443 Euphemii
2786 1365 3003 1424 vitrico
3057 1383 3070 1424 :
3140 1387 3167 1421 ‹‹
3220 1368 3395 1425 Nunc
3455 1384 3688 1443 genera

278 1465 748 1543 copulantur,»
811 1470 873 1524 et
928 1464 1208 1536 inferius,
1269 1464 1659 1543 cognationis
1707 1465 1969 1540 gradum
2004 1467 2071 1521 ut
2127 1462 2497 1539 intelligas:
2566 1487 2595 1517 «
2652 1465 2726 1522 Et
2785 1469 2849 1522 tu
2909 1482 3021 1523 nos
3076 1482 3187 1541 per
3246 1463 3683 1525 suavissimum

276 1563 479 1623 ﬁlium
544 1567 826 1622 nostrum
890 1562 1311 1640 Euphemium
1372 1562 1649 1634 habe,et
1705 1579 1817 1619 nos
1872 1560 2020 1619 item
2083 1577 2193 1637 per
2248 1559 2685 1619 suavissimam
2750 1559 2942 1619 ﬁliam
3002 1566 3270 1621 vestram
3319 1580 3428 1621 vos
3482 1561 3679 1622 habe-

272 1680 437 1720 mus.
471 1684 502 1715 »
568 1661 713 1721 Mox
768 1660 1117 1720 Theodossi
1172 1660 1389 1734 ﬁliam,
1453 1678 1631 1719 suam
1690 1676 1941 1736 quoque
1991 1657 2071 1717 ob
2130 1657 2601 1717 matrimonium
2659 1658 2930 1718 ducens:
2971 1659 3232 1718 «Patris
3289 1658 3389 1737 (de
3447 1677 3512 1719 se
3541 1660 3676 1737 ipso

266 1759 575 1836 loquitur)
605 1757 1042 1818 benevolentia
1074 1776 1187 1836 par
1214 1775 1363 1835 erga
1386 1757 1634 1817 liberos.
1670 1780 1700 1811 »

350 1858 585 1917 Utrum
646 1860 855 1915 autem
917 1854 1297 1932 Euphemius
1354 1854 1492 1927 iste,
1528 1854 1607 1911 de
1662 1872 1785 1929 quo
1843 1853 1905 1911 in
1965 1852 2246 1929 Epistola
2302 1853 2630 1927 ccxxx,al.
2693 1870 2850 1921 CXIV,
2885 1854 2990 1912 ille
3042 1853 3174 1932 ipse
3231 1854 3330 1923 sit,
3373 1854 3552 1932 cujus
3608 1856 3679 1915 ﬁt

266 1953 512 2014 mentio
542 1953 605 2011 in
656 1952 939 2030 Epistola
991 1969 1241 2023 LXXXIII,
1276 1952 1337 2011 al
1396 1968 1593 2023 CXLIX,
1630 1969 1708 2010 an
1769 1950 1873 2009 ille
1933 1968 2184 2028 quoque
2243 1950 2319 2008 de
2380 1968 2505 2027 quo
2562 1951 2727 2010 circa
2783 1951 2971 2010 ﬁnem
3032 1952 3386 2010 testamenti
3444 1952 3672 2029 agitur,

258 2070 387 2110 non
449 2050 543 2110 ita
598 2050 1000 2128 perspicuum
1057 2054 1170 2109 est.
1234 2049 1300 2109 Si
1382 2067 1575 2107 unum
1663 2053 1907 2107 tantum
1968 2046 2263 2107 admittas
2345 2047 2784 2125 Euphemium,
2848 2056 3189 2108 occurrunt
3246 2048 3670 2118 difﬁcultates,

259 2168 405 2227 quae
463 2147 625 2207 solvi
685 2166 809 2207 non
862 2153 1142 2225 possunt.
1180 2147 1389 2207 Satius
1445 2164 1593 2224 ergo
1662 2145 2066 2217 arbitramur,
2121 2144 2247 2203 imo
2320 2145 2759 2217 necessarium,
2824 2146 2979 2204 duos
3036 2146 3375 2223 Ephemios
3450 2147 3671 2206 distin—

256 2264 454 2324 guere
510 2264 525 2317 ;
588 2263 810 2315 unum,
873 2244 950 2303 de
1002 2262 1127 2321 quo
1185 2242 1510 2322 epitaphia
1567 2248 1627 2301 et
1684 2242 1948 2321 epistola
2004 2259 2226 2312 CCXXX,
2286 2241 2440 2299 alias
2503 2259 2643 2301 CXIV
2703 2243 2779 2300 ad
2838 2242 3313 2315 Theodosium;
3375 2243 3663 2317 alterum,

254 2343 331 2404 de
364 2359 497 2420 quo
534 2346 979 2401 testamentum
1020 2341 1297 2417 Gregorii
1328 2340 1631 2417 loquitur,
1671 2346 2007 2416 utrumque
2038 2345 2246 2397 tamen
2282 2339 2585 2398 afﬁnitate
2620 2340 2916 2416 Gregorio
2949 2332 3380 2416 conjunctum.

342 2444 501 2500 Tres
559 2438 1006 2518 Amphilochio
1063 2456 1135 2497 ex
1197 2437 1369 2498 Livia
1426 2437 1614 2497 fuisse
1657 2437 1887 2495 liberos
1951 2436 2241 2509 diximus,
2303 2436 2719 2513 Euphemium
2798 2442 2860 2495 et
2932 2436 3395 2514 Ampilochium
3448 2456 3461 2496 :
3526 2439 3667 2516 quis

254 2538 335 2597 sit
369 2537 619 2608 tertius,
682 2536 1118 2613 quaerendum.
1177 2534 1584 2613 Epitaphium
1638 2533 1739 2613 (εἰ),
1795 2534 1859 2593 in
1918 2552 2043 2611 quo
2080 2555 2108 2589 «
2169 2533 2319 2593 trias
2376 2534 2783 2593 liberorum»
2843 2533 3284 2611 Amphilochio
3342 2535 3658 2609 tribuitur,

251 2636 426 2695 tertii
485 2652 718 2694 nomen
777 2633 939 2693 silet.
999 2634 1068 2693 In
1128 2631 1462 2711 Epitaphio
1522 2650 1597 2691 XX
1654 2632 1729 2709 (e)
1784 2631 2050 2691 duorum
2110 2631 2419 2690 duntaxat
2480 2631 2748 2691 ﬁliorum
2816 2631 3243 2708 Amphilochii
3273 2632 3344 2691 ﬁt
3384 2635 3656 2694 mentio:

253 2731 600 2810 Euphemii
644 2731 777 2809 jam
837 2730 1139 2802 defuncti,
1177 2733 1252 2790 Et
1307 2729 1731 2808 Amphilochii
1789 2730 2160 2805 superstitis.
2206 2729 2417 2789 Primo
2474 2730 2725 2805 quidem
2777 2729 3149 2787 Philtatium
3206 2730 3459 2789 tertium
3518 2750 3662 2791 eum

257 2848 393 2891 esse
429 2829 630 2888 ﬁlium
691 2826 1215 2905 suspicabamur;
1274 2845 1490 2885 verum
1546 2826 1879 2903 Gregorius
1929 2826 2161 2885 nodum
2216 2826 2381 2883 hunc
2434 2825 2564 2902 ipse
2622 2825 2807 2884 solvit
2861 2826 2923 2884 in
2984 2825 3258 2885 carmine
3314 2827 3395 2887 ad
3452 2829 3667 2906 Olym-

260 2928 543 3005 piadem,
577 2926 676 2985 bis
709 2926 915 2985 verbis
948 2924 1022 3005 (1)
1053 2942 1065 2982 :
1096 2932 1243 2984 Ἔστι
1304 2951 1409 2996 σοι,
1451 2931 1495 2983 ὦ
1553 2929 1833 3004 χαρίεσσα,

2069 2950 2125 2989 ·ις
2186 2931 2340 3000 [Θεοῦ
2399 2926 2587 2999 ὃόσις]·
2624 2930 2657 2996 ἢ
2709 2926 2765 2981 δὲ
2823 2928 3126 3000 προκ’ίσοω
3182 2929 3379 2991 παντός
3438 2951 3521 2985 σοι
3573 2932 3669 3004 μύ-

254 3028 371 3078 θοιο
403 3023 493 3077 καὶ
541 3018 811 3097 ἕργματος
848 3019 1089 3094 ἔμπνοος
1135 3020 1360 3077 εἰκὼν...
1407 3020 1837 3092 αὐτοκασιγνήτη
1888 3018 2007 3093 μέγ’
2051 3018 2330 3091 ἀμύμονος
2374 3019 2669 3093 ἀρχιερῆος
2718 3018 3093 3095 Ἀμφιλόχου.
3158 3044 3188 3079 α
3242 3025 3351 3083 Est
3422 3024 3575 3097 tibi,
3636 3044 3672 3084 ο

258 3122 733 3202 elegantissima
808 3120 1059 3194 mulier,
1120 3120 1497 3192 Theodosia,
1583 3139 1725 3197 quae
1789 3120 1899 3179 tibi
1966 3119 2170 3179 omnis
2253 3125 2315 3178 et
2394 3118 2601 3196 operis
2713 3119 2921 3178 vivum
3038 3121 3363 3198 exemplar
3440 3140 3671 3201 propo-

260 3223 377 3281 sita
438 3224 648 3280 sit.....
706 3237 886 3279 soror
941 3218 1433 3278 innocentissimi
1489 3217 1782 3277 antistitis
1842 3216 2240 3295 Ampilocbii.
2302 3240 2330 3270 »
2394 3219 2483 3275 En
2561 3217 2742 3275 tertia
2819 3216 3245 3295 Amphilochii
3318 3219 3668 3296 progenies.

258 3316 751 3396 Amphilochius
808 3334 981 3388 vero,
1041 3314 1218 3393 cujus
1276 3333 1455 3375 soror
1507 3314 1861 3375 Theodosia
1917 3314 2164 3385 dicitur,
2229 3333 2353 3374 non
2414 3314 2573 3374 alius
2641 3320 2733 3374 est
2789 3332 2978 3391 quam
3039 3315 3372 3375 Iconiensis
3428 3317 3671 3394 episco-

264 3436 418 3496 pus;
482 3413 991 3494 Amphilochius,
1050 3413 1331 3491 inquam,
1398 3412 1727 3491 Euphemii
1787 3431 1861 3472 ex
1908 3412 2352 3490 Amphilochio
2409 3418 2468 3471 et
2525 3412 2693 3472 Livia
2770 3413 2963 3472 frater
3021 3432 3378 3491 germanus.
3444 3415 3672 3477 Omnia

266 3513 693 3584 conveniunt;
730 3512 961 3590 patria,
996 3529 1215 3588 genus,
1248 3510 1391 3569 vita:
1423 3516 1482 3569 et
1515 3529 1756 3570 morum
1791 3510 2110 3570 sanctitas.

334 3610 616 3670 Patriam
696 3607 1127 3686 Amphilochii
1206 3606 1541 3667 Iconiensis
1624 3607 1811 3665 fuisse
1896 3606 2361 3684 Cappadociam
2465 3611 2728 3665 testatur
2810 3608 3072 3667 Basilius
3154 3609 3420 3687 epistola
3511 3612 3668 3671 alias

263 3724 535 3777 cccxcw,
590 3712 653 3766 et
711 3705 987 3764 maxime
1041 3704 1476 3782 Hieronymus,
1540 3704 1647 3781 qui
1700 3704 1965 3781 epistola
2012 3705 2090 3762 ad
2148 3706 2443 3780 Magnum
2518 3720 2771 3775 LXXXIII,
2832 3704 2988 3764 alias
3059 3723 3303 3778 LXXXIV,
3357 3708 3520 3767 inter
3576 3710 3664 3767 vi-

259 3825 357 3865 ros
418 3806 641 3864 doctos
697 3801 1119 3881 Cappadociae
1176 3800 1513 3872 Basilium,
1573 3802 1935 3878 Gregorium
1993 3806 2055 3861 et
2121 3801 2636 3879 Amphilochium
2694 3810 2995 3862 recenset.
3056 3804 3501 3880 Amphilochio
3552 3826 3662 3884 pa-

254 3903 437 3973 renti,
473 3902 737 3979 ejusque
770 3899 939 3971 ﬁliis,
974 3899 1384 3969 Diocaesarea,
1419 3898 1483 3957 id
1513 3907 1624 3970 est,
1663 3900 2065 3971 Nazianzum,
2102 3899 2307 3976 patria
2336 3899 2692 3975 assignatur
2730 3899 2791 3957 in
2824 3899 3147 3976 epitaphio
3178 3918 3328 3960 XXXI
3353 3901 3461 3979 (g).

331 4001 423 4060 De
481 4016 712 4077 genere
770 4013 1027 4074 quoque
1083 3996 1200 4055 sibi
1257 3995 1658 4055 consentiunt
1708 3996 1967 4067 omnia,
2030 3996 2398 4074 epitaphia,
2461 3996 2773 4073 epistolae,
2833 4004 3147 4074 poemata.
3208 3999 3275 4057 In
3329 3999 3668 4077 epitaphiis

257 4094 751 4175 Amphilochius
806 4094 935 4163 ille,
999 4093 1106 4171 qui
1155 4092 1437 4170 Gregorii
1496 4111 1571 4151 ex
1630 4092 1941 4151 avunculo
2002 4093 2197 4151 frater
2254 4093 2527 4166 dicitur,
2589 4101 2912 4171 parentem
2990 4094 3126 4172 ejus
3192 4096 3461 4155 nominis
3516 4100 3666 4156 Am-

262 4193 659 4274 philochium
720 4191 1006 4251 habuit:
1070 4190 1289 4249 habuit
1345 4197 1403 4249 et
1459 4189 1796 4249 Iconiensis
1857 4190 2333 4268 Amphilochius
2370 4236 2383 4261 ,
2444 4198 2513 4250 ut
2568 4210 2640 4250 ex
2720 4191 3065 4269 epigraphe
3138 4192 3418 4270 epistolae
3493 4211 3664 4268 LXII,

258 4294 417 4353 alias
468 4308 607 4352 CLXI
637 4289 875 4368 optime
904 4287 1341 4349 Tillcmontius
1400 4288 1562 4348 eruit
1620 4292 1681 4348 et
1737 4288 1960 4348 astruit
2010 4293 2158 4348 nota
2216 4288 2409 4367 priori
2466 4288 2529 4348 in
2588 4288 2791 4349 Vitam
2851 4289 3275 4368 Amphilochii
3333 4297 3393 4351 et
3440 4292 3668 4353 eruditi

255 4390 633 4451 concedunt.

338 4492 600 4547 Gentem
653 4502 801 4543 vero
854 4501 926 4543 ac
982 4482 1283 4543 fomiliam
1342 4482 1771 4560 Amphilochii
1826 4483 2111 4543 eamdem
2173 4491 2361 4562 atque
2421 4485 2700 4563 Gregorii
2753 4485 3006 4563 sapiunt
3062 4486 3406 4565 epitaphia,
3461 4495 3527 4548 ut
3571 4490 3663 4547 vi-

260 4585 488 4655 dimus,
550 4581 1011 4661 propemodum
1068 4580 1320 4653 omnia;
1381 4580 1633 4657 sapiunt
1687 4586 1749 4639 et
1806 4581 2108 4658 epistolm.
2172 4581 2453 4659 Epistola
2508 4599 2779 4659 namque
2838 4600 2969 4655 XIII,
3008 4583 3162 4642 alias
3220 4601 3328 4643 CLX
3388 4584 3465 4643 ad
3523 4586 3666 4644 Am-

257 4680 654 4761 philochium
692 4725 707 4751 ,
768 4697 957 4756 quem
1014 4678 1443 4737 Inconiensem
1499 4682 1718 4755 postea
1773 4678 2135 4757 episcopum
2185 4680 2371 4738 fuisse
2448 4697 2633 4738 nemo
2713 4681 3083 4757 negaverit,
3145 4681 3475 4758 Gregorius
3505 4683 3593 4742 ait
3642 4701 3656 4742 :

265 4780 463 4838 «Non
498 4776 767 4837 multum
829 4793 955 4834 una
1001 4774 1253 4844 fuimus,
1315 4793 1673 4852 quanquam
1734 4775 1889 4834 illud
1948 4776 2204 4836 omnino
2260 4777 2557 4854 oportuit,
2615 4795 2752 4835 cum
2809 4782 3064 4855 propter
3121 4797 3235 4837 nos
3285 4780 3477 4857 ipsos,
3525 4788 3656 4840 tum

261 4883 521 4953 propter
554 4873 907 4933 traductam
941 4872 1020 4931 ad
1081 4890 1194 4931 nos
1248 4891 1285 4930 a
1344 4871 1707 4949 parentibus
1762 4872 2127 4931 amicitiam.
2190 4895 2216 4929 ››
2281 4878 2366 4931 Ac
2418 4874 2604 4949 paulo
2664 4881 2803 4949 post
2860 4874 3221 4939 Nicobulus.
3256 4893 3330 4933 ex
3381 4878 3663 4953 Gregorii

262 4991 473 5032 sorore
537 4970 851 5048 Gorgouia
932 4970 1120 5039 ﬁlius,
1181 4988 1303 5027 non
1390 4969 1671 5045 Gregorii
1754 4968 1982 5043 solum,
2043 4970 2145 5029 sed
2228 4970 2648 5047 Amphilochii
2734 4970 2989 5047 pariter,
3054 4972 3300 5030 tametsi
3384 4972 3664 5033 inferiori

263 5068 485 5144 gradu,
536 5067 701 5126 ﬁlius
758 5065 1025 5125 dicitur:
1095 5089 1125 5119 ς(
1182 5064 1373 5125 Filius
1421 5070 1654 5139 noster,
1721 5089 1749 5119 ››
1787 5069 1945 5139 ἡμῶν
1980 5066 2332 5125 amborum.
2371 5090 2397 5120 α
2460 5066 2820 5127 Nicobulus.
2874 5090 2904 5122 »
2968 5067 3246 5145 Epistola
3299 5086 3444 5141 LXII,
3504 5071 3664 5131 alias

265 5182 420 5237 CLXI,
482 5164 827 5224 certissime
886 5164 963 5223 ad
1025 5162 1538 5241 Amphilochium
1597 5162 1937 5222 Iconiensis
2010 5163 2288 5242 episcopi
2372 5170 2611 5241 patrem
2698 5165 2952 5242 scripta,
3013 5164 3448 5242 cognationem
3510 5172 3659 5228 Am-

261 5263 556 5341 philochii
604 5281 751 5323 cum
809 5261 1116 5339 Gregorio
1173 5279 1209 5321 a
1266 5260 1469 5338 capite
1526 5262 1606 5319 ad
1664 5261 1897 5320 calcem
1961 5268 2069 5321 aut
2127 5261 2355 5321 diserte
2426 5263 2741 5340 exprimit,
2804 5270 2913 5322 aut
2971 5282 3093 5323 non
3155 5263 3419 5325 obscure
3476 5265 3662 5345 signi-

324 5548 395 5615 (ιι)
428 5546 660 5613 Murat.,
696 5562 788 5619 ep.
822 5548 906 5603 19.

2081 5544 2150 5616 (ε)
2184 5545 2416 5619 Murat.,
2444 5548 2533 5619 2t).

324 5620 395 5719 {be
420 5619 525 5719 ἕρ,
558 5621 628 5719 2‘0
658 5617 866 5719 εγεθᾶ
2086 5617 2397 5719 ςίζίξῗΓῐΠι,
2431 5618 2501 5671 ad
2534 5618 2761 5719 Oljy‘mp.
2795 5619 2947 5719 ἕλω
2976 5623 3034 5674 et
3067 5636 3200 5690 sqq.

325 5692 389 5815 (ἢ
419 5694 645 5761 Murat.,
669 5708 763 5762 ep.
795 5688 885 5746 21.

324 5764 339 5829 (
379 5760 647 5836 )Murat.,
684 5762 770 5819 19.

2088 5688 2166 5758 (g)
2199 5688 2431 5757 Murat.,
2463 5706 2553 5760 ep.
2586 5688 2673 5754 31,
2708 5706 2764 5760 p.
2797 5690 2884 5743 30.
