4052 6276
298 469 377 532 8⁵1
1298 468 1717 531 ΡΒιΕΡΑΤΙΟ
1763 469 1898 529 ΟΕΡ

2103 470 2229 529 his.
2260 502 2337 514 -—
2366 470 2569 532 PARS
2613 470 2693 530 II.
3624 465 3703 527 88

302 603 451 664 ﬁcat
498 619 511 674 ;
576 603 846 663 maxime
900 620 1048 662 vero
1106 601 1213 661 illa
1271 603 1743 681 comparatione
1796 603 1960 662 inter
2017 603 2203 662 funus
2262 603 2541 679 Gregorii
2599 602 2813 681 patris,
2878 619 3063 680 quem
3138 599 3497 678 Theologus
3551 600 3697 658 sibi-

302 707 507 760 morte
561 700 877 760 sublatum
934 699 1135 771 dolet,
1199 706 1261 759 et
1317 701 1716 761 amissionem
1777 700 2205 778 Amphilochii
2252 701 2404 775 ﬁlii,
2465 719 2651 779 quem
2712 700 3193 778 Amphilochius
3249 704 3429 777 pater
3485 697 3702 757 adem-

302 802 482 877 ptum
539 797 657 856 sibi
705 797 989 875 queritur
1041 797 1322 874 ;illaque
1379 798 1566 858 etiam
1598 843 1611 868 ,
1665 798 1806 874 jure
1865 798 2079 876 utique
2134 797 2620 876 propinquitatis
2654 843 2668 869 ,
2716 798 2926 857 debita
2982 796 3409 857 consolatione
3442 841 3456 867 ,
3510 813 3702 872 quam

302 892 779 970 Amphilochius
837 900 1037 972 pater,
1072 899 1133 952 et
1191 895 1525 971 Gregorius
1582 895 1745 953 ﬁlius
1793 912 1830 954 a
1885 912 1949 953 se
2002 900 2220 953 mutuo
2277 902 2638 972 exspectare
2695 913 2766 954 ac
2825 911 3151 972 reposcere
3208 897 3519 971 poterant.
3572 892 3706 951 Gla-

301 991 431 1050 rius
462 990 669 1050 adhuc
728 990 823 1049 his
878 992 955 1049 ad
1014 991 1528 1068 Amphilochium
1574 992 1777 1050 verbis
1834 991 1989 1050 illud
2048 992 2326 1051 declarat
2383 993 2755 1069 Gregorius:
2795 995 2983 1051 «Nos
3038 1009 3316 1062 accusas,
3365 989 3699 1066 inquit.....

303 1088 559 1147 minime
615 1088 1058 1147 detrimentum
1118 1106 1477 1165 agnoscere,
1516 1088 1682 1167 quod
1744 1088 1928 1147 amici
1984 1107 2202 1149 omnes
2275 1095 2336 1149 et
2393 1091 2693 1167 cognati,
2757 1091 3051 1161 συγγενεῖς,
3112 1093 3485 1165 acceperunt
3539 1105 3553 1157 ;
3619 1092 3708 1145 at-

304 1204 427 1265 que
483 1204 599 1263 ego
657 1185 720 1243 in
778 1185 1017 1264 primis,
1083 1210 1112 1239 »
1175 1192 1343 1247 etc.:
1406 1185 1812 1246 disertissime
1869 1204 2056 1263 porro
2105 1186 2422 1265 exprimit,
2484 1187 2591 1246 ubi
2648 1187 3032 1247 Iconiensem
3104 1187 3467 1263 episcopum
3526 1201 3705 1261 aque

303 1288 488 1343 vocat
546 1282 947 1362 Ampilochii,
1007 1283 1086 1344 ad
1144 1303 1332 1363 quem
1395 1285 1634 1358 scribit,
1697 1309 1723 1340 α
1784 1285 1981 1345 ﬁlium
2041 1305 2113 1346 ac
2174 1304 2353 1345 suum
2433 1286 2626 1363 ipsius
2682 1285 2935 1344 fratrem
2988 1301 3001 1342 :
3066 1282 3263 1342 ﬁlium
3322 1288 3521 1349 tuum,
3586 1282 3709 1339 fra-

305 1386 464 1441 trem
518 1387 728 1441 autem
788 1388 1070 1441 nostrum
1108 1427 1122 1453 ,
1187 1406 1215 1437 »
1278 1388 1375 1441 etc
1410 1429 1423 1441 .
1482 1381 1580 1434 τὸν
1616 1381 1704 1433 σὸν
1741 1380 1878 1452 υἱὸν,

2104 1402 2176 1434 ›ον
2211 1378 2267 1434 δὲ
2298 1378 2549 1457 ἀδελφόν.
2614 1385 2738 1442 Has
2796 1381 2875 1441 ob
2934 1398 3155 1440 causas
3212 1378 3704 1439 consolationem

305 1496 343 1538 a
398 1477 722 1556 Theologo
778 1485 1139 1557 exspectare
1195 1479 1499 1540 debuerat
1542 1479 2024 1559 Amphilochius
2082 1487 2261 1559 pater
2318 1481 2393 1540 de
2450 1480 2578 1541 ﬁlio
2633 1479 2751 1540 sibi
2806 1479 3127 1558 adempto,
3164 1495 3387 1556 nempe
3443 1475 3705 1556 Amphi-

305 1576 516 1637 lochio
546 1577 875 1649 Iconiensi,
909 1577 1089 1655 cujus
1120 1596 1194 1637 ex
1227 1580 1539 1639 avunculo
1570 1579 1761 1640 frater
1790 1585 1925 1639 erat
1955 1580 2309 1657 Gregorius.

385 1694 544 1752 Tam
574 1692 745 1751 clara
781 1698 927 1751 sunt
982 1693 1199 1753 isthac
1252 1699 1315 1753 et
1369 1694 1573 1763 ﬁrma,
1608 1700 1677 1753 ut
1727 1693 1859 1771 jam
1919 1694 2130 1772 pigeat
2185 1693 2515 1771 epistolam
2574 1694 2652 1753 ad
2709 1693 3123 1753 Themistium
3182 1708 3351 1763 xxxv,
3387 1690 3543 1751 alias
3600 1708 3711 1753 cxx.

309 1785 603 1864 adjicere,
666 1786 774 1846 ubi
830 1786 965 1847 hac
1030 1787 1359 1864 leguntur:
1399 1786 1494 1839 Σοὶ
1522 1786 1681 1863 φίλος
1712 1782 1909 1861 πατρόθ

2110 1784 2608 1863 ιὸςἈμφιλόχιος.
2671 1790 2815 1848 Hac
2876 1788 3066 1848 verba
3136 1787 3263 1847 sive
3312 1805 3454 1847 cum
3512 1787 3710 1846 inter-

310 1887 483 1960 prete
512 1883 600 1941 sic
655 1882 1033 1943 reddideris:
1072 1908 1099 1938 ι
1161 1886 1210 1943 A
1268 1894 1529 1963 paterno
1591 1886 1782 1945 latere
1843 1885 1954 1945 tibi
2012 1887 2250 1946 amicus
2307 1892 2398 1945 est
2448 1904 2621 1945 meus
2669 1884 3145 1964 Amphilochius
3183 1902 3196 1955 ;
3230 1907 3259 1937 »
3325 1884 3451 1943 sive
3507 1883 3711 1960 magis

313 1979 393 2039 ad
441 1979 736 2056 litteram,
778 2005 807 2036 «
858 1980 973 2041 tibi
1031 1982 1267 2042 amicus
1321 1989 1434 2052 est,
1470 2002 1644 2043 meus
1701 2002 1738 2042 a
1792 1983 2157 2062 parentibus
2212 1983 2741 2062 Amphilochius;
2794 2007 2820 2037 ι)
2882 1984 3007 2041 vim
3067 1988 3233 2041 certe
3318 1987 3428 2040 aut
3485 1980 3711 2053 verbo:

318 2096 456 2137 rum
517 2077 859 2152 horumce,
919 2085 1028 2139 aut
1092 2080 1413 2140 sententia
1472 2081 1696 2160 prioris
1751 2080 1921 2141 haud
1998 2081 2338 2159 effugeris.
2399 2082 2615 2140 Dicere
2688 2080 2853 2140 enim
2928 2080 3126 2139 voluit
3181 2097 3288 2138 seu
3346 2078 3655 2155 interpres
3691 2123 3706 2149 ,

314 2192 421 2234 seu
479 2175 855 2253 Gregorius,
921 2176 1174 2237 minime
1230 2177 1599 2255 degenerem
1659 2178 1738 2237 ab
1803 2178 2159 2256 eloquentia
2214 2178 2407 2257 patris
2459 2176 2969 2257 Amphilochium
3026 2194 3205 2249 esse;
3268 2194 3394 2254 qua
3450 2174 3709 2235 Themi-

309 2270 492 2333 stio»
554 2272 927 2351 eloquentia
986 2275 1117 2353 regi
1179 2298 1209 2329 ››
1271 2274 1499 2335 charus
1552 2281 1728 2354 pater
1758 2294 1896 2335 cum
1957 2281 2135 2346 esset,
2169 2275 2398 2335 charus
2454 2274 2654 2335 eidem
2704 2280 2766 2334 et
2824 2274 2988 2334 filius
3045 2293 3175 2334 esse
3232 2272 3522 2333 debebat.
3557 2273 3708 2343 Qua

308 2371 561 2449 quidem
621 2371 933 2430 avunculo
983 2372 1283 2449 Gregorii,
1338 2373 1598 2450 ejusque
1644 2372 1791 2445 tilio,
1854 2372 1963 2451 qui
2010 2373 2075 2431 in
2133 2372 2467 2450 epitaphiis
2525 2378 2873 2451 tamtopere
2933 2371 3013 2431 ob
3071 2370 3493 2448 eloquentiam
3549 2368 3710 2429 cele-

302 2469 565 2527 brantur
599 2514 612 2539 ,
673 2468 921 2545 egregie
978 2470 1408 2529 conveniunt.
1470 2472 1650 2532 Unde
1707 2470 1769 2529 in
1828 2470 2049 2529 eadam
2128 2470 2394 2548 epistola
2453 2489 2598 2531 mox
2672 2470 2926 2545 subiicit
3000 2468 3334 2546 Gregorius
3387 2484 3401 2527 :
3461 2466 3708 2527 Addam

299 2564 514 2636 etiam,
574 2565 744 2642 quod
802 2565 1112 2642 ejusmodi
1168 2572 1345 2635 est,»
1401 2586 1626 2645 nempe
1682 2566 2183 2644 Amphilochius,
2248 2591 2277 2621 «
2325 2567 2434 2645 qui
2491 2585 2603 2628 nec
2664 2566 2973 2644 majorum
3032 2566 3266 2643 generi,
3301 2582 3413 2624 nec
3473 2569 3707 2623 nostra

297 2660 589 2721 amicitia
646 2661 939 2720 dedecori
996 2662 1121 2721 sit.
1188 2687 1215 2717 »
1278 2662 1379 2723 Sic
1440 2666 1604 2722 enim
1666 2663 1987 2723 reddenda
2044 2664 2323 2741 Gregorii
2407 2664 2619 2734 verba,
2677 2662 2924 2735 πατέρων
2959 2662 3119 2735 γένει·
3181 2681 3306 2721 non
3370 2667 3437 2720 ut
3510 2660 3707 2720 inter-

298 2776 461 2837 pres,
531 2780 560 2812 ‹‹
618 2762 882 2835 paterno
941 2760 1194 2835 generi;
1229 2784 1258 2813 ››
1323 2760 1558 2837 alioqui
1588 2758 1789 2833 πατρός
1849 2760 1898 2818 di

2104 2806 2105 2813 η
2160 2761 2513 2838 Gregorius,
2574 2780 2698 2820 non
2757 2759 3025 2833 πατέρων.
3073 2761 3166 2819 Ita
3226 2765 3435 2818 autem
3498 2757 3704 2834 loqui-

301 2859 448 2926 tur,
510 2859 579 2913 ut
634 2872 830 2932 genus
889 2854 1363 2933 Amphilochii,
1446 2877 1629 2917 suum
1688 2875 1939 2936 quoque
2010 2857 2246 2928 fuisse,
2308 2857 2705 2936 majoresque
2790 2858 3040 2916 eosdem
3118 2855 3448 2933 signiﬁcet.
3504 2853 3709 2914 Simili

304 2969 562 3031 prorsus
594 2957 656 3011 et
686 2951 993 3011 sententia
1025 2958 1086 3011 et
1116 2953 1355 3013 ratione
1398 2953 1461 3013 in
1512 2954 1788 3014 carmine
1831 2956 1931 3026 57,
1991 2972 2152 3013 vers.
2207 2955 2339 3023 103,
2380 2978 2405 3008 «
2443 2955 2631 3014 decus
2688 2973 2869 3013 suum
2931 2976 2961 3008 »
3018 2953 3403 3012 lconiensem
3460 2950 3706 3029 episco-

300 3066 452 3127 pum
511 3047 1022 3126 Amphilochium
1076 3051 1409 3128 Gregorius
1468 3058 1650 3112 vocat
1704 3051 1787 3132 (a)
1823 3096 1837 3111 .
1898 3054 2098 3112 Decus
2164 3058 2373 3112 autem
2457 3070 2589 3113 esse
2673 3058 2920 3129 poterat
3007 3049 3286 3128 Gregorii
3371 3048 3703 3126 Amphilo-

301 3145 527 3219 chius,
589 3146 687 3206 vel
743 3153 813 3207 ut
866 3147 1023 3207 tanti
1082 3149 1367 3226 magistri
1423 3150 1768 3228 discipulus
1800 3197 1813 3223 ,
1869 3151 1967 3211 vel
2023 3156 2094 3211 ut
2125 3150 2477 3210 communis
2530 3149 2743 3228 stirpis
2792 3155 2854 3209 et
2919 3147 3156 3226 orginis
3213 3151 3701 3219 ornamentum,

300 3243 566 3303 Praestat
624 3242 759 3303 hac
813 3262 960 3303 vero
1017 3246 1325 3306 sententia
1379 3247 1619 3325 priori,
1682 3266 1823 3307 cum
1881 3247 2323 3327 Amphilochio
2376 3247 2639 3327 epistola
2698 3264 2810 3307 x111
2844 3291 2860 3321 ,
2923 3246 3078 3305 alias
3136 3262 3268 3317 CLX,
3329 3244 3703 3303 scribentem

302 3339 669 3418 Gregorium
730 3340 1105 3400 viderimus:
1178 3366 1208 3398 «
1264 3346 1399 3403 Non
1452 3344 1720 3403 multum
1779 3364 1906 3405 una
1960 3345 2213 3419 fuimus,
2268 3369 2297 3399 »
2362 3352 2506 3418 etc.,
2542 3363 2683 3423 qua
2740 3364 2777 3404 a
2834 3342 3162 3422 disciplina
3218 3360 3407 3420 quam
3466 3340 3701 3418 longis-

303 3436 456 3495 sime
514 3443 757 3496 remota
826 3445 1018 3498 sunt.
1084 3441 1177 3499 Ita
1230 3460 1482 3519 quoque
1540 3442 1861 3520 epitapbio
1919 3442 2087 3520 apud
2165 3443 2577 3502 Muratorium
2637 3459 2823 3503 xxxvx
2857 3489 2871 3515 ,
2951 3440 3351 3500 Nicomedem
3404 3463 3431 3493 «
3514 3439 3707 3498 decus

296 3550 506 3593 meum
540 3555 568 3591 ι)
609 3533 734 3608 ait;
771 3535 921 3611 quia
952 3536 1277 3613 sanguinis
1310 3538 1620 3616 particeps
1650 3539 1954 3617 ejusdem,
1984 3545 2235 3618 gentem
2269 3546 2330 3599 et
2357 3540 2489 3619 ipse
2522 3540 2971 3616 Gregorianam
3001 3537 3381 3597 illustrabat.

374 3649 497 3707 Nec
571 3647 778 3708 minus
835 3649 915 3709 ad
972 3668 1102 3710 rem
1174 3658 1452 3712 nostram
1524 3653 1763 3713 faciunt
1818 3659 2260 3715 testamentum
2337 3655 2665 3733 Gregorii,
2722 3660 2783 3714 et
2858 3654 3068 3733 plures
3139 3650 3420 3731 epistola
3473 3668 3487 3723 ;
3547 3667 3703 3724 XXII,

296 3744 454 3804 alias
510 3761 626 3817 cx;
688 3764 861 3819 xxm,
924 3748 1056 3807 alas
1113 3766 1211 3810 CVI
1265 3768 1279 3820 ;
1340 3750 1403 3809 in
1461 3751 1689 3828 quibus
1737 3752 2247 3830 Amphilochium
2298 3752 2425 3811 sive
2484 3753 2744 3823 honore,
2780 3751 2907 3810 sive
2964 3768 3179 3809 amore
3234 3747 3701 3825 dignissimum,

296 3842 394 3902 vel
452 3845 1091 3919 reverendissimum,,
1151 3866 1299 3906 sane
1359 3847 1438 3907 ob
1497 3848 1892 3927 episcopatus
1950 3850 2342 3927 dignitatem,
2404 3850 2600 3909 ﬁlium
2661 3868 2843 3908 suum
2916 3847 3197 3926 appellat
3249 3863 3262 3904 :
3313 3844 3411 3896 Τὸν
3442 3842 3708 3913 τιμιώτα-

294 3959 387 3993 τον
445 3940 583 4007 υἱὸν,
619 3938 1067 4013 αἷδεσιμώτατον,
1128 3950 1246 4005 etc.
1308 3945 1726 4023 Eupheminm
1797 3966 1894 4025 qui

2155 3947 2628 4025 Amphilochii,
2687 3952 2904 4025 postea
2975 3942 3311 4004 Iconiensis
3388 3941 3695 4020 episcopi,

296 4057 663 4116 germanum
755 4041 1061 4112 fratrem,
1147 4041 1343 4101 ﬁlium
1431 4062 1611 4104 suum
1686 4045 1967 4122 appellat
2024 4046 2381 4123 Gregorius,
2445 4044 2771 4105 Rationem
2857 4060 3148 4121 quares,
3212 4058 3324 4100 cur
3408 4038 3709 4097 amitinos

297 4137 632 4213 Gregorius
692 4144 906 4197 noster
960 4157 1033 4197 eo
1092 4140 1343 4199 nomine
1420 4140 1798 4215 donaverit,
1859 4142 2127 4220 epistola
2182 4160 2381 4214 XXIII,
2446 4142 2600 4202 alias
2659 4158 2759 4203 CVI
2797 4187 2812 4214 ,
2874 4159 3014 4218 qua
3083 4157 3197 4217 pro
3256 4135 3702 4216 Amphilochio

293 4232 431 4309 ipso
489 4233 722 4311 scripta
797 4242 935 4306 est,
1003 4224 1305 4296 docebit:
1371 4262 1399 4292 «
1464 4240 1600 4317 Ipse
1660 4239 1820 4311 tibi,
1877 4240 2082 4318 inquit
2149 4239 2481 4317 Gregorius
2527 4286 2541 4312 ,
2603 4238 3042 4299 charissimum
3131 4235 3329 4295 ﬁlium
3417 4239 3702 4294 nostrum

290 4329 801 4408 Amphilochium
862 4332 1108 4403 offero,
1176 4334 1373 4393 virum
1435 4335 1765 4412 probitatis
1822 4336 2075 4396 nomine
2126 4357 2323 4415 usque
2382 4338 2539 4397 adeo
2589 4338 2862 4396 nobilem
2902 4381 2916 4407 ,
2950 4336 3140 4394 etiam
3220 4338 3450 4411 prater
3508 4349 3701 4410 quam

294 4432 447 4487 atas
502 4428 699 4499 ferat;
748 4434 817 4488 ut
870 4429 1026 4507 ipse,
1088 4431 1195 4508 qui
1255 4438 1314 4491 et
1372 4450 1562 4492 senex
1615 4439 1675 4492 et
1723 4434 2141 4494 sacerdos.....
2206 4436 2505 4513 praclare
2567 4452 2811 4495 mecum
2873 4433 2975 4509 agi
3031 4431 3499 4491 existimaturus
3558 4429 3703 4502 sim,

292 4523 345 4583 si
400 4542 538 4583 eam
628 4524 953 4585 hominum
1042 4527 1568 4588 existimationem
1628 4529 2028 4591 obtinerem.
2091 4556 2120 4587 »
2182 4533 2404 4592 IEtatis
2460 4533 2652 4610 igitur
2727 4528 3174 4608 dignitatisque
3260 4523 3701 4605 praerogativa,

292 4619 414 4680 hoc
472 4639 620 4679 usus
694 4639 826 4681 esse
881 4623 1191 4683 vocabulo
1254 4625 1587 4703 Gregorius
1648 4625 1938 4699 videtur,
2003 4633 2065 4688 et
2123 4628 2416 4688 amitinos
2494 4627 2889 4707 appellavit,
2947 4626 3133 4685 modo
3184 4623 3452 4693 fratres,
3515 4620 3705 4680 modo

292 4717 478 4778 ﬁlios.

373 4836 460 4894 De
517 4836 755 4895 Nonua
792 4880 806 4908 ,
864 4837 1148 4914 Gregorii
1206 4838 1466 4910 matris,
1525 4840 1858 4917 nepotibus
1915 4860 2082 4902 nunc
2140 4844 2472 4903 dicamus.
2535 4845 2756 4902 Nonna
2823 4847 2947 4899 tres
3024 4838 3251 4898 liberos
3326 4832 3647 4913 pocreavit
3682 4878 3697 4904 ,

293 4932 708 5009 Gregorium,
766 4934 1102 4994 Casarium
1139 4980 1155 5007 ,
1216 4941 1277 4994 et
1335 4935 1527 4995 ﬁliam
1581 4937 1832 4998 nomine
1906 4941 2280 5019 Gorgoniam
2321 4986 2334 5000 .
2395 4940 2633 5000 Calebs
2707 4939 2862 4999 obiit
2935 4935 3240 4997 Casarius
3290 4952 3306 5006 ;
3366 4929 3704 5008 Gregorius

289 5028 714 5105 virginitatem
777 5038 1078 5110 perpetuo
1142 5033 1379 5105 coluit,
1436 5034 1755 5113 vitamque
1815 5039 2225 5097 monasticam
2310 5038 2637 5097 exercuit.
2673 5036 2822 5096 Sola
2894 5040 3178 5113 posteros
3236 5028 3488 5109 reliquit
3544 5029 3702 5088 Gor-

287 5125 519 5201 gonia,
580 5146 721 5205 qua
778 5130 991 5207 nupsit
1038 5129 1313 5208 Alypio.
1365 5131 1616 5191 Nullum
1663 5133 1796 5209 jam
1866 5134 2243 5213 conjecturis
2320 5137 2525 5195 locum
2606 5134 2681 5193 de
2741 5132 2965 5192 marito
3042 5127 3377 5207 Gorgonia
3427 5170 3441 5198 ,
3503 5141 3697 5201 quem

283 5221 591 5283 Baronius
648 5224 711 5285 in
772 5227 913 5287 Vita
972 5228 1252 5305 Gregorii
1315 5228 1692 5288 Vitalianum
1757 5232 1943 5291 fuisse
1992 5231 2414 5310 conjiciebat,
2476 5229 2913 5290 'l‘illemontius
2986 5226 3265 5287 modeste
3319 5220 3704 5301 suggerebat

282 5336 415 5380 esse
450 5321 784 5476 lqfeletium
820 5371 833 5397 ,
901 5324 1199 5404 relinquit
1253 5325 1646 5406 epitaphium
1696 5346 1816 5389 Lxx
1869 5328 1953 5409 (ὸ)
1985 5373 2001 5392 .
2060 5332 2131 5391 ln
2188 5348 2263 5391 eo
2321 5329 2629 5408 siquidem
2702 5326 2964 5405 Alypius
3043 5321 3375 5401 Gorgonia
3430 5317 3697 5380 maritus

283 5434 447 5476 anne
500 5423 682 5476 atur:

283 5423 644 5495 appellatur
666 5433 682 5477 :

351 5748 428 5820 (α)
459 5747 648 5809 Carm.
680 5752 752 5809 ad
783 5752 1111 5827 Olympiad.

2114 5764 2189 5838 (ὁ)
2221 5765 2451 5839 Murat.,
2482 5782 2575 5838 ep.
2604 5764 2701 5835 70,
2730 5779 2788 5836 p.
2819 5762 2908 5819 65.
