4052 6276
243 445 325 505 89
1280 443 1695 505 PREFATIO
1741 441 2200 504 GENERALIS.
2235 473 2312 485 —
2342 440 2546 501 PARS
2590 438 2670 500 II.
3594 436 3674 498 90

946 582 1144 644 Κτῆσιν
1175 574 1290 645 ἑὴν,
1325 576 1519 646 σάρκας
1550 594 1608 628 τι
1635 573 1723 646 xuii
1752 573 1926 646 ὀστέα,
1958 573 2109 646 πάντξ
2139 572 2387 626 ἀναθεῖσα

1020 644 1307 722 ῘτοριινόνιξξδΔ
1336 644 1573 722 Χριστῷ2
1608 644 1804 722 μνξῦνον
1838 644 2219 722 ᾁφῆκι-ξπρᾳιχ,

945 719 1026 775 Οὐ
1200 716 1334 793 οὐδὲ.
1350 712 1715 793 ῥιὲόσμιφδήρ-ῥν
1748 712 2128 793 χρόγόᾑχᾶλγ
2160 712 2260 790 ἄρα
2288 712 2377 768 καὶ
2406 713 2497 767 τὸν

1020 786 1289 865 ’Ήρπασεν
1320 789 1571 860 ἐξαπίνης
1601 786 1829 862 ἁῶὃιμόν
1862 786 2146 842 Ἀλύπιον.

949 908 1200 962 Censum
1234 924 1428 971 suum,
1462 923 1668 962 carnes
1697 910 1753 959 et
1783 923 1936 971 ossa,
1970 904 2168 960 omnia
2197 920 2329 959 cum
2364 906 2653 958 sacrasset

1020 979 1373 1054 Gargonium
1405 979 1653 1054 Christo,
1688 976 1879 1032 solum
1914 977 2225 1054 reliquerat
2255 991 2563 1054 sponsum,

982 1050 1398 1131 Verumtamen
1427 1067 1537 1131 non
1572 1051 1668 1103 diu
1701 1066 2004 1131 sponsum.
2036 1048 2144 1102 Sed
2180 1049 2432 1131 profecto
2462 1050 2519 1101 et
2550 1048 2745 1115 ipsum

1020 1121 1309 1176 Illustrem
1343 1123 1608 1193 Alypium
1641 1138 1709 1175 ex
1738 1118 2052 1190 improviso
2083 1118 2297 1189 rapuit.

336 1255 433 1315 Ad
508 1255 805 1333 Alypium
856 1254 989 1314 sine
1050 1256 1470 1315 controversia
1518 1254 1765 1333 scriptae
1833 1259 1981 1314 sunt
2026 1252 2329 1331 epistolae,
2380 1267 2629 1323 LXXXII,
2689 1249 2843 1309 alias
2900 1264 3122 1310 CXLVIII
3174 1266 3187 1320 ;
3249 1264 3528 1322 LXXXIII,
3588 1250 3667 1310 al.

260 1370 479 1422 CXLIX;
541 1370 787 1424 LXXXVI,
853 1352 915 1412 al
973 1370 1062 1425 CL,
1123 1372 1261 1412 cum
1322 1353 1386 1412 in
1450 1358 1766 1432 postremo
1819 1352 2075 1412 laudata
2134 1350 2364 1411 sororis
2421 1367 2549 1408 suae
2610 1348 2988 1408 mentionem
3050 1346 3136 1405 sic
3196 1347 3383 1407 facait
3440 1349 3670 1427 Grego-

261 1452 417 1522 rius,
484 1457 555 1510 ut
609 1469 874 1511 uxorem
939 1451 1146 1530 Alypii
1202 1451 1385 1512 facile
1441 1469 1764 1529 agnoscas.
1802 1450 1895 1509 Ad
1950 1449 2240 1511 eumdem
2298 1448 2461 1507 datae
2511 1452 2657 1507 sunt
2713 1445 3274 1525 epistola-‘3,LXXXIV
3333 1451 3393 1505 et
3448 1463 3671 1523 LXXXV,

261 1550 347 1609 al.
384 1566 479 1609 CLI
540 1554 604 1609 et
660 1566 814 1609 CLII:
850 1567 1054 1627 neque
1107 1554 1316 1609 tamen
1380 1549 1675 1628 Alypium
1736 1549 1913 1608 illum
1963 1546 2377 1627 Cappadocia:
2433 1544 2761 1625 praesidem
2818 1544 3194 1606 constituere
3250 1561 3500 1604 necesse
3557 1551 3670 1606 est.

261 1648 426 1705 Num
489 1647 572 1706 ad
631 1646 925 1726 Alypium
983 1647 1270 1707 eumdem
1330 1646 1598 1726 epistola
1655 1665 1772 1717 LXI,
1834 1647 1989 1707 alias
2042 1664 2222 1715 LXXX,
2266 1643 2601 1705 verisimile
2662 1660 2789 1702 non
2852 1646 2966 1702 est.
3032 1645 3361 1720 Repugnat
3417 1643 3675 1705 omnino

259 1743 590 1814 laudibus,
625 1744 802 1821 queis
855 1743 921 1803 in
980 1745 1260 1804 oratione
1316 1744 1565 1804 funebri
1618 1744 1947 1822 Gorgonius
1998 1744 2259 1823 Alypius
2306 1741 2539 1819 conqu
2594 1746 2873 1813 ornatur,
2933 1746 2995 1799 et
3049 1739 3371 1818 epitapbio
3424 1757 3539 1801 LXX
3593 1741 3678 1821 (a)

260 1842 339 1903 de
391 1862 471 1902 eo
531 1843 755 1922 Alypio
813 1843 1077 1922 scriptas
1135 1862 1267 1903 esse
1320 1844 1616 1921 epistolas
1674 1861 1823 1905 CCVII
1877 1851 1939 1903 et
1995 1860 2194 1915 CCVIII,
2257 1843 2340 1902 al.
2399 1858 2576 1904 CXLVI
2636 1846 2696 1901 et
2750 1856 2971 1901 CXLVII.
3030 1840 3293 1917 Alypius
3348 1840 3539 1910 enim,
3598 1841 3677 1900 de

260 1959 392 2019 quo
456 1939 558 1998 his
613 1941 674 1998 in
729 1940 976 2010 litteris,
1036 1940 1421 2018 Simpliciam
1484 1960 1742 2001 uxorem
1804 1941 2133 2013 habuerat,
2187 1946 2248 1999 et
2305 1939 2557 1999 viduam
2623 1939 2895 1998 moriens
2947 1937 3309 2014 reliquerat.
3345 1937 3674 2013 Gorgoniaa

262 2056 414 2097 vero
476 2038 711 2116 conjux
768 2038 1052 2116 Alypius,
1111 2045 1173 2098 et
1229 2039 1409 2098 uxori
1465 2045 1777 2117 superstes
1835 2039 1973 2110 fuit,
2032 2044 2094 2099 et
2157 2038 2246 2098 ita
2301 2038 2357 2097 ei
2413 2036 2720 2115 superfuit
2774 2035 3149 2114 baptizatus,
3200 2040 3270 2095 ut
3317 2035 3393 2095 ad
3451 2053 3674 2095 secun-

263 2134 377 2195 das
410 2135 669 2213 nuptias
696 2135 1072 2199 convolandi
1101 2154 1212 2195 nec
1241 2136 1517 2196 animum
1551 2155 1664 2195 nec
1693 2142 1938 2216 tempus
1968 2135 2278 2196 habuerit.

343 2232 663 2291 Baronius
744 2232 1095 2310 Gorgoniae,
1158 2238 1317 2311 praet
1344 2251 1412 2292 er
1490 2234 1863 2313 Alypianam
1919 2234 2140 2307 ﬁliam,
2198 2233 2361 2293 ﬁlios
2416 2249 2669 2310 quoque
2728 2231 2931 2302 duos,
2965 2231 3217 2290 Petrum
3278 2233 3339 2289 et
3393 2229 3670 2290 Phocam

260 2329 489 2389 tribuit
525 2330 748 2390 eodem
802 2348 1035 2401 errore,
1095 2349 1219 2408 quo
1274 2329 1677 2405 Vitalianum,
1715 2332 1894 2410 cujus
1949 2332 2060 2392 ﬁlii
2111 2334 2332 2392 Petrus
2386 2336 2447 2392 et
2504 2330 2746 2390 Phocas
2803 2329 2997 2401 fuere,
3044 2328 3100 2389 ei
3157 2346 3457 2407 sponsum
3516 2329 3673 2387 assi-

260 2427 505 2504 gnavit.
560 2426 749 2487 Filios
807 2427 1021 2488 itidem
1079 2428 1236 2488 duos
1294 2430 1606 2505 Gorgonia
1666 2436 1845 2490 natos
1892 2430 1956 2489 in
1986 2428 2333 2490 orationem
2394 2433 2706 2500 octavam,
2766 2426 2921 2486 alias
2974 2445 3058 2500 XI,
3110 2445 3284 2486 num.
3347 2428 3444 2502 14,
3505 2426 3675 2487 Elias

264 2526 587 2585 Cretensis
643 2526 959 2599 afﬁrmat;
1018 2527 1272 2587 nomina
1298 2531 1509 2587 autem
1566 2528 1806 2601 reticet,
1841 2533 1902 2588 et
1954 2528 2175 2588 ambos
2230 2532 2475 2588 tantum
2513 2526 2654 2586 «ad
2709 2525 3105 2605 episcopatus
3152 2524 3471 2602 fastigium
3529 2542 3673 2585 eve-

258 2629 395 2682 ctos
452 2645 484 2675 »
550 2623 773 2683 asserit
825 2641 840 2682 :
901 2622 1071 2696 quod
1129 2623 1228 2683 vix
1279 2623 1529 2684 credere
1578 2624 1724 2685 sinit
1785 2624 2163 2704 scriptorum
2222 2624 2504 2685 omnium
2563 2624 2641 2685 de
2698 2623 2796 2683 his
2861 2622 3177 2683 silentium
3215 2668 3229 2682 .
3286 2622 3433 2685 Veri
3488 2621 3676 2700 longe

257 2719 531 2779 similius
589 2726 682 2779 est
738 2721 1142 2797 Gorgoniam,
1202 2726 1432 2798 praeter
1482 2721 1877 2800 Alypianam,
1933 2722 2009 2782 de
2067 2741 2194 2800 qua
2251 2727 2497 2782 constat
2553 2721 2650 2780 vel
2698 2738 2774 2780 ex
2832 2720 3174 2798 epigraphe
3234 2719 3515 2798 epistolae
3563 2738 3671 2792 XII,

256 2818 416 2877 alias
476 2834 631 2889 CLV,
682 2824 742 2877 et
802 2818 1074 2878 maxime
1128 2836 1201 2878 ex
1261 2819 1536 2878 carmine
1595 2821 1673 2879 50
1729 2820 1808 2899 (b)
1844 2868 1859 2894 ,
1914 2820 2020 2880 ubi
2074 2820 2395 2898 Alypianaa
2444 2819 2610 2878 ﬁlius
2668 2818 3009 2878 Nicobulus
3064 2818 3431 2895 Gregorium
3491 2826 3676 2878 vocat

266 2939 298 2970 α
355 2914 582 2976 matris
616 2916 1023 2988 avunculum,
1083 2938 1112 2973 »
1177 2911 1362 2988 δέρκεο
1398 2914 1599 2990 μητρὸς
1659 2914 1797 2988 ἐμῆς
1861 2938 1866 2987 ι

2073 2936 2082 2967 ρ
2142 2916 2307 2990 μέγαν
2340 2934 2353 2948 ο
2404 2916 2802 2977 verisimilius
2837 2962 2849 2985 ,
2882 2915 3143 2994 inquam
3172 2962 3186 2987 ,
3239 2922 3471 2993 praeter
3524 2915 3673 2993 Aly-

260 3013 521 3091 pianam
558 3012 844 3089 geminas
873 3012 1029 3072 alias
1060 3014 1437 3090 Gorgoniam
1469 3015 1714 3073 enixam
1748 3015 1927 3084 ﬁlias,
1964 3015 2307 3094 Eugeniam
2342 3019 2404 3074 et
2431 3017 2741 3073 Nonnam.

345 3111 596 3170 Etenim
657 3109 994 3187 Gregorius
1052 3111 1375 3188 Alypianaa
1428 3135 1455 3165 «
1512 3112 1657 3173 ﬁlias
1714 3132 1843 3173 suae
1894 3113 2271 3173 dulcissimae
2308 3159 2321 3183 ,
2385 3118 2454 3171 ut
2525 3116 2759 3183 vocat,
2818 3110 3164 3189 Eugeniam
3241 3114 3303 3169 et
3386 3113 3674 3169 Nonnam

251 3208 346 3266 ita
394 3208 465 3265 in
515 3212 894 3266 testamento
944 3205 1252 3285 adjungit,
1297 3215 1366 3268 ut
1410 3210 1630 3269 eodem
1678 3210 1818 3270 illas
1867 3215 2054 3290 atque
2118 3210 2488 3289 Alypianam
2567 3209 2763 3287 gradu
2840 3208 3027 3268 fuisse
3072 3207 3361 3267 dubitare
3406 3227 3531 3267 non
3591 3206 3674 3266 si-

252 3311 368 3364 nat
418 3303 525 3363 hic
585 3303 887 3381 loquendi
938 3305 1196 3364 modus:
1266 3329 1297 3361 «
1352 3306 1727 3385 Alypianam
1786 3306 1981 3368 ﬁliam
2044 3326 2247 3368 meam
2307 3307 2730 3367 dulcissimam
2794 3305 3188 3387 (caeterarum
3242 3305 3405 3365 enim
3463 3307 3671 3384 Euge-

251 3403 375 3463 [πίω
458 3407 521 3462 et
608 3404 844 3461 Nonnae
929 3401 1152 3481 exigua
1232 3403 1392 3463 ratio
1477 3404 1771 3466 habenda
1853 3406 2017 3485 est),
2079 3411 2386 3467 etc
2446 3406 2581 3467 haec
2664 3404 2743 3465 ad
2798 3404 2992 3483 ipsius
3062 3403 3390 3483 Alypiana
3445 3403 3677 3464 liberos

250 3500 580 3581 pertinere
615 3500 795 3573 volo;
834 3524 864 3554 »
903 3506 964 3560 et
1000 3524 1027 3555 ε(
1084 3500 1259 3561 nulla
1312 3502 1374 3561 in
1432 3521 1498 3564 re
1554 3504 1907 3583 ipsam,vel
1962 3522 2207 3566 sorores
2267 3506 2491 3582 ejus,»
2552 3522 2778 3583 nempe
2835 3502 3181 3582 Eugeniam
3240 3507 3301 3562 et
3359 3504 3673 3574 Nonnam,

254 3622 287 3653 α
325 3598 639 3659 molestas
694 3615 848 3658 esse.
882 3618 912 3654 ιι
979 3598 1136 3668 Quid
1194 3598 1425 3660 clarius
1483 3606 1551 3661 ut
1606 3601 2068 3663 demonstretur
2123 3602 2497 3681 Alypianam
2547 3603 2746 3671 illam,
2810 3620 2930 3662 non
2986 3600 3287 3679 virginem
3346 3617 3483 3659 eam
3544 3617 3678 3660 esse

249 3697 328 3756 de
386 3714 522 3773 qua
596 3695 863 3773 epistola
919 3712 1115 3766 CLVIII,
1173 3696 1235 3755 al
1297 3714 1555 3771 CCXXXII,
1615 3700 1723 3759 sed
1777 3719 1918 3777 quas
1970 3699 2276 3761 Nicobulo
2336 3706 2679 3778 nupserat,
2739 3704 2801 3760 et
2850 3716 3097 3758 sorores
3146 3697 3282 3774 ejus
3338 3715 3676 3774 germanas

250 3795 448 3853 fuisse
508 3792 859 3869 Eugeniam
919 3798 980 3852 et
1036 3795 1323 3853 Nonnam
1372 3797 1401 3854 ?
1461 3796 1626 3866 Quas
1684 3798 1935 3873 quidem
1992 3797 2266 3873 virgines
2343 3797 2761 3873 permansisse
2818 3794 2974 3854 nihil
3036 3811 3283 3853 necesse
3368 3798 3462 3851 est
3536 3810 3674 3852 cre-

250 3890 420 3949 dere.
460 3888 641 3959 Quod
674 3887 842 3947 enim
901 3888 979 3946 de
1036 3890 1353 3965 Gorgonia
1407 3890 1640 3951 dictum
1700 3899 1793 3953 est
1846 3894 1908 3952 in
1969 3893 2251 3955 oratione
2307 3911 2434 3965 VIII,
2471 3893 2625 3953 alias
2667 3911 2754 3963 XI,
2799 3914 2827 3949 ‹‹
2885 3889 3165 3967 corporis
3222 3890 3517 3961 fructum,
3551 3889 3675 3949 hoc

248 3993 338 4047 est
393 3986 634 4045 liberos
690 3991 753 4043 et
808 3990 1070 4061 nepotes
1125 3986 1381 4063 spiritus
1436 3988 1705 4048 fructum
1765 3990 2053 4065 effecit,»
2117 3991 2193 4050 de
2251 3990 2565 4069 baptismo
2625 3996 2687 4049 et
2741 3986 3209 4049 consecratione
3265 4004 3406 4064 quae
3464 4003 3540 4044 ex
3596 4004 3671 4047 eo

249 4084 418 4154 ﬂuit,
488 4088 702 4161 potest
757 4087 819 4142 et
871 4082 1058 4142 debet
1114 4084 1312 4162 accipi
1366 4103 1379 4143 :
1430 4086 1662 4165 alioqui
1720 4088 2078 4167 virginitate
2135 4105 2531 4149 consecrasse
2587 4087 2749 4146 ﬁlias
2834 4103 2979 4146 suas
3055 4101 3273 4144 omnes
3356 4083 3675 4162 Gorgonia

247 4180 530 4242 dicenda
590 4185 798 4249 esset,
859 4180 1025 4258 quod
1087 4180 1338 4258 quidem
1399 4182 1737 4243 absurdum
1798 4192 1858 4244 et
1942 4185 2106 4245 facto
2190 4186 2573 4245 contrarium
2621 4202 2634 4257 ;
2696 4183 3013 4262 siquidem
3094 4181 3404 4260 Alypiana
3458 4180 3673 4259 nupsit

198 4277 587 4342 .Nicobulo.
648 4278 931 4355 Eugenia
986 4296 1255 4355 quoque,
1291 4279 1387 4337 vel
1447 4282 1688 4343 Nonna.
1727 4282 1993 4342 Meletio.
2020 4284 2079 4343 Is
2132 4288 2225 4343 est
2277 4283 2581 4356 Meletius,
2642 4281 2748 4361 qui
2804 4281 2869 4340 in
2942 4284 3319 4339 testamento
3390 4276 3672 4356 Gregorii

245 4369 499 4448 γαμϐρός
530 4374 783 4449 dicitur,
820 4374 991 4452 quod
1022 4374 1155 4453 ejus
1181 4376 1408 4436 sosoris
1440 4376 1634 4438 ﬁliam
1668 4398 1925 4439 uxorem
1956 4379 2257 4440 duxisset.

322 4476 415 4534 Ex
482 4471 819 4544 Nicobulo,
854 4471 936 4531 ad
996 4490 1180 4549 quem
1239 4473 1451 4552 plures
1510 4476 1790 4553 Gregorii
1845 4477 2150 4555 epistolae,
2196 4485 2259 4537 et
2329 4477 2643 4556 Alypiana
2698 4474 3041 4537 Nicobulus
3096 4474 3255 4535 alter
3312 4477 3496 4533 natus
3549 4476 3665 4546 est,

245 4578 308 4631 et
362 4570 690 4648 Alypiana
748 4568 948 4646 Virgo,
981 4568 1059 4628 de
1117 4588 1241 4647 qua
1298 4572 1565 4650 epistola
1620 4590 1855 4647 CLXXXI,
1920 4575 1999 4647 al,
2065 4592 2286 4636 CXXXII.
2349 4578 2437 4635 De
2495 4573 2800 4635 Nicobulo
2869 4578 3039 4633 certa
3098 4590 3197 4632 res
3253 4576 3385 4641 est,
3445 4570 3543 4629 vel
3592 4588 3669 4629 ex

243 4669 532 4729 carmine
583 4665 759 4744 quod
818 4665 1105 4727 Nicobuli
1162 4686 1389 4729 nomen
1448 4670 1567 4730 sibi
1617 4671 2021 4752 praescripsit,
2074 4678 2136 4733 et
2181 4692 2258 4733 ex
2316 4673 2512 4751 patris
2567 4670 2856 4732 Nicobuli
2913 4669 3342 4748 responsione,
3387 4667 3665 4745 itemque

244 4785 319 4827 ex
350 4764 631 4845 epistola
678 4780 852 4835 CXCV,
910 4764 1066 4824 alias
1121 4782 1296 4838 XLIV;
1360 4768 1524 4828 unde
1573 4768 1871 4830 discimus
1924 4770 2081 4831 alios
2139 4770 2445 4831 Nicobulo
2493 4768 2732 4848 juniori
2791 4784 3127 4845 germanos
3184 4765 3408 4825 fratres
3450 4764 3661 4836 fuisse,

242 4882 523 4941 quorum
556 4862 657 4921 vel
688 4861 945 4921 nomina
976 4861 1225 4939 penitus
1248 4862 1639 4941 ignorantur.

324 4965 496 5023 Sunt
554 4958 663 5021 alii
716 4960 875 5020 bene
934 4958 1118 5019 multi
1174 4962 1472 5039 Gregorio
1530 4970 1744 5025 nostro
1798 4965 2018 5026 afﬁnes
2074 4972 2133 5026 et
2200 4965 2652 5044 consanguinei
2702 4983 2717 5036 ;
2776 4964 2841 5024 in
2900 4981 3168 5043 quorum
3253 4977 3516 5020 numero
3573 4963 3670 5019 est

240 5058 665 5138 Euphemius,
730 5057 889 5117 alter
946 5055 1027 5115 ab
1076 5057 1494 5136 Amphilochii
1543 5061 1695 5121 ﬁlio.
1758 5065 1846 5122 De
1901 5081 1976 5124 eo
2032 5064 2093 5122 in
2154 5070 2569 5134 testamento,
2634 5062 2741 5123 ubi
2798 5080 2897 5122 res
2943 5063 3107 5120 inter
3164 5058 3383 5117 afﬁnes
3429 5059 3662 5134 agitur.

322 5155 688 5215 Helladium
738 5154 1182 5232 Eulaliumque
1236 5157 1459 5218 fratres
1515 5160 1782 5237 epistola
1837 5178 1939 5234 XV,
2000 5162 2157 5223 alias
2214 5179 2388 5235 CXCV,
2450 5162 2781 5239 Gregorius
2838 5164 3023 5219 vocat
3077 5178 3105 5214 ‹‹
3162 5153 3569 5215 consobrinos
3626 5175 3657 5210 ι)

244 5270 411 5323 suos,
475 5260 587 5312 aut
641 5252 980 5331 patrueles,
1058 5247 1326 5322 ἀνεψίους,
1360 5256 1479 5316 nisi
1538 5258 1734 5317 mavis
1791 5276 1868 5318 ex
1925 5277 2139 5320 sorore
2196 5265 2307 5321 aut
2361 5260 2864 5339 propinquorum
2933 5256 3147 5333 aliquo
3213 5257 3494 5331 nepotes,
3544 5270 3661 5331 pro

242 5351 421 5410 Varia
454 5350 623 5410 vocis
680 5351 1160 5431 signiﬁcatione.

320 5448 659 5526 Gregorius
695 5455 758 5511 et
812 5450 1112 5513 Basilissa
1164 5469 1343 5514 soror
1397 5451 1533 5531 ejus
1588 5471 1890 5532 germana
1942 5455 2266 5535 epitaphio
2349 5473 2384 5518 L
2437 5454 2541 5538 (c),
2602 5472 2845 5517 necnon
2903 5449 3229 5525 Eusebius,
3263 5448 3373 5529 qui
3429 5446 3658 5509 utrius-

336 5686 391 5768 ᾳ)
426 5689 655 5768 ἔοι-ειη
688 5689 994 5768 ep._:7_0,_p.
1030 5689 1118 5768 65.

1055 5689 1118 5768 l5.
2078 5694 2147 5768 (ο)
2180 5694 2414 5764 Murat.,
2443 5712 2534 5767 ep.
2565 5694 2655 5749 50.

336 5687 390 5741 α’
426 5689 655 5758 Muret,
688 5705 720 5745 θ
763 5732 777 5745 .
808 5689 904 5772 7_0,
936 5704 994 5761 p.
1030 5689 1118 5744 65.

312 5687 394 5830 {b5
423 5757 638 5834 Garum,
667 5705 756 5817 ad)
774 5760 981 5818 NIcob.
1014 5764 1167 5832 patr.
1956 5794 1961 5799 ·
