4052 6276
377 433 447 494 9i
1378 439 1791 498 PR/EFA'I‘IO
1840 441 2303 500 GENEltAlJS.
2327 473 2402 485 -—
2432 441 2628 501 PARS
2674 441 2780 499 III.
3702 440 3776 498 92

382 585 506 645 que
536 569 729 627 frater
757 570 1012 630 omnino
1043 570 1288 629 videtur
1332 571 1439 650 (α),
1475 591 1599 631 una
1648 591 1788 632 cum
1853 575 2073 632 Nonna
2135 581 2332 633 matre
2388 574 2694 651 ’l‘heologi
2783 593 2859 634 ex
2949 573 3136 633 variis
3192 573 3524 650 epitaphiis
3574 591 3647 632 eo
3679 578 3774 632 tu-

383 667 554 725 mulo
586 667 821 725 conditi
851 667 950 744 (6),
987 669 1096 744 qui
1155 670 1435 746 Gregorii
1492 677 1553 728 et
1587 674 1821 728 Nonnae
1880 689 1983 730 san

2233 679 2486 749 paratus
2542 677 2698 745 erat,
2761 671 2898 740 αἷμα
2953 670 3015 723 τὸ
3071 669 3398 744 Γρηγορίου,
3459 668 3664 737 Νόννης
3718 688 3773 721 τε

386 759 707 834 μεγακλέος,
743 767 820 826 ab
853 766 1067 825 ervi-cm
1108 767 1290 825 n‘ieni
1320 785 1544 843 genere
1575 786 1705 826 esse
1737 787 1860 826 non
1896 777 2178 846 possunt.

465 862 849 935 Nicomedes,
912 865 974 921 in
1034 881 1216 940 quem
1278 864 1395 922 tria
1454 871 1596 923 sunt
1654 865 1974 942 epitaphia
2035 866 2130 946 (c),
2195 868 2375 942 cujus
2433 868 2618 927 etiam
2683 867 2900 927 laudes
2959 866 3202 943 plenius
3261 865 3659 924 celebrantur
3715 864 3774 922 in

386 961 662 1020 carmine
695 963 753 1020 al
782 980 966 1022 XLVIII
1005 961 1107 1040 (εἰ),
1145 980 1214 1019 ex
1251 961 1468 1020 eodem
1503 968 1708 1021 cretus
1739 964 2041 1039 sanguine
2074 965 2340 1023 videtur.

463 1059 602 1117 Jam
636 1061 711 1118 de
741 1059 1022 1119 Philtatii
1080 1059 1494 1118 adolescentis
1552 1079 1690 1118 cum
1753 1062 2047 1138 Gregorio
2104 1061 2408 1122 affinitate
2467 1062 2754 1121 dubitare
2811 1062 2914 1119 vix
2971 1079 3195 1121 nomen
3259 1060 3425 1133 sinit,
3471 1059 3641 1138 quod
3698 1059 3774 1118 ab

384 1173 500 1214 avo
537 1157 814 1234 Gregorii
879 1175 1164 1216 manasse
1209 1157 1512 1216 videatur.
1573 1158 1800 1216 Suadei
1857 1159 2043 1217 etiam
2098 1159 2487 1240 epitaphium
2547 1177 2681 1232 XLV,
2711 1161 2937 1219 Muret.
2973 1179 3032 1237 p.
3075 1162 3167 1232 42,
3205 1177 3275 1218 ac
3329 1157 3578 1235 penitus
3636 1175 3772 1235 per-

381 1253 719 1315 suaderent
774 1256 872 1314 hae
933 1275 1112 1315 voces
1172 1279 1200 1310 «
1258 1272 1434 1314 sacra
1494 1255 1699 1327 tellus,
1759 1281 1788 1309 »
1844 1255 1893 1315 si
1951 1258 2262 1316 tumulum
2320 1266 2492 1317 ceIto
2573 1258 2993 1336 sgnificarent.
3057 1281 3085 1311 «
3148 1255 3619 1323 Verisimilium,
3680 1255 3772 1313 in-

375 1351 512 1428 quit
570 1354 945 1413 Muratorius
981 1398 996 1425 ,
1056 1352 1438 1412 necessarios
1492 1353 1864 1412 Nazianzeni
1919 1354 2105 1413 fuisse
2181 1355 2560 1415 Philtatios.
2622 1380 2652 1411 »
2718 1356 2875 1416 Huic
2953 1354 3335 1415 adolescenti
3409 1352 3770 1413 adolescen-

379 1448 548 1507 tulus
605 1450 765 1509 alter
819 1449 1283 1528 adjungcndus,
1319 1451 1652 1527 Gregorius
1711 1451 1982 1523 nomine,
2020 1452 2302 1528 Gregorii
2349 1471 2424 1512 ex
2482 1472 2694 1513 sorore
2752 1471 2946 1530 nepos
3002 1459 3111 1512 aut
3162 1451 3464 1529 abnepos,
3513 1450 3590 1509 de
3647 1468 3768 1527 quo

364 1544 757 1623 epitaphium
817 1565 1040 1608 cxxxni
1098 1548 1266 1625 apud
1325 1549 1574 1607 Murat.
1638 1552 1763 1608 Hos
1820 1567 2037 1608 omnes
2092 1556 2320 1627 praeter
2400 1551 2746 1610 stemmatis
2818 1551 3040 1609 seriem
3115 1566 3511 1609 recensemus
3548 1593 3563 1620 ,
3625 1546 3769 1624 quia

371 1661 497 1719 quo
555 1644 774 1704 ordine
820 1646 910 1703 illi
967 1664 1038 1705 ac
1087 1646 1225 1705 loco
1283 1645 1597 1705 statuendi
1655 1645 1778 1705 sint
1832 1646 2216 1724 ignoramus.
2251 1647 2344 1708 Sit
2399 1648 2596 1724 igitur
2652 1667 2689 1707 a
2747 1653 2968 1720 matre,
3004 1646 3370 1723 Gregoriani
3423 1645 3770 1704 stemmatis

362 1738 481 1798 ista
514 1740 869 1802 delineatio.

1571 1994 2000 2050 PHILTATIUS
2041 1996 2126 2050 ET
2167 1995 2554 2050 GORGONIA.

625 2082 3210 2223 AMPHILOCHMORIUS
3243 2151 3475 2220 conjux.

366 2245 1593 2378 GMLGCHIUS
1667 2323 2062 2378 THEODOSIS

367 2395 637 2466 mor_tuus
662 2391 1007 2466 sineliberis
1065 2395 1594 2466 postealconiensis
1689 2395 2050 2466 Olympiadis
2876 2391 3253 2466 CQtjj_l_l}_ngX
3361 2390 3487 2445 sine
3518 2390 3739 2445 liberis.

368 2461 544 2532 paulo
581 2467 713 2518 ante
745 2463 1002 2533 nuptias.
1066 2461 1081 2463 ἡ
1169 2465 1496 2536 episcopus.
1706 2461 2026 2522 educatrix.
2903 2463 3226 2517 ALYPIUS.

2341 2705 2769 2832 ἓῖἓςυὸθῗῗιῗῦἓκ

1842 3015 2063 3084 junior.
2431 3017 2615 3089 virgo.
2833 3017 3069 3071 nomine
3090 3015 3310 3087 ignoto.

1519 3211 1799 3266 PR/ETER
1841 3210 2109 3267 0RDINIS
2146 3211 2392 3266 SERIEM
2428 3211 2599 3268 SUNT

1061 3309 1420 3406 Eupbemius
1454 3310 1598 3365 alter
1629 3311 1698 3406 ab
1729 3310 2126 3406 Amphilochii
2155 3309 2292 3406 filio,
2327 3312 2544 3406 detquo
2576 3311 2633 3365 in
2666 3313 3064 3394 Testamento.

1202 3380 2069 3454 Meletiusmaritusiliugenize,
2103 3386 2202 3436 aut
2233 3387 2383 3436 certe
2414 3380 2628 3437 Nonnze
2655 3383 2928 3454 junioris.

1269 3452 1563 3526 Helladius
1597 3459 1651 3507 et
1668 3452 1937 3526 gEulalius
1970 3454 2236 3508 Nazianzi
2270 3455 2602 3526 epiSCOpus,
2635 3452 2860 3509 fratres.

1313 3524 1621 3595 Eusebius,
1655 3524 1958 3597 Georgius,
1992 3526 2271 3597 Basilissa
2305 3524 2565 3595 germani
2601 3531 2657 3580 et
2685 3527 2820 3597 ipsi.

1655 3596 2000 3649 Nicomedes
2060 3613 2126 3651 ac
2188 3596 2288 3650 filii
2346 3598 2482 3653 duo.

1700 3666 2010 3721 Pbiltatius
2070 3667 2428 3723 adolescens.

1773 3740 2082 3810 Gregorius
2108 3741 2363 3809 juvenis.

435 3885 510 3956 (τι)
679 3887 766 3948 46,
801 3903 856 3950 p.
894 3887 980 3940 43.

2193 3889 2263 3959 (c)
2296 3889 2395 3956 Ep.
2429 3889 2518 3954 36,
2552 3890 2641 3958 37,
2675 3890 2760 3942 38.

543 3957 774 4024 Murat.,
810 3974 900 4028 ep.
933 3959 1021 4022 49,
1056 3975 1111 4028 p.
1146 3959 1251 4026 45;
1285 3976 1378 4030 ep.
1418 3960 1507 4025 50,
1552 3976 1605 4031 p.
1643 3961 1742 4027 46;
1789 3977 1878 4032 ep.
1921 3962 2008 4028 66,
2191 3957 2271 4029 (d)
2306 3960 2496 4014 Carm.
2523 3962 2591 4015 ad
2625 3957 2842 4014 Hellen.
2872 3975 3020 4014 vers.
3059 3959 3158 4013 143
3189 3965 3245 4013 et
3274 3975 3393 4027 seq.

368 4043 425 4099 p.
534 4070 545 4082 .

1667 4305 2071 4388 TERTIA
2143 4307 2264 4388 PA
2285 4304 2455 4388 HS.

1086 4473 1187 4531 DE
1232 4473 1492 4532 VARUS
1540 4473 2073 4534 GHEGOHIAN/E
2117 4474 2533 4535 DOCTRINIE
2578 4474 3006 4535 CAPITIBUS.

448 4767 749 4838 Quamvis
824 4766 1159 4845 Gregorius
1213 4766 1318 4826 diu
1370 4766 1760 4844 multumque
1817 4768 2090 4845 patuerit
2141 4769 2416 4834 invidiae.
2475 4768 2762 4846 quamvis
2846 4767 3153 4846 plurimos
3226 4767 3368 4826 vitae
3427 4772 3558 4826 toto
3621 4771 3770 4826 tem-

365 4884 517 4946 pore
549 4865 934 4944 acerbosque
982 4874 1276 4943 expertus
1333 4865 1412 4924 sit
1467 4865 1877 4936 adversarios,
1913 4885 2240 4944 nunquam
2298 4886 2371 4926 ex
2421 4867 2495 4927 iis
2551 4867 2884 4944 quisquam
2946 4884 3135 4926 ausus
3193 4871 3286 4925 est
3338 4883 3480 4925 eum
3539 4864 3769 4924 erroris

365 4964 731 5024 insimulare
789 4971 850 5023 et
904 4964 1096 5041 ipsius
1154 4964 1500 5022 doctrinam
1555 4982 1834 5040 carpere.
1900 4989 1924 5018 ι
1992 4965 2210 5042 Hujus,
2273 4965 2475 5042 inquit
2536 4965 2820 5036 Ruﬁnus,
2880 4983 3083 5041 neque
3139 4962 3266 5022 vita
3337 4961 3570 5039 aliquid
3633 4979 3770 5040 pro-

363 5061 635 5122 babilius
693 5068 754 5121 et
811 5061 1086 5120 sanctius
1124 5107 1137 5134 ,
1198 5080 1398 5137 neque
1456 5062 1813 5140 eloquentia
1868 5062 2097 5121 clarius
2145 5069 2207 5120 et
2263 5062 2565 5122 illustrius
2600 5108 2614 5134 ,
2675 5080 2877 5140 neque
2936 5061 3056 5121 fide
3117 5060 3332 5137 purius
3399 5066 3460 5119 et
3517 5059 3769 5127 rectius,

362 5178 568 5237 neque
623 5158 882 5219 scientia
932 5158 1177 5238 plenius
1233 5165 1293 5217 et
1352 5160 1684 5236 perfectius
1743 5160 2004 5219 inveniri
2059 5164 2308 5238 potest;
2345 5166 2560 5238 utpote
2618 5161 2726 5238 qui
2785 5160 2954 5219 solus
3001 5159 3101 5229 sit,
3163 5158 3238 5217 de
3289 5155 3467 5234 cujus
3515 5156 3634 5215 ﬁde
3694 5173 3770 5213 ne

362 5257 733 5317 dissidentes
791 5255 1044 5333 quidem
1108 5257 1268 5316 inter
1313 5274 1396 5327 se,
1459 5263 1526 5315 ut
1576 5258 1707 5316 ﬁeri
1775 5259 1954 5330 solet,
2020 5263 2226 5335 partes
2312 5264 2372 5317 et
2428 5257 2638 5317 studia
2713 5257 3033 5335 disputare
3095 5255 3413 5333 potuerint
3469 5273 3482 5327 ;
3544 5253 3649 5312 sed
3706 5252 3766 5311 id

369 5355 711 5416 obtinuerit
741 5355 908 5432 apud
941 5358 1134 5414 Deum
1189 5360 1249 5413 et
1306 5355 1611 5415 Ecclesiae
1670 5358 1775 5415 Dei
1839 5356 2064 5427 meriti,
2128 5363 2197 5415 ut
2257 5355 2615 5433 quicunque
2672 5374 2862 5415 ausus
2921 5354 3105 5415 fuerit
3160 5352 3459 5413 doctrinae
3515 5351 3650 5429 ejus
3705 5349 3765 5408 in

370 5453 583 5530 aliquo
637 5452 961 5529 refragari,
999 5472 1072 5512 ex
1131 5452 1248 5512 hoc
1309 5453 1442 5530 ipso
1502 5454 1652 5531 quia
1707 5454 1840 5531 ipse
1895 5454 2094 5530 magis
2146 5453 2224 5513 sit
2266 5453 2597 5513 haereticus
2655 5458 2978 5530 arguatur.
3041 5450 3438 5511 Manifestum
3499 5464 3768 5524 namque

370 5550 668 5610 indicium
721 5555 814 5609 est
870 5569 990 5608 non
1053 5569 1183 5609 esse
1244 5557 1424 5609 rectae
1482 5551 1626 5610 ﬁdei
1677 5552 2016 5622 hominem,
2053 5551 2159 5629 qui
2221 5552 2280 5610 in
2342 5551 2526 5610 ﬁdem
2588 5570 2727 5610 cum
2789 5549 3083 5627 Gregorio
3155 5567 3278 5607 non
3336 5545 3695 5606 concordat.
3730 5567 3759 5597 υ

365 5648 536 5710 Adeo
594 5668 752 5727 pura
805 5648 967 5708 enim
1030 5653 1092 5707 et
1148 5648 1407 5721 sincera,
1464 5654 1526 5708 et
1580 5649 1751 5708 omni
1809 5668 2063 5728 prorsus
2111 5649 2263 5709 vitio
2317 5667 2533 5709 carens
2591 5648 2726 5726 ejus
2782 5647 3088 5718 doctrina,
3136 5651 3204 5705 ut
3261 5645 3406 5706 inde
3461 5642 3762 5718 Theologi

363 5765 594 5810 nomen
623 5765 784 5809 unus
814 5752 956 5828 post
984 5746 1338 5827 apostolum
1364 5746 1671 5809 Joannem
1704 5746 1783 5808 sit
1814 5748 2100 5826 adeptus.
