4052 6276
189 437 256 497 93
1199 435 1614 495 PR/EFATIO
1661 435 2227 494 GENERALIS.—
2258 436 2457 494 PARS
2506 433 2610 493 III.
3530 433 3610 488 9t

261 571 453 628 Plura
487 576 706 629 tamen
741 570 874 629 sive
907 570 1183 630 Clericus
1213 570 1292 629 ad
1342 569 1679 629 Sociniana
1734 574 2114 641 commenta,
2157 569 2234 629 de
2293 569 2490 628 tribus
2549 568 2791 628 naturis
2847 567 2910 626 in
2969 569 3093 626 Deo
3155 583 3265 642 per
3316 563 3609 640 antiquos

189 667 581 726 orthodoxos
640 667 1042 745 excogitatis,
1102 668 1387 736 fovenda,
1452 685 1644 745 prave
1702 667 2000 738 detorsit;
2065 667 2194 726 sive
2249 666 2658 726 Barbeiracus
2716 665 3006 744 quaedam
3068 663 3320 723 moralis
3373 662 3608 723 doctri-

185 785 278 824 na
335 765 552 843 capita
614 767 846 824 acriter
892 773 954 824 et
1010 766 1238 825 insulse
1299 765 1722 842 reprehendit.
1783 764 1944 835 Quid
1997 765 2222 823 mirum
2273 765 2334 822 in
2412 764 2773 824 hominibus
2828 763 2960 840 qui,
3021 761 3410 820 auctoritatis
3451 760 3609 836 jugo

182 863 360 921 omni
422 881 712 933 excusso,
780 863 939 921 nihil
1000 881 1122 921 non
1179 862 1416 940 experti
1476 868 1642 932 sunt,
1703 861 1858 920 nihil
1917 881 2162 921 sacrum
2194 863 2255 920 in
2315 862 2436 920 ﬁde
2470 860 2905 938 reliquerunt?
2957 863 3033 917 At
3090 859 3254 916 inter
3309 858 3613 932 ipsosmet

182 959 550 1018 Catholicos
631 960 946 1029 Petavius,
1010 962 1102 1017 vir
1183 959 1533 1018 eruditione
1587 965 1915 1037 prmstans,
1978 959 2345 1035 Gregorium
2433 965 2500 1017 ut
2588 959 2749 1016 male
2835 957 2912 1015 de
3004 955 3376 1014 adversariis
3455 972 3613 1031 quos

184 1062 482 1115 conl‘utat
543 1057 936 1134 triumphum
1001 1065 1288 1133 agentem
1346 1057 1680 1115 traducit:
1743 1057 1848 1114 sed
1906 1055 2038 1134 ipse
2094 1055 2157 1114 in
2244 1055 2633 1114 venerandos
2714 1057 2931 1113 Patres
3011 1052 3274 1111 nimium
3332 1050 3605 1127 iniquus,

185 1162 320 1213 eta
356 1155 536 1213 Bullo
589 1155 936 1231 Anglicano
997 1155 1298 1231 scriptore
1356 1155 1510 1213 bene
1560 1154 1922 1232 castigatus,
1985 1171 2262 1212 censurae
2321 1153 2662 1212 acerbitate
2720 1152 2908 1211 tantis
2968 1151 3118 1210 viris
3177 1169 3299 1209 non
3353 1149 3604 1221 nocuit;

186 1253 322 1310 imo
387 1252 596 1328 potius
653 1252 925 1329 proprize
988 1252 1247 1329 gloriae,
1303 1251 1435 1327 jam
1491 1252 1636 1310 inde
1696 1251 2198 1310 simulationibus
2283 1251 2510 1329 quibus
2595 1269 2744 1309 usus
2801 1256 2890 1308 est
2952 1249 3012 1308 in
3076 1267 3264 1309 causa
3320 1247 3611 1326 pergravi

186 1349 586 1408 obnubilatze
623 1394 638 1420 ,
700 1348 906 1407 labem
969 1355 1263 1407 aeternam
1323 1349 1594 1408 inussit.
1658 1351 1802 1408 Haec
1858 1348 2073 1408 omnia
2152 1366 2464 1426 exponere
2524 1354 2584 1407 et
2651 1347 2970 1426 exagitare
3028 1346 3078 1406 si
3135 1347 3380 1406 animus
3424 1350 3607 1417 esset,

191 1443 368 1503 ultra
429 1443 621 1522 hujus
678 1445 1018 1504 voluminis
1075 1445 1226 1505 ﬁnes
1282 1446 1764 1524 protenderetur
1821 1446 2020 1505 oratio
2072 1463 2084 1503 :
2141 1445 2205 1504 in
2263 1464 2529 1524 sequens
2609 1445 2799 1522 igitur
2892 1445 3160 1522 diligens
3247 1447 3308 1503 et
3391 1446 3612 1502 exacta

184 1542 596 1619 querelarum
657 1542 940 1602 omnium
999 1543 1439 1616 consideratio,
1507 1562 1647 1621 quae
1703 1543 1765 1602 in
1824 1544 2175 1604 doctrinam
2251 1543 2626 1604 sanctissimi
2699 1543 2971 1604 doctoris
3053 1547 3364 1620 congesta:
3439 1546 3608 1613 sunt,

184 1639 642 1698 extrahenda.
717 1641 1034 1718 Quidquid
1094 1647 1242 1700 tunc
1297 1642 1638 1700 occurrerit
1695 1643 1859 1718 quod
1921 1641 2239 1701 otl‘endere
2323 1641 2656 1712 inﬁrmos,
2722 1642 2816 1700 vel
2895 1641 2958 1699 in
3045 1640 3315 1699 deterius
3400 1644 3610 1716 posset

185 1739 425 1817 accipi,
495 1738 978 1809 elucidabimus,
1013 1745 1074 1798 et
1121 1738 1450 1816 scrupulos
1507 1745 1568 1798 et
1624 1739 1730 1816 qui
1780 1739 1902 1798 sint
1958 1739 2234 1798 studiose
2291 1739 2650 1798 evellemus.
2715 1738 2879 1797 Satis
2935 1756 3100 1796 nunc
3153 1737 3270 1796 erit
3337 1735 3386 1793 si
3442 1754 3607 1812 prae-

185 1841 379 1917 cipua
439 1839 747 1898 doctrinm
825 1839 1107 1916 Gregorii
1170 1839 1376 1917 capita
1433 1840 1497 1898 in
1557 1858 1748 1898 unum
1810 1840 2077 1900 collecta
2159 1839 2377 1899 lectori
2437 1839 2846 1898 exhibeamus
2903 1856 2916 1909 ;
2974 1843 3042 1897 ut
3098 1838 3195 1895 vel
3252 1837 3338 1895 sic
3397 1840 3611 1913 pateat

188 1954 385 2014 quam
449 1942 750 1995 accurate
825 1941 886 1995 et
942 1937 1065 1996 alte
1140 1936 1214 1995 de
1298 1937 1525 1995 divinis
1607 1936 1918 2009 disserat,
1981 1954 2054 1995 ac
2138 1943 2305 1996 recte
2389 1935 2750 2012 Theologus
2832 1934 3184 2012 nuncupari
3243 1932 3606 1992 meruerit:

189 2034 334 2093 hinc
431 2033 772 2111 apparebit
875 2039 1111 2111 quanta
1183 2034 1380 2111 ipsius
1461 2033 1741 2111 injuria,
1803 2040 2165 2112 quantaque
2263 2034 2544 2093 veritatis
2656 2033 2940 2104 oﬁ‘ensa,
3027 2032 3254 2092 erroris
3337 2029 3613 2108 potuerit

186 2131 574 2190 insimulari.

1761 2229 1847 2290 De
1902 2230 2047 2290 Deo.

259 2328 400 2398 Quo
436 2334 734 2406 tempore
795 2327 1061 2386 docendi
1123 2347 1348 2387 munus
1407 2327 1704 2406 Gregorio
1762 2329 2125 2407 impositum
2184 2333 2276 2388 est
2331 2325 2438 2407 (α),
2503 2332 2679 2386 tanta
2737 2327 2812 2386 de
2871 2324 3096 2385 divinis
3154 2323 3336 2386 rebus
3392 2323 3606 2402 dispu-

184 2427 351 2484 tandi
420 2426 688 2503 prurigo
750 2425 998 2485 animos
1047 2426 1405 2497 incesserat,
1465 2433 1531 2485 ut
1588 2427 1800 2486 omnia
1857 2427 2018 2500 loca,
2079 2445 2155 2486 ne
2210 2425 2522 2504 gynaeceis
2579 2425 2829 2503 quidem
2890 2425 3189 2502 exceptis,
3251 2422 3615 2501 liujusmodi

188 2523 706 2583 contentionibus
768 2540 841 2581 ac
900 2523 1173 2582 tumultu
1233 2529 1687 2601 personarent.
1748 2526 1860 2585 Cui
1921 2525 2086 2585 malo
2170 2524 2478 2584 medicam
2541 2530 2608 2582 ut
2665 2541 2916 2582 manum
2979 2521 3359 2593 adhiberet,
3412 2545 3440 2574 «
3479 2523 3614 2581 Non

190 2621 457 2697 cujusvis
517 2626 631 2690 est,
693 2619 900 2696 inquit
952 2619 1056 2699 (ὁ),
1119 2639 1155 2679 o
1214 2621 1347 2695 viri,
1386 2621 1462 2680 de
1518 2625 1644 2681 Deo
1701 2622 2028 2693 disserere,
2064 2641 2214 2693 non,
2274 2621 2553 2698 inquam,
2617 2620 2925 2698 cujusvis;
2963 2639 3090 2679 non
3122 2619 3279 2679 adeo
3337 2617 3476 2677 vilis
3535 2636 3609 2676 ac

188 2719 446 2794 protrita
485 2718 625 2776 haec
686 2737 783 2777 res
816 2723 957 2792 est,
1017 2724 1077 2777 et
1151 2737 1366 2778 eorum
1417 2720 1525 2796 qui
1598 2719 1804 2778 adhuc
1889 2719 2066 2778 humi
2150 2725 2474 2796 reptant...
2539 2720 2645 2777 His
2728 2719 3037 2777 duntaxat
3122 2718 3238 2776 hoc
3329 2715 3604 2775 muneris

186 2816 515 2884 incumbit,
584 2816 691 2892 qui
755 2816 1147 2876 exactissime
1203 2817 1512 2894 explorati
1570 2824 1762 2888 sunt,
1827 2835 1897 2876 ac
1952 2817 2439 2894 contemplando
2498 2817 2685 2894 longe
2743 2820 3281 2894 processerunt....
3342 2821 3473 2884 aut,
3534 2820 3606 2872 ut

188 2915 554 2991 parcissime
618 2914 872 2990 loquar,
932 2913 1062 2991 jam
1132 2914 1249 2974 hoc
1324 2921 1552 2992 agunt,
1590 2922 1657 2974 ut
1714 2914 2167 2974 seavitiorum
2204 2915 2342 2973 labe
2402 2921 2718 2992 purgeut.
2781 2914 2902 2973 Sed
2962 2932 3075 2972 nec
3127 2913 3400 2989 cujusvis
3447 2918 3608 2971 tem-

187 3012 349 3089 poris
387 3036 419 3065 n
486 3011 648 3069 illud
709 3017 841 3084 est;
885 3031 1061 3070 «nec
1117 3014 1282 3091 apud
1344 3013 1619 3090 quosvis,
1661 3031 1773 3072 nec
1832 3014 1908 3072 de
1970 3013 2314 3089 quibusvis,
2348 3013 2455 3072 sed
2501 3018 2670 3072 certo
2731 3018 3034 3091 tempore,
3071 3016 3134 3071 et
3188 3012 3354 3090 apud
3415 3015 3617 3070 certos

187 3109 499 3179 homines,
543 3115 602 3168 et
629 3109 1046 3189 aliquousque
1073 3110 1190 3170 hoc
1219 3110 1593 3170 faciendum.
1629 3135 1658 3164 ››
1697 3113 1780 3170 De
1811 3110 1908 3170 his
1938 3110 2248 3182 omnibus,
2312 3116 2445 3170 tum
2501 3111 2781 3171 oratione
2821 3109 3115 3169 vicesima
3145 3108 3412 3187 septima
3460 3126 3599 3187 quae

187 3207 699 3284 theologicarum
731 3208 903 3266 velut
933 3207 1256 3266 exordium
1291 3214 1403 3276 est,
1437 3213 1568 3266 tum
1620 3207 1757 3268 aliis
1787 3209 1848 3267 in
1882 3208 2054 3280 locis,
2089 3207 2501 3268 saluberrima
2534 3213 2848 3286 praecepta
2887 3207 3077 3267 dedit.

256 3308 342 3365 De
407 3308 543 3365 Deo
608 3305 909 3383 praeclare
960 3311 1020 3364 et
1075 3305 1384 3365 subtiliter
1459 3305 1788 3384 disputat,
1852 3306 2132 3386 nihilque
2209 3305 2733 3383 magniﬁcientius
2808 3311 2868 3366 et
2938 3306 3018 3365 ad
3093 3303 3600 3383 persuadendum

187 3403 734 3462 accommodatius
792 3422 982 3482 quam
1043 3411 1416 3481 argumenta
1490 3423 1636 3481 quoa
1686 3422 1761 3463 ex
1825 3411 2066 3464 naturae
2155 3405 2440 3463 miranda
2525 3410 2841 3463 structura
2916 3422 2988 3463 ac
3069 3402 3341 3480 eleganti
3397 3401 3602 3462 forma

186 3501 582 3580 deprompsit
640 3519 652 3559 :
719 3526 748 3554 «
809 3501 1082 3572 Etenim,
1143 3502 1349 3580 inquit
1403 3501 1504 3580 (c),
1567 3503 1734 3580 quod
1792 3505 1955 3563 Deus
2011 3504 2111 3574 sit,
2169 3521 2242 3561 ac
2302 3503 2590 3581 princeps
2646 3502 2934 3580 quaedam
2994 3519 3228 3575 causa,
3293 3517 3433 3578 quae
3503 3518 3603 3559 res

191 3616 398 3657 omnes
460 3599 818 3676 procrearit
878 3604 1066 3676 atque
1123 3606 1497 3671 conservet,
1559 3606 1692 3658 tum
1751 3600 1915 3660 oculi
1971 3600 2136 3678 ipsi,
2203 3607 2333 3659 tum
2392 3601 2492 3659 lex
2552 3601 2858 3659 naturalis
2915 3599 3142 3660 docent
3196 3617 3208 3668 ;
3274 3599 3386 3670 illi,
3449 3598 3599 3658 dum

189 3698 361 3756 rebus
422 3697 487 3755 in
550 3702 875 3774 aspectum
938 3696 1306 3756 cadentibus
1366 3697 1561 3757 aciem
1622 3698 1908 3774 afﬁgunt,
1961 3715 2191 3775 easque
2248 3704 2308 3757 et
2371 3697 2632 3776 pulchre
2688 3699 2845 3757 ﬁxas
2903 3703 2964 3756 et
3015 3697 3268 3756 stabiles
3327 3715 3483 3768 esse,
3541 3703 3605 3755 et

191 3795 506 3872 progredi,
571 3801 760 3870 atque
818 3795 1098 3863 immote,
1149 3801 1218 3853 ut
1274 3795 1362 3853 ita
1420 3795 1647 3865 dicam,
1711 3795 1945 3855 moveri
2000 3796 2291 3873 volvique
2348 3796 2770 3874 perspiciunt:
2809 3795 2941 3854 haec
2991 3800 3224 3868 autem,
3284 3795 3431 3854 dum
3492 3812 3603 3871 per

193 3910 274 3951 res
303 3892 515 3952 oculis
549 3891 888 3968 subjectas,
925 3910 996 3950 ac
1028 3897 1197 3951 recto
1258 3892 1475 3952 ordine
1531 3893 1892 3965 collocatas,
1940 3899 2261 3953 auctorem
2322 3912 2539 3953 earum
2597 3899 2766 3952 certa
2818 3894 3060 3953 ratione
3118 3891 3357 3968 colligit
3411 3897 3601 3969 atque

195 3991 577 4069 assequitur.
650 3991 932 4059 Quonam
996 3989 1158 4048 enim
1220 3989 1408 4049 modo
1465 3991 1752 4050 universa
1799 3990 1936 4050 haec
1985 4009 2191 4050 rerum
2251 3992 2447 4051 moles
2503 3992 2600 4050 vel
2655 3991 2963 4069 producta
3029 4008 3304 4068 unquam
3361 3989 3596 4062 fuisset,

192 4088 272 4146 vel
332 4087 738 4158 consisteret,
801 4086 919 4145 nisi
994 4089 1158 4146 Deus
1217 4087 1429 4147 omnia
1499 4089 1561 4147 in
1618 4107 1826 4148 rerum
1887 4095 2112 4149 natura
2171 4090 2550 4168 protulisset,
2613 4095 2802 4167 atque
2858 4088 3319 4148 conservaret?
3377 4111 3406 4142 »
3470 4089 3599 4147 Hoc

194 4203 398 4245 omnes
461 4190 528 4243 et
587 4183 850 4261 singulae
912 4188 1196 4244 orieturee
1254 4185 1652 4245 conclamant
1712 4186 1819 4266 (ά),
1861 4211 1891 4242 ‹‹
1948 4187 2256 4265 nobisque
2305 4187 2499 4266 ipsius
2552 4206 2782 4247 nunem
2838 4187 3179 4258 declarant,
3243 4205 3366 4245 non
3424 4205 3601 4246 secus

191 4287 471 4346 videlicet
536 4303 609 4344 ac
669 4284 814 4344 solis
871 4285 936 4344 in
995 4285 1175 4362 aquis
1233 4285 1471 4346 umbrae
1532 4293 1721 4364 atque
1792 4287 2129 4347 simulacra
2185 4287 2446 4348 inﬁrmis
2498 4288 2696 4348 oculis
2778 4288 2972 4348 solem
3030 4292 3503 4366 repraesentant.
3564 4310 3595 4342 »

191 4386 323 4454 Quis
381 4385 584 4444 etiam
641 4383 1040 4443 instrumenti
1104 4383 1323 4443 musici
1384 4384 1824 4445 concinitatem
1881 4385 2188 4463 aspiciens
2235 4431 2249 4457 ,
2312 4392 2422 4446 aut
2495 4393 2748 4446 cantum
2825 4386 3085 4446 audiens
3121 4433 3134 4459 ,
3212 4385 3598 4445 conditorem

191 4481 391 4558 ipsius,
457 4487 574 4542 aut
620 4481 1038 4553 citharistam,
1098 4481 1257 4541 facie
1315 4482 1461 4542 licet
1516 4483 1828 4560 ignotum,
1891 4489 2100 4543 mente
2155 4503 2279 4543 non
2330 4486 2627 4562 reputet?
2684 4485 2962 4544 Plurima
3017 4483 3297 4562 ejusdem
3356 4484 3601 4560 generis

193 4586 568 4656 argumenta
599 4584 854 4649 tractat,
888 4579 1118 4655 quibus
1176 4581 1391 4638 mundi
1447 4599 1694 4640 cursum
1753 4587 1812 4641 et
1867 4601 2075 4641 rerum
2135 4583 2606 4659 aspectabilium
2667 4583 2949 4642 ordinem
3017 4582 3188 4642 casui
3245 4581 3340 4641 vel
3399 4580 3599 4641 fortu-

197 4695 287 4736 nte
340 4676 681 4747 ascribere,
733 4675 984 4735 nonnisi
1024 4695 1285 4736 summae
1341 4678 1670 4737 dementire
1700 4678 1975 4738 dandum
2040 4681 2368 4739 manifesto
2429 4681 2678 4739 evincit.
2716 4680 2836 4739 Sed
2894 4681 2943 4738 si
2974 4698 3049 4739 ex
3107 4697 3315 4738 rerum
3375 4685 3602 4738 natura

196 4773 480 4834 divinitas
511 4773 738 4832 animis
770 4779 901 4833 tam
955 4775 1278 4852 perspicue
1339 4775 1560 4847 elucet,
1624 4794 1774 4834 num
1832 4777 1966 4854 ipsa
2027 4796 2202 4836 mens
2258 4783 2318 4836 et
2367 4777 2601 4837 mundo
2661 4778 2867 4849 latior,
2928 4783 2988 4835 et
3045 4777 3344 4836 creaturis
3400 4776 3604 4835 omni-

197 4870 305 4930 bus
379 4872 972 4949 supereminentior,
1034 4874 1229 4931 Deum
1291 4879 1610 4933 auctorem
1643 4893 1822 4934 suum
1882 4875 1999 4934 sibi
2057 4875 2175 4952 ipsi
2246 4894 2368 4934 non
2431 4875 2652 4934 melius
2722 4875 3025 4934 indicabit
3098 4879 3159 4934 et
3233 4873 3600 4933 exhibebit?

203 4996 224 5021 υ
281 4972 345 5044 fe)
408 4971 509 5029 Sic
570 4969 756 5039 igitur
806 4969 967 5028 ratio
1015 4988 1155 5046 quae
1215 4989 1289 5029 ex
1341 4974 1467 5031 Deo
1524 4977 1662 5042 est,
1726 4977 1786 5030 et
1846 4973 2085 5032 cunctis
2143 4973 2375 5042 insita,
2440 4979 2500 5032 et
2580 4972 2782 5049 prima
2838 4974 2900 5032 in
2961 4973 3316 5049 pectoribus
3373 4972 3601 5030 nostris

202 5067 442 5127 condita
473 5068 592 5138 lex,
633 5067 1000 5145 cunctisque
1036 5068 1403 5128 mortalibus
1436 5068 1685 5138 innexa,
1722 5088 1833 5130 nos
1886 5070 1965 5129 ab
2027 5070 2102 5130 iis
2161 5071 2368 5142 rebus,
2418 5090 2554 5148 qua)
2614 5070 2811 5130 oculis
2868 5075 3209 5130 cernuntur
3265 5070 3343 5127 ad
3400 5071 3595 5128 Deum

204 5165 500 5224 subvexit.
535 5191 560 5219 ι)

276 5263 514 5322 Interea
570 5263 718 5340 quid
779 5263 859 5323 sit
916 5263 1082 5322 Deus
1142 5263 1191 5322 si
1249 5268 1448 5340 petas,
1510 5282 1658 5322 cave
1705 5283 1781 5324 ne
1831 5263 1943 5324 tibi
2000 5284 2073 5324 ex
2134 5265 2375 5324 caeteris
2432 5266 2696 5325 craturis
2753 5264 3140 5334 visibilibus,
3201 5283 3342 5342 quae
3401 5268 3597 5324 Deum

209 5362 471 5440 undique
523 5362 864 5434 celebrant,
931 5361 1169 5439 aliquid
1228 5362 1562 5423 verisimile
1607 5363 1827 5440 ﬁngas.
1893 5387 1920 5417 α
1984 5364 2061 5442 (f)
2117 5366 2209 5423 An
2271 5383 2498 5442 corpus
2582 5383 2723 5424 eum
2812 5383 2942 5424 esse
3017 5363 3256 5423 dices?
3316 5364 3597 5433 Quonam

211 5476 344 5536 ergo
403 5460 586 5520 modo
643 5461 1011 5530 immensus,
1074 5460 1374 5532 inﬁnitus,
1435 5462 1653 5538 ﬁgurae
1709 5480 1932 5540 expers
1989 5467 2101 5533 est,
2163 5481 2235 5522 ac
2291 5462 2563 5540 denique
2623 5463 2955 5540 ejusmodi,
2993 5469 3060 5522 ut
3117 5480 3228 5522 nec
3279 5462 3451 5540 tangi
3483 5480 3596 5522 nec

276 5619 346 5691 (τι)
376 5619 528 5674 Orat.
563 5621 649 5691 27,
685 5638 742 5676 n.
779 5621 832 5677 3.
2033 5622 2106 5691 (ά)
2140 5622 2294 5677 Orat.
2328 5623 2417 5688 23,
2453 5641 2508 5676 n.
2543 5625 2594 5679 3.

276 5623 346 5687 (τι)
376 5623 528 5674 Orat.
563 5623 649 5691 27,
685 5638 742 5676 n.
779 5623 832 5677 3.

275 5689 343 5832 ξὸἐ
379 5692 522 5746 Ibid.

295 5778 320 5814 c
367 5762 523 5820 Orat.
559 5764 648 5834 28,
684 5780 744 5819 n.
778 5764 834 5834 6,

2053 5623 2085 5676 d
2140 5623 2294 5677 om.
2328 5623 2417 5688 23,
2453 5641 2508 5676 n.

2030 5623 2106 5836 ge}
2133 5693 2302 5776 Ibid”
2337 5711 2392 5748 n.
2431 5696 2515 5750 16.

2053 5782 2074 5835 ι
2126 5765 2296 5835 una,
2329 5783 2387 5821 τι.
2419 5767 2469 5834 7P

295 5762 336 5832 c)
367 5762 523 5820 Orat.
559 5764 648 5834 28,
684 5780 744 5819 n.
778 5764 834 5834 6,
2032 5762 2097 5835 (ι)
2126 5765 2296 5835 Ibid.,
2329 5783 2387 5821 n.
2419 5767 2469 5834 7,
