4052 6276
455 421 533 484 95
1464 427 1878 490 PREFATIO
1926 428 2055 490 GEI‘

2244 431 2472 491 LIS.—
2503 431 2703 494 PARS
2747 430 2854 492 IlI.
3771 427 3844 490 96

457 555 656 615 oculis
689 555 852 616 cerni
887 557 1245 634 queat?An
1276 557 1411 619 hac
1472 579 1721 638 quoque
1771 562 1830 620 in
1891 580 2154 639 corpora
2210 564 2490 623 cadunt?
2523 568 2570 625 Ο
2629 563 2982 623 licentiam!
3038 581 3160 622 non
3220 560 3385 621 enim
3443 559 3577 622 haec
3635 581 3847 639 corpo-

459 671 596 712 rum
658 660 882 712 natura
937 661 1072 714 est.
1133 661 1226 715 An
1286 677 1430 716 vero
1487 679 1713 734 corpus
1784 659 2034 735 quidem
2089 679 2219 720 esse
2277 667 2558 734 statues,
2627 663 3004 721 immensum
3064 680 3210 720 vero
3269 668 3459 736 atque
3509 660 3842 734 infinitum,

453 757 806 828 caeteraque
851 752 1038 828 hujus
1069 756 1313 831 generis
1370 773 1502 815 esse
1574 758 1958 832 negabis?0
2016 759 2398 818 crassitieml
2449 767 2516 819 ut
2575 761 2746 819 nulla
2803 779 2868 818 re
2926 758 3106 818 nobis
3163 762 3326 818 Deus
3384 764 3656 835 praestet.
3691 759 3846 830 Quid

452 848 616 906 enim
679 848 887 908 aﬁ‘erri
945 857 1145 920 potest
1205 871 1314 911 cur
1369 855 1612 912 colatur
1659 861 1847 931 atque
1903 856 2218 927 adoretur,
2257 858 2307 915 si
2358 859 2866 935 circumscriptus
2923 857 3202 916 est?aut
3257 855 3406 932 quid
3465 874 3670 915 causae
3721 875 3848 917 esse

453 944 753 1009 dicemus.
811 947 958 1019 quin
1010 969 1085 1006 ex
1143 951 1465 1010 elementis
1515 953 1823 1010 conﬂatus
1880 952 1979 1020 sit,
2017 959 2204 1030 atque
2237 954 2295 1011 in
2331 956 2546 1014 eadem
2576 955 2782 1014 denuo
2840 954 3182 1029 redigatur,
3209 960 3318 1011 aut
3376 953 3560 1011 etiam
3597 971 3848 1030 prorsus

452 1041 1182 1118 intereat?Compnsitio
1237 1048 1469 1125 quippe
1525 1068 1752 1125 pugnae
1799 1050 2044 1108 initium
2105 1057 2216 1120 est,
2283 1070 2495 1128 pugna
2552 1057 2761 1110 autem
2820 1050 3079 1118 dissidii,
3112 1049 3433 1108 dissidium
3481 1049 3843 1108 solutionis:

454 1139 682 1198 solutio
706 1158 894 1216 porro
929 1142 1101 1200 nullo
1135 1145 1320 1204 modo
1352 1145 1413 1203 in
1447 1148 1644 1205 Deum
1677 1165 1748 1206 ac
1779 1148 2046 1225 primam
2080 1148 2250 1208 illam
2287 1157 2579 1208 naturam
2613 1149 2796 1208 cadit.
2834 1171 2863 1201 »

533 1239 995 1297 Transcendere
1054 1240 1265 1317 itaque
1323 1261 1571 1302 necesse
1626 1251 1717 1304 est
1787 1264 2036 1304 omnem
2124 1253 2413 1306 naturam
2502 1246 2857 1306 sensibilem
2941 1250 3002 1304 et
3083 1246 3360 1322 cogitare
3424 1268 3453 1298 «
3512 1244 3593 1323 (α)
3655 1247 3842 1304 Deum

453 1336 734 1395 omnium
768 1355 907 1413 quae
940 1343 1084 1396 sunt
1139 1339 1631 1416 pulcherrimum
1693 1348 1752 1401 et
1811 1343 2326 1402 sublimissimum
2391 1363 2543 1413 esse,
2608 1344 2724 1402 nisi
2787 1344 2926 1421 quis
2986 1348 3193 1400 tamen
3255 1360 3397 1401 eum
3454 1341 3632 1400 malit
3662 1361 3846 1420 supra

453 1451 703 1493 omnem
761 1435 1090 1494 essentiam
1153 1456 1406 1515 ponere,
1468 1445 1575 1499 aut
1658 1440 1718 1499 in
1779 1440 1965 1518 ipso,
2021 1442 2281 1519 quiquid
2343 1448 2454 1512 est,
2519 1441 2883 1501 collocare:
2947 1445 3164 1518 utpote
3223 1458 3258 1498 a
3330 1456 3454 1517 quo
3513 1438 3638 1497 alia
3695 1457 3841 1515 quo-

454 1551 598 1610 que,
635 1538 700 1591 ut
759 1533 902 1602 sint,
939 1535 1373 1610 acceperint.»
1442 1539 1510 1595 Et
1559 1543 1863 1615 quantum
1927 1539 2002 1598 de
2059 1539 2357 1598 ineffabili
2416 1540 2588 1617 loqui
2648 1540 2738 1598 fas
2797 1544 2908 1611 est,
2953 1537 3166 1616 paucis
3225 1542 3423 1596 totum
3486 1536 3843 1613 complecti-

454 1635 560 1688 tur
615 1631 762 1688 dum
822 1637 1002 1690 vocat
1061 1635 1253 1691 Deum
1292 1656 1320 1690 α
1353 1634 1430 1711 (ὁ)
1486 1635 1748 1711 Pelagus
1806 1636 2125 1713 quoddam
2189 1638 2476 1698 essentia:
2539 1638 2913 1697 immensum
2973 1642 3034 1694 et
3089 1634 3592 1695 interminatum.
3626 1657 3654 1687 »
3695 1634 3846 1706 Quid

455 1726 623 1786 aliud
693 1729 977 1788 enuntiat
1053 1749 1279 1789 nomen
1342 1733 1508 1808 quod
1571 1736 1699 1793 Deo
1762 1735 2255 1811 perexcellenter
2312 1736 2654 1796 tribuitur?
2708 1737 2832 1795 Ens
2888 1734 3193 1811 siquidem
3254 1733 3500 1800 dicitur,
3565 1732 3734 1809 quod
3789 1738 3847 1791 et

454 1841 493 1882 a
541 1842 605 1880 se
661 1824 740 1882 sit
796 1831 856 1883 et
909 1826 969 1883 in
1029 1846 1090 1885 se
1148 1829 1282 1903 ipsa
1341 1831 1498 1888 entis
1583 1831 1814 1890 habeat
1899 1833 2131 1892 fontem
2220 1833 2688 1892 inexhaustum.
2753 1858 2779 1886 α
2845 1832 2920 1911 (c)
2979 1834 3296 1902 Quantum
3369 1829 3546 1889 nobis
3607 1830 3847 1906 assequi

453 1939 814 1980 concessum
878 1929 988 1990 est,
1054 1926 1174 1983 Ens
1222 1932 1281 1983 et
1340 1929 1502 1987 Deus
1562 1930 1759 1996 magis
1817 1931 2283 2006 quodammodo
2344 1930 2624 1989 essentias
2675 1930 2930 1988 nomina
3001 1935 3145 1987 sunt
3196 1945 3208 1985 :
3272 1945 3347 1986 ex
3402 1927 3603 2002 iisque
3661 1927 3842 1986 etiam

455 2038 576 2078 vox
612 2023 750 2091 ltns,
780 2022 857 2079 ad
923 2041 1057 2081 eam
1118 2024 1515 2084 iudicandam
1580 2028 1787 2105 aptior
1843 2034 1968 2099 est;
2004 2048 2124 2088 non
2189 2029 2306 2088 hoc
2364 2029 2563 2087 solum
2627 2028 2876 2087 nomine
2935 2027 3104 2104 quod
3162 2026 3315 2103 ipse,
3355 2043 3494 2084 cum
3561 2027 3752 2102 Moysi
3785 2025 3840 2084 in

457 2123 668 2176 monte
726 2120 1046 2180 oraculum
1109 2122 1418 2182 ederet....
1471 2124 1560 2183 ita
1617 2126 1886 2202 seipsum
1974 2127 2318 2206 appellavit
2372 2127 2522 2196 ;sed
2595 2127 2780 2184 etiam
2870 2126 3019 2203 quia
3102 2141 3329 2182 nomen
3415 2123 3572 2181 illud
3660 2122 3849 2198 magis

454 2216 777 2294 proprium
840 2237 971 2277 esse
1031 2220 1632 2298 comperimus.......
1698 2227 2000 2284 Naturam
2060 2224 2368 2303 ejusmodi
2441 2224 2846 2301 exquirimus,
2913 2242 3052 2299 quae
3137 2222 3340 2300 ipsum
3422 2238 3556 2278 esse
3634 2239 3744 2298 per
3790 2237 3850 2277 se

453 2312 701 2385 habeat,
739 2333 810 2374 ac
853 2335 975 2375 non
1035 2337 1174 2376 cum
1234 2319 1358 2378 alio
1422 2321 1720 2399 quopiam
1771 2323 2121 2400 copuletur.
2174 2325 2300 2382 Ens
2359 2342 2528 2396 vero,
2591 2321 2914 2400 proprium
2978 2339 3127 2378 sane
3187 2325 3279 2378 est
3334 2319 3464 2388 Dei,
3503 2336 3577 2377 ac
3635 2323 3848 2387 totum,

449 2430 562 2471 nec
623 2413 828 2490 priore
885 2415 1098 2492 aliqua
1157 2435 1268 2489 re,
1332 2437 1443 2478 nec
1506 2420 1848 2497 posteriore
1897 2420 2034 2498 (nec
2119 2421 2284 2480 enim
2374 2425 2553 2491 erat,
2609 2425 2718 2478 aut
2792 2417 2929 2498 erit)
3018 2417 3342 2476 deﬁnitum
3425 2433 3497 2475 ac
3583 2415 3850 2475 circum-

449 2527 577 2569 CISU
589 2529 644 2569 [Il
658 2558 668 2568 .
705 2534 735 2565 ››

528 2611 606 2667 At
637 2613 1100 2686 quantumlibet
1130 2620 1192 2672 et
1249 2633 1455 2674 rerum
1517 2615 1890 2676 universitas
1959 2621 2020 2675 et
2080 2635 2254 2676 mens
2311 2615 2596 2693 opiﬁcem
2658 2633 2839 2674 suum
2898 2613 3336 2692 proﬁteantur,
3397 2609 3855 2670 inconsiderate

448 2712 509 2766 et
566 2708 910 2784 periculose
969 2711 1129 2786 quis,
1167 2711 1284 2770 hoc
1345 2732 1469 2771 uno
1528 2715 1723 2773 fultus
1773 2714 2088 2790 praasidio,
2151 2715 2229 2774 ad
2288 2733 2428 2773 eum
2490 2732 2621 2772 sese
2676 2717 2845 2772 certo
2904 2711 3141 2787 erigere
3201 2709 3552 2786 putaverit,
3595 2726 3706 2767 nec
3743 2705 3852 2765 mi-

447 2823 586 2863 rum
621 2805 670 2864 si
702 2811 794 2864 tot
847 2808 1014 2867 docti
1073 2815 1134 2867 et
1188 2811 1521 2886 sapientes,
1585 2812 1720 2870 solo
1780 2812 2012 2872 lumine
2062 2813 2333 2872 naturali
2382 2813 2586 2890 ipsum
2656 2810 2994 2888 quarendo
3068 2807 3544 2884 cogittationum
3607 2822 3849 2865 suarum

448 2904 596 2962 fuco
628 2903 891 2980 decepti.
929 2924 965 2963 a
997 2909 1123 2964 Deo
1176 2909 1375 2984 magis
1433 2927 1504 2967 ac
1562 2910 1759 2985 magis
1802 2910 2228 2969 aberraverint
2263 2929 2275 2968 :
2312 2916 2380 2969 ut
2437 2910 2602 2968 enim
2662 2911 2824 2967 Deus
2877 2912 3042 2966 recte
3102 2925 3138 2964 a
3210 2905 3389 2964 nobis
3447 2903 3849 2981 percipiatur,

447 3019 653 3079 neque
723 3002 891 3060 orbis
950 3011 1259 3080 aspectus,
1298 3024 1498 3084 neque
1553 3007 1821 3084 ipsamet
1877 3008 2035 3066 ratio
2093 3008 2241 3067 satis
2298 3027 2410 3066 nos
2467 3006 2781 3075 erudiunt,
2849 3028 2878 3059 «
2938 3003 3022 3083 (d)
3077 3003 3185 3061 sed
3247 3020 3432 3070 nunc,
3493 3007 3557 3060 et
3616 3017 3852 3075 semper

449 3116 608 3176 Opus
669 3099 852 3158 fuerit
909 3101 1165 3178 Spiritu,
1232 3122 1343 3180 per
1399 3123 1583 3181 quem
1646 3105 1846 3164 solum
1906 3108 2070 3164 Deus
2120 3111 2182 3165 et
2238 3104 2633 3180 intelligitur,
2697 3109 2758 3161 et
2817 3100 3153 3178 exponitur
3206 3105 3268 3158 et
3324 3099 3604 3157 auditur.
3653 3122 3680 3152 »
3739 3098 3850 3154 Ve-

447 3201 779 3256 runtamen
841 3198 1143 3276 quidquid
1224 3201 1298 3259 de
1367 3206 1494 3262 Deo
1565 3203 1956 3274 sentiamus,
2014 3203 2164 3262 licet
2237 3203 2433 3261 altum
2507 3199 2656 3278 quid
2740 3205 2799 3257 et
2874 3197 3140 3256 sublime
3224 3195 3849 3273 excogitaverimus,

449 3296 852 3373 quantumvis
923 3304 1158 3356 crescat
1216 3298 1277 3356 in
1335 3299 1452 3358 hac
1512 3301 1637 3358 vita
1694 3301 1988 3378 cognitio,
2038 3300 2366 3360 essentiam
2431 3298 2536 3357 Dei
2597 3314 2920 3373 nunquam
2992 3311 3420 3371 assequemur.
3478 3317 3508 3346 «
3569 3293 3641 3371 (e)
3703 3288 3851 3361 Quid

451 3393 704 3451 tandem
765 3395 927 3451 Deus
985 3401 1209 3455 natura
1263 3415 1376 3456 sua
1433 3404 1493 3456 et
1550 3398 1816 3457 essentia
1878 3399 2005 3468 sit,
2069 3417 2181 3457 nec
2241 3397 2568 3457 hominum
2641 3394 2974 3472 quisquam
3039 3409 3318 3468 unquam
3385 3390 3679 3462 invenit,
3739 3404 3844 3445 nec

450 3489 731 3548 invenire
789 3497 1016 3568 potest.
1092 3517 1120 3546 »
1185 3493 1339 3552 Hinc
1391 3495 1726 3571 Gregorius
1781 3496 2175 3555 Eunomiano
2226 3497 2395 3554 fatue
2455 3512 2517 3553 se
2568 3491 2832 3571 jactanti
2892 3489 3104 3549 omnia
3159 3488 3336 3560 scire,
3373 3491 3431 3545 et
3495 3490 3857 3563 arroganter

449 3587 530 3646 ab
561 3588 950 3659 orthodoxis,
991 3615 1015 3643 α
1055 3609 1344 3667 quaenam
1380 3601 1539 3652 esset
1575 3594 1680 3652 Dei
1718 3594 2044 3653 essentia»
2109 3593 2450 3671 quaerenti:
2491 3617 2517 3646 ‹‹
2579 3593 2749 3660 Tum,
2810 3589 3016 3667 inquit
3073 3585 3173 3665 (/),
3206 3584 3538 3645 dementia:
3601 3589 3692 3645 est
3747 3582 3858 3640 hoc

451 3685 680 3756 dicere,
715 3687 821 3763 qui
872 3689 1338 3762 generationem
1398 3709 1650 3766 quoque
1708 3691 1903 3766 ipsam
1963 3692 2147 3750 anxie
2199 3688 2609 3768 perscrutaris
2661 3705 2672 3745 :
2740 3686 2915 3746 nobis
2976 3691 3185 3744 autem
3247 3683 3496 3742 abunde
3560 3696 3854 3758 magnum

451 3789 641 3859 atque
696 3784 977 3861 amplum
1042 3785 1274 3858 fuerit,
1336 3787 1384 3844 si
1443 3787 1502 3844 in
1568 3795 1883 3864 posterum
1944 3807 2196 3865 quoque
2281 3787 2562 3845 dicamus
2598 3831 2611 3856 ,
2673 3784 2880 3843 soluta
2946 3781 3235 3841 videlicet
3323 3781 3438 3839 hac
3497 3779 3744 3855 ealigne
3799 3779 3857 3833 et

451 3881 730 3940 crassitie
766 3927 778 3950 ,
843 3889 912 3940 ut
971 3882 1283 3960 pollicitus
1355 3889 1447 3942 est
1501 3885 1552 3942 is
1609 3885 1715 3961 qui
1774 3905 1894 3944 non
1958 3885 2275 3943 mentitur.
2338 3905 2365 3938 »
2426 3885 2603 3940 Nunc
2648 3899 2794 3939 vero
2852 3878 3211 3954 Theologus
3267 3876 3372 3935 ille
3441 3877 3666 3935 merito
3716 3890 3856 3932 cen-

454 3983 686 4043 seatur,
730 3979 873 4057 («(g)
931 3997 1056 4037 non
1118 3979 1225 4056 qui
1280 3979 1340 4037 in
1398 3985 1618 4052 totum,
1682 3981 1830 4058 quid
1892 3985 2054 4040 Deus
2112 3979 2210 4051 sit,
2273 3977 2681 4037 invenerit....
2717 3975 2822 4035 sed
2883 3975 2991 4051 qui
3048 3973 3416 4050 ampliorem
3477 3971 3674 4049 ipsius
3721 3984 3856 4045 spe-

457 4075 614 4136 ciem
679 4082 883 4134 mente
956 4077 1355 4154 conceperit,
1411 4079 1804 4156 ampliusque
1853 4078 2135 4137 veritatis
2192 4077 2646 4146 simulacrum,
2708 4073 2808 4132 vel
2868 4070 3412 4132 adumbrationem
3449 4114 3462 4138 ,
3525 4068 3625 4127 vel
3705 4082 3856 4142 quo-

460 4191 712 4251 cunque
747 4173 995 4232 tandem
1031 4173 1154 4234 alio
1184 4175 1489 4235 vocabulo
1520 4178 1607 4236 uti
1662 4177 1798 4254 quis
1831 4177 2028 4248 malit,
2062 4176 2126 4234 in
2183 4175 2388 4253 seipso
2447 4172 2792 4250 collegerit.
2856 4195 2885 4223 ››
2945 4172 3018 4229 Et
3074 4187 3150 4227 ne
3207 4168 3286 4226 ab
3343 4167 3460 4226 hac
3521 4165 3737 4242 regula
3765 4160 3859 4219 vel

453 4271 630 4348 ipsos
702 4274 913 4330 Patres
999 4273 1294 4350 antiquos
1371 4274 1667 4352 excipias,
1741 4274 2080 4352 prophetas
2165 4273 2274 4351 qui
2362 4275 2556 4330 Deum
2649 4269 2988 4347 aliquando
3073 4265 3297 4326 vidisse
3380 4265 3443 4323 in
3529 4259 3859 4339 Scripturis

456 4375 814 4428 narrantur.
884 4393 912 4424 «
967 4369 1055 4448 (Ιι)
1136 4371 1199 4430 Si
1249 4372 1386 4448 quis
1447 4373 1610 4430 enim
1683 4375 1879 4432 Deum
1939 4372 2255 4449 cognovit,
2319 4375 2474 4442 aut,
2539 4368 2864 4445 Scriptura
2923 4370 3125 4432 teste,
3188 4362 3554 4440 cognovisse
3607 4358 3852 4427 dicitur,

453 4474 714 4526 eatenus
773 4468 1136 4544 cognovisse
1195 4471 1541 4528 censendus
1600 4475 1710 4538 est,
1794 4475 2104 4547 quatenus
2163 4467 2470 4528 uberioris
2527 4464 2874 4544 Splendoris
2927 4463 3239 4541 particeps
3311 4459 3490 4519 sit....
3526 4459 3621 4518 Ita
3675 4472 3853 4516 exsu-

448 4565 734 4643 perantia
771 4565 924 4636 haac,
961 4566 1241 4642 perfecta
1273 4567 1548 4645 c0gnitio
1606 4567 1960 4626 existimata
2020 4573 2136 4638 est,
2180 4586 2306 4625 non
2358 4565 2435 4624 ad
2497 4564 2691 4641 ipsius
2751 4562 2838 4620 rei
2899 4560 3245 4630 veritatem,
3283 4559 3390 4617 sed
3446 4557 3524 4616 ad
3586 4555 3844 4614 aliorum

455 4661 782 4720 modulum
817 4668 876 4720 et
909 4663 1268 4722 facultatem
1305 4681 1633 4741 perpensa.
1673 4687 1699 4717 ››

531 4763 653 4819 Nec
687 4761 908 4819 mirum
942 4761 990 4819 si
1042 4761 1328 4830 mortale,
1366 4767 1492 4819 tam
1554 4762 1834 4838 angustis
1890 4761 2430 4839 circumscriptum
2473 4757 2776 4828 terminis,
2839 4756 3121 4814 divinum
3181 4759 3243 4813 et
3299 4752 3673 4811 immensum
3730 4762 3850 4805 non

453 4858 660 4935 capiat
717 4876 1038 4936 :quonam
1098 4859 1264 4917 enim
1326 4864 1513 4935 pacto
1573 4865 1770 4918 totam
1831 4859 1998 4918 illius
2062 4866 2352 4918 naturam
2441 4857 2599 4916 ratio
2688 4855 2965 4913 humana
3048 4849 3522 4930 apprehendere
3605 4842 3848 4923 poterit.

448 4975 589 5015 cum
629 4956 756 5034 «(2')
792 4961 993 5033 :omne
1052 4961 1355 5025 creatum,
1417 4956 1542 5014 sive
1600 4957 1891 5028 cmleste,
1953 4957 2080 5016 sive
2135 4955 2598 5034 supercceleste.
2636 4954 2780 5012 licet
2809 4949 3159 5011 sublimiori
3216 4965 3405 5025 quam
3466 4963 3578 5005 nos
3635 4948 3851 5002 natura

447 5055 810 5133 praditum,
845 5058 1098 5130 Deoque
1158 5053 1438 5123 vicinius,
1507 5054 1773 5131 longiori
1828 5061 2039 5114 tamen
2096 5053 2429 5113 intervallo
2462 5071 2498 5110 a
2549 5055 2696 5115 Deo.
2751 5069 2823 5108 ac
2885 5049 3072 5126 plena
3127 5045 3237 5105 illa
3294 5050 3356 5102 et
3413 5041 3702 5102 absoluta
3753 5053 3850 5095 co-

448 5153 724 5232 gnitione
770 5153 982 5224 distat,
1044 5169 1231 5228 quam
1291 5171 1414 5228 quo
1473 5153 1883 5230 compositam
1939 5153 2098 5211 hanc
2157 5158 2462 5218 nostram,
2519 5155 2581 5207 et
2637 5147 2949 5224 abjeetam
3009 5151 3196 5222 atque
3256 5140 3431 5200 humi
3489 5141 3846 5232 vergentem

455 5231 725 5311 massam
759 5249 1122 5328 superat?»
1162 5247 1329 5307 Nihil
1388 5249 1627 5309 interea
1697 5249 2249 5328 expostulandum,
2307 5247 2358 5305 si
2413 5249 2600 5316 Deus,
2659 5263 2696 5304 a
2727 5243 2906 5304 nobis
2939 5261 3062 5302 non
3117 5239 3199 5317 (ι’)
3240 5261 3269 5296 α
3315 5236 3499 5315 plene
3555 5231 3848 5313 perfecte-

549 5471 606 5538 α)
645 5470 804 5525 Orat.
841 5471 893 5530 6,
929 5487 985 5523 η.
1020 5472 1108 5524 12.

2277 5469 2347 5538 (ί)
2379 5467 2474 5521 Or.
2515 5469 2605 5535 29,
2641 5483 2697 5521 η.
2735 5467 2822 5538 11.

551 5537 604 5608 ὁ)
638 5541 795 5595 Orat.
828 5541 913 5606 45,
950 5559 1006 5595 n.
1042 5543 1093 5597 3.

2276 5537 2356 5608 (g)
2385 5540 2480 5592 Or.
2514 5539 2604 5603 30,
2637 5556 2696 5592 n.
2732 5537 2816 5591 17.

551 5543 604 5681 b;
638 5543 795 5595 Orat.
828 5543 913 5606 45,
950 5559 1006 5595 n.
1042 5543 1093 5597 3.

551 5630 578 5666 c
629 5612 724 5666 Or.
754 5613 842 5679 30,
877 5630 934 5666 n.
971 5614 1056 5667 18.

2298 5543 2356 5608 g)
2385 5543 2480 5592 Or.
2514 5543 2604 5603 30,
2637 5556 2696 5592 n.
2732 5543 2817 5591 17.

2275 5543 2354 5681 Eh)
2387 5611 2482 5664 Or.
2516 5610 2606 5677 28,
2641 5627 2699 5664 n.
2735 5608 2819 5663 17.

551 5683 606 5751 d)
639 5685 795 5739 Orat.
828 5685 883 5751 2,
918 5701 974 5738 n.
1007 5685 1095 5740 39.
2274 5681 2337 5751 (ί)
2371 5681 2540 5746 Ibid.,
2574 5699 2630 5734 n.
2664 5681 2716 5736 3.

551 5684 584 5738 (ἰ
639 5685 795 5739 Orat.
828 5685 883 5751 2,
918 5701 974 5738 n.
1007 5685 1095 5740 39.

529 5683 606 5829 ἱεζ
634 5755 728 5813 Or.
761 5758 852 5827 28,
886 5773 943 5812 n.
976 5757 1061 5813 17.

2274 5683 2317 5752 (z'
2371 5683 2540 5746 Ibid.,
2574 5699 2630 5734 n.
2664 5683 2716 5736 3.

2276 5684 2337 5826 (j;
2369 5756 2463 5809 Or.
2496 5753 2586 5822 45,
2615 5769 2674 5808 n.
2707 5751 2759 5806 3.
