4052 6276
166 350 229 420 97
1162 342 1574 416 PREFATIO
1621 353 2173 413 GENERALIS.-—
2200 350 2399 411 PARS
2447 340 2553 410 ΙΙΙ.
3496 348 3576 411 98

170 510 275 570 que
307 488 763 570 comprehendi
816 496 1034 569 queat,
1097 511 1127 545 ao
1187 490 1338 550 dum
1392 494 1522 550 tam
1584 488 1782 549 multa
1835 486 2032 548 oculis
2089 486 2279 547 etiam
2336 483 2641 563 subjecta,
2706 482 2994 545 manibus
3050 503 3216 566 saepe
3278 486 3573 559 contrita,

167 591 410 650 rationis
469 595 728 668 captum
788 607 1091 667 superare
1148 588 1517 667 quotidiana
1580 587 1967 666 experientia
2048 587 2383 653 discamus,
2436 591 2498 645 et
2556 584 2729 644 varia
2800 590 3043 645 naturae
3130 605 3363 648 arcana
3432 596 3575 667 post

169 695 360 747 tantas
414 687 865 765 inquisitiones
924 686 1295 745 abscondita
1374 694 1434 746 et
1521 686 1863 745 lectissima
1945 690 2400 763 permaneant.
2463 685 2680 742 Nonne
2764 700 2960 761 prope
3043 683 3287 745 inﬁnita
3368 705 3578 747 rerum

164 794 514 845 creatarum
571 785 897 862 mysteria,
933 801 1074 861 quae
1129 782 1424 844 mortales
1481 783 1759 860 undique
1816 783 2246 854 circumstant,
2308 787 2586 851 monent,
2623 799 2700 840 ne
2748 780 2966 841 altiora
3020 801 3079 841 se
3107 795 3379 861 quaerant
3434 784 3574 857 13-”,

165 891 266 943 aut
299 890 392 943 tot
426 883 821 942 mirabilium
861 890 1183 941 auctorem
1236 883 1501 941 scrutari
1532 886 1940 958 praesumant,
1976 899 2052 939 ne
2080 900 2116 940 a
2146 881 2555 957 magnitudine
2582 879 2788 957 gloriae
2819 880 2996 957 ipsius
3037 884 3453 959 opprimantur
3489 884 3577 942 “‘l

167 984 306 1041 Haec
364 988 627 1040 sanctus
688 981 913 1039 doctor
970 979 1194 1039 eximie
1252 985 1313 1039 et
1385 980 1520 1038 fuse
1600 983 1969 1057 prosecutus
2038 983 2131 1037 est
2187 978 2320 1057 (a),
2380 984 2547 1037 totus
2626 977 2691 1035 in
2772 995 2885 1035 sua
2969 980 3252 1040 oratione
3334 981 3577 1041 incum-

169 1081 316 1139 bens
378 1102 408 1134 ‹‹
473 1085 542 1137 ut
589 1077 910 1151 ostendat,
962 1096 1038 1135 ne
1095 1078 1295 1155 ipsam
1356 1078 1607 1154 quidem
1655 1078 2070 1135 secundarum
2134 1093 2338 1135 rerum
2411 1083 2698 1134 naturam
2773 1073 3044 1134 hominis
3130 1086 3337 1137 mente
3393 1086 3583 1157 atque

168 1177 417 1254 ingenio
475 1174 936 1253 comprehendi
996 1192 1175 1252 posse
1212 1219 1226 1247 ,
1288 1176 1519 1234 nedum
1582 1174 1851 1251 primam
1910 1172 2082 1232 illam
2172 1191 2244 1233 ac
2300 1172 2522 1241 solam,
2583 1190 2801 1231 vereor
2883 1173 3046 1231 enim
3133 1174 3383 1248 dicere,
3446 1195 3585 1237 om-

169 1274 351 1333 nibus
409 1273 603 1332 rebus
661 1272 1094 1332 excelsiorem.
1153 1294 1183 1326 »
1248 1271 1349 1332 Sic
1407 1277 1469 1330 et
1527 1271 1720 1330 animi
1769 1271 1968 1342 dotes,
2031 1272 2256 1331 mentis
2314 1276 2371 1330 et
2434 1269 2714 1348 corporis
2768 1270 2827 1327 in
2892 1270 3141 1331 homine
3197 1274 3582 1349 societatem,

168 1372 605 1431 membrorum
667 1370 833 1429 inter
887 1388 953 1429 se
1013 1369 1497 1429 concinnitatem
1534 1414 1551 1444 ,
1612 1368 2068 1428 elementorum
2130 1368 2439 1440 ordinem,
2503 1367 2916 1427 animantium
2979 1374 3039 1427 et
3094 1371 3585 1447 germinantium

165 1470 407 1548 Species
468 1468 863 1547 perlustrat,
928 1486 1033 1528 cos
1092 1467 1199 1545 qui
1250 1466 1649 1546 philosiphiae
1709 1466 2132 1545 principatum
2194 1466 2313 1526 sibi
2398 1466 2671 1525 vindicat
2744 1467 2995 1543 egregie
3049 1469 3434 1547 compellans
3470 1520 3483 1545 ,
3521 1478 3589 1532 ut

170 1568 256 1625 vel
320 1566 723 1643 singularum
782 1565 1239 1643 proprietatum
1278 1610 1291 1636 ,
1348 1584 1506 1641 quas
1564 1562 2029 1642 elegantissime
2086 1564 2429 1637 describit,
2494 1562 2817 1623 recondita
2876 1564 3183 1643 principia
3239 1566 3586 1646 detegant,

170 1671 270 1723 aut
306 1664 575 1723 tandem
605 1662 836 1721 divinis
866 1662 1076 1736 rebus,
1110 1660 1190 1721 ob
1224 1661 1655 1738 intelligentiae
1685 1661 2147 1734 difﬁcultatem,
2185 1660 2557 1720 detrahendi
2591 1660 2776 1720 ﬁnem
2810 1661 3066 1722 faciant.

1664 1803 1754 1864 De
1800 1803 2111 1864 Trinitate.

245 1924 483 1996 Quoad
548 1922 704 1983 vixit
761 1922 1143 2000 Gregorius,
1198 1920 1605 1982 accuratioris
1687 1920 1988 1981 doctrinae
2072 1921 2238 1980 circa
2323 1920 2690 1981 Trinitatem
2766 1919 3142 1998 praedicator
3248 1922 3594 1989 indefessus

176 2024 285 2083 fuit
344 2032 413 2082 et
471 2022 770 2081 defensor
827 2021 1169 2080 acerrimus
1252 2026 1471 2079 contra
1528 2019 1791 2078 Arianos
1849 2024 1911 2078 et
1962 2018 2449 2079 Macedonianos
2505 2037 2518 2091 ;
2578 2019 2664 2079 ita
2724 2026 2791 2078 ut
2871 2019 3084 2079 omnia
3148 2019 3281 2097 ejus
3336 2025 3590 2103 scripta,

178 2122 299 2178 sive
364 2118 719 2187 orationes,
755 2116 884 2175 sive
936 2116 1239 2192 epistolae,
1300 2115 1429 2174 sive
1492 2115 1798 2185 carmina,
1860 2116 2236 2174 Trinitatem
2296 2120 2585 2173 resonent
2640 2119 2703 2173 et
2757 2121 3047 2191 suscepta
3107 2134 3219 2191 pro
3275 2119 3599 2181 Trinitatis

180 2215 551 2275 defensione
610 2220 833 2273 contra
889 2211 1203 2290 quoslibet
1260 2211 1651 2271 adversarios
1728 2211 2139 2270 certamina:
2195 2211 2357 2269 unde
2444 2210 2580 2281 eius
2665 2210 2875 2269 remuli
2957 2210 3078 2269 hoc
3157 2213 3360 2288 ipsum
3449 2217 3597 2278 vitio

176 2315 514 2372 vertebant
542 2320 605 2371 et
662 2311 1070 2388 objiciebant,
1131 2316 1316 2388 prout
1385 2309 1726 2368 etiamnum
1788 2307 2061 2387 objicere
2120 2309 2418 2385 Gregorio
2478 2308 2782 2368 Clericum
2842 2314 2904 2367 et
2961 2309 3231 2368 'l‘ollium
3288 2331 3413 2371 non
3472 2334 3598 2392 pu-

178 2411 330 2481 duit,
371 2409 552 2487 quod
620 2431 651 2467 a
712 2410 962 2468 assidue
1024 2426 1195 2467 suam
1255 2407 1623 2467 Trinitatem
1685 2405 2055 2485 praedicaret
2112 2412 2172 2465 et
2217 2406 2509 2464 omnibus
2566 2411 2810 2464 tantum
2873 2424 2995 2464 non
3058 2405 3227 2465 horis
3287 2428 3597 2472 memora-

178 2514 268 2567 ret
306 2531 336 2561 α
370 2508 557 2566 obita
636 2524 751 2584 pro
806 2505 1111 2564 Trinitate
1167 2505 1531 2576 certamina,
1594 2510 1655 2563 et
1704 2504 2057 2564 exantlatos
2112 2504 2383 2562 labores.
2445 2503 2509 2563 Si
2568 2520 2961 2580 quaecunque
3019 2502 3099 2562 ad
3158 2509 3599 2583 exponendam

186 2612 237 2663 et
266 2604 744 2665 defendendam
777 2602 1070 2663 Ecclesiae
1131 2602 1457 2662 catholicae
1521 2602 1703 2660 ﬁdem
1765 2602 1931 2660 circa
1988 2601 2310 2660 Trinitatis
2370 2601 2735 2678 mysterium
2812 2600 3057 2678 scripsit
3115 2604 3469 2680 Gregorius,
3503 2606 3602 2666 hic

184 2704 434 2762 animus
497 2708 665 2761 esset
721 2701 950 2760 referre
987 2746 1001 2771 ,
1063 2700 1337 2759 maxima
1396 2699 1529 2776 ejus
1603 2700 1977 2777 scriptorum
2068 2717 2212 2777 pars
2286 2699 2696 2759 exscribenda
2778 2706 2986 2769 esset,
3050 2701 3383 2776 mequidem
3475 2704 3602 2765 ullo

190 2799 665 2879 praetermisso:
715 2815 932 2857 verum
987 2798 1283 2875 pauciora
1341 2814 1673 2874 excerpere
1732 2802 1794 2856 et
1848 2795 2193 2873 insigniora
2249 2802 2346 2855 sat
2403 2796 2540 2856 erit.
2592 2797 2809 2873 Itaque
2866 2795 3187 2855 Trinitatis
3239 2800 3604 2877 mysterium

196 2897 289 2955 his
347 2897 564 2957 verbis
624 2896 882 2973 exponit
937 2893 1062 2973 (1;):
1099 2918 1125 2948 α
1186 2896 1360 2955 Unus
1419 2898 1580 2955 Deus
1633 2894 1995 2953 retinendus
2051 2900 2166 2965 est,
2200 2900 2261 2953 et
2316 2900 2438 2953 tres
2499 2893 2885 2972 hypostases,
2928 2893 3055 2953 sive
3113 2900 3236 2953 tres
3294 2916 3602 2974 personas,

198 2994 607 3065 conﬁtenda,
671 3000 733 3053 et
788 2992 1043 3070 quidem
1104 3011 1492 3069 unaquaequs
1548 3010 1690 3051 cum
1734 3011 1849 3051 sua
1902 2993 2310 3069 proprietate.
2369 3015 2398 3046 »
2464 2994 2538 3051 Et
2594 2993 2656 3050 in
2714 2991 2836 3051 alia
2893 2991 3175 3051 oratione
3226 2992 3305 3073 (ο)
3366 3015 3378 3055 :
3442 3021 3471 3051 ‹‹
3528 3000 3613 3059 At

200 3112 393 3152 unum
448 3095 656 3152 Deum
713 3108 1054 3168 agnoscere
1112 3091 1443 3167 oportebat
1502 3090 1793 3167 principii
1879 3098 2195 3166 expertem
2287 3096 2348 3149 et
2431 3089 2802 3166 ingenitum,
2838 3096 2897 3148 et
2990 3108 3181 3149 unum
3242 3093 3463 3152 Filium
3536 3115 3616 3156 ex

198 3192 382 3249 Patre
442 3196 852 3267 genitum,et
908 3207 1146 3246 unnum
1207 3188 1507 3264 Spiritum
1566 3206 1643 3247 ex
1702 3193 1826 3247 er
1884 3187 2298 3247 substantiam
2360 3188 2717 3257 habentem,
2782 3187 3227 3247 concedentem
3290 3191 3460 3251 Patri
3515 3194 3614 3253 in-

198 3288 390 3364 geniti
456 3286 935 3363 proprietatem,
1005 3285 1153 3343 Filio
1212 3303 1358 3344 vero
1417 3286 1885 3362 generationem
1933 3303 1946 3355 ;
2008 3285 2083 3344 de
2138 3295 2363 3345 caetero
2421 3291 2631 3344 autem
2692 3286 2972 3361 ejusdem
3028 3287 3285 3347 omnino
3344 3294 3612 3362 natura},

196 3385 553 3463 dignitatis,
633 3384 910 3454 honoris,
971 3382 1210 3460 gloriae.
1270 3385 1436 3453 Haec,
1512 3382 1795 3459 inquam,
1860 3400 2197 3460 agnoscere
2254 3382 2607 3461 oportebat,
2673 3381 2805 3439 haec
2864 3382 3167 3441 confiteri.
3236 3407 3264 3437 »
3324 3384 3616 3448 Trinitati

194 3480 645 3539 accommodat
698 3478 832 3537 11th
891 3477 1152 3538 Joannis
1183 3478 1375 3537 verba
1405 3478 1480 3536 de
1541 3477 1697 3537 Filio
1743 3494 1756 3535 :
1826 3500 1854 3535 (ι
1913 3477 2079 3539 Erat
2136 3477 2240 3537 lux
2297 3497 2457 3549 vera,
2507 3497 2634 3557 qua?
2693 3477 2999 3536 illuminat
3052 3498 3273 3537 onmem
3328 3480 3617 3542 hominem

198 3580 520 3638 venientem
583 3578 644 3634 in
702 3577 855 3635 hunc
910 3575 1191 3633 mundum
1254 3575 1317 3627 ‘7.
1379 3577 1529 3634 Erat
1584 3576 1687 3633 lux
1749 3593 1999 3635 vera
2067 3578 2295 3635 Pater.
2363 3579 2507 3635 Erat
2567 3576 2674 3634 lux
2734 3593 2878 3635 vera
3020 3575 3210 3635 Filius
3247 3622 3260 3636 .
3305 3579 3453 3638 Erat
3510 3581 3619 3641 lux

201 3694 417 3735 vera...
455 3674 623 3733 alius
680 3672 1063 3732 Paracletus.
1123 3674 1293 3744 Erat,
1332 3678 1393 3731 et
1440 3678 1594 3743 erat,
1630 3677 1691 3731 et
1746 3679 1919 3732 erat:
1975 3672 2078 3732 sed
2141 3692 2332 3732 unum
2392 3679 2547 3731 erat.
2582 3675 2733 3743 Lux,
2796 3678 2858 3731 et
2913 3671 3043 3757 lux,
3078 3679 3138 3732 et
3190 3674 3334 3733 lux:
3371 3676 3477 3734 sed
3509 3677 3618 3737 lux

207 3792 340 3846 una,
376 3773 553 3831 Deus
584 3789 764 3829 unus.
799 3792 830 3824 »
888 3769 1193 3839 Quaelibet
1242 3788 1510 3847 persona
1567 3775 1660 3829 est
1715 3769 1793 3829 ab
1854 3775 2088 3829 aeterno
2133 3769 2277 3849 (d):
2343 3795 2371 3825 ‹‹
2433 3772 2683 3829 Patrem
2746 3788 2886 3830 vere
2943 3769 3226 3844 dicimus,
3288 3789 3360 3831 ac
3420 3774 3619 3835 multo

206 3872 459 3949 quidem
524 3868 752 3935 verius,
818 3886 1009 3943 quam
1077 3868 1183 3945 qui
1265 3866 1431 3945 apud
1492 3885 1605 3926 nos
1660 3866 1725 3925 id
1781 3886 2008 3926 nomen
2070 3868 2356 3928 obtinent
2412 3886 2423 3939 ;
2491 3874 2619 3926 tum
2681 3867 2826 3945 quia
2904 3868 3159 3945 prOprio
3205 3876 3267 3930 et
3319 3870 3623 3949 singulari

206 3968 391 4027 modo
426 3970 620 4025 Pater
647 3972 759 4036 est,
792 3982 917 4023 non
950 3969 1159 4024 autem
1209 3963 1368 4023 sicut
1414 3980 1717 4042 corpora;
1782 3970 1914 4023 tum
1974 3964 2121 4042 quia
2180 3966 2370 4037 solus,
2418 3984 2541 4024 non
2603 3967 2763 4023 enim
2826 3983 2901 4024 ex
2966 3965 3449 4042 conjunctione;
3489 3975 3619 4028 tum

206 4068 348 4143 quia
378 4065 605 4135 solius,
669 4080 897 4140 nempe
957 4062 1296 4139 unigeniti;
1361 4068 1492 4121 tum
1552 4064 1701 4139 quia
1758 4062 1986 4135 solum,
2051 4082 2161 4121 nec
2213 4064 2380 4121 enim
2442 4063 2576 4140 ip>0
2641 4064 3003 4139 ptiusquam
3063 4066 3249 4123 Pater
3303 4072 3485 4142 esset,
3520 4066 3623 4126 Fi-

202 4164 315 4223 lius
378 4162 547 4231 fuit;
583 4169 713 4220 tum
774 4160 924 4238 quia
982 4159 1043 4217 in
1100 4166 1301 4218 totum
1370 4165 1432 4217 et
1486 4158 1680 4218 totius
1738 4161 1942 4231 Pater,
1994 4160 2160 4237 quod
2221 4161 2297 4219 de
2356 4160 2534 4219 nobis
2596 4167 2763 4219 certo
2824 4161 3130 4219 afl‘irmari
3186 4163 3620 4240 nequit;tum

204 4264 345 4339 quia
374 4263 458 4320 ab
491 4259 696 4330 initio,
732 4276 848 4318 nec
890 4257 1053 4317 enim
1105 4258 1413 4335 posterius
1469 4258 1655 4315 Pater
1713 4276 1845 4315 esse
1905 4258 2121 4336 coepit.
2178 4260 2429 4328 Filium,
2495 4278 2639 4317 γυνθ
2696 4259 2920 4318 Filium
2979 4260 3145 4337 quod
3205 4267 3266 4320 et
3322 4261 3490 4322 solus
3520 4263 3623 4337 sit,

206 4369 263 4419 et
317 4359 547 4429 solius,
608 4375 681 4415 ac
740 4355 1045 4433 singulari
1099 4356 1306 4427 modo,
1368 4362 1430 4414 et
1483 4354 1684 4414 solum
1743 4373 1755 4427 ;
1816 4374 1937 4414 non
1988 4356 2151 4414 enim
2211 4358 2396 4415 Pater
2453 4375 2703 4434 quoque
2760 4356 2944 4415 simul
3004 4363 3143 4428 est,
3181 4365 3242 4418 et
3297 4359 3360 4418 in
3416 4366 3619 4420 totum

206 4458 397 4516 Filius
447 4502 462 4527 ,
526 4462 589 4513 et
648 4456 886 4525 totius,
949 4459 1010 4512 et
1064 4471 1101 4511 a
1158 4452 1463 4531 principio
1501 4498 1515 4524 ,
1576 4451 1739 4512 hanc
1798 4453 2034 4512 scilicet
2120 4454 2423 4513 rationem
2512 4454 2749 4513 habens
2784 4500 2798 4526 ,
2862 4464 2928 4513 ut
3013 4474 3335 4534 nunquam
3423 4458 3618 4519 Filius

211 4573 339 4613 esse
389 4554 663 4630 cmperit
717 4570 730 4621 ;
791 4570 914 4609 non
966 4550 1131 4610 enim
1176 4568 1252 4609 ex
1311 4551 1675 4627 poenitentia
1733 4557 1825 4609 est
1881 4551 2079 4609 deitas
2114 4598 2127 4621 ,
2197 4570 2395 4629 neque
2481 4571 2558 4610 ex
2624 4553 2905 4629 profectu
2994 4554 3326 4626 deiﬁcatio,
3394 4562 3461 4615 ut
3517 4557 3622 4616 ille

215 4653 562 4731 aliquando
620 4652 827 4715 Pater,
868 4649 966 4706 hic
1021 4649 1359 4726 aliquando
1420 4649 1609 4707 Filius
1666 4654 1826 4707 esset
1869 4649 2137 4708 desinat.
2200 4650 2500 4727 Spiritum
2562 4657 2844 4709 sanctum
2903 4669 3049 4710 vere
3111 4658 3447 4711 sanctum:
3512 4672 3621 4715 ne-

218 4769 336 4825 que
395 4751 564 4805 enim
616 4745 777 4804 alius
834 4745 975 4803 talis
1031 4751 1169 4809 est,
1234 4763 1345 4803 nec
1401 4744 1619 4803 eodem
1676 4743 1883 4816 modo,
1946 4763 2147 4822 neque
2198 4763 2271 4803 ex
2331 4745 2684 4805 accessione
2760 4747 3157 4806 sanctitatem
3216 4746 3453 4821 habet,
3516 4748 3623 4808 sed

224 4856 313 4905 est
367 4846 639 4923 ipsamct
697 4844 1020 4911 sanctitas,
1055 4861 1167 4901 nec
1227 4841 1423 4919 magis
1482 4847 1542 4899 et
1601 4841 1824 4911 minus,
1874 4860 2008 4913 nec,
2074 4843 2280 4919 quoad
2342 4851 2609 4921 tempus,
2672 4844 2975 4919 originem
3040 4863 3314 4921 unquam
3381 4845 3623 4918 habuit,

227 4962 335 5001 nec
367 4946 554 5001 tinem
593 4941 921 4999 habiturus
954 4945 1064 4998 est.
1101 4942 1229 4998 Hoc
1286 4939 1452 4996 enim
1511 4938 1677 4996 Patri
1735 4945 1795 4995 et
1845 4938 1998 4998 Filio
2059 4944 2118 4998 et
2180 4940 2441 5018 Spiritui
2498 4946 2714 4999 sancto
2766 4958 3099 4999 commune
3156 4949 3271 5013 cst,
3305 4944 3472 5019 quod
3509 4942 3625 5002 mi-

232 5043 390 5100 nime
448 5040 641 5099 creati
701 5044 871 5109 sunt,
930 5044 1118 5114 atque
1172 5038 1309 5113 ipsa
1356 5035 1670 5094 divinitas.
1737 5036 1864 5094 Hoc
1922 5042 2129 5095 autem
2192 5036 2348 5097 Filio
2406 5045 2466 5096 et
2525 5038 2782 5115 Spiritui
2841 5046 3081 5110 sancto,
3144 5039 3309 5115 quod
3364 5046 3626 5118 uterque

230 5158 438 5197 eorum
472 5157 550 5196 ex
595 5137 783 5196 Patre
828 5143 943 5195 est.
978 5138 1057 5193 At
1112 5152 1259 5193 vero
1320 5133 1519 5192 Patris
1579 5134 1929 5211 proprietas
1982 5134 2117 5193 haec
2173 5141 2284 5209 est,
2347 5137 2512 5214 quod
2565 5136 2882 5213 ingenitus
2940 5137 3056 5196 sit:
3093 5137 3231 5195 Filii
3290 5137 3459 5215 quod
3519 5156 3629 5216 ge-

234 5237 431 5296 nitus:
494 5236 742 5315 Spritus
796 5232 999 5294 sancti
1028 5232 1197 5310 quod
1256 5231 1639 5310 procedat.»
1705 5233 1852 5293 Hac
1909 5232 2230 5308 generatio
2288 5238 2349 5294 et
2406 5235 2745 5311 processio,
2804 5252 2945 5312 qum
3020 5233 3208 5293 nullis
3265 5234 3469 5293 verbis
3511 5252 3627 5313 po-

239 5340 351 5394 test
394 5332 711 5412 explicari,
746 5330 1089 5392 scrutanda
1119 5348 1245 5390 non
1276 5334 1410 5390 est:
1449 5352 1481 5385 «
1539 5330 1669 5389 Hoc
1726 5332 1973 5389 tantum
2036 5330 2305 5391 sciamus
2361 5330 2730 5392 Trinitatem
2786 5331 2851 5391 in
2907 5332 3168 5405 unitate,
3204 5336 3266 5392 et
3320 5331 3627 5394 unitatem

300 5484 358 5537 ”.
392 5486 434 5521 1⁵
470 5484 641 5540 Eccli.
722 5481 810 5554 in,
841 5482 935 5536 22.
1018 5481 1061 5516 ¹⁶
1093 5480 1254 5537 Prov.
1286 5496 1423 5537 xxv.
1454 5480 1549 5535 27.
1629 5479 1672 5515 1⁷
1702 5478 1872 5537 Joan.
1906 5496 1945 5549 ι,
1978 5480 2031 5534 9.

312 5614 379 5683 (α)
407 5610 495 5667 Or.
527 5611 617 5679 28,
646 5627 705 5665 n.
738 5609 831 5665 31.
864 5607 927 5664 in
960 5606 1094 5664 ﬁne.

312 5683 380 5733 lbi
408 5683 498 5733 0r-
529 5683 620 5733 32-
654 5700 715 5733 n.
746 5682 803 5733 5.

960 5606 1094 5664 ﬁne.
2057 5604 2125 5733 (ei)
2156 5603 2251 5661 Or.
2285 5605 2374 5676 31,
2405 5622 2462 5662 n.
2495 5606 2548 5662 3.

2059 5680 2079 5733 (
2121 5677 2135 5733 l
2166 5676 2261 5733 Or.
2292 5677 2385 5733 25.
2414 5695 2472 5733 n.
2509 5678 2548 5733 ll

311 5676 380 5765 (to)
408 5683 498 5743 Or.
529 5676 620 5758 32,
652 5700 715 5741 n.
746 5682 803 5740 5.
2059 5676 2135 5753 (ἀ)
2166 5676 2261 5737 Or.
2292 5677 2385 5752 25,
2414 5695 2472 5735 n.
2509 5678 2594 5755 i6,
2620 5676 2703 5738 17.
