4052 6276
452 346 529 409 99
1462 340 1878 403 ΡΗᾹΞῈΑΤΙΟ
1925 336 2052 402 GEl

2234 342 2382 403 .LlS.
2402 378 2478 388 —
2509 338 2708 406 PARS
2752 340 2858 404 ΙΙΙ.
3729 344 3834 409 100

445 484 509 543 in
567 480 870 543 Trinitate
917 478 1329 540 adorandam.
1392 476 1688 538 Colamus
1746 479 1942 537 Deum
2003 479 2275 550 Patrem,
2334 481 2527 538 Deum
2580 478 2803 539 Filium
2839 527 2853 553 ,
2914 480 3110 540 Deum
3172 478 3473 559 Spiritum
3539 486 3830 554 sanctum,

447 586 575 642 tres
619 580 1054 659 proprietates,
1119 595 1308 637 unam
1366 576 1782 649 divinitatem,
1843 594 1957 636 nec
2014 576 2237 653 gloria,
2299 594 2412 636 nec
2472 576 2735 650 honore,
2798 596 2911 638 nec
2969 579 3261 655 essentia,
3316 596 3430 637 nec
3470 595 3656 654 regno
3687 579 3833 639 divi—

450 698 582 743 sam
616 679 719 757 (a).
750 700 777 735 »

526 780 677 837 Tres
738 793 880 835 vero
936 792 1243 851 personae,
1304 773 1447 832 licet
1503 773 1709 850 reipsa
1760 771 2092 840 distincta,
2125 771 2212 831 ita
2271 778 2417 831 sunt
2473 772 2589 831 sibi
2647 773 2910 833 invicem
2982 774 3371 834 cohzerentes
3443 782 3508 832 ut
3566 773 3835 850 quisquis

448 875 547 934 vel
604 892 793 934 uuam
855 872 1215 931 exscindere
1276 871 1632 941 tentaverit,
1666 877 1791 929 tres
1849 871 2034 929 simul
2094 888 2167 929 ac
2226 876 2422 929 totam
2487 889 2741 948 prorsus
2799 871 3095 932 deitatem
3152 871 3831 949 sustulerit;siquidem

444 991 569 1032 una
597 971 729 1031 sine
760 971 956 1029 altera
987 986 1119 1029 esse
1151 986 1474 1045 nunquam
1528 975 1732 1045 potest
1784 967 1891 1046 (b).
1957 989 1984 1023 (ε
2046 968 2109 1027 Si
2167 966 2282 1026 fuit
2340 974 2608 1045 tempus,
2670 987 2812 1027 cum
2873 989 2998 1030 non
3057 975 3218 1029 esset
3274 971 3480 1039 Pater,
3516 967 3629 1026 fuit
3676 986 3825 1045 quo-

444 1088 586 1146 que,
624 1086 764 1127 cum
799 1084 924 1125 non
954 1071 1115 1124 esset
1147 1065 1355 1123 Filius.
1393 1065 1457 1123 Si
1491 1065 1606 1123 fuit
1664 1072 1931 1141 tempus,
1988 1082 2129 1122 cum
2189 1083 2313 1123 non
2367 1071 2526 1124 esset
2578 1065 2788 1137 Filius,
2853 1066 2967 1125 fuit
3038 1084 3314 1144 quoque,
3376 1083 3517 1124 cum
3581 1082 3653 1123 ne
3701 1064 3832 1142 Spi-

441 1172 600 1226 ritus
630 1164 883 1242 quidem
945 1168 1127 1221 esset.
1162 1163 1226 1222 Si
1287 1180 1478 1220 unum
1537 1160 1692 1220 illud
1751 1180 1787 1219 a
1844 1162 2152 1239 principio
2183 1168 2337 1233 erat,
2402 1162 2617 1239 utique
2673 1169 2735 1221 et
2793 1163 2930 1223 tria.
2991 1162 3055 1223 Si
3117 1180 3311 1222 unum
3367 1161 3604 1239 dejicis,
3641 1160 3837 1221 audax

444 1263 562 1323 hoc
595 1263 825 1332 dicam,
859 1279 936 1320 ne
967 1261 1091 1319 duo
1143 1259 1393 1337 quidem
1454 1259 1771 1337 superiore
1829 1258 1967 1318 loco
2026 1259 2318 1319 colloces.
2352 1260 2500 1329 Quae
2558 1260 2723 1319 enim
2781 1260 3166 1337 imperfectas
3228 1259 3478 1319 deitatis
3539 1257 3839 1318 ultilitas?

444 1363 577 1422 Imo
639 1378 778 1438 qua
838 1357 1036 1418 deitas
1071 1402 1086 1431 ,
1146 1358 1198 1416 si
1249 1357 1617 1434 imperfecta
1663 1357 1692 1415 ?
1751 1357 2029 1415 Perfecta
2084 1363 2292 1416 autem
2354 1356 2671 1434 quomodo
2729 1356 2896 1429 erit,
2955 1357 3018 1416 in
3074 1375 3201 1435 qua
3258 1357 3339 1417 ad
3402 1356 3836 1435 perfectionem

441 1456 681 1536 aliquid
737 1455 1125 1516 desideretur
1174 1454 1204 1515 ?
1261 1455 1664 1514 Desideratur
1714 1453 1903 1526 enim,
1965 1454 2016 1513 si
2072 1454 2403 1514 sanctitate
2462 1460 2693 1514 careat.
2754 1456 2925 1513 Hanc
2984 1474 3174 1533 porro
3245 1454 3565 1533 quomodo
3621 1452 3837 1512 habere

441 1562 655 1635 queat,
690 1555 753 1613 ni
812 1554 1111 1631 Spiritum
1167 1552 1442 1612 habeat?
1500 1553 1562 1611 Si
1612 1551 1775 1611 enim
1834 1552 1959 1611 alia
2017 1552 2304 1630 quasdam
2364 1558 2589 1630 praeter
2640 1552 2816 1611 illum
2870 1554 3167 1613 sanctitas
3224 1560 3338 1627 est,
3387 1570 3529 1631 quas
3598 1552 3835 1611 tandem

442 1655 552 1714 illa
611 1651 1020 1729 intelligenda
1063 1650 1163 1720 sit,
1224 1650 1390 1709 dicat
1448 1650 1799 1727 quiSpiam:
1862 1656 1993 1721 aut,
2058 1648 2108 1709 si
2164 1650 2417 1727 quidem
2476 1650 2695 1710 eadem
2770 1651 2902 1709 haec
2960 1657 3073 1720 est,
3137 1651 3289 1729 quid
3356 1650 3565 1711 afferri
3625 1654 3833 1727 potest,

442 1751 857 1831 quamobrem
893 1768 1013 1808 non
1039 1748 1170 1825 jam
1206 1747 1349 1807 inde
1382 1768 1417 1806 a
1451 1748 1757 1826 priDCtpiO
1792 1748 2023 1808 fuerit?
2055 1748 2243 1818 Quasi
2277 1766 2420 1807 vero
2452 1748 2813 1826 praestiterit
2863 1752 3012 1822 Deo,
3046 1749 3388 1827 aliquando
3422 1747 3835 1826 imperfectum

442 1849 770 1919 exstitisse,
809 1866 880 1906 ac
911 1847 1181 1925 Spiritus
1202 1852 1544 1924 expertem.
1580 1870 1608 1899 »

518 1947 665 2015 Quis
722 1953 932 2004 autem
992 1944 1341 2022 pergrande
1394 1944 1754 2020 mysterium
1819 1945 2025 2004 valeat
2081 1945 2175 2003 vel
2235 1945 2456 2004 saltem
2489 1943 2776 2003 subolere
2828 1942 2859 2000 Ρ
2915 1944 3105 2003 Nobis
3163 1963 3411 2022 semper
3469 1943 3835 2002 inaccessum

438 2044 708 2116 fuisset,
764 2043 880 2101 nisi
940 2042 1277 2119 Scripturae
1338 2042 1679 2100 divinitatis
1740 2042 2067 2101 thesauros
2123 2043 2494 2101 mortalibus
2552 2040 3017 2120 expandissent.
3081 2041 3511 2101 At'Ecclesiae
3567 2040 3837 2098 doctores

437 2148 677 2201 tantam
741 2139 1153 2216 majestatem,
1215 2140 1426 2216 captui
1488 2139 1766 2197 humano
1826 2140 2009 2197 nimis
2078 2141 2539 2217 praecellentem
2602 2148 2661 2198 et
2712 2139 2889 2217 cuius
2945 2139 3191 2215 fulgore
3244 2157 3423 2197 mens
3483 2135 3837 2216 perstringi-

441 2247 544 2298 tur
579 2284 592 2310 ,
655 2239 844 2297 variis
901 2237 1479 2313 comparationibus
1537 2237 1853 2295 delilmare
1914 2245 1975 2297 et
2035 2238 2418 2297 adumbrare
2477 2237 2755 2314 aggressi
2811 2242 3004 2309 sunt,
3064 2244 3130 2295 ut
3188 2238 3285 2296 vel
3343 2237 3435 2295 sic
3514 2234 3838 2313 quamdam

437 2336 760 2396 Trinitatis
845 2335 1163 2393 notionem
1252 2334 1431 2393 nobis
1515 2335 2014 2413 suppeditarent.
2076 2336 2205 2395 Hoc
2297 2335 2635 2413 Gregorius
2718 2334 3079 2411 exsequitur
3160 2334 3309 2393 dum
3397 2333 3710 2393 nominem
3766 2328 3839 2389 ad

436 2451 501 2492 se
556 2432 763 2510 ipsum
825 2431 1113 2498 advocat,
1172 2437 1234 2490 et
1289 2431 1352 2489 in
1408 2430 1629 2491 intimo
1689 2432 1914 2492 animae
1972 2433 2343 2511 impressam
2419 2432 2699 2511 mysterii
2769 2432 3109 2509 imaginem
3172 2435 3250 2492 ad
3314 2429 3835 2509 contenplandum

437 2530 655 2590 allicit.
690 2531 862 2590 Mens
892 2528 1224 2607 siquidem,
1261 2547 1464 2589 sermo
1496 2536 1557 2589 et
1613 2529 1867 2608 spiritus
1921 2530 1983 2589 in
2046 2549 2215 2591 unna
2272 2531 2554 2608 ejusdem
2615 2528 2886 2589 hominis
2944 2538 3189 2604 natura,
3240 2530 3384 2590 licet
3448 2530 3525 2589 ab
3584 2528 3834 2588 invicem

436 2635 842 2687 secernantur
875 2675 888 2701 ,
946 2648 1066 2687 non
1132 2635 1342 2688 tamen
1402 2634 1524 2686 tres
1580 2628 1881 2686 essentias
1916 2673 1929 2700 ,
1985 2628 2091 2687 sed
2152 2648 2341 2688 unam
2398 2648 2659 2690 numero
2717 2630 3131 2690 substantiam
3190 2629 3606 2687 constituunt.
3648 2648 3676 2683 α
3724 2626 3838 2683 Nos

437 2731 673 2797 autem,
710 2730 778 2784 ut
806 2724 1087 2803 loquitur
1142 2731 1392 2784 sanctus
1449 2724 1669 2783 doctor
1725 2724 1819 2803 (c),
1856 2748 1883 2779 ι
1945 2744 2135 2785 unam
2196 2732 2258 2785 et
2315 2728 2600 2786 eamdem
2660 2728 2910 2787 deitatis
2968 2731 3257 2785 naturam
3315 2732 3665 2794 teneamus,
3704 2738 3835 2799 quae

439 2841 518 2883 ex
577 2823 867 2901 principii
916 2829 1194 2901 experte,
1257 2828 1319 2881 et
1375 2822 1798 2899 generatione,
1851 2829 1913 2881 et
1967 2823 2361 2901 processione
2435 2825 2796 2905 agnoscitur
2847 2844 2862 2898 ;
2924 2822 3461 2902 quemadmodum
3538 2820 3599 2879 id
3679 2816 3836 2896 quod

438 2920 623 2980 nobis
652 2921 834 2990 inest,
871 2927 1096 2992 mente,
1133 2937 1447 2989 sermone,
1481 2937 1554 2979 ac
1585 2920 1803 2997 spiritu
1834 2920 2210 2998 intelligitur
2238 2919 2349 3001 (ά).
2384 2944 2413 2976 ››

515 3020 728 3078 Multa
785 3025 931 3077 sunt
986 3018 1126 3078 alia;
1183 3018 1734 3095 comparationes,
1797 3037 2065 3097 quarum
2125 3036 2244 3097 ope
2308 3020 2627 3079 infirmum
2714 3020 2993 3080 animum
3094 3017 3427 3078 sublevare
3510 3015 3835 3093 scriptores

436 3116 639 3175 nostri
671 3116 879 3174 conati
910 3122 1092 3174 sunt:
1148 3116 1252 3174 sed
1313 3134 1501 3191 quam
1565 3133 1785 3192 parum
1847 3116 1927 3176 ad
1984 3115 2075 3175 rei
2130 3117 2455 3175 veritatem
2514 3117 2841 3189 accedunt,
2905 3122 2974 3175 ut
3031 3113 3366 3193 Gregorius
3427 3108 3829 3188 testatur(e)l

439 3236 469 3268 «
531 3214 683 3271 Gum
741 3212 972 3272 mentis
1030 3213 1390 3272 curiositate
1438 3212 1705 3271 multum
1780 3213 2013 3290 diuque
2100 3231 2342 3273 mecum
2432 3214 2976 3284 considerassem,
3061 3213 3150 3271 rei
3228 3217 3426 3271 tantas
3508 3208 3832 3285 imaginem

432 3311 780 3389 quamdam
818 3310 1203 3388 exquirens,
1264 3310 1364 3369 cui
1426 3310 1675 3369 tandem
1739 3328 1945 3370 rerum
2021 3310 2364 3371 inferarum
2454 3312 2663 3371 divina
2720 3312 2830 3371 illa
2916 3316 3141 3370 natura
3225 3308 3653 3387 comparanda
3713 3303 3832 3373 sit,

436 3408 710 3486 reperire
769 3426 894 3466 non
955 3408 1152 3485 potui.
1213 3407 1508 3477 Quamvis
1564 3408 1727 3466 enim
1788 3408 2081 3485 exiguam
2134 3408 2414 3485 aliquam
2470 3408 2946 3467 similitudinem
3006 3407 3352 3467 invenerim
3389 3454 3403 3481 ,
3469 3404 3669 3483 major
3747 3408 3834 3459 ta-

440 3522 585 3564 men
646 3523 742 3564 me
799 3524 945 3583 pars
991 3506 1171 3581 fugit,
1208 3504 1508 3583 humique
1580 3505 1923 3583 relinquit.
1990 3530 2018 3561 »
2078 3504 2439 3566 Cavendum
2500 3506 2715 3584 itaque
2796 3524 2872 3565 ne
2924 3505 3185 3566 terrenis
3243 3504 3527 3565 cmlestia
3582 3500 3830 3562 metien-

431 3603 510 3663 do
546 3648 560 3677 ,
620 3603 992 3681 dignitatem
1027 3603 1305 3681 mysterii
1362 3603 1794 3681 deprimamus
1852 3621 1866 3676 ;
1918 3603 2185 3682 ideoque
2242 3622 2316 3663 ex
2374 3604 2637 3680 singulis
2710 3603 3222 3662 similitudinibus
3269 3620 3476 3680 apage
3534 3594 3829 3678 quidquid

428 3702 527 3760 vel
586 3702 771 3759 nimis
828 3701 1162 3778 abjectum,
1196 3701 1291 3760 vel
1348 3702 1563 3779 dispar
1620 3720 1874 3779 prorsus
1930 3702 2118 3761 fuerit
2145 3702 2264 3781 (f):
2307 3726 2336 3756 «
2367 3704 2433 3761 In
2493 3720 2739 3761 summa
2797 3701 2953 3759 nihil
2999 3708 3094 3761 est
3156 3701 3219 3759 in
3284 3719 3412 3777 quo
3474 3717 3645 3758 mens
3702 3710 3834 3753 mea

429 3799 702 3875 gradum
761 3800 954 3875 figere
1029 3806 1266 3875 queat,
1323 3801 1471 3857 dum
1558 3799 1914 3875 imaginor,
1976 3800 2038 3858 in
2124 3802 2429 3878 exemplis
2512 3800 2904 3859 considero:
2970 3800 3031 3857 ni
3118 3800 3276 3858 forte
3363 3796 3676 3875 quispiam
3764 3807 3834 3850 ea

428 3896 628 3955 animi
659 3895 957 3972 aequitate
988 3898 1090 3966 sit,
1124 3902 1212 3965 ut,
1251 3914 1444 3954 unum
1478 3896 1717 3973 aliquid
1748 3914 1823 3955 ex
1858 3896 2182 3975 proposita
2212 3897 2485 3973 imagine
2516 3898 2848 3974 acceperit,
2886 3897 3128 3973 reliqua
3153 3894 3466 3972 projiciat.
3512 3916 3539 3948 ιν

514 3992 813 4053 'l‘ritheiaa
872 3995 1104 4052 crimen
1164 3995 1333 4071 quod
1390 3996 1451 4052 in
1512 3995 1876 4071 Gregorium
1954 3994 2366 4073 increpabant
2417 3993 2631 4052 Ariani
2686 3994 2771 4052 ita
2828 3992 3059 4064 diluit,
3110 3998 3180 4051 ut
3239 3991 3469 4051 mirum
3530 3988 3609 4048 sit
3657 3984 3836 4045 fuisse

428 4090 727 4169 deinceps
785 4091 892 4166 qui
951 4108 1137 4149 unam
1196 4092 1607 4150 substantiam
1668 4092 1871 4170 specie
1930 4097 2115 4151 tenus
2170 4091 2488 4151 admisisse
2554 4092 2758 4169 ipsum
2820 4090 3180 4149 incusarent
3237 4089 3322 4167 (g)
3361 4135 3374 4148 .
3446 4110 3474 4145 α
3533 4086 3599 4145 Si
3658 4086 3830 4152 Deus,

428 4192 491 4246 et
526 4189 711 4258 Deus,
748 4194 809 4246 et
866 4190 1049 4259 Deus,
1107 4210 1137 4241 »
1198 4188 1677 4247 sciscitabantur
1732 4188 1968 4261 Ariani,
2035 4213 2064 4244 «
2122 4188 2269 4267 quid
2326 4206 2529 4248 causa;
2589 4206 2721 4248 esse
2781 4193 3004 4266 potest,
3069 4188 3219 4265 quin
3277 4196 3402 4245 tres
3455 4185 3579 4245 sint
3631 4179 3771 4242 Dii?
3806 4200 3831 4232 ι

430 4284 522 4344 Ad
587 4284 720 4344 haec
778 4285 1117 4361 Gregorius
1174 4284 1256 4364 (l1)
1306 4303 1319 4344 :
1388 4309 1417 4341 «
1473 4286 1663 4345 Nobis
1720 4286 1946 4363 inquit,
2004 4288 2168 4346 Deus
2223 4305 2383 4345 unus
2440 4291 2580 4357 est,
2637 4286 2937 4364 quoniam
3001 4303 3126 4344 una
3184 4283 3384 4343 deitas
3447 4302 3461 4357 ;
3512 4286 3701 4358 atque
3762 4274 3838 4335 ad

429 4400 626 4439 unum
663 4429 676 4454 ,
728 4400 801 4441 ea
850 4400 990 4460 quae
1048 4400 1123 4441 ex
1183 4400 1255 4441 eo
1312 4389 1505 4454 sunt,
1566 4384 1939 4457 referuntur,
1996 4384 2239 4443 etiamsi
2300 4390 2424 4443 tres
2481 4401 2780 4461 personas
2838 4382 3172 4442 credimus.
3226 4384 3444 4459 Neque
3500 4380 3667 4439 enim
3726 4374 3839 4432 hoc

432 4478 658 4556 magis,
718 4479 873 4538 illud
934 4480 1138 4539 minus
1197 4485 1290 4539 est
1345 4482 1545 4553 Deus;
1608 4500 1719 4541 nec
1777 4481 1897 4540 hoc
1955 4482 2176 4559 prius,
2236 4481 2392 4540 illud
2454 4482 2781 4560 posterius.
2845 4484 2969 4539 Nec
3049 4479 3375 4539 voluntate
3434 4476 3835 4541 scinduntur,

431 4582 540 4636 aut
596 4578 881 4654 potentia
936 4577 1351 4648 dividuntur,
1412 4586 1521 4637 aut
1569 4578 1837 4656 denique
1896 4578 2245 4657 quidquam
2304 4596 2519 4637 eorum
2556 4623 2569 4649 ,
2629 4596 2769 4655 quas
2845 4577 3115 4635 dividuis
3170 4576 3357 4635 rebus
3419 4572 3835 4647 contingunt,

424 4672 529 4733 hic
589 4692 842 4752 quoque
903 4676 1230 4753 reperitur.
1303 4700 1332 4730 »
1398 4678 1473 4735 Et
1529 4696 1654 4753 quo
1713 4694 1924 4735 veram
1984 4682 2047 4735 et
2101 4677 2410 4753 integram
2470 4675 2534 4734 in
2592 4677 2822 4735 deitate
2881 4674 3181 4734 unitatem
3236 4678 3515 4743 asserat,
3580 4687 3704 4728 non
3761 4663 3838 4723 si—

429 4770 743 4829 mulatam
778 4779 887 4831 aut
940 4773 1396 4849 imperfectam,
1434 4774 1511 4832 ab
1572 4774 1691 4832 hac
1751 4774 1988 4833 unitate
2046 4792 2337 4833 amovere
2394 4774 2624 4849 satagit
2682 4771 2988 4849 quidquid
3051 4771 3146 4829 vel
3204 4770 3264 4828 in
3323 4765 3704 4837 coelestibus,
3748 4759 3839 4820 vel

419 4867 486 4927 in
519 4866 844 4942 humanis,
910 4868 1071 4929 male
1127 4870 1247 4947 ipsi
1301 4889 1639 4949 equuare
1694 4872 2145 4931 contenderent
2201 4872 2290 4951 (ι’).
2360 4894 2387 4928 α
2446 4870 2604 4941 Quid
2663 4877 2897 4941 autem,
2958 4868 3232 4928 dixerint
3299 4868 3589 4937 fortasse,
3643 4874 3842 4921 nonne

425 4966 607 5042 apud
641 4964 926 5025 ethnicos
985 4985 1237 5044 quoque
1293 4966 1491 5026 deitas
1552 4986 1676 5027 una
1734 4976 1849 5039 est,
1886 4974 1951 5026 ut
2005 4969 2231 5027 docent
2289 4968 2397 5046 qui
2454 4968 2703 5045 plenius
2762 4966 2929 5044 apud
2989 4966 3129 5025 illos
3187 4964 3653 5044 perfectiusque
3707 4954 3842 5036 phi-

416 5060 877 5138 losOpbantur,
931 5072 1121 5141 atque
1175 5066 1343 5142 apud
1401 5084 1515 5124 nos
1573 5084 1772 5142 genus
1828 5065 2211 5139 universum,
2274 5066 2633 5125 humanitas
2699 5083 2824 5124 una
2871 5064 2901 5120 ?
2948 5066 3024 5123 Et
3108 5070 3318 5122 tamen
3408 5060 3622 5139 plures
3703 5055 3841 5113 sunt

423 5156 547 5229 dii,
582 5162 645 5216 et
700 5176 826 5217 non
882 5178 1065 5231 unus,
1127 5160 1287 5220 sicut
1346 5162 1537 5222 etiam
1603 5162 1782 5222 multi
1869 5162 2155 5223 homines
2188 5208 2201 5222 .
2263 5167 2345 5223 At
2397 5162 2527 5221 illic
2580 5159 2998 5222 communitas
3050 5158 3359 5220 unitatem
3431 5155 3646 5223 habet,
3706 5162 3841 5228 qum

522 5368 577 5445 ᾳ)
602 5366 829 5445 31,
857 5387 921 5445 n.
949 5370 1039 5427 28.

2255 5374 2323 5445 (Γ)
2356 5373 2527 5442 Ibid.,
2563 5390 2623 5433 ιι.
2666 5374 2754 5428 33.

518 5440 568 5514 ὁ)
602 5439 779 5514 I_bid.,
807 5439 867 5505 ἡ).
898 5443 949 5497 4.

2256 5439 2333 5514 (ᾖ)
2363 5445 2458 5501 Or.
2492 5439 2581 5514 31,
2616 5462 2674 5501 n.
2708 5445 2795 5503 43.

518 5462 568 5507 υ)
605 5462 771 5507 unm,
807 5462 867 5505 Π,
898 5462 949 5497 ιι.
2256 5462 2312 5571 (Χ
2363 5462 2458 5501 UP.
2492 5462 2545 5502 ὅ]

515 5510 564 5581 c)
598 5510 690 5565 Or.
723 5513 812 5581 23,
841 5531 899 5569 n.
938 5516 987 5570 1.
2256 5521 2271 5581 (
2316 5462 2334 5581 ζ
2364 5517 2431 5572 Ν.
2460 5518 2545 5572 14.

515 5521 564 5581 c)
598 5521 690 5565 Ur.
723 5521 812 5581 23,
841 5531 899 5569 n.
938 5521 987 5570 1.
2279 5521 2334 5588 ἡ)
2364 5521 2540 5572 Ν.14.

513 5582 569 5664 ά)
602 5581 689 5664 '9:
716 5587 794 5664 vj)
822 5588 900 5656 τῷ
929 5584 1169 5664 ἐχ-ἡμῖν,
1202 5585 1293 5643 καὶ
1328 5584 1482 5664 λόγῳ
1511 5583 1600 5642 καὶ
1631 5584 1915 5660 πνεύματι.
2350 5588 2417 5644 Ν.
2454 5589 2540 5646 15.

516 5656 564 5728 α)
601 5657 692 5710 0r.
725 5657 814 5725 31,
848 5676 907 5714 n.
940 5659 1030 5717 31.
