4052 6276
214 317 307 376 {Ol
1204 310 1622 373 PMFATIO
1668 307 1814 371 GEN

2024 306 2221 371 .lS.——
2258 308 2454 369 PARS
2498 302 2606 367 ΙΙΙ.
3508 302 3624 367 102

209 448 585 527 cogitatione
630 445 769 508 sola
828 444 1213 507 considerari
1259 444 1473 523 possit.
1536 466 1566 499 »
1631 444 1862 503 Contra
1922 461 2065 502 vero
2132 442 2473 521 perfectam
2523 439 2830 499 unitatem
2890 434 3089 498 tribus
3166 454 3344 517 aeque
3401 455 3622 516 perso-

210 547 300 607 nis
354 546 597 623 absque
656 545 790 605 ullo
851 543 1208 603 discrimine
1259 559 1605 619 congruere
1660 541 1879 600 statuit
1931 544 2182 599 sanctus
2239 538 2477 609 doctor,
2542 535 2746 596 aureis
2805 534 2972 595 hisce
3019 534 3228 594 verbis
3292 553 3421 613 prae
3479 553 3623 594 sen-

208 664 306 704 sus
350 643 691 703 altitudine
749 660 881 702 non
942 641 1089 701 satis
1138 638 1607 718 perscrutandis
1667 637 1747 717 (a)
1800 654 1813 697 :
1866 662 1897 694 «
1958 642 2036 697 At
2068 642 2294 697 nostra;
2354 634 2655 695 doctrinm
2711 652 2836 693 non
2913 632 3133 693 eadem
3213 638 3306 691 est
3389 633 3552 692 ratio
3607 659 3621 713 ;

206 742 306 800 sed
363 741 600 801 horum
662 740 921 820 (nempe
974 738 1326 798 divinorum
1384 735 1881 815 suppositorum)
1938 734 2265 814 quodlibet
2348 732 2651 791 unitatem
2711 730 2952 806 habet,
3015 749 3138 790 non
3198 730 3404 790 minus
3461 730 3618 808 ejus,

207 858 344 898 cum
402 857 535 917 quo
621 836 1054 915 conjungitur,
1118 853 1308 912 quam
1384 834 1477 893 sui
1561 834 1757 911 ipsius
1842 838 2174 910 respectu,
2241 837 2497 909 propter
2554 829 2836 888 essentiae
2924 832 2986 888 et
3070 827 3368 907 potentiae
3446 827 3625 887 iden-

208 938 449 995 titatem
536 956 550 994 :
615 959 645 990 »
735 936 817 1002 τῷ
871 935 1051 1001 ταυτῷ
1106 936 1201 997 τῆς
1263 928 1473 998 οὐσίας,
1529 928 1616 982 καὶ
1674 935 1772 997 τῆς

2023 948 2109 986 εως
2175 928 2305 987 Sed
2362 928 2566 987 verbis
2637 927 2787 1004 quid
2842 945 3001 1004 opus
3084 930 3177 985 est
3229 973 3243 1001 ,
3320 933 3387 986 ut
3472 929 3623 986 Gre-

210 1034 451 1111 gorium
516 1048 865 1109 purgemus
905 1030 934 1087 ‘I
993 1047 1134 1087 cum
1193 1027 1568 1087 Eunomium
1603 1072 1617 1101 ,
1677 1026 1786 1104 qui
1843 1026 2210 1086 divisionem
2279 1026 2343 1083 in
2420 1032 2747 1102 paternam
2833 1023 3247 1083 substantiam
3327 1022 3625 1083 inducere

211 1129 607 1189 orthodoxos
658 1133 727 1186 ut
786 1126 1133 1205 probaret,
1192 1131 1370 1184 tanto
1426 1124 1632 1183 studio
1690 1123 2044 1196 laborabat,
2105 1122 2396 1183 omnibus
2455 1121 2659 1180 nervis
2708 1120 3078 1198 propulsare
3135 1120 3439 1180 intendat.
3476 1121 3627 1191 Quas

208 1244 352 1285 sane
403 1226 636 1284 animis
686 1224 849 1283 bene
905 1222 1143 1282 aﬂ‘ectis
1202 1221 1340 1299 plus
1394 1239 1575 1298 aequo
1636 1221 2001 1291 sufficiant,
2058 1237 2134 1279 ne
2189 1219 2340 1297 quid
2409 1219 2500 1278 vel
2580 1217 2964 1276 levissimum
3048 1218 3125 1278 de
3210 1218 3333 1277 ﬁde
3415 1218 3628 1278 eximii

206 1325 481 1383 doctoris
514 1322 943 1401 suspicentur.

1760 1416 1844 1475 De
1876 1416 2082 1476 Patre.

280 1522 487 1579 Deum
536 1522 787 1595 patrem
844 1513 1188 1574 divinitatis
1245 1512 1381 1573 Filii
1463 1518 1526 1572 et
1582 1513 1852 1590 Spiritus
1909 1514 2109 1573 sancti
2166 1529 2418 1572 causam
2472 1557 2485 1582 ,
2549 1509 2717 1587 quod
2776 1509 2938 1568 idem
3004 1509 3169 1568 valet
3251 1528 3323 1569 ac
3396 1511 3630 1589 princi-

203 1617 375 1695 pium
411 1614 590 1693 apud
621 1614 898 1682 Latinos,
949 1610 1282 1689 Gregorius
1338 1611 1557 1669 edocet
1607 1627 1620 1668 :
1687 1633 1714 1662 «
1780 1613 2132 1670 Parvorum
2188 1616 2377 1682 certe,
2437 1609 2640 1686 inquit
2710 1606 2842 1686 (ὑ),
2903 1607 3167 1685 ipsoque
3224 1608 3625 1686 indignorum

201 1712 590 1793 principium
651 1711 838 1770 fuerit
896 1710 1099 1783 Pater,
1163 1709 1279 1767 nisi
1339 1708 1589 1767 deitatis
1646 1708 1781 1785 ejus
1816 1752 1830 1779 ,
1893 1727 2033 1787 quae
2092 1710 2155 1768 in
2229 1708 2385 1767 Filio
2442 1707 2570 1773 atS
2605 1705 2792 1784 piritu
2879 1712 3096 1764 sancto
3160 1706 3621 1782 consideratur,

197 1828 388 1870 causa
421 1810 529 1868 sit.
567 1831 596 1865 υ
635 1811 715 1869 Ut
769 1826 806 1867 a
862 1808 1045 1866 Patre
1102 1805 1294 1866 Filius
1351 1811 1413 1864 et
1472 1805 1740 1882 Spiritus
1787 1814 2036 1865 sanctus
2093 1809 2392 1865 emanant
2453 1810 2514 1862 et
2572 1802 2831 1881 perinJe
2889 1803 2966 1861 ad
3034 1820 3175 1861 eum
3237 1804 3618 1878 referuntur,

199 1910 277 1967 sic
339 1905 613 1965 unitatis
669 1905 731 1963 in
788 1904 1093 1963 Trinitate
1148 1902 1325 1979 origo
1382 1908 1445 1961 et
1502 1901 1639 1960 fons
1702 1906 1880 1962 Pater
1937 1910 2031 1963 est
2087 1902 2163 1983 (ο)
2215 1922 2228 1961 :
2287 1926 2316 1956 «
2369 1904 2505 1963 Una
2566 1900 2661 1960 his
2723 1900 2919 1959 tribus
2978 1906 3204 1960 natura
3263 1904 3426 1960 Deus
3486 1906 3617 1962 est:

202 2005 343 2063 unio
380 2022 540 2063 vero
572 2008 668 2060 est
700 2002 906 2071 Pater,
940 2019 1016 2059 ex
1045 2018 1191 2077 quo,
1222 2006 1284 2058 et
1315 1999 1393 2058 ad
1428 2017 1611 2076 quem
1647 2018 1739 2066 ea,
1777 2018 1917 2076 quas
1949 2000 2243 2078 deinceps
2273 2004 2642 2076 sequuntur,
2692 1997 3065 2069 refcruntur,
3103 2016 3227 2056 non
3262 2004 3328 2057 ut
3352 1999 3620 2057 confun-

201 2103 434 2161 dantur
495 2117 572 2158 ac
632 2098 1123 2175 permisceantur
1157 2141 1171 2169 ,
1232 2095 1342 2155 sed
1402 2102 1468 2154 ut
1522 2096 1941 2155 cohaereant.
2000 2121 2027 2152 ιο
2090 2096 2155 2157 Si
2212 2096 2598 2174 quandoque
2654 2095 2839 2153 Pater
2895 2095 3062 2153 solus
3112 2097 3273 2154 Deus
3337 2096 3625 2156 nomina-

206 2208 320 2269 tur,
357 2205 423 2257 et
486 2196 779 2255 Christus
834 2193 1041 2271 ipsum
1098 2192 1185 2251 sic
1241 2192 1587 2270 alloquitur
1645 2191 1726 2271 (ιι)
1778 2209 1791 2251 :
1859 2216 1887 2250 α
1945 2196 2025 2255 Ut
2086 2199 2470 2271 cognoscant
2529 2199 2588 2251 te
2644 2196 2847 2251 solum
2924 2209 3139 2250 verum
3206 2194 3401 2251 Deum
3463 2193 3620 2265 ¹⁸;››

205 2294 553 2372 Gregorius
586 2293 707 2351 hoc
746 2313 773 2347 (ι
807 2291 887 2350 ad
947 2308 1187 2363 eorum,
1247 2291 1377 2368 qui,
1430 2308 1793 2368 quanquam
1851 2290 2031 2365 falso,
2065 2292 2151 2349 dii
2209 2297 2421 2349 tamen
2480 2290 2903 2368 appellantur,
2957 2289 3372 2349 sublationem
3433 2291 3618 2350 dici»

204 2393 555 2451 existimat.
591 2388 793 2467 Major
842 2388 1058 2465 utique
1086 2388 1271 2446 Pater
1327 2386 1497 2446 solus
1554 2388 1711 2447 Filio
1768 2387 1891 2447 dici
1949 2393 2152 2466 potest
2210 2387 2280 2458 ¹⁹,
2318 2406 2441 2447 non
2498 2388 2577 2446 ob
2637 2387 2914 2464 aliquam
2974 2387 3035 2445 in
3098 2395 3326 2449 natura
3356 2389 3624 2466 dispari-

204 2489 443 2547 litatem
481 2533 496 2559 ,
563 2485 675 2545 sed
732 2491 1043 2563 quatenus
1100 2486 1282 2543 Pater
1340 2483 1481 2543 Filii
1538 2502 1726 2544 causa
1780 2490 1842 2544 et
1897 2484 2274 2563 principium
2351 2502 2481 2543 esse
2539 2484 2977 2561 dignoscitur.
3040 2484 3341 2562 Majorem
3429 2486 3621 2547 etiam

205 2602 480 2645 asserere
516 2600 876 2662 possumus,
910 2580 961 2640 si
1020 2581 1155 2640 Filii
1213 2580 1666 2640 humanitatem
1727 2581 2128 2641 attendamus
2180 2598 2192 2638 :
2256 2581 2363 2640 sed
2427 2580 2561 2639 haec
2619 2580 3054 2658 interpretatio
3102 2588 3316 2642 sancto
3375 2583 3621 2643 doctori

204 2702 320 2744 non
374 2684 656 2742 multum
710 2680 968 2749 arridet,
1018 2685 1087 2739 ut
1141 2678 1349 2739 minus
1406 2678 1755 2739 honorifica
1808 2697 1821 2738 :
1884 2704 1914 2735 «
1971 2685 2190 2740 Nonne
2255 2680 2657 2757 perspicuum
2742 2684 2882 2751 est,
2942 2679 3147 2757 inquit
3202 2680 3297 2760 (e),
3365 2682 3626 2760 majoris

211 2800 425 2842 vocem
489 2780 573 2840 ad
627 2797 880 2839 causam
945 2777 1335 2837 referendam
1388 2795 1519 2837 esse
1567 2778 1673 2837 ?...
1736 2777 1915 2848 Quod
1979 2778 2219 2837 ratione
2276 2776 2686 2837 humanitatis
2734 2778 2922 2837 Pater
2976 2777 3132 2837 Filio
3190 2779 3393 2857 major
3439 2779 3624 2840 intel-

205 2878 497 2958 ligendus
530 2877 636 2949 sit,
670 2895 813 2936 vere
843 2875 1101 2954 quidem
1133 2875 1254 2935 dici
1286 2880 1509 2954 potest,
1545 2875 1655 2934 sed
1687 2894 1810 2936 non
1844 2875 2101 2953 perinde
2123 2874 2488 2935 honoriﬁce.
2513 2895 2542 2931 ›)

1776 2999 1862 3059 De
1902 2998 2082 3060 Filio.

289 3101 518 3160 Nullus
605 3115 887 3176 unquam
978 3097 1117 3157 Filii
1195 3097 1583 3157 divinitatem
1665 3097 1864 3174 magis
1940 3105 2189 3157 strenue
2286 3098 2711 3175 propugnavit
2756 3142 2769 3169 ,
2832 3105 3205 3175 argumenta
3262 3100 3625 3173 ﬁrmando,

208 3197 335 3257 sive
412 3196 673 3273 objecta
731 3194 1230 3252 adversariorum
1292 3194 1702 3253 convellendo
1739 3239 1753 3266 ,
1815 3194 1940 3254 sive
1999 3194 2353 3254 difficiliora
2409 3194 2856 3272 explananda.
2921 3196 3196 3273 Singulis
3274 3199 3628 3276 quibusque

208 3294 610 3373 proferendis
663 3309 787 3350 non
838 3290 1362 3364 immorabimur,
1423 3310 1625 3369 pauca
1682 3310 1757 3351 ex
1805 3298 1936 3351 tam
2000 3292 2210 3351 multis
2265 3291 2541 3352 delibare
2597 3293 2896 3353 contenti.
2955 3294 3232 3354 Primum
3293 3295 3459 3354 unde
3521 3314 3627 3355 ac-

206 3394 437 3471 ceperit
536 3389 676 3449 Filii
748 3388 1144 3447 diviuitatem.
1211 3390 1527 3460 ostendit,
1590 3391 1864 3467 plurima
1948 3390 2408 3468 Scripturarum
2496 3390 2629 3450 loca
2716 3392 3114 3469 congerendo
3199 3412 3339 3471 quae
3414 3394 3617 3472 ipsam

204 3498 424 3568 aperte
483 3486 840 3546 declarant.
911 3506 940 3542 α
1002 3488 1144 3555 Nos,
1203 3486 1407 3563 inquit
1465 3484 1541 3565 (/)
1578 3532 1591 3555 ,
1652 3504 1727 3545 ex
1782 3487 2024 3564 magnis
2080 3495 2140 3546 et
2199 3486 2458 3546 excelsis
2517 3486 2772 3547 vocibus
2829 3488 2968 3548 Filii
3026 3489 3419 3550 divinitatem
3482 3509 3624 3568 per-

205 3588 513 3664 cepimus,
581 3602 654 3642 ac
715 3581 1156 3660 praedicamus.
1208 3583 1443 3653 Quibus
1492 3583 1794 3643 tandem?
1848 3583 1955 3642 His
2012 3583 2331 3652 nimirum,
2397 3588 2555 3643 Deus
2624 3584 2914 3657 Verbum,
2976 3587 3145 3663 quod
3193 3587 3254 3645 in
3316 3587 3624 3666 principio

205 3693 353 3756 erat,
423 3691 490 3741 et
552 3699 695 3739 cum
755 3680 1066 3757 principio
1099 3724 1115 3752 ,
1177 3688 1238 3740 et
1296 3680 1713 3758 principium;
1775 3687 1841 3739 ut
1885 3682 1949 3739 in
2001 3680 2098 3739 his
2150 3681 2302 3739 locis
2354 3698 2367 3738 :
2421 3680 2492 3740 In
2509 3682 2809 3761 principio
2858 3692 2991 3742 erat
3065 3683 3297 3744 Verbum
3353 3694 3407 3744 et
3483 3685 3621 3747 Ver-

208 3780 335 3839 bum
397 3788 537 3839 erat
591 3778 756 3856 apud
806 3776 1019 3844 Deum.
1077 3786 1133 3836 et
1191 3775 1348 3836 Deus
1404 3786 1535 3837 erat
1606 3776 1852 3837 Verbum
1880 3778 1943 3829 ³ο.
1980 3780 2072 3847 Et,
2142 3777 2351 3837 Tecum
2401 3778 2767 3857 principium
2798 3778 2919 3839 21.:
2983 3786 3066 3852 et,
3105 3782 3219 3854 Qui
3272 3792 3438 3842 vocat
3496 3802 3624 3842 eam

206 3896 238 3935 a
298 3873 798 3955 generationibus
876 3873 1248 3953 principium
1305 3872 1349 3903 ²²
1388 3919 1403 3934 .
1459 3873 1553 3932 Ad
1632 3880 1770 3932 haec
1849 3874 2041 3933 Filius
2126 3874 2484 3950 unigenitus
2564 3876 2857 3933 dicitur:
2947 3875 3299 3954 Unigenitus
3394 3877 3622 3951 Filius,

206 3976 437 4052 inquit,
503 3973 616 4050 qui
668 3982 753 4030 est
807 3972 868 4029 in
923 3971 1060 4029 sinu
1113 3969 1320 4029 Patris
1376 3971 1496 4050 ipse
1552 3972 1861 4031 enarravit
1911 3978 1956 4013 2³
2017 3991 2032 4045 ;
2092 3972 2224 4043 Via,
2295 3972 2528 4030 Veritas
2563 4017 2577 4043 ,
2638 3972 2797 4041 Vita,
2863 3976 2993 4031 Lux
3047 3990 3059 4031 :
3118 3973 3255 4052 Ego
3315 3994 3440 4033 sum
3498 3977 3625 4052 via,

212 4079 431 4132 veritas
488 4078 546 4128 et
604 4069 724 4129 vita
781 4076 827 4110 3‘
882 4085 896 4139 ;
958 4074 1038 4141 et,
1076 4068 1209 4147 Ego
1237 4088 1361 4127 sum
1422 4069 1526 4127 lux
1582 4067 1788 4127 mundi
1838 4070 1903 4127 ³⁵.
1940 4069 2281 4148 Sapientia,
2347 4070 2631 4129 Potentia
2686 4087 2698 4128 :
2762 4069 3024 4130 Clu-istas
3108 4072 3222 4131 Dei
3264 4074 3529 4151 potentia
3574 4084 3632 4134 et

210 4168 319 4229 Dei
361 4167 664 4249 sapientia
721 4165 766 4199 ³⁵
801 4210 817 4226 .
877 4166 1189 4244 Splendor
1221 4212 1234 4239 ,
1300 4166 1641 4226 Character
1674 4212 1688 4238 ,
1747 4167 1961 4243 Imago
1997 4214 2011 4242 ,
2072 4168 2359 4245 Sigillum
2398 4214 2411 4239 ,
2475 4175 2542 4227 ut
2594 4170 2650 4226 in
2714 4168 2808 4226 his
2864 4169 3065 4228 verbis
3116 4187 3130 4228 :
3194 4169 3314 4244 Qui
3361 4190 3492 4231 cum
3549 4175 3630 4234 sit

209 4266 493 4346 splendor
548 4264 757 4343 gloriae
817 4285 831 4324 :
897 4272 1005 4333 et,
1071 4263 1390 4324 Character
1463 4264 1797 4324 substantiae
1849 4265 2030 4343 ipsius
2088 4273 2179 4324 27:
2241 4273 2324 4336 et,
2378 4265 2582 4343 [maga
2643 4266 2918 4325 bonitatis
2962 4274 3080 4327 ’3...
3140 4270 3240 4337 Et,
3300 4270 3421 4339 Qui
3471 4282 3620 4348 erat,

211 4369 316 4444 qui
366 4375 453 4423 est
506 4372 565 4421 et
620 4362 730 4441 qui
782 4372 1060 4421 venturus
1115 4374 1198 4421 est
1254 4363 1613 4441 omnipotens
1698 4362 1799 4421 ille
1858 4370 1978 4424 2°...
2041 4366 2188 4433 Quae
2278 4363 2605 4440 perspicue
2689 4364 2766 4422 de
2825 4364 2981 4423 Filio
3064 4364 3406 4441 dicuntur,
3465 4369 3628 4428 sicut

214 4470 272 4519 et
330 4462 457 4519 alia
522 4458 725 4536 plura,
789 4476 931 4535 quae
990 4460 1271 4517 eamdem
1333 4458 1455 4517 vim
1514 4457 1801 4528 habent,
1864 4477 2132 4535 quorum
2184 4459 2339 4517 nihil
2396 4458 2729 4518 ascititium
2792 4466 2905 4531 est,
2957 4479 3069 4520 nec
3124 4462 3305 4537 Filio,
3339 4469 3447 4524 aut
3491 4465 3628 4543 Spi-

214 4558 364 4618 ritui
442 4556 1003 4633 sanctoposterius
1082 4558 1388 4626 accessit,
1450 4556 1986 4633 quemadmodum
2081 4575 2191 4615 nec
2279 4557 2495 4615 Patri.
2562 4562 2774 4634 Neque
2861 4558 3027 4617 enim
3113 4578 3189 4619 ex
3275 4562 3628 4623 accessione

216 4657 518 4734 perfectio
579 4654 730 4731 ipsis
778 4660 1145 4730 comparata
1200 4659 1339 4721 est,
1396 4656 1529 4711 Non
1586 4654 1753 4712 enim
1816 4656 1997 4713 Pater
2055 4654 2241 4714 Verbi
2291 4672 2570 4731 unquam
2657 4672 2881 4732 expers
2930 4655 3047 4715 fuit
3100 4676 3113 4728 ;
3176 4676 3291 4716 nec
3350 4677 3627 4737 unquam

216 4753 333 4812 fuit
391 4752 543 4829 quia
597 4752 785 4809 Pater
842 4756 1004 4808 esset
1055 4768 1068 4821 ;
1133 4768 1245 4810 nec
1303 4750 1572 4828 denique
1634 4769 1911 4827 unquam
1972 4751 2255 4823 veritate,
2320 4750 2652 4829 sapientia,
2714 4752 2990 4825 viribus,
3057 4755 3203 4826 vita,
3265 4756 3621 4832 splendore,

218 4857 329 4910 aut
358 4850 640 4910 bonitate
665 4848 886 4907 caruit.
929 4868 958 4903 ››

306 4946 427 5008 Sed
482 4947 686 5026 quid?
718 4949 938 5006 Nonne
996 4946 1102 5023 qui
1161 4946 1551 5006 divinitatem
1606 4946 1764 5006 Filio
1822 4946 2153 5024 abrogant,
2217 4954 2280 5008 et
2334 4947 2453 5027 ipsi
2511 4946 2782 5026 plurima
2840 4949 3179 5029 Scriptura
3234 4950 3371 5010 loca
3420 4951 3482 5010 in
3534 4952 3631 5011 sui

222 5045 448 5105 erroris
506 5043 927 5124 patrocinium
989 5044 1257 5103 aﬂ‘erunt
1301 5044 1329 5101 ?
1384 5044 1488 5103 His
1547 5049 1798 5103 sanctus
1854 5048 2071 5104 doctor
2125 5047 2375 5105 obviam
2432 5045 2528 5115 it,
2588 5046 2872 5123 regulam
2931 5048 3390 5120 constituendo,
3447 5051 3626 5126 cujus

300 5186 342 5259 ’ξ
368 5187 530 5242 Joan.
562 5203 701 5253 xvn,
730 5187 785 5242 3.
816 5258 839 5259 ﬂ
867 5186 915 5259 ιξ
940 5185 1109 5241 Joan.
1166 5202 1240 5259 Iv,
1270 5186 1408 5259 28.”
1436 5185 1482 5259 ἕο
1507 5185 1674 5259 Joan.
1709 5186 1835 5259 1,1.

2019 5187 2143 5259 ’sal.
2189 5186 2399 5259 Clx._3.
2474 5186 2519 5259 ἒξ
2550 5185 2726 5241 Eccli.
2775 5204 2925 5255 xxxv,
2978 5188 3064 5243 14.
3141 5188 3186 5223 ³³
3216 5189 3384 5245 Joan.
3435 5206 3475 5259 ι,
3534 5190 3619 5246 18.

226 5258 291 5383 ἓ
308 5257 465 5383 Jgan.
498 5274 611 5331 xxv,
644 5260 697 5314 6.
809 5258 854 5292 ³⁸
884 5258 1057 5315 Joan.
1088 5273 1144 5324 v,
1175 5258 1263 5313 10.
1367 5256 1412 5290 ²⁶
1442 5257 1463 5312 Ι
1495 5258 1620 5313 Cor.
1655 5274 1694 5328 ι,
1754 5257 1823 5311 24

296 5369 309 5395 ,
373 5370 389 5384 .

2036 5257 2211 5314 Hebr.
2246 5276 2281 5326 I,
2314 5257 2367 5312 3.
2469 5258 2513 5292 ³⁸
2563 5259 2701 5330 Sep.
2750 5274 2847 5330 vu,
2903 5259 2995 5315 26.
3098 5259 3143 5295 ²⁰
3200 5266 3375 5333 Apoc.
3434 5256 3475 5332 ις
3531 5262 3618 5334 14,

307 5472 374 5540 (a)
402 5472 491 5529 0r.
524 5475 611 5542 31,
643 5492 701 5531 n.
740 5476 830 5531 16.

312 5545 377 5598 (bl
404 5549 487 5598 Or.
516 5547 603 5598 20.
638 5565 697 5598 n.
731 5548 789 5598 6.

2054 5471 2129 5598 (ἀξ
2164 5471 2258 5554 0r.
2291 5472 2382 5541 30,
2414 5490 2474 5528 n.
2510 5474 2595 5530 13.

2052 5547 2105 5598 (ε
2158 5544 2327 5598 Ibid..
2362 5561 2420 5598 n.
2452 5546 2505 5598 7.

312 5545 358 5612 (ὁ
404 5549 487 5601 Οι·.
516 5547 604 5616 20,
638 5565 697 5603 n.
731 5548 789 5603 6.

314 5545 377 5691 (ei
399 5616 484 5677 Or.
516 5620 605 5693 42,
636 5637 692 5679 n.
738 5620 824 5678 t5.

2052 5544 2127 5614 (ε)
2158 5544 2327 5613 Ibid.,
2362 5561 2420 5601 n.
2452 5546 2505 5600 7.

2053 5617 2124 5689 (1⁷]
2154 5614 2249 5673 Or.
2281 5617 2372 5687 29,
2398 5633 2455 5675 [ι.
2486 5616 2581 5691 17ε
