4052 6276
437 314 557 383 103
1445 320 1863 384 ΡΗιΕΡΑΤΙΟ
1915 321 2037 383 GEI

2221 319 2372 381 .LIS.
2390 352 2467 367 —-
2499 320 2695 384 PARS
2738 314 2844 385 ΙΙΙ.
3716 324 3821 391 104

441 474 562 536 ope
612 455 904 518 intricata
961 457 1331 530 enodantur,
1396 456 1574 535 cujus
1626 456 1861 517 lumine
1944 456 2212 517 obscura
2295 454 2740 529 dilucidantur,
2794 462 2854 517 et
2940 459 3178 519 umbra
3234 457 3461 535 quibus
3515 458 3822 521 veritatem

435 573 611 615 error
666 555 960 633 obtegere
1018 555 1358 627 nitebatur,
1421 562 1847 616 evanescunt.
1908 556 2120 633 Ipsum
2176 553 2391 614 audire
2439 553 2643 631 juvat.
2712 577 2741 613 α
2801 555 2880 635 (a)
2939 556 3139 617 Multa
3196 556 3382 616 etiam
3442 558 3564 617 alia
3615 576 3825 637 conge-

432 672 570 714 rere
623 674 893 733 queas...
953 655 1325 731 Quanquam
1385 662 1595 715 autem
1654 653 2155 730 unumquodque
2240 650 2465 711 horum
2550 652 2848 729 sigillatin
2936 655 3273 732 persequi,
3336 654 3563 733 pioque
3648 674 3820 717 sensu

430 751 745 830 explicare
796 750 1051 811 minime
1099 751 1351 811 difficile
1410 758 1550 822 est,
1612 758 1803 827 atque
1872 748 2319 809 offendiculum
2380 749 2581 823 illud,
2636 751 2808 827 quod
2865 751 2927 810 in
2984 752 3233 813 Litteris
3286 752 3575 828 exsistit,
3607 771 3818 831 repur-

429 866 577 925 gare
606 855 669 908 et
696 848 993 919 eximere,
1026 848 1076 906 si
1136 848 1323 907 modo
1382 866 1524 906 vere
1579 847 1864 918 offendis,
1919 865 1991 905 ac
2048 865 2172 905 non
2235 846 2440 923 potius
2496 846 2572 905 de
2628 847 2938 908 industria
2994 866 3253 927 peccas;
3305 855 3373 909 ut
3431 856 3633 909 tamen
3694 868 3814 909 rem

431 947 797 1005 summatim
828 945 1222 1016 contraham,
1281 944 1403 1004 hoc
1456 944 1569 1003 tibi
1626 944 1978 1003 faciendum
2036 948 2152 1041 est,
2213 949 2281 1001 ut
2334 942 2727 1003 sublimiores
2784 962 2966 1004 voces
3021 945 3355 1019 divinitati,
3390 962 3462 1004 ac
3521 952 3817 1023 prastan-

431 1044 577 1103 tiori
635 1043 724 1102 illi
783 1050 845 1102 et
899 1043 1285 1119 incorporea
1343 1050 1632 1117 natura,
1696 1040 2218 1119 passionibusque
2302 1040 2611 1118 superiori
2696 1042 3002 1102 attribuas
3053 1059 3066 1102 :
3160 1042 3526 1103 humiliores
3596 1049 3819 1116 autem,

432 1141 806 1219 composito,
865 1147 927 1199 et
983 1148 1090 1199 tua
1148 1158 1336 1198 causa
1405 1140 1670 1211 inanito,
1728 1146 1919 1216 atque
1976 1140 2378 1198 incarnato...
2444 1145 2513 1198 ut
2572 1145 2636 1199 tu
2696 1139 2985 1201 videlicet
3037 1141 3354 1219 intelligas
3410 1159 3549 1219 qua
3608 1141 3825 1220 prioris

425 1239 595 1297 illius
625 1244 866 1297 natura
897 1237 977 1295 sit
1006 1236 1188 1307 ratio,
1224 1244 1285 1295 et
1315 1254 1456 1313 qua
1487 1242 1827 1313 assumpta
1862 1236 2294 1295 humanitatis.
2333 1258 2362 1289 »

505 1338 585 1395 At
641 1353 717 1394 ne
775 1352 1048 1395 errorem
1109 1335 1314 1393 minus
1387 1333 1847 1393 intolerandum
1933 1340 2041 1392 aut
2096 1337 2423 1410 peccatum
2486 1351 2608 1393 non
2698 1340 2827 1393 tam
2884 1334 3163 1395 immane
3248 1354 3550 1407 censeas,
3600 1354 3820 1413 negare

427 1434 586 1494 Filio
647 1433 1061 1504 divinitatem,
1115 1450 1189 1491 ex
1250 1432 1532 1509 Gregorii
1598 1450 1782 1491 sensu
1842 1431 2095 1491 offensa
2153 1430 2448 1490 atrocitas
2533 1436 2625 1490 est
2680 1432 3017 1492 statuenda
3052 1478 3065 1491 .
3131 1458 3160 1487 «
3220 1433 3303 1513 (ὁ)
3338 1434 3569 1494 Deitati
3626 1434 3803 1493 ﬁdem

429 1530 698 1608 abrogas
744 1530 774 1589 '2
832 1530 951 1589 hoc
1009 1548 1085 1589 ne
1135 1530 1451 1589 damones
1507 1530 1762 1607 quidem
1820 1528 1937 1606 ipsi
1995 1529 2323 1588 fecerunt.
2385 1530 2433 1588 Ο
2508 1528 2900 1589 damonibus
2973 1531 3357 1591 incredulior
3392 1576 3406 1604 ,
3468 1537 3531 1591 et
3600 1530 3822 1591 Judais

421 1628 818 1707 insipientior
870 1629 881 1686 l
946 1627 1053 1687 Isti
1109 1628 1274 1687 enim
1334 1626 1470 1686 Filii
1529 1646 1754 1687 nomen
1814 1625 2192 1704 aqualitatis
2274 1642 2489 1684 vocem
2559 1644 2691 1686 esse
2776 1627 3171 1688 censebant:
3236 1628 3303 1688 hi
3390 1635 3599 1689 autem
3659 1645 3816 1701 eum,

428 1745 466 1788 θ.
496 1744 625 1804 quo
656 1726 1064 1803 fugabantur,
1100 1728 1295 1787 Deum
1323 1729 1571 1785 norant.
1596 1776 1605 1793 ιη

1825 1848 1914 1908 De
1945 1846 2183 1927 Spiritu
2212 1856 2430 1907 sancto.

506 1968 632 2026 Nec
692 1966 915 2025 minori
978 1964 1201 2026 ardore
1260 1982 1331 2025 ac
1387 1965 1519 2025 zelo
1603 1963 1872 2043 Spiritus
1955 1964 2155 2023 sancti
2232 1963 2619 2024 divinitatem
2701 1966 2926 2026 astruit
3010 1972 3227 2027 contra
3314 1965 3817 2036 Macedonianos,

423 2064 724 2142 Spiritum
784 2068 1068 2123 sanctum
1120 2065 1313 2122 Deum
1366 2070 1579 2141 aperte
1637 2062 1991 2132 confitetur,
2056 2080 2181 2137 quo
2240 2066 2522 2139 tempore
2575 2061 2763 2121 etiam
2823 2063 2985 2122 inter
3041 2064 3397 2124 Catholicos
3460 2083 3582 2124 non
3642 2060 3821 2140 pauci

424 2169 607 2221 erant
644 2206 658 2234 ,
722 2162 829 2239 qui
887 2161 1174 2240 quamvis
1231 2161 1496 2239 Spiritus
1553 2161 1749 2220 sancti
1809 2160 2201 2219 divinitatem
2260 2165 2689 2235 agnoscerent,
2725 2179 2868 2219 eum
2928 2166 3140 2221 tamen
3195 2162 3394 2221 Deum
3459 2167 3672 2241 aperte
3702 2176 3818 2219 non

420 2260 760 2331 dicebant,
822 2278 934 2319 nec
992 2259 1113 2319 dici
1169 2258 1508 2319 volebant.
1570 2260 1723 2317 Tam
1780 2263 1998 2334 aperta
2054 2256 2495 2334 pradicatione
2582 2276 2705 2315 non
2774 2264 3019 2318 tantum
3076 2259 3456 2319 Arianorum
3508 2266 3570 2318 et
3626 2257 3793 2317 Mace

422 2357 841 2417 donianorum
891 2401 905 2429 ,
966 2354 1073 2414 sed
1154 2356 1342 2414 etiam
1430 2355 1825 2413 uunullorum
1906 2351 2372 2411 Uatholicorum
2468 2353 2769 2413 ollensam
2855 2356 3165 2427 incurrit,
3260 2356 3421 2415 adeo
3485 2363 3551 2415 ut
3632 2354 3819 2433 ipsius

423 2454 811 2514 adversarios
866 2453 945 2512 ad
1002 2470 1144 2511 eum
1203 2470 1235 2511 e
1293 2451 1436 2511 sede
1493 2449 2185 2528 Constantinopolitana
2242 2449 2753 2523 deturbandum,
2820 2452 2937 2512 hoc
3020 2455 3209 2513 etiam
3295 2454 3589 2513 nonnihil
3694 2470 3818 2511 mo-

426 2550 585 2610 verit
657 2558 716 2609 et
771 2549 1080 2627 adjuverit
1140 2550 1239 2627 (c).
1305 2573 1334 2602 «
1394 2550 1679 2607 Fortasse
1736 2546 2005 2625 Spiritus

2217 2546 2386 2606 :titur
2447 2565 2461 2606 :
2550 2571 2579 2602 ››
2630 2547 2789 2607 Ἴσως
2820 2547 2882 2601 τὸ
2918 2552 3136 2620 Πνεῦμα
3175 2547 3440 2623 βάλλετατ
3481 2552 3601 2611 hoc
3685 2555 3772 2609 est
3806 2594 3817 2619 ,

426 2648 632 2725 inquit
687 2648 946 2717 Billius,
1011 2648 1270 2705 fortasse
1330 2646 1445 2703 hac
1505 2644 1579 2703 de
1666 2662 1857 2703 causa
1927 2662 2265 2723 oppugnor
2321 2652 2382 2705 et
2438 2648 2773 2724 exagitor,
2835 2647 2984 2725 quia
3066 2649 3337 2725 Spiritus
3427 2648 3672 2720 sancti,
3728 2644 3823 2705 cui

429 2746 666 2804 bellum
715 2745 817 2803 isti
869 2743 1277 2814 indixerunt,
1343 2742 1734 2801 divinitatem
1786 2759 1996 2801 assero
2049 2747 2111 2801 et
2167 2743 2439 2819 praedico
2473 2788 2487 2803 .
2550 2744 2755 2822 Pergit
2817 2747 3153 2823 Gregorius
3208 2765 3221 2805 :
3284 2744 3353 2797 Τὸ
3386 2748 3613 2817 Πνεῦμα
3643 2739 3821 2816 (ἀκού-

433 2841 567 2912 σαθ’)
602 2840 674 2900 ὡς
704 2841 855 2905 Θεὸς,
880 2838 1043 2893 πάλιν
1076 2837 1249 2912 λέγω*
1275 2836 1399 2909 ἐμοὶ
1458 2837 1584 2898 Θεὸς
1619 2835 1701 2890 σύ·
1735 2836 1823 2889 καὶ
1855 2836 2033 2910 τρίτον

2221 2839 2394 2903 ,Θεός
2444 2866 2472 2896 ‹‹
2534 2841 2801 2920 Spiritus
2860 2849 2927 2903 ut
2982 2844 3147 2903 Deus
3180 2890 3194 2917 ,
3284 2843 3545 2918 audite,
3606 2843 3821 2902 iterum

432 2941 670 3000 dicam:
704 2947 797 2999 ’tu
858 2940 1011 2998 mihi
1068 2942 1249 3012 Deus,
1303 2944 1364 2997 et
1423 2937 1606 2997 tertio
1661 2937 1971 3009 clamabo,
2016 2937 2179 2997 Deus
2237 2945 2348 3008 est,
2382 2960 2411 2994 ι)
2477 2945 2594 2998 etc.
2655 2939 2832 3009 Quod
2888 2941 2951 2999 in
3010 2941 3407 3001 defendenda
3469 2941 3608 3001 Filii
3664 2939 3817 2998 divi-

438 3038 633 3097 nitate
692 3036 1069 3097 Athanasius
1117 3034 1455 3113 prastitit,
1518 3034 1579 3093 id
1639 3035 1971 3112 Gregorius
2026 3034 2090 3093 in
2148 3034 2539 3095 defendenda
2612 3036 2880 3113 Spiritus
2911 3039 3109 3097 sancti
3157 3038 3490 3099 divinitate
3526 3084 3539 3098 .
3622 3038 3687 3098 Si
3735 3039 3820 3095 tot

433 3142 495 3196 et
550 3140 760 3196 tantas
814 3154 940 3195 non
998 3139 1091 3194 est
1150 3139 1447 3212 expertus
1499 3132 1984 3210 persecutiones,
2047 3139 2203 3210 quot
2260 3140 2322 3192 et
2374 3139 2643 3210 quantas
2704 3153 3032 3213 perpessus
3089 3142 3183 3195 est
3234 3136 3643 3206 Athanasius,
3700 3150 3817 3193 non

430 3235 549 3294 nisi
607 3233 671 3292 id
724 3232 971 3301 accidit,
1008 3232 1157 3310 quia
1211 3230 1455 3289 occasio
1515 3230 1735 3303 defuit,
1772 3249 1897 3289 non
1967 3235 2177 3289 autem
2236 3231 2482 3289 animus
2540 3239 2601 3290 et
2654 3233 2968 3292 voluntas.
3033 3240 3139 3293 Est
3196 3240 3411 3293 tamen
3470 3232 3705 3311 aliquid
3758 3231 3816 3289 in

430 3334 564 3410 ejus
619 3330 885 3410 scriptis,
948 3330 1119 3406 quod
1179 3327 1571 3387 mirationem
1630 3328 1801 3387 facit.
1860 3327 2038 3399 Sibi,
2100 3326 2356 3386 nomine
2416 3326 2851 3388 hareticorum
2890 3375 2904 3402 ,
2964 3329 3205 3407 objicit,
3274 3330 3358 3411 (ά)
3451 3356 3481 3387 ‹‹
3564 3330 3819 3408 Spiritus

429 3429 628 3489 sancti
659 3428 1053 3487 divinitatem
1113 3425 1287 3484 nullo
1344 3424 1685 3503 Scriptura
1742 3425 1880 3484 loco
1952 3423 2265 3501 proditam
2324 3423 2543 3483 haberi
2594 3443 2608 3495 ;
2669 3448 2699 3479 »
2763 3427 2931 3503 quod
2990 3426 3246 3504 quidem
3307 3428 3539 3488 refellit
3594 3423 3819 3504 duplici

432 3526 714 3596 ratione;
778 3525 982 3602 primo
1042 3522 1365 3581 afﬁrmans
1418 3521 1496 3601 (e)
1558 3542 1581 3577 α
1647 3522 1987 3599 Scriptura
2044 3520 2405 3580 testimonio
2464 3522 2805 3582 admodum
2864 3525 3303 3585 confirmatam
3364 3545 3500 3586 esse
3560 3524 3820 3603 Spiritus

427 3625 842 3691 divinitatem,
908 3621 984 3679 iis
1032 3621 1281 3697 quidem
1338 3625 1523 3691 certe,
1579 3619 1686 3697 qui
1742 3638 1865 3679 non
1923 3618 2109 3677 nimis
2163 3617 2372 3677 stolidi
2423 3624 2485 3677 et
2564 3620 2770 3679 obtusi
2858 3621 3134 3693 fuerint,
3200 3629 3392 3700 atque
3469 3642 3505 3684 a
3590 3618 3815 3699 Spiritu

431 3720 653 3781 aversi.
712 3739 740 3773 ι)
804 3716 1038 3777 Deinde
1095 3718 1227 3794 ipse
1284 3717 1613 3775 innumera
1660 3716 1998 3794 Scriptura
2056 3715 2295 3792 profert
2370 3715 2725 3775 testimonia
2761 3762 2776 3789 ,
2834 3718 3060 3796 quibus
3136 3722 3493 3781 ostenditur
3558 3719 3819 3798 Spiritus

431 3817 631 3877 sancti
686 3814 1074 3875 divinitatem
1135 3815 1196 3872 in
1277 3812 1615 3891 Scripturis
1688 3812 2005 3891 proditam
2083 3810 2299 3871 haberi
2384 3811 2517 3891 (Γ).
2581 3838 2610 3868 ‹‹
2670 3814 2939 3892 Spiritus
3023 3817 3133 3876 Dei
3216 3817 3498 3891 dicitur,
3562 3815 3821 3895 Spiritus

427 3915 678 3987 Christi,
740 3931 915 3972 mens
973 3911 1226 3985 Christi,
1288 3911 1562 3989 Spiritus
1622 3909 1917 3981 Domini,
1982 3927 2055 3969 ac
2111 3909 2413 3969 Dominus
2468 3911 2601 3987 ipse
2637 3957 2650 3981 ,
2709 3911 2974 3990 Spiritus
3031 3915 3468 3993 adoptionis...
3529 3911 3817 3983 scientia,

428 4011 753 4091 pietatis...
791 4008 1005 4069 omnia
1036 4009 1303 4069 essentia
1332 4027 1445 4068 sua
1475 4008 1764 4086 implens,
1800 4006 2013 4066 omnia
2043 4007 2389 4083 continens,
2423 4030 2451 4062 »
2489 4014 2607 4067 etc.

508 4111 839 4181 Praterea,
894 4108 1013 4167 hoc
1069 4108 1255 4167 etiam
1318 4107 1542 4185 posito,
1605 4106 1775 4183 quod
1829 4104 2098 4182 Spiritus
2158 4105 2356 4165 sancti
2412 4105 2702 4166 divinitas
2760 4108 2934 4168 nullo
2994 4110 3335 4188 Scriptura
3386 4112 3527 4172 loco
3586 4108 3827 4190 prodita

424 4206 811 4277 haberetur,
864 4205 1020 4264 illud
1076 4204 1529 4283 impedimento
1588 4221 1724 4261 esse
1784 4220 1908 4261 non
1968 4201 2229 4260 deberet
2285 4203 2619 4279 quominus
2678 4206 2980 4282 Spiritum
3039 4210 3233 4266 Deum
3293 4226 3429 4268 esse
3504 4208 3827 4268 confitere—

426 4323 592 4378 mur,
650 4302 956 4381 siquidem
1015 4302 1139 4363 alia
1188 4302 1458 4380 plurima
1518 4299 1842 4359 credimus
1872 4317 2012 4375 qua
2070 4298 2131 4356 in
2188 4300 2523 4377 Scripturis
2581 4320 2705 4361 non
2764 4310 3090 4382 apparent.
3155 4329 3183 4358 «
3237 4307 3596 4381 Undenam,
3646 4328 3675 4359 »
3737 4303 3829 4361 in-

429 4402 566 4481 quit
617 4401 726 4479 (g),
784 4400 1110 4479 alloquens
1167 4398 1622 4469 adversarium,
1669 4420 1697 4451 α
1759 4402 1827 4455 tu
1885 4413 2059 4455 arces
2114 4394 2254 4455 illas
2310 4404 2472 4470 tuas,
2527 4399 2878 4476 Ingenitum
2931 4407 3039 4461 aut
3086 4402 3452 4462 Anarehum
3514 4398 3829 4480 accepisti,

427 4505 539 4560 aut
568 4518 683 4558 nos
730 4499 917 4558 etiam
978 4497 1352 4557 immortalis
1408 4512 1625 4554 vocem
1672 4493 1701 4551 ?
1752 4494 1883 4553 Hoc
1943 4492 2312 4553 nominatim
2375 4505 2437 4555 et
2493 4514 2783 4574 expresse
2838 4499 3118 4573 ostende,
3189 4500 3281 4558 vel
3331 4519 3407 4561 ea
3458 4501 3831 4580 rejiciemus,

424 4597 574 4676 quia
630 4597 693 4656 in
743 4597 1066 4676 Scriptura
1121 4615 1243 4654 non
1306 4598 1573 4661 exstant,
1634 4590 1733 4650 vel
1807 4609 2366 4669 expungemus....
2430 4596 2649 4654 Nonne
2733 4597 3131 4675 perspicuum
3190 4603 3329 4671 est,
3396 4598 3535 4659 hac
3619 4598 3695 4657 de
3766 4594 3837 4655 iis

426 4701 679 4772 sumpta
712 4711 863 4766 esse,
900 4712 975 4753 ex
1008 4693 1236 4771 quibus
1260 4690 1666 4765 colliguntur,
1702 4689 1950 4747 tametsi
1987 4688 2240 4750 minime
2268 4690 2606 4750 dicantur?
2637 4716 2667 4747 ››

512 4791 711 4869 Hujus
796 4790 1221 4869 responsionis
1303 4786 1721 4845 dilucidanda
1806 4804 2043 4857 causa,
2105 4789 2441 4865 Gregorius
2525 4792 3061 4869 comparationem
3148 4794 3468 4854 instituit.
3558 4820 3587 4850 ‹‹
3642 4796 3838 4869 Dua,

428 4889 634 4966 inquit
689 4889 771 4967 (ἡ)
807 4934 821 4960 ,
874 4908 948 4946 ex
1005 4887 1172 4946 omni
1236 4902 1368 4943 avo
1426 4882 1700 4941 illustres
1748 4883 2013 4942 vitarum
2075 4887 2453 4945 mutationes
2510 4889 2933 4963 exstiterunt,
2994 4910 3133 4967 qua
3191 4892 3379 4951 etiam
3442 4893 3572 4953 duo
3626 4895 3840 4953 Testa-

434 4998 667 5059 menta,
703 4994 891 5065 atque
939 4985 1019 5044 ob
1056 4983 1141 5043 rei
1189 4980 1615 5041 celebritatem
1653 5026 1666 5052 ,
1733 4986 1913 5040 terra
1976 4986 2181 5041 motus
2237 4984 2639 5061 appellantur
2690 5004 2704 5055 ;
2768 4988 2969 5047 altera
3029 5008 3065 5047 a
3121 4989 3610 5051 simulacrorum
3674 4988 3841 5049 cultu

430 5085 507 5144 ad
566 5085 791 5161 legem,
855 5083 1055 5141 altera
1112 5098 1149 5139 a
1196 5079 1335 5155 lege
1390 5078 1470 5137 ad
1529 5078 1959 5157 Evangelium.
2024 5084 2108 5139 Ac
2168 5082 2420 5139 tertium
2483 5082 2668 5141 etiam
2737 5091 2919 5143 terra
2979 5092 3217 5145 motum
3274 5087 3605 5166 Scriptura
3669 5084 3842 5145 nobis

428 5182 807 5253 annuntiat,
870 5196 1093 5257 nempe
1159 5175 1600 5254 migrationem
1657 5176 1737 5238 ab
1796 5176 1915 5237 hac
1970 5177 2100 5238 vita
2157 5178 2237 5237 ad
2295 5179 2558 5239 alteram
2618 5180 2793 5241 illam
2854 5190 3058 5246 motus
3111 5186 3317 5245 omnis
3366 5191 3431 5247 et
3480 5180 3844 5264 jactationis

508 5420 584 5491 (a)
616 5419 714 5475 οι».
746 5418 839 5491 eo,
876 5432 932 5471 n.
973 5416 1058 5491 is.
2276 5417 2349 5488 (e)
2388 5419 2564 5486 Ibid.,
2598 5438 2657 5477 n.
2688 5421 2777 5480 29.

540 5488 588 5563 ὁ)
621 5491 718 5545 ον.
752 5488 843 5555 38,
863 5504 956 5563 ρ.Δ
974 5488 1060 5563 is.
1185 5559 1243 5563 μ
2275 5491 2343 5563 (ί)
2372 5491 2515 5563 Ibid.

540 5494 588 5563 ὁ)
621 5494 718 5545 Or.
752 5494 843 5555 38,
881 5504 937 5542 n.
975 5494 1060 5542 15.

510 5495 578 5634 ἑο)
610 5558 902 5634 Carm._al.
935 5558 1060 5634 {‘23,
1092 5573 1146 5615 v.
1180 5559 1268 5617 33.
2275 5494 2291 5631 ξ

2296 5562 2351 5707 g;
2384 5562 2551 5635 Ibid.,
2584 5581 2641 5620 η.
2674 5566 2763 5620 23.

2296 5635 2329 5687 h
2388 5634 2555 5707 Ibid.,
2592 5654 2648 5693 n.
2680 5639 2763 5697 25.

513 5631 591 5710 (ά)
621 5636 716 5690 0r.
749 5631 839 5701 34,
876 5648 934 5689 ιι.
968 5631 1055 5692 24.
1520 5684 1534 5691 -
2272 5631 2351 5707 (η)
2388 5631 2555 5707 Ibid.,
2592 5654 2648 5693 n.
2680 5639 2769 5697 25.
