4052 6276
183 334 282 393 105
1198 332 1614 392 ΡΒιΕΙῖΑΤΙΟ
1660 332 1783 392 GEI

2000 332 2205 391 ng.—-
2238 332 2440 391 PARS
2486 322 2593 391 III.
3483 326 3600 393 £06

180 474 524 544 expertem.
614 466 790 525 Idem
884 482 1067 543 porro
1137 464 1383 523 duobus
1439 463 1856 524 Testamentis
1942 464 2194 523 accidit.
2275 464 2432 535 Quid
2492 464 2704 522 illud?
2782 466 2916 544 Non
2978 471 3256 544 repente,
3346 484 3461 525 nec
3520 466 3600 525 ad

182 563 444 641 primam
508 563 938 640 aggressionis
992 561 1429 638 impulsionem
1492 567 1885 621 commutata
1949 568 2115 620 sunt.
2177 560 2663 631 Quamobremm
2714 562 2742 618 ‘?
2787 542 2893 619 'ld
2953 562 3117 620 enim
3177 562 3337 621 scire
3393 581 3603 640 operte

184 662 449 739 pretium
515 668 609 719 est
670 680 681 720 :
778 667 846 719 ut
929 679 1003 719 ne
1058 660 1115 717 vi
1178 658 1740 736 pertraheremur,
1827 658 1937 717 sed
2012 658 2415 736 persuasione
2487 658 2962 718 adduceremur.
3028 660 3204 730 Quod
3263 660 3428 719 enim
3491 680 3602 721 vo—

182 759 527 817 luntarium
591 777 715 816 non
775 764 917 828 est,
1004 776 1079 815 ne
1134 757 1499 816 diuturnum
1582 756 1835 834 quidem
1897 762 2170 815 est....
2264 760 2426 832 Ergo
2503 757 2704 834 prima
2760 756 2858 815 lex
2916 756 3178 817 sublatis
3254 757 3605 818 simulacris

184 856 489 915 sacriﬁcia
570 856 859 933 permisit
972 854 1256 915 Secunda
1336 854 1643 913 submotis
1730 854 2087 925 sacriﬁciis,
2168 854 2703 914 circnmcisionem
2786 854 3039 913 minime
3118 856 3461 932 prohibuit.
3518 862 3606 916 Ac

188 961 401 1032 postea
438 998 453 1021 ,
537 959 606 1011 ut
663 955 853 1011 semel
912 951 1198 1012 subtrahi
1252 951 1369 1010 sibi
1429 951 1669 1028 aliquid
1739 969 1922 1028 aequo
1980 950 2191 1011 animo
2252 951 2529 1010 tulerunt
2586 951 2917 1019 homines,
3006 951 3189 1012 rebus
3245 952 3433 1013 etiam
3491 952 3609 1013 sibi

194 1052 542 1121 concessis,
630 1050 750 1110 hoc
806 1056 939 1117 est,
1022 1050 1113 1109 illi
1169 1050 1532 1121 sacriﬁciis,
1600 1050 1664 1109 hi
1723 1049 2193 1109 circumcisione
2254 1049 2691 1109 abstinuerunt
2742 1068 2755 1121 ;
2842 1054 3031 1127 atque
3088 1057 3157 1110 ut
3212 1070 3287 1109 ex
3346 1052 3611 1111 ethnicis

195 1149 430 1219 Judzei,
511 1149 605 1208 ita
662 1167 736 1208 ex
792 1148 1030 1210 Judaeis
1086 1148 1421 1208 Christiani
1478 1148 1627 1207 facti
1685 1154 1868 1219 sunt,
1946 1165 2057 1225 per
2120 1148 2498 1207 mutationes
2553 1147 2733 1225 quasi
2790 1148 3003 1207 furtim
3063 1148 3142 1207 ad
3199 1149 3610 1227 Evangelium

201 1247 402 1306 allecti
458 1247 540 1325 (α)
811 1247 969 1305 Huic
1052 1246 1337 1323 exemplo
1413 1246 1757 1305 divinitatis
1823 1245 2107 1305 doctrina
2170 1244 2525 1323 comparari
2586 1250 2831 1323 potest,
2895 1246 3013 1304 nisi
3067 1247 3236 1323 quod
3298 1246 3613 1306 contrario

203 1345 383 1403 modo
444 1363 543 1402 res
604 1344 1069 1421 procedit....
1130 1344 1230 1403 Sic
1288 1343 1453 1402 enim
1513 1361 1577 1403 se
1632 1361 1731 1403 res
1788 1343 2027 1402 habet:
2091 1344 2285 1402 Vetus
2341 1346 2810 1402 Testamentum
2874 1346 3123 1403 Patrem
3179 1350 3393 1422 aperte
3456 1364 3616 1422 prse—

202 1440 494 1515 dicabat,
579 1440 807 1500 Filium
884 1441 1230 1501 obscurius.
1291 1442 1535 1500 Novum
1618 1446 1826 1499 autem
1906 1439 2085 1498 nobis
2162 1439 2387 1498 Filium
2467 1440 2795 1517 perspicue
2861 1440 3173 1513 ostendit,
3230 1448 3291 1501 et
3350 1443 3621 1521 Spiritus

200 1540 595 1599 divinitatem
657 1540 1041 1599 subobscure
1122 1538 1591 1616 quodammodo
1666 1537 2003 1597 indicavit.
2092 1539 2269 1597 Nunc
2342 1555 2491 1597 vero
2568 1536 2840 1615 Spiritus
2904 1537 3037 1616 ipse
3094 1538 3419 1599 nobiscum
3478 1559 3618 1599 ver-

198 1645 409 1707 satur,
479 1654 741 1713 seseque
798 1637 981 1696 nobis
1037 1636 1315 1714 apertius
1371 1636 1669 1695 declarat.
1726 1638 1939 1713 Neque
1994 1635 2159 1693 enim
2220 1639 2423 1694 tutum
2483 1640 2653 1706 erat,
2708 1634 2909 1694 Patris
2963 1635 3291 1696 divinitate
3342 1638 3619 1696 nondum

197 1734 531 1804 confessa,
598 1734 821 1793 Filium
884 1740 1100 1811 aperte
1157 1734 1536 1811 praedicari;
1600 1752 1759 1806 nec,
1822 1732 1961 1791 Filii
2020 1731 2345 1790 divinitate
2408 1732 2687 1790 nondum
2746 1731 3064 1804 admissa,
3128 1732 3429 1811 Spiritum
3488 1752 3623 1793 san—

198 1837 417 1899 ctum,
483 1832 659 1890 velut
715 1830 1067 1907 graviorem
1129 1830 1466 1909 quamdam
1505 1876 1518 1898 ,
1581 1830 1630 1888 si
1686 1830 1775 1888 ita
1830 1829 2005 1907 loqui
2068 1829 2160 1888 fas
2217 1835 2347 1900 est,
2411 1829 2718 1888 sarcinam
2785 1828 2962 1888 nobis
3020 1830 3400 1908 ingeri....
3462 1832 3621 1903 Quin

201 1928 408 1988 tacitis
489 1928 703 2005 potius
760 1928 1221 1988 accessionibus
1257 1973 1270 1997 ,
1353 1936 1462 1998 et,
1541 1934 1609 1987 ut
1666 1926 1863 1986 David
1922 1927 2248 2004 loquitur,
2314 1927 2781 1986 ascensionibus
2816 1973 2829 1999 ,
2909 1934 3098 2005 atque
3172 1947 3243 1987 ex
3304 1928 3504 2005 gloria
3559 1931 3622 1989 in

204 2026 473 2103 gloriam
563 2026 1107 2103 progressionibus
1191 2032 1254 2085 et
1337 2025 1778 2097 incrementis,
1874 2024 2200 2085 Trinitatis
2276 2024 2488 2083 lumen
2575 2024 3102 2102 splendidioribus
3158 2026 3622 2089 illuceret....

206 2124 359 2193 Quin
423 2122 622 2181 etiam
680 2122 759 2181 ab
818 2123 956 2200 ipso
1012 2123 1155 2182 Jesu
1212 2122 1517 2200 paulatim
1575 2121 2035 2181 declaratur....
2105 2144 2134 2178 a
2189 2122 2444 2199 Rogabo
2498 2122 2660 2180 enim
2720 2123 2990 2193 Patrem,
3053 2123 3258 2199 inquit
3315 2130 3376 2182 et
3431 2123 3624 2183 alium

204 2220 612 2280 Paracletum
650 2220 853 2279 mittet
885 2219 1088 2291 vobis,
1141 2219 1442 2297 Spiritum
1472 2219 1752 2279 veritatis
1780 2218 1843 2271 ³ο.
1880 2243 1909 2273 ››
1943 2264 1955 2277 .
1988 2267 2000 2278 .
2037 2267 2048 2277 .
2113 2219 2396 2278 Habebat
2442 2220 2731 2296 quadam
2785 2220 3105 2291 Salvator,
3158 2240 3298 2298 quae
3348 2240 3385 2280 a
3442 2222 3624 2281 disci-

210 2320 401 2395 pulis,
470 2318 619 2377 licet
667 2317 905 2395 alioqui
966 2318 1295 2395 multiplici
1346 2317 1631 2377 doctrina
1687 2316 2133 2395 implerentur,
2193 2324 2339 2376 tunc
2393 2324 2601 2376 tamen
2662 2319 2898 2395 portari
2957 2336 3137 2395 posse
3188 2319 3489 2394 negabat,
3548 2318 3628 2377 ob

208 2436 303 2474 eas
366 2415 680 2481 forsitan,
746 2433 904 2492 quas
963 2416 1188 2482 attuli,
1255 2434 1515 2485 causas,
1579 2421 1768 2492 atque
1844 2415 2075 2474 idcirco
2148 2432 2223 2473 ea
2296 2412 2446 2491 ipsis
2524 2414 2902 2473 occultabat.
2974 2419 3057 2474 Ac
3115 2433 3328 2474 rursus
3386 2415 3634 2474 dicebat

211 2514 375 2583 fore,
460 2519 533 2570 ut
611 2512 689 2570 ab
768 2513 1143 2571 adveniente
1226 2512 1458 2589 Spiritu
1521 2513 1735 2571 omnia
1792 2511 2226 2571 edocerentur.
2291 2514 2455 2589 Ergo
2513 2531 2704 2571 unum
2766 2530 2836 2571 ex
2901 2530 3114 2571 eorum
3179 2532 3440 2572 numero
3500 2532 3633 2573 esse

214 2629 473 2681 censeo,
538 2610 741 2686 ipsam
798 2610 1065 2686 Spiritus
1128 2610 1324 2670 sancti
1400 2610 1739 2680 deitatem,
1825 2610 1888 2667 in
1959 2616 2277 2687 posterum
2356 2610 2634 2687 apertius
2716 2610 3202 2681 declarandam,
3267 2617 3395 2668 tum
3462 2611 3634 2669 vide-

218 2710 398 2779 licet,
492 2726 638 2766 cum
720 2707 851 2783 jam
946 2714 1084 2784 post
1169 2708 1511 2768 Salvatoris
1596 2708 1654 2765 in
1744 2708 2054 2785 integrum
2141 2707 2647 2777 restitutionem,
2742 2712 2987 2767 matura
3070 2714 3130 2766 et
3213 2708 3637 2786 perceptibilis

216 2812 367 2863 esset
442 2804 649 2881 ipsius
727 2803 1054 2880 cognitio,
1136 2809 1311 2882 utpte
1388 2803 1486 2863 cui
1565 2805 1645 2863 ob
1726 2810 1853 2863 tam
1932 2804 2174 2881 insigne
2252 2804 2623 2863 miraculum
2706 2804 2859 2863 ﬁdes
2918 2822 3042 2863 non
3099 2804 3231 2882 jam
3289 2804 3635 2881 abrogare-

221 2911 313 2960 tur
359 2902 471 2981 (ὁ).
531 2925 552 2957 .

299 3002 387 3059 Ex
451 2999 890 3075 superioribus
942 2998 1221 3075 Gregorii
1282 2998 1483 3057 verbis
1539 2998 1615 3058 de
1660 2999 1801 3058 Filii
1860 2998 2185 3058 divinitate
2240 2998 2503 3058 obscure
2560 2999 2622 3057 in
2675 3000 2914 3070 Veteri,
2970 2999 3295 3077 perspicue
3352 2999 3413 3057 in
3467 3002 3638 3059 Novo

222 3100 627 3156 Testamento
688 3096 990 3171 cognita;
1052 3096 1198 3154 item
1260 3096 1335 3154 de
1389 3096 1620 3174 Spiritu
1682 3096 2063 3156 subobscure
2117 3102 2363 3155 tantum
2425 3096 2487 3154 in
2549 3099 2721 3155 Novo
2780 3100 3178 3157 'l‘estamento
3236 3096 3635 3174 signiﬁcato:

221 3213 293 3253 ex
350 3195 484 3261 his,
548 3194 843 3270 inquam,
906 3194 1140 3265 verbis,
1201 3194 1264 3252 id
1314 3195 1596 3271 sequitur
1654 3200 1895 3253 tantum
1960 3201 2020 3254 et
2076 3194 2532 3271 colligendum,
2594 3200 2821 3272 praeter
2875 3194 3297 3271 Scripturam,
3352 3194 3640 3253 traditio-

221 3312 361 3351 nem
417 3311 545 3350 non
585 3291 886 3368 scriptam
933 3292 1120 3350 fuisse
1170 3292 1619 3364 necessariam,
1675 3292 1854 3370 cujus
1904 3311 2022 3369 ope
2071 3292 2209 3352 Filii
2260 3310 2331 3351 ac
2381 3291 2644 3369 Spiritus
2689 3293 2889 3351 sancti
2930 3292 3221 3355 divinitas
3264 3292 3324 3350 in
3369 3292 3645 3370 Scriptu-

220 3409 430 3449 rarum
508 3387 887 3447 testimoniis
965 3388 1347 3448 subobscure
1422 3408 1756 3466 expressa,
1839 3390 2162 3467 perspicue
2240 3394 2301 3448 et
2376 3396 2588 3467 aperte
2642 3389 3092 3450 declararetur.
3153 3390 3328 3462 Quod
3391 3390 3643 3469 quidem

222 3489 366 3547 alibi
420 3488 493 3565 κίε)
581 3486 918 3562 Gregorius
999 3486 1181 3545 docet
1257 3486 1611 3563 expressius
1666 3506 1681 3543 :
1764 3510 1790 3543 (ι
1838 3486 2217 3546 Przeclarum
2278 3486 2673 3565 depositum,
2752 3487 2921 3565 quod
2982 3506 3019 3548 a
3080 3488 3363 3565 patribus
3422 3487 3647 3547 nostris

223 3586 631 3663 accepimus,
693 3582 1163 3655 custodientes;
1224 3585 1517 3653 Patrem,
1581 3590 1642 3643 et
1699 3585 1962 3655 Filium,
2043 3590 2103 3643 et
2160 3584 2459 3662 Spiritum
2528 3592 2814 3644 sanctum
2874 3586 3209 3646 adorantes
3265 3603 3277 3643 :
3368 3586 3431 3645 in
3491 3585 3647 3645 Filio

226 3685 505 3753 Patrem,
573 3680 636 3739 in
688 3680 923 3757 Spiritu
978 3681 1201 3740 Filium
1252 3689 1732 3758 cognoscentes,
1792 3683 1855 3740 in
1916 3701 2180 3759 quorum
2234 3681 2487 3741 nomine
2545 3682 2841 3760 baptismi
2894 3701 3061 3761 aqua
3111 3684 3286 3742 tincti
3335 3701 3572 3741 sumus.
3609 3704 3637 3739 »

229 3784 293 3840 Et
349 3800 447 3839 or.
517 3796 669 3837 xxx:
730 3778 825 3856 tn.
887 3777 999 3853 21)
1065 3797 1075 3836 :
1173 3801 1199 3835 ‹‹
1257 3779 1604 3838 Identidem
1684 3780 2038 3858 saepiusque
2096 3780 2372 3839 inculcas
2432 3779 2701 3857 Spiritus
2769 3780 2966 3839 sancti
3022 3779 3411 3839 divinitatem
3471 3779 3645 3838 nullo

230 3879 573 3956 Scriptura:
626 3876 764 3935 loco
811 3875 1126 3953 proditam
1177 3875 1420 3935 haberi.
1463 3876 1797 3937 Enimvero
1838 3877 2007 3955 quod
2058 3895 2169 3935 nec
2220 3895 2418 3937 novus
2466 3894 2537 3935 ac
2590 3878 2981 3953 peregrinus,
3021 3894 3133 3935 nec
3181 3875 3651 3936 introductitius

228 3976 347 4052 ipse
414 3976 562 4044 sit,‘
600 3991 817 4032 verum
881 3980 942 4031 et
999 3992 1035 4032 a
1093 3973 1341 4050 priscis,
1398 3978 1459 4033 et
1516 3974 1704 4051 hujus
1761 3974 1962 4033 aetatis
2010 3974 2371 4033 hominibus
2428 3974 2677 4050 agnitus
2725 3980 2787 4033 et
2842 3974 3221 4051 patefactus,
3285 3991 3651 4051 quanquam

232 4092 261 4130 a
313 4072 614 4151 pluribus
671 4068 801 4146 jam
854 4076 1170 4129 ostensum
1233 4077 1355 4141 est,
1419 4071 1526 4148 qui
1574 4071 1650 4130 de
1710 4071 1828 4131 hac
1887 4090 1951 4131 re
2010 4072 2466 4143 disseruerunt,
2520 4078 2710 4149 atque
2766 4071 2829 4130 in
2884 4071 3108 4130 divinis
3157 4071 3497 4149 Scripturis
3545 4089 3655 4130 nec

235 4171 487 4246 ignave,
557 4185 671 4225 nec
730 4168 1157 4245 perfunctorie
1202 4169 1431 4228 versati
1488 4176 1665 4240 sunt,
1726 4170 1831 4229 sed
1878 4169 2150 4228 litteram
2210 4173 2643 4247 penetrantes,
2696 4175 2883 4245 atque
2940 4169 3105 4228 intro
3166 4168 3654 4245 prospicientes,

236 4266 625 4327 reconditam
676 4264 1207 4342 pulchritudinem
1251 4264 1461 4324 divino
1506 4266 1811 4326 beneﬁcio
1853 4266 2178 4337 viderunt,
2228 4266 2633 4342 scientiaeque
2680 4266 2819 4324 luce
2860 4265 3210 4324 collustrati
3250 4273 3412 4336 sunt,
3454 4290 3481 4320 ι»
3533 4272 3653 4325 etc.

234 4366 371 4435 Quae
407 4369 583 4423 certe
614 4363 997 4421 conﬁrmant
1028 4364 1437 4422 necessariam
1470 4382 1603 4424 esse
1646 4364 2046 4424 traditionem
2092 4370 2161 4423 ut
2191 4364 2529 4441 Scripturze
2561 4362 3015 4440 intelligantur,
3056 4363 3325 4439 ﬁdeique
3355 4363 3656 4439 dogmata

234 4462 621 4522 .leﬁniantur
668 4461 745 4519 ab
798 4459 1096 4535 Ecclesia,
1143 4479 1330 4539 penes
1373 4480 1563 4540 quam
1609 4468 1701 4522 est
1744 4464 2097 4542 depositum
2141 4462 2332 4533 istud,
2366 4462 2536 4539 quod
2567 4467 2893 4538 acceptum
2926 4460 3005 4519 ab
3034 4460 3337 4539 apostolis
3365 4467 3572 4520 servat
3600 4467 3662 4521 et

235 4578 483 4640 semper
515 4558 813 4617 servabit.

308 4659 372 4718 Si
440 4655 732 4733 quaedam
784 4661 951 4726 sunt,
1006 4674 1145 4732 quae
1202 4657 1358 4716 mira
1404 4656 1601 4716 videri
1645 4657 1905 4735 possint,
1940 4657 2109 4717 dicta
2151 4677 2187 4717 a
2230 4656 2528 4734 Gregorio
2560 4656 2639 4715 ad
2673 4655 3129 4715 defendendam
3163 4656 3431 4734 Spiritus
3462 4656 3663 4717 sancti

236 4755 633 4815 divinitatem
671 4772 684 4823 ;
746 4753 975 4812 mirum
1021 4752 1225 4812 adhuc
1268 4755 1467 4832 magis
1498 4755 1667 4832 quod
1704 4756 1809 4828 ait,
1847 4762 1993 4815 tunc
2025 4756 2324 4833 temporis
2356 4754 2691 4815 nonnullos
2728 4754 2934 4826 fuisse,
2971 4754 3159 4814 etiam
3190 4772 3266 4814 ex
3300 4754 3657 4825 Catholicis,

238 4854 338 4931 qui
392 4851 693 4930 quamvis
743 4850 1049 4930 Spiritum
1100 4856 1386 4911 sanctum
1444 4852 1750 4931 zequalem
1802 4854 1971 4913 Patri
2021 4860 2083 4913 et
2128 4854 2307 4921 Filio,
2346 4851 3043 4929 consubtantialemque
3075 4851 3420 4923 crederent,
3457 4852 3661 4929 ipsum

239 4956 459 5011 tamen
490 4949 686 5008 Deum
730 4947 1053 5028 appellare
1093 4948 1328 5009 nollent
1364 4970 1377 5011 :
1429 4950 1599 5027 quod
1631 4968 1819 5028 quam
1853 4950 2194 5010 absurdum
2226 4950 2323 5025 sit,
2373 4968 2558 5011 nemo
2608 4968 2735 5009 non
2781 4949 3117 5027 intelligit;
3171 4967 3286 5009 nec
3335 4954 3542 5008 tamen
3598 4949 3664 5009 in

236 5047 507 5108 dubium
538 5047 819 5107 revocari
850 5052 1079 5126 potest,
1112 5064 1253 5107 cum
1286 5052 1414 5107 tam
1447 5047 1671 5108 diserte
1703 5052 1940 5108 asserat
1970 5066 2042 5109 ac
2072 5048 2261 5120 dicat,
2294 5066 2361 5108 se
2393 5047 2585 5108 libere
2617 5045 3001 5125 praedicante
3032 5045 3335 5125 Spiritum
3366 5052 3657 5107 sanctum

242 5146 452 5205 Deum
482 5162 635 5219 esse,
669 5149 1056 5205 commotam
1088 5144 1276 5205 fuisse
1308 5152 1561 5205 terram.

314 5366 359 5399 ³ο
392 5366 569 5420 Joan.
600 5382 713 5431 xw,
748 5368 835 5421 16.

332 5580 401 5633 Et!)
447 5572 543 5625 0r.
578 5572 747 5641 31,11.
782 5572 875 5624 26.

2099 5570 2162 5641 (ε)
2203 5574 2296 5623 0r.
2329 5570 2383 5635 ὃ,
2424 5587 2479 5623 n.
2512 5571 2599 5621 22..

334 5645 405 5712 Ib)
450 5643 617 5712 una,
659 5661 717 5698 n.
748 5644 843 5696 27.

552 5772 809 5829 l’A’IBOL.
860 5768 973 5827 Gn.
1010 5766 1241 5826 XXXV.
3362 5779 3393 5821 τι
