4052 6276
390 292 501 349 107
1389 287 1805 348 ΡΒιΕΙεἋΤΙΟ
1852 286 1990 347 GElV

2174 286 2398 344 ΜΞ.-
2438 286 2640 345 PARS
2688 285 2791 344 IlI.
3671 294 3773 350 108

522 418 687 509 Οὐςδέν
720 420 820 509 πὰρ
849 419 1023 481 οὕτως
1055 420 1252 475 οὔποτε

526 498 580 509 ,Α
639 493 653 509 κ
965 492 977 509 ε

2289 419 2552 509 ςφιΝἱὴίΙ
2582 419 2737 473 enim
2779 418 3152 509 sicinnquam

526 491 691 559 Ὀλὴν
722 491 889 566 ἔσςέισε
917 492 1017 566 γῆν
1079 562 1090 566 _
1118 562 1128 566 Α
1221 562 1228 566 _

2289 493 2495 566 Totam
2529 492 2839 545 commovit
2872 494 3109 566 terram,

529 566 616 624 Ὡς
648 561 961 639 Πγεύμαςῑός
991 562 1264 639 παρῥησία

2289 561 2653 639 I_J't_liber_tas,
2688 579 2804 632 qua
2833 561 3082 639 Spiritus

530 632 1003 708 Θεοῦῗβοώμὲγου.
1070 632 1112 639 ”
1162 632 1165 633 ν
1246 703 1259 708 μ

2288 633 2484 708 Palam
2519 634 2681 708 Deus-
2702 632 3050 703 praedicatur
3082 651 3092 708 ς

527 703 707 782 ⁸καῖ
731 703 1004 782 πρόᾳᾴντη
1034 726 1149 767 τοις
1182 703 1367 782 φιλοῖς
1490 756 1501 763 ,ν

2288 706 2455 782 Quod
2484 704 2823 782 et_i_nvisum
2859 720 2949 759 me
2980 705 3187 758 amicis

524 774 784 849 TéOerxev,
817 774 1062 849 οἱδαμεν.
1195 774 1204 782 ’

2288 775 2506 845 Etfecit,
2542 776 2592 829 id
2632 776 2870 830 scimus.

382 910 531 979 Quae
565 912 775 966 tamen
825 905 1013 965 verba
1052 905 1138 963 sic
1170 902 1536 981 accipienda
1568 918 1699 962 esse
1745 902 2039 976 arbitror,
2074 912 2143 962 ut
2170 902 2246 961 iis
2279 901 2633 979 significare
2663 901 2932 961 voluerit
2964 900 3311 961 mirabilem
3346 903 3780 963 Constantino-

378 1005 514 1086 poli
549 1003 962 1064 mutationem
994 1003 1253 1074 factam,
1308 1020 1447 1060 cum
1497 1001 1560 1059 in
1615 1018 1689 1059 ea
1743 1000 1918 1070 urbe,
1977 1020 2116 1079 quae
2163 1000 2526 1078 metropolis
2566 1006 2625 1058 et
2659 999 3199 1077 propugnaculum
3233 1007 3366 1058 erat
3397 1001 3784 1062 Macedonia-

383 1121 633 1173 norum,
669 1100 941 1181 Spiritus
972 1099 1170 1159 sancti
1202 1097 1496 1157 divinitas
1547 1096 1743 1175 ipsius
1794 1098 2077 1176 Gregorii
2128 1117 2321 1176 opera
2378 1097 2805 1175 singularique
2834 1097 3026 1156 animi
3054 1096 3418 1157 fortitudine
3452 1099 3784 1175 praedicata

383 1207 498 1263 est.

463 1296 671 1357 Inanis
725 1300 935 1355 autem
994 1293 1099 1353 ille
1159 1293 1564 1370 scrupulus,‘
1617 1292 1693 1351 de
1752 1292 2197 1370 praedicatione
2278 1292 2545 1371 Spiritus
2603 1292 2800 1351 sancti
2877 1291 3263 1365 divinitatis,
3341 1312 3465 1353 non
3533 1294 3651 1353 nisi
3728 1295 3789 1353 in

385 1393 761 1473 quibusdam
825 1391 1092 1451 Orientis
1150 1390 1432 1469 partibus
1487 1394 1804 1467 grassatus
1861 1396 1985 1459 est,
2038 1390 2309 1449 maxime
2368 1392 2710 1457 Cwsareae;
2774 1389 2861 1448 ita
2917 1394 2982 1448 ut
3040 1389 3225 1449 etiam
3288 1390 3588 1463 Basilius,
3652 1411 3787 1451 cum

384 1489 757 1551 ﬁrmissimis
831 1487 1217 1566 argumentis
1293 1486 1557 1566 Spiritus
1638 1487 1836 1546 sancti
1912 1488 2304 1547 divinitatem
2384 1488 2892 1558 demonstraret,
2969 1505 3112 1546 eum
3189 1505 3322 1547 esse
3396 1488 3595 1547 Deum
3671 1507 3791 1547 non

387 1594 600 1669 aperte
656 1585 1061 1665 praedicaret,
1139 1603 1215 1643 ne
1273 1584 1514 1644 animos
1572 1584 1899 1657 efferaret,
1971 1604 2049 1644 ne
2107 1586 2283 1645 novis
2341 1584 2646 1657 dissidiis,
2719 1583 3019 1661 novisque
3077 1583 3516 1644 vexationibus
3575 1603 3789 1644 ansam

386 1685 729 1765 praeberet,
781 1683 949 1761 quod
997 1684 1129 1742 fuse
1179 1682 1578 1761 prosequitur
1628 1683 1960 1760 Gregorius
2008 1682 2292 1743 oratione
2343 1700 2533 1760 quam
2588 1681 2806 1741 habuit
2880 1682 2941 1739 in
2993 1681 3243 1741 laudem
3294 1682 3513 1741 Basilii
3550 1681 3678 1759 (b):
3733 1683 3793 1741 in

387 1782 720 1844 Occidente
776 1798 922 1840 vero
980 1798 1356 1857 nunquam;
1439 1798 1622 1839 nemo
1680 1780 1845 1839 enim
1902 1780 2031 1840 illic
2094 1780 2396 1859 Spiritum
2457 1785 2741 1839 sanctum
2802 1780 2997 1838 Deum
3067 1778 3273 1839 dicere
3330 1786 3392 1838 et
3452 1779 3794 1858 praedicare

385 1878 718 1940 dubitavit.

465 1976 761 2047 Quamvis
804 1975 879 2034 de
930 1975 1323 2052 processione
1354 1974 1619 2053 Spiritus
1653 1994 1775 2034 non
1809 1981 1958 2053 agat
1990 1975 2352 2054 Gregorius,
2388 1975 2570 2054 plura
2625 1987 2829 2034 tamen
2882 1974 2941 2033 in
2994 1973 3128 2046 eius
3177 1975 3425 2053 scriptis
3458 1982 3605 2035 sunt
3640 1977 3796 2050 loca,

385 2094 457 2134 ex
494 2074 721 2151 quibus
751 2071 1060 2149 conjicere
1092 2072 1256 2143 licet,
1293 2090 1433 2130 eum
1485 2090 1522 2130 a
1573 2074 1755 2132 Patre
1789 2080 1850 2131 et
1893 2091 1931 2132 a
1961 2072 2117 2132 Filio
2149 2073 2449 2150 Spiritum
2484 2078 2769 2131 sanctum
2803 2071 3139 2149 procedere
3171 2071 3550 2132 arbitratum
3586 2073 3796 2142 fuisse,

387 2180 458 2232 ut
506 2171 625 2231 ista
656 2170 735 2249 (ο)
765 2190 777 2231 ε
833 2179 1263 2251 Προσκυνοῦντες
1296 2175 1506 2247 Πατέρα
1532 2173 1583 2228 ἐν
1613 2176 1739 2245 Υἱῷ,
1773 2175 1860 2228 καὶ
1894 2176 1984 2228 Υἱὸ

2206 2175 2276 2246 ίῳ
2309 2174 2600 2247 [Ινεύματι-
2657 2192 2686 2222 ‹‹
2719 2169 3064 2228 Adorantes
3112 2173 3359 2228 Patrem
3416 2170 3483 2228 in
3531 2171 3712 2241 Filio,
3747 2177 3806 2228 et

388 2268 613 2329 Filium
644 2268 708 2326 in
743 2274 959 2325 sancto
991 2264 1249 2343 Spiritu.
1284 2286 1311 2321 ιι
1370 2264 1606 2334 Quibus
1638 2264 1842 2323 verbis
1880 2265 1941 2324 id
1974 2265 2351 2343 supponitur
2382 2265 2913 2341 quemadmodum
2948 2267 3135 2324 Filius
3165 2266 3591 2326 substantiam
3625 2285 3801 2327 suam

390 2385 429 2426 a
459 2368 643 2426 Patre
676 2363 893 2436 trahit,
930 2362 1017 2422 sic
1045 2380 1224 2421 suam
1268 2380 1305 2422 a
1353 2361 1508 2422 Filio
1538 2361 1809 2441 Spiritus
1840 2370 2113 2423 sanctus.

1813 2547 1901 2608 De
1928 2547 2375 2608 Incarnate'one.

470 2709 921 2770 Incarnationis
970 2727 1091 2768 non
1146 2708 1349 2767 minus
1398 2714 1688 2766 accurate
1738 2724 1926 2785 quam
1977 2706 2299 2766 Trinitatis
2349 2706 2709 2785 mysterium
2747 2706 3019 2784 explicat
3053 2706 3413 2783 Gregorius.
3449 2711 3611 2767 'l‘am
3648 2709 3811 2767 enim

387 2808 654 2885 diligens
682 2813 745 2866 et
776 2812 1106 2866 accuratus
1134 2806 1197 2863 in
1229 2824 1302 2865 eo
1334 2806 1729 2883 exponendo,
1755 2811 1826 2863 ut
1855 2823 1927 2863 ex
1960 2804 2265 2863 immensa
2296 2804 2403 2863 illa
2438 2804 2753 2864 haeresum
2785 2804 2949 2864 circa
2979 2805 3491 2865 lncarnationem
3527 2806 3811 2880 cohorte,

385 2925 527 2983 qum
562 2905 743 2965 terris
771 2904 1080 2975 incubuit,
1115 2903 1285 2962 nulla
1337 2903 1415 2961 sit
1458 2920 1645 2980 quam
1697 2901 1942 2961 calamo
1975 2920 2097 2961 non
2132 2903 2480 2971 conﬁxerit,
2516 2911 2697 2962 natas
2725 2902 2956 2980 pariter
2986 2910 3047 2961 et
3076 2903 3453 2962 nascituras.
3491 2905 3815 2964 Nestoria-

385 3021 609 3064 norum
644 3003 832 3072 enim,
869 3001 1407 3081 Eutychianorum
1459 3006 1519 3060 et
1570 2999 2122 3059 Monothelitarum
2175 3001 2371 3079 impia
2418 3001 2739 3078 dogmata,
2775 3020 2914 3078 quae
2949 3001 3213 3060 necdum
3248 3009 3623 3079 eruperant,
3661 3021 3812 3061 con-

382 3100 578 3173 vellit,
635 3100 958 3178 oppositas
1014 3098 1111 3158 his
1160 3097 1562 3175 dogmatibus
1620 3097 1912 3156 veritates
1969 3098 2340 3175 praedicans.
2393 3102 2477 3156 Ac
2530 3098 2732 3175 primo
2782 3098 3030 3176 quidem
3088 3116 3209 3156 non
3264 3098 3459 3157 aliam
3529 3100 3822 3177 agnoscit

383 3197 853 3257 Incarnationis
898 3214 1153 3257 causam
1186 3194 1293 3275 (ά),
1350 3186 1541 3272 quam
1593 3194 1856 3253 humani
1903 3213 1979 3270 ge

2221 3196 2720 3255 'estaurationem
2758 3213 2770 3253 Σ
2834 3201 2922 3262 Τίς
2957 3198 3013 3255 δὲ
3042 3209 3138 3270 τῆς
3170 3202 3623 3276 ἀνθρωπὸτητος,
3656 3205 3716 3273 ἣν
3754 3200 3821 3255 δι’

385 3303 531 3373 ἡμᾶς
567 3300 761 3371 ὑπέστη
798 3300 945 3367 Θεὸς,
982 3299 1165 3367 atria;
1222 3299 1292 3352 Τὸ
1326 3300 1562 3366 σωθῆναι
1597 3298 1810 3360 πάντως
1842 3301 1985 3371 ἡμᾶς

2228 3320 2237 3351 ›
2268 3296 2447 3374 ἕτερον
2479 3319 2490 3367 ;
2552 3296 2738 3353 Docet
2770 3294 3040 3353 Verbum
3090 3294 3314 3352 animae
3359 3296 3664 3371 proxime
3700 3295 3828 3355 uni-

386 3397 518 3452 tum
554 3392 740 3452 fuisse
772 3391 867 3472 (e),
920 3389 1251 3467 mediaque
1291 3389 1503 3448 anima
1551 3389 1802 3467 corpori
1835 3407 1847 3447 :
1902 3397 1986 3449 Διά

2222 3398 2343 3458 Θεὸς
2378 3397 2530 3471 σαρκὶ
2567 3394 2655 3450 διὰ
2697 3396 2863 3465 μέσης
2897 3400 3080 3471 ψυχῆς
3113 3397 3404 3471 ἀνεκράοη,
3438 3400 3534 3452 καὶ
3570 3396 3822 3467 συνεδὲοη

383 3496 450 3549 τὰ
482 3493 740 3550 διεστῶτα
768 3498 835 3568 τῇ
868 3494 1003 3567 πρὸς
1030 3490 1194 3569 ἄμφω
1222 3497 1319 3547 τοῦ
1354 3492 1726 3564 μεσιτεύοντος
1757 3493 1983 3547 οἶχειότγ

2225 3489 2428 3548 rinitas
2477 3495 2537 3548 et
2584 3507 2830 3566 corpus,
2889 3508 2984 3548 res
3034 3489 3471 3565 discrepantes
3524 3490 3620 3551 ita
3674 3510 3825 3550 con-

379 3587 618 3665 junctae
664 3593 830 3659 sunt,
867 3587 1096 3646 animas
1144 3587 1498 3644 interventu
1530 3585 1637 3666 (γ’).
1692 3586 2155 3664 Apollinarista)
2202 3590 2413 3648 Jesum
2448 3588 2763 3646 Christum
2795 3587 3188 3647 Dominicum
3226 3588 3562 3649 hominem
3600 3591 3826 3668 appel-

384 3685 641 3757 labant;
678 3704 803 3764 quo
836 3684 1086 3744 nomine
1134 3701 1167 3742 e
1216 3683 1446 3742 sanctis
1487 3682 1775 3742 Patribus
1808 3683 1901 3742 usi
1929 3691 2076 3743 sunt
2105 3683 2503 3757 Athanasius,
2543 3684 2956 3761 Epiphanius,
2992 3687 3345 3754 Cassianus,
3384 3693 3512 3746 etc.
3549 3706 3563 3758 ;
3606 3706 3827 3747 verum

386 3781 573 3859 longe
620 3783 744 3841 alio
793 3800 1003 3853 sensu,
1056 3780 1370 3840 hominem
1424 3779 1659 3839 scilicet
1703 3780 2044 3857 perfectum
2094 3782 2535 3858 intclligentes.
2570 3782 3075 3859 Appollinaristae
3125 3790 3332 3842 autem
3369 3784 3714 3845 hominem
3766 3786 3828 3844 in

383 3877 629 3937 Christo
677 3876 1116 3948 admittebant,
1163 3874 1350 3935 modo
1398 3875 1607 3933 anima
1648 3881 1987 3946 carentem,
2024 3875 2211 3935 modo
2260 3876 2693 3954 intelligentia,
2732 3876 2911 3954 cujus
2942 3879 3178 3938 scilicet
3212 3878 3377 3937 vices
3414 3881 3830 3940 divinitatem

382 3974 672 4052 supplere
726 3973 1058 4047 volebant;
1110 3991 1268 4051 quos
1317 3972 1403 4031 sic
1452 3971 1675 4031 refellit
1720 3974 2052 4049 Gregorius
2084 3970 2219 4052 (g):
2279 3998 2305 4027 ‹‹
2344 3976 2557 4051 Neque
2586 3973 2904 4033 hominem
2958 3993 2992 4034 a
3042 3975 3375 4034 divinitate
3410 3996 3832 4055 separamus,

382 4071 608 4149 inquit,
643 4070 749 4132 sed
782 4089 977 4131 unum
1009 4076 1070 4130 et
1100 4069 1390 4130 eumdem
1428 4069 1817 4148 profitemur,
1855 4093 1883 4125 »
1937 4078 2056 4131 etc.
2105 4073 2255 4130 Duae
2288 4072 2713 4132 exscribenda;
2747 4078 2952 4132 essent
2982 4073 3061 4133 ad
3093 4072 3473 4133 (lledonium
3513 4076 3836 4154 epistolas,

382 4187 524 4249 quae
554 4168 701 4228 olim
736 4168 901 4228 inter
930 4168 1245 4228 orationes
1277 4166 1790 4239 numerabantur,
1830 4186 1986 4245 quas
2028 4169 2190 4227 inter
2239 4186 2291 4230 1.1
2342 4174 2405 4229 et
2450 4185 2532 4229 LII
2580 4170 2981 4248 occupabant
3013 4170 3250 4245 sedem,
3288 4176 3349 4230 et
3380 4179 3559 4232 orat.
3594 4189 3846 4235 xxxvm

384 4266 467 4344 (n.
524 4265 644 4344 13).
706 4288 737 4319 «
785 4265 903 4335 Qui
950 4269 1065 4337 est,
1115 4264 1186 4324 ﬁt
1236 4285 1249 4325 :
1319 4264 1425 4343 qui
1475 4270 1722 4324 creatus
1769 4283 1893 4323 non
1943 4270 2058 4338 est,
2112 4272 2410 4338 creatur;
2465 4266 2573 4343 qui
2622 4267 2795 4327 nullo
2848 4267 2986 4327 loco
3041 4268 3351 4328 contineri
3425 4276 3677 4346 potest,
3733 4289 3850 4349 per

384 4362 805 4422 interventum
857 4362 1084 4422 animae
1131 4360 1597 4433 intellectualis,
1650 4362 1814 4421 inter
1861 4361 2250 4422 divinitatem
2300 4369 2361 4423 et
2413 4364 2616 4424 carnis
2664 4365 3036 4437 crassitiem,
3070 4366 3463 4425 continetur.
3503 4368 3630 4438 Qui
3662 4367 3847 4427 locu-

387 4460 584 4539 pletes
616 4459 774 4523 alios
803 4459 984 4531 ditat,
1016 4465 1391 4538 paupertate
1422 4458 1742 4519 afﬁcitur:
1793 4460 1999 4519 carnis
2047 4460 2213 4519 enim
2266 4479 2418 4521 meae
2470 4467 2908 4539 paupertatem
2941 4463 3131 4533 subit,
3187 4468 3257 4521 ut
3304 4480 3427 4538 ego
3478 4464 3852 4525 divinitatis

385 4557 583 4636 ipsius
629 4576 779 4636 opes
827 4575 1194 4635 consequar.
1250 4556 1367 4629 Qui
1419 4556 1638 4635 plenus
1688 4562 1803 4630 est,
1855 4558 2259 4617 exinanitur:
2314 4577 2427 4617 sua
2475 4560 2641 4618 enim
2691 4561 2893 4636 gloria
2946 4578 3069 4619 non
3126 4558 3283 4619 nihil
3334 4561 3730 4623 exinanitur
3781 4569 3851 4623 ut

387 4672 505 4733 ego
555 4654 967 4733 plenitudinis
1014 4654 1208 4733 ipsius
1257 4655 1567 4733 particeps
1624 4654 1935 4714 efﬁciar...
1990 4655 2271 4715 Christus
2323 4656 2601 4715 humana
2649 4657 2880 4727 omnia,
2917 4664 3179 4734 excepto
3212 4665 3484 4734 peccato
3523 4662 3848 4739 suscepit,

387 4758 725 4831 conceptus
771 4751 1023 4829 quidem
1083 4770 1158 4811 ex
1205 4751 1469 4829 virgine,
1521 4751 1734 4811 animo
1786 4758 1847 4810 et
1906 4770 2170 4830 corpore
2226 4772 2263 4812 a
2321 4755 2557 4832 Spiritu
2605 4761 3057 4832 prmpurgata;
3122 4773 3266 4814 nam
3326 4761 3391 4814 et
3456 4761 3849 4834 generatio-

381 4869 524 4910 nem
557 4850 796 4909 honore
851 4849 1040 4923 afﬁci,
1099 4855 1161 4909 et
1227 4849 1651 4926 virginitatem
1717 4849 1998 4927 praeferri
2055 4852 2473 4929 oportebat.»
2536 4852 2854 4929 Virginem
2913 4852 3197 4925 Mariam,
3257 4872 3401 4931 quae
3470 4857 3839 4918 Dominum

385 4950 673 5027 concepit
729 4956 790 5009 et
851 4949 1131 5028 peperit,
1216 4968 1338 5009 non
1396 4949 1586 5009 semel
1648 4955 1896 5017 θεοτόκον
1958 4976 1985 5009 π

2279 4951 2608 5029 appellans
2666 4950 2792 5030 (ἡ),
2879 4952 3219 5012 anathema
3280 4952 3448 5013 dixit
3537 4958 3852 5018 Nestorio

386 5048 749 5127 priusquam
812 5054 1209 5124 nasceretur,
1285 5048 1484 5125 iisque
1541 5047 1832 5107 omnibus
1890 5048 1996 5125 qui
2052 5047 2215 5107 banc
2282 5049 2691 5109 honorificam
2750 5048 3240 5127 appellationem
3300 5050 3519 5111 beatae
3589 5057 3854 5134 Virgini

381 5145 694 5205 adimunt.

460 5388 536 5455 (a)
577 5388 763 5439 Carm.
801 5383 875 5439 al.
911 5386 1032 5453 145,
1066 5402 1119 5437 ν.
1158 5385 1223 5437 13
1252 5389 1309 5439 et
1340 5400 1460 5453 seq.
2223 5390 2289 5451 (ε)
2332 5388 2429 5439 Or.
2463 5388 2519 5451 2,
2552 5402 2609 5439 n.
2645 5386 2737 5441 23.

464 5458 536 5539 (Ib)
578 5455 861 5539 QratLIiB,
901 5456 1083 5539 n_.n68,
1114 5458 1207 5510 69.

2229 5459 2305 5539 (Γ)
2342 5456 2590 5539 Sperat?
2634 5456 2862 5539 l._ii‘,‘c.‘
2888 5459 2975 5539 116,
3009 5474 3070 5528 p.

465 5527 537 5596 (ο)
575 5533 669 5583 0r.
706 5528 791 5596 14,
830 5544 887 5582 n.
924 5529 1009 5582 19.
2231 5532 2299 5599 (g)
2342 5528 2525 5599 Epist.
2562 5530 2586 5581 1
2622 5528 2694 5582 ad
2729 5526 3099 5599 Cledoniu'm,
3132 5526 3271 5583 olim
3301 5543 3386 5582 or.
3425 5529 3529 5585 51.

466 5599 539 5667 td)
580 5607 673 5654 Ur.
708 5600 795 5669 30,
831 5617 886 5654 u.
920 5602 973 5654 2.
2229 5598 2302 5669 (h)
2342 5598 2436 5653 0r.
2470 5600 2559 5663 35,
2594 5616 2650 5653 n.
2686 5601 2739 5654 4.
