4052 6276
262 314 359 373 109
660 310 663 317 ’
1268 301 1680 363 ΡΗΕΡΑΤΙΟ
1728 301 1862 361 GEI‘

2067 300 2185 358 QIS.
2213 333 2287 342 —
2318 301 2519 362 PARS
2562 302 2667 361 Ill.
3554 311 3667 371 110

1770 486 1859 545 De
1889 483 2135 563 angelis.

323 644 497 715 Quod
551 643 815 720 angelos
866 644 1129 719 spectat,
1184 638 1425 697 haerere
1474 637 1721 695 videtur
1771 634 2104 711 Gregorius
2154 635 2321 694 circa
2371 653 2587 695 eorum
2620 638 3022 713 creationem,
3060 648 3372 718 naturam,
3409 653 3667 722 statum,

259 750 310 803 et
336 742 545 802 varios
576 758 799 800 eorum
833 739 1087 798 ordines
1120 754 1132 794 :
1186 736 1247 795 in
1299 754 1372 794 ea
1416 742 1627 794 tamen
1674 751 1814 791 cum
1849 732 2128 810 antiquis
2165 733 2450 793 Patribus
2481 735 2710 794 Graecis
2741 737 2929 797 fuisse
2960 742 3270 801 sententia
3298 743 3567 817 videtur,
3603 754 3674 807 ut

258 841 529 901 crederet
560 844 709 899 ante
742 835 1051 896 mundum
1084 839 1325 901 creatos
1369 850 1501 892 esse
1551 830 1827 908 angelos.
1889 853 1919 883 «
1954 829 2034 909 (a)
2069 829 2373 900 Quoniam
2410 837 2618 891 autem
2669 832 2936 893 bonitati
2986 858 3013 889 ι)
3076 837 3301 898 divinae
3365 865 3394 896 «
3444 861 3674 922 nequa-

261 958 438 1017 quam
497 937 651 997 satis
702 940 840 995 erat
890 951 1003 992 sua
1048 931 1243 1010 ipsius
1289 930 1492 989 solum
1545 926 2074 1005 contemplatione
2128 927 2383 1004 moveri,
2437 928 2544 987 sed
2594 929 2830 989 bonum
2881 932 3147 993 diﬁundi
3204 954 3276 996 ac
3335 944 3673 1021 propagari

264 1036 607 1115 oportebat,
667 1039 737 1092 ut
782 1032 970 1110 plura
1018 1034 1241 1100 essent,
1295 1046 1436 1106 quae
1466 1026 1771 1086 beneficio
1804 1024 2222 1098 afﬁcerentur,
2273 1024 2336 1083 id
2385 1026 2549 1085 enim
2591 1046 2853 1087 summae
2887 1029 3183 1093 bonitatis
3213 1042 3368 1105 erat,
3398 1040 3675 1117 primum

271 1134 574 1211 angelicas
605 1138 667 1190 et
703 1130 990 1190 caelestes
1020 1127 1279 1186 virtutes
1311 1124 1609 1202 c'ogitavit
1647 1142 1659 1183 :
1710 1128 1899 1200 atque
1927 1121 2036 1181 illa
2063 1122 2358 1199 cogitatio
2390 1141 2548 1202 opus
2578 1132 2733 1199 erat,
2768 1127 2935 1204 quod
2969 1130 3172 1192 Verbo
3205 1135 3673 1212 conficiebatur,

267 1249 328 1290 ac
361 1230 605 1308 Spiritu
638 1226 1036 1305 explebatur.
1078 1227 1283 1301 Atque
1330 1223 1420 1282 ita
1461 1220 1720 1281 secundi
1749 1220 2112 1299 splendores
2142 1221 2454 1299 procreati
2484 1228 2650 1294 sunt,
2686 1224 2873 1300 primi
2904 1226 3253 1304 splendoris
3282 1231 3635 1297 administri
3662 1249 3676 1303 ;

268 1330 383 1389 sive
415 1327 845 1403 intelligentes
876 1322 1151 1401 spiritus,
1189 1321 1316 1380 sive
1344 1320 1553 1397 ignem
1596 1319 1766 1378 velut
1809 1318 2089 1377 materiae
2129 1323 2447 1395 expertem
2481 1324 2542 1378 et
2572 1319 3035 1399 incorporeum,
3072 1326 3199 1387 sive
3230 1329 3417 1390 aliam
3452 1353 3674 1411 quam-

265 1428 399 1485 dam
431 1431 732 1485 naturam
785 1440 896 1481 eos
944 1419 1302 1480 existimare
1332 1422 1666 1495 oportet.»
1720 1416 2167 1475 Verumtamen
2200 1416 2457 1492 angelos
2517 1441 2545 1471 «
2598 1417 2682 1497 (ὁ)
2730 1419 2995 1499 simplici
3054 1426 3326 1501 quadam
3386 1437 3675 1493 natura»

266 1523 581 1601 praeditos,
620 1527 681 1581 et
737 1544 766 1575 «
798 1536 993 1597 puras
1024 1524 1279 1577 naturas
1310 1538 1338 1572 »
1395 1514 1623 1574 sanxit.
1678 1537 1707 1569 «
1739 1514 1953 1591 Ignem
1986 1534 2014 1568 υ
2073 1531 2218 1572 vero
2248 1513 2417 1591 ipsos
2448 1523 2772 1595 nuncupat
2802 1518 2902 1597 (ο),
2948 1539 3072 1580 non
3105 1526 3272 1600 quod
3306 1544 3675 1606 corpoream

265 1619 681 1681 substantiam
719 1617 815 1676 vel
848 1615 1275 1675 tenuissimam
1329 1613 1416 1673 eis
1463 1612 1748 1690 afﬁngat,
1799 1611 1908 1671 sed
1956 1610 2038 1671 ob
2070 1629 2329 1671 munera
2361 1611 2590 1689 quibus
2634 1632 2785 1692 erga
2816 1636 2932 1676 nos
2976 1619 3344 1697 funguntur.
3384 1627 3484 1686 Sic
3513 1629 3679 1689 Deus

266 1744 291 1774 ς(
322 1718 485 1796 ignis
521 1740 551 1770 υ
608 1716 799 1775 etiam
830 1713 895 1772 in
924 1710 1262 1790 Scripturis
1291 1716 1572 1783 vocatur,
1608 1710 1705 1768 vel
1736 1708 1817 1767 ob
1850 1708 2106 1767 nimiam
2142 1708 2503 1785 puritatem,
2557 1711 2649 1769 vel
2702 1714 2782 1771 ob
2824 1714 3375 1791 ﬂagrantissimum
3418 1722 3680 1800 justitim

261 1816 537 1875 studium
594 1831 723 1892 quo
774 1816 1035 1891 peccata
1088 1808 1314 1882 exurit,
1366 1826 1595 1886 pravos
1642 1824 1848 1866 mores
1880 1806 2007 1865 sive
2036 1805 2456 1879 immutando,
2495 1807 2620 1867 sive
2652 1810 3007 1887 plectendo.
3041 1815 3145 1874 His
3177 1819 3399 1879 annuit
3427 1831 3682 1883 sanctus

262 1914 502 1985 doctor,
562 1916 627 1970 et
673 1906 1180 1987 interpretationi
1223 1904 1624 1982 suffragatur.
1689 1903 2041 1980 «Spiritus,
2096 1902 2303 1981 inquit
2346 1902 2453 1983 (α’),
2508 1912 2697 1983 atque
2752 1908 2914 1985 ignis
2971 1912 3230 1989 angelus
3284 1919 3679 1995 appellatur;

266 2012 434 2082 illud,
474 2009 632 2089 quia
658 2005 1009 2067 intellectili
1039 2008 1263 2064 natura
1292 2007 1384 2062 est
1416 2001 1736 2081 praeditus,
1772 2001 1912 2072 hoc,
1949 2000 2097 2079 quia
2129 2001 2471 2079 purgandis
2500 2005 2725 2064 animis
2772 2008 3000 2067 nostris
3048 2010 3423 2087 adhibetur;
3476 2037 3681 2095 quan-

266 2109 612 2189 doquidem
662 2104 966 2184 primaria
1008 2119 1259 2180 quoque
1310 2101 1420 2161 illa
1463 2099 1732 2160 essentia
1783 2098 1998 2178 (Deus)
2048 2098 2265 2157 iisdem
2318 2100 2675 2161 nominibus
2717 2102 2781 2161 in
2814 2105 3135 2183 Scriptura
3189 2121 3673 2191 nuncupatur.»

264 2209 523 2268 Videtur
553 2203 794 2265 alicubi
823 2201 901 2281 (e)
962 2200 1219 2279 angelos
1251 2204 1478 2258 natura
1506 2217 1619 2257 sua
1668 2196 1837 2256 omni
1868 2201 2125 2274 peccato
2156 2216 2410 2274 prorsus
2438 2199 2747 2260 immunes
2779 2202 3045 2280 opinari.
3085 2230 3114 2260 »
3170 2210 3475 2279 Quoniam
3511 2215 3684 2274 omni

268 2305 504 2383 peccati
558 2303 702 2362 labe
753 2318 990 2370 carere,
1049 2298 1160 2357 Dei
1214 2303 1326 2368 est,
1380 2296 1728 2375 primaeque
1777 2300 1838 2354 et
1883 2294 2317 2373 incompositae
2369 2304 2608 2358 naturae
2661 2299 3050 2379 (simplicitas
3096 2306 3259 2366 enim
3310 2318 3534 2386 pacata
3564 2320 3678 2389 est,

267 2410 446 2480 atque
480 2401 565 2461 ab
598 2398 773 2459 omni
803 2396 1060 2456 dissidio
1091 2395 1397 2473 remota);
1458 2393 1758 2453 audacter
1807 2392 1995 2452 etiam
2043 2392 2297 2466 addam,
2354 2400 2415 2453 et
2465 2397 2787 2473 angelicae,
2846 2417 2987 2477 quae
3047 2408 3157 2462 aut
3205 2424 3460 2482 prorsus
3504 2417 3684 2471 extra

266 2497 570 2577 peccandi
618 2496 823 2556 aleam
872 2498 989 2565 est,
1045 2498 1155 2551 aut
1201 2491 1282 2551 ad
1333 2496 1498 2551 certe
1556 2490 1636 2549 ob
1697 2508 1836 2550 eam
1896 2489 2454 2568 propinquitatem,
2507 2511 2694 2569 quam
2758 2495 2837 2554 ad
2887 2499 3083 2559 Deum
3130 2501 3342 2578 habet,
3397 2508 3680 2583 proxime

269 2597 526 2657 accedit.
564 2619 595 2649 υ
650 2594 882 2654 Verum
916 2590 1289 2650 sententiam
1322 2593 1435 2648 aut
1460 2594 1834 2665 temperare,
1868 2592 1980 2647 aut
2007 2588 2226 2647 saltem
2261 2590 2601 2667 explanare
2632 2595 3037 2671 sequentibus
3067 2598 3272 2661 dicere
3304 2602 3461 2663 nihil
3509 2612 3682 2667 vetat

273 2720 298 2750 α
328 2695 414 2774 (ff)
455 2693 663 2754 Gestit
690 2691 944 2769 quidem
978 2688 1224 2748 animus
1253 2687 1461 2747 dicere
1491 2687 1568 2746 ad
1602 2685 1837 2745 malum
1869 2685 2227 2745 immobiles
2260 2710 2288 2741 »
2340 2688 2621 2765 angelos,
2677 2714 2705 2745 «
2738 2697 2929 2769 atque
2978 2694 3058 2753 ad
3105 2696 3341 2758 bonum
3372 2702 3683 2765 duntaxat

272 2792 684 2871 agitationem
714 2788 1045 2859 habentes,
1081 2791 1297 2863 utpote
1328 2787 1522 2844 Deum
1555 2782 2053 2854 circumstantes,
2088 2802 2158 2843 ac
2202 2784 2498 2862 primario
2549 2787 2656 2846 Dei
2705 2789 2949 2868 fulgore
2991 2793 3411 2871 collucentes;
3465 2819 3678 2862 verum

270 2900 331 2951 ut
360 2909 489 2950 non
525 2887 790 2948 omnino
820 2883 1203 2953 immobiles,
1237 2882 1341 2941 sed
1378 2899 1543 2958 aegre
1576 2880 1836 2941 mobiles
1868 2881 2215 2940 existimem
2248 2900 2320 2941 ac
2352 2882 2583 2955 dicam,
2620 2884 2773 2944 mihi
2805 2890 3136 2964 persuadet
3184 2892 3288 2952 ille
3338 2895 3418 2954 ob
3468 2899 3678 2976 splen-

270 2989 477 3049 dorem
542 2984 814 3054 Lucifer,
872 2982 980 3060 qni
1028 2986 1286 3059 propter
1333 2978 1688 3058 superbiam
1742 2979 1967 3056 caligo,
2023 2986 2084 3037 et
2115 2979 2374 3038 effectus
2403 2986 2517 3052 est,
2553 2987 2614 3040 et
2643 2984 3028 3061 nominatur,
3088 3006 3160 3048 ac
3209 2989 3506 3069 subjectae
3560 2995 3681 3074 ipsi

265 3085 531 3144 rebelles
588 3085 952 3161 potestates,
1011 3096 1150 3155 quae
1213 3095 1327 3155 per
1382 3076 1530 3137 boni
1590 3077 1804 3153 fugam
1868 3076 2084 3135 vitium
2144 3075 2505 3149 effecerunt,
2556 3078 2838 3157 illudque
2894 3083 3075 3143 nobis
3131 3092 3600 3153 contraxerunt.
3645 3117 3675 3149 »

265 3182 543 3259 Angelos
575 3180 680 3239 hic
711 3176 983 3238 attendit
1013 3175 1230 3253 quales
1260 3179 1457 3247 erant,
1515 3173 1665 3233 dum
1724 3172 1800 3232 de
1857 3173 2069 3232 futura
2122 3173 2280 3233 forte
2332 3174 2540 3234 adhuc
2586 3175 2784 3250 inscii,
2838 3185 2900 3239 et
2948 3182 3224 3242 nondum
3257 3184 3320 3243 in
3352 3189 3683 3250 sanctitate

266 3277 673 3348 constabiliti,
708 3275 906 3334 libero
938 3276 1231 3351 poterant
1279 3270 1536 3330 arbitrio
1594 3290 1630 3329 a
1692 3270 1895 3348 prima
1945 3270 2253 3331 sententia
2303 3271 2367 3330 in
2415 3272 2603 3332 aliam
2662 3275 3017 3352 deflectere,
3051 3280 3195 3341 licet
3238 3284 3317 3342 ad
3369 3285 3677 3363 justitiam

269 3376 493 3437 mentis
524 3374 753 3433 aﬁ‘ectu
786 3376 938 3431 tunc
970 3369 1293 3449 proclives,
1330 3367 1749 3446 promptiores
1778 3368 1857 3427 ad
1889 3368 2125 3428 bonum
2160 3387 2347 3445 quam
2382 3368 2463 3429 ad
2504 3371 2737 3432 malum
2771 3381 2998 3436 essent.

348 3498 378 3527 α
434 3472 519 3552 (g)
583 3469 895 3548 Angelicae
956 3470 1294 3545 potestates
1349 3464 1575 3524 divinae
1634 3464 1976 3524 voluntatis
2035 3464 2335 3525 ministra
2390 3473 2578 3542 sunt,
2656 3471 3006 3550 roboreque
3064 3494 3189 3535 non
3249 3480 3435 3539 modo
3495 3488 3681 3543 natu—

272 3573 422 3643 rali,
486 3569 599 3629 sed
657 3568 844 3629 etiam
895 3563 1239 3624 adventitio
1298 3563 1567 3640 pollent,
1626 3562 1764 3622 loca
1821 3562 2034 3622 omnia
2090 3570 2466 3641 peragrant,
2526 3573 2659 3625 tum
2709 3569 2790 3628 ob
2850 3570 3177 3633 ministerii
3233 3579 3681 3656 promptitudi-

271 3688 451 3739 nem,
518 3674 651 3726 tum
714 3665 795 3724 ob
857 3673 1097 3723 naturae
1172 3661 1514 3720 levitatem.
1588 3660 1744 3719 Aliae
1802 3660 1992 3720 aliam
2054 3662 2396 3739 quamdam
2455 3663 2624 3723 orbis
2680 3673 2924 3743 partem
2990 3672 3534 3750 complectuntur,
3573 3686 3684 3738 aut

269 3774 433 3825 certe
494 3764 637 3824 aliis
692 3762 987 3840 quaedam
1046 3777 1192 3838 pars
1249 3757 1581 3817 commissa
1640 3766 1750 3829 est,
1804 3764 1875 3818 ut
1930 3758 2103 3817 novit
2159 3758 2265 3837 qui
2322 3760 2455 3820 haec
2501 3761 2815 3824 ordinavit
2862 3784 2933 3825 ac
2989 3768 3293 3829 distinxit.
3345 3773 3437 3831 Ad
3489 3794 3678 3835 unum

270 3882 475 3923 rerum
528 3861 811 3921 omnium
862 3856 1220 3918 Conditoris
1266 3862 1489 3915 nutum
1542 3855 1753 3915 omnia
1801 3854 1864 3915 in
1916 3875 2107 3916 unum
2153 3856 2453 3935 jungunt.
2514 3859 2765 3921 Divinas
2814 3863 3030 3923 laudes
3078 3874 3333 3939 canunt,
3390 3889 3462 3929 ac
3520 3891 3683 3932 sem-

267 3962 583 4040 piternam
614 3959 786 4018 illam
822 3957 1089 4032 gloriam
1123 3952 1499 4032 sempiterne
1530 3953 1876 4028 intuentur,
1909 3958 2026 4014 etc.
2063 3953 2144 4033 (Ιι)
2190 3954 2439 4015 Nobis»
2494 3956 2682 4016 etiam
2738 3982 2769 4013 «
2799 3960 2875 4019 ad
2923 3963 3163 4039 optima
3206 3983 3471 4045 quaeque
3509 3969 3683 4049 adju-

271 4066 480 4119 mento
524 4063 692 4117 sunt.
728 4078 757 4112 ι)

1255 4204 1345 4264 De
1373 4204 1571 4264 animu
1604 4203 1844 4283 ejusque
1873 4203 2318 4264 immortalitate
2344 4213 2404 4264 et
2442 4206 2693 4285 origine.

351 4381 641 4440 Animam
694 4397 771 4438 ex
820 4378 951 4435 Deo
1002 4380 1061 4433 et
1108 4372 1527 4433 immortalem
1576 4390 1709 4431 esse
1760 4372 1943 4432 docet
1989 4372 2056 4451 (ί)
2110 4393 2124 4433 :
2190 4394 2220 4430 α
2266 4373 2490 4433 Anima
2539 4393 2615 4434 ex
2664 4379 2790 4437 Deo
2821 4385 2935 4449 est,
2969 4387 3160 4459 atque
3190 4384 3423 4458 divina,
3466 4406 3685 4465 super-

282 4497 496 4555 neeqne
546 4474 896 4537 nobilitatis
945 4472 1280 4550 particeps,
1333 4470 1409 4529 ad
1461 4488 1727 4547 eamque
1797 4488 2189 4547 properans;
2253 4473 2500 4531 tametsi
2556 4473 2761 4535 viliori
2817 4477 3066 4538 interim
3126 4499 3201 4540 ac
3257 4483 3553 4544 deteriori
3607 4486 3687 4546 sit

284 4577 550 4634 astricta.
591 4620 629 4631 ..
684 4572 766 4651 ω
816 4574 905 4631 De
955 4569 1181 4628 animae
1234 4569 1435 4628 salute
1486 4567 1939 4646 periclitamur,
1997 4587 2139 4646 quae
2183 4567 2369 4629 beata
2415 4575 2477 4629 et
2522 4570 2896 4633 immortalis
2945 4582 3058 4648 est,
3110 4583 3301 4657 atque
3357 4581 3685 4642 immorta-

292 4667 465 4738 libus,
509 4670 604 4731 vel
652 4666 1006 4748 suppliciis,
1060 4665 1157 4725 vel
1208 4664 1521 4738 laudibus,
1569 4664 1648 4723 ob
1696 4663 1917 4724 vitium
1971 4670 2080 4724 aut
2128 4664 2423 4725 virtutem
2472 4667 2799 4729 afﬁcietur.
2836 4694 2865 4725 »
2928 4675 3163 4747 Patres,
3198 4677 3403 4736 carnis
3435 4684 3685 4740 tantum

297 4775 432 4827 sunt
470 4775 675 4847 patres
708 4787 722 4828 :

2160 4968 2170 4984 1

1034 4967 1190 5020 ὅσσον
1224 4965 1417 5059 signa:
1535 4966 1623 5019 καὶ
1655 4965 1885 5056 ἀτίματςς
1915 4986 1925 4996 ’
1963 4967 2289 5059 ἆμεῇοτὲρων
2326 4965 2419 5040 μὶν

1072 5038 1081 5059 ί
1265 5040 1274 5059 Ι
1328 5056 1361 5059 -.
1529 5044 1587 5059 ni
1632 5041 1658 5050 ~
1740 5058 1747 5059 κ
2008 5058 2013 5059 ,

844 5038 1220 5110 Ὀλλυμὲνωλη
1252 5034 1403 5110 φὶ)χή
1443 5034 1500 5089 δὲ
1527 5041 1661 5090 Θεοῦ
1691 5034 2117 5110 κ’ρατὲοντοέ-ἇὶη
2130 5034 2227 5109 μὰ,

860 5061 1015 5094 υΛΛυ
1066 5061 1220 5105 ενων,
1252 5061 1403 5110 ψυχη
1443 5061 1500 5089 οε
1527 5061 1661 5090 σεου
1691 5061 2015 5110 κρατεοντος
2048 5061 2227 5109 αημα,

842 5061 1104 5168 Ἔκτοξεν
1138 5094 1489 5183 εἷ’σπῖπῖρυσα
1519 5110 1656 5183 χοὸς
1684 5111 1908 5183 fleto-sc.
1943 5107 2104 5183 Οἶδεν
2139 5112 2166 5164 ὁ
2195 5110 2369 5183 μξξας,

842 5188 972 5245 Πῶς
1002 5182 1063 5235 τὸ
1093 5185 1307 5253 πρῶτον
1340 5178 1578 5251 ἔπνευάέ,
1609 5180 1697 5234 καὶ
1730 5181 1908 5235 εἰκόνα
1944 5181 2130 5254 μίξατο
2162 5178 2308 5257 γάίῃ.

843 4896 970 4987 Οὐχ
1002 4894 1134 4949 ὅλου
1162 4895 1471 4987 ἀνθρώτξοιο
1506 4895 1933 4987 βατζὴρακροτὸς,
1967 4896 2043 4987 ᾡς
2076 4895 2350 4984 ἶνέςπουσιν

843 4973 887 4987 In
912 4970 929 4987 Ἴ
991 4970 1002 4987 9
1039 4967 1063 4987 τ’
1302 4986 1309 4987 ί
1410 4986 1415 4987 ν
1454 4986 1467 4987 ί
1488 4986 1497 4987 ί
1920 4986 1923 4987 ⁷

843 4918 941 4955 U'J'
1002 4918 1134 4949 OAO'J
1162 4918 1471 4969 ανυρωποιο
1506 4918 1621 4968 ματη

840 4918 1002 5024 Ἀήδ
1034 4967 1190 5020 ὅσσον
1224 4965 1417 5024 σαθκός
1447 4986 1505 5017 τε
1535 4966 1621 5019 καὶ

362 5348 429 5416 ⁴ἴα)
466 5347 553 5403 Or.
589 5351 677 5417 38,
713 5366 772 5403 n.
808 5348 867 5399 9.

2118 5342 2189 5417 (Γ)
2229 5341 2325 5417 Qr.
2359 5343 2449 5417 3t},
2483 5360 2539 5397 n.

360 5413 425 5491 (tr)
463 5419 551 5476 0r.
583 5413 679 5489 3t,
712 5438 774 5474 n.
816 5420 901 5491 15.

2116 5416 2189 5491 (9)
2234 5413 2327 5491 9η
2360 5415 2451 5491 25}.
2486 5415 2665 5491 11-?!-

355 5484 415 5568 ξιξλὶ
454 5484 676 5568 ρτ,
714 5509 775 5546 n.
810 5490 901 5543 31.

2231 5484 2326 5568 9r.
2356 5486 2449 5568 f0,
2480 5487 2662 5568 n._§6.

350 5558 417 5629 (di
460 5565 605 5621 Ibid.
657 5558 668 5564 '
2118 5558 2177 5629 (ί)
2228 5558 2411 5629 ριξη2,
2444 5573 2503 5613 n.
2544 5558 2625 5612 17.

344 5626 405 5706 (θ)
446 5636 537 5693 Or.
575 5637 667 5704 40,
712 5651 775 5689 n.
810 5634 865 5686 7.

2116 5626 2186 5698 (j)
2227 5626 2399 5697 Ibid.,
2431 5643 2495 5694 ιι,
2523 5629 2613 5683 28.
