4052 6276
350 352 462 411 HI
1349 344 1765 408 PREFATIO
1813 345 2364 407 GENERALIS.—
2397 346 2596 409 PARS
2642 347 2749 407 IlI.
3637 349 3743 406 H2

989 480 1439 562 LaiNonltotius
1473 480 1731 562 hominis
1763 480 1937 561 homo
1967 485 2134 562 pater
2163 484 2269 544 est,
2307 485 2372 534 ut
2399 480 2512 562 dici
2545 482 2714 547 solet,

987 552 1362 633 'S‘ednta‘ntum.
1390 553 1591 633 carnis
1617 558 1672 606 et
1703 551 2035 633 sanguinis,
2071 568 2318 632 quorum
2353 559 2671 633 utrumque

987 623 1224 694 Peribit.
1258 623 1466 677 Anima
1499 628 1695 678 autem
1732 623 1829 678 Dei
1862 624 2282 694 omnipotentis
2315 623 2673 694 spiraculum
2707 628 2816 686 est,

994 693 1369 748 Extrinsecus
1402 695 1668 750 incidens
1701 693 1760 748 in
1795 693 2068 749 terrestre
2099 693 2468 766 ﬁgmentum.
2502 695 2672 749 Novit
2703 695 2800 765 qui
2833 693 3070 749 miscuit

995 767 1293 831 Quomodo
1327 767 1582 837 primum
1616 766 1857 832 afﬂavit,
1899 783 1964 820 ae
1995 767 2311 838 imaginem
2345 771 2510 822 terrea
2546 767 2805 822 miscuit.

1732 919 2050 978 Peccatum
2081 917 2391 996 originale.

436 1055 753 1134 Originale
783 1059 1112 1134 peccatum
1145 1052 1534 1130 apertissime
1564 1051 1895 1112 conﬁtetur
1927 1070 1939 1109 :
2005 1073 2033 1110 α
2063 1054 2258 1112 Totus
2288 1053 2505 1126 cecidi,
2543 1051 2747 1130 inquit
2781 1051 2886 1130 (b),
2936 1057 3125 1128 atque
3166 1050 3246 1109 ob
3280 1050 3464 1128 primi
3494 1050 3754 1110 hominis

355 1154 844 1215 inobedientiam
894 1159 955 1213 et
1004 1150 1239 1210 diaboli
1290 1151 1577 1211 fraudem
1627 1149 2082 1210 condemnatus
2112 1168 2405 1209 sum....
2442 1149 2517 1229 (ο)
2578 1149 3120 1221 Quemadmodum
3171 1148 3235 1207 in
3285 1148 3478 1208 veteri
3523 1149 3756 1208 Adamo

356 1253 586 1313 mortui
635 1269 873 1326 sumus,
924 1251 1012 1309 ita
1058 1250 1120 1308 in
1173 1249 1418 1308 Christo
1466 1247 1751 1307 vivamus
1779 1248 1860 1312 ³¹;
1911 1249 2060 1307 dum
2107 1249 2403 1308 nimirum
2459 1267 2600 1307 cum
2660 1247 2904 1307 Christo
2968 1253 3029 1307 et
3087 1247 3425 1321 nascimur,
3488 1251 3549 1306 et
3599 1246 3759 1308 cruci

356 1351 695 1428 afﬁgimur,
733 1356 793 1408 et
837 1348 1196 1426 sepelimur,
1232 1353 1292 1405 et
1336 1346 1739 1422 resurgimus.
1773 1345 2047 1406 Pulchra
2076 1347 2242 1405 enim
2288 1347 2350 1405 in
2391 1345 2772 1406 contrarium
2812 1347 3074 1405 mutatio
3109 1345 3261 1404 mihi
3293 1345 3619 1404 subeunda
3651 1351 3756 1417 est,

358 1457 424 1508 ut
456 1447 988 1527 quemadmodum
1023 1462 1098 1504 ex
1128 1442 1416 1504 secundis
1449 1444 1633 1502 rebus
1665 1443 1942 1503 molestae
1975 1447 2301 1515 venerunt,
2338 1443 2424 1502 sic
2470 1443 2655 1503 etiam
2708 1461 2785 1502 ex
2832 1442 3111 1503 molestis
3161 1442 3322 1502 laetae
3371 1449 3432 1501 et
3475 1443 3762 1518 jucunda:

356 1547 639 1606 redeant.
696 1569 723 1599 α
761 1543 879 1605 Ubi
909 1543 1074 1601 enim
1106 1540 1450 1601 abundavit
1493 1547 1842 1618 peccatum,
1878 1541 2410 1619 superabundavit
2439 1546 2500 1600 et
2530 1541 2734 1618 gratia
2763 1541 2841 1594 32:
2880 1565 2908 1596 ››
2962 1546 3022 1599 et
3063 1540 3113 1599 si
3145 1545 3367 1618 gustus
3398 1540 3765 1600 condemna-

358 1645 465 1716 vit,
497 1648 734 1721 quanto
767 1641 964 1718 magis
994 1640 1220 1699 Christi
1251 1639 1458 1716 passio
1480 1638 1851 1716 justiﬁcavit
1874 1640 1901 1696 ?
1933 1659 1959 1695 ι)
2017 1639 2248 1699 Locum
2283 1640 2450 1699 hunc
2481 1640 2810 1716 exscripsit
2841 1639 3228 1716 Augustinus
3270 1639 3313 1697 l.
3358 1653 3402 1698 1.
3448 1648 3600 1698 cont.
3643 1637 3763 1697 Jul.

359 1762 414 1802 c.
465 1745 525 1812 ὃ,
580 1759 638 1818 p.
695 1739 837 1810 505,
891 1745 1043 1797 tom.
1094 1738 1164 1796 X.
1217 1736 1552 1814 Triplicem
1603 1736 1996 1796 nativitatem
2039 1737 2396 1814 Gregorius,
2434 1737 2900 1814 Scripturarum
2935 1737 3334 1809 auctoritate,
3372 1743 3668 1796 numerat
3713 1741 3770 1795 et

361 1839 662 1908 decernit,
699 1855 965 1915 quarum
998 1836 1136 1895 duae
1187 1835 1423 1912 priores
1457 1835 1671 1894 vitium
1707 1835 1964 1912 originis
1994 1841 2224 1894 nostras
2256 1834 2623 1907 declarant;
2678 1853 2818 1894 cum
2873 1853 2994 1894 una
3045 1853 3184 1913 quae
3235 1835 3305 1893 ﬁt
3357 1854 3470 1913 per
3522 1852 3765 1913 corpus,

362 1937 601 1997 servilis
649 1936 729 1994 sit
778 1941 840 1994 et
884 1934 1255 2003 libidinosa;
1305 1933 1504 1991 altera
1533 1950 1673 2010 quae
1709 1951 1818 2010 per
1847 1933 2232 2011 baptismum
2266 1932 2444 1992 nobis
2488 1933 2824 2003 confertur,
2879 1934 3110 1993 malum
3159 1933 3380 2010 primae
3429 1933 3769 1993 nativitatis

363 2033 699 2111 depellere,
749 2040 809 2092 et
856 2034 1156 2092 damnum
1209 2031 1506 2091 resarcire
1558 2038 1956 2090 monstretur.
2021 2054 2051 2086 «
2083 2031 2165 2109 td)
2212 2031 2467 2108 Triplex
2508 2031 2850 2090 nativitatis
2881 2049 3077 2108 genus
3109 2032 3396 2108 agnoscit
3424 2031 3768 2109 Scriptura,

363 2131 634 2208 primum
670 2149 745 2190 ex
793 2129 1181 2208 corporibus,
1217 2129 1487 2188 alterum
1537 2147 1611 2188 ex
1661 2128 1996 2206 baptismo,
2035 2130 2288 2189 tertium
2321 2146 2395 2187 ex
2441 2129 2919 2188 resurrectione.
2955 2130 3189 2188 Horum
3224 2128 3500 2206 primum
3532 2134 3776 2188 noctur-

364 2247 513 2286 num
547 2234 608 2288 et
637 2245 883 2288 servum
919 2232 1030 2298 est,
1057 2245 1129 2286 ac
1160 2245 1300 2284 cum
1344 2225 1601 2285 libidine
1631 2228 2038 2302 conjunctum
2065 2242 2078 2284 :
2108 2227 2375 2286 alterum
2408 2227 2701 2285 diurnum
2736 2232 2796 2285 et
2827 2226 3114 2300 liberum,
3153 2244 3224 2284 ac
3255 2225 3774 2304 depellendarum

363 2326 727 2386 vitiosarum
763 2325 1164 2385 affectionum
1195 2324 1320 2383 vim
1353 2323 1613 2397 habens,
1651 2343 1835 2383 omne
1884 2324 1970 2394 id,
2004 2324 2173 2401 quod
2221 2341 2257 2383 a
2309 2324 2635 2383 nativitate
2667 2329 3059 2383 contractum
3092 2329 3202 2394 est,
3241 2323 3532 2383 velamen
3567 2341 3781 2400 ampu-

363 2430 522 2494 tans,
559 2429 621 2482 et
667 2423 748 2482 ad
798 2441 1135 2500 supernam
1184 2423 1377 2482 vitam
1424 2441 1538 2482 nos
1587 2440 1906 2492 revocans,
1949 2447 1963 2475 ι

2189 2429 2289 2495 τὴν
2319 2425 2429 2481 ἅνω
2464 2429 2606 2496 ζωὴν
2640 2427 2999 2502 ὲπανάγουσα.
3051 2421 3250 2480 Radix
3293 2426 3509 2481 tamen
3543 2420 3779 2500 peccati

363 2521 669 2580 exstincta
703 2520 949 2599 penitus
981 2539 1106 2580 non
1154 2527 1266 2579 est.
1323 2544 1350 2573 α
1386 2520 1663 2591 Utinam,
1696 2519 1902 2597 inquit
1933 2519 2028 2599 (ρ),
2083 2520 2361 2579 funditus
2401 2526 2615 2598 pereat
2643 2520 2888 2592 vitium,
2925 2525 2986 2579 et
3035 2521 3307 2598 primum
3342 2520 3516 2579 illius
3546 2537 3776 2589 semen,

363 2635 437 2676 ac
483 2636 718 2695 pravus
767 2617 898 2689 ille,
948 2617 1056 2694 qui
1103 2616 1558 2676 dormientibus
1605 2615 1784 2676 nobis
1831 2615 2066 2675 zizania
2114 2616 2849 2694 superseminavit83....
2914 2618 3058 2675 Haec
3105 2617 3287 2675 nobis
3327 2616 3574 2693 lignum
3629 2613 3783 2674 illud

364 2716 619 2785 invexit,
674 2720 735 2773 et
783 2733 1037 2773 amarus
1086 2732 1249 2786 esus,
1303 2723 1366 2773 et
1415 2713 1664 2772 invidus
1714 2731 1990 2790 serpens,
2044 2718 2106 2772 et
2152 2713 2252 2772 lex
2297 2714 2554 2787 violata,
2589 2733 2730 2792 quae
2763 2714 2945 2774 nobis
2972 2715 3135 2773 hanc
3167 2732 3424 2791 poenam
3461 2713 3782 2791 irrogavit,

371 2821 438 2873 ut
484 2814 547 2872 in
602 2812 806 2872 vultus
835 2813 1060 2871 sudore
1093 2811 1271 2871 nobis
1304 2811 1501 2870 victus
1552 2811 1632 2869 sit
1683 2811 2001 2888 parandus
2029 2810 2110 2868 3‘.
2148 2857 2160 2869 .
2193 2855 2207 2868 .
2259 2813 2305 2870 E
2356 2812 2646 2889 paradiso
2678 2811 2959 2889 dejectus
2991 2831 3152 2884 sum,
3187 2819 3382 2890 atque
3413 2814 3494 2872 ad
3527 2820 3783 2883 terram,

370 2932 447 2972 ex
489 2931 615 2991 qua
656 2919 1019 2990 assumptus
1067 2912 1332 2982 fueram,
1383 2929 1638 2969 aversus
1687 2928 1845 2978 sum,
1899 2910 1962 2968 id
2013 2929 2205 2969 unum
2259 2910 2625 2970 deliciarum
2677 2912 2812 2971 loco
2863 2911 3124 2984 habens,
3173 2912 3345 2989 quod
3398 2913 3791 2972 calamitates

377 3029 546 3070 meas
575 3010 859 3086 cognitas
907 3009 1223 3068 habeam:
1278 3015 1340 3066 et
1395 3026 1505 3085 pro
1555 3009 1783 3084 exigua
1833 3009 2178 3086 voluptate,
2235 3015 2538 3086 perpetuo
2579 3027 2848 3068 moerore
2879 3010 3217 3068 damnatus
3275 3027 3462 3083 sum;
3528 3027 3793 3088 eamque

377 3126 627 3188 pmnam
662 3108 891 3185 pendo,
948 3113 1015 3165 ut
1064 3106 1219 3166 mihi
1265 3125 1407 3165 cum
1458 3124 1530 3164 eo
1587 3107 1695 3182 qui
1744 3107 1906 3166 male
1959 3108 2022 3164 in
2072 3125 2273 3167 meam
2321 3108 2664 3167 amicitiam
2695 3108 2968 3185 irrepsit,
3012 3125 3083 3166 ac
3116 3125 3228 3185 per
3257 3109 3510 3168 arboris
3542 3115 3791 3186 gustum

375 3208 436 3264 in
477 3204 760 3264 fraudem
814 3222 910 3263 me
954 3203 1223 3275 induxit,
1255 3202 1489 3262 bellum
1543 3220 1755 3278 gerere
1809 3204 1888 3262 sit
1943 3221 2212 3263 necesse.
2268 3205 2422 3263 Hinc
2471 3206 2705 3264 factum
2756 3211 2850 3264 est
2900 3211 2968 3263 ut
3014 3205 3076 3263 in
3127 3206 3346 3265 labore
3399 3213 3464 3265 et
3515 3222 3799 3266 aerumna

376 3322 618 3375 nascar,
665 3307 727 3361 et
776 3302 1006 3370 vivam,
1059 3319 1132 3360 ac
1187 3301 1440 3360 moriar.
1491 3301 1646 3359 Hinc
1693 3301 2041 3377 indigentia
2087 3308 2238 3361 nata
2289 3309 2422 3375 est;
2479 3321 2554 3362 ex
2612 3302 2959 3380 indigentia
3006 3303 3319 3381 cupiditas
3370 3304 3676 3375 habendi,
3727 3321 3801 3362 ex

376 3401 718 3478 cupiditate
749 3399 936 3471 bella,
972 3418 1048 3457 ex
1096 3398 1276 3458 bellis
1323 3416 1512 3475 porro
1561 3399 1818 3472 tributa,
1855 3399 2085 3475 quibus
2136 3399 2199 3458 in
2250 3401 2462 3459 divina
2512 3401 3034 3461 condemnatione
3081 3400 3237 3460 nihil
3287 3402 3552 3478 gravius
3603 3407 3697 3462 est
3745 3406 3804 3459 et

373 3499 680 3558 acerbius.
741 3519 769 3553 »
862 3499 926 3556 S.
986 3496 1401 3572 Augustinus,
1465 3495 1749 3573 pluribus
1805 3497 1883 3555 ad
1942 3496 2436 3556 conﬁrmandam
2497 3498 2687 3557 ﬁdem
2747 3497 3125 3557 catholicam
3186 3499 3461 3575 prolatis
3522 3498 3804 3577 Gregorii

373 3597 765 3666 testimoniis,
797 3595 882 3654 sic
912 3594 1231 3654 Julianum
1266 3593 1610 3670 alloquitur
1639 3593 1710 3672 (f)
1744 3610 1758 3651 :
1819 3615 1846 3649 α
1880 3595 2003 3654 Sed
2054 3613 2176 3654 non
2231 3595 2343 3654 tibi
2393 3595 2588 3654 deerit
2639 3596 2852 3673 magni
2900 3595 3171 3655 nominis
3203 3602 3262 3655 et
3314 3598 3496 3658 fama
3526 3598 3807 3658 celeber—

372 3695 530 3755 rima
579 3694 836 3754 illustris
882 3693 1214 3769 episcopus
1261 3691 1450 3750 etiam
1500 3692 1575 3750 de
1624 3692 1908 3768 partibus
1949 3692 2238 3762 Orientis,
2274 3692 2452 3770 cujus
2483 3693 2735 3772 eloquia
2764 3693 3035 3769 ingentis
3069 3693 3290 3752 merito
3324 3695 3580 3770 gratiae,
3618 3696 3810 3755 etiam

370 3793 432 3851 in
485 3792 762 3868 linguam
814 3789 1095 3849 Latinam
1151 3787 1454 3847 translata
1485 3805 1935 3866 usquequaque
1968 3789 2351 3848 claruerunt.
2407 3791 2634 3849 Sedeat
2684 3808 2833 3867 ergo
2883 3808 3024 3848 cum
3079 3789 3209 3847 istis
3259 3792 3560 3866 patribus
3618 3792 3810 3852 etiam

370 3897 623 3950 sanctus
656 3888 1007 3965 Gregorius,
1061 3893 1124 3945 et
1175 3904 1315 3945 cum
1366 3886 1453 3944 eis
1504 3889 1625 3944 tuae
1675 3885 2130 3945 criminationis
2181 3885 2430 3946 inanem
2482 3887 2760 3964 patiatur
2811 3887 3159 3946 invidiam:
3216 3887 3367 3946 dum
3407 3895 3628 3948 tamen
3665 3906 3809 3948 cum

370 3990 457 4047 eis
509 3993 730 4046 contra
776 3985 1075 4045 novitiam
1128 3990 1364 4062 pestem
1416 3989 1707 4057 vestram,
1766 3983 2202 4043 medicinalem
2264 3986 2545 4062 proferat
2600 3991 2660 4044 et
2717 3985 2849 4061 ipse
2908 3985 3327 4043 sententiam.
3365 4031 3378 4043 .
3416 4032 3478 4044 ..
3547 3991 3645 4047 An
3699 3984 3814 4046 tibi

369 4104 564 4164 parva
611 4084 676 4142 in
725 4102 849 4142 uno
900 4081 1196 4158 Gregorio
1231 4081 1666 4160 episcoporum
1703 4081 2098 4141 orientalium
2133 4082 2384 4141 videtur
2415 4083 2803 4142 auctoritas?
2851 4083 2960 4140 Est
3001 4082 3250 4159 quidem
3287 4088 3476 4144 tanta
3508 4103 3812 4167 persona,

373 4192 438 4243 ut
493 4200 696 4259 neque
743 4180 847 4239 ille
900 4181 1017 4239 hoc
1065 4180 1183 4238 nisi
1233 4198 1308 4237 ex
1364 4179 1485 4238 fide
1533 4179 1887 4238 Christiana
1937 4180 2230 4239 omnibus
2280 4179 2607 4239 notissima
2659 4180 2916 4252 diceret,
2971 4198 3085 4238 nec
3133 4179 3222 4238 illi
3282 4199 3435 4240 eum
3489 4188 3626 4242 tam
3681 4182 3812 4242 cla-

369 4300 506 4340 rum
571 4279 876 4339 haberent
940 4284 1129 4355 atque
1195 4277 1658 4348 venerandum,
1737 4275 1855 4335 nisi
1927 4276 2062 4338 haec
2119 4275 2199 4336 ab
2256 4277 2363 4338 illo
2423 4277 2586 4337 dicta
2663 4297 2738 4338 ex
2811 4277 3038 4354 regula
3110 4277 3462 4339 notissimae
3526 4280 3817 4341 veritatis

369 4383 804 4457 agnoscerent.
841 4400 870 4429 »

1561 4489 1652 4550 De
1682 4491 1964 4568 baptismo
2005 4500 2062 4550 et
2102 4491 2572 4569 conﬁrmatione.

442 4651 832 4731 Baptismum
884 4651 1160 4731 appellat
1215 4676 1240 4705 α
1278 4651 1557 4710 omnium
1609 4651 1718 4710 Dei
1767 4651 2213 4712 beneﬁciorum
2273 4651 2829 4730 praeclarissimum
2892 4658 2952 4711 et
3010 4653 3618 4728 praestantissimum
3671 4656 3811 4735 (g):

361 4753 629 4823 Donum,
681 4750 884 4827 inquit
916 4749 1021 4830 (/2),
1074 4768 1392 4819 vocamus,
1449 4749 1734 4825 gratiam,
1789 4750 2194 4828 baptismum,
2251 4751 2630 4821 unctionem,
2685 4750 3235 4822 illuminationem,
3289 4751 3816 4832 incorruptionis

358 4848 818 4920 indumentum,
881 4847 1371 4924 regenerationis
1430 4847 1773 4918 lavacrum,
1836 4848 2145 4925 sigillum,
2208 4866 2281 4907 ac
2341 4847 2610 4923 denique
2669 4847 3187 4907 excellentissime
3247 4849 3483 4926 quovis
3545 4852 3814 4911 nomine

357 4945 791 5023 appellamus.
874 4948 1118 5005 Donum
1180 4944 1444 5017 dicitur,
1525 4944 1674 5021 quia
1729 4944 1846 5016 iis,
1925 4942 2033 5022 qui
2091 4945 2261 5024 prius
2319 4942 2477 5002 nihil
2534 4945 2977 5018 contulerunt,
3041 4945 3247 5005 datur.
3313 4947 3594 5018 Gratia,
3661 4950 3818 5027 quia

354 5043 542 5102 etiam
603 5043 993 5102 debentibus.
1077 5042 1476 5120 Baptismus,
1555 5041 1704 5118 quia
1770 5048 2099 5119 peccatum
2156 5041 2221 5100 in
2279 5060 2447 5118 aqua
2505 5042 2845 5118 sepelitur,
2930 5044 3196 5114 Unctio,
3277 5042 3436 5120 quia
3498 5064 3689 5107 sacer
3753 5052 3817 5106 et

422 5203 463 5236 ³¹
505 5201 523 5255 Ι
556 5206 680 5256 Cor.
708 5219 797 5270 xv,
827 5203 914 5255 22.
1003 5203 1048 5235 ³2
1082 5203 1246 5256 Rom.
1284 5219 1332 5254 ν.
1367 5202 1455 5253 20.
1544 5202 1588 5233 3'3
1625 5200 1832 5256 Matth.
1869 5219 1994 5268 x111,

1082 5203 1246 5256 Rom.
1284 5219 1332 5254 ν.
1367 5202 1455 5253 20.
1544 5202 1588 5233 3"
1625 5200 1832 5256 Matth.
1869 5219 1994 5268 x111,
2027 5202 2116 5257 25.
2205 5203 2251 5236 3‘
2281 5201 2423 5257 Gen.
2459 5219 2544 5272 ιιι,
2583 5203 2664 5255 19.

539 5377 1006 5503 (ὅῗνιξὸίιὲιΙθὶιέίί.
1044 5380 1224 5450 Virg.,
1258 5396 1310 5445 v,
1339 5376 1444 5430 393
1474 5382 1532 5431 et
1563 5393 1686 5448 seq.
2119 5453 2141 5504 ι
2187 5381 2260 5504 SE)
2303 5379 2359 5434 S.
2398 5383 2629 5450 August
2661 5421 2672 5443 ,
2719 5378 2756 5432 1.
2812 5397 2827 5432 1
2873 5388 3018 5433 cont.
3071 5379 3207 5444 Jul.,
3260 5391 3398 5447 pag.
3435 5377 3552 5433 504
3587 5385 3649 5436 et
3679 5383 3813 5448 505,

426 5492 504 5591 ξὲῐ
536 5492 639 5575 ὄιῖξ
666 5492 760 5584 ᾆὲἷ
791 5492 849 5575 ἐξ
883 5492 970 5575 if"

2123 5492 2159 5504 υ
2308 5522 2403 5575 Or.
2438 5522 2525 5588 40,
2561 5538 2616 5574 n.
2651 5521 2701 5574 3.

443 5593 524 5658 ((1)
568 5598 661 5646 ()r.
698 5594 784 5658 40,
820 5595 936 5649 n.2,
2189 5592 2268 5661 (h)
2314 5592 2478 5661 Ibid.,
2514 5610 2570 5646 ιι.
2605 5593 2660 5659 3,
2695 5594 2744 5646 4.

443 5664 517 5732 (θ)
562 5663 656 5718 0r.
706 5666 789 5733 19,
822 5667 975 5720 11.14.
