4052 6276
268 425 372 483 113
1278 426 1691 488 ΡῆλΕΡΑΤῙΟ
1738 427 2293 487 GENEBALIS.—-
2322 427 2521 488 PARS
2567 426 2675 487 IIl.
3560 432 3678 492 114

266 559 643 636 regius....
722 559 1149 637 Illuminatio,
1207 562 1359 640 quia
1414 560 1714 640 splendor
1768 568 1831 623 et
1886 561 2159 621 claritas.
2235 561 2725 634 Indumentum,
2784 562 2933 640 quia
3003 562 3365 641 ignominias
3438 572 3681 626 nostrae

268 658 546 718 velamen
607 663 724 730 est,
788 682 815 714 ι
879 665 998 719 etc.
1058 659 1338 721 Tandem
1398 660 1723 739 quodlibet
1780 666 2107 739 peccatum
2168 666 2398 737 purgat
2452 665 2515 718 et
2566 660 2890 738 abstergit.
2959 686 2989 717 «
3044 662 3128 741 (a)
3180 664 3325 723 Haec
3380 664 3684 743 baptismi

262 755 464 833 gratia
523 761 585 815 et
642 757 917 817 facultas
972 763 1102 831 est,
1164 777 1291 819 non
1346 758 1561 820 orbem
1622 765 1932 819 terrarum
1989 764 2057 818 ut
2112 757 2265 818 olim
2317 750 2635 830 obruens,
2699 759 2807 818 sed
2866 760 3354 838 uniuscujusque
3414 760 3685 823 hominis

263 859 590 931 peccatum
673 872 988 933 purgans,
1070 873 1301 934 easque
1366 855 1827 917 obstructiones
1884 855 1982 915 vel
2042 857 2361 926 maculas,
2442 874 2581 934 quae
2640 856 2791 916 vitio
2851 857 3348 933 contrahuntur,
3428 878 3684 938 prorsus

266 950 651 1029 abstergens.
686 975 718 1008 ››

338 1046 655 1108 Collatum
715 1067 754 1108 a
812 1048 987 1111 laicis
1042 1050 1356 1129 baptisma
1405 1051 1651 1112 irritum
1708 1050 1958 1113 videtur
2011 1050 2401 1111 existimasse
2460 1050 2793 1128 Gregorius
2846 1069 2860 1111 :
2931 1051 3152 1113 saltem
3209 1052 3420 1130 colligi
3476 1072 3552 1114 ex
3609 1070 3681 1115 eo

272 1151 466 1224 potest
518 1146 696 1223 quod
756 1155 972 1207 narrat
1025 1148 1103 1208 de
1158 1166 1255 1221 se,
1317 1166 1461 1209 cum
1518 1150 1802 1211 Caesarea
1858 1148 2188 1226 navigaret
2244 1149 2542 1210 Athenas.
2627 1170 2659 1207 (ς
2704 1149 2857 1209 Orta
2911 1149 3089 1227 gravi
3146 1154 3553 1228 tempestate,
3615 1152 3679 1212 in

270 1242 612 1320 periculum
664 1244 855 1306 miser
904 1263 1219 1318 veneram,
1268 1247 1474 1325 inquit
1502 1247 1612 1326 (ὑ),
1662 1265 1740 1306 ne
1786 1265 1911 1307 non
1957 1246 2240 1307 initiatus
2296 1265 2330 1307 e
2382 1246 2511 1306 vita
2561 1246 2966 1317 discederem,
3017 1246 3405 1324 spiritualem
3447 1266 3677 1326 aquam

266 1339 423 1398 inter
479 1340 778 1401 exitiosas
834 1349 896 1401 et
950 1344 1303 1404 mortiferas
1366 1344 1567 1403 undas
1620 1343 2028 1415 desiderans;
2092 1362 2164 1403 ac
2221 1343 2484 1421 proinde
2543 1343 2928 1419 clamabam,
2989 1343 3431 1415 obsecrabam,
3492 1346 3681 1408 breve

264 1436 584 1513 quoddam
652 1440 955 1517 temporis
1016 1441 1291 1518 spatium
1350 1441 1793 1519 exspectabam
1849 1459 1863 1498 :
1925 1440 2283 1501 clamabant
2333 1441 2524 1501 etiam
2587 1441 2653 1500 in
2701 1440 3028 1501 communi
3073 1441 3221 1502 licet
3273 1442 3411 1502 vitae
3462 1443 3683 1502 discri—

265 1534 450 1607 mine,
506 1534 617 1613 qui
659 1536 849 1596 simul
898 1538 1303 1617 navigabant.
1341 1560 1368 1595 »
1421 1538 1769 1599 Verebatur
1817 1539 2175 1616 Gregorius,
2210 1555 2288 1598 ne
2335 1538 2633 1615 baptismi
2677 1540 2884 1616 gratia
2934 1538 3286 1617 privaretur
3333 1541 3680 1602 remedium

262 1638 471 1690 tamen
533 1640 667 1692 erat
725 1635 845 1711 ipsi
906 1635 1219 1712 perfacile,
1285 1637 1335 1694 si
1391 1636 1807 1696 existimasset
1861 1654 2048 1696 manu
2112 1636 2252 1695 laici
2311 1636 2693 1714 baptismum
2751 1654 2930 1714 posse
2987 1637 3276 1697 conferri.
3328 1639 3466 1698 Non
3511 1638 3675 1699 enim

259 1729 520 1787 dubium
583 1731 734 1807 quin
795 1732 1004 1809 plures
1062 1740 1208 1793 tunc
1266 1733 1601 1805 adfuerint,
1660 1734 1878 1795 eadem
1937 1733 2058 1794 fide
2116 1734 2437 1793 informati
2486 1752 2499 1792 :
2568 1758 2594 1787 α
2646 1733 2721 1813 (c)
2770 1734 3012 1812 Quippe
3068 1752 3286 1794 omnes
3341 1735 3423 1795 ad
3479 1755 3671 1796 unum

259 1826 511 1885 ﬂetibus
554 1846 748 1905 genas
797 1830 1133 1907 rigabant;
1192 1830 1514 1909 iunctique
1562 1831 1876 1891 Christum
1927 1849 2076 1891 voce
2125 1831 2521 1909 gemebunda
2570 1831 2904 1891 vocabant.
2955 1854 2984 1885 »
3050 1832 3194 1892 Haec
3242 1837 3452 1892 tamen
3502 1833 3673 1912 apud

256 1941 396 1983 eum
459 1924 667 2003 legere
727 1934 842 1997 est,
904 1946 1044 2006 qua
1100 1929 1369 2006 primam
1435 1929 1809 1989 sententiam
1867 1929 2187 1989 inﬁrmare
2244 1928 2603 1989 viderentur
2655 1949 2667 1991 :
2736 1953 2766 1984 «
2815 1928 2898 2009 (d)
2955 1929 3168 2000 Quivis
3224 1929 3336 1990 tibi
3391 1930 3673 1991 initiator

255 2022 348 2092 sit,
415 2022 531 2100 qui
584 2024 773 2083 modo
828 2025 1043 2085 eadem
1091 2026 1213 2086 ﬁde
1268 2027 1643 2087 informatus
1688 2033 1799 2087 est.
1836 2051 1864 2081 »

333 2120 674 2181 Existimat
730 2128 986 2182 sanctus
1030 2124 1252 2184 doctor
1298 2123 1375 2203 (e)
1433 2142 1539 2184 eos
1590 2124 1721 2202 qui,
1774 2143 1897 2183 non
1948 2124 2201 2202 quidem
2253 2142 2364 2202 per
2411 2128 2865 2203 contemptum,
2926 2124 3006 2184 ad
3052 2124 3350 2203 baptismi
3398 2127 3666 2203 gratiam

258 2235 377 2277 non
435 2221 866 2295 pervenerint,
926 2220 1034 2281 sed
1091 2240 1297 2281 moras
1360 2221 1775 2301 producentes
1832 2227 1977 2281 ante
2034 2228 2393 2299 susceptum
2450 2221 2767 2299 baptisma
2828 2227 3025 2281 morte
3080 2223 3360 2300 corrupti
3414 2223 3666 2296 fuerint,

262 2336 287 2367 α
331 2313 605 2374 leviores
663 2334 885 2395 pmnas
942 2319 1221 2391 daturos,
1278 2324 1494 2396 utpote
1551 2318 1659 2396 qui
1710 2336 1836 2378 non
1889 2324 2014 2378 tam
2070 2319 2263 2378 animi
2311 2318 2642 2397 pravitate,
2692 2336 2882 2396 quam
2934 2317 3221 2391 stultitia,
3272 2337 3309 2378 a
3356 2319 3671 2397 baptismo

258 2411 631 2472 aberrarint.
667 2437 698 2468 »
752 2415 841 2473 De
892 2415 1122 2475 adultis
1166 2422 1224 2475 et
1273 2416 1642 2489 infantibus,
1693 2422 1952 2496 propter
1996 2416 2391 2495 inopinatum
2442 2421 2503 2476 et
2549 2416 2895 2476 violentum
2945 2434 3180 2489 casum,
3216 2435 3343 2477 non
3382 2424 3673 2497 suscepta

254 2508 547 2587 baptismi
599 2512 825 2588 gratia,
859 2514 1121 2572 mortuis
1168 2513 1304 2573 haec
1352 2513 1590 2573 habet:
1642 2537 1671 2568 «
1700 2512 1784 2594 (f)
1818 2514 2124 2573 Postremi
2171 2513 2466 2592 denique,
2497 2532 2612 2572 nec
2663 2512 2900 2573 caelesti
2938 2511 3160 2590 gloria,
3195 2532 3309 2573 nec
3348 2514 3670 2593 suppliciis

256 2624 287 2664 ιι
323 2608 501 2683 justo
548 2608 773 2668 Judice
819 2609 1190 2685 afficientur,
1257 2616 1475 2690 utpote
1536 2612 1643 2689 qui
1700 2610 1844 2672 licet
1899 2610 2129 2689 signati
2187 2629 2313 2670 non
2362 2610 2614 2681 fuerint,
2668 2610 3075 2688 improbitate
3122 2616 3333 2671 tamen
3383 2620 3661 2686 careant,

254 2710 433 2782 atque
481 2705 651 2766 hanc
698 2706 1007 2784 iacturam
1067 2709 1233 2787 passi
1291 2709 1501 2788 potius
1556 2708 1809 2781 fuerint,
1872 2726 2058 2786 quam
2118 2708 2397 2769 fecerint.
2448 2732 2476 2762 »
2538 2710 2682 2768 Haec
2736 2726 2885 2768 vero
2944 2726 3066 2767 non
3127 2708 3213 2767 sic
3270 2709 3656 2788 accipienda,

256 2803 425 2879 quasi
472 2806 794 2865 censuerit
841 2807 1173 2884 Gregorius
1220 2806 1540 2885 originalis
1587 2806 1829 2884 peccati
1874 2825 2093 2885 pmnas
2139 2806 2409 2866 infantes
2456 2824 2582 2866 non
2638 2806 2831 2866 luere.
2889 2808 3124 2866 Revera
3178 2807 3449 2867 infantes
3505 2827 3658 2886 sup-

256 2899 446 2977 pliciis
503 2921 633 2961 non
692 2903 1046 2964 afﬁcientur
1101 2905 1269 2983 quod
1326 2904 1640 2984 baptismo
1697 2904 2035 2975 caruerint,
2086 2905 2244 2965 sicut
2302 2922 2415 2964 nec
2472 2903 2694 2977 adulti,
2754 2904 2804 2964 si
2862 2903 3099 2964 desidia
3148 2904 3245 2964 vel
3293 2911 3657 2985 contemptu

256 2998 328 3057 ad
383 2998 775 3078 baptismum
835 3021 962 3062 non
1022 3003 1393 3063 accesserint
1454 3024 1466 3063 :
1551 3003 1858 3082 siquidem
1919 3002 2198 3062 defectus
2253 3002 2359 3061 ille
2416 3002 2813 3081 baptismatis
2872 3020 2998 3063 non
3056 3002 3141 3062 eis
3197 3002 3444 3062 crimini
3498 3006 3658 3066 verti

255 3103 477 3172 posset.
559 3099 810 3158 Interea
884 3100 1029 3160 licet
1076 3101 1275 3161 adulti
1325 3117 1445 3161 non
1515 3100 1858 3179 puniantur
1912 3100 1993 3161 ob
2041 3100 2340 3161 omissum
2395 3100 2730 3178 baptisma,
2787 3118 3005 3179 poenas
3049 3108 3256 3160 tamen
3334 3102 3659 3161 exsolvent

254 3191 326 3251 de
374 3198 649 3271 peccatis
694 3216 835 3274 quae
892 3198 955 3256 in
1012 3199 1141 3257 vita
1188 3204 1680 3277 perpetrsrunt;
1741 3198 1828 3257 sic
1887 3204 1949 3258 et
2003 3199 2273 3258 infantes
2328 3204 2553 3258 natura
2612 3197 2722 3258 filii
2780 3199 2887 3258 iraa
2944 3202 3002 3257 et
3061 3202 3318 3276 peccato
3366 3196 3659 3276 originali

251 3290 529 3364 obnoxii,
566 3294 789 3354 merito
822 3296 1193 3372 plectentur,
1234 3295 1453 3354 misere
1501 3313 1537 3354 a
1584 3298 1709 3355 Deo
1758 3296 1821 3354 in
1872 3300 2174 3355 aeternum
2224 3295 2479 3374 repulsi,
2522 3300 2590 3355 ut
2620 3295 2954 3373 Gregorius
2985 3294 3168 3355 docet
3203 3312 3215 3353 :
3276 3316 3304 3352 «
3337 3295 3423 3375 (g)
3455 3296 3664 3355 Homi-

253 3406 388 3448 nem
419 3391 664 3451 invidia
694 3392 953 3465 diaboli,
1002 3402 1188 3471 atque
1224 3394 1460 3453 acerbo
1511 3393 1751 3471 peccati
1797 3400 2003 3471 gustu,
2061 3412 2098 3453 a
2145 3396 2272 3455 Deo
2319 3393 2645 3454 conditore
2677 3396 2898 3454 misere
2929 3398 3289 3471 separatum
3321 3393 3657 3471 despicere,

253 3503 285 3544 a
328 3488 459 3547 Deo
511 3489 788 3549 alienum
842 3497 955 3550 est.
992 3516 1023 3545 »

322 3587 633 3647 Hortatur
688 3594 1004 3665 parentes,
1056 3594 1124 3648 ut
1176 3588 1522 3648 infantibus
1575 3588 1700 3649 suis
1750 3588 2131 3667 baptismum
2190 3588 2459 3648 conferri
2509 3594 2747 3660 curent,
2803 3594 2864 3649 et
2919 3606 3026 3647 eos
3074 3587 3153 3647 ab
3201 3587 3466 3648 infantia
3518 3606 3662 3649 san-

254 3681 529 3743 ctiﬁcari.
593 3708 623 3738 «
676 3683 759 3763 (Ia)
791 3686 1005 3746 Infans
1052 3685 1164 3745 tibi
1211 3686 1353 3745 est?
1406 3687 1494 3744 Ne
1544 3686 1949 3751 occasionem
1983 3685 2355 3765 improbitas
2411 3686 2718 3764 arripiat:
2772 3685 2850 3744 ab
2902 3684 3167 3744 infantia
3209 3684 3656 3761 sanctiﬁcetur,

254 3779 325 3837 ab
378 3780 535 3859 ipsis
594 3783 951 3861 unguiculis
1000 3787 1261 3862 Spiritui
1314 3791 1731 3847 consecretur.
1759 3785 1835 3843 At
1890 3789 2147 3862 propter
2201 3789 2441 3843 naturae
2499 3783 2992 3845 imbecillitatem
3046 3783 3324 3861 sigillum
3378 3783 3662 3843 metuis?

252 3878 445 3949 Quam
496 3880 829 3940 imbecillis
879 3882 1073 3942 animi
1123 3892 1322 3945 mater
1371 3903 1456 3956 es,
1501 3882 1870 3961 pusillaeque
1920 3882 2101 3941 fidei!
2159 3885 2336 3942 Anna
2389 3900 2532 3941 vero
2583 3882 2961 3956 Samuelem,
3008 3881 3179 3961 prius
3229 3881 3415 3941 etiam
3466 3898 3656 3957 quam

250 3985 615 4055 procreatus
672 3985 855 4052 esset,
910 3983 1037 4041 Deo
1096 3983 1286 4055 vovit,
1339 3987 1530 4059 atque
1581 3981 1643 4039 in
1704 3980 1905 4039 lucem
1956 3978 2160 4039 editus
2208 3980 2417 4039 statim
2468 3979 2856 4039 consecravit
2886 3979 2950 4032 ³³.
2984 4004 3013 4035 ››
3070 3981 3204 4039 Non
3254 3977 3387 4037 vult
3434 3996 3658 4056 pueros

252 4077 449 4155 prima
504 4083 690 4138 aetate
744 4078 1071 4157 baptizari,
1128 4080 1244 4139 nisi
1295 4079 1461 4158 quod
1511 4085 1732 4156 urgeat
1780 4078 2149 4156 periculum.
2216 4101 2244 4132 «
2297 4078 2361 4157 (ι)
2403 4079 2491 4137 De
2538 4076 2794 4155 reliquis
2841 4077 2929 4137 ita
2978 4094 3222 4147 censeo,
3275 4081 3341 4136 ut
3390 4076 3658 4138 triennio

251 4182 636 4256 exspectato,
672 4183 780 4236 aut
828 4177 1153 4254 aliquanto
1202 4177 1473 4238 breviori
1523 4177 1620 4237 vel
1666 4175 1937 4253 longiori
1986 4176 2286 4254 temporis
2326 4175 2528 4254 spatio
2570 4174 2737 4254 (nam
2771 4180 2928 4249 tum,
2963 4182 3026 4235 et
3074 4174 3316 4253 mystici
3358 4174 3657 4253 quiddam

252 4273 487 4347 audire,
551 4280 613 4333 et
672 4275 1049 4353 respondere
1103 4281 1381 4353 possunt,
1446 4294 1519 4335 ac
1576 4275 1626 4334 si
1684 4274 1890 4333 minus
1946 4275 2130 4355 plene
2184 4280 2245 4333 et
2302 4280 2519 4333 exacte
2574 4272 2958 4350 intelligunt,
3018 4273 3391 4332 imbuuntur
3448 4277 3660 4332 tamen

256 4378 309 4429 et
362 4372 832 4447 informantur),
892 4372 980 4432 ita
1037 4373 1313 4444 demum,
1375 4390 1606 4450 magno
1664 4371 2067 4450 perfectionis
2124 4378 2519 4431 sacramento
2579 4378 2640 4431 et
2698 4367 2940 4430 animas
2995 4376 3057 4431 et
3113 4388 3379 4448 corpora
3427 4369 3658 4430 sancti-

259 4467 476 4529 ﬁcent.
511 4517 524 4527 .
554 4517 565 4528 .
599 4515 612 4528 .
672 4470 753 4550 (j)
791 4473 1055 4549 Propter
1084 4471 1444 4548 inopinatos
1492 4476 1553 4530 et
1600 4470 1961 4548 repentinos
2011 4468 2432 4547 periculorum
2464 4470 2758 4547 impetus,
2794 4468 3027 4548 quique
3082 4466 3257 4527 nulla
3306 4486 3425 4546 ope
3471 4472 3661 4545 atque

261 4567 483 4627 auxilio
535 4568 891 4646 propulsari
940 4574 1195 4646 queant,
1248 4567 1499 4628 lavacro
1546 4566 1925 4627 communiri
1975 4566 2235 4627 omnino
2296 4566 2752 4626 conducibilius
2800 4571 2914 4627 est.
2946 4587 2975 4622 ι)
3041 4565 3353 4643 Objurgat
3399 4583 3504 4625 eos
3552 4564 3660 4642 qui

263 4661 632 4740 baptismum
666 4665 987 4738 differunt,
1022 4666 1449 4744 subvertitque
1478 4665 1722 4737 inanes,
1755 4683 1911 4743 quas
1940 4663 2321 4723 obstrudunt
2367 4681 2609 4723 causas.
2673 4686 2699 4721 (ε
2743 4662 2828 4743 (lc)
2872 4664 3071 4723 Omne
3119 4662 3233 4722 tibi
3283 4669 3530 4739 tempus
3578 4660 3659 4720 ad

268 4758 636 4821 ablutionem
693 4760 989 4821 idoneum
1052 4768 1182 4834 est,
1244 4761 1755 4840 quandoquidem
1820 4760 2060 4819 nullum
2120 4766 2368 4839 tempus
2426 4760 2645 4820 mortis
2717 4760 2993 4840 periculo
3066 4766 3271 4819 vacat.
3335 4783 3364 4813 »
3426 4758 3655 4817 Verum

271 4857 529 4918 solemne
586 4860 921 4937 baptisma,
984 4859 1049 4918 in
1106 4859 1523 4937 Cappadocia,
1585 4878 1709 4919 non
1761 4858 1876 4918 nisi
1927 4857 2145 4918 diebus
2197 4856 2477 4929 Paschas,
2528 4859 2923 4918 Pentecostes
2972 4864 3033 4917 et
3074 4856 3445 4935 Epiphaniae
3502 4873 3654 4915 con-

272 4953 589 5017 ferebatur.
648 4958 894 5017 Primus
953 4957 1288 5035 Gregorius
1345 4958 1468 5017 diei
1520 4956 1893 5035 Epiphaniae
1952 4955 2239 5017 meminit
2299 4973 2312 5013 :
2392 4954 2499 5014 sed
2566 4954 2629 5013 in
2689 4956 2938 5015 Oriente
3000 4974 3134 5014 mos
3192 4955 3304 5014 iste
3362 4953 3652 5031 vigebat.

272 5049 333 5127 (ἵ)
379 5054 721 5133 lmperante
778 5055 1169 5128 Justiniano,
1232 5074 1339 5115 rex
1393 5056 1804 5128 Herulorum,
1873 5053 2100 5114 Gethes
2157 5052 2445 5127 nomine,
2508 5053 3118 5131 Constantinopolim
3176 5052 3381 5124 venit,
3435 5058 3496 5111 et
3552 5051 3654 5111 die

337 5195 375 5231 ⁸⁵
407 5198 425 5251 Ι
452 5198 587 5269 Reg.
624 5214 662 5265 ι,
696 5200 782 5266 11,
812 5199 903 5254 28.

338 5324 401 5390 (a)
438 5322 526 5378 Or.
560 5326 647 5388 40,
681 5342 738 5378 n.
771 5325 825 5375 7.

2080 5320 2150 5390 (h)
2192 5318 2287 5373 Or.
2323 5319 2410 5383 4'),
2444 5336 2501 5373 n.
2538 5320 2622 5373 17.

340 5390 401 5463 lb)
439 5394 524 5450 0r.
560 5398 644 5463 18,
677 5414 736 5450 n.
768 5396 859 5449 31.
2076 5392 2137 5463 (ἰ)
2190 5390 2359 5463 Ibid.,
2392 5408 2449 5444 n.
2482 5391 2571 5444 28.

338 5462 395 5532 (ε)
432 5472 611 5523 Carm.
634 5462 731 5523 De
758 5469 874 5522 vita
902 5480 1027 5521 sua.
2076 5462 2142 5532 (j)
2185 5462 2356 5529 lbid.,
2389 5479 2447 5516 n.
2484 5463 2550 5515 16
2579 5465 2636 5515 et
2666 5476 2831 5532 seqq.

338 5480 378 5531 (ε
432 5480 611 5523 carm.
648 5480 731 5523 De
758 5480 874 5522 vita
902 5480 1027 5521 sua.
2128 5480 2142 5531 )
2185 5480 2356 5529 1010.,
2389 5480 2447 5516 n.
2484 5480 2550 5515 10
2579 5480 2636 5515 θι
2666 5482 2669 5512 :

430 5538 645 5615 40,
682 5556 741 5615 ηζ
760 5540 870 5615 A26.
2190 5533 2361 5615 ibid.”
2385 5551 2454 5615 Β.
2490 5534 2574 5587 13.

350 5602 395 5680 ε)
428 5610 589 5680 Ibid.,
624 5602 683 5667 ἡ.
715 5611 808 5665 23.
2016 5678 2038 5680 _
2067 5602 2135 5680 (ἱ)
2188 5604 2351 5680 Paul.
2385 5604 2565 5673 Diac.,
2600 5605 2766 5671 Hist.,
2810 5602 2849 5657 l.
2882 5620 2993 5674 xvr,
3026 5619 3160 5677 pag.
3192 5604 3318 5671 272,
3351 5606 3495 5658 tom.
3528 5602 3653 5657 XIII

345 5609 395 5685 ἐ)
428 5610 589 5694 Ibid,
624 5629 683 5667 n.
715 5611 808 5665 23.
2066 5609 2135 5730 il)
2188 5609 2329 5660 Paul

345 5683 394 5753 f)
430 5684 567 5738 lbld.
2011 5678 2071 5730 Bz
2112 5677 2148 5731 ι.
2183 5678 2337 5730 Patr.

326 5754 393 5824 {9)
429 5755 516 5811 Or.
548 5756 637 5823 39,
673 5772 733 5811 n.
769 5753 857 5809 13.
