4052 6276
368 428 484 486 115
1372 421 1792 482 PREFATIO
1845 422 1968 482 GEl

2149 419 2398 479 .LIS.-——
2432 420 2626 480 PARS
2671 422 2776 482 III.
3646 433 3749 493 116

366 560 735 638 Epiphaniae
812 556 1126 635 baptisma
1209 555 1512 632 suscepit,
1604 573 1676 614 ac
1758 574 1871 633 pro
1944 572 2120 613 sacro
2211 555 2380 612 fonte
2453 573 2714 632 sponsor
2797 556 2966 616 illius
3031 558 3166 636 ipse
3234 558 3349 619 fuit
3414 560 3751 638 imperator.

446 658 672 717 Foedus
732 675 872 715 cum
931 657 1057 714 Deo
1119 655 1177 711 in
1238 653 1615 730 baptismate
1675 657 2066 711 contractum
2122 650 2389 709 ﬁdeliter
2437 653 2811 711 servandum
2873 653 3055 714 docet
3114 657 3444 734 Gregorius
3494 657 3581 716 his
3635 679 3759 719 ver—

365 756 459 815 bis
493 757 620 834 (a):
678 780 708 810 ‹‹
742 753 910 814 Nihil
967 753 1136 810 aliud
1199 770 1329 810 esse
1388 750 1513 809 vim
1573 756 1634 809 et
1691 751 2057 809 facultatem
2111 749 2407 826 baptismi
2461 750 2822 809 existimare
2871 752 3190 826 debemus,
3247 773 3432 832 quam
3491 757 3757 816 secundae

363 854 506 913 vitae
555 871 626 912 ac
673 851 943 930 purioris
995 849 1238 908 vivendi
1290 848 1549 906 rationis
1598 853 1852 924 pactum
1904 865 2044 906 cum
2097 848 2223 905 Deo
2277 846 2525 905 initum.
2578 851 2667 906 Ac
2715 848 2978 925 proinde
3030 851 3127 910 vel
3182 852 3451 912 maximo
3491 853 3550 911 in
3607 861 3760 914 metu

365 969 581 1012 omnes
639 967 793 1018 esse,
845 955 1033 1026 atque
1081 945 1250 1004 omni
1303 944 1588 1003 custodia
1638 949 1882 1003 nostras
1932 943 2175 1003 animas
2231 961 2477 1002 servare
2527 943 2851 1018 debemus,
2901 965 2980 1005 ne
3038 948 3368 1008 mendacio
3428 949 3607 1009 ﬁdem
3663 970 3764 1028 pa-

365 1056 656 1125 ctumque
715 1047 978 1106 violasse
1038 1043 1523 1117 comperiamur.
1589 1045 1744 1102 Nam
1804 1061 1944 1100 cum
2006 1041 2086 1100 ad
2146 1046 2365 1100 mutua
2423 1041 2751 1101 hominum
2820 1050 3007 1120 pacta
3064 1044 3376 1104 ﬁrmanda
3431 1049 3587 1106 Deus
3641 1065 3761 1107 me-

364 1147 504 1205 dius
560 1145 846 1204 adhiberi
898 1143 1120 1214 soleat,
1180 1149 1508 1219 quantum,
1569 1159 1804 1218 quaeso,
1869 1139 2216 1217 periculum
2278 1145 2392 1206 est,
2454 1157 2530 1197 ne
2586 1139 2826 1199 foedera
2882 1159 3025 1200 cum
3085 1145 3215 1202 Deo
3283 1144 3416 1222 ipso
3469 1150 3772 1203 contracta

367 1243 736 1321 perfregisse
796 1242 1238 1319 reperiamur;
1321 1257 1435 1306 ac,
1495 1245 1729 1316 praeter
1781 1237 1904 1296 alia
1962 1243 2267 1315 peccata,
2343 1236 2541 1314 ipsius
2598 1255 2852 1315 quoque
2913 1240 3225 1299 mendacii
3284 1240 3449 1319 apud
3503 1241 3774 1300 Veritatis

364 1340 641 1399 tribunal
701 1339 789 1398 rei
845 1354 1220 1416 peregamur
1249 1335 1277 1392 ?
1320 1359 1350 1389 »

445 1440 532 1496 De
591 1435 1087 1496 conﬁrmationis
1135 1439 1530 1492 sacramento
1593 1432 1712 1491 hoc
1771 1449 1964 1490 unum
2026 1431 2088 1489 in
2147 1431 2393 1508 scriptis
2443 1431 2728 1507 Gregorii
2787 1433 3183 1510 reperimus:
3238 1433 3647 1493 necessarium
3695 1431 3769 1512 (ὸ)

368 1552 523 1610 esse,
585 1539 654 1592 ut
713 1532 972 1611 perfecti
1030 1532 1224 1590 simus
1282 1530 1642 1602 Christiani,
1707 1536 1968 1604 ἐπιζητεῖπ

2172 1555 2205 1594 »ς
2238 1535 2335 1601 τήν
2370 1533 2671 1588 τελείωσιν·
2726 1529 2802 1607 (c)
2862 1536 3051 1608 atque
3111 1537 3569 1591 sacramentum
3620 1531 3772 1590 istud

365 1633 426 1690 in
483 1632 736 1691 nomine
785 1629 1053 1709 Spiritus
1104 1628 1302 1688 sancti
1352 1627 1641 1687 conferri.

1807 1751 1892 1810 De
1921 1749 2340 1810 Eucharz’stia.

445 1881 623 1952 Quod
683 1877 1091 1939 Eucharistiae
1153 1881 1616 1935 sacramentum
1676 1880 1960 1953 spectat,
2041 1874 2271 1934 realem
2331 1875 2556 1934 Christi
2617 1875 2678 1934 in
2738 1875 3135 1936 Eucharistia
3196 1876 3597 1955 praesentiam
3656 1881 3772 1934 tam

367 1980 578 2038 multis
632 1983 693 2037 et
741 1982 868 2035 tam
926 1973 1269 2053 perspicuis
1317 1973 1690 2033 testimoniis
1739 1973 2026 2049 agnoscit
2080 1973 2434 2049 Gregorius,
2493 1979 2558 2031 ut
2615 1972 2858 2032 nullum
2918 1975 2994 2032 de
3052 1973 3188 2051 ejus
3249 1975 3373 2033 ﬁde
3432 1974 3596 2033 circa
3652 1993 3774 2052 my-

365 2078 622 2137 sterium
681 2075 846 2134 istud
907 2073 1165 2131 dubium
1221 2090 1352 2132 esse
1410 2072 1627 2148 possit.
1696 2096 1724 2126 «
1776 2073 1823 2132 Ο
1884 2070 1992 2130 Dei
2051 2071 2256 2130 cultor
2312 2070 2810 2141 sanctissime,»
2895 2071 3100 2148 inquit
3157 2071 3283 2152 (ά),
3349 2070 3775 2149 Amphilochio

365 2175 661 2244 scribens,
731 2197 760 2226 «
813 2189 891 2230 ne
943 2169 1254 2230 cuncteris
1301 2188 1480 2229 orare
1536 2176 1597 2228 et
1650 2168 2033 2228 intercedere
2090 2187 2204 2246 pro
2255 2169 2457 2240 nobis,
2516 2170 2768 2244 quando
2819 2169 2984 2227 dicto
3037 2169 3237 2228 allicis
3291 2169 3561 2229 Verbum
3623 2169 3771 2235 Dei;

367 2273 621 2352 quando
681 2271 1007 2328 incruenta
1065 2268 1339 2327 sectione
1393 2285 1620 2344 corpus
1675 2274 1737 2325 et
1802 2267 2169 2343 sanguinem
2245 2265 2640 2325 Dominicum
2717 2285 2935 2338 secas,
2998 2286 3211 2326 vocem
3290 2268 3598 2326 adhibens
3668 2285 3774 2344 pro

363 2371 660 2449 gladio.»
714 2368 792 2426 Et
841 2367 1125 2425 oratione
1175 2381 1292 2424 va
1345 2364 1432 2442 (n.
1469 2364 1614 2442 ‘19):
1679 2387 1704 2421 α
1736 2367 1882 2438 Lex,
1936 2364 2161 2441 inquit,
2222 2363 2578 2424 fulcientem
2627 2363 2923 2422 baculum
2974 2364 3092 2423 tibi
3141 2366 3516 2442 praescribit,
3562 2363 3772 2423 necubi

367 2467 581 2525 animo
635 2464 884 2535 titubes,
939 2463 1084 2520 dum
1135 2461 1505 2538 sanguinem
1553 2460 1684 2530 Dei,
1740 2466 1800 2518 et
1860 2461 2239 2538 passionem,
2295 2479 2366 2520 ac
2426 2466 2692 2520 mortem
2745 2462 2947 2532 audis,
2981 2479 3051 2520 ac
3107 2463 3254 2520 dum
3314 2462 3422 2521 Dei
3481 2468 3769 2540 patronus

365 2584 439 2624 ac
498 2564 788 2623 defensor
847 2561 1041 2619 videri
1099 2559 1314 2636 cupis,
1395 2558 1585 2635 impie
1645 2576 1920 2617 corruas.
1981 2558 2137 2628 Quin
2214 2558 2422 2635 potius
2480 2558 2612 2616 sine
2668 2559 2908 2635 pudore
2969 2577 3040 2618 ac
3098 2559 3493 2620 dubitatione
3553 2576 3766 2636 corpus

366 2659 501 2729 ede,
537 2657 905 2734 sanguinem
937 2656 1101 2727 bibe,
1156 2655 1205 2713 si
1254 2654 1442 2713 modo
1492 2654 1633 2711 vitae
1683 2653 1987 2712 desiderio
2029 2654 2276 2726 teneris,
2315 2672 2430 2713 nec
2475 2654 2867 2713 sermonibus
2899 2655 2975 2714 de
3008 2674 3193 2715 carne
3226 2656 3417 2715 ﬁdem
3451 2656 3770 2732 abrogans,

364 2775 477 2817 nec
527 2756 605 2815 ad
656 2773 784 2825 eos,
841 2754 948 2832 qui
995 2754 1070 2812 de
1118 2752 1409 2830 passione
1459 2751 1793 2822 habentur,
1844 2751 2219 2829 impingens.
2275 2752 2531 2810 Innixus
2579 2759 2697 2818 sta,
2751 2753 2967 2812 ﬁrmus
3025 2759 3086 2813 et
3142 2754 3410 2827 stabilis,
3466 2760 3651 2832 atque
3694 2752 3776 2810 ita

368 2859 790 2932 comparatus,
853 2859 920 2911 ut
977 2851 1153 2910 nulla
1212 2851 1272 2908 in
1333 2869 1397 2908 re
1455 2849 1758 2928 quatiaris
1811 2849 1890 2908 ab
1944 2849 2340 2922 adversariis,
2398 2869 2512 2910 nec
2570 2850 2902 2909 verborum
2963 2851 3176 2929 lepore
3230 2859 3424 2931 atque
3482 2849 3778 2911 illecebris

373 2943 725 3030 abripiaris.
762 2973 789 3007 ››

448 3050 518 3108 In
577 3045 986 3106 Eucharistiae
1047 3044 1517 3106 consecratione
1576 3062 1791 3102 verum
1853 3044 2138 3120 agnoscit
2195 3044 2608 3117 sacriﬁcium,
2678 3065 2818 3104 cum
2880 3047 2965 3104 ait
3024 3046 3355 3124 episcopos
3415 3055 3477 3107 et
3534 3045 3780 3125 presby-

372 3154 536 3207 teros
567 3147 930 3204 incruentas
964 3143 1200 3202 hostias
1249 3141 1495 3212 oﬁ'erre,
1553 3147 1742 3218 atque
1791 3141 2014 3201 altaria
2067 3149 2279 3201 nostra
2335 3142 2422 3202 ita
2481 3143 2808 3220 appellari,
2865 3145 3032 3220 quod
3091 3163 3278 3221 super
3337 3164 3411 3205 ea
3467 3145 3783 3204 incruenta

372 3243 679 3303 sacriﬁcia
735 3241 1138 3300 oﬁerantur:
1199 3264 1227 3293 ‹‹
1279 3238 1349 3316 (e)
1416 3241 1462 3298 Ο
1521 3239 1895 3311 sacerdotes,
1958 3239 2065 3315 qui
2128 3240 2363 3298 hostias
2424 3241 2778 3299 incruentas
2835 3242 3143 3301 oﬁ‘ertis...
3208 3241 3295 3321 (f)
3360 3246 3407 3303 Ο
3471 3261 3696 3320 genua,
3750 3257 3783 3297 ο

370 3340 622 3418 palmae,
688 3337 1036 3415 purissimis
1098 3340 1292 3395 Deum
1351 3355 1491 3413 quae
1550 3336 1898 3413 placabatis
1957 3336 2218 3408 hostiis,
2278 3338 2576 3400 Carterii.
2641 3339 2958 3414 quomodo
3017 3340 3366 3398 cessastis?
3425 3363 3453 3397 ››
3537 3342 3784 3415 Magnas

369 3437 634 3495 virtutes
692 3435 755 3492 in
817 3452 889 3492 eo
943 3434 1226 3510 requirit,
1281 3435 1389 3509 qui
1440 3433 1813 3491 sacriﬁcium
1865 3432 2028 3492 istud
2082 3434 2161 3492 ad
2219 3434 2417 3493 altare
2466 3453 2804 3512 supernum
2858 3436 3250 3500 transmittit,
3306 3437 3417 3514 qui
3467 3445 3782 3495 externum

369 3531 770 3601 sacriﬁcium,
826 3531 980 3588 illud
1041 3548 1415 3607 magnorum
1469 3529 1906 3607 mysteriorum
1941 3531 2319 3608 antitypum,
2372 3532 2574 3590 offert.
2639 3531 2780 3610 «(9)
2830 3533 2962 3601 Quo
3017 3533 3268 3591 tandem
3337 3535 3527 3593 modo
3587 3539 3784 3591 exter—

370 3649 518 3690 num
574 3629 728 3688 illud
779 3627 1228 3687 sacriﬁcium...
1293 3630 1419 3686 Deo
1468 3627 1692 3686 offerre
1745 3627 2065 3695 auderem,
2120 3634 2228 3688 aut
2287 3647 2411 3705 quo
2472 3631 2657 3688 modo
2708 3630 3047 3688 sacerdotis
3099 3630 3388 3690 habitum
3450 3637 3513 3691 et
3567 3646 3785 3690 nomen

368 3728 598 3798 subire,
634 3726 999 3805 priusquam
1044 3724 1276 3784 sanctis
1325 3724 1620 3802 operibus
1680 3743 1899 3784 manus
1948 3725 2434 3803 puriﬁcassem?
2485 3751 2513 3780 ››
2577 3760 2651 3770 —
2716 3729 2894 3785 «Per
2950 3733 3275 3787 externum
3330 3737 3546 3788 autem
3598 3726 3787 3786 sacri-

368 3826 603 3897 ﬁcium,
657 3823 832 3895 illud,
891 3823 1056 3900 quod
1120 3841 1230 3900 per
1279 3840 1504 3900 panem
1556 3829 1616 3881 et
1664 3822 1874 3881 vinum
1930 3823 2270 3902 peragitur,
2324 3824 2619 3902 intelligit
2668 3825 3022 3901 Gregorius,
3059 3844 3198 3902 quae
3231 3826 3491 3902 quidem
3525 3826 3585 3884 in
3619 3841 3790 3883 sacra

372 3942 585 3983 mensa
635 3921 980 4000 proposita,
1037 3938 1148 3998 per
1205 3920 1585 3979 ineffabilem
1648 3921 1988 3997 quamdam
2040 3922 2492 3998 omnipotentis
2541 3923 2649 3981 Dei
2700 3923 2820 3980 vim
2881 3928 2942 3981 et
2998 3922 3388 3994 facultatem,
3445 3923 3508 3982 in
3566 3917 3788 3980 Christi

375 4040 603 4099 corpus
633 4027 692 4080 et
722 4019 1092 4096 sanguinem
1126 4037 1269 4077 vere
1320 4025 1861 4077 commutantur...
1917 4020 2041 4079 Nec
2094 4036 2262 4088 vero,
2318 4019 2466 4096 quin
2522 4020 2637 4078 hoc
2687 4038 2901 4079 verum
2952 4020 3050 4094 sit,
3104 4020 3233 4079 ullo
3283 4027 3473 4098 pacto
3525 4018 3793 4093 ambige,

376 4138 517 4179 cum
551 4118 682 4196 ipse
713 4124 926 4195 aperte
958 4117 1146 4188 dicat,
1214 4142 1240 4171 ‹‹
1295 4118 1425 4175 Hoc
1485 4122 1578 4176 est
1630 4135 1855 4194 corpus
1891 4135 2117 4188 meum,
2157 4139 2183 4173 ι)
2251 4124 2311 4176 et
2376 4143 2403 4170 «
2438 4118 2545 4176 Hic
2597 4123 2688 4176 est
2718 4119 2970 4194 sanguis
3008 4136 3178 4176 meus
3211 4118 3272 4166 ³⁸.
3311 4143 3340 4171 ››
3399 4118 3560 4190 Quin
3594 4115 3796 4194 potius

376 4213 720 4276 Salvatoris
750 4232 1102 4272 sermonem
1160 4213 1280 4272 ﬁde
1328 4213 1558 4291 accipe.
1627 4216 1780 4272 Nam
1839 4232 1982 4272 cum
2031 4232 2214 4272 verus
2265 4215 2363 4286 sit,
2422 4215 2677 4274 minime
2712 4215 3097 4274 mentitur.»
3161 4219 3306 4275 Haec
3342 4217 3511 4276 Elias
3543 4214 3705 4273 Cret.
3737 4211 3798 4269 in

376 4318 547 4374 Orat.
584 4311 665 4370 al.
705 4315 759 4380 1,
795 4329 961 4368 nunc
991 4313 1049 4379 2,
1089 4318 1242 4368 tom.
1279 4311 1352 4378 Il,
1389 4309 1556 4387 apud
1588 4309 1727 4368 Bill.
1765 4327 1827 4386 p.
1863 4310 2000 4379 200,
2030 4311 2169 4369 201.

456 4412 571 4468 Per
627 4409 1024 4467 incruentum
1084 4407 1202 4466 hoc
1260 4408 1656 4472 sacriﬁcium.
1722 4425 1835 4465 nos
1893 4407 2120 4466 Christi
2177 4409 2512 4485 participes
2563 4409 2725 4467 efﬁci
2781 4409 2963 4468 docet
3019 4410 3353 4487 Gregorius
3405 4409 3536 4488 (li):
3607 4432 3636 4462 «
3688 4409 3802 4465 Per

374 4508 542 4587 quod
599 4506 1032 4583 (incruentum
1094 4504 1508 4582 sacriﬁcium)
1565 4523 1677 4562 nos
1731 4505 1975 4562 Christo
2035 4505 2355 4582 ipsiusque
2416 4507 2810 4582 passionibus
2867 4514 2929 4565 et
2987 4508 3300 4566 divinitati
3360 4505 3795 4567 communica-

377 4624 539 4666 mus.
593 4627 619 4660 υ
704 4604 864 4662 Sunt
920 4602 1044 4661 alia
1104 4602 1386 4678 Gregorii
1445 4602 1659 4672 verba,
1719 4621 1795 4660 ex
1852 4602 2101 4679 quibus,
2188 4609 2253 4660 ut
2311 4603 2599 4662 observat
2659 4605 3035 4663 Muratorius
3093 4605 3186 4683 (τ’),
3247 4605 3506 4681 probari
3569 4607 3793 4681 potest,

382 4703 551 4780 apud
609 4707 849 4759 veteres
905 4699 1211 4758 sacriﬁcia
1271 4705 1332 4757 et
1408 4717 1622 4776 preces
1693 4717 1808 4776 pro
1863 4699 1938 4757 iis
1992 4699 2099 4776 qui
2154 4699 2552 4759 decesserunt
2607 4701 2667 4758 in
2729 4703 2908 4777 signo
2967 4702 3152 4771 ﬁdei,
3235 4708 3296 4760 et
3353 4702 3686 4760 dormiunt
3739 4699 3800 4756 in

381 4819 602 4860 somno
662 4798 854 4876 pacis,
911 4798 1226 4874 viguisse;
1289 4798 1374 4855 sic
1433 4798 1596 4855 enim
1651 4797 1713 4854 in
1767 4796 2087 4874 epitaphio
2140 4815 2328 4858 cxvm
2379 4797 2619 4857 inducit
2652 4805 2930 4858 mortuos
2963 4799 3327 4876 Gregorium
3394 4806 3458 4858 et
3514 4802 3801 4859 Nonnam

381 4899 708 4975 loquentes
770 4915 783 4954 :
867 4920 892 4948 ι
948 4898 1071 4954 Nos
1130 4895 1214 4972 pii
1273 4901 1563 4971 parentes
1623 4895 1945 4970 Gregorii,
2025 4895 2134 4971 qui
2189 4902 2250 4953 et
2307 4902 2689 4954 senectutem
2751 4896 2976 4954 redidit
3035 4896 3162 4955 suis
3219 4895 3548 4955 laboribus
3607 4897 3799 4954 levem

384 5001 684 5064 nostram,
745 5001 804 5052 et
864 5010 1028 5051 nunc
1089 4991 1489 5069 prosequitur
1544 5010 1659 5050 nos
1715 4992 1978 5051 sacriﬁci

2223 5000 2311 5052 καὶ
2343 5004 2431 5052 νῦν
2465 4999 2722 5076 ἀμφέπει
2755 5000 2981 5061 θυσίαις.
3037 4997 3158 5053 Nec
3221 4993 3429 5052 minus
3489 4993 3806 5052 oblatione

386 5090 674 5151 sacriﬁcii
706 5109 905 5167 aegros
953 5107 1028 5148 ex
1081 5090 1299 5148 morbo
1334 5096 1643 5148 recreatos
1691 5091 1909 5148 asserit
1959 5095 2019 5148 et
2068 5097 2476 5167 repraesentat
2507 5099 2758 5150 sanctus
2790 5092 3032 5151 doctor.
3068 5093 3136 5150 In
3169 5090 3537 5168 exemplum
3575 5090 3809 5169 profert

387 5195 626 5268 patrem
685 5206 867 5246 suum
928 5186 1318 5264 Gregorium,
1383 5204 1496 5245 nec
1554 5206 1676 5246 non
1740 5188 2117 5263 Gergouiam
2177 5206 2454 5247 sororem
2516 5207 2716 5261 suam,
2778 5207 3048 5266 quorum
3107 5189 3266 5248 alter
3323 5207 3334 5246 :
3435 5212 3467 5242 ‹‹
3511 5187 3597 5266 (j)
3655 5183 3809 5245 Illud

457 5313 501 5346 ⁸⁸
534 5311 738 5366 Matth.
771 5328 923 5380 XXVI,
956 5311 1046 5380 26,
1079 5311 1168 5376 ‘28,
1201 5314 1257 5365 et
1287 5309 1447 5364 alibi.

464 5439 532 5507 (α)
573 5436 668 5490 Or.
702 5437 792 5501 40,
825 5454 881 5489 η.
918 5437 969 5489 8.
2222 5439 2235 5505 (

466 5509 538 5578 (b)
581 5511 671 5561 0r.
705 5508 793 5573 34,
830 5524 886 5560 η.
924 5508 1010 5560 14.
2225 5513 2237 5575 (

472 5579 542 5649 to)
583 5578 677 5632 Or.
711 5579 799 5647 33,
834 5596 892 5632 n.
930 5580 1013 5632 17.
2223 5581 2237 5649 (

468 5651 544 5720 (d)
586 5649 766 5720 Epist.
800 5649 875 5704 al.
909 5650 1035 5702 240.

800 5649 875 5704 al.
909 5650 1035 5702 240.
2228 5653 2285 5720 (ἱ)
2337 5652 2373 5703 Α

468 5723 539 5794 (ε)
578 5721 767 5777 Carm.
803 5720 878 5776 al.
915 5722 1000 5792 11,
1032 5738 1085 5775 v.
1121 5722 1170 5774 1.
2227 5720 2297 5792 (1‘)
2339 5721 2433 5776 Or.
2470 5723 2556 5788 18,
2590 5740 2646 5776 n.
2681 5723 2770 5778 38.

2393 5597 2437 5633 r.
2474 5551 2524 5633 4’.
2561 5597 2617 5633 ιι.
2650 5581 2738 5633 52.
