4052 6276
226 442 331 501 117
1227 437 1643 499 PRJEFATIO
1689 441 1732 498 Ο
1742 440 1826 498 EF

2046 440 2153 499 .IS.
2178 471 2255 484 —-
2282 439 2484 499 PARS
2528 439 2636 499 Ill.
3527 445 3646 505 118

227 575 473 653 quidem
536 590 678 631 cum
738 572 879 631 aliis
939 571 1299 631 hominibus
1356 590 1688 632 commune
1746 572 1991 644 habuit,
2048 572 2219 650 quod
2279 577 2661 650 aegrotaret;
2725 572 2844 633 hoc
2892 579 3102 634 autem
3134 593 3261 635 non
3290 576 3439 637 item
3472 596 3643 638 com-

227 691 429 745 mune,
492 672 602 731 sed
664 670 1008 730 admodum
1071 670 1404 749 peculiare,
1462 670 1724 748 aliisque
1784 670 2103 729 miraculis
2159 678 2675 730 consentaneum.
2733 674 2888 731 Nam
2952 691 3095 732 cum
3156 693 3479 752 nunquam
3539 676 3645 737 do-

224 772 344 832 lore
403 788 532 829 non
598 775 1014 847 premeretur,
1073 776 1131 827 ct
1184 769 1438 846 quidem
1499 786 1780 846 persape
1839 768 2101 846 singulis
2158 768 2401 841 diebus,
2454 775 2644 846 atque
2702 770 3016 830 interdum
3075 774 3264 831 etiam
3324 773 3519 844 horis,
3567 792 3644 833 ex

226 870 349 929 sola
402 868 665 945 liturgia
715 867 909 926 robur
959 865 1374 943 concipiebat,
1426 884 1498 925 ac
1564 865 1836 936 morbus,
1890 870 2189 943 tanquam
2242 884 2317 925 ex
2378 867 2583 925 edicto
2642 874 2701 925 et
2757 867 3020 945 imperio
3069 870 3343 946 fugatus,
3394 887 3459 929 se
3507 871 3646 930 sub-

228 966 565 1025 ducebat...
620 962 703 1043 (a)
766 963 883 1021 Illa
942 981 1086 1022 vero
1142 962 1505 1041 (Gorgonia)
1563 981 1703 1022 cum
1764 969 1956 1041 caput
2012 982 2191 1022 suum
2248 963 2383 1041 pari
2435 982 2575 1023 cum
2610 965 2903 1037 clamore,
2940 966 3383 1045 lacrymisque,
3419 966 3647 1045 quibus

233 1062 610 1132 abundabat,
668 1060 1056 1119 muliercula
1110 1060 1275 1119 illius
1322 1062 1543 1135 instar,
1594 1078 1734 1137 qua
1784 1060 1935 1119 olim
1988 1060 2215 1120 Christi
2263 1062 2454 1138 pedes
2502 1061 2752 1137 rigavit,
2787 1062 2971 1121 altari
3000 1064 3404 1136 admovisset,
3439 1083 3552 1124 nec
3582 1083 3647 1124 se

234 1160 394 1237 prius
446 1159 607 1217 illud
667 1158 1065 1216 dimissuram
1125 1176 1256 1216 esse
1312 1157 1761 1229 denuntiasset,
1825 1175 2016 1235 quam
2078 1157 2408 1217 sanitatem
2467 1158 2887 1235 obtinuisset;
2951 1177 3023 1219 ac
3080 1160 3308 1222 deinde
3366 1162 3486 1222 hoc
3532 1182 3646 1223 suo

235 1258 570 1335 pharmace
628 1274 861 1333 corpus
918 1262 1117 1315 totum
1177 1255 1592 1332 perfudisset,
1656 1262 1717 1314 et
1773 1255 1824 1314 si
1883 1255 2033 1332 quid
2095 1255 2338 1333 uspiam
2398 1256 2828 1334 antityporum
2887 1258 3143 1336 pretiosi
3200 1261 3479 1338 corporis
3538 1266 3649 1320 aut

228 1354 542 1431 sanguinis
603 1371 825 1412 manus
885 1352 1338 1425 recondiderat,
1402 1352 1463 1410 id
1522 1352 1814 1430 lacrymis
1875 1352 2310 1412 admiscuisset
2355 1353 2414 1431 (ο
2471 1371 2602 1411 rem
2662 1354 3154 1434 admirandam),
3218 1358 3429 1417 statim
3486 1357 3646 1417 libe-

228 1459 421 1512 ratam
482 1470 548 1510 se
609 1450 833 1510 morbo
892 1450 1099 1520 sentit,
1162 1459 1352 1527 atque
1412 1455 1473 1508 et
1531 1468 1815 1527 corpore,
1879 1456 1941 1510 et
1997 1450 2232 1519 animo,
2296 1457 2356 1509 et
2418 1458 2624 1510 mente
2678 1451 2830 1511 levis
2876 1452 3160 1513 discedit.
3215 1478 3243 1508 ι)

303 1552 426 1608 Nec
490 1567 637 1607 vero
696 1565 1078 1625 quemquam
1138 1565 1385 1606 movere
1445 1547 1652 1618 debet,
1714 1548 1881 1625 quod
1941 1548 2296 1624 Gregorius,
2360 1548 2436 1607 de
2492 1548 2886 1609 Eucharistia
2943 1550 3229 1629 loquens,
3292 1551 3526 1629 ﬁguras
3583 1557 3645 1611 et

224 1646 509 1724 antitypa
559 1644 862 1723 appellat.
922 1645 1111 1704 Movit
1163 1650 1371 1704 tamen
1425 1645 1509 1715 id,
1564 1651 1673 1703 aut
1720 1650 1887 1704 certe
1950 1662 2200 1705 movere
2248 1646 2446 1704 visum
2494 1652 2586 1704 est
2648 1646 3002 1705 nonnullos.
3054 1650 3268 1726 Neque
3326 1649 3515 1721 enim,
3549 1650 3641 1708 in-

224 1744 445 1821 quiunt
478 1741 750 1800 ministri
782 1742 1078 1800 Claudius
1123 1748 1184 1800 et
1232 1741 1615 1811 Albertinus,
1660 1741 1756 1799 his
1794 1740 2157 1800 nominibus
2188 1741 2405 1801 fuisset
2433 1760 2583 1800 usus
2615 1742 2948 1819 Gregorius
2999 1743 3050 1802 si
3103 1761 3243 1803 vere
3291 1750 3350 1803 et
3399 1745 3651 1805 realiter

224 1840 449 1901 Christi
509 1858 737 1916 corpus
798 1848 858 1896 et
918 1840 1284 1915 sanguinem
1345 1840 1409 1897 in
1473 1838 1864 1898 Eucharistia
1921 1838 2228 1898 contineri
2284 1839 2721 1899 existimasset.
2784 1840 2951 1900 Elias
3009 1842 3315 1901 Cretensis
3371 1842 3453 1922 (ὁ)
3514 1842 3647 1904 hac

228 1937 482 1997 nomina
540 1938 617 1995 de
679 1935 1076 1996 Eucharistia
1132 1937 1604 2014 interpretatur,
1663 1955 1734 1995 ac
1791 1936 1867 1994 de
1923 1954 2070 1995 vero
2129 1936 2357 1996 Christi
2406 1955 2668 2015 corpore
2727 1944 2789 1997 et
2844 1939 3148 2017 sanguine
3197 1942 3476 2018 exponit.
3525 1942 3647 2002 Sed

229 2044 279 2095 et
327 2036 548 2094 inanes
597 2035 847 2095 Claudii
906 2040 969 2093 et
1024 2034 1329 2094 Albertini
1378 2034 1764 2111 objectiones
1822 2033 2071 2107 refellit,
2124 2052 2197 2093 ac
2249 2035 2531 2094 funditus
2582 2035 2804 2095 evertit
2853 2042 3075 2096 auctor
3120 2038 3326 2116 operis
3372 2038 3463 2098 De
3505 2058 3647 2118 per-

227 2134 503 2212 petuitate
550 2131 714 2211 ﬁdei,
770 2131 882 2190 lib.
938 2148 980 2203 1,
1034 2149 1086 2190 c.
1121 2134 1179 2204 5,
1239 2151 1299 2209 ρ.
1331 2135 1428 2204 49,
1478 2137 1629 2191 tom.
1665 2132 1769 2191 Ill.

1686 2298 1777 2359 De
1811 2299 2185 2380 pauitantia.

307 2462 624 2521 Justitiam
683 2461 891 2522 amitti
948 2479 1126 2539 posse
1179 2467 1240 2521 et
1292 2462 1670 2539 recuperari,
1723 2463 1873 2523 satis
1928 2468 2023 2523 tot
2078 2462 2401 2539 lapsorum
2448 2459 2834 2538 experientia
2883 2460 3188 2522 didicerat
3236 2468 3487 2524 sanctus
3534 2465 3648 2525 do-

240 2565 408 2631 ctor;
494 2567 777 2620 attamen
839 2579 917 2619 ne
975 2559 1082 2636 qui
1143 2559 1501 2619 innocentia
1558 2560 1857 2638 baptismi
1913 2560 2292 2629 exciderent,
2354 2577 2516 2618 nova
2574 2559 3003 2619 contrahendo
3061 2567 3338 2638 peccata,
3400 2562 3516 2621 sibi
3574 2563 3651 2621 de

244 2657 416 2715 venia
481 2658 667 2717 nimis
726 2657 1209 2729 blandirentur,
1289 2656 1461 2717 aliud
1520 2658 1606 2717 eis
1664 2678 1787 2718 non
1846 2675 2167 2736 superesse
2226 2656 2573 2716 remedium
2633 2664 2863 2734 prater
2936 2656 3248 2735 lacrymas
3321 2660 3653 2719 denuntiat

244 2756 596 2831 Gregorius,
668 2780 697 2809 «
750 2774 918 2814 nunc
976 2754 1145 2814 aliud
1201 2755 1547 2814 remedium
1602 2764 1780 2815 extra
1831 2756 2141 2833 lacrymas
2172 2754 2411 2814 nullum
2463 2772 2720 2831 prorsus
2750 2755 2898 2814 scio.
2935 2778 2965 2809 »
3023 2755 3181 2826 Quin
3245 2763 3311 2815 ut
3368 2756 3655 2817 homines

242 2869 273 2908 a
318 2858 583 2929 peccato
644 2852 844 2929 magis
901 2852 1210 2911 deterreat
1267 2858 1328 2911 et
1382 2851 1445 2909 in
1498 2852 1744 2930 justitia
1802 2853 2086 2913 stabilius
2144 2852 2493 2923 conﬁrmet,
2557 2858 2771 2911 monet
2827 2870 2933 2911 eos
2991 2853 3423 2929 panitentiam
3472 2854 3652 2913 labo-

241 2948 462 3007 riosum
516 2967 653 3008 esse
704 2950 1141 3027 pharmacum,
1192 2949 1610 3009 difﬁciliorem
1667 2957 1728 3009 et
1788 2950 2208 3009 molestiorem
2269 2948 2671 3026 disciplinam
2727 2968 2740 3009 :
2806 2972 2835 3003 ‹‹
2886 2948 2959 3027 (c)
3010 2951 3207 3008 Grave
3263 2956 3357 3009 est
3414 2951 3654 3010 facilio-

238 3045 314 3102 ris
373 3046 705 3104 medicina
760 3046 897 3105 loco
954 3046 1368 3105 difﬁciliorem
1432 3053 1493 3105 et
1551 3047 1971 3107 molestiorem
2028 3046 2349 3117 adhibere,
2413 3064 2505 3117 ac,
2570 3045 2852 3123 projecta
2912 3046 3357 3106 misericordia
3417 3048 3644 3124 gratia,

237 3142 555 3220 suppliciis
606 3143 879 3220 seipsum
930 3143 1275 3202 obnoxium
1328 3143 1609 3219 reddere,
1665 3151 1855 3223 atque
1904 3163 1981 3204 ex
2028 3144 2239 3203 delicti
2290 3143 2534 3202 ratione
2582 3143 3085 3203 emendationem
3137 3162 3411 3221 aquare.
3445 3145 3654 3214 Quan—

238 3246 355 3298 tam
406 3242 575 3299 enim
637 3241 1060 3319 lacrymarum
1112 3240 1232 3299 vim
1292 3242 1753 3319 impendemus,
1808 3248 1875 3301 ut
1932 3260 2004 3301 ea
2053 3260 2194 3301 cum
2252 3239 2548 3319 baptismi
2605 3240 2774 3300 fonte
2823 3241 3142 3318 exaquari
3202 3242 3445 3319 possit?
3505 3241 3654 3313 Quis

238 3345 435 3397 autem
495 3356 763 3416 sponsor
814 3339 974 3409 erit,
1046 3339 1219 3411 fore,
1296 3347 1364 3398 ut
1422 3340 1562 3398 vita
1622 3340 1760 3399 ﬁnis
1817 3340 2204 3399 curationem
2265 3344 2621 3416 exspectet,
2686 3356 2759 3397 ac
2818 3357 2941 3398 non
3002 3339 3209 3417 potius
3266 3339 3473 3398 adhuc
3530 3358 3653 3400 are

238 3434 431 3495 alieno
500 3454 764 3513 pressos,
828 3444 1020 3514 atque
1077 3436 1247 3496 illius
1302 3437 1463 3514 ignis
1521 3438 1744 3497 ardore
1806 3456 1965 3514 opus
2027 3436 2351 3507 habentes,
2412 3435 2689 3495 tribunal
2745 3435 2901 3495 illud
2958 3436 3312 3514 suscipiat?
3367 3439 3461 3496 Tu
3518 3438 3653 3515 qui-

239 3532 365 3591 dem
424 3536 713 3605 fortasse,
768 3534 931 3593 bone
991 3539 1052 3593 et
1107 3534 1382 3594 humane
1437 3536 1735 3612 agricola,
1799 3535 2122 3594 dominum
2181 3533 2449 3611 supplex
2500 3533 2772 3611 rogabis,
2810 3539 2876 3592 ut
2935 3533 3220 3593 ﬁculnea
3269 3533 3475 3594 adhuc
3508 3552 3653 3612 par-

241 3636 348 3701 cat,
402 3649 520 3690 nec
578 3650 716 3690 eam
780 3631 1124 3690 sterilitatis
1169 3639 1528 3691 accusatam
1581 3632 1787 3691 adhuc
1836 3633 2137 3703 succidat,
2190 3650 2405 3690 verum
2468 3631 2579 3691 tibi
2636 3631 2960 3710 permittat
3018 3637 3086 3690 ut
3142 3639 3416 3691 stercora
3467 3632 3650 3691 undi-

244 3747 349 3804 que
408 3729 475 3787 in
535 3748 674 3788 eam
735 3727 1074 3804 injicias’”,
1132 3728 1254 3789 hoc
1310 3737 1402 3788 est
1457 3730 1793 3807 lacrymas,
1828 3730 2115 3807 gemitus,
2196 3746 2430 3807 preces,
2492 3728 2919 3800 chameunias,
2982 3728 3249 3805 vigilias,
3297 3728 3534 3815 .anima
3594 3734 3654 3787 et

242 3828 515 3904 corporis
570 3826 1085 3898 macerationem,
1147 3845 1220 3886 ac
1290 3826 1559 3904 denique
1617 3828 2072 3887 correctionem
2148 3844 2311 3893 eam,
2376 3845 2517 3903 qua
2577 3844 2653 3886 ex
2732 3826 2972 3904 peccati
3028 3826 3439 3896 confessione,
3499 3844 3651 3884 con-

240 3923 680 4001 temptiorique
736 3923 877 3982 vita
935 3942 1159 4000 genere
1219 3924 1462 3984 exsistit
1510 3945 1524 3997 ;
1606 3931 1671 3984 at
1724 3925 2033 3983 incertum
2096 3929 2224 3994 est,
2291 3942 2370 3982 an
2434 3923 2733 3982 Dominus
2791 3923 2880 3982 illi
2940 3929 3173 3999 parcet,
3237 3928 3454 4000 utpote
3511 3940 3653 4000 qua

242 4021 416 4079 etiam
479 4021 691 4078 locum
751 4021 949 4079 otiose
1008 4027 1294 4098 occupet,
1357 4038 1497 4079 cum
1558 4021 1809 4080 interim
1869 4022 2030 4080 alius
2087 4019 2515 4079 misericordia
2571 4026 2775 4095 egeat,
2828 4027 3019 4096 atque
3075 4020 3156 4078 ob
3214 4019 3654 4095 longanimita-

241 4123 381 4187 tem,
442 4136 587 4194 qua
646 4116 766 4195 ipsi
823 4117 1178 4192 exhibetur,
1240 4118 1513 4178 deterior
1568 4118 1765 4176 ﬁat.»

309 4216 483 4275 Licet
541 4215 877 4292 Gregorius
935 4213 1019 4293 (ά)
1103 4215 1541 4293 purgationem
1606 4214 1833 4274 anima
1892 4232 1965 4274 ac
2023 4214 2542 4274 instaurationem
2604 4213 2667 4272 in
2726 4212 3056 4291 pristinum
3114 4218 3349 4272 statum
3408 4212 3652 4272 rarissi-

248 4330 401 4371 mam
460 4331 595 4372 esse
654 4318 979 4389 agnoscat,
1038 4318 1099 4371 et
1158 4331 1320 4389 agre
1381 4312 1633 4371 tandem
1694 4320 1835 4390 post
1889 4312 2172 4372 assiduos
2228 4312 2523 4389 gemitus,
2580 4312 2929 4388 longosque
2988 4310 3235 4371 labores
3292 4310 3655 4370 vulneribus

251 4410 589 4469 cicatricem
649 4410 900 4479 obduci,
949 4410 1175 4469 acriter
1224 4417 1432 4469 tamen
1482 4411 1968 4470 Novatianorum
2029 4409 2331 4469 saevitiam
2395 4409 2701 4486 coarguit.
2759 4411 2915 4469 «Tu
2966 4427 3113 4468 vero
3162 4408 3313 4486 quid
3362 4408 3505 4468 ais?
3560 4410 3655 4466 in-

255 4508 411 4582 quit;
462 4524 655 4585 quam
698 4507 900 4584 legem
956 4506 1195 4577 statuis,
1251 4526 1287 4566 o
1339 4526 1497 4566 nove
1542 4507 1877 4579 Pharisae,
1932 4525 2005 4566 ac
2054 4506 2326 4580 nomine,
2380 4525 2505 4566 non
2556 4513 2763 4566 autem
2824 4506 3017 4565 animi
3074 4506 3417 4584 proposito,
3473 4524 3648 4582 pure,

257 4621 320 4661 ac
372 4606 593 4664 Novati
652 4604 952 4682 dogmata
999 4623 1141 4664 cum
1192 4605 1407 4663 eadem
1440 4604 1803 4663 inﬁrmitate
1852 4604 2031 4664 nobis
2073 4603 2293 4663 efflans
2322 4604 2351 4661 ?
2398 4603 2836 4663 Panitentiam
2893 4622 3016 4663 non
3072 4603 3408 4663 admittis?
3466 4602 3651 4662 lucti-

258 4700 359 4757 bus
412 4702 621 4761 locum
680 4704 933 4777 negas?
995 4702 1301 4778 lacrymas
1358 4701 1651 4778 lacrymis
1709 4720 1833 4759 non
1892 4701 2340 4780 prosequeris?
2408 4701 2660 4762 Utinam
2720 4700 2909 4759 talem
2971 4701 3079 4760 tibi
3128 4701 3409 4778 judicem
3465 4717 3655 4778 expe-

260 4797 355 4855 riri
408 4819 529 4859 non
590 4800 962 4876 contingat!
1041 4800 1433 4876 Benignitate
1492 4801 1640 4859 Jesu
1698 4818 1822 4858 non
1885 4801 2190 4871 moveris,
2274 4799 2381 4875 qui
2437 4798 2834 4858 inﬁrmitates
2908 4805 3154 4857 nostras
3218 4798 3528 4875 suscepit,
3593 4804 3657 4857 et

265 4895 493 4954 morbos
548 4904 797 4955 nostros
856 4897 1131 4973 portavit
1164 4897 1228 4961 ³³,
1283 4897 1391 4975 qui
1454 4916 1576 4955 non
1636 4897 1803 4956 venit
1855 4914 2076 4956 vocare
2126 4897 2352 4975 justos,
2408 4896 2515 4955 sed
2576 4902 2933 4974 peccatores
2983 4896 3061 4955 ad
3121 4896 3554 4973 paenitentiam
3585 4894 3650 4965 ³ο,

262 4993 355 5065 qui
408 4993 893 5052 misericordiam
957 4993 1197 5052 mavult
1243 5012 1431 5071 quam
1491 4994 1864 5053 sacriﬁcium
1897 4994 1961 5061 ‘0,
2023 4995 2130 5072 qui
2181 4994 2538 5071 septuagies
2597 4993 2826 5071 septies
2885 4999 3140 5070 peccata
3199 4991 3652 5052 condonat“?

262 5087 439 5154 Quam
492 5091 677 5149 beata
731 5096 894 5150 esset
952 5090 1302 5151 sublimitas
1358 5097 1485 5164 tua,
1549 5092 1600 5150 si
1660 5092 1899 5169 puritas
1955 5110 2029 5151 ea
2084 5099 2265 5163 esset,
2318 5110 2439 5151 non
2500 5096 2708 5150 autem
2754 5091 2973 5162 fastus,
3027 5090 3193 5167 leges
3222 5108 3413 5167 supra
3444 5090 3648 5149 homi-

264 5184 345 5242 nis
395 5194 633 5265 captum
695 5190 1051 5262 instituens,
1112 5207 1184 5247 ac
1245 5207 1488 5248 morum
1548 5190 1999 5249 correctionem
2044 5190 2155 5266 per
2204 5188 2709 5266 desperationem
2743 5187 3011 5248 tollens!
3078 5189 3146 5248 ln
3205 5187 3425 5247 eodem
3483 5189 3649 5247 enim

266 5281 394 5341 vitio
447 5295 605 5355 sunt,
657 5285 1053 5363 indulgentia
1111 5287 1367 5346 omnino
1424 5286 1985 5347 animadversionis
2033 5305 2278 5366 expers,
2330 5292 2392 5346 et
2443 5286 2884 5347 condemnatio
2938 5285 3114 5347 omni
3161 5285 3343 5345 venia
3390 5304 3646 5356 carens;

265 5376 358 5438 illa
408 5400 612 5443 omnes
668 5383 959 5443 habenas
1015 5382 1204 5455 laxat,
1271 5383 1402 5444 hac
1460 5384 1540 5444 ob
1600 5384 2060 5444 vehementiam
2119 5384 2493 5461 strangulat.
2535 5406 2566 5438 »

322 5530 360 5562 ³⁷
388 5532 518 5589 Luc.
546 5550 640 5600 ιιι,
674 5535 801 5587 6-9.
896 5532 942 5567 ³⁸
972 5532 1083 5587 Isa.
1118 5549 1237 5603 Lm,
1268 5533 1321 5587 4.
1412 5533 1457 5566 3°
1488 5532 1663 5587 Marc.
1696 5550 1757 5602 II,
1794 5534 1877 5586 17.

1800 5534 1877 5586 l7.
1968 5532 2013 5566 ⁴⁰
2040 5530 2241 5587 Matth.
2280 5548 2356 5600 IX,
2389 5530 2495 5598 13;
2528 5548 2629 5600 xu,
2660 5532 2715 5586 7.
2803 5532 2847 5567 ‘1
2879 5530 3085 5587 Matth.
3119 5546 3278 5600 xvm,
3309 5530 3400 5584 22.

322 5673 389 5742 (al
426 5674 512 5730 0r.
548 5676 602 5745 8,
636 5693 699 5729 n.
738 5674 826 5727 18.

322 5745 388 5815 (ὁ)
425 5746 482 5802 In
515 5765 598 5804 or.
625 5746 705 5803 al.
737 5746 789 5812 1,
814 5759 975 5799 nunc
1003 5743 1039 5796 2
1064 5744 1218 5815 apud
1242 5742 1395 5815 Bill.,
1420 5748 1563 5801 tom.
1594 5746 1662 5809 II,
1687 5744 1892 5815 p.201.

1003 5743 1039 5796 2
1064 5744 1218 5815 apud
1242 5742 1395 5815 Bill.,
1420 5748 1563 5801 tom.
1594 5746 1662 5809 II,
1687 5744 1892 5815 p.201.
2435 5688 2499 5798 ἓξ

318 5745 388 5815 (12)
425 5746 482 5802 In
515 5742 598 5804 or.
625 5746 705 5803 al.
737 5746 789 5812 1,
814 5759 975 5799 nunc
1003 5743 1039 5796 2
1064 5744 1218 5815 apud
1242 5742 1395 5815 Bill.,
1420 5748 1563 5801 tom.
1594 5746 1662 5809 II,
1687 5744 1892 5815 p.201.
2079 5742 2149 5815 (ἀ)
2191 5742 2284 5798 Or.
2318 5743 2409 5810 39,
2442 5759 2499 5798 n.
2534 5744 2619 5797 18.
