4052 6276
386 430 502 492 119
1385 437 1805 500 PRIEFATIO
1855 437 1986 498 GEP

2177 437 2406 497 LIS.—
2440 438 2636 496 PARS
2685 436 2790 496 ΙΙΙ.
3670 440 3772 499 120

464 564 869 642 Prosequitur
927 567 1261 645 Gregorius
1311 567 1392 647 (a)
1454 588 1684 647 urgens
1742 570 2168 631 Novatianos:
2226 592 2255 625 α
2304 570 2459 640 Quid
2494 571 2521 627 ?
2580 589 2655 629 ne
2713 569 3119 648 pmnitentem
3183 570 3432 648 quidem
3493 571 3773 633 Davidem

385 660 684 735 admittis,
720 662 819 722 cui
858 664 1291 744 propheticam
1327 685 1577 744 quoque
1609 667 1875 744 gratiam
1932 667 2304 744 pcenitentia
2334 668 2775 728 conservavit?
2825 670 2949 728 Nec
2983 685 3275 744 magnum
3310 668 3480 727 illum
3514 672 3772 741 Petrum,

384 758 491 837 qui
548 758 711 819 circa
768 762 1110 821 Salvatoris
1168 763 1521 841 passionem
1583 764 1843 823 humani
1903 764 2141 842 aliquid
2198 782 2528 842 perpessus
2587 765 2737 823 est?
2794 766 2873 823 At
2926 768 3107 824 Jesus
3166 783 3309 825 eum
3370 767 3652 843 suscepit,
3713 784 3780 825 ac

381 872 495 934 per
554 856 858 933 triplicem
909 858 1470 938 interrogationem
1519 868 1581 922 et
1636 861 2089 922 confessionem
2123 862 2190 926 ".
2240 860 2548 939 triplicem
2599 861 3059 938 abjurationem
3096 863 3161 929 ‘3,
3214 863 3478 924 sanavit.
3528 863 3778 934 Ouid....

382 968 494 1012 nec
552 971 693 1013 eum
770 954 1127 1036 (admittis)
1203 958 1311 1035 qui
1368 958 1598 1019 scelere
1657 977 1789 1018 sese
1847 960 1909 1017 in
1971 958 2272 1019 Corintho
2332 958 2679 1018 devinxit?
2754 960 2833 1017 At
2894 959 3121 1017 Paulus
3177 958 3548 1019 charitatem
3606 963 3782 1019 etiam

381 1068 531 1126 erga
588 1070 731 1112 eum
790 1053 1085 1128 firmavit,
1146 1055 1333 1115 simul
1393 1063 1583 1133 atque
1640 1074 1780 1116 eum
1842 1056 1921 1117 ad
1980 1055 2302 1117 meliorem
2364 1056 2506 1116 vitae
2565 1056 2807 1133 frugem
2864 1056 3116 1115 rediisse
3172 1058 3520 1136 perspexit,
3578 1058 3783 1116 istam-

380 1166 502 1226 que
563 1168 815 1215 causam
876 1153 1058 1214 affert
1109 1172 1121 1210 ε
1185 1171 1261 1213 ne
1328 1176 1355 1213 ‹‹
1407 1154 1853 1215 abundantiori
1911 1154 2163 1215 tristitia
2221 1154 2634 1213 absorbeatur
2682 1155 2748 1216 ιθ,
2800 1175 2828 1211 υ
2908 1159 3026 1213 etc.
3089 1154 3265 1224 Quod
3323 1156 3410 1214 ait
3467 1155 3788 1232 Gregorius

380 1244 456 1305 de
507 1248 869 1311 Novatianis
901 1248 984 1330 (ὁ)
1022 1268 1035 1310 ;
1098 1274 1126 1305 ‹‹
1162 1254 1223 1311 In
1276 1251 1475 1311 altero
1526 1269 1659 1311 aevo
1706 1251 1839 1328 igni
1882 1252 2145 1312 fortasse
2192 1250 2702 1329 baptizabuntur,
2738 1250 2844 1327 qui
2896 1258 3247 1328 postremus
3285 1259 3378 1311 est
3428 1252 3783 1329 baptismus,

382 1362 495 1406 nec
545 1346 747 1406 solum
797 1347 1104 1422 acerbior,
1138 1348 1245 1408 sed
1292 1356 1354 1408 et
1402 1348 1780 1420 diuturnior,
1820 1350 1924 1426 qui
1973 1367 2244 1409 crassam
2299 1348 2621 1408 materiam
2680 1349 2881 1408 instar
2939 1349 3063 1407 feni
3116 1350 3497 1427 depascitur,
3545 1350 3790 1426 vitiique

385 1443 587 1500 omnis
644 1444 960 1506 levitatem
1020 1445 1343 1516 absumit;
1402 1472 1429 1500 »
1490 1447 1649 1507 forte
1702 1447 1995 1524 sperabat
2053 1446 2385 1523 Gregorius
2435 1446 2816 1506 Novatianos
2877 1464 3149 1506 errorem
3211 1467 3390 1507 suum
3453 1447 3785 1524 agnituros,

382 1547 771 1619 quapropter
826 1543 1017 1604 verba
1076 1543 1154 1602 de
1212 1544 1356 1620 igne
1415 1545 1804 1621 purgatorio,
1865 1564 1989 1605 non
2049 1544 2125 1604 de
2184 1550 2416 1605 esterno
2475 1544 2641 1621 igne,
2702 1554 2767 1603 ut
2824 1551 3005 1622 putat
3062 1546 3308 1605 Nicetas
3362 1546 3460 1625 (c),
3516 1546 3793 1605 videntur

380 1639 809 1718 intelligenda.

1708 1802 1791 1863 De
1828 1801 2056 1862 ordinis
2085 1812 2471 1865 sacramento.

466 1954 552 2011 De
607 1953 846 2014 ordinis
902 1959 1293 2015 sacramento
1351 1939 1733 2015 non'multa
1790 1955 2145 2032 dogmatice
2202 1960 2473 2014 tractata
2526 1954 2587 2012 in
2652 1953 2934 2031 Gregorii
2993 1954 3239 2032 scriptis
3294 1956 3611 2036 reperias,
3686 1953 3797 2012 nisi

386 2050 556 2126 quod
608 2052 918 2130 episcopis
969 2052 1032 2111 in
1091 2053 1486 2112 ordinatione
1545 2054 1845 2131 Spiritum
1908 2058 2194 2113 sanctum
2251 2052 2519 2112 conferri
2592 2058 2877 2111 testatur.
2964 2076 2994 2107 «
3045 2056 3201 2111 Num
3262 2059 3369 2125 tu,
3434 2053 3636 2132 inquit
3694 2050 3789 2131 (ά).

384 2147 655 2225 Spiritus
704 2150 900 2209 sancti
952 2169 1075 2209 non
1126 2169 1190 2209 es
1246 2151 1619 2228 particeps?
1676 2151 1852 2227 atqui
1906 2151 2175 2210 maxime
2232 2156 2291 2209 te
2352 2150 2469 2209 hoc
2517 2149 2654 2227 ipso
2686 2150 2884 2208 efl'ers.
2922 2172 2949 2205 »
2988 2150 3137 2209 Jure
3180 2150 3394 2209 divino
3426 2156 3707 2228 pastores
3761 2168 3796 2208 a

391 2245 627 2323 populo
676 2247 915 2306 secerni
973 2253 1033 2307 et
1092 2266 1355 2326 praeesse
1413 2248 1595 2307 docet
1625 2248 1717 2327 (θ).
1787 2272 1817 2303 ‹‹
1866 2248 2407 2319 Quemadmodum
2467 2248 2529 2306 in
2588 2266 2849 2325 corpore
2907 2247 3074 2305 aliud
3136 2247 3561 2326 principatum
3610 2252 3793 2317 tenet,

390 2361 463 2402 ac
518 2342 712 2403 veluti
770 2345 1083 2422 praesidet,
1136 2346 1306 2405 aliud
1364 2346 1576 2405 subest
1633 2353 1695 2405 et
1751 2347 2034 2424 regitur:
2096 2346 2175 2406 ad
2234 2346 2525 2405 eumdem
2584 2363 2835 2423 quoque
2896 2345 3149 2404 modum
3214 2348 3400 2413 Deus,
3455 2346 3551 2405 vel
3610 2344 3797 2422 aqui-

389 2441 534 2500 tatis
582 2442 741 2519 lege,
775 2462 915 2521 qua
970 2444 1258 2504 meritum
1311 2443 1613 2523 cujusque
1669 2446 2020 2524 perpendit,
2076 2445 2172 2506 vel
2219 2445 2409 2506 etiam
2472 2442 2902 2522 providentiae,
2956 2462 3067 2521 per
3127 2462 3315 2522 quam
3380 2444 3597 2511 omnia
3642 2443 3799 2503 inter

389 2556 453 2597 se
505 2537 675 2597 velut
722 2540 1019 2613 devinxit,
1075 2541 1194 2601 hoc
1250 2541 1312 2600 in
1376 2541 1664 2602 Ecclesiis
1721 2542 2065 2616 constituit,
2125 2548 2192 2601 ut
2250 2541 2355 2602 alii
2414 2546 2751 2620 pascantur
2808 2545 2869 2599 et
2928 2546 3211 2617 pareant,
3256 2541 3488 2617 quibus
3521 2541 3799 2600 videlicet

387 2635 448 2695 id
509 2636 725 2696 utilius
781 2644 892 2711 est,
957 2656 1029 2698 ac
1086 2644 1218 2699 tum
1282 2657 1593 2712 sermone,
1648 2645 1778 2699 tum
1829 2657 2041 2717 opere,
2100 2640 2179 2700 ad
2230 2639 2508 2699 ofﬁcium
2562 2638 2962 2715 dirigantur:
3020 2637 3125 2697 alii
3156 2644 3365 2697 autem
3403 2639 3484 2698 ad
3520 2637 3799 2700 Ecclesiae

387 2732 835 2810 perfectionem
894 2742 1175 2814 pastores
1234 2753 1306 2795 ac
1366 2737 1647 2814 magistri
1703 2737 1843 2808 sint,
1907 2738 2202 2797 nimirum
2269 2737 2377 2815 qui
2434 2736 2697 2807 virtute,
2758 2734 3331 2813 conjunctioneque
3404 2743 3467 2798 et
3536 2734 3799 2795 familia-

389 2829 573 2890 ritate
631 2830 800 2908 apud
858 2833 1076 2903 Deum,
1112 2831 1301 2909 vulgo
1346 2832 1741 2894 sublimiores
1788 2840 1951 2908 sunt,
2008 2835 2313 2895 rationem
2365 2834 2590 2894 animae
2648 2834 2727 2891 ad
2784 2850 3034 2909 corpus,
3087 2840 3195 2893 aut
3255 2834 3485 2894 mentis
3541 2832 3620 2893 ad
3676 2831 3801 2892 ani-

391 2947 558 2987 mam
620 2929 995 3003 obtinentes,
1055 2936 1124 2991 ut
1183 2930 1316 2990 haec
1376 2932 1525 3004 duo,
1577 2932 1696 2992 hoc
1752 2941 1845 2994 est
1902 2940 1962 2992 et
2016 2934 2078 2994 id
2137 2933 2306 3011 quod
2363 2932 2596 3003 deficit,
2651 2938 2713 2989 et
2767 2930 2831 2990 id
2890 2931 3058 3007 quod
3119 2932 3454 3004 redundat,
3506 2932 3669 2991 inter
3714 2948 3796 2999 se,

388 3026 561 3087 velut
614 3027 677 3085 in
739 3029 1059 3101 membris,
1109 3030 1457 3106 composita
1514 3037 1575 3089 et
1621 3037 1971 3110 compacta,
2007 3031 2388 3109 spiritusque
2420 3046 2724 3107 compage
2774 3047 3057 3088 connexa
3115 3034 3177 3088 et
3234 3029 3554 3108 colligata,
3611 3044 3800 3088 unum

390 3143 640 3204 corpus,
692 3126 865 3187 omni
920 3146 994 3186 ex
1058 3136 1233 3205 parte
1294 3128 1657 3206 perfectum,
1715 3136 1904 3207 atque
1960 3130 2096 3207 ipso
2154 3129 2423 3197 Christo,
2478 3129 2585 3204 qui
2646 3133 2837 3203 caput
2893 3132 3174 3185 nostrum
3238 3135 3353 3199 est,
3410 3128 3667 3189 omnino
3718 3124 3806 3184 di~

390 3241 583 3301 gnum
645 3224 967 3283 exsistant.
1028 3250 1055 3280 ι)
1116 3225 1293 3286 Ritus
1349 3227 1599 3286 tandem
1655 3228 1884 3305 quibus
1939 3226 2442 3304 inaugurabatur
2495 3224 2800 3302 pontifex,
2861 3223 2947 3283 sic
3004 3224 3319 3296 describit,
3386 3243 3532 3285 eum
3593 3244 3627 3285 a
3685 3240 3802 3301 quo

390 3327 790 3380 consecratus
845 3321 1050 3384 fuerat
1108 3323 1435 3401 alloquens
1473 3324 1567 3402 (ί).
1635 3349 1663 3380 α
1715 3327 1807 3384 Me
1867 3325 2227 3402 pontificem
2291 3323 2489 3399 ungis.
2554 3341 2628 3383 ac
2689 3322 2918 3399 podere
2974 3322 3193 3398 cingis,
3256 3324 3579 3401 capitique
3637 3321 3803 3381 cida-

391 3417 507 3476 rim
566 3418 879 3496 imponis,
941 3426 1129 3498 atque
1189 3420 1541 3482 holocausti
1598 3421 1942 3499 spiritualis
1998 3420 2185 3481 altari
2242 3421 2580 3492 admoves,
2658 3426 2719 3479 et
2774 3419 3140 3479 initiationis
3196 3418 3466 3479 vitulum
3528 3426 3801 3488 mactas,

392 3533 745 3593 manusque
794 3516 1041 3595 spiritui
1096 3536 1445 3591 consecras,
1482 3525 1543 3580 et
1589 3520 1817 3579 Sancta
1868 3525 2230 3579 sanctorum
2281 3524 2632 3597 spectatum
2681 3517 3047 3588 introducis,
3085 3516 3339 3594 verique
3388 3518 3561 3577 illius
3611 3516 3809 3577 taber-

390 3612 626 3683 naculi,
686 3614 855 3692 quod
912 3634 1037 3676 non
1098 3615 1312 3691 homo,
1369 3617 1475 3679 sed
1534 3620 1699 3678 Deus
1755 3616 1937 3676 ﬁnxit
1965 3616 2029 3685 ‘5,
2092 3615 2447 3677 ministrum
2507 3614 2724 3676 efficis.
2768 3635 2797 3671 ›)

473 3709 754 3771 Meminit
810 3712 1061 3772 lectoris
1117 3714 1306 3774 officii
1363 3714 1738 3791 Gregorius,
1803 3713 1907 3773 ubi
1964 3720 2180 3774 narrat
2237 3713 2321 3793 (g)
2408 3713 2653 3775 Gallum
2714 3718 2776 3773 et
2824 3711 3186 3784 Julianum,
3250 3712 3359 3791 qui
3415 3720 3639 3791 postea
3695 3711 3809 3771 fuit

391 3813 701 3886 apostata,
751 3808 814 3868 in
874 3812 1107 3872 clerum
1168 3813 1406 3890 seipsos
1462 3811 1868 3888 ascripsisse:
1930 3812 2160 3873 «Adeo
2219 3819 2285 3871 ut
2342 3812 2586 3871 divinos
2640 3829 2893 3888 quoque
2952 3809 3146 3869 libros
3202 3810 3561 3871 lectitarent
3618 3810 3807 3889 plebi,

391 3922 516 3964 non
558 3906 761 3965 minus
804 3908 1085 3987 amplum
1127 3909 1190 3968 id
1238 3909 1355 3969 sibi
1395 3914 1458 3969 et
1497 3908 1912 3969 honorificum
1957 3928 2089 3970 esse
2127 3909 2572 3978 existimantes,
2610 3926 2798 3986 quam
2842 3906 3014 3966 aliud
3059 3907 3327 3985 quidvis,
3362 3908 3494 3969 imo
3527 3908 3806 3968 omnium

392 4010 906 4065 ornamentorum
960 4005 1302 4066 maximum
1352 4006 2064 4084 praestantissimumque
2097 4007 2396 4084 pietatem
2428 4024 2561 4065 esse
2591 4010 2935 4066 censentes.
2976 4028 3003 4059 »

475 4102 772 4178 Agnoscit
828 4103 1229 4164 disertissime
1296 4102 1636 4181 primatum
1716 4104 1922 4175 Petri,
2000 4122 2185 4181 quem
2248 4103 2697 4181 discipulorum
2756 4102 3036 4163 omnium
3089 4100 3531 4162 charissimum
3592 4101 3809 4180 appel-

390 4197 481 4258 lat
524 4197 626 4277 (ἡ).
683 4223 712 4253 ‹‹
744 4201 879 4260 Non
934 4201 1118 4262 modo
1167 4219 1280 4259 suo
1329 4200 1633 4272 Christus,
1683 4202 1789 4260 sed
1840 4201 2027 4261 etiam
2080 4202 2269 4274 Petri,
2325 4201 2775 4279 discipulorum
2820 4199 3102 4259 omnium
3152 4198 3505 4259 charissimi
3562 4200 3811 4260 nomine

392 4295 830 4357 didrachmum
885 4298 1099 4375 pendit
1129 4299 1191 4351 ⁸⁸.
1228 4298 1292 4376 (2)
1343 4300 1562 4357 Petrus
1611 4298 2037 4375 apostolorum
2097 4299 2411 4377 princeps,
2464 4298 2569 4358 sed
2621 4296 2913 4358 Ecclesiae
2964 4302 3160 4374 petra,
3212 4315 3335 4355 non
3390 4304 3460 4356 ut
3510 4299 3809 4375 piscator,

393 4392 498 4451 sed
551 4400 616 4453 ut
670 4394 927 4455 fervoris
986 4402 1249 4456 scatens.
1308 4394 1386 4474 (λ’)
1446 4395 1630 4455 Vides
1688 4396 2223 4471 quemadmodum
2282 4416 2358 4457 ex
2418 4396 2644 4458 Christi
2702 4394 3043 4473 discipulis,
3103 4394 3345 4472 magnis
3404 4395 3626 4473 utique
3676 4412 3813 4454 om-

394 4489 578 4549 nibus
634 4497 696 4550 et
751 4493 1028 4563 excelsis,
1082 4501 1271 4569 atque
1330 4492 1633 4552 electione
1684 4492 1911 4569 dignis,
1961 4492 2063 4552 hic
2120 4500 2299 4571 petra
2358 4500 2631 4562 vocetur,
2687 4500 2875 4569 atque
2927 4491 3215 4551 Ecclesiae
3276 4492 3693 4552 fundamenta
3751 4492 3811 4549 in

396 4606 573 4647 suam
634 4590 818 4649 fidem
873 4590 1140 4668 accipiat
1172 4592 1233 4643 ‘7.
1269 4615 1298 4645 »
1362 4591 1517 4650 Hinc
1575 4608 1612 4650 a
1670 4590 1965 4667 Gregorio
2022 4589 2127 4670 (lc),
2191 4614 2218 4645 α
2264 4592 2483 4651 Petrus
2540 4590 2828 4651 Ecclesim
2885 4589 3173 4649 columen
3231 4590 3484 4650 dicitur.
3522 4613 3552 4644 »

476 4686 654 4747 Hunc
712 4687 1050 4764 primatum
1109 4688 1187 4747 ad
1239 4688 1407 4746 Petri
1464 4704 1852 4747 successores
1910 4706 2194 4748 manasse
2252 4687 2529 4762 declarat
2584 4692 2835 4745 sanctus
2889 4685 3133 4757 doctor,
3191 4688 3546 4746 Romanum
3612 4685 3815 4763 ponti-

399 4783 579 4844 ﬁcem
638 4784 807 4845 orbis
864 4785 1196 4846 Christiani
1256 4784 1608 4863 praesidem,
1669 4792 1730 4845 et
1788 4786 2043 4845 unitatis
2095 4785 2421 4845 catholicae
2482 4784 2799 4845 vinculum
2858 4782 3242 4859 designans:

970 4941 1187 4996 Τούτων
1222 4940 1278 4996 δὲ
1307 4941 1506 5010 πίστις,
1539 4942 1695 5068 θέμὶν
1718 4944 1783 5012 ἦν
1817 4942 1875 4997 ἐκ
1903 4942 2158 5005 πλέιονος

972 5014 1069 5067 Καὶ
1109 5019 1195 5068 νῦν
1225 5012 1296 5067 ἔτ’
1322 5010 1461 5068 ἔστιν
1496 5012 1549 5068 εὖ
1592 5035 1782 5068 oouoc.
1815 5017 1912 5068 τήν
1944 5015 2158 5068 Ἐσπὲοο

1538 5012 1549 5027 Ι

972 5014 1069 5067 Καὶ
1109 5019 1195 5068 νῦν
1225 5012 1296 5067 ἔτ’
1322 5010 1461 5068 ἔστιν
1496 5010 1782 5090 εὕδρομοξ,
1815 5017 1912 5084 τήν
1944 5015 2198 5091 Ἑσπέραν

405 5242 446 5275 ‘1
476 5168 715 5295 :‘thgn.
762 5170 1099 5295 “11815-17.
1211 5172 1255 5205 ‘3
1287 5171 1493 5226 Matth.
1537 5189 1687 5243 xxv1,
1719 5172 1908 5227 69-75.
2022 5172 2066 5203 “
2099 5170 2143 5225 II
2186 5170 2313 5226 Cor.
2356 5186 2418 5232 ιι,
2448 5169 2502 5223 7.
2614 5167 2658 5200 ‘5
2689 5166 2856 5222 Hebr.
2900 5182 3023 5228 VIII,
3054 5167 3107 5220 2.
3219 5163 3262 5197 ⁵⁸
3295 5163 3507 5219 Matth.
3552 5181 3695 5233 xvu,

536 5258 569 5295 a
668 5283 678 5293 .
714 5258 828 5295 xv1.
942 5286 951 5295 .

536 5258 678 5297 attn.
714 5258 828 5308 XVI,
872 5258 951 5295 ιδ.

480 5395 554 5461 (a)
597 5391 691 5447 Or.
725 5396 813 5462 39,
847 5410 904 5447 n.
940 5394 990 5448 1.
2240 5392 2309 5463 (g)
2350 5391 2447 5446 Or.
2483 5392 2532 5459 4,
2568 5407 2625 5444 n.
2657 5391 2747 5443 23.

479 5465 559 5532 (b)
601 5465 765 5529 lbid.,
803 5482 859 5518 u.
895 5465 981 5519 19.
2242 5464 2314 5529 (h)
2358 5463 2453 5517 Or.
2490 5464 2574 5527 19,
2613 5479 2670 5515 n.
2712 5462 2791 5514 13.

594 5536 761 5611 apud
795 5536 943 5611 Bili.,
984 5541 1027 5593 t.
1060 5538 1133 5611 il,
1166 5554 1219 5608 p.
1257 5539 1415 5611 1037.
1493 5608 1527 5611 __
1705 5608 1767 5611 η

2240 5536 2301 5611 (ί.)
2350 5534 2540 5611 (ξείνιςιὶ
2574 5531 2934 5611 αάνηςρὶδοη
2965 5531 3113 5602 apud
3145 5528 3316 5595 Toll.,
3351 5544 3406 5599 p.
3441 5530 3532 5582 25.

484 5605 558 5675 (ἀ)
599 5605 791 5681 carm.
824 5609 952 5681 adv.
984 5605 1186 5680 episc.,
1219 5610 1372 5681 apud
1406 5608 1579 5675 Toll.,
1611 5625 1667 5679 p.
1699 5608 1787 5660 27.
2240 5607 2312 5681 (j)
2353 5609 2443 5659 Or.
2475 5606 2564 5681 3'3,
2600 5605 2779 5681 n._18.

482 5682 550 5745 (e)
591 5682 684 5733 Or.
716 5680 770 5747 2,
809 5696 866 5733 n.
899 5680 952 5733 3.
1020 5677 1035 5680 “
1257 5677 1273 5681 ⁷
1613 5677 1627 5679 “
2241 5677 2309 5746 (lc)
2349 5680 2442 5731 Or.
2476 5678 2528 5746 9,
2564 5694 2621 5731 n.
2661 5677 2713 5731 1.

485 5751 559 5821 (Γ)
598 5755 692 5805 ()r.
728 5752 813 5817 10,
848 5768 904 5805 n.
934 5752 987 5805 4.
