4052 6276
267 456 365 516 121
1271 456 1692 517 ΡΗᾸΕῈἋΤῙΟ
1739 456 1867 516 GED

2081 458 2295 515 .lS.—
2326 455 2527 516 PARS
2573 453 2678 515 III.
3566 446 3681 505 122

802 595 983 645 luam
1019 586 1215 663 δᾴουσα
1241 593 1322 660 τῷ
1353 588 1609 663 amnipin
1640 586 1813 662 λόγῳ,

804 663 996 737 limem;
1028 658 1231 737 δίῃαιον
1262 658 1360 737 τὴν
1402 658 1665 737 πράξιξρον
1693 658 1800 713 ea.»
1834 658 1979 737 ᾅλων

800 732 976 804 ’Ὸλην
1011 728 1267 787 σέϐουσαν
1298 728 1397 801 ’ἑὴν
1434 728 1934 811 Θεοῖσυμφωνίάν.

828 860 883 926 a)
916 859 1075 924 Quod
1107 862 1331 929 spectat
1361 858 1430 914 ad
1466 856 1699 915 illarum
1734 858 1909 913 fidem
1932 874 1953 929 ;,
1980 860 2148 929 vetus
2180 857 2416 927 quidem
2452 856 2672 925 (Roma)
2698 854 3051 926 jamdudum

852 936 992 999 tque
1021 928 1195 986 etiam
1228 946 1381 986 nunc
1410 933 1559 983 recte
1592 931 1790 984 currit.
1829 928 2198 986 Occidentem

802 1000 1016 1054 Totum
1047 1000 1381 1055 devinciens
1410 999 1653 1055 salutari
1692 1000 1973 1065 doctrina,

801 1072 1311 1136 Quemadmodum
1342 1087 1450 1142 par
1478 1076 1588 1136 est,
1621 1077 1685 1126 ut
1710 1088 1840 1143 quae
1874 1070 2161 1125 universis
2194 1068 2485 1141 prmsidet,

797 1143 1003 1201 Totam
1038 1144 1189 1201 colat
1220 1142 1321 1203 Dei
1353 1142 1744 1203 concordiam.

1513 1266 1600 1326 De
1637 1275 2003 1329 sacramento
2046 1266 2437 1327 matrimonii.

328 1379 586 1437 Bonum
672 1398 807 1440 esse
890 1380 1398 1453 matrimonium,
1476 1382 1582 1441 sed
1660 1386 1872 1442 tamen
1930 1380 2272 1458 virginitati
2352 1378 2858 1458 posthabendum
2916 1382 3125 1437 censet
3182 1374 3511 1452 Gregorius
3571 1373 3675 1455 (ὁ).

268 1498 293 1533 α
330 1476 587 1535 Bonum
651 1485 748 1537 est
808 1478 1303 1551 matrimonium,
1357 1479 1613 1558 inquit;
1675 1480 1781 1538 sed
1838 1479 2007 1556 quod
2064 1477 2421 1556 virginitate
2480 1476 2879 1555 praestantius
2935 1476 3035 1545 sit,
3086 1472 3291 1532 dicere
3349 1490 3475 1531 non
3534 1491 3683 1550 pos-

262 1590 421 1633 sum.
475 1576 703 1653 Neque
762 1576 928 1635 enim
988 1594 1284 1653 magnum
1345 1577 1585 1654 aliquid
1643 1583 1803 1637 esset
1851 1577 2196 1655 virginitas,
2251 1575 2367 1636 nisi
2426 1593 2488 1634 re
2544 1575 2757 1651 aliqua
2813 1574 2979 1632 bona
3033 1571 3253 1632 melior
3299 1576 3360 1630 et
3416 1570 3681 1648 praecla-

263 1671 385 1730 rior
444 1678 632 1732 esset.
700 1673 905 1733 Nolite
960 1673 1081 1734 hoc
1138 1675 1399 1735 moleste
1458 1676 1636 1747 ferre,
1696 1693 1836 1753 quae
1897 1674 2283 1734 matrimonii
2330 1673 2485 1754 jugo
2543 1672 2841 1751 subjectae
2900 1670 3045 1730 estis
3097 1687 3109 1727 :
3177 1694 3206 1724 ‹‹
3259 1667 3504 1729 Οόθάίνρ
3559 1668 3683 1728 Deo

267 1779 496 1849 oportet
553 1772 750 1851 magis
805 1790 985 1851 quam
1041 1771 1368 1833 hominibus
1396 1771 1459 1825 ‘3.
1510 1796 1538 1827 ››
1606 1775 1912 1834 Caeterum
1976 1773 2181 1841 facite,
2244 1777 2313 1831 ut
2368 1771 2530 1831 inter
2588 1788 2697 1831 vos
2756 1769 2935 1848 quasi
2990 1766 3239 1827 vinculo
3293 1766 3684 1844 constringa-

270 1866 446 1939 mini,
508 1875 573 1927 et
628 1869 904 1946 virgines
959 1876 1021 1928 et
1076 1888 1323 1945 uxores,
1385 1877 1574 1948 atque
1635 1889 1827 1930 unum
1891 1870 2023 1930 sitis
2078 1871 2142 1929 in
2200 1868 2491 1939 Domino,
2548 1874 2961 1944 mutuumque
3009 1865 3149 1925 alim
3197 1864 3462 1924 aliarum
3496 1881 3683 1923 orna-

274 1971 582 2024 mentum.
635 1967 774 2025 Non
835 1972 995 2026 esset
1051 1967 1299 2039 caelebs,
1332 1968 1449 2027 nisi
1509 1968 1979 2027 matrimonium
2038 1973 2217 2027 esset.
2267 1966 2443 2027 Unde
2502 1965 2667 2025 enim
2723 1966 2786 2024 in
2844 1965 3007 2023 hanc
3060 1964 3253 2023 vitam
3312 1962 3490 2043 virgo
3549 1980 3686 2040 pro-

270 2061 541 2121 diisset?
598 2064 724 2122 Nec
778 2068 939 2122 esset
998 2063 1411 2124 honoriﬁcum
1472 2071 1533 2124 et
1591 2065 2017 2124 venerandum
2075 2064 2572 2135 matrimonium,
2625 2062 2742 2121 nisi
2800 2061 3104 2139 virginem
3166 2059 3494 2138 proferret,
3546 2066 3679 2118 tum

274 2160 418 2232 D80,
486 2166 620 2218 tum
680 2160 849 2219 νίίὣ.
901 2184 928 2214 ι)

578 2178 620 2217 1]
680 2160 849 2219 νίίὣ.
901 2184 928 2214 ι)

344 2257 673 2317 Secundae
733 2258 983 2336 nuptias
1038 2277 1165 2318 non
1225 2259 1472 2319 videtur
1528 2260 1817 2338 probare.
1878 2260 2000 2321 «Si
2057 2260 2220 2322 enim
2281 2260 2406 2320 duo
2463 2258 2691 2319 Christi
2746 2265 2910 2330 sunt,
2974 2257 3177 2335 inquit
3208 2255 3304 2334 (ε),
3357 2254 3483 2314 duo
3525 2273 3683 2331 quo-

277 2373 389 2431 que
443 2355 564 2414 viri
613 2356 760 2428 sint,
796 2361 858 2416 et
905 2356 1044 2416 dum
1096 2375 1343 2417 uxores.
1378 2358 1442 2418 Si
1491 2364 1701 2418 autem
1749 2376 1909 2417 unus
1957 2357 2260 2431 Christus,
2293 2376 2484 2417 unum
2532 2356 2821 2417 Ecclesiae
2872 2361 3082 2433 caput,
3116 2373 3243 2413 una
3289 2352 3477 2412 etiam
3537 2370 3683 2412 caro

276 2452 370 2525 sit,
424 2454 707 2516 secunda
753 2460 963 2518 autem
1014 2461 1369 2533 respuatur.
1421 2456 1599 2529 Quod
1658 2456 1708 2519 si
1763 2456 2101 2519 secundam
2152 2454 2507 2534 prohibeat,
2559 2456 2635 2517 de
2693 2454 2877 2518 tertia
2933 2452 3085 2531 quid
3142 2451 3474 2515 dicendum
3536 2450 3683 2510 est?

276 2551 553 2613 Primum
612 2551 715 2615 lex
774 2558 894 2627 est,
956 2554 1299 2617 secundum
1362 2553 1541 2616 venia
1596 2561 1657 2617 et
1712 2554 2140 2631 indulgentia,
2200 2553 2454 2617 tertium
2510 2551 2830 2630 iniquitas.
2894 2551 3011 2622 Qui
3068 2554 3278 2615 autem
3341 2548 3506 2613 hunc
3562 2566 3684 2609 nu—

274 2666 514 2710 merum
574 2649 840 2723 excedit,
902 2650 1199 2727 porcinus
1254 2650 1440 2728 plane
1497 2656 1609 2725 est,
1674 2658 1890 2729 utpote
1945 2670 2022 2711 ne
2086 2652 2282 2713 multa
2337 2651 2589 2729 quidem
2647 2650 2783 2711 vitii
2836 2648 3127 2726 exempla
3183 2646 3445 2709 habens.
3498 2670 3528 2702 »
3591 2647 3683 2709 Ex

275 2744 366 2806 his
421 2746 634 2809 verbis
683 2747 880 2808 critici
931 2748 1219 2809 nonnulli
1278 2749 1483 2811 minus
1530 2754 1696 2811 recte
1744 2749 2181 2813 existimarunt
2227 2750 2594 2827 Gregorium
2644 2749 2977 2813 damnasse
3020 2745 3326 2807 secundas
3379 2743 3629 2821 nuptias
3669 2762 3682 2809 :

272 2844 371 2905 sed
431 2845 777 2918 immerito,
834 2846 880 2907 si
936 2845 1187 2923 quidem
1239 2848 1549 2910 Novatum
1598 2849 1685 2907 ita
1738 2847 2106 2911 sentientem
2158 2847 2488 2925 impugnat
2531 2852 2594 2908 et
2638 2846 2864 2907 refellit
2896 2843 3007 2924 (d).
3064 2849 3305 2907 «Anne
3346 2841 3685 2920 juvenibus

272 2942 523 3020 quidem
580 2942 805 3016 viduis,
870 2950 1130 3022 propter
1186 2943 1389 3007 aetatis
1444 2944 1781 3017 lubricum,
1846 2945 2104 3008 ineundi
2161 2944 2544 3008 matrimonii
2601 2948 2973 3022 potestatem
3034 2940 3243 3003 facis?
3318 2941 3396 3003 At
3454 2938 3685 3003 Paulus

272 3036 385 3097 hoc
442 3039 652 3098 facere
711 3040 967 3100 minime
1025 3040 1336 3100 dubitavit
1366 3040 1507 3100 ⁴⁹....
1567 3040 1634 3121 (e)
1690 3046 1771 3103 At
1828 3042 1963 3104 haec
2022 3042 2278 3106 minime
2333 3049 2476 3120 post
2530 3041 2938 3120 baptismum,
2996 3038 3230 3117 inquis.
3291 3037 3424 3109 Οιιο
3486 3056 3680 3114 δινευ-

274 3144 480 3197 mento
532 3136 598 3199 id
644 3138 1037 3201 conﬁrmas?
1090 3140 1213 3201 Aut
1268 3157 1398 3199 rem
1445 3139 1534 3200 ita
1584 3157 1647 3199 se
1706 3139 1937 3200 habere
1982 3140 2201 3218 proba,
2257 3146 2366 3203 aut
2419 3140 2471 3205 si
2528 3139 2589 3205 id
2648 3140 2891 3218 nequis,
2943 3157 3020 3201 ne
3069 3136 3469 3199 condemnes.
3503 3134 3683 3208 Quod

272 3234 317 3294 si
374 3252 477 3295 res
532 3233 728 3295 dubia
784 3241 898 3306 est,
960 3235 1167 3297 vincat
1223 3236 1584 3298 humanitas
1642 3242 1705 3298 et
1762 3238 2045 3301 facilitas.
2089 3261 2119 3297 ››

344 3331 739 3410 Impudicam
799 3332 1049 3409 quidem
1111 3333 1432 3397 mulierem
1499 3334 1935 3412 expellendam
1993 3342 2206 3397 censet
2264 3335 2599 3417 Gregorius
2654 3334 2777 3415 (/),
2855 3352 2996 3394 cum
3076 3333 3139 3395 id
3199 3331 3481 3394 Christus
3537 3348 3681 3408 per—

270 3427 554 3499 miserit;
637 3429 895 3506 reliquis
961 3436 1168 3491 autem
1227 3431 1519 3493 omnibus
1573 3432 1635 3493 in
1694 3432 1879 3493 rebus
1937 3432 2129 3496 animi
2186 3433 2481 3511 aequitate
2537 3440 2600 3495 et
2659 3432 2959 3510 patientia
3019 3431 3107 3495 uti
3154 3430 3359 3508 jubet.
3416 3428 3482 3491 Si
3539 3428 3684 3487 fuco

266 3524 453 3586 illitos
515 3531 579 3586 et
636 3544 889 3586 cerussa
938 3527 1178 3589 colores
1232 3535 1295 3591 et
1351 3528 1675 3605 pigmenta
1735 3530 2119 3607 perspexerit
2174 3531 2288 3603 vir,
2350 3530 2471 3595 hoc
2526 3536 2753 3595 ornatu
2812 3529 3139 3593 mulierem
3200 3527 3448 3605 spoliet,
3510 3531 3685 3587 caete'

267 3639 457 3700 raque
520 3622 856 3684 inhonesta
914 3630 1198 3687 coerceat
1256 3632 1317 3685 et
1370 3625 1693 3702 reprimat.

341 3719 649 3781 Adclterii
710 3738 899 3780 causa
947 3739 1207 3783 uxorem
1262 3722 1575 3783 dimittere
1636 3722 1766 3782 viro
1829 3722 2254 3800 permittitur;
2318 3724 2565 3788 mulieri
2622 3730 2829 3787 autem
2895 3724 3096 3785 virum
3149 3720 3506 3785 dimittendi
3554 3738 3679 3779 non

270 3817 481 3877 eadem
542 3818 732 3878 datur
786 3817 1102 3879 facultas:
1158 3819 1319 3879 hanc
1377 3819 1577 3896 legem
1639 3838 1761 3883 nor.
1823 3820 2048 3897 probat
2106 3823 2461 3899 Gregorius,
2523 3840 2789 3899 eamque
2847 3822 3235 3900 impugnat:
3300 3818 3457 3892 Quid
3516 3817 3681 3877 enim

270 3931 467 3977 causa
526 3915 679 3987 fuit,
743 3916 951 3993 inquit
1007 3915 1131 3994 (g),
1212 3935 1323 3977 cur
1380 3918 1702 3977 mulierem
1763 3926 2149 3993 coercerent,
2216 3921 2441 3981 marito
2499 3926 2720 3983 contra
2777 3920 3175 3997 indulgerent
3218 3918 3348 3979 7....
3406 3917 3483 3976 Et
3541 3934 3681 3974 mu-

268 4010 377 4071 lier
432 4012 735 4091 quidem,
812 4032 953 4089 quae
1013 4014 1368 4090 improbum
1428 4015 1753 4075 consilium
1812 4016 2108 4079 adversus
2165 4017 2281 4080 viri
2339 4018 2434 4078 sui
2491 4018 2695 4081 oubile
2754 4018 3136 4096 susceperit,
3200 4014 3491 4077 adulterii
3544 4012 3679 4091 pia—

270 4109 404 4171 culo
461 4111 954 4188 constringatur,
1016 4111 1559 4189 acerbissimisque
1619 4112 1823 4189 legum
1887 4114 2088 4191 pmnis
2144 4117 2583 4187 excrucietur;
2669 4116 2758 4179 vir
2816 4122 3026 4176 autem
3088 4113 3194 4192 qui
3255 4113 3441 4173 ﬁdem
3500 4111 3682 4173 uxori

272 4205 478 4268 datam
543 4226 654 4287 per
708 4208 1089 4270 adulterium
1143 4209 1488 4279 violaverit,
1545 4210 1700 4269 nulli
1758 4211 2068 4289 supplicio
2121 4212 2430 4277 obnoxius
2487 4214 2622 4275 sit?
2698 4216 2870 4275 Hanc
2925 4213 3123 4290 legem
3183 4211 3676 4288 haudquaquam

277 4304 566 4379 probo....
621 4306 750 4366 Viri
808 4312 1006 4377 erant,
1057 4306 1164 4385 qui
1221 4305 1384 4368 hanc
1434 4306 1632 4383 legem
1695 4313 2060 4381 sanxerunt,
2112 4328 2185 4371 ac
2243 4316 2575 4388 propterea
2623 4312 2921 4374 adversus
2980 4309 3270 4371 mulieres
3318 4308 3445 4368 lata
3495 4314 3609 4367 est.
3649 4332 3675 4363 υ

349 4402 693 4482 Episcopos
740 4404 1095 4481 praecipuos
1148 4403 1533 4464 matrimonii
1585 4405 1774 4466 fuisse
1830 4406 2166 4481 ministros,
2221 4408 2573 4491 saepiusque
2623 4409 2977 4469 interfuisse
3029 4408 3175 4465 dum
3227 4405 3676 4477 celebraretur,

279 4501 669 4577 sequentibus
727 4500 1092 4562 conﬁrmari
1151 4507 1373 4580 potest.
1428 4501 1578 4562 Cum
1641 4504 1936 4581 Gregorio
1996 4523 2122 4567 non
2186 4505 2403 4569 liceret
2458 4506 2674 4569 adesse
2723 4505 3113 4583 Olympiadis
3161 4504 3417 4582 nuptiis,
3466 4502 3682 4563 scribit

283 4594 576 4676 Procopio
634 4600 715 4679 (Ιι)
784 4620 796 4663 :
889 4624 919 4655 «
974 4600 1292 4672 Quantum
1350 4599 1426 4659 ad
1488 4600 1874 4661 voluntatem
1932 4602 2199 4675 attinet,
2272 4609 2333 4665 et
2388 4605 2651 4675 adsum,
2731 4610 2794 4664 et
2848 4603 3036 4665 simul
3093 4603 3320 4665 festum
3378 4600 3674 4672 celebro;

284 4691 701 4776 juvenilesque
759 4698 1013 4760 dextras
1068 4698 1229 4759 inter
1286 4716 1351 4758 se
1399 4697 1625 4775 jungo,
1686 4705 1875 4776 atque
1935 4704 2231 4777 utrasque
2287 4702 2398 4766 Dei
2454 4702 2691 4763 manui.
2743 4727 2769 4757 ιι

1532 4831 1623 4891 De
1662 4832 2028 4892 invocatione
2054 4842 2411 4894 sanctorum.

361 4943 767 5006 invocationis
823 4953 1225 5019 sanctorum,
1288 4951 1477 5026 atque
1533 4945 1840 5026 imprimis
1897 4947 2098 5009 beatae
2157 4950 2465 5028 Virginis,
2544 4951 2715 5011 testis
2773 4950 3298 5030 locupletissimus
3370 4953 3462 5007 est
3531 4947 3685 5006 Gre-

300 5041 504 5113 gorios,
553 5044 659 5103 ubi
714 5043 854 5103 haec
903 5049 1121 5103 narrat
1170 5044 1240 5122 (ι)
1294 5044 1370 5103 de
1426 5042 1614 5102 beata
1659 5044 1907 5105 Justina
1956 5052 2254 5124 martyre,
2308 5066 2449 5125 quae
2506 5049 2909 5126 «desperatis
2958 5047 3248 5107 omnibus
3292 5045 3429 5105 aliis
3480 5060 3682 5103 reme-

304 5134 401 5192 diis
451 5138 521 5197 ad
577 5144 772 5201 Deum
835 5140 1137 5218 confugit,
1192 5147 1381 5217 atque
1438 5139 1737 5198 adversus
1795 5139 2228 5203 detestabilem
2278 5162 2557 5204 amorem
2614 5164 2912 5224 sponsum
2970 5163 3149 5203 suum
3212 5149 3546 5221 patronum
3606 5158 3679 5199 ac

304 5229 654 5298 defensorem
732 5239 1101 5299 assumit....
1165 5237 1583 5297 Christum....
1664 5236 2110 5318 Virginemque
2166 5243 2427 5302 Mariam
2486 5243 2751 5322 supplex
2809 5244 3182 5315 obsecrans,
3273 5248 3343 5301 ut
3421 5239 3669 5319 pericli-

362 5356 396 5388 ⁴⁸
422 5360 529 5414 Act.
560 5378 614 5430 v,
644 5364 733 5417 29.
816 5364 864 5396 ⁴⁹
894 5364 913 5417 Ι
946 5362 1099 5416 Tim.
1130 5378 1187 5427 v,
1223 5362 1307 5416 14.

360 5480 419 5543 (α)
455 5480 628 5534 Carm.
661 5482 739 5536 De
767 5482 889 5535 vita
918 5495 1048 5547 sua,
1080 5495 1135 5533 v.
1169 5479 1266 5533 571
1303 5484 1359 5533 et
1392 5494 1556 5549 seqq.
2115 5487 2139 5552 /
2211 5481 2305 5536 Or.
2338 5483 2428 5548 37,
2464 5500 2521 5537 n.
2550 5485 2603 5538 8.

360 5546 418 5623 (ὁ)
448 5548 534 5623 pr.
566 5553 652 5620 37,
686 5570 745 5607 n.
784 5554 875 5607 10.
2094 5481 2167 5623 Eg;
2214 5554 2380 5617 lbid.,
2421 5571 2477 5609 n.
2508 5556 2564 5609 6.

2115 5569 2147 5622 9

356 5546 418 5617 (b)
450 5548 534 5604 0r.
566 5553 652 5620 37,
686 5570 745 5607 n.
784 5554 875 5607 10.
1038 5546 1041 5547 ν
1473 5546 1492 5549 “
1518 5546 1534 5549 “

1038 5546 1041 5547 ⁷
1473 5546 1492 5549 ⁷
1518 5546 1534 5549 “
2094 5546 2167 5620 (g)
2214 5554 2380 5617 lbid.,
2415 5546 2477 5609 n.
2508 5556 2563 5609 6.

354 5618 409 5695 (qi
445 5621 598 5695 lbid.,
635 5618 693 5679 n.
729 5626 789 5680 8.

2094 5618 2181 5695 (Τί)
2220 5624 2403 5695 Epist.
2438 5626 2510 5680 al.
2543 5627 2632 5679 57.

349 5690 405 5769 [di
558 5690 643 5769 39,
678 5713 737 5751 n.
777 5696 874 5750 18.
2093 5690 2164 5766 (ι)
2206 5690 2299 5750 Οῐῖ.
2331 5698 2420 5769 24,
2456 5714 2509 5752 n.
2548 5699 2633 5768 10,
2668 5698 2755 5751 11.

347 5762 407 5830 (ε)
435 5764 495 5820 Ν.
530 5768 610 5821 19.
