4052 6276
381 431 495 491 123
1374 432 1791 492 PRJEFATIO
1836 433 1981 492 GEN

2170 433 2404 492 ms.—
2434 434 2634 521 PARS
2680 434 2788 495 III.
3664 446 3770 503 m

376 564 534 623 tanti
595 563 815 640 virgini
874 566 1194 643 suppetias
1250 566 1456 636 ferret,
1513 564 1738 643 jejunii
1797 571 1857 624 et
1914 564 2304 625 chameuniae
2360 566 2704 644 pharmaco
2762 587 2895 630 sese
2954 571 3354 646 communit;
3430 573 3649 650 partim
3713 583 3777 635 ut

379 662 595 720 formze
657 667 1048 722 venustatem
1109 670 1411 742 tanquam
1474 663 1831 722 insidiosam
1892 663 2297 735 obscuraret,
2360 664 2571 742 sicque
2630 667 2895 727 flammae
2958 670 3282 729 materiam
3350 670 3773 745 subtraheret,

378 777 454 817 ac
512 758 786 817 libidinis
833 759 1111 820 fomitem
1162 761 1556 834 absumeret;
1613 762 1840 839 partim
1902 767 1969 819 ut
2026 778 2137 838 per
2194 761 2375 821 ﬁdem
2427 770 2489 822 et
2548 764 2962 825 humilitatem
3027 769 3363 845 propitium
3423 770 3537 827 sibi
3584 772 3771 829 Deum

386 862 448 915 et
504 855 887 915 exorabilem
946 859 1256 918 redderet.
1306 862 1517 936 Neque
1574 859 1738 917 enim
1803 861 1963 917 Deus
2022 858 2152 917 ulla
2213 878 2277 918 re
2308 860 2598 936 perinde,
2634 868 2826 939 atque
2888 865 3245 924 voluntaria
3291 866 3568 944 corporis
3622 867 3775 925 afﬂi-

379 949 676 1019 ctatione,
736 951 1143 1024 conciliatur,
1206 953 1625 1030 lacrymisque
1684 952 2113 1012 misericordia
2170 953 2441 1013 vicissim
2501 957 2759 1033 rependi
2816 958 2993 1017 solet.
3055 980 3082 1013 ι)
3166 959 3433 1019 Dubium
3494 961 3777 1038 Gregorio

389 1065 513 1107 non
569 1053 703 1107 erat
750 1048 900 1126 quin
950 1050 1182 1110 sanctis
1228 1051 1289 1109 in
1341 1051 1499 1110 ccelo
1552 1056 1700 1110 nota
1746 1056 1952 1109 essent
2007 1056 2067 1109 et
2122 1057 2268 1110 vota
2317 1057 2549 1123 nostra,
2601 1060 2662 1112 et
2710 1055 2981 1131 plurima
3031 1075 3171 1134 quae
3220 1057 3322 1116 hic
3369 1058 3648 1134 agimus;
3699 1059 3780 1117 sic

387 1145 553 1205 enim
602 1144 678 1204 de
726 1145 1068 1206 Athanasio
1116 1148 1249 1225 jam
1302 1149 1428 1208 vita
1486 1149 1697 1207 functo
1757 1147 2035 1224 loquitur
2082 1146 2215 1225 (a):
2276 1173 2304 1203 ‹‹
2338 1152 2460 1208 Nos
2513 1156 2720 1209 autem
2773 1153 3011 1212 utinam
3061 1155 3193 1232 ipse
3242 1154 3547 1232 benignus
3605 1155 3780 1215 desu-

388 1260 501 1320 per
546 1248 607 1301 et
659 1242 945 1320 placidus
1001 1246 1289 1323 aspicias,
1352 1252 1538 1324 atque
1597 1245 1763 1304 hunc
1824 1244 2123 1322 populum
2181 1247 2511 1324 gubernes,
2565 1251 2909 1325 perfectum
2961 1252 3248 1329 perfectae
3280 1252 3615 1324 Trinitatis,
3650 1272 3781 1329 quae

386 1340 449 1399 in
482 1342 665 1399 Patre
715 1346 778 1397 et
826 1341 982 1402 Filio
1032 1349 1091 1401 et
1145 1344 1379 1421 Spiritu
1410 1350 1626 1403 sancto
1674 1342 2045 1420 intelligitur
2106 1348 2167 1402 et
2222 1344 2469 1420 colitur,
2522 1346 2969 1420 adoratorem;
3030 1368 3273 1426 meque.
3330 1351 3637 1429 siquidem
3694 1369 3783 1409 res

379 1443 621 1516 pacatae
680 1438 906 1497 futurae
965 1440 1108 1511 sint,
1167 1441 1229 1499 in
1288 1441 1415 1500 vita
1471 1447 1710 1512 teneas,
1768 1458 2151 1518 gregemque
2211 1460 2451 1501 mecum
2511 1462 2787 1521 pascas:
2853 1446 2947 1504 sin
3005 1454 3213 1506 autem
3281 1447 3554 1507 Ecclesia
3614 1448 3783 1507 bellis

380 1541 727 1618 ﬂagratura
782 1545 897 1609 est,
951 1538 1233 1613 reducas,
1287 1544 1396 1598 aut
1452 1556 1754 1605 assumas,
1810 1544 2143 1615 tecumque
2200 1544 2261 1597 et
2308 1557 2447 1598 cum
2510 1542 2599 1599 tui
2659 1543 2965 1602 similibus
3013 1543 3304 1618 colloces,
3362 1545 3607 1604 tametsi
3667 1563 3784 1603 ma-

381 1658 572 1717 gnum
633 1638 711 1697 sit
767 1636 933 1715 quod
995 1636 1263 1714 postulo.
1328 1660 1354 1689 ιι
1444 1638 1578 1694 Non
1636 1642 1879 1694 tantum
1940 1635 2394 1705 Athanasium,
2457 1640 2564 1697 sed
2625 1646 2686 1697 et
2743 1640 3038 1699 Basilium
3096 1642 3351 1701 invocat
3409 1650 3470 1701 et
3528 1642 3781 1719 (Jypria-

384 1753 533 1795 num
582 1734 664 1813 (ὁ)
722 1753 735 1806 ;
797 1733 1118 1810 sanctique
1176 1732 1467 1810 martyris
1523 1732 1833 1791 cineribus
1897 1732 2146 1791 morbos
2204 1740 2265 1791 et
2320 1734 2639 1794 daemones
2697 1736 2925 1814 depelli
2981 1738 3196 1798 scribit
3255 1739 3351 1817 (c).
3417 1741 3781 1798 Sanctorum

386 1832 792 1910 reliquiarum
851 1831 1110 1901 cultum,
1173 1829 1654 1903 invocationem,
1691 1829 2221 1901 intercessionem,
2258 1836 2385 1888 tam
2443 1850 2607 1910 saepe
2667 1840 2921 1911 tamque
2978 1843 3195 1912 aperte
3252 1836 3583 1913 proﬁtetur
3640 1839 3785 1895 Gre-

382 1931 616 2009 gorius,
672 1935 740 1988 ut
790 1929 852 1987 id
912 1946 1141 2005 negare
1198 1945 1337 1987 cum
1398 1927 1674 1987 hazretici
1732 1946 1853 1986 non
1905 1927 2164 2004 possint,
2218 1927 2381 2004 piam
2444 1928 2607 1988 hanc
2655 1931 3169 1990 consuetudinem
3226 1950 3458 1992 caecam
3510 1934 3569 1992 in
3618 1932 3787 1991 divos

377 2027 885 2105 superstitionem
943 2024 1263 2103 appellare
1320 2025 1453 2084 ausi
1513 2025 1657 2083 sint.
1721 2027 1813 2084 lta
1870 2024 2303 2103 Dallaeus(d):
2363 2052 2391 2079 ‹‹
2426 2027 2603 2085 Caeca
2650 2027 2711 2085 in
2772 2028 2948 2087 divos
2999 2030 3378 2107 superstitio,
3437 2049 3628 2107 quam
3689 2029 3785 2087 hic

375 2125 509 2204 ipse
565 2124 899 2203 Gregorius
956 2141 1079 2183 non
1137 2141 1359 2201 parum
1419 2123 1805 2201 promovisse
1861 2123 1989 2181 suis
2048 2128 2107 2181 et
2164 2123 2366 2183 verbis
2420 2130 2481 2184 et
2539 2126 2842 2204 exemplis
2903 2127 3168 2186 videtur.
3234 2152 3262 2183 »

1908 2307 1997 2367 De
2023 2309 2249 2387 gratia.

454 2465 654 2535 Quam
685 2462 921 2541 optime
953 2461 1301 2539 Augustino
1342 2468 1404 2522 et
1445 2463 1674 2522 Latinis
1706 2460 1899 2520 Graeci
1935 2462 2145 2520 Patres
2183 2461 2245 2519 in
2289 2480 2479 2522 causa
2510 2464 2726 2541 gratiae
2758 2464 3125 2537 assentiant,
3160 2464 3309 2524 satis
3339 2465 3779 2525 conﬁrmatum

374 2569 488 2634 est,
542 2562 811 2620 maxime
863 2578 900 2618 a
948 2559 1308 2619 doctissimo
1360 2558 1655 2619 Meldensi
1705 2559 2040 2637 episcopo;
2094 2564 2152 2617 et
2209 2560 2306 2618 vel
2357 2579 2515 2619 unus
2565 2562 2918 2637 Gregorius,
2977 2562 3039 2620 in
3090 2568 3262 2620 tanto
3312 2563 3486 2639 apud
3545 2564 3787 2620 Graecos

375 2659 629 2720 habitus
677 2658 938 2730 honore,
992 2656 1111 2717 hoc
1169 2676 1282 2717 suo
1341 2656 1638 2733 suffragio
1688 2656 2020 2714 evinceret.
2084 2655 2273 2715 Plura
2325 2657 2453 2732 jam
2516 2659 2594 2716 ab
2654 2659 3002 2735 Augustino
3061 2659 3358 2718 adversus
3424 2659 3791 2736 Pelagianos

377 2756 576 2816 nostri
604 2754 907 2832 Theologi
939 2754 1296 2813 testimonia
1333 2755 1577 2833 prolata
1618 2759 1780 2823 sunt,
1820 2752 2109 2830 quzedam
2154 2771 2229 2811 ex
2274 2754 2612 2831 deperditis
2643 2756 2836 2827 libris,
2883 2762 2941 2814 et
2986 2756 3233 2833 singula
3274 2764 3397 2816 tam
3444 2756 3792 2835 perspicua,

379 2862 508 2913 tam
560 2854 636 2912 ad
688 2852 1173 2912 controversiam
1211 2852 1664 2929 expediendam
1708 2857 1879 2928 apta,
1917 2857 1984 2909 ut
2029 2852 2413 2928 Augustinus
2459 2853 2592 2930 ipse
2640 2854 2701 2912 in
2755 2854 3051 2931 Gregorio
3102 2855 3295 2930 loqui,
3347 2862 3418 2913 et.
3468 2853 3799 2931 Gregorius

386 2948 756 3028 PelagianOs
805 2956 897 3010 tot
944 2956 1088 3009 ante
1136 2968 1334 3008 annos
1381 2949 1705 3008 confutare
1754 2948 2021 3007 voluisse
2070 2950 2449 3009 crederetur.
2502 2952 2645 3010 Haec
2693 2951 2909 3011 lectori
2967 2970 3112 3010 mox
3159 2953 3569 3023 constabunt,
3624 2952 3673 3011 si
3721 2949 3796 3009 ad

380 3049 683 3109 doctrinae
713 3050 920 3127 capita
966 3066 1107 3125 quas
1153 3046 1532 3106 exhibentur
1574 3046 1893 3125 paulisper
1922 3045 2131 3106 animo
2162 3046 2468 3107 attendat.

463 3147 627 3205 Nihil
688 3165 837 3206 sane
897 3146 1096 3222 magis
1153 3144 1370 3204 auxilii
1441 3144 1635 3205 divini
1693 3144 2122 3205 necessitatem
2184 3147 2435 3222 arguit,
2497 3165 2684 3224 quam
2746 3146 3119 3223 ignorantiae
3179 3148 3570 3225 quotidiana
3631 3146 3792 3205 difﬁ-

381 3246 681 3310 cultates,
743 3251 803 3304 et
859 3243 1162 3314 libidinis,
1225 3243 1323 3302 vel
1381 3244 1445 3301 in
1503 3243 1653 3321 ipsis
1712 3242 2095 3319 iustiﬁcatis,
2160 3243 2527 3303 miserandze
2587 3246 3071 3316 commotiones,
3134 3264 3289 3323 quas
3347 3246 3687 3322 Gregorius
3742 3248 3801 3301 et

379 3343 586 3420 palam
650 3343 969 3402 confessus
1028 3347 1140 3408 est,
1202 3346 1263 3400 et
1320 3358 1533 3399 amare
1590 3340 1918 3415 ingemuit.
1987 3340 2293 3399 «Invidia
2354 3341 2607 3413 diaboli,
2673 3342 2875 3418 inquit
2930 3342 3025 3419 (ρ),
3087 3345 3443 3420 persecutio
3504 3343 3801 3402 adversus

377 3440 485 3499 Dei
546 3439 913 3517 ﬁgmentum
974 3438 1245 3497 excitata
1301 3444 1439 3498 est:
1492 3437 1725 3496 idcirco
1772 3438 1881 3496 Dei
1937 3437 2146 3514 imago
2206 3439 2435 3514 probro
2496 3458 2568 3497 ac
2616 3439 2921 3497 dedecore
2977 3439 3225 3511 affecta,
3269 3447 3331 3498 et
3390 3438 3804 3517 quemadmO'

379 3538 527 3595 dum
582 3536 882 3596 mandato
944 3554 1161 3614 parere
1212 3534 1660 3603 reCusavimus,
1716 3535 1805 3594 ita
1861 3534 2127 3595 licentiae
2176 3536 2402 3595 erroris
2462 3536 2669 3595 traditi
2730 3555 2967 3595 sumus.
3002 3560 3031 3591 »
3099 3537 3335 3595 Bellum
3398 3538 3518 3596 hoc
3559 3535 3802 3595 intesti-

382 3654 575 3705 num,
654 3634 823 3712 quod
900 3651 975 3694 ex
1050 3635 1237 3694 variis
1310 3639 1373 3693 et
1450 3632 1861 3693 militantibus
1935 3633 2199 3692 invicem
2280 3633 2609 3693 contrariis
2670 3634 2987 3694 desideriis
3046 3634 3212 3693 intra
3266 3653 3383 3693 nos
3445 3635 3805 3711 frequenter

383 3732 680 3809 exsurgit,
745 3739 871 3791 tam
936 3730 1157 3790 vividis
1213 3730 1527 3791 coloribus
1584 3731 1886 3809 depinxit,
1953 3738 2075 3790 tam
2138 3749 2396 3791 nervose
2453 3732 2797 3808 expressit,
2872 3740 2939 3791 ut
3000 3733 3427 3809 Augustinus,
3505 3731 3805 3790 adversus

381 3831 753 3907 Pelagianos
804 3831 883 3890 de
931 3831 1048 3889 hac
1104 3850 1170 3890 re
1225 3848 1415 3907 agens
1448 3829 1558 3908 (Γ),
1612 3830 1981 3906 Gregorium
2031 3835 2248 3889 testem
2302 3830 2601 3888 adhibere
2651 3850 2773 3888 non
2828 3830 3228 3901 dubitaverit,
3263 3830 3447 3907 cujus
3494 3830 3691 3890 verba
3721 3827 3804 3906 lg)

381 3930 468 3988 sic
527 3929 743 3989 Billius
800 3928 1073 3988 reddidit
1135 3948 1147 3988 :
1236 3952 1263 3981 «
1328 3928 1615 3988 Nondum
1677 3928 1753 3985 de
1811 3927 2059 3987 interno
2117 3926 2324 3995 bello,
2401 3932 2590 4003 atque
2671 3928 2733 3984 in
2794 3927 3258 4005 nobismetipsis
3316 3936 3381 3987 et
3440 3929 3502 3988 in
3565 3925 3806 3986 affecti—

378 4026 493 4085 bus
552 4027 693 4098 sito,
745 4025 936 4085 verba
993 4025 1175 4097 facio,
1235 4043 1359 4101 quo
1414 4031 1597 4084 nocte
1649 4042 1720 4083 ac
1770 4024 1892 4093 die,
1948 4024 2176 4102 partim
2229 4024 2492 4094 occulte,
2551 4024 2777 4100 partim
2831 4032 3066 4101 aperte,
3119 4024 3196 4083 ab
3246 4025 3633 4084 humilitatis
3682 4040 3810 4082 cor-

382 4142 535 4203 pore
583 4124 992 4193 divexamur;
1054 4131 1114 4182 et
1172 4124 1250 4182 ab
1309 4142 1383 4182 ea
1441 4141 1581 4200 quae
1628 4142 1740 4181 nos
1803 4141 1913 4200 per
1961 4140 2197 4191 sensus,
2261 4129 2449 4198 atque
2481 4122 2604 4180 alia
2636 4122 2824 4199 hujus
2856 4124 2999 4182 vitae
3031 4123 3525 4195 oblectamenta,
3560 4139 3809 4181 sursum

382 4222 802 4298 deorsumque
832 4227 1057 4291 versat,
1103 4219 1472 4298 jactatione,
1524 4227 1713 4296 atque
1772 4238 1809 4277 a
1858 4219 1990 4277 luto
2050 4219 2240 4292 faecis,
2296 4219 2392 4277 cui
2453 4220 2626 4277 inﬁxi
2679 4238 2913 4291 sumus,
2967 4227 3028 4279 et
3083 4239 3119 4278 a
3178 4222 3423 4298 peccati
3486 4222 3627 4298 lege
3681 4218 3808 4297 spi—

382 4319 538 4378 ritus
596 4319 718 4397 legi
779 4326 1192 4396 repugnante,
1257 4317 1620 4395 regiamque
1676 4318 1739 4376 in
1803 4316 1981 4375 nobis
2036 4316 2401 4393 imaginem,
2459 4325 2520 4376 et
2576 4318 2879 4396 quidquid
2932 4318 3157 4377 divina:
3207 4318 3593 4377 deﬁuxionis
3634 4317 3812 4375 nobis

380 4418 729 4496 inspersum
792 4424 923 4487 est,
1002 4434 1402 4493 corrumpere
1460 4421 1748 4475 conante.
1816 4414 1933 4471 Vix
1988 4432 2178 4491 porro
2236 4415 2614 4491 quisquam,
2698 4435 2809 4475 nec
2867 4417 2981 4474 nisi
3045 4416 3337 4474 diuturna
3405 4414 3815 4494 philosophia

379 4516 654 4593 seipsum
714 4514 1049 4587 domuerit,
1104 4520 1292 4591 atque
1350 4514 1579 4573 animae
1639 4511 2030 4570 nobilitatem
2090 4517 2151 4570 et
2206 4511 2552 4571 claritatem
2606 4513 2685 4572 ab
2745 4532 2818 4572 eo
2868 4515 3033 4591 quod
3094 4514 3329 4572 humile
3391 4521 3489 4573 est
3549 4522 3614 4573 et
3669 4530 3810 4571 cum

376 4611 649 4671 tenebris
707 4611 1135 4689 conjunctum,
1189 4609 1494 4689 paulatim
1558 4608 1924 4685 abripuerit.
1978 4608 2073 4666 vel
2122 4610 2317 4667 Deum
2382 4610 2717 4687 propitium
2776 4621 2996 4669 nactus
3054 4612 3155 4679 sit,
3204 4616 3312 4669 aut
3362 4613 3562 4670 etiam
3622 4610 3812 4670 ambo

374 4708 509 4768 haec
568 4708 897 4781 habuerit,
979 4720 1169 4786 atque
1229 4707 1307 4767 ad
1370 4706 1587 4766 oculos
1645 4723 1888 4763 sursum
1950 4705 2278 4782 erigendos
2335 4724 2523 4783 quam
2590 4708 2857 4766 maxime
2917 4725 3048 4764 sese
3106 4708 3502 4780 exercuerit,
3598 4706 3813 4783 depri-

374 4812 644 4865 mentem
679 4806 1006 4864 materiam
1061 4824 1357 4881 superare
1412 4808 1688 4881 queat.»
1750 4803 1815 4862 Si
1865 4820 2211 4879 congegere
2261 4803 2473 4862 omnia
2529 4823 2669 4879 quae
2729 4809 2981 4862 sanctus
3029 4804 3248 4862 doctor
3307 4804 3383 4863 de
3448 4805 3576 4864 hoc
3628 4822 3818 4881 argu-

374 4911 586 4963 mento
668 4903 959 4962 disseruit
1013 4903 1512 4980 susciperemus,
1604 4900 1891 4957 volumen
1974 4918 2129 4977 pene
2194 4901 2506 4977 integrum
2568 4901 3049 4959 exscribendum
3108 4909 3268 4960 esset
3332 4918 3342 4958 '.
3440 4901 3762 4979 siquidem
3801 4931 3815 4954 ν

374 5003 453 5061 ad
514 5002 771 5061 intimos
834 5001 1080 5079 pietatis
1139 5020 1356 5059 sensus
1411 4997 1703 5057 cordibus
1763 4997 2199 5067 instillandos,
2282 4997 2435 5057 nihil
2497 5000 2700 5075 aptius
2759 5000 2819 5057 in
2883 4999 3172 5058 humanis
3237 4998 3562 5077 judicavit
3622 5016 3816 5077 quam

371 5101 803 5177 frequentem.
867 5119 1008 5177 qua
1069 5118 1181 5158 nos
1213 5098 1493 5173 undique
1554 5102 1887 5172 premunt,
1974 5096 2366 5154 miseriarum
2426 5096 2964 5156 enumerationem
3021 5115 3033 5168 ;
3114 5115 3254 5154 cum
3315 5102 3380 5155 et
3441 5096 3815 5174 superbiam

374 5196 707 5257 retundere
766 5204 826 5255 et
882 5198 959 5255 ad
1025 5196 1442 5254 humilitatem
1504 5194 1978 5271 orationemque
2046 5194 2387 5253 accendere
2466 5199 2591 5251 tam
2672 5194 3004 5253 salubriter
3077 5193 3351 5251 valeant.
3441 5196 3816 5272 Legendum

376 5295 650 5353 maxime
700 5312 953 5355 carmen
1005 5293 1212 5354 ﬂebile
1262 5291 1431 5370 quod
1498 5290 1580 5349 De
1636 5292 1848 5350 animae
1903 5309 2022 5349 suae
2076 5290 2513 5350 calamitatibus
2568 5290 2936 5369 inscriptum
2991 5296 3103 5363 est,
3168 5290 3348 5368 cujus
3403 5292 3547 5352 haec
3605 5309 3812 5370 pauca

372 5409 762 5469 promamus.

449 5531 520 5603 (a)
561 5529 655 5603 Or.
688 5532 780 5599 21,
809 5548 869 5586 n;
902 5531 992 5585 37.
2212 5528 2280 5603 (ε)
2449 5530 2541 5598 39,
2577 5546 2633 5584 n.
2665 5530 2720 5583 7.

471 5599 523 5673 ὁ)
563 5601 657 5673 Or.
690 5604 780 5673 43,
811 5619 870 5656 n.
902 5603 993 5656 81.
1102 5670 1145 5673 ν,
2211 5602 2277 5673 (f)
2320 5599 2441 5673 Lib.
2478 5618 2517 5654 11
2546 5605 2689 5673 cont.
2721 5602 2856 5667 Jul.,
2890 5619 2948 5656 η.
2982 5603 3035 5656 7.

471 5670 521 5741 c)
560 5672 655 5729 Or.
686 5670 777 5740 24,
812 5690 871 5728 n.
936 5673 971 5725 9
1002 5675 1059 5725 et
1087 5670 1174 5725 18.

1121 5670 1174 5725 8.
2209 5672 2281 5741 (g)
2321 5671 2416 5726 Or.
2446 5674 2502 5740 2,
2536 5690 2597 5726 n.
2625 5672 2714 5727 91.

452 5742 526 5813 (ά)
565 5747 698 5804 Adv.
734 5746 858 5800 Lat.
892 5742 1033 5798 trad.
1067 5743 1142 5797 De
1169 5742 1268 5799 rel.
1298 5742 1469 5811 cultu,
1503 5758 1559 5813 p.
1586 5742 1678 5796 53.
