4052 6276
272 445 377 503 125
1310 439 1722 502 ΡΗιΕΡΔΤΙΟ
1767 438 2231 500 GENERALIS.
2255 470 2333 484 —-
2361 438 2558 498 PARS
2603 437 2708 497 IlI.
3592 442 3708 501 126

861 580 948 647 (α)
989 579 1145 632 Inest
1177 575 1391 647 quippe
1422 573 1589 647 mihi,
1624 572 1780 626 inest
1811 571 2164 647 lex_duplex,
2199 586 2447 641 quarum
2482 569 2654 625 altera
2691 569 2929 647 quidem
2962 572 3113 627 bona

855 644 1085 703 Bonum
1118 644 1379 701 sectatur
1406 662 1418 711 ;
1454 644 1636 699 altera
1663 648 1859 698 autem
1893 644 2143 698 deterior
2175 647 2431 697 sectatur
2461 659 2587 712 quae
2618 644 2773 697 mala
2803 647 2959 697 sunt.

863 724 946 775 Ac
977 736 1045 775 ea
1072 718 1329 790 quidem,
1365 733 1491 790 quae
1523 717 1738 790 mentis
1768 719 1877 790 est,
1914 719 2115 790 parata
2144 719 2232 767 est

860 792 947 846 Ad
982 785 1650 849 obediendum‘Christo,
1686 785 1959 858 gradiens
1989 786 2058 839 ad
2091 785 2279 858 lucem
2313 801 2323 837 :

860 862 1058 917 Altera
1089 866 1308 927 autem,
1341 876 1465 929 quae
1496 856 1807 912 carnisiest
1837 863 1891 911 et
1922 856 2244 928 sanguinis,
2280 859 2548 929 prompta
2577 860 2665 910 est

860 935 952 987 Ad
986 926 1396 1003 excipiendum
1429 929 1629 1003 Belial,
1652 930 1804 1003 dum
1834 930 1905 983 ad
1937 926 2207 1003 tenebras
2238 926 2562 1003 trahitur...

860 1005 965 1059 His
997 999 1190 1059 autem
1224 1002 1619 1074 pugnantibus
1650 1000 1943 1074 inspector
1971 999 2405 1074 venitcgnlitus.

857 1077 1111 1147 Spiritus
1142 1070 1339 1145 magni
1362 1075 1493 1147 _Dei,
1529 1076 1586 1147 et
1617 1071 1796 1126 menti
1838 1087 2080 1147 manum
2113 1070 2309 1126 dedit:

855 1142 1127 1218 Corporis
1157 1142 1468 1218 perniciosi
1498 1143 1727 1218 solvens
1759 1142 2102 1210 tumultum,
2138 1147 2312 1211 atque
2345 1146 2602 1195 atrorum

854 1216 1245 1289 Compescens
1275 1216 1549 1289 vitiorum
1580 1217 1824 1289 fluctum
1856 1221 2283 1289 assurgentem.

857 1289 973 1344 Sed
1003 1283 1203 1344 tamen
1232 1288 1503 1342 rabidum
1540 1286 1748 1340 retinet
1774 1283 2053 1351 furorem,
2088 1301 2191 1339 nec
2222 1283 2370 1338 bello

857 1360 1097 1415 Desistit
1125 1376 1280 1425 caro,
1310 1357 1671 1429 inclinatque
1702 1356 1819 1411 huc
1845 1361 1902 1411 et
1934 1355 2075 1411 illuc
2107 1372 2322 1429 pugna.

855 1432 1158 1487 Interdum
1190 1430 1427 1499 quidem
1461 1424 1656 1483 mente
1685 1444 1818 1482 caro
1848 1424 2143 1499 domatur,
2176 1424 2403 1481 Rursus
2436 1424 2578 1480 alias

856 1503 1087 1580 Fortem
1119 1498 1355 1580 carnem
1389 1517 1554 1556 mens
1586 1500 1877 1580 sequitur,
1910 1516 2025 1580 no_n
2058 1498 2297 1580 volens;

852 1575 965 1629 Sed
996 1574 1138 1628 illud
1171 1572 1413 1643 quidem
1446 1567 1809 1642 concupiscit
1840 1567 1992 1643 quod
2029 1569 2239 1643 melius
2271 1572 2377 1623 est.
2416 1567 2578 1631 Quod
2611 1572 2808 1622 autem
2840 1569 2986 1635 odit,

953 1646 1100 1726 dum.
1125 1641 1282 1726 facit,
1315 1641 1725 1726 perniciosam.
1739 1641 2004 1723 deplorat
2026 1641 2397 1726 servitutem,

854 1717 927 1771 Et
956 1715 1136 1788 patris
1168 1710 1497 1788 primigenii
1531 1710 1957 1785 deceptionem,
1988 1717 2046 1767 et
2078 1710 2629 1788 matris__nefandam

856 1783 1433 1859 Transgressionem,
1470 1783 1691 1841 nostrae—
1713 1790 1956 1840 matrem
1986 1784 2246 1839 stultitiae
2279 1783 2343 1835 ⁵ο.

256 1930 485 1989 Tantas
544 1948 888 1990 aerumnas
944 1930 1088 1990 vitae
1145 1929 1441 1989 humanae
1503 1929 1660 1989 mira
1717 1928 2019 1988 varietate
2076 1934 2136 1987 et
2194 1926 2429 1985 intimis
2478 1926 2813 2003 gemitibus
2862 1927 3194 1986 lamentari
3227 1945 3352 1986 non
3386 1925 3698 2001 defatiga-

263 2032 392 2098 tur,
460 2033 562 2087 tot
630 2027 820 2087 malis
878 2033 941 2087 et
994 2028 1245 2088 ﬂetibus
1302 2034 1363 2087 et
1420 2027 1691 2106 querelis
1746 2026 2029 2086 solamen
2087 2025 2481 2103 aliquantum
2540 2043 2613 2083 ac
2674 2025 2981 2085 medelam
3042 2025 3324 2085 conferre
3382 2030 3695 2101 satagens-

267 2128 331 2184 At
387 2125 569 2186 unde
626 2126 923 2186 levamen
979 2133 1259 2205 speraret
1314 2126 1433 2185 nisi
1489 2145 1526 2185 a
1583 2125 1801 2203 spiritu
1862 2124 2103 2202 gratiae,
2156 2142 2343 2202 quem
2394 2130 2522 2183 tam
2572 2123 2716 2184 altis
2768 2124 3070 2202 suspiriis,
3125 2143 3196 2184 ac
3257 2125 3413 2183 votis
3460 2124 3699 2184 ferven-

271 2222 428 2282 tibus
490 2224 843 2295 sollicitat,
924 2231 986 2284 et
1041 2224 1119 2283 ad
1180 2242 1243 2284 se
1302 2224 1553 2284 allicere
1613 2223 1887 2282 nititur?
1938 2222 2112 2282 Sicut
2166 2222 2360 2299 igitur
2414 2222 2781 2281 innumeras
2836 2222 3061 2282 animae
3118 2222 3516 2281 inﬁrmitates
3570 2239 3695 2280 non

279 2320 579 2397 neglexit,
641 2321 749 2381 sed
810 2326 961 2381 satis
1017 2321 1313 2394 deﬂevit;
1373 2321 1461 2381 sic
1518 2320 1829 2380 medicum
1884 2320 2166 2380 bonitate
2225 2324 2286 2379 et
2343 2319 2624 2398 potentia
2679 2319 2881 2380 solum
2941 2320 3173 2380 morbis
3225 2328 3354 2380 tam
3406 2319 3603 2380 acutis
3635 2325 3696 2379 et

281 2418 606 2479 tenacibus
664 2419 961 2479 curandis
1014 2420 1308 2480 idoneum
1372 2438 1496 2479 non
1550 2419 1776 2479 desinit
1832 2418 2153 2497 appellare
2214 2438 2226 2477 :
2308 2424 2369 2477 et
2424 2419 2952 2495 quemadmodum
3016 2418 3354 2479 voluntatis
3427 2417 3693 2495 languo-

286 2534 407 2574 rem
473 2522 537 2576 et
592 2517 888 2577 inertiam
948 2518 1026 2576 ad
1102 2518 1335 2578 bonum
1395 2519 1629 2596 ubique
1684 2522 1979 2595 expertus
2035 2526 2097 2576 et
2166 2517 2482 2575 confessus
2538 2522 2630 2575 est
2682 2534 2696 2588 ;
2783 2517 2870 2576 ita
2924 2516 3229 2595 quidquid
3303 2515 3451 2575 boni
3508 2516 3577 2575 ﬁt
3629 2516 3694 2575 in

286 2613 460 2672 nobis
520 2620 581 2672 et
639 2633 675 2672 a
735 2614 936 2685 nobis,
989 2614 1069 2674 ad
1124 2618 1319 2675 Deum
1377 2615 1581 2675 cordis
1630 2614 1895 2673 humani
1942 2620 2244 2673 motorem
2297 2613 2616 2673 efﬁcacem
2666 2614 2895 2673 referre
2938 2621 3001 2674 et
3045 2614 3165 2691 ipsi
3211 2613 3521 2673 ascribere
3568 2631 3693 2672 non

291 2709 489 2769 haesit.
572 2711 817 2771 Bonum
881 2730 1067 2772 omne
1124 2730 1160 2771 a
1215 2715 1343 2773 Deo
1398 2712 1645 2773 initium
1706 2730 1953 2772 sumere
2003 2718 2064 2771 et
2118 2712 2197 2771 ad
2256 2712 2440 2771 ﬁnem
2503 2712 2799 2789 perduci,
2883 2712 3097 2789 paucis
3172 2712 3277 2771 sed
3336 2710 3696 2770 decretoriis

289 2812 601 2867 testatur:
671 2810 916 2881 «Deus,
979 2809 1185 2887 inquit
1239 2808 1344 2889 (b),
1409 2828 1447 2868 a
1499 2828 1625 2887 quo
1682 2809 1916 2869 bonum
1976 2827 2159 2869 omne
2220 2808 2463 2868 initium
2526 2809 2718 2883 ducit,
2780 2814 2968 2887 atque
3026 2810 3101 2868 ad
3157 2810 3344 2869 ﬁnem
3404 2809 3693 2886 perduci-

289 2910 409 2976 tur,
470 2904 746 2964 orationi
804 2906 1149 2984 opitulator
1204 2907 1479 2967 accedat.
1520 2930 1548 2963 ››

356 3000 741 3079 Principium
791 3001 943 3060 boni
992 3003 1220 3080 operis,
1265 3002 1526 3080 justitiae
1584 3010 1645 3063 et
1703 3001 1998 3064 bonitatis
2053 3004 2116 3063 in
2174 3004 2430 3064 homine
2478 3004 2616 3064 fons
2675 3011 2737 3064 et
2793 3005 2991 3081 origo,
3034 3004 3203 3064 haud
3235 3004 3422 3063 dubie
3451 3004 3693 3063 sincera

286 3096 459 3169 ﬁdes,
513 3098 693 3176 cujus
751 3099 998 3158 initium
1057 3106 1118 3160 et
1172 3102 1522 3180 profectum
1581 3101 1818 3179 absque
1881 3102 2005 3162 ulla
2060 3103 2458 3162 cunctatione
2513 3103 2846 3180 Gregorius
2902 3105 3030 3162 Deo
3087 3102 3411 3179 assignat:
3478 3125 3507 3155 ‹‹
3556 3100 3693 3159 Tri-

284 3195 573 3267 nitatem,
637 3196 838 3274 inquit
900 3196 996 3275 (ο),
1057 3216 1093 3257 o
1154 3199 1288 3270 viri,
1346 3199 1531 3258 unius
1585 3199 1845 3259 Deitatis
1901 3217 2031 3259 esse
2088 3201 2627 3273 fateamini,‘aut,
2686 3202 2737 3260 si
2794 3202 2991 3278 magis
3049 3201 3275 3278 placet,
3337 3199 3522 3258 unius
3580 3217 3692 3257 na-

283 3298 494 3365 turae;
558 3298 748 3371 atque
804 3292 971 3353 hanc
1022 3313 1237 3354 vocem
1296 3295 1504 3375 (Deus)
1561 3315 1598 3356 a
1656 3297 1891 3375 Spiritu
1953 3297 2125 3356 vobis
2180 3298 2659 3375 postulabimus.
2718 3298 2899 3358 Dabit
2943 3299 3107 3357 enim
3159 3298 3438 3376 profecto
3470 3314 3691 3356 secun-

288 3388 479 3460 dum,
547 3390 656 3467 qui
708 3391 981 3468 primum
1038 3392 1227 3451 dedit.
1291 3417 1320 3447 »
1407 3393 1544 3452 Jam
1613 3394 1777 3453 enim
1837 3393 2138 3471 Spiritum
2195 3401 2482 3453 sanctum
2543 3396 2705 3454 Patri
2764 3402 2822 3455 et
2882 3396 3037 3454 Filio
3097 3393 3693 3454 consubstantialem

280 3486 718 3561 crediderant,
805 3489 914 3548 sed
972 3492 1168 3548 Deum
1228 3491 1507 3568 proﬁteri
1564 3491 2028 3551 inﬁciabantur.
2089 3493 2219 3551 Hoc
2275 3493 2631 3552 testimonio
2713 3512 2858 3551 usus
2918 3500 3009 3552 est
3061 3492 3488 3570 Augustinus,
3578 3490 3689 3549 lib.

279 3581 364 3642 De
421 3584 576 3644 dono
624 3588 1107 3665 perseverantiae,
1166 3588 1272 3647 sed
1330 3588 1689 3666 interpretis
1742 3589 2073 3649 oscitantia
2136 3608 2258 3649 non
2319 3590 2472 3650 nihil
2532 3591 2986 3668 depravatum,
3053 3597 3118 3650 ut
3176 3590 3337 3650 bene
3396 3595 3696 3649 notarunt

280 3683 415 3754 eius
474 3681 748 3741 editores
802 3682 1147 3745 novissimi.

357 3778 521 3847 Quid
577 3779 806 3838 mirum
857 3779 1004 3838 inde
1052 3779 1102 3838 si
1150 3786 1402 3840 sanctus
1454 3782 1676 3841 doctor
1722 3786 2001 3842 errantes
2050 3802 2087 3842 a
2134 3785 2262 3843 Deo
2316 3783 2659 3843 illuminari
2708 3790 2767 3843 et
2824 3784 3145 3843 immutari
3204 3784 3497 3861 postulet,
3552 3802 3694 3843 cum

281 3874 457 3944 ﬁdes,
492 3894 685 3953 quam
745 3895 781 3935 a
837 3879 966 3936 Deo
1026 3877 1204 3937 nobis
1261 3879 1481 3938 donari
1539 3879 1903 3951 declaravit,
1957 3880 2091 3940 sola
2145 3881 2535 3941 inﬁdelitatis
2592 3882 2881 3940 tenebras
2938 3882 3287 3940 discutiat?
3353 3881 3528 3951 «Qui
3577 3900 3691 3940 au-

281 3978 432 4045 tem,
492 3974 700 4051 inquit
756 3973 867 4053 (εἰ),
928 3974 1119 4051 ligata
1176 3977 1468 4054 exponit,
1527 3984 1589 4036 et
1644 3996 1837 4036 nexus
1895 3978 2215 4050 dissolvit,
2274 3998 2345 4038 ac
2405 3979 2583 4038 nobis
2638 3979 2700 4037 in
2761 3986 3031 4038 mentem
3095 3979 3377 4051 induxit,
3443 3984 3509 4037 ut
3563 3978 3697 4038 vio‘

270 4069 586 4129 ientorum
650 4070 1026 4147 dogmatum
1087 4072 1490 4150 obliquitates
1548 4075 1968 4147 solveremus,
2050 4075 2321 4135 maxime
2379 4076 2630 4153 quidem
2690 4078 2960 4155 optarim
3025 4084 3090 4134 ut
3166 4077 3281 4136 hos
3358 4076 3697 4154 (Arianos)

281 4175 586 4241 mmutet,
639 4186 714 4227 ac
778 4187 891 4245 pro
948 4172 1415 4246 argutatoribus
1476 4172 1632 4249 pios,
1668 4179 1728 4231 et
1786 4191 1896 4250 pro
1958 4173 2051 4245 iis,
2103 4174 2210 4251 qui
2270 4192 2434 4233 nunc
2492 4175 2911 4252 appellantur,
2943 4174 3326 4234 Christianos
3374 4174 3692 4233 efﬁciat.»

351 4269 477 4325 Nec
540 4266 649 4343 qui
708 4266 897 4325 ﬁdem
953 4269 1341 4345 acceperint,
1396 4270 1513 4328 sibi
1561 4269 1694 4347 jam
1754 4271 1903 4329 satis
1962 4289 2093 4329 esse
2153 4271 2537 4331 arbitrentur
2594 4278 2663 4331 ut
2717 4272 3011 4349 deinceps
3069 4271 3385 4349 quoslibet
3446 4272 3696 4349 pietatis

277 4370 449 4422 actus
507 4371 818 4433 exerent;
880 4365 989 4425 sed
1048 4367 1254 4425 adhuc
1302 4374 1362 4426 et
1412 4386 1660 4446 semper
1705 4369 1857 4445 ipsis
1906 4368 2141 4428 auxilio
2200 4370 2411 4429 divino
2463 4389 2623 4447 opus
2671 4388 2825 4441 esse,
2883 4376 2950 4429 ut
2981 4375 3145 4429 recte
3180 4370 3371 4429 velint
3405 4376 3693 4447 recteque

280 4468 493 4535 agant,
554 4469 809 4522 sanctus
861 4462 1104 4536 doctor,
1164 4482 1238 4524 ne
1298 4465 1505 4524 fallaci
1563 4465 1946 4526 cunﬁdentia
1998 4467 2331 4525 cacutiant
2388 4473 2448 4527 et
2505 4467 2754 4539 cadant,
2818 4486 2922 4527 eos
2983 4473 3270 4545 potenter
3328 4486 3689 4527 commone-

286 4557 449 4627 facit,
514 4559 918 4637 eXplanando
979 4560 1097 4620 hoc
1155 4562 1498 4622 Salvatoris
1556 4562 1861 4623 effatum:
1931 4566 2130 4623 «Non
2190 4582 2405 4623 omnes
2465 4564 2723 4642 capiunt
2780 4565 3038 4624 verbum
3098 4566 3239 4634 hoc,
3303 4566 3413 4625 sed
3468 4565 3695 4643 quibus

290 4652 495 4713 datum
554 4662 648 4715 est
674 4658 741 4715 5‘.
778 4679 805 4711 ›)
874 4659 1214 4736 Postquam
1264 4660 1340 4738 (θ)
1396 4679 1432 4719 a
1491 4660 1921 4720 voluntatibus
1978 4661 2271 4720 humanis
2328 4680 2574 4721 omnem
2636 4662 2891 4721 fatalem
2952 4666 3380 4722 necessitatem
3444 4662 3689 4739 repulit,

296 4747 636 4813 libertatem
693 4755 1081 4826 asserendo;
1135 4757 1265 4831 jam
1327 4764 1398 4817 ut
1453 4776 1666 4816 eorum
1718 4759 1827 4835 qui
1879 4758 1995 4817 sibi
2028 4760 2104 4818 de
2154 4759 2419 4836 propriis
2448 4759 2681 4818 viribus
2713 4759 2971 4818 nimium
3004 4760 3419 4819 blandiuntur
3449 4760 3698 4836 frangat

294 4850 660 4924 superbiam,
724 4852 911 4911 verba
974 4852 1147 4911 Pauli
1209 4854 1451 4930 magnis
1510 4855 1754 4913 intonat
1810 4855 2116 4914 vocibus:
2186 4858 2382 4914 «Non
2441 4863 2533 4914 est
2588 4856 2877 4926 volentis,
2943 4875 3145 4934 neque
3204 4856 3529 4928 currentis,
3585 4857 3691 4915 sed

298 4944 619 5008 miserentis
669 4949 781 5008 Dei
812 4949 894 5019 5’;
931 4973 960 5003 ››
1024 4969 1099 5008 ex
1156 4951 1383 5027 quibus
1427 4953 1512 5011 sic
1563 4953 1751 5011 infert
1802 4972 1813 5011 :
1882 4978 1909 5007 ‹‹
1965 4954 2275 5023 Quoniam
2325 4955 2490 5012 enim
2543 4955 2828 5013 nonnulli
2875 4962 3038 5027 sunt,
3076 4954 3180 5031 qui
3215 4954 3294 5013 ob
3328 4961 3493 5013 recte
3524 4954 3689 5013 facta

297 5040 374 5098 ita
418 5045 633 5104 animis
682 5045 1050 5116 efferuntur,
1108 5054 1174 5105 ut
1230 5048 1292 5106 id
1344 5054 1541 5107 totum
1596 5050 1709 5108 sibi
1760 5050 1909 5127 ipsis
1959 5050 2295 5122 ascribant,
2353 5070 2463 5109 nec
2516 5052 2859 5129 quidquam
2910 5052 3211 5120 Creatori,
3263 5057 3322 5110 et
3366 5051 3686 5129 sapientiae

300 5153 494 5199 eorum
559 5144 825 5213 auctori,
886 5161 960 5202 ac
1017 5144 1325 5204 bonorum
1383 5148 1663 5205 omnium
1722 5147 2179 5225 suppeditatori
2238 5154 2563 5226 acceptum
2628 5150 2863 5217 ferant,
2929 5150 3022 5208 his
3083 5150 3286 5207 verbis
3347 5167 3451 5208 eos
3507 5149 3691 5208 docet

301 5234 550 5311 Paulus,
610 5242 774 5318 quod
837 5240 1042 5319 ipsum
1102 5242 1289 5301 etiam
1350 5250 1517 5304 recte
1579 5244 1734 5304 velle
1792 5244 2003 5304 divino
2060 5244 2340 5322 indigeat
2396 5245 2677 5318 auxilio;
2739 5247 2904 5317 imo,
2969 5246 3195 5305 rectius
3254 5247 3513 5324 loquar,
3578 5266 3687 5305 vo—

306 5326 492 5392 luntas
544 5354 793 5415 quoque
852 5337 1015 5415 ipsa,
1076 5345 1139 5397 et
1194 5338 1415 5398 electio
1472 5358 1715 5411 eorum,
1776 5358 1917 5418 quae
1974 5348 2146 5401 recta
2202 5346 2262 5400 et
2320 5359 2460 5400 cum
2522 5342 2729 5403 ofﬁcio
2788 5342 3126 5421 conjuncta
3182 5350 3349 5415 sunt,
3407 5343 3688 5402 divinum

370 5469 409 5501 “
434 5471 589 5529 Rom.
618 5492 717 5544 vn,
756 5476 941 5531 15.25.
1019 5476 1061 5510 ³¹
1091 5476 1295 5533 Matth.
1328 5494 1445 5547 xu,
1477 5479 1563 5534 11.
1640 5480 1685 5514 ⁵³
1714 5480 1881 5536 Rom.
1917 5496 1994 5548 Ix,
2031 5481 2117 5535 16.

372 5601 437 5684 (εἰ.)
472 5605 650 5684 gat-In.
686 5610 737 5681 4,
769 5627 828 5684 v_.
863 5610 931 5663 71
964 5612 1023 5663 et
1051 5626 1211 5682 seqq.

1052 5626 1211 5682 seqq.
2108 5613 2182 5684 (ἀ)
2222 5614 2317 5669 Or.
2350 5613 2439 5682 29,
2474 5632 2531 5669 n.
2563 5616 2652 5669 21.

373 5673 433 5757 Sb)
469 5676 554 5757 9r.
583 5680 639 5757 βε
761 5682 854 5757 12-
1130 5673 1190 5682 ··

1130 5673 1149 5681 ’
1173 5673 1190 5682 ’
2108 5673 2177 5757 (ei
2217 5684 2313 5739 Or.
2345 5673 2437 5755 37,’
2468 5704 2525 5741 η.
2562 5688 2645 5741 13.

373 5744 434 5813 (ε)
468 5747 552 5805 0r.
583 5744 667 5820 41,
698 5770 757 5809 n.
792 5753 855 5808 8.
