4052 6276
361 417 473 476 127
1367 421 1783 483 PRIEFA'I‘IO
1831 423 1961 483 GEI‘

2173 423 2286 485 ng.
2307 457 2383 469 -—
2412 423 2611 485 PARS
2657 422 2763 485 lli.
3651 420 3773 482 128

360 550 678 625 quoddam
730 551 1102 614 beneficium
1152 561 1265 629 est,
1323 561 1513 634 atque
1571 575 1607 616 a
1667 557 1775 616 Dei
1820 557 2208 634 benignitate
2261 575 2622 617 manans....
2675 556 2909 618 Idcirco
2959 556 3090 618 ait:
3151 579 3182 612 ι(
3234 573 3360 614 non
3411 553 3704 626 volentis,
3754 579 3780 609 ι

357 644 418 702 id
473 653 584 719 est,
637 667 760 707 non
811 649 1011 709 solum
1063 652 1355 723 volentis,
1423 677 1453 708 «
1501 671 1614 712 nec
1667 654 1969 714 currentis
2011 678 2040 708 »
2103 655 2325 728 solum,
2397 678 2427 708 «
2471 655 2577 712 sed
2629 678 2656 707 »
2721 654 2910 713 etiam
2973 677 3000 708 ι
3040 652 3388 712 miserentis
3420 652 3548 710 Dei.
3591 676 3618 706 »
3682 655 3775 710 ita

358 743 656 818 quoniam
717 746 873 805 velle
933 767 1182 826 quoque
1241 751 1445 828 ipsum
1504 770 1540 810 a
1599 755 1724 812 Deo
1783 758 1895 827 est,
1957 753 2196 830 optimo
2248 753 2391 830 jure
2447 759 2646 813 totum
2708 755 2833 814 Deo
2893 751 3255 831 assignavit.
3299 749 3780 821 Quantumlibet

360 860 595 917 curras,
649 851 1111 924 quantumlibet
1161 858 1380 924 certes,
1441 871 1600 931 opus
1654 853 1848 912 habes
1905 871 1979 912 eo
2035 854 2144 931 qui
2200 853 2310 912 dat
2364 870 2686 912 coronam.
2756 873 2783 907 α
2833 851 2960 911 Nisi
3010 851 3311 910 Dominus
3370 849 3785 908 aedificaverit

360 942 659 1016 domum,
738 946 801 1005 in
859 967 1089 1008 vanum
1149 951 1595 1010 laboraverunt
1653 952 1759 1029 qui
1820 951 2133 1012 aediﬁcant
2189 968 2352 1014 eam.
2428 949 2558 1012 Nisi
2617 950 2920 1010 Dominus
2991 949 3356 1011 custodierit
3412 947 3777 1011 civitatem,

360 1040 591 1100 frustra
649 1044 866 1122 vigilat
913 1047 1022 1123 qui
1070 1048 1341 1108 custodit
1387 1067 1524 1108 eam
1558 1050 1624 1108 ⁵³.
1667 1075 1693 1104 n
1747 1051 1913 1122 Scio,
1963 1049 2190 1128 inquit,
2235 1050 2403 1128 quod
2453 1068 2565 1110 nec
2615 1047 2921 1111 velocium
2971 1067 3189 1110 cursus
3238 1053 3330 1106 est
3379 1063 3492 1104 nec
3542 1043 3778 1103 bellum

357 1139 635 1213 fortium,
673 1161 783 1202 nec
825 1146 1243 1222 pugnantium
1277 1147 1560 1218 victoria,
1598 1166 1711 1207 nec
1757 1165 2054 1229 prospere
2088 1147 2519 1226 navigantium
2569 1152 2786 1226 portus
2819 1163 2834 1219 ;
2896 1146 3004 1205 sed
3053 1145 3163 1208 Dei
3211 1151 3320 1215 est,
3357 1149 3420 1203 et
3449 1141 3778 1201 victoriam

358 1235 604 1310 afferre,
641 1246 702 1300 et
739 1241 1116 1302 incolumem
1151 1244 1454 1322 scapham
1486 1245 1547 1304 in
1580 1251 1829 1324 portum
1863 1245 2224 1324 perducere.
2257 1268 2287 1301 υ

438 1334 597 1403 Quid
659 1338 895 1415 plura?
954 1346 1015 1398 et
1063 1341 1210 1418 quid
1264 1343 1380 1402 sibi
1432 1362 1728 1420 arrogare
1779 1343 2057 1403 humana
2102 1343 2394 1403 voluntas
2448 1348 2812 1420 praasumat,
2865 1359 3009 1402 cum
3057 1346 3120 1402 et
3165 1341 3300 1418 ipsa
3348 1339 3518 1398 bona
3547 1335 3780 1396 volun-

361 1436 478 1504 tas,
531 1441 591 1492 et
640 1436 861 1497 electio
913 1439 987 1497 ad
1040 1447 1207 1499 recte
1253 1442 1590 1517 agendum,
1647 1449 1707 1501 et
1756 1441 1933 1501 labor
1983 1447 2043 1500 et
2092 1459 2308 1501 cursus
2358 1447 2419 1499 et
2465 1439 2729 1499 victoria
2779 1445 2838 1498 et
2887 1437 3308 1508 incolumitas,
3362 1442 3421 1496 et
3469 1433 3778 1513 quidquid

358 1531 621 1605 cogitari
681 1540 884 1611 potest
944 1555 1140 1614 usque
1197 1537 1276 1595 ad
1338 1538 1724 1616 triumphum
1785 1546 1847 1600 et
1903 1538 2154 1616 plenam
2215 1543 2352 1616 post
2413 1537 2692 1616 pericula
2747 1536 3186 1607 securitatem,
3251 1541 3451 1594 totum
3512 1537 3638 1593 Deo
3698 1532 3778 1591 sit

358 1629 598 1705 optimo
651 1632 794 1707 jure
856 1633 1318 1692 tribuendum?
1376 1636 1531 1695 Hinc
1591 1637 1639 1694 si
1695 1640 1819 1696 Deo
1879 1654 2163 1706 munera,
2224 1636 2385 1711 grati
2445 1635 2640 1694 animi
2714 1634 3037 1711 obsequia.
3101 1633 3325 1693 oii‘erre
3386 1632 3775 1692 studeamus,

363 1745 484 1784 non
546 1745 581 1785 a
640 1728 818 1787 nobis
877 1736 1174 1808 tanquam
1235 1751 1310 1790 ex
1368 1733 1546 1792 nobis
1602 1733 1736 1796 haec
1792 1752 2197 1813 promamus,
2247 1733 2354 1792 sed
2413 1739 2716 1810 tanquam
2793 1731 2959 1791 dona
3032 1730 3226 1810 ipsius
3284 1729 3774 1800 muniﬁcentia,

359 1829 549 1900 prout
603 1833 771 1897 sunt,
831 1827 1108 1886 dicemus
1167 1829 1222 1887 ei
1281 1836 1342 1889 et
1396 1848 1734 1889 voveamus
1786 1849 1800 1902 ;
1863 1831 2032 1909 quod
2090 1837 2150 1889 et
2208 1829 2455 1908 pietatis
2514 1830 2785 1889 ofﬁcium
2849 1832 2975 1889 Deo
3034 1829 3456 1906 gratissimum
3517 1833 3610 1886 est
3667 1846 3779 1886 no-

361 1921 580 2000 bisque
639 1925 1144 1985 saluberrimum.
1213 1928 1480 2000 «Alius,
1542 1929 1746 2006 inquit
1803 1929 1907 2007 (a),
1972 1929 2176 1988 minus
2231 1928 2510 2004 quidem,
2574 1927 2734 1987 alius
2790 1927 3017 2005 majus,
3076 1945 3295 1986 omnes
3350 1931 3560 1985 tamen
3619 1925 3781 1984 citra

362 2021 793 2098 exceptionem
851 2023 1212 2097 offeramus,
1273 2026 1334 2083 in
1393 2045 1550 2104 opus
1605 2027 1983 2103 perfectum,
2043 2028 2106 2085 in
2163 2025 2594 2085 habitaculum
2652 2024 2911 2099 Christi,
2969 2026 3034 2084 in
3094 2024 3396 2102 templum
3456 2028 3770 2095 sanctum,

361 2118 850 2180 architectonica
909 2122 1178 2199 Spiritus
1254 2130 1386 2182 arte
1461 2125 1802 2183 constructi
1875 2131 1937 2183 et
1992 2123 2440 2201 coagmentati.
2475 2123 2633 2183 Illud
2691 2123 2944 2200 quidem
3001 2121 3258 2181 minime
3312 2120 3578 2180 dubium
3637 2127 3768 2194 est,

360 2217 532 2292 quin,
586 2217 831 2275 etiamsi
889 2219 1102 2277 omnia
1158 2221 1631 2292 contulerimus,
1691 2221 1894 2282 minus
1945 2226 2154 2280 tamen
2207 2220 2495 2280 collaturi
2543 2220 2756 2290 simus,
2811 2237 2999 2296 quam
3051 2219 3429 2296 accepimus.
3481 2217 3774 2288 Quando-

361 2314 612 2390 quidem
673 2315 864 2373 divini
924 2317 1208 2377 beneﬁcii
1265 2325 1356 2378 est
1412 2320 1579 2397 quod
1638 2338 1884 2391 sumus,
1949 2319 2117 2395 quod
2175 2319 2370 2378 Deum
2431 2317 2898 2396 cognoscimus,
2962 2317 3259 2394 quodque
3311 2316 3534 2386 etiam,
3598 2316 3773 2392 quod

362 2412 739 2483 offeramus,
826 2413 1151 2474 habemus.
1215 2438 1243 2472 »
1329 2417 1608 2476 Tandem
1669 2416 2011 2493 quemlibet
2086 2415 2435 2493 profectum
2495 2414 2556 2473 in
2610 2415 2839 2474 virtute
2910 2414 3277 2486 fecerimus,
3364 2413 3774 2491 quantumvis

362 2509 766 2568 immutemur
821 2511 886 2569 in
947 2512 1184 2584 melius,
1242 2533 1363 2573 non
1423 2514 1600 2573 nobis
1659 2513 2067 2590 gratulemur,
2121 2513 2229 2572 sed
2278 2513 2404 2571 Deo
2450 2511 2685 2589 gratias
2741 2512 3107 2581 referamus,
3163 2511 3342 2588 cujus
3389 2509 3651 2570 dextera
3698 2510 3772 2570 ﬁt

363 2606 497 2665 haec
555 2607 922 2685 quotidiana
981 2628 1222 2669 morum
1282 2611 1660 2680 emendatio,
1722 2615 1789 2669 ut
1848 2609 2183 2687 Gregorius
2241 2610 2572 2669 confirmat
2631 2608 2764 2668 haec
2816 2609 3007 2668 verba
3065 2609 3404 2686 Scriptura;
3460 2607 3773 2684 interpre-

360 2705 601 2765 tando:
655 2730 682 2759 α
718 2705 857 2765 Νοη
906 2707 1218 2786 apparebz's
1267 2710 1327 2767 ιή
1375 2718 1680 2788 conspectu
1727 2727 1848 2766 meo
1897 2727 2108 2768 vacuus
2137 2708 2181 2742 “
2211 2731 2237 2764 η
2291 2728 2303 2768 :
2364 2709 2649 2767 «Verum
2700 2707 2751 2766 si
2798 2706 2948 2785 quid
2998 2706 3245 2785 pulchri
3292 2705 3509 2777 habes,
3558 2710 3770 2764 tecum

358 2803 540 2861 feres.
600 2807 677 2862 At
729 2823 915 2875 nunc,
979 2806 1181 2882 inquit
1229 2806 1333 2884 (ὁ),
1396 2807 1639 2865 diverso
1697 2807 1886 2866 modo
1944 2824 2142 2865 novus
2198 2824 2454 2884 appare,
2506 2806 2594 2864 sic
2652 2823 2897 2884 nempe,
2959 2811 3030 2864 ut
3085 2809 3252 2864 totus
3308 2803 3768 2862 immuteris....

360 2901 514 2959 lluic
576 2902 758 2974 festo,
812 2904 1086 2962 muneris
1143 2904 1305 2975 loco,
1359 2905 1723 2982 praeclaram
1784 2904 2195 2963 mutationem
2247 2904 2420 2974 offer,
2476 2922 2546 2962 ac
2603 2921 2680 2963 ne
2734 2903 2821 2962 sic
2878 2903 3130 2980 quidem
3192 2901 3524 2980 magniﬁca
3582 2901 3658 2960 de
3709 2908 3771 2961 te

356 2999 608 3069 sentias,
659 3018 873 3058 verum
934 3002 1032 3060 dic
1089 3020 1231 3060 cum
1287 3002 1563 3062 Davide:
1621 3026 1649 3055 «
1684 3005 1827 3061 llaec
1877 3003 2139 3062 mutatio
2187 3003 2457 3062 dexteras
2508 3001 2749 3061 Excelsi
2779 3001 2844 3072 ⁵⁵,
2878 3022 2905 3057 υ
2957 3019 2995 3060 a
3043 3018 3169 3078 quo
3220 3005 3554 3079 promanat
3582 2999 3768 3078 quid-

354 3097 504 3173 quid
565 3097 643 3156 ab
705 3097 1065 3158 hominibus
1124 3107 1290 3159 recte
1346 3108 1408 3160 et
1465 3119 1604 3159 cum
1664 3101 1850 3160 laude
1907 3101 2163 3178 geritur.
2208 3124 2237 3155 »

434 3195 581 3265 Quis
639 3202 848 3254 autem
908 3197 1070 3256 inter
1129 3203 1221 3257 tot
1277 3198 1597 3275 pericula,
1678 3205 1770 3257 tot
1827 3199 2242 3259 tentationum
2299 3197 2516 3277 praelia
2572 3197 2790 3256 ﬁrmus
2845 3203 2905 3256 et
2959 3215 3216 3257 securus
3274 3195 3638 3274 gradietur,
3717 3196 3770 3256 si

356 3292 524 3350 solus
582 3301 799 3353 contra
858 3294 1067 3354 hostes
1128 3302 1253 3354 tam
1314 3296 1744 3356 formidandos
1797 3315 2078 3373 pugnare
2138 3302 2400 3373 cogatur
2447 3298 2475 3353 ‘?
2555 3298 2730 3355 Nunc
2788 3313 2936 3372 ergo
2995 3295 3464 3354 sollicitationes
3523 3293 3766 3366 mundi,

352 3387 660 3466 impulsus
716 3392 974 3463 diaboli,
1036 3393 1240 3451 carnis
1299 3393 1710 3466 titillationes,
1771 3395 2134 3472 cupidinum
2197 3400 2403 3461 mstus,
2471 3400 2532 3453 et
2587 3392 2893 3471 quidquid
2952 3393 3234 3451 animum
3293 3411 3330 3453 a
3386 3391 3616 3452 virtute
3669 3392 3776 3452 de-

344 3485 538 3562 jicere
589 3493 812 3564 potest,
847 3508 1165 3567 superare.
1202 3491 1617 3567 comprimere
1667 3498 1727 3550 et
1774 3492 2189 3570 exstinguere,
2226 3491 2434 3550 nullus
2475 3510 2624 3551 sane
2667 3496 2872 3568 potest
2910 3490 3028 3548 nisi
3067 3508 3187 3567 ope
3225 3489 3437 3549 divina
3485 3491 3770 3548 munitus

351 3591 412 3643 et
443 3585 715 3662 adjutus,
774 3595 839 3646 ut
883 3588 1217 3664 Gregorius
1265 3588 1449 3648 docet
1478 3588 1553 3668 (ο)
1589 3606 1601 3646 :

995 3710 1052 3783 Si
1084 3711 1307 3778 tremis,
1345 3713 1482 3782 quia
1513 3713 1789 3783 stipulam
1831 3713 2086 3767 scintilla
2128 3712 2268 3767 levis
2315 3712 2578 3766 accendit
2611 3729 2621 3764 :

990 3782 1246 3836 Coniide.
1284 3783 1473 3837 imber
1511 3800 1540 3838 e
1572 3782 1714 3838 caelo
1754 3785 2117 3855 refrigerabit
2146 3784 2440 3855 ingentem
2475 3784 2795 3836 ﬂammam.

352 3896 587 3965 Quibus
641 3896 930 3956 addenda
987 3915 1128 3974 qua
1186 3899 1570 3974 Augustinus
1630 3898 1713 3978 (ά)
1791 3919 1866 3958 ex
1926 3899 2251 3976 deperdito
2311 3916 2500 3976 opere
2560 3897 2840 3974 Gregorii
2897 3896 3209 3974 decerpsit
3279 3902 3341 3955 et
3423 3896 3686 3974 protulit
3752 3917 3766 3958 :

359 4019 386 4052 ‹‹
435 3999 660 4056 Anima
708 4015 1005 4074 namque,
1060 4016 1202 4056 cum
1253 3999 1314 4056 in
1375 3999 1692 4059 laboribus
1741 4000 1924 4059 fuerit
1974 4007 2036 4059 et
2092 4001 2151 4058 in
2215 3999 2541 4077 angustiis,
2593 4017 2733 4057 cum
2786 3997 3096 4057 hostiliter
3148 4006 3405 4075 urgetur
3457 4017 3494 4057 a
3550 4016 3763 4070 carne,

355 4100 502 4152 tunc
560 4097 636 4154 ad
697 4098 892 4154 Deum
953 4095 1200 4171 refugit,
1263 4103 1322 4156 et
1379 4098 1696 4174 cognoscit
1755 4098 1919 4156 unde
1978 4098 2200 4156 debeat
2258 4097 2559 4155 auxilium
2619 4114 2895 4174 poscere.
2954 4120 2978 4150 ι

434 4194 570 4252 Jam
631 4211 778 4251 vero
839 4199 905 4250 ut
963 4193 1078 4252 sibi
1138 4213 1469 4272 supernam
1525 4196 1814 4254 virtutem
1878 4195 2185 4264 conciliet,
2247 4193 2397 4270 quid
2454 4193 2814 4270 sapientius,
2877 4191 3028 4269 quid
3087 4191 3399 4250 salubrius
3459 4192 3766 4270 languens

354 4298 413 4349 et
471 4291 782 4349 invalidus
839 4293 1242 4368 excogitaret,
1306 4311 1494 4370 quam
1559 4299 1759 4353 totum
1819 4293 2045 4351 divinae
2105 4292 2322 4369 gratiae
2379 4310 2441 4350 se
2499 4291 2925 4362 committere,
2990 4291 3115 4349 suis
3173 4290 3502 4349 conatibus
3552 4292 3763 4350 nullo—

357 4388 541 4446 modo
595 4388 982 4447 subnixum?
1036 4392 1157 4448 Nec
1213 4390 1416 4449 minus
1469 4391 1860 4468 probandum
1914 4390 1985 4462 si,
2020 4389 2326 4466 quidquid
2378 4392 2599 4465 potest,
2637 4387 2939 4466 quidquid
2985 4386 3170 4457 valet,
3204 4387 3448 4446 Christo
3499 4387 3772 4448 libenter

352 4485 564 4544 omnia
596 4486 919 4545 concedat.

994 4612 1059 4680 te)
1103 4614 1164 4665 In
1198 4617 1272 4679 te,
1306 4611 1550 4672 Christe.
1591 4611 1718 4682 plus
1752 4611 1933 4665 habeo
1968 4611 2189 4664 ﬁduciae
2221 4627 2396 4680 quam
2440 4611 2495 4664 in
2531 4609 2834 4664 conatibus
2868 4610 3077 4666 meis...

994 4686 1058 4752 (Γ)
1101 4683 1178 4735 Ex
1211 4689 1284 4745 te,
1330 4684 1386 4736 in
1420 4689 1492 4751 te,
1529 4683 1720 4748 Beate,
1756 4699 1959 4737 rursus
1991 4682 2221 4735 intueor
2253 4682 2429 4735 robur
2459 4699 2722 4735 meum...

992 4757 1061 4823 (g)
1107 4755 1220 4808 Rex
1253 4755 1498 4821 Christe,
1532 4761 1593 4809 tu
1629 4754 1771 4808 mihi
1805 4754 2014 4824 patria,
2049 4755 2244 4820 robur,
2278 4753 2510 4822 divitiae,
2545 4753 2762 4808 omnia.

353 4875 423 4928 lit
477 4876 714 4947 quanta
771 4869 849 4928 sit
909 4871 1126 4946 gratiae
1186 4872 1402 4942 virtus,
1467 4878 1704 4948 quanta
1763 4871 1898 4946 ejus
1955 4870 2017 4929 in
2078 4870 2265 4929 corde
2325 4873 2631 4929 movendo
2685 4867 3043 4939 efﬁcacitas,
3105 4868 3285 4928 nobis
3332 4868 3608 4946 graviter
3666 4869 3766 4928 in-

349 4967 577 5037 culcat,
640 4968 788 5025 dum
847 4969 1030 5027 toties
1091 4971 1330 5046 profert
1388 4970 1691 5028 miracula
1749 4987 1888 5046 quae
1947 4967 2229 5028 Christus
2288 4968 2656 5046 corporibus
2714 4966 3007 5026 sanandis
3063 4966 3276 5038 edidit,
3331 4973 3399 5025 ut
3456 4967 3591 5045 ejus
3649 4985 3769 5045 po-

352 5065 611 5124 tentiam
676 5066 976 5124 illustrius
1035 5067 1445 5126 demonstret.
1543 5091 1571 5120 ‹‹
1627 5067 1836 5125 Jesum
1894 5065 2166 5138 videbis,
2249 5065 2453 5143 inquit
2506 5063 2628 5145 (ἡ),
2687 5064 3051 5142 angelorum
3113 5063 3456 5123 ministerio
3515 5064 3641 5136 uti,
3705 5070 3772 5125 et

358 5165 608 5225 morbos
662 5183 878 5225 omnes
929 5186 1000 5225 ac
1058 5167 1393 5243 languores
1441 5183 1684 5237 curare,
1735 5171 1794 5224 et
1851 5171 2132 5225 mortuos
2189 5167 2266 5225 ad
2328 5166 2517 5224 vitam
2573 5182 2884 5231 revocare.
2928 5163 3460 5242 quemadmodum
3517 5164 3764 5226 utinam

355 5268 413 5321 te
471 5281 722 5340 quoque
781 5263 922 5322 ﬁdei
982 5265 1288 5343 pravitate
1347 5271 1752 5322 mortuum.»
1812 5265 2079 5322 Tantam
2137 5263 2361 5322 divinae
2417 5261 2635 5342 gratias
2684 5261 3002 5334 ﬁduciam,
3054 5268 3295 5322 tantam
3349 5263 3425 5322 de
3473 5280 3588 5322 sua
3627 5263 3768 5322 efﬁ-

425 5406 467 5438 ⁶⁸
502 5404 653 5460 Psal.
688 5422 874 5470 CXXVI,
912 5408 960 5460 1.
1039 5408 1083 5440 ⁵⁸
1118 5406 1289 5460 Exod.
1325 5423 1512 5470 xxxw,
1546 5407 1634 5459 ‘20.
1713 5406 1756 5439 ⁸⁵
1787 5405 1938 5460 Psal.
1976 5424 2025 5460 ι.)

688 5422 874 5470 CXXVI,
912 5408 960 5460 1.
1039 5408 1083 5440 ⁵⁸
1118 5406 1289 5460 Exod.
1325 5423 1512 5470 xxxw,
1546 5407 1634 5459 ‘20.
1713 5406 1756 5439 ⁸⁵
1787 5405 1938 5460 Psal.
1976 5423 2157 5472 Lxxw,
2196 5407 2279 5460 11.

425 5541 498 5606 (τι)
542 5540 635 5593 Or.
674 5541 758 5605 19,
793 5558 850 5594 η.
885 5542 938 5593 8.

2186 5543 2252 5602 te)
2294 5541 2485 5593 Carm.
2517 5539 2605 5591 97.

429 5611 497 5676 (b)
538 5611 632 5664 0r.
668 5613 753 5676 44,
789 5630 844 5664 n.
878 5611 930 5662 8.
2183 5613 2255 5682 (Ι)
2298 5611 2489 5664 Carm.
2526 5613 2577 5675 8,
2609 5626 2664 5662 v.
2705 5607 2931 5680 penult.

427 5683 495 5748 (ο)
537 5683 728 5736 Carm.
765 5682 837 5736 a1.
873 5685 924 5749 3,
958 5698 1008 5734 v.
1046 5682 1135 5744 66,
1167 5682 1256 5733 67.
2185 5679 2256 5752 lg)
2296 5682 2486 5735 Carm.
2522 5685 2606 5734 De
2634 5679 2744 5734 reb.
2778 5696 2912 5742 suis,
2947 5679 3102 5733 circa
3132 5679 3331 5734 ﬁnem.

429 5753 501 5822 id)
541 5757 712 5823 Aug,
748 5753 786 5806 l.
819 5770 874 5806 x1
907 5762 1048 5806 cont.
1083 5753 1216 5819 Jul.,
1253 5771 1306 5805 n.
1341 5753 1393 5805 7.
2187 5753 2258 5823 (ἡ)
2301 5753 2394 5807 Or.
2429 5753 2519 5821 38,
2553 5770 2610 5806 n.
2647 5754 2730 5806 16.
