4052 6276
236 318 334 381 139
1244 309 1662 374 ΡΒΛΕΡΛΤῙΟ
1708 310 1836 373 GEl

2048 311 2260 373 QlS.—-
2288 308 2489 371 PARS
2534 308 2641 369 Ill.
3530 311 3648 370 130

228 452 475 513 cacitate
526 448 906 528 opinionem
955 452 1016 507 et
1068 446 1595 508 existimationem
1644 448 1710 507 in
1770 450 1981 507 mente
2029 443 2273 517 habuit,
2329 451 2398 505 ut
2446 444 2719 504 carmine
2770 443 2857 503 De
2903 442 3073 503 rebus
3117 443 3236 502 suis
3289 461 3363 503 ea
3413 443 3644 504 virtute

231 568 337 629 qua
392 549 550 609 olim
606 547 899 608 Christus
949 545 1199 606 morbos
1248 545 1508 625 depulit,
1565 547 1881 606 daemones
1929 542 2311 617 exturbavit,
2362 548 2646 603 mortuos
2699 542 2777 601 ab
2823 541 3037 602 inferis
3086 542 3403 614 excitavit,
3457 542 3645 602 simili

226 648 592 728 operatione
654 646 787 705 vim
843 644 1061 723 gratias
1116 644 1179 703 in
1212 661 1390 703 suam
1423 644 1699 705 animam
1760 661 2013 705 exerere
2051 640 2486 703 ardentissime
2543 645 2817 720 exoptet.

1537 780 1613 847 (a)
1652 774 1883 831 Fortem
1914 780 2075 831 tuam
2107 790 2349 847 manum

1021 846 1204 915 Mitte,
1239 851 1295 903 et
1325 844 1605 903 dolorum
1630 848 1715 902 fer
1744 847 2094 914 remedium,
2128 863 2193 901 ac
2224 846 2280 900 in
2314 860 2407 900 me
2438 844 2635 900 omnia

1021 919 1411 1002 giracula,_et
1442 919 1845 1002 prodigiorum
1876 918 2173 1000 virtutem,
2207 923 2273 1002 ut
2303 916 2443 1002 olim
2475 916 2735 972 ostende.

1025 991 1149 1063 Dic,
1181 995 1237 1045 et
1267 989 1568 1047 celerrime
1600 989 1790 1046 fluxus
1823 991 2185 1063 sanguineus
2218 989 2469 1063 desinat.

1025 1060 1142 1135 Dic,
1165 1067 1233 1135 et
1264 1079 1573 1134 porcorum
1604 1079 1837 1135 gregem
1873 1058 2217 1117 in'furorem
2250 1064 2381 1135 agat
2411 1058 2658 1133 legionis

1026 1130 1299 1204 Spiritus,
1335 1139 1391 1189 et
1422 1135 1479 1189 in
1515 1130 1676 1189 mare
1704 1130 1894 1201 cadat,
1927 1138 1985 1189 et
2014 1149 2048 1188 a
2078 1146 2170 1188 me
2200 1130 2449 1188 recedat.

1026 1206 1273 1276 Lepram
1304 1206 1537 1262 tristem
1568 1222 1819 1269 remove,
1852 1206 2052 1260 lumen
2084 1205 2320 1259 accedat

1029 1276 1225 1331 Oculis
1253 1278 1440 1343 caecis,
1475 1282 1533 1332 et
1562 1293 1733 1333 aures
1765 1294 1975 1333 sonum
2008 1277 2272 1331 audiant.

1026 1349 1262 1404 Aridam
1295 1365 1536 1404 manum
1569 1364 1759 1404 meam
1792 1349 2053 1404 extende.
2086 1346 2334 1418 Vincula
2364 1346 2576 1418 linguas

1031 1420 1281 1491 Rumpe,
1313 1424 1370 1476 et
1398 1421 1613 1492 pedum
1645 1421 1817 1475 firma
1846 1434 2117 1492 gressum
2148 1417 2418 1475 debilem.

1031 1496 1110 1546 Ex
1141 1492 1366 1547 modico
1398 1509 1547 1563 pane
1578 1493 1747 1548 satia.
1782 1493 1985 1563 Sterne
2015 1508 2177 1547 mare

1032 1563 1335 1618 Terribile.
1373 1562 1747 1635 S’plendidius
1788 1562 1907 1618 sole
1937 1580 2197 1619 corusca.

1032 1634 1165 1707 liige
1198 1631 1464 1690 membra
1492 1634 1978 1707 ingravescentis,
2013 1638 2069 1689 et
2100 1650 2167 1689 ex
2198 1631 2445 1707 mortuis

1030 1703 1259 1761 Rursus
1288 1707 1511 1762 suscita
1542 1703 1835 1761 {fetentem
1866 1731 1878 1770 ;
1911 1721 2015 1761 nec
2047 1722 2140 1760 me
2170 1703 2625 1772 infructuosum,

1025 1777 1340 1848 Postquam
1374 1778 1554 1833 veluti
1584 1780 1761 1833 ﬁcum
1792 1777 2028 1847 videris,
2062 1776 2363 1833 arefacias.

235 1905 419 1981 lgitur
478 1901 807 1962 miracula
860 1918 1000 1980 qua
1057 1901 1339 1969 Christus
1396 1902 1591 1962 edidit
1647 1902 2015 1981 corporibus
2071 1898 2407 1962 sanitatem
2467 1901 2888 1973 restituendo,
2974 1901 3221 1961 nonnisi
3299 1903 3520 1963 umbra
3596 1912 3660 1965 et

246 2002 451 2080 ﬁguras
505 2000 965 2060 miraculorum
1016 2018 1157 2079 quas
1206 2000 1484 2078 quotidie
1532 2006 1852 2079 operatur,
1906 2000 2056 2061 dum
2119 2000 2405 2060 homines
2462 1999 2543 2059 ad
2601 1999 2867 2059 salutem
2923 1999 3212 2072 reducit;
3264 2018 3379 2060 nec
3436 2002 3669 2063 minori

249 2101 467 2161 virtute
525 2117 603 2158 ac
659 2098 949 2176 potentia
1000 2097 1063 2157 in
1120 2098 1363 2158 animas
1421 2099 1554 2176 agit
1610 2115 1800 2176 quam
1858 2097 1922 2157 in
1980 2114 2287 2176 corpora,
2349 2098 2635 2175 quinimo
2694 2097 2939 2175 majori,
3005 2115 3145 2156 cum
3206 2104 3268 2156 et
3326 2099 3667 2160 voluntatis

252 2196 735 2276 repugnantiam
796 2194 1173 2272 compellere
1226 2212 1475 2255 necesse
1532 2194 1631 2269 sit,
1694 2201 1757 2255 et
1812 2195 1951 2273 ejus
2003 2195 2360 2255 libertatem
2411 2195 2802 2273 permulcere
2859 2211 2931 2254 ac
2982 2199 3271 2266 tractare,
3324 2202 3395 2254 ut
3439 2214 3669 2275 pravos

256 2292 444 2352 cordis
496 2291 765 2351 aﬂ'ectus
810 2307 932 2349 non
982 2289 1288 2367 cogendo,
1350 2289 1458 2349 sed
1515 2289 1675 2349 mira
1731 2290 2041 2351 suavitate
2098 2289 2519 2361 immutando,
2578 2289 2857 2349 animum
2908 2289 2987 2349 ad
3034 2308 3098 2349 se
3145 2289 3485 2351 efﬁcaciter
3516 2310 3661 2352 con-

258 2397 471 2451 vertat.

328 2489 387 2549 Si
450 2486 679 2566 gratiae
741 2485 1174 2546 necessitatem
1231 2490 1294 2545 et
1352 2486 1475 2546 vim
1530 2486 1721 2546 tantis
1779 2485 2027 2546 attollat
2079 2485 2330 2557 studiis,
2395 2485 2723 2564 mqualiter
2777 2483 3191 2545 saluberrima
3248 2503 3392 2563 quae
3448 2488 3673 2547 exinde

261 2589 541 2647 oriantur
616 2583 871 2662 pietatis
929 2583 1168 2643 monita
1224 2584 1488 2662 prodere
1562 2584 1682 2663 ipsi
1742 2601 1894 2644 cura
1950 2590 2080 2657 est,
2161 2591 2228 2643 ut
2293 2584 2382 2643 sic
2435 2584 2681 2644 sincera
2736 2583 2899 2661 grati
2953 2584 3146 2643 animi
3200 2586 3549 2644 reverentia
3605 2604 3676 2644 ac

264 2685 459 2745 cordis
509 2681 877 2743 humilitate
925 2682 1193 2761 gratiam
1247 2682 1325 2742 ad
1372 2700 1487 2742 nos
1534 2682 1947 2760 pelliciamus,
2002 2688 2064 2742 et
2112 2681 2366 2742 assidua
2412 2682 2695 2742 oratione
2739 2700 3111 2760 summaque
3158 2680 3486 2760 vigilantia
3535 2702 3673 2743 eam

256 2785 310 2843 in
365 2782 555 2844 nobis
623 2781 951 2840 foveamus
1008 2786 1070 2839 et
1125 2778 1574 2857 adaugeamus.

726 2912 805 2982 (a)
847 2911 1109 2976 Gradior,
1142 2928 1258 2966 non
1293 2912 1418 2966 sine
1451 2912 1673 2983 praemii
1708 2928 1831 3038 spe,
1863 2912 2015 2967 inter
2044 2913 2397 2967 currendum
2432 2912 2694 2967 membra
2726 2912 3103 2983 protendens,

726 2981 1023 3038 Christum
1055 2982 1279 3038 habens
1314 3000 1415 3038 oro
1448 2984 1668 3038 afﬂatu.
1703 2983 1742 3037 C
1789 2982 1997 3038 ristum
2030 2998 2133 3038 nro
2167 2985 2391 3038 robore.
2427 3001 2529 3038 pro
2563 2983 2773 3038 onibus
2814 2982 3103 3038 amniissir

723 2981 1023 3064 Christum
1055 2982 1279 3064 habens
1313 3000 1415 3064 pro
1448 2981 1668 3064 afﬂatu,
1703 2981 1997 3064 Christum
2030 2998 2133 3054 pro
2167 2985 2391 3049 robore,
2426 3001 2529 3055 pro
2563 2981 2773 3064 opibus
2814 2982 3198 3054 amplissimis
3232 3000 3245 3036 :

728 3054 838 3127 Qui
870 3052 1013 3127 mihi
1046 3059 1103 3109 et
1132 3052 1496 3127 perSpicaces
1529 3054 1748 3123 oculos,
1795 3058 1851 3109 et
1882 3052 2191 3127 prosperos
2223 3052 2714 3126 cursus—prastal.

729 3125 868 3180 Sine
896 3126 1025 3196 ipso
1057 3124 1441 3181 omnes’vana
1469 3124 1729 3181 ludibria
1760 3124 1901 3181 sunt
1930 3124 2225 3195 mortales,

730 3196 797 3269 Et
830 3197 1043 3269 mortui
1075 3197 1353 3269 viventes,
1395 3197 1581 3253 fastidi
1612 3198 1865 3269 peccatis

728 3268 930 3338 Neque
961 3268 1116 3324 enim
1149 3268 1275 3323 sine
1308 3285 1438 3324 aere
1468 3268 1665 3325 vidisti
1696 3269 1986 3324 volantem
2021 3284 2182 3323 avem
2213 3287 2227 3337 ',

728 3340 928 3411 Neque
958 3341 1085 3412 sine
1114 3355 1268 3412 aqua
1299 3340 1478 3395 maris
1510 3358 1712 3395 cursor
1740 3338 1957 3395 natavit
1988 3338 2322 3412 delphinus.

727 3412 822 3466 Sic
854 3428 957 3466 nec
988 3411 1113 3466 sine
1143 3411 1368 3467 Christo
1402 3413 1670 3467 mortalis
1714 3414 1918 3482 pedem
1953 3411 2183 3467 attollit.

730 3483 1119 3555 Quamobrem
1153 3499 1224 3538 ne
1256 3483 1504 3538 nimium
1538 3483 1824 3555 glorieris,
1860 3499 1963 3538 nec
1994 3488 2108 3537 tuas

723 3552 962 3626 Viribus
994 3555 1208 3609 mentis
1240 3550 1665 3624 confidasfetsi
1700 3553 2314 3626 magnopereisapiens
2350 3550 2526 3626 lueris
2564 3570 2575 3606 :

732 3625 931 3696 Neque
962 3626 1219 3681 alinuem
1248 3626 1454 3680 videns
1486 3623 1884 3697 abjectiorein,
1920 3623 1987 3679 in
2020 3625 2202 3679 altum
2239 3623 2542 3697 attollaris,

728 3697 906 3762 Quasi
940 3697 1218 3753 omnibus
1248 3697 1515 3769 superior
1546 3695 1649 3762 sis,
1679 3702 1735 3753 et
1764 3698 1833 3752 ad
1870 3701 2082 3753 metam
2114 3695 2355 3767 propius
2387 3696 2649 3750 accedas.

349 3823 493 3880 llaec
556 3819 780 3897 procul
837 3818 1029 3880 dubio
1087 3820 1235 3880 satis
1292 3820 1588 3880 evincunt
1646 3822 1894 3881 Graecos
1950 3822 2188 3891 Patres,
2250 3825 2310 3878 et
2368 3818 2641 3878 maxime
2701 3818 3093 3895 Gregorium,
3156 3818 3232 3876 de
3292 3819 3495 3894 gratia
3555 3822 3678 3877 tam

271 3918 449 3977 docte
506 3924 570 3977 et
627 3917 979 3978 luculenter
1032 3935 1223 3997 quam
1285 3918 1538 3978 Latinos
1597 3918 1936 3991 disserere,
2014 3935 2129 3977 nec
2190 3918 2393 3977 minus
2449 3917 2652 3995 ipsam
2723 3916 3067 3995 praedicare
3123 3922 3185 3974 et
3241 3914 3683 3974 commendare

268 4012 571 4075 sollicitos
616 4015 831 4076 fuisse.

1847 4112 1936 4174 De
1961 4111 2101 4203 ﬁde.

350 4220 469 4280 Per
524 4217 714 4279 ﬁdem
772 4219 876 4280 via
931 4216 1150 4280 salutis
1206 4219 1580 4298 capescitur,
1638 4219 1933 4298 salusque
1991 4225 2416 4297 comparatur.
2480 4220 2816 4280 Doctorum
2880 4219 3114 4298 pariter
3170 4224 3232 4278 et
3288 4218 3684 4279 indoctorum

278 4322 365 4375 est
418 4316 577 4378 ﬁdes
628 4337 644 4392 ;
738 4340 770 4373 ‹‹
826 4316 903 4397 (c)
961 4321 1119 4378 Nam
1175 4315 1226 4377 si
1282 4318 1344 4377 in
1403 4315 1683 4378 eruditos
1739 4323 1985 4378 tantum
2041 4318 2211 4377 viros
2268 4314 2520 4377 caderet
2574 4315 2767 4389 ﬁdes,
2855 4317 3012 4377 nihil
3068 4319 3196 4378 Deo
3257 4317 3461 4375 minus
3518 4316 3690 4375 dives

279 4411 432 4474 foret
463 4432 478 4473 :
538 4438 569 4469 ι)
643 4420 709 4475 ΕΞ
741 4415 789 4475 8'
818 4421 894 4479 sic
927 4419 1127 4500 σοφοὺς
1156 4417 1374 4475 ἔπιπτεν
1415 4423 1450 4491 ἠ
1496 4421 1675 4483 πίστις
1715 4420 1877 4495 μόνον

2090 4424 2213 4497 παρ’
2242 4422 2376 4493 ἡμῖν
2417 4417 2568 4475 οὐδὲν
2608 4424 2674 4490 ἦν
2720 4423 3055 4497 πενέστερον.
3117 4415 3482 4475 Sermonem
3541 4412 3688 4472 sim-

283 4510 454 4586 plicis
510 4511 661 4572 ﬁdei
715 4512 1001 4574 sufﬁcere
1058 4513 1242 4573 docet
1295 4512 1630 4591 Gregorius
1688 4528 1701 4572 :
1778 4518 1883 4595 Αόγ

2124 4517 2278 4594 ἀρκεῖ
2305 4518 2393 4573 καὶ
2440 4517 2608 4592 ψιλῆς
2637 4524 2736 4588 τῆς
2768 4519 3024 4587 πίστεως,
3071 4517 3185 4591 μεθ’
3234 4516 3300 4587 ἧς
3342 4515 3583 4593 ἀτέχνως
3626 4518 3688 4570 τὸ

286 4612 438 4668 πλέον
469 4617 631 4685 σώζει
667 4617 827 4687 θεός;
894 4634 923 4668 a
973 4610 1054 4691 (d)
1111 4613 1267 4670 Nam
1328 4629 1533 4670 sermo
1590 4611 1886 4690 simplicis

2090 4663 2093 4669 .
2151 4610 2404 4681 sufficit,
2467 4629 2606 4670 cum
2668 4629 2793 4689 qua
2853 4628 2995 4690 pars
3050 4608 3378 4671 hominum
3417 4609 3690 4668 maxima

285 4706 538 4767 salutem
598 4714 944 4787 comparat.
1006 4732 1036 4764 ››
1126 4708 1422 4787 Mysteria
1479 4714 1733 4783 autem,
1823 4709 2099 4770 maxime
2172 4726 2323 4769 vero
2378 4708 2738 4781 Trinitatis,
2825 4709 3507 4787 penitus‘cognoscere
3565 4724 3687 4764 non

288 4806 826 4879 praesumendum,
884 4813 946 4867 et
1002 4805 1381 4885 perscrutari
1436 4807 1629 4867 nefas.
1719 4830 1749 4862 «
1807 4810 1896 4867 Ne
1949 4807 2154 4867 Patris
2210 4812 2501 4867 naturam
2556 4807 2878 4886 inquiras,
2938 4806 3144 4885 inquit
3202 4805 3310 4883 (e),
3372 4801 3693 4880 Unigeniti

288 4908 508 4976 ortum,
561 4905 831 4983 Spiritus
877 4904 1076 4965 sancti
1123 4901 1390 4982 gloriam
1448 4910 1511 4964 et
1563 4905 1966 4984 potentiam;
2027 4924 2241 4976 unam,
2294 4905 2575 4983 inquam,
2611 4911 2672 4964 et
2721 4906 3005 4965 eamdem
3065 4904 3130 4962 in
3180 4900 3379 4961 tribus
3410 4898 3691 4980 personis

290 4996 571 5061 deitatem
627 5009 691 5062 et
749 5002 1125 5074 claritatem,
1185 5000 1576 5062 individuam
1631 5001 1807 5063 illam
1869 5008 2186 5077 naturam,
2248 5020 2321 5062 ac
2376 5002 2852 5076 confessionem,
2914 5008 2976 5062 et
3040 5001 3329 5079 gloriam,
3392 5014 3692 5077 spemque

288 5092 603 5160 hominum
658 5099 783 5160 ﬁdo
860 5098 1291 5179 praeditorum.
1353 5098 1561 5160 Verba
1633 5098 1781 5172 illa,
1863 5100 2093 5178 quibus
2166 5099 2353 5159 simul
2411 5117 2552 5159 cum
2630 5100 2793 5159 lacte
2856 5099 3136 5159 imbutus
3192 5116 3294 5167 es,
3376 5095 3691 5156 mordicus

293 5192 474 5255 retine
532 5213 546 5255 :
634 5197 942 5258 sermonis
996 5200 1208 5256 autem
1268 5200 1332 5254 et
1387 5195 1836 5275 disputationis
1894 5216 2111 5258 curam
2173 5196 2620 5257 eruditioribus
2682 5197 2934 5257 manda.
2993 5196 3158 5255 Satis
3210 5211 3522 5273 superque
3580 5191 3693 5251 tibi

300 5293 382 5346 est
428 5290 905 5355 fundamentum
965 5292 1253 5353 habere:
1317 5298 1709 5372 superstruat
1768 5294 2168 5355 architectus.
2223 5316 2251 5351 »
2316 5296 2454 5353 Non
2511 5293 2784 5373 cujusvis
2843 5312 2977 5354 esse
3034 5293 3122 5353 ait
3177 5293 3253 5352 de
3312 5292 3439 5351 Deo
3498 5289 3689 5349 disse-

298 5399 461 5460 rere;
519 5391 625 5452 sed
657 5390 755 5452 his
785 5392 1096 5452 duntaxat
1140 5390 1263 5451 hoc
1316 5391 1593 5451 muneris
1636 5391 1969 5465 incumbit,
2022 5392 2131 5470 qui
2182 5390 2575 5451 exactissime
2623 5398 2769 5451 sunt
2816 5392 3149 5470 explorati.
3219 5412 3249 5444 «
3298 5390 3435 5448 Non
3492 5387 3697 5465 cujus-

301 5481 380 5539 vis
429 5493 532 5560 est,
590 5490 799 5569 inquit
842 5488 928 5569 (f)
1007 5488 1084 5547 de
1140 5490 1268 5547 Deo
1324 5488 1647 5565 disserere,
1711 5507 1857 5561 non,
1920 5489 2199 5567 inquam,
2269 5487 2617 5564 cujusvis...
2683 5488 2925 5548 Addam
2986 5490 3172 5549 etiam
3236 5504 3359 5545 non
3420 5483 3693 5561 cujusvis

360 5613 425 5756 (αἰ
460 5618 644 5678 Carm.
682 5624 760 5679 De
788 5621 903 5678 reb.
931 5622 1072 5688 suis,
1104 5619 1260 5674 circa
1288 5619 1486 5675 ﬁnem.
2102 5619 2175 5691 (d)
2218 5618 2322 5681 1b.,
2356 5635 2409 5673 ν.
2445 5619 2600 5674 1228.

361 5686 402 5752 (ὁ
453 5690 635 5750 Carm.
666 5692 761 5756 59,
803 5707 861 5747 v.
893 5688 963 5745 98
994 5695 1050 5746 et
1078 5704 1242 5756 seqq.
2101 5692 2175 5756 (ε)
2216 5694 2311 5745 0r.
2341 5690 2432 5756 32,
2466 5707 2523 5745 n.
2556 5692 2600 5744 2:

361 5686 419 5762 {bl
453 5690 635 5750 Carm.
666 5692 761 5762 59,
803 5707 861 5747 v.
893 5688 963 5745 98
994 5686 1245 5762 et'seqq.
2101 5686 2175 5762 (ε)
2216 5694 2311 5762 Qr.
2341 5690 2432 5762 32,
2466 5707 2523 5745 n.
2556 5692 2645 5745 21.

361 5692 761 5762 lblCarm.59,
803 5692 1138 5747 v.98etse
1230 5732 1242 5743 .

358 5756 413 5825 (ε)
450 5763 629 5822 Carm.
661 5768 738 5823 De
772 5766 890 5821 vita
916 5778 1038 5831 sua,
1070 5778 1121 5816 ν.

1022 5695 1310 5831 Trita).
2101 5692 2185 5836 ἓν)
2216 5692 2622 5830 ast-.231.
