4052 6276
334 341 361 397 1
376 338 440 396 31
1323 315 1742 378 ΡΗΛΕῈΑΊἾΟ
1787 312 1934 371 GEN

2148 310 2343 370 .IS.-—
2377 312 2469 371 PA
2487 314 2577 372 as
2620 314 2729 373 III.
3633 322 3748 382 ,32

337 466 667 546 temporis,
731 479 842 521 nec
900 457 1065 535 apud
1128 450 1414 531 quosvis,
1476 464 1591 507 nec
1651 445 1728 546 de
1782 442 2129 546 quibusvis,
2190 442 2299 502 sed
2358 448 2527 504 certo
2586 448 2869 523 tempore
2928 454 2991 508 et
3050 450 3219 529 apud
3279 457 3482 511 certos
3542 450 3751 511 homi-

336 540 548 626 ness...
603 566 735 621 Non
787 554 1121 633 cujuslibet
1168 548 1445 628 quidem,
1496 542 1795 622 quoniam
1854 540 1948 599 his
1998 540 2310 599 duntaxat
2356 540 2478 600 hoc
2528 543 2804 602 muneris
2850 544 3180 620 incumbit,
3216 546 3325 625 qui
3355 546 3754 609 exactissime

337 660 644 743 explorati
693 662 859 727 sunt,
913 672 983 713 ac
1037 643 1522 724 contemplando
1574 642 1757 717 longe
1807 643 2267 716 processerunt,
2335 639 2632 716 priusque
2681 641 2869 700 etiam
2928 650 2989 703 et
3045 663 3296 722 corpus,
3358 650 3420 705 et
3475 645 3748 705 animam

339 783 376 823 a
432 760 725 820 vitiorum
757 752 1045 814 sordibus
1079 748 1479 827 purgarunt;
1538 746 1670 810 aut,
1726 744 1789 797 ut
1849 734 2208 813 parcissime
2238 735 2482 813 loquar,
2527 737 2661 815 jam
2694 737 2815 798 hoc
2846 746 3063 817 agunt,
3128 748 3194 801 ut
3251 760 3317 801 se
3366 762 3403 801 δ
3453 743 3753 803 vitiorum

336 860 476 919 labe
538 862 888 935 purgent..
919 894 977 909 ..
1038 844 1299 916 Quando
1359 836 1629 900 autem?
1687 842 1841 935 tumr
1868 834 2178 935 videlicet,
2232 852 2372 892 cum
2434 834 2513 894 ab
2574 841 2833 896 externo
2881 837 3015 897 luto
3064 844 3127 899 et
3171 840 3443 900 tumultu
3477 840 3750 919 quietem

336 957 603 1035 agimus,
656 930 767 1011 nec
823 948 1117 1027 princeps
1164 939 1563 1025 nostripars
1619 932 1922 1010 improbis
1978 930 2280 1008 vagisque
2333 930 2682 991 simulacris
2732 934 3174 996 confunditur.
3208 983 3219 994 .
3251 980 3306 995 ..
3367 938 3551 1015 Apud
3595 957 3755 1016 quos

335 1028 582 1133 porro?
637 1053 872 1125 Nempe
931 1042 1102 1121 apud
1158 1057 1286 1108 eos,
1347 1035 1455 1113 qui
1514 1050 1643 1091 rem
1698 1028 2065 1133 hujusmodi
2121 1028 2397 1087 studiose
2454 1047 2527 1088 ac
2584 1030 2745 1090 serio
2804 1033 3292 1110 amplectuntur,
3345 1035 3579 1113 quique
3627 1054 3757 1096 non

339 1126 407 1212 ut
464 1147 786 1227 quidpiam
850 1141 1046 1211 aliud,
1106 1137 1192 1196 sic
1244 1135 1363 1193 hoc
1411 1128 1927 1227 quoquepinepta
1974 1126 2332 1203 nugacitate
2383 1135 2869 1205 prosequuntur,
2920 1138 3062 1208 post
3111 1132 3414 1192 circenses
3463 1132 3647 1193 ludos
3695 1138 3759 1192 et

338 1221 720 1327 spec-tacula,
772 1245 913 1319 post
971 1234 1314 1301 cantiones,
1368 1232 1510 1306 post
1562 1225 1833 1301 denique
1891 1240 2081 1300 quam
2140 1221 2341 1280 ventri
2398 1227 2460 1282 et
2513 1223 2588 1282 iis
2646 1242 2786 1301 quae
2843 1232 2989 1285 sunt
3040 1226 3155 1287 sub
3212 1234 3427 1287 ventre
3471 1228 3755 1287 indulse-

336 1319 483 1406 rint.
537 1343 652 1414 Qui
711 1338 963 1419 quidem
1016 1334 1106 1393 ita
1162 1328 1401 1409 perdite
1458 1323 1665 1384 aﬂ‘ecti
1709 1327 1873 1393 sunt,
1930 1326 1999 1379 ut
2056 1319 2176 1378 hoc
2228 1338 2478 1396 quoque
2532 1319 2595 1379 in
2645 1322 3247 1384 oblectamentorum
3310 1332 3488 1403 parte
3536 1343 3757 1386 nume-

340 1449 499 1515 rent,
537 1417 829 1502 nimirum
880 1434 955 1494 de
1004 1428 1230 1490 divinis
1280 1425 1464 1485 rebus
1512 1420 1757 1498 nugari,
1794 1425 1982 1496 atque
2026 1425 2252 1495 arguta
2296 1417 2720 1495 disputatione
2765 1427 3150 1482 concertare.
3182 1424 3319 1483 Jam
3372 1424 3449 1482 de
3498 1423 3753 1501 quibus,

339 1549 400 1603 et
455 1554 783 1619 quousque
841 1524 1350 1609 disputandum?
1425 1524 1513 1581 De
1570 1518 1668 1578 his
1725 1516 1971 1588 solum,
2031 1534 2173 1593 quae
2230 1515 2464 1592 ingenii
2521 1517 2717 1575 nostri
2777 1518 3141 1591 modulum,
3204 1525 3394 1598 atque
3452 1521 3759 1582 auditoris

335 1613 590 1718 captum
642 1613 766 1694 non
814 1628 1159 1690 excedunt.
1194 1669 1206 1681 .
1240 1669 1251 1681 .
1285 1668 1296 1679 .
1333 1618 1417 1699 (a)
1469 1623 1681 1695 Neque
1729 1633 1876 1674 vero
1929 1614 2066 1673 haec
2116 1613 2447 1691 quisquam
2500 1614 2589 1673 ita
2636 1614 2927 1693 accipiat,
2978 1617 3156 1695 quasi
3203 1619 3399 1677 Deum
3449 1625 3758 1697 perpetua

336 1734 640 1797 memoria
699 1727 1027 1790 colendum
1086 1740 1220 1783 esse
1275 1735 1676 1795 negem....
1738 1715 1861 1772 Nec
1922 1712 2087 1772 enim
2148 1718 2276 1770 tam
2336 1730 2502 1790 saepe
2558 1713 2844 1791 spiritum
2905 1713 3151 1789 ducere,
3213 1734 3403 1793 quam
3462 1716 3574 1775 Dei
3624 1734 3756 1776 me-

338 1836 588 1895 minisse
644 1830 992 1897 debemus;
1053 1822 1206 1891 imo,
1266 1818 1318 1877 si
1372 1815 1495 1875 dici
1552 1818 1778 1891 potest,
1832 1810 2003 1870 aliud
2062 1809 2219 1868 nihil
2278 1828 2467 1887 quam
2528 1810 2648 1870 hoc
2710 1811 3240 1872 faciendum....
3300 1813 3626 1887 Quocirca,
3678 1832 3758 1875 ne

337 1934 478 2010 quis
534 1932 838 2007 perpetuo
895 1926 1094 1982 Deum
1149 1914 1452 1977 memoria
1507 1916 1739 1979 teneat,
1799 1907 1971 1967 haud
2030 1913 2196 1975 veto,
2257 1907 2365 1965 sed
2424 1925 2501 1967 ne
2558 1908 2635 1967 de
2695 1912 2820 1968 Deo
2876 1908 3153 1986 disputet
3202 1928 3215 1981 ;
3279 1911 3407 1970 imo
3466 1929 3577 1970 nec
3639 1911 3758 1971 hoc

336 2004 669 2107 prohibeo,
727 2023 787 2081 id
847 2018 1012 2079 enim
1072 2016 1243 2095 pium
1305 2019 1419 2081 est,
1482 2010 1588 2069 sed
1644 2026 1721 2066 ne
1779 2004 2303 2083 intempestive.»

415 2124 591 2196 Quod
650 2128 859 2181 autem
922 2114 1194 2175 maxime
1251 2109 1546 2190 prohibet
1602 2105 1937 2181 Gregorius
1992 2103 2150 2162 illud
2209 2109 2342 2169 est,
2417 2122 2492 2162 ne
2549 2104 2626 2161 de
2686 2105 2995 2181 mysteriis
3054 2106 3280 2165 nostris
3337 2106 3760 2167 immoderato

336 2223 583 2285 dicendi
642 2220 738 2279 vel
798 2212 1111 2276 scribendi
1170 2209 1375 2270 studio
1435 2207 1849 2265 irreverenter
1906 2201 2317 2279 disputemus.
2404 2225 2433 2253 ‹‹
2486 2200 2570 2279 (ὑ)
2630 2202 2788 2260 Illud
2846 2202 3065 2261 saltem
3127 2203 3293 2262 inter
3351 2222 3464 2263 nos
3522 2223 3759 2265 conve-

333 2322 488 2391 niat,
549 2324 616 2378 ut
674 2313 936 2393 mystica
994 2308 1278 2387 mystice,
1338 2310 1401 2363 et
1458 2306 1676 2360 sancta
1731 2303 1943 2358 sancte
2003 2297 2491 2375 proloquamur,
2555 2316 2666 2355 nec
2727 2297 2792 2355 in
2852 2299 3146 2376 profanas
3205 2317 3427 2368 aures,
3491 2318 3635 2377 quae
3691 2302 3759 2360 in

332 2420 561 2495 vulgus
609 2412 815 2473 efferri
873 2409 1046 2469 nefas
1100 2410 1216 2475 est,
1266 2399 1723 2480 projiciamus;
1784 2413 1897 2454 nec
1953 2394 2271 2472 patiamur
2320 2393 2738 2470 religiosiores
2786 2414 2979 2472 quam
3035 2414 3148 2457 nos
3208 2396 3403 2457 videri
3462 2415 3591 2468 eos,
3644 2401 3753 2477 qui

335 2491 653 2577 daemones
710 2509 977 2569 adorant
1032 2510 1092 2563 et
1151 2500 1427 2577 turpium
1484 2494 1843 2554 fabularum
1902 2510 1975 2551 ac
2031 2510 2238 2551 rerum
2299 2491 2538 2551 cultum
2600 2492 2994 2569 proﬁtentur.
3043 2518 3072 2547 »

1499 2637 1590 2697 De
1622 2633 1864 2694 lectione
1895 2633 2180 2693 librorum
2209 2632 2593 2693 ethnicorum.

418 2769 642 2833 Juveni
694 2764 1090 2826 ethnicorum
1152 2756 1455 2815 librorum
1515 2749 1767 2810 lectioni
1820 2746 2209 2807 incumbenti
2264 2746 2401 2805 haec
2460 2746 2719 2804 consilia
2776 2746 2885 2806 dat
2941 2746 3275 2825 Gregorius
3319 2765 3332 2806 :
3398 2772 3425 2803 ε(
3480 2748 3552 2828 (ς)
3606 2749 3761 2809 Diti-

342 2875 564 2951 genter
624 2862 877 2945 optimis
953 2854 1298 2934 disciplinis
1371 2848 1711 2919 incumbe,
1787 2851 1849 2905 et
1912 2846 1972 2903 in
2032 2844 2205 2904 libris
2269 2851 2636 2922 poetarum,
2718 2844 3154 2905 historicorum
3235 2846 3745 2921 commentariis,

342 2941 572 3029 (Viuente
620 2941 942 3025 oratorum
987 2953 1302 3024 facundia,
1346 2947 1680 3008 subtilibus
1724 2943 2245 3022 philosOphorum
2290 2941 2803 3001 meditationibus
2851 2950 3044 3001 temet
3082 2961 3337 3017 exerce;
3385 2944 3472 3003 sic
3521 2950 3755 3015 tamen,

345 3072 412 3125 ut
467 3062 809 3143 prudenter
867 3056 927 3114 in
989 3050 1280 3113 omnibus
1338 3047 1507 3105 hisce
1565 3041 1845 3102 verseris.
1898 3040 2095 3099 Debes
2153 3039 2318 3097 enim
2376 3039 2691 3116 sapienter
2736 3057 2812 3097 ex
2870 3039 2956 3097 eis
3013 3039 3305 3116 colligere
3360 3058 3762 3118 quaecunque

346 3135 491 3223 sunt
548 3158 773 3229 utilia;
835 3158 1181 3228 contraque
1230 3143 1442 3207 solerti
1491 3140 1732 3219 judicio
1791 3139 1986 3198 vitare
2031 3136 2337 3216 quidquid
2384 3136 2449 3195 in
2499 3135 2761 3213 singulis
2809 3144 2901 3195 est
2948 3137 3233 3209 noxium,
3283 3137 3571 3216 adeoque
3622 3138 3761 3217 apis

347 3265 587 3338 argutae
633 3252 1004 3315 industriam
1054 3246 1305 3307 imitari.
1343 3245 1498 3302 Nam
1550 3258 1623 3299 ea
1671 3236 2053 3316 quibuslibet
2102 3234 2359 3295 ﬂoribus
2406 3234 2675 3293 insidere
2726 3253 2864 3293 cum
2918 3236 3330 3309 consueverit,
3366 3235 3441 3294 de
3492 3235 3760 3313 singulis

354 3332 529 3417 utilia
585 3359 829 3413 tantum
890 3345 1204 3422 decerpit,
1284 3337 1589 3416 singulari
1641 3334 1913 3412 quadam
1973 3332 2280 3411 sapientia
2340 3337 2630 3391 naturam
2690 3332 2889 3410 ipsam
2953 3333 3314 3410 magistram
3372 3338 3607 3392 srcuta.
3661 3335 3759 3393 Tu

345 3473 492 3514 vero
552 3450 859 3511 rationem
920 3460 1185 3520 sequens
1242 3439 1367 3498 alia
1423 3435 1674 3513 quidem
1737 3431 1993 3508 largiter
2047 3430 2332 3508 decerpe,
2394 3428 2445 3488 si
2502 3448 2642 3506 quae
2701 3429 2995 3507 prodesse
3052 3436 3313 3507 possunt
3360 3447 3372 3488 :
3436 3430 3485 3489 si
3546 3436 3759 3489 autem

343 3549 579 3629 aliquid
640 3546 882 3623 ejusmo
911 3541 949 3599 li
1007 3540 1086 3597 sit
1115 3543 1183 3597 ut
1240 3534 1683 3595 detrimentum
1742 3529 1986 3599 afferat,
2048 3527 2332 3587 celeriter
2386 3527 2704 3587 intellecta
2753 3528 2839 3587 rei
2898 3528 3206 3606 pravitate
3263 3527 3464 3586 avola.
3513 3528 3760 3606 Quippe

350 3624 520 3708 mens
577 3641 939 3705 hominibus
995 3638 1145 3696 data
1199 3642 1291 3693 est
1338 3631 1472 3710 ejus
1520 3628 1877 3697 celeritatis,
1934 3631 2000 3685 ut
2051 3624 2349 3684 velociter
2398 3624 2738 3684 admodum
2787 3625 3039 3684 avolare
3090 3625 3306 3703 possit.
3358 3624 3759 3703 Quapropter

346 3743 651 3825 quidquid
709 3741 786 3800 ab
847 3739 922 3797 iis
982 3732 1392 3814 perscriptum
1453 3734 1584 3799 est,
1667 3726 1766 3785 vel
1841 3724 1919 3783 ad
1998 3722 2243 3781 virtutis
2320 3721 2569 3781 laudem
2648 3727 2836 3799 atque
2916 3721 3471 3799 praedicationem,
3550 3723 3647 3781 vel
3723 3739 3760 3782 θ

346 3846 590 3904 diverso
648 3839 723 3899 ad
784 3836 1074 3895 vitiorum
1138 3826 1685 3908 reprehensionem
1738 3840 1751 3888 ;
1838 3840 1910 3880 ea
1988 3827 2051 3879 tu
2129 3820 2312 3877 velim
2389 3817 2694 3895 singulari
2765 3818 2971 3878 studio
3030 3835 3409 3896 cognoscas,
3488 3835 3562 3877 ac
3620 3823 3755 3877 tum

346 3947 615 4001 mentem
680 3943 741 3995 et
798 3948 1048 3994 sensum
1103 3946 1317 3988 eorum
1380 3924 1664 3993 retineas,
1722 3928 1851 3978 tum
1910 3918 2200 3977 dictionis
2258 3916 2657 3991 elegantiam.
2718 3916 2868 3987 Quae
2924 3922 3135 3977 autem
3195 3916 3271 3975 de
3323 3915 3441 3975 diis
3496 3915 3762 3992 scripse-

346 4044 512 4111 runt,
563 4035 838 4112 insignes
887 4046 1086 4106 nugas
1134 4021 1544 4091 continentia,
1596 4018 1769 4078 verbi
1818 4016 2042 4093 gratia,
2096 4015 2340 4074 fabulas
2386 4014 2750 4073 inhonestas
2794 4032 2867 4073 ac
2915 4014 3133 4087 foedas,
3190 4013 3496 4073 malorum
3546 4013 3765 4090 genio-

339 4155 481 4196 rum
532 4110 867 4201 doctrinas,
909 4126 1171 4195 fabulas,
1206 4124 1486 4200 inquam,
1521 4124 1656 4176 tum
1700 4116 1821 4175 risu
1873 4120 2005 4174 tum
2056 4112 2350 4191 lacrymis
2399 4110 2660 4188 dignas;
2709 4112 2844 4171 haec
2893 4112 3106 4171 omnia
3148 4117 3447 4189 tanquam
3497 4110 3761 4188 laqueos

341 4242 401 4293 et
459 4228 780 4308 decipulas
836 4241 1147 4285 aversare.
1198 4222 1479 4295 Cumque
1529 4213 1715 4274 simul
1763 4217 2028 4289 utraque
2077 4209 2323 4288 legeris,
2374 4208 2524 4269 deos
2573 4208 2854 4286 ipsorum
2908 4214 2969 4268 et
3016 4207 3355 4281 orationes,
3406 4208 3556 4268 deos
3605 4206 3756 4266 ridi-

341 4331 558 4397 culos,
601 4304 697 4386 —et
754 4323 1067 4384 orationes
1124 4315 1477 4381 amabiles;
1559 4311 1709 4369 deos
1783 4309 2036 4385 quidem
2094 4308 2237 4367 illos
2294 4305 2727 4382 voluptuarios
2807 4324 3068 4385 respue,
3146 4323 3363 4365 verum
3440 4304 3760 4364 orationes

344 4425 603 4486 maximi
662 4422 845 4483 tacito
899 4441 911 4481 :
994 4416 1175 4496 quasi
1233 4412 1467 4473 scilicet
1524 4409 1601 4467 de
1657 4408 1874 4467 eodem
1936 4406 2157 4466 frutice
2216 4404 2427 4482 spinas
2484 4410 2746 4473 caveto,
2834 4408 2896 4463 et
2954 4422 3126 4464 rosas
3181 4402 3491 4481 decepito.
3551 4405 3758 4480 Atque

344 4526 478 4584 haec
538 4520 792 4600 quidem
852 4516 1089 4595 optima
1145 4512 1221 4570 de
1278 4506 1577 4568 doctrinis
1634 4504 1949 4563 extraneis
2006 4504 2106 4563 lex
2167 4502 2439 4562 fuerit.»
2495 4502 2724 4561 Eadem
2783 4500 3131 4580 praescribit
3178 4501 3443 4560 Basilius
3491 4500 3761 4576 Magnus

342 4622 535 4681 libros
591 4618 983 4679 ethnicorum
1044 4606 1416 4687 legentibus.

1388 4734 1471 4794 De
1514 4741 1795 4814 potestate
1843 4732 2159 4812 temporali
2200 4742 2255 4792 et
2303 4733 2711 4794 ecclesiastica.

426 4866 585 4938 Quid
642 4864 717 4923 de
778 4864 1088 4940 potestate
1143 4849 1478 4929 temporali
1536 4847 1813 4924 cogitare
1870 4847 2253 4919 debeamus,
2330 4854 2521 4925 atque
2578 4847 2765 4907 etiam
2829 4846 2977 4925 quid
3035 4845 3313 4923 cogitare
3369 4843 3639 4904 debeant
3713 4843 3761 4903 ii

343 4967 485 5044 ipsi,
548 4963 654 5042 qui
712 4980 785 5021 ea
839 4953 1119 5033 insigniti
1178 4955 1344 5020 sunt,
1409 4946 1504 5006 his
1558 4944 1764 5004 verbis
1820 4945 2133 5023 signiﬁcat
2190 4945 2524 5023 Gregorius
2585 4962 2597 5003 :
2672 4966 2701 5001 α
2758 4943 2845 5022 (d)
2903 4945 3344 5021 Imperatores,
3410 4958 3760 5019 purpuram

344 5042 929 5123 revereamini....
990 5048 1354 5129 Cognoscite
1412 5048 1716 5122 quantum
1776 5042 1837 5101 id
1898 5045 1999 5117 sit,
2058 5044 2227 5123 quod
2287 5049 2506 5103 vestrae
2564 5042 2710 5101 ﬁdei
2766 5042 3167 5102 commissum
3229 5047 3353 5116 est,
3412 5046 3759 5117 quantum-

344 5180 465 5240 que
525 5159 689 5219 circa
744 5174 855 5215 vos
915 5147 1308 5228 mysterium.
1370 5141 1551 5203 Orbis
1608 5140 1934 5200 universus
1992 5142 2208 5202 manui
2265 5146 2487 5200 vestrae
2544 5138 2864 5217 subjectus
2918 5145 3053 5210 est,
3134 5138 3487 5199 diademate
3559 5154 3759 5215 parvo

340 5266 531 5337 atque
587 5257 815 5334 exiguo
872 5266 1084 5330 panno
1141 5247 1441 5303 retentus.
1502 5241 1742 5316 Supera
1794 5239 2048 5317 quidem
2108 5238 2299 5299 solius
2355 5237 2467 5298 Dei
2522 5242 2713 5309 sunt;
2775 5238 2977 5298 infera
3032 5244 3243 5297 autem
3300 5241 3509 5296 vestra
3566 5234 3758 5294 etiam

338 5363 506 5417 sunt.
556 5331 834 5416 Subditis
865 5345 1084 5409 vestris
1137 5342 1286 5401 deos
1333 5357 1444 5399 vos
1493 5336 1814 5415 praebete;
1876 5337 2063 5398 liceat
2113 5337 2277 5397 enim
2334 5335 2635 5397 audacius
2688 5335 2927 5413 aliquid
2971 5335 3221 5396 dicere:
3283 5336 3468 5394 «Cor
3496 5331 3659 5409 regis
3689 5331 3755 5389 in

344 5480 371 5509 ‹‹
406 5471 595 5513 manu
636 5449 747 5508 Dei
778 5451 869 5507 est
897 5444 962 5515 ⁸⁸,
997 5464 1026 5499 »
1083 5444 1151 5499 ut
1182 5456 1259 5497 ex
1288 5435 1611 5513 Scriptura
1641 5433 1934 5493 audimus
1963 5453 2036 5494 ac
2067 5434 2399 5494 credimus.
2435 5432 2545 5492 Hic
2574 5432 2905 5510 imperium
2937 5438 3211 5493 vestrum
3247 5431 3347 5502 sit,
3384 5447 3508 5489 non
3540 5433 3751 5488 autem

412 5570 455 5603 ⁵⁸
486 5569 648 5622 Prov.
682 5580 800 5628 xxx,
838 5562 883 5613 1.

432 5694 485 5757 a)
526 5690 622 5755 Qr.
656 5689 747 5757 27,
782 5704 838 5740 n.
872 5684 923 5738 At.
2176 5675 2245 5757 te.)
2281 5674 2485 5757 Germ;
2508 5673 2580 5727 ad
2608 5673 2941 5757 Seleucum,
2974 5690 3028 5729 v.
3063 5672 3133 5727 35
3162 5676 3219 5728 et
3249 5685 3405 5740 seqq.

432 5710 466 5747 a
526 5695 622 5755 Qr.
656 5695 747 5757 27,
782 5704 838 5740 n.
872 5695 923 5738 ἢ.

411 5695 485 5836 ibi
526 5761 699 5833 Ibid.,
732 5776 790 5813 n.
822 5759 876 5811 5.

2176 5695 2240 5739 (cp
2281 5695 2474 5729 uarm.
2508 5695 2580 5727 au
2609 5695 2723 5729 aeu

2174 5744 2250 5817 (ἀ)
2287 5748 2383 5800 0r.
2418 5743 2511 5813 36,
2543 5760 2602 5799 n.
2637 5746 2723 5800 11.
