4052 6276
282 301 392 358 133
1284 294 1701 354 PR/EFATIO
1747 293 2295 353 GENEltALIS.—-
2335 296 2534 355 PARS
2580 293 2687 353 IIl.
3576 304 3693 361 134

278 436 340 493 in
390 450 541 492 auro
592 436 653 489 et
700 430 762 489 in
811 427 1215 489 exercitibus.
1272 426 1497 497 Aulici,
1548 443 1859 504 proceres,
1913 443 1986 485 ac
2036 424 2411 485 sublimibus
2461 425 2702 486 thronis
2753 432 2814 485 et
2843 426 3253 504 dignitatibus
3284 431 3583 509 insignes,
3618 454 3696 494 ne

282 533 360 591 ob
418 530 764 607 potentiam
816 542 1203 603 magnopere
1253 524 1497 584 animos
1544 523 1836 593 efferatis,
1901 541 2014 583 nec
2068 523 2143 581 de
2201 524 2573 583 mortalibus
2631 525 2815 583 rebus
2872 530 3172 602 tanquam
3231 528 3693 592 immortalibus

282 627 581 707 cogitetis.
616 626 832 685 Fidem
868 622 1352 702 imperatoribus
1396 627 1659 693 servate,
1710 621 1819 680 sed
1868 620 2039 699 prius
2096 624 2246 694 Deo,
2301 627 2558 699 propter
2605 634 2793 701 quem
2848 622 2946 681 his
3004 624 3190 683 etiam
3241 626 3466 703 quibus
3514 647 3687 690 como

281 727 445 785 missi
503 730 565 783 et
624 721 837 781 traditi
891 721 1060 780 estis.
1104 743 1134 773 »

354 821 860 883 Ecclesiasticam
922 824 1295 895 potestatem
1350 816 1665 894 agnoscit,
1728 816 1950 893 hisque
2001 815 2207 874 verbis
2266 834 2475 875 coram
2538 816 2831 894 praefecto
2889 818 3224 896 provinciae
3277 822 3579 898 prmdicat
3635 829 3698 884 et

284 928 535 979 tuetur:
603 941 630 973 (ι
681 918 761 994 (a)
812 917 936 975 Vos
995 932 1245 992 quoque
1288 914 1551 990 imperio
1604 931 1740 971 meo
1799 930 1871 971 ac
1926 911 2154 971 throno
2212 912 2310 970 lex
2362 912 2590 972 Christi
2647 913 2919 991 subjicit.
2974 916 3308 991 Imperium
3368 918 3531 977 enim
3582 939 3698 979 nos

283 1034 528 1095 quoque
588 1014 867 1092 gerimus
920 1032 932 1083 ;
1023 1012 1184 1071 addo
1242 1011 1428 1069 etiam
1500 1010 1898 1087 praestantius
1957 1027 2029 1068 ac
2088 1009 2421 1086 perfectius
2482 1030 2494 1069 :
2586 1010 2702 1068 nisi
2758 1029 2903 1070 vero
2964 1030 3210 1089 aequum
3275 1016 3353 1073 sit
3407 1017 3693 1093 spiritum

285 1115 470 1185 carni,
522 1118 584 1171 et
643 1110 922 1170 coelestia
988 1107 1247 1167 terrenis
1298 1108 1602 1166 cedere.»
1659 1109 1781 1164 Nec
1832 1105 2038 1164 minus
2096 1112 2305 1164 tamen
2356 1106 2744 1185 principibus
2794 1114 3122 1185 parentum
3175 1129 3306 1169 esse
3355 1113 3538 1172 docet
3569 1113 3690 1193 (b):

288 1210 804 1272 «Submittamus
860 1226 997 1273 nos,
1050 1212 1180 1265 tum
1240 1208 1388 1275 Deo,
1440 1210 1571 1262 tum
1632 1203 1735 1261 alii
1794 1203 1954 1275 aliis,
2005 1209 2136 1262 tum
2197 1203 2270 1262 iis
2329 1205 2435 1281 qui
2490 1204 2552 1262 in
2612 1205 2790 1263 terris
2845 1204 3179 1283 imperium
3237 1216 3509 1286 gerunt:
3565 1214 3692 1273 Deo

281 1308 530 1385 quidem
594 1304 889 1365 omnibus
946 1305 1022 1361 de
1080 1302 1303 1371 causis,
1357 1300 1463 1360 alii
1520 1311 1729 1360 autem
1782 1300 1920 1359 aliis
1971 1306 2229 1379 propter
2275 1300 2601 1360 cbaritatis
2648 1302 2899 1361 foedus:
2955 1304 3343 1383 principibus
3394 1309 3689 1388 denique,

277 1411 533 1482 propter
594 1403 882 1461 ordinem
946 1398 1337 1477 publicaeque
1394 1396 1740 1475 disciplinae
1796 1397 2158 1469 rationem;
2237 1396 2426 1475 idque
2484 1404 2658 1457 tanto
2717 1400 2905 1458 etiam
2965 1402 3184 1479 magis,
3248 1412 3485 1480 quanto
3540 1407 3693 1467 faci—

276 1501 534 1561 lioribus
593 1498 719 1557 illis
777 1514 850 1557 ac
904 1494 1374 1572 benignioribus
1432 1494 1690 1552 utimur.
1748 1518 1775 1548 »

1278 1655 1368 1714 De
1408 1652 1750 1713 lzierarchz’a
1788 1661 1841 1712 et
1880 1652 2156 1713 caelibatu
2191 1653 2691 1733 presbyterorum.

348 1802 531 1874 Quod
594 1802 822 1860 attinet
878 1797 1332 1869 hierarchiam,
1398 1796 1503 1855 ubi
1564 1795 1897 1874 Gregorius
1956 1796 2032 1854 de
2092 1796 2260 1855 clero
2317 1797 3012 1875 Constantinopolitano
3073 1800 3267 1860 verba
3321 1803 3503 1876 facit,
3564 1807 3696 1884 epi-

270 1918 640 1979 scoporum,
702 1897 1236 1976 presbyterorum,
1296 1894 1703 1953 diaconorum
1764 1900 1824 1953 et
1882 1894 2185 1953 lectorum
2251 1899 2490 1954 tantum
2552 1895 2835 1955 meminit
2893 1896 2989 1975 (c).
3071 1922 3101 1951 «
3168 1899 3313 1959 Vide
3371 1902 3696 1981 presbyte—

275 2018 485 2059 rorum
550 1995 930 2063 concilium,
1012 1993 1236 2053 canitie
1295 1999 1356 2052 et
1413 1992 1747 2070 prudentia
1805 1996 2209 2065 ornatorum,
2273 1992 2679 2052 diaconorum
2739 1994 3326 2057 modestiam.....
3389 2000 3693 2062 lectorum

276 2096 791 2158 concinnitatem.
854 2117 882 2146 »
972 2092 1214 2149 Primos
1288 2091 1351 2149 in
1434 2089 1787 2148 bierarchia
1846 2089 2269 2149 ecclesiastica
2328 2090 2560 2166 gradus
2617 2092 2932 2168 episcopi,
3013 2095 3321 2155 secundos
3380 2108 3697 2177 occupant

278 2195 638 2255 sacerdotes
688 2212 701 2251 :
765 2190 841 2249 ad
904 2189 1337 2265 episcopatum
1396 2206 1516 2246 non
1577 2187 1694 2245 nisi
1752 2205 1861 2265 per
1920 2187 2243 2246 inferiores
2300 2188 2534 2264 gradus
2589 2189 3065 2248 ascendebatur.
3131 2193 3418 2262 Quandiu
3478 2197 3691 2256 Eccle-

280 2296 361 2352 sia
423 2291 681 2357 floruit,
765 2295 826 2347 et
882 2288 1061 2364 vigor
1119 2286 1462 2364 disciplinae
1519 2285 1686 2343 stetit
1742 2284 2115 2355 incolumis,
2200 2285 2483 2363 quisquis
2542 2287 2619 2345 ad
2677 2305 3041 2364 supremum
3100 2292 3432 2351 sacerdotii
3489 2294 3694 2355 hono-

282 2409 405 2449 rem
464 2385 939 2467 promovendus
998 2390 1170 2455 erat,
1245 2383 1326 2441 ob
1384 2381 1731 2441 sanctitatis
1791 2382 2080 2441 meritum
2142 2382 2616 2455 assumebatur,
2678 2401 2751 2442 ac
2807 2384 3141 2461 diligenter
3198 2388 3274 2446 de
3333 2389 3468 2466 ejus
3526 2393 3690 2466 vita,

282 2490 559 2549 moribus
621 2492 683 2547 et
738 2484 1025 2545 doctrina
1076 2482 1540 2560 exquirebatur.
1595 2483 1821 2541 Verum
1884 2500 2009 2559 quo
2068 2487 2348 2559 tempore
2407 2483 2679 2542 nefanda
2732 2485 3107 2544 Arianorum
3169 2486 3424 2549 haeresis
3481 2492 3695 2552 omnia

285 2586 555 2655 miscuit,
618 2584 720 2643 hic
780 2582 933 2642 ordo
993 2580 1415 2658 perturbatus,
1488 2578 1869 2638 conculcatae
1926 2578 2115 2656 leges.
2180 2581 2331 2639 Hinc
2388 2580 2511 2639 illae
2570 2582 2850 2658 Gregorii
2907 2583 3178 2660 querelae
3234 2584 3320 2664 (d)
3385 2606 3397 2646 :
3480 2611 3507 2641 «
3568 2591 3692 2649 Nos

283 2705 423 2744 vero
485 2689 768 2751 cunctos,
831 2679 1011 2739 facile
1068 2678 1447 2738 collocamus
1505 2677 1566 2735 in
1627 2677 1973 2736 antistitum
2033 2676 2210 2746 solia,
2277 2679 2460 2737 modo
2517 2678 2633 2755 ipsi
2689 2679 2878 2738 velint
2932 2700 2943 2740 :
3014 2699 3414 2760 nequaquam
3475 2703 3687 2744 recen-

276 2786 473 2855 tium,
556 2788 667 2838 aut
726 2777 1119 2855 priscorum,
1199 2775 1294 2833 vel
1354 2774 1630 2833 actiones
1685 2773 2189 2843 considerantes,
2272 2775 2364 2833 vel
2422 2775 2814 2848 doctrinam,
2895 2778 2987 2835 vel
3047 2782 3689 2843 conversationem...

278 2882 403 2936 .\on
469 2896 580 2936 eos
639 2875 949 2933 antistites
1000 2871 1283 2943 facimus,
1345 2869 1453 2947 qui
1510 2870 1722 2945 aliquo
1781 2870 2078 2947 temporis
2135 2871 2337 2947 spatio
2396 2871 2626 2929 fuerint
2672 2872 3048 2945 examinati;
3113 2875 3219 2934 sed
3280 2877 3388 2954 qui
3448 2888 3694 2937 suomet

270 2976 509 3053 judicio
566 2973 740 3050 digni
796 2970 1173 3031 videntur.»
1234 2968 1391 3027 Hinc
1448 2974 1575 3026 tam
1637 2967 1864 3037 tristes,
1916 2974 2041 3025 tam
2104 2969 2404 3026 luctuosae
2463 2967 2649 3045 hujus
2709 2971 3004 3046 temporis
3054 2970 3495 3050 episcoporum
3530 2975 3690 3036 ima-

287 3075 479 3149 gines,
537 3079 667 3129 tam
728 3069 920 3146 nigris
979 3066 1293 3126 coloribus
1350 3064 1427 3123 ab
1476 3065 1611 3141 ipso
1658 3064 1722 3122 in
1772 3064 2155 3123 carminibus
2205 3064 2570 3123 eﬂ'ormataa.
2624 3066 2723 3123 Sic
2775 3066 2837 3124 in
2886 3068 3168 3128 oratione
3217 3070 3293 3129 de
3344 3071 3461 3131 hoc
3512 3092 3693 3149 argu-

278 3178 488 3230 mento
542 3168 615 3247 (e)
675 3186 687 3224 :
768 3191 794 3220 α
848 3166 1129 3225 Aliorum
1196 3181 1290 3221 me
1352 3162 1593 3239 puduit,
1654 3162 1763 3239 qui
1818 3180 1961 3221 cum
2025 3162 2334 3239 plerisque
2390 3162 2585 3220 nihilo
2646 3163 2933 3222 meliores
2990 3165 3134 3236 sint,
3196 3173 3386 3244 atque
3443 3170 3683 3230 utinam

276 3287 397 3327 non
455 3268 647 3326 etiam
710 3264 907 3323 multo
967 3261 1231 3340 pejores,
1294 3260 1505 3330 illotis,
1572 3267 1639 3318 ut
1692 3260 1815 3319 dici
1871 3258 2047 3329 solet,
2113 3258 2425 3330 manibus,
2501 3260 2907 3337 profanisque
2963 3263 3189 3322 animis
3244 3265 3308 3323 in
3365 3267 3682 3326 sanctissi-

276 3386 373 3425 ma
426 3364 725 3444 mysteria
773 3379 906 3421 sese
960 3360 1255 3428 inferunt,
1315 3377 1385 3417 ac
1445 3357 1809 3434 priusquam
1869 3356 2041 3433 digni
2098 3356 2239 3421 sint,
2298 3355 2404 3434 qui
2462 3357 2539 3415 ad
2601 3376 2695 3415 res
2742 3376 2951 3419 sacras
2981 3362 3305 3433 accedant,
3341 3364 3685 3423 sacrarium

274 3468 474 3542 ipsum
536 3462 860 3532 ambiunt,
948 3466 1011 3518 et
1069 3457 1299 3517 circum
1360 3461 1823 3514 sacrosanctam
1884 3472 2157 3513 mensam
2219 3473 2351 3513 sese
2411 3454 2672 3513 invicem
2749 3463 3041 3533 premunt
3110 3477 3182 3518 ac
3260 3462 3679 3538 protrudunt,

277 3570 575 3640 tanquam
636 3579 758 3619 non
818 3557 1065 3616 virtutis
1124 3554 1519 3630 exemplum,
1574 3554 1681 3612 sed
1742 3554 1939 3611 victus
1995 3551 2259 3630 parandi
2315 3553 2708 3612 occasionem
2769 3560 2830 3613 et
2885 3556 3233 3616 subsidium
3291 3559 3459 3619 hunc
3512 3561 3681 3619 ordi-

278 3679 414 3719 nem
463 3678 597 3719 esse
638 3657 1022 3736 judicantes,
1075 3671 1147 3713 ac
1189 3670 1313 3711 non
1367 3669 1594 3710 munus
1649 3649 1988 3710 referendis
2040 3650 2385 3709 rationibus
2431 3650 2801 3723 obnoxium,
2852 3653 2959 3712 sed
3002 3654 3336 3733 imperium
3385 3657 3463 3715 ab
3510 3658 3685 3717 omni

280 3775 535 3817 censura
590 3756 899 3814 immune.
945 3777 970 3807 ι›

351 3858 419 3915 In
478 3854 730 3915 Oriente
795 3849 1140 3929 presbyteri
1200 3867 1324 3907 non
1379 3855 1506 3906 tam
1565 3846 1774 3906 stricte
1832 3846 2065 3905 caelibis
2122 3846 2264 3904 vitae
2320 3845 2518 3923 legem
2577 3847 2938 3907 observasse
2994 3850 3320 3921 videntur,
3394 3853 3542 3930 quin
3604 3854 3682 3913 ab

279 3972 345 4012 ea
403 3953 596 4031 aliqui
658 3951 1052 4015 recederent,
1114 3946 1283 4024 quod
1338 3946 1471 4023 ipse
1529 3945 1840 4023 signiﬁcat
1897 3943 2258 4021 Gregorius,
2326 3944 2428 4002 ubi
2485 3944 2698 4004 scribit
2756 3964 2888 4005 esse
2944 3948 3251 4023 quosdam
3312 3949 3420 4026 qui
3476 3949 3681 4029 bapti-

279 4067 473 4109 smum
534 4054 614 4108 ab
672 4066 747 4107 eo
806 4044 1173 4124 presbytero
1230 4042 1424 4101 velint
1480 4042 1814 4119 suscipere,
1870 4040 1953 4119 (f)
2008 4062 2037 4097 ‹‹
2081 4041 2189 4119 qui
2238 4040 2464 4099 caelebs
2512 4040 2612 4115 sit,
2647 4042 2755 4119 qui
2804 4043 3205 4103 continentiae
3260 4043 3442 4105 laude
3493 4053 3684 4125 atque

280 4145 553 4224 angelica
608 4143 863 4204 vivendi
922 4142 1165 4201 ratione
1222 4139 1467 4200 ﬂoreat.
1526 4161 1554 4196 »

1592 4299 1678 4358 De
1714 4298 1907 4360 causis
1942 4296 2366 4358 ecclesiasticis.

354 4444 693 4501 Causarum
755 4436 1288 4499 eccesiasticarum
1343 4432 1586 4510 judices
1640 4440 1821 4493 erant
1878 4432 2155 4511 episcopi
2210 4450 2223 4503 ;
2285 4437 2347 4490 et
2402 4430 2451 4489 si
2511 4433 2765 4509 quando
2824 4453 2920 4493 res
2978 4435 3412 4497 ecclesiastica
3474 4438 3679 4515 publi-

292 4539 366 4597 cis
419 4538 725 4617 praetoriis
783 4534 1297 4603 traducebantur,
1357 4532 1418 4589 id
1478 4548 1641 4607 aegre
1700 4530 2006 4603 ferebant,
2066 4535 2127 4588 et
2184 4528 2407 4587 exinde
2461 4530 2889 4605 querimonias
2946 4533 3113 4610 apud
3184 4533 3427 4611 judices
3486 4535 3677 4595 habe-

291 4634 448 4705 bant,
508 4644 575 4696 ut
636 4634 903 4714 epistola
954 4630 1231 4707 Gregorii
1278 4630 1353 4687 de
1402 4628 1694 4707 episcopo
1743 4626 2093 4704 Bosphorio
2143 4632 2515 4703 argumento
2566 4634 2681 4685 est.
2744 4649 2770 4683 α
2803 4629 2974 4689 Hanc
3028 4630 3226 4705 tibi,»
3279 4631 3483 4710 inquit
3530 4632 3679 4691 scri-

296 4730 427 4791 bens
478 4734 768 4793 Nectario
827 4730 931 4809 (g),
998 4753 1025 4783 «
1077 4726 1498 4806 precationem
1556 4744 1745 4785 ausus
1803 4742 1943 4784 sum
2001 4724 2227 4784 offerre
2289 4742 2397 4800 pro
2459 4724 2979 4787 reverendissimo
3037 4728 3331 4806 episcopo
3392 4730 3675 4807 Bospho-

296 4829 493 4889 rio.....
555 4827 1058 4891 Controversiam
1128 4829 1295 4883 certe
1367 4823 1443 4882 de
1499 4821 2140 4882 circummanentibus
2210 4826 2492 4879 exortam
2567 4821 2698 4898 ipse
2768 4822 3063 4883 nimirum
3134 4825 3432 4885 dissolves
3495 4826 3681 4902 juxta

295 4924 537 5004 Spiritus
597 4927 887 5005 gratiam,
942 4941 1081 5001 quae
1136 4921 1199 4980 in
1259 4927 1318 4979 te
1376 4926 1487 4993 est,
1542 4926 1602 4980 et
1655 4938 1964 4980 canonum
2026 4925 2330 4978 tenorem.
2381 4917 2540 4977 Illud
2598 4924 2805 4978 autem
2865 4921 3121 4981 minime
3180 4923 3503 4982 ferendum
3554 4929 3679 4981 tuae

298 5026 634 5085 reverentia:
694 5025 1019 5089 videatur,
1094 5018 1261 5096 quod
1323 5024 1536 5077 nostra
1591 5017 1857 5095 publicis
1927 5016 2237 5095 praetoriis
2293 5015 2725 5075 traducantur.
2808 5021 2961 5077 Nam
3018 5021 3266 5080 tametsi
3323 5021 3445 5080 sint
3499 5019 3678 5081 Chri-

295 5123 478 5194 stiani,
540 5130 607 5183 ut
664 5131 829 5183 certe
886 5120 996 5179 Dei
1053 5116 1439 5193 benignitate
1493 5122 1657 5187 sunt,
1714 5114 2025 5193 ejusmodi
2077 5112 2470 5190 negotiorum
2519 5113 2814 5191 judices;
2880 5117 3031 5194 quid
3083 5136 3416 5178 commune
3465 5119 3678 5196 gladio

300 5224 347 5276 et
398 5220 691 5298 spiritui?
769 5217 947 5290 Quod
1006 5215 1055 5273 si
1112 5213 1300 5273 etiam
1360 5212 1893 5283 concesserimus,
1973 5210 2290 5289 quomodo
2346 5214 2455 5268 aut
2514 5210 2767 5271 ubinam
2820 5213 3105 5290 justum,
3187 5215 3676 5293 disputationem

295 5314 357 5372 de
408 5317 521 5377 ﬁde
577 5336 721 5379 cum
780 5315 920 5376 aliis
970 5309 1407 5373 controversiis
1453 5309 1822 5387 implicari?
1852 5330 1881 5364 υ
1948 5308 2125 5379 Quod
2185 5308 2304 5366 hac
2354 5307 2619 5384 epistola
2674 5310 3036 5388 postulabat
3066 5313 3422 5390 Gregorius,
3458 5332 3675 5374 conse-

350 5504 417 5573 (a)
457 5506 548 5559 Or.
586 5505 673 5571 17,
712 5503 860 5556 11.8.

2105 5494 2167 5573 (εἴ)
2347 5492 2407 5573 .22
2437 5508 2493 5546 θ’
2525 5493 2578 5573 8:

349 5563 416 5643 (ω
456 5576 624 5641 Ibid.,
660 5563 727 5629 ἠ.
763 5576 819 5627 6.

2214 5566 2307 5643 (ἐν’
2343 5563 2434 5643 49»
2466 5564 2646 5643 {H.26-

444 5648 535 5704 Or.
572 5632 665 5713 42,
708 5663 770 5699 n.
805 5645 894 5697 11.
930 5711 940 5715 Α
1222 5708 1237 5715 _
1274 5707 1318 5715 __
1364 5704 1397 5715 η
1571 5708 1632 5715 η

1222 5708 1237 5715 -
1274 5707 1318 5715 ._
1364 5704 1397 5715 ..
1571 5708 1632 5715 η
2109 5632 2177 5705 (g)
2217 5635 2319 5705 Ep.
2354 5632 2431 5689 al.
2465 5634 2589 5688 227.

346 5704 415 5787 id)
452 5704 818 5775 Carmfadv.
854 5711 1053 5784 episc.,
1086 5708 1240 5781 apud
1274 5704 1446 5773 Toll.,
1478 5723 1534 5778 p.
1568 5708 1655 5763 39.
