4052 6276
365 304 479 365 135
1365 299 1783 362 ΡΒιΕΡΑΤΙΟ
1830 302 1965 362 GEF

2151 301 2293 362 LIS.
2329 331 2408 345 --
2450 299 2650 363 PARS
2695 300 2803 363 ΙΙΙ.
3646 308 3750 372 136

361 446 544 499 cutus
594 438 863 507 videtur,
923 438 1441 514 occasionemque
1500 435 1743 497 dedisse
1799 436 2101 515 rescripto
2156 435 2531 511 Theodosii,
2592 437 2739 497 dato
2798 440 2832 497 4
2892 437 3070 497 Febr.
3134 456 3235 499 an.
3297 441 3413 499 384
3468 443 3559 501 vel
3615 444 3744 518 385,

362 538 445 597 ad
476 539 773 616 Optatum
806 535 1061 613 [Egypti
1100 534 1489 612 praefectum,
1547 551 1674 613 quo
1733 534 2029 605 sancitur,
2096 554 2124 587 «
2160 532 2242 611 (a)
2292 549 2370 592 ne
2426 550 2659 593 nomen
2720 535 3182 613 episcoporum,
3243 538 3336 597 vel
3394 556 3602 599 eorum
3651 543 3753 618 qui

360 635 653 695 Ecclesiae
712 631 1183 693 necessitatibus
1240 632 1547 705 serviunt,
1608 632 1686 690 ad
1737 630 1979 708 judicia
2028 631 2155 690 sive
2213 631 2675 691 ordinariorum
2735 649 2862 692 sive
2920 635 3558 696 extraordinariorum
3617 655 3751 715 per-

363 732 673 792 trahatur.
735 731 978 790 Habent
1036 729 1127 788 illi
1175 729 1423 807 judices
1478 747 1664 802 suos,
1740 747 1854 787 nec
1911 728 2256 806 quidquam
2319 727 2415 787 his
2490 729 2755 806 publicis
2821 749 3154 791 commune
3230 751 3372 792 cum
3446 734 3681 811 legibus
3736 754 3750 793 :

362 833 670 907 quantum
730 826 809 887 ad
866 842 1088 885 causas
1144 830 1351 884 tamen
1410 823 1860 884 ecclesiasticas
1912 824 2203 902 pertinet,
2263 841 2419 901 quas
2474 824 2653 885 decet
2710 826 3050 904 episcOpali
3108 829 3480 889 auctoritate
3537 828 3756 889 decidi.

363 926 851 1002 Quibuscunque
906 923 1099 1001 igitur
1156 928 1326 981 mota
1383 922 1570 983 fuerit
1624 919 1887 1000 quaestio
1945 938 2087 999 qum
2145 922 2227 981 ad
2287 921 2702 982 Christianam
2773 925 3080 1001 pertineat
3136 925 3569 1000 sanctitatem,
3654 944 3757 987 eos

360 1023 605 1085 decebit
650 1022 766 1083 sub
822 1040 895 1082 eo
942 1020 1157 1099 judice
1215 1019 1486 1097 litigare,
1537 1020 1646 1099 qui
1701 1019 1930 1098 praesul
1986 1025 2079 1080 est
2135 1020 2198 1078 in
2256 1019 2383 1078 suis
2439 1020 2724 1099 partibus
2771 1023 3050 1082 omnium
3102 1023 3521 1097 sacerdotum,
3556 1046 3585 1079 υ
3638 1032 3755 1085 etc.

1602 1125 1687 1187 De
1733 1124 2063 1205 virginibus
2107 1134 2163 1184 et
2206 1125 2525 1186 monachis.

440 1227 774 1289 Notatione
831 1224 1089 1303 dignum
1151 1222 1423 1282 maxime
1471 1224 1640 1301 quod
1698 1223 1785 1282 ait
1844 1223 2177 1300 Gregorius
2234 1224 2311 1283 de
2370 1223 2716 1301 virginibus
2772 1228 2898 1285 Deo
2958 1227 3377 1299 consecratis,
3438 1226 3640 1305 deque
3691 1226 3762 1287 iis

361 1325 676 1395 omnibus,
729 1322 838 1403 qui
894 1325 1035 1400 post
1094 1325 1460 1398 nuncupata
1512 1322 1640 1381 Deo
1700 1326 1868 1393 vota,
1918 1321 2223 1399 promissa
2278 1339 2404 1381 non
2456 1328 2679 1382 curant
2732 1322 3109 1400 persolvere,
3162 1328 3271 1384 aut
3318 1325 3593 1402 graviter
3634 1326 3764 1385 offi-

362 1424 527 1485 cium
585 1423 881 1484 deserunt
921 1436 934 1478 :

826 1518 897 1587 (b)
940 1515 1047 1581 Qui
1078 1514 1469 1587 virginitatem
1501 1514 1727 1587 Christo
1757 1516 1879 1586 regi
1919 1515 2149 1581 obtulit,

826 1586 1129 1643 Rationale
1159 1586 1530 1655 sacriﬁcium,
1563 1586 1861 1641 victimam
1896 1587 2283 1653 incruentam,

827 1660 1075 1731 Nuptias
1107 1659 1155 1713 si
1189 1658 1464 1731 deinceps
1493 1658 1811 1729 quesierit,
1845 1673 1960 1712 non
1987 1659 2221 1727 jactura
2251 1662 2479 1713 tantum
2512 1657 2618 1731 illi,
2652 1676 2850 1715 verum
2884 1660 3268 1729 gravissimus

826 1730 1146 1800 Est’casus,
1181 1730 1353 1784 morti
1386 1731 1709 1801 proximus,
1746 1746 1808 1784 ac
1840 1734 2120 1801 prmterea
2150 1730 2528 1801 opprobrium
2561 1730 2943 1786 indelebile...

824 1803 964 1866 Quis
993 1818 1125 1857 vero
1157 1800 1401 1856 audiens
1432 1802 1777 1873 Sapphiram
1822 1800 2113 1856 infelicem
2144 1807 2202 1855 et
2230 1800 2520 1856 Ananiam

826 1876 1010 1930 Lucro
1042 1874 1140 1945 qui
1172 1889 1279 1927 suo
1310 1873 1527 1945 malam
1560 1878 1808 1945 mortem
1839 1878 2278 1945 commutarunt
2307 1874 2371 1943 ⁵⁷,

826 1950 951 2001 Non
981 1941 1249 2015 vereatur
1279 1941 1366 1999 vel
1399 1943 1600 1999 leviter
1624 1943 1916 2015 promissa
1946 1942 2160 2015 violare
2185 1944 2212 1997 ‘I

826 2013 1113 2089 Regulam
1140 2018 1315 2089 etiam
1348 2016 1480 2089 quis
1511 2012 1750 2089 auream
1782 2031 1913 2089 cum
1950 2012 2150 2069 furtim
2184 2013 2578 2086 subripuisset

824 2090 866 2144 E
916 2087 1116 2160 populi
1158 2088 1537 2160 primoribus,
1571 2087 1757 2160 inscio
1789 2087 1956 2160 duce,

825 2156 1059 2215 Vestem
1091 2156 1449 2229 et'pecuniaa
1484 2157 1775 2213 modicum
1802 2178 1816 2223 ς
1849 2157 1955 2229 toti
1988 2156 2182 2211 nocuit
2215 2157 2449 2229 populo.

826 2230 984 2287 Talis
1016 2234 1124 2297 est,
1158 2227 1254 2301 qui
1287 2230 1678 2302 virginitatem
1711 2228 2038 2300 amplexus,
2072 2227 2229 2283 retro
2259 2227 2564 2299 graditur;
2597 2233 2698 2282 aut
2728 2227 2904 2283 etiam
2936 2229 3207 2284 deterior.

443 2338 732 2403 Nazianzi
790 2335 1246 2398 monachorum
1305 2334 1600 2396 exercitia
1656 2334 1743 2395 sic
1794 2331 2085 2395 describit
2142 2334 2475 2411 Gregorius
2534 2333 2611 2413 (ο)
2670 2352 2685 2395 :
2776 2359 2801 2388 α
2865 2334 3141 2411 Vigiliaa,
3198 2335 3467 2413 jejunia,
3537 2354 3775 2414 preces,

363 2441 697 2520 lacrymm,
780 2436 1012 2496 callosa
1068 2452 1313 2512 genua,
1392 2432 1661 2512 pectoris
1718 2432 2346 2503 converberationes,
2427 2431 2758 2510 suspirium
2819 2450 2893 2491 ex
2957 2433 3083 2493 imo
3145 2452 3452 2507 manans,
3536 2452 3777 2512 pernox

364 2538 573 2610 statio,
633 2532 857 2595 mentis
914 2530 992 2592 ad
1048 2533 1242 2591 Deum
1304 2529 1758 2609 peregrinatio,
1815 2527 2018 2590 tenuis
2074 2530 2237 2588 inter
2292 2529 2599 2589 orandum
2660 2529 2877 2602 ﬂetus,
2941 2530 3327 2591 audientium
3392 2531 3647 2591 animos
3705 2527 3783 2590 ad

367 2634 913 2715 compunctionem
972 2628 1260 2703 incitans,
1340 2628 1700 2707 psallentes,
1760 2626 1870 2687 Dei
1928 2625 2193 2706 gloriam
2263 2627 2670 2698 celebrantes,
2730 2628 2927 2706 legem
2986 2627 3234 2688 Domini
3291 2628 3399 2688 diu
3461 2634 3783 2706 noctuque

366 2734 782 2806 meditantes,
841 2728 1250 2789 exaltationes
1308 2726 1416 2786 Dei
1472 2724 1536 2785 in
1591 2725 1951 2802 gutturibus
2002 2726 2048 2759 ⁵⁸
2128 2725 2444 2795 ferentes;
2508 2732 2696 2803 atque
2755 2725 2889 2785 haec
2948 2726 3135 2785 etiam
3193 2727 3334 2786 vitae
3394 2730 3530 2787 Deo
3590 2733 3787 2805 gratae

364 2831 630 2913 pulchra
677 2827 909 2888 indicia
964 2832 1025 2885 et
1083 2830 1477 2902 argumenta,
1512 2824 1811 2901 tacitique
1842 2841 2185 2901 praecones,
2233 2823 2487 2883 sordida
2534 2822 2831 2883 nimirum
2889 2828 2949 2883 et
3004 2824 3294 2903 squalida
3342 2843 3554 2899 coma,
3594 2824 3788 2902 pedes

366 2931 541 3003 nudi,
599 2935 661 2989 et
713 2926 1093 3006 apostolicos
1142 2924 1482 2992 imitantes,
1540 2920 1695 2980 nihil
1752 2929 2068 2982 mortuum
2128 2922 2414 2994 ferentes,
2477 2929 2628 3001 apta
2684 2928 2747 2981 et
2798 2922 3124 2983 moderata
3180 2928 3469 2997 tonsura,
3518 2924 3793 2984 amictus

363 3030 592 3089 fastum
645 3042 956 3095 coercens,
1009 3040 1164 3081 zona
1212 3020 1293 3079 ob
1342 3025 1601 3079 ornatus
1652 3016 2004 3095 neglectum
2064 3018 2233 3078 culta
2289 3027 2350 3079 et
2406 3025 2756 3079 ornata.....
2809 3020 3028 3079 oculus
3078 3019 3331 3080 minime
3378 3038 3601 3099 vagus,
3640 3020 3792 3079 sub—

365 3129 525 3187 risus
580 3123 976 3184 blandus.....
1057 3119 1371 3178 silentium
1433 3135 1719 3176 sermone
1779 3115 2214 3195 praestantius,
2291 3117 2572 3177 laudatio
2631 3117 2759 3176 sale
2817 3115 3113 3189 condita,
3191 3134 3315 3177 non
3375 3118 3462 3179 ad
3537 3118 3795 3178 blandi-

366 3227 484 3285 tias
542 3226 939 3299 comparata,
999 3217 1105 3277 sed
1163 3215 1241 3275 ad
1305 3214 1563 3274 meliora
1621 3212 1931 3292 dirigens,
1990 3212 2347 3291 obiurgatio
2406 3212 2769 3275 laudatione
2826 3213 3292 3290 optabilior.....
3356 3217 3593 3277 modus
3655 3222 3790 3276 tum

366 3325 431 3383 in
490 3336 824 3381 commune
881 3312 1267 3395 prodeundi,
1330 3320 1461 3371 tum
1522 3310 1881 3383 secedendi,
1947 3311 2063 3371 hoc
2121 3320 2189 3370 ut
2244 3309 2363 3390 ipsi
2420 3311 2688 3390 Spiritus
2742 3311 3050 3390 mysteriis
3108 3312 3535 3387 imbuantur;
3600 3322 3794 3390 atque

366 3422 455 3481 ita
511 3426 892 3495 utrumque,
968 3418 1038 3472 ut
1093 3418 1155 3469 et
1212 3410 1276 3468 in
1333 3409 1652 3470 communi
1718 3407 2112 3469 solitudinem
2192 3417 2477 3483 servent,
2555 3416 2615 3469 et
2670 3409 2732 3468 in
2790 3408 3125 3469 solitudine
3180 3410 3531 3471 fraternam
3600 3410 3795 3471 bene-

364 3516 701 3579 volentiam
761 3519 824 3573 et
881 3508 1303 3578 charitatem;
1364 3512 1447 3583 et,
1500 3524 1639 3583 quae
1690 3505 1786 3565 his
1837 3504 2043 3565 adhuc
2097 3505 2339 3584 majora
2386 3513 2447 3566 et
2495 3506 2860 3566 sublimiora
2900 3512 3065 3578 sunt,
3100 3524 3250 3584 opes
3282 3507 3345 3565 in
3380 3514 3798 3587 paupertate,

364 3611 673 3694 possessio
729 3610 792 3670 in
852 3605 1374 3688 peregrinatione,
1426 3603 1629 3682 gloria
1682 3603 1744 3662 in
1805 3609 2194 3684 contemptu,
2247 3603 2526 3682 potentia
2581 3603 2644 3662 in
2698 3601 3084 3675 inﬁrmitate,
3137 3602 3496 3665 fecunditas
3553 3605 3620 3665 in
3675 3623 3803 3664 σεε-

362 3713 583 3781 libatu,
644 3704 952 3786 siquidem
1014 3701 1458 3782 prestantiores
1514 3700 1676 3761 fetus
1730 3700 1823 3761 illi
1879 3707 2043 3775 sunt,
2105 3701 2213 3780 qui
2269 3702 2608 3761 secundum
2668 3702 2863 3761 Deum
2927 3701 3257 3773 exsistunt,
3322 3721 3524 3781 quam
3590 3703 3705 3782 qui
3767 3720 3807 3763 a

361 3829 548 3871 carne
607 3815 812 3866 ortum
873 3804 1159 3863 ducunt:
1224 3800 1332 3878 qui
1388 3799 1625 3859 deliciis
1685 3800 1938 3859 minime
1982 3798 2231 3859 studere
2292 3818 2403 3878 pro
2461 3798 2696 3859 deliciis
2755 3799 3039 3871 habent;
3102 3799 3209 3877 qui
3270 3801 3452 3877 regni
3513 3799 3800 3862 caelestis

361 3926 548 3969 causa
608 3903 877 3964 humiles
935 3914 1101 3972 sunt,
1151 3899 1258 3977 qui
1312 3897 1462 3958 nihil
1524 3896 1586 3956 in
1647 3895 1880 3957 mundo
1930 3895 2166 3958 habent
2213 3904 2274 3957 et
2330 3917 2523 3977 supra
2573 3896 2876 3957 mundum
2927 3896 3255 3970 exsistunt,
3307 3899 3419 3975 qui
3474 3899 3677 3960 etiam
3731 3899 3795 3957 in

363 4025 549 4069 carne
609 4010 787 4065 extra
843 4018 1094 4061 carnem
1154 3999 1409 4073 vivunt,
1472 3997 1581 4075 qui
1637 4016 1751 4075 pro
1809 3995 2095 4075 portione
2153 3999 2350 4056 Deum
2408 3995 2685 4070 habent,
2755 3997 2865 4074 qui
2921 4001 3178 4076 propter
3232 4015 3510 4074 regnum
3569 3997 3801 4079 inopia

362 4106 676 4175 laborant,
738 4106 799 4160 et
853 4106 1113 4177 propter
1166 4095 1447 4174 inopiam
1506 4100 1793 4171 regnant.
1846 4114 1873 4149 ι)

442 4207 530 4264 De
588 4196 913 4259 monachis
969 4202 1031 4256 et
1086 4192 1432 4272 virginibus
1486 4192 1613 4251 Deo
1669 4191 1863 4251 sacris
1920 4191 2007 4251 sic
2062 4191 2290 4251 iterum
2348 4191 2411 4250 in
2466 4189 2742 4253 carmine
2799 4189 3067 4253 iambico
3107 4188 3243 4271 (d):

1177 4300 1288 4355 Sed
1321 4299 1474 4368 quod
1505 4312 1739 4367 semper
1774 4312 1841 4351 ac
1871 4296 2147 4368 omnibus
2178 4296 2556 4352 notissimum
2587 4302 2695 4367 est,

1175 4367 1376 4425 Cernis
1408 4369 1721 4439 insomnes
1744 4367 2038 4439 virginum
2071 4368 2451 4439 psalmodias,

1178 4442 1451 4496 Virorum
1487 4455 1553 4494 ac
1584 4438 1898 4495 mulierum
1933 4438 2153 4493 natura
2184 4438 2518 4503 oblitorum,

1175 4516 1325 4579 Quot
1352 4518 1410 4567 et
1438 4511 1698 4581 qualium
1727 4511 1739 4565 ι
1774 4526 1953 4581 quam
1984 4510 2056 4565 ad
2088 4509 2461 4581 Divinitatem
2492 4511 2896 4581 accedentium

1180 4579 1591 4640 Concinentem
1624 4586 1681 4637 et
1715 4579 1943 4653 angelis
1975 4580 2424 4653 respondentem
2456 4579 2697 4637 chorum

1178 4655 1503 4728 Duplicem,
1536 4653 1595 4728 in
1628 4652 1768 4708 cmlo
1800 4652 1858 4708 et
1888 4652 1948 4728 in
1980 4656 2135 4728 terra
2164 4653 2520 4724 ordinatum,

1182 4724 1396 4783 Divinas
1426 4726 1792 4781 laudatorem
1828 4724 2154 4795 majestatis
2184 4729 2243 4780 et
2273 4730 2516 4780 natura.

363 4845 494 4902 Non
558 4856 684 4900 una
740 4839 1019 4900 omnium
1080 4836 1390 4915 virginum
1447 4835 1599 4903 vita,
1662 4831 2007 4910 eademque
2063 4832 2315 4894 vivendi
2368 4830 2702 4893 instituta:

861 4946 933 5016 (ε)
960 4941 1026 5016 Αἱ
1058 4940 1150 5016 μὶν
1184 4938 1482 5016 ὁμηγερέες
1513 4936 1673 5016 ξυνὸν.
1694 4932 1871 5016 πόθοῆν.
1892 4938 2255 5013 ἀμφιέπουσαι

928 5006 1186 5088 Οὐράνῐου
1405 5014 1495 5065 ἶσα
1520 5006 1581 5063 re
1616 5008 1782 5081 μότρα
1818 5006 1960 5081 βίοι).

363 5117 516 5179 Alia;
571 5117 823 5196 quidem
883 5116 1069 5175 simul
1128 5117 1567 5191 congregatae,
1629 5108 1745 5168 sub
1804 5127 1930 5169 uno
1987 5109 2271 5170 conclavi
2325 5125 2658 5169 commune
2715 5108 2963 5169 vivendi
3016 5108 3373 5170 institutum
3435 5114 3817 5175 servabant

363 5232 698 5276 commune
744 5214 1122 5275 desiderium
1180 5214 1461 5273 foventes
1516 5206 1787 5267 cmlestis
1845 5207 2013 5285 vita),
2072 5207 2432 5286 similesque
2489 5206 2739 5268 vivendi
2798 5206 3017 5268 modos
3071 5212 3324 5268 secutae.

928 5319 1006 5395 At
1026 5316 1071 5371 δ’
1102 5316 1185 5391 ἄρ’
1218 5316 1329 5395 tot:
1356 5309 1600 5395 toxicum
1635 5311 1946 5395 napﬁpsvat
1982 5310 2347 5387 αὸρανὲουσιν,

932 5390 1023 5444 Ἠὶ
1051 5383 1399 5462 καάιγνήτοις
1435 5383 1661 5457 μάρτυσι
1694 5383 2066 5458 σωφροσύνηςῖ

436 5510 478 5540 ⁸⁷
510 5510 633 5563 Act.
666 5525 718 5577 v,
755 5509 905 5561 1-11.
980 5507 1023 5541 ⁸³
1054 5503 1205 5559 Psal.
1233 5520 1413 5571 cxux,
1444 5502 1498 5554 6.

440 5608 510 5669 (al
530 5605 683 5685 _Lege
705 5606 758 5673 3,
783 5606 936 5685 apud
958 5600 1436 5684 Sirmu_ndum,in
1460 5595 1779 5685 appendice
1801 5596 2013 5655 Codicis
2194 5599 2266 5685 (et
2304 5598 2399 5685 ρι’.
2439 5598 2495 5662 6,
2528 5614 2583 5685 ιλ.
2616 5601 2695 5678 2.⁸

440 5614 510 5669 (a)
537 5614 683 5677 Lege
705 5614 758 5673 3,
783 5614 936 5676 apud
958 5614 1436 5667 Sumundumgn
1460 5614 1779 5723 apfbenalce
1801 5614 2013 5655 boazczs
2194 5614 2260 5685 to)
2304 5614 2399 5652 ur.
2439 5614 2495 5662 0,
2528 5614 2583 5651 n.
2616 5614 2695 5678 κ..

371 5676 586 5753 Τὴβράὲ
617 5683 758 5731 tom.
781 5678 816 5753 _l
849 5692 1005 5753 oper.
1040 5673 1356 5753 variorum.
1378 5687 1453 5752 .p.
1522 5680 1534 5692 '
1600 5709 1612 5725 .
2196 5670 2269 5753 Sd)
2308 5669 2501 5753 Carm.
2533 5670 2611 5753 pne
2640 5670 2873 5753 vzftg'te‘.‘
2960 5739 2971 5751 η

440 5676 586 5738 eod.,
617 5672 758 5731 tom.
798 5672 1005 5747 foper.
1040 5673 1356 5728 variorum.
1392 5687 1453 5741 p.
1482 5672 1612 5725 720.
2196 5672 2249 5723 "d
2312 5672 2501 5724 Carm.
2533 5672 2611 5723 De
2640 5672 2858 5723 virtute.

440 5747 512 5817 (b)
545 5747 735 5815 Carm,
768 5747 821 5817 4,
854 5748 929 5802 De
954 5760 1117 5817 praec.
1147 5743 1216 5799 ad
1244 5742 1501 5811 virgines.
2193 5672 2269 5811 is;
2303 5742 2491 5795 Carm.
2526 5739 2614 5807 48,
2648 5738 2719 5795 ad
2752 5737 3100 5795 Hellenium.
