4052 6276
235 388 323 450 I37
1244 392 1657 455 PRzEFATlt)
1704 390 2166 454 GENERALIS.
2204 428 2277 437 ——-
2308 393 2507 454 PARS
2554 394 2661 454 ΙΙΙ.
3518 394 3636 455 138

226 525 360 586 Alia:
389 542 542 585 vero
576 526 755 586 intra
815 534 1111 605 paternas
1160 528 1381 588 domos
1436 530 1700 588 inﬁrmis
1758 527 2116 587 assidebaut
2172 527 2562 605 parentibus,
2599 544 2866 606 quorum
2921 544 3134 588 curam
3190 527 3641 606 suscipiebant,

229 630 392 702 atque
425 623 626 684 etiam
693 624 1011 697 afﬁnium,
1047 644 1203 704 quos
1258 644 1385 686 suee
1446 625 1845 687 continentiae
1878 629 2063 685 testes
2119 623 2466 685 habebant.
2498 624 2599 685 Sic
2656 624 3044 698 Marcellina,
3076 625 3276 685 sancti
3324 623 3647 685 Ambrosii

226 740 405 795 soror,
443 740 632 782 sacra
676 724 809 782 Deo
861 723 979 782 fuit
1033 724 1207 801 virgo
1240 724 1305 783 in
1363 724 1639 804 paternis
1696 723 2026 794 domibus;
2060 721 2148 781 sic
2204 723 2613 782 Eustochium
2673 720 2760 781 sic
2817 721 3150 801 Principia,
3188 721 3456 801 aliaque
3511 740 3639 783 non

224 837 452 898 paucas,
514 820 1020 900 Hieronymiano
1077 822 1319 883 calamo
1374 822 1730 893 celebratae,
1788 839 1929 899 quae
1988 820 2174 879 nullis
2240 837 2304 879 se
2362 819 2759 880 monasteriis
2806 818 3201 890 addixerunt,
3253 824 3315 879 et
3369 818 3485 879 sub
3517 836 3643 880 una

219 924 539 995 parentum
595 936 751 978 cura
810 919 1146 997 degebant.
1180 919 1632 999 Progrediente
1686 925 1992 997 tempore,
2030 917 2266 977 abusus
2295 917 2602 995 irrepsere
2635 933 2648 974 :
2686 916 3005 976 nonnullas
3042 934 3119 975 ex
3149 915 3247 975 his
3292 916 3642 993 virginibus

224 1015 557 1088 interdum,
581 1020 694 1075 aut
714 1015 1084 1094 parentibus
1106 1017 1529 1095 fratribusque
1546 1016 1815 1089 orbatae;
1842 1020 1951 1075 aut
1977 1015 2364 1087 inﬁrmitate,
2394 1019 2503 1074 aut
2531 1018 2925 1093 paupertate,
2959 1020 3068 1073 aut
3090 1013 3229 1073 aliis
3248 1013 3522 1073 incitata;
3546 1031 3645 1074 ra-

227 1113 517 1185 tionibus,
552 1112 819 1173 clericos
849 1132 1167 1193 vagosque
1200 1115 1547 1175 monachos
1578 1115 1641 1174 in
1665 1113 2145 1175 contubernium
2169 1112 2562 1184 asciverunt;
2600 1118 2789 1190 atque
2809 1112 2899 1171 ita
2919 1112 3154 1171 factum
3188 1118 3281 1172 est
3302 1116 3371 1171 ut
3409 1129 3640 1190 paren-

232 1218 347 1270 tum
384 1229 455 1271 ac
491 1213 761 1272 fratrum
796 1211 939 1272 loco
970 1213 1600 1273 succederentclerici
1632 1214 1758 1273 sive
1783 1211 2099 1286 monachi,
2135 1207 2490 1278 συνείσακτοι,
2522 1209 2958 1282 introductitii,
2994 1209 3102 1287 qui
3144 1209 3332 1269 etiam
3365 1208 3645 1270 honestis

228 1309 584 1369 nominibus
607 1309 797 1368 talem
827 1316 889 1369 et
911 1316 1038 1370 tam
1064 1312 1316 1371 noxiam
1342 1311 1861 1371 consuetudinem
1888 1309 2291 1388 obtegebant.
2314 1308 2471 1368 Hinc
2489 1313 2908 1386 agapetorum
2933 1312 2996 1367 et
3010 1315 3420 1385 agapetarum
3439 1308 3639 1385 origo,

228 1407 445 1486 quibus
470 1407 841 1467 nominibus
866 1413 991 1467 tam
1019 1409 1435 1487 periculosam
1460 1408 1706 1468 vivendi
1728 1425 2016 1468 normam
2039 1406 2444 1467 decorabant.
2476 1405 2633 1464 Hinc
2689 1410 3046 1464 sanctorum
3068 1405 3347 1471 Patrum.
3373 1406 3645 1465 maxime

230 1506 588 1583 Hieronymi
637 1507 912 1583 querelae
946 1506 1329 1585 deplorantis
1359 1507 1665 1567 inﬁictum
1716 1506 2061 1584 virginitati
2096 1504 2330 1564 vulnus
2356 1522 2370 1577 ;
2395 1504 2457 1563 in
2490 1503 2672 1581 epist.
2709 1502 2797 1562 De
2847 1501 3113 1562 custodia
3159 1502 3529 1582 virginitatis
3560 1502 3639 1564 ad

224 1603 632 1663 Eustochium
663 1620 675 1660 :
745 1627 773 1657 «
807 1605 1008 1663 Pudet
1038 1604 1240 1665 dicere
1268 1605 1489 1684 inquit,
1520 1605 1679 1684 proh
1711 1605 1884 1664 nefas
1911 1605 1923 1663 l
1958 1604 2156 1675 triste,
2195 1602 2301 1663 sed
2332 1619 2550 1662 verum
2582 1606 2696 1661 est.
2733 1600 2912 1663 Unde
2958 1600 3021 1659 in
3072 1600 3381 1661 Ecclesias
3410 1618 3639 1679 agape-

222 1709 415 1760 tarum
464 1701 669 1779 pestis
715 1701 1001 1761 introiit?
1035 1703 1211 1763 Unde
1242 1704 1372 1763 sine
1404 1702 1612 1781 nupiis
1641 1701 1811 1762 aliud
1843 1720 2069 1762 nomen
2101 1719 2373 1761 uxorum
2405 1700 2435 1758 ?
2465 1701 2598 1759 Imo
2647 1698 2814 1759 unde
2861 1714 3096 1759 novum
3147 1698 3640 1759 concubinarum

221 1801 458 1875 genus?
490 1824 520 1854 n
561 1804 683 1859 etc.
720 1799 938 1860 Tantis
972 1800 1152 1860 malis
1180 1800 1379 1861 sancti
1428 1802 1642 1861 Patres
1685 1799 1955 1878 querelis
2002 1799 2151 1870 suis,
2184 1797 2723 1859 admonitionibus
2769 1801 2833 1857 et
2887 1795 3154 1875 scriptis,
3189 1813 3303 1856 nec
3346 1815 3471 1856 non
3501 1814 3644 1857 con-

222 1898 349 1958 cilia
380 1898 622 1957 severis
651 1898 875 1957 edictis
904 1898 1154 1959 obviam
1183 1900 1273 1959 ire
1302 1918 1431 1960 non
1461 1904 1821 1970 cessarunt;
1848 1916 1989 1977 quae
2022 1897 2271 1976 quidem
2306 1897 2358 1956 si
2378 1895 2629 1973 singula
2658 1911 3153 1956 commemorare
3175 1893 3423 1954 animus
3453 1901 3635 1955 esset.

220 1997 398 2074 longa
429 1996 625 2055 nobis
657 1995 933 2055 texenda
962 2002 1124 2056 esset
1156 1995 1434 2057 historia.
1472 2000 1617 2057 Haec
1646 1996 1877 2056 dixisse
1923 2001 2020 2055 sat
2069 2001 2200 2069 est;
2233 1994 2339 2074 qui
2373 1994 2557 2073 plura
2610 1992 2797 2068 volet,
2833 1992 3002 2070 legat
3029 1990 3285 2052 Antonii
3313 1991 3639 2052 Muratorii

221 2093 731 2173 Disquisitionem
762 2092 837 2152 de
866 2092 1197 2174 Sym'sactis
1223 2103 1277 2154 et
1305 2095 1592 2176 Agapetis
1620 2094 1683 2155 in
1712 2092 2025 2156 Anecdotis
2057 2091 2295 2163 Graecis,
2350 2097 2493 2166 etc.,
2528 2090 2770 2151 Patavii
2817 2089 2998 2160 in-4°,
3032 2107 3134 2151 an.
3172 2090 3351 2164 i709,
3394 2106 3459 2168 p.
3491 2091 3634 2150 218.

912 2430 1354 2494 Observationes
1383 2433 1544 2494 circa
1569 2432 1852 2494 Ecclesiae
1881 2431 2255 2514 disciplinam
2279 2451 2353 2494 ex
2383 2428 2657 2515 Gregorii
2702 2433 2956 2516 scriptis.

286 2693 573 2753 Plurima
606 2692 670 2751 in
709 2690 994 2770 Gregorii
1043 2692 1288 2772 scriptis
1317 2693 1753 2754 observatione
1812 2694 2003 2774 digna
2062 2698 2424 2766 occurrunt,
2456 2699 2587 2756 tam
2646 2694 2812 2755 circa
2866 2693 3160 2755 Ecclesiae
3216 2693 3638 2774 disciplinam;

215 2808 391 2869 quam
428 2793 608 2851 circa
643 2808 892 2851 morum
928 2790 1197 2869 regulas.
1233 2791 1526 2852 Ecclesiae
1575 2792 1820 2871 asylum
1851 2792 1926 2852 iis
1956 2799 2154 2867 erant,
2190 2793 2299 2873 qui
2355 2794 2433 2853 ad
2491 2812 2597 2854 eas
2652 2792 3137 2871 confugiebant;
3172 2793 3339 2853 unde
3396 2792 3637 2855 nemini

216 2908 312 2949 eos
340 2890 689 2950 extrahere
723 2888 972 2949 licebat.
1010 2889 1257 2967 insigne
1286 2890 1525 2968 profert
1572 2890 1928 2970 exemplum
1981 2891 2313 2969 Gregorius
2357 2892 2422 2952 in
2472 2892 2756 2953 oratione
2802 2891 2880 2951 de
2926 2890 3155 2951 Basilio
3185 2889 3290 2971 (α).
3332 2914 3364 2947 ‹‹
3392 2891 3635 2952 Mulieri

214 2988 453 3047 cuidam
493 2988 894 3066 amplissimo
927 2987 1066 3047 loco
1098 2994 1286 3062 natea,
1322 2988 1500 3065 cujus
1531 2990 1792 3049 maritus
1824 2988 1993 3049 haud
2040 2990 2280 3068 pridem
2312 2995 2592 3050 extremo
2621 2990 2763 3049 vitae
2804 2988 2905 3048 die
2936 2989 3190 3049 functus
3222 2993 3378 3059 erat,
3408 2989 3640 3068 judicis

220 3103 489 3147 assessor
520 3086 651 3144 vim
686 3085 1009 3160 aﬁerebat,
1045 3085 1433 3165 invitamque
1466 3086 1544 3146 ad
1576 3088 1827 3166 nuptias
1874 3088 2302 3166 pertrahebat.
2336 3091 2458 3148 Ista
2486 3093 2719 3159 autem,
2754 3105 2895 3147 cum
2950 3087 3126 3146 nulla
3174 3088 3419 3147 ratione
3474 3088 3640 3147 hanc

221 3185 331 3243 vim
365 3184 658 3261 eﬁ‘ugere
689 3189 978 3261 posset...
1014 3183 1091 3243 ad
1124 3201 1364 3243 sacram
1402 3202 1679 3244 mensam
1729 3185 2029 3263 confugit,
2064 3187 2389 3264 Deumque
2420 3186 2716 3245 adversus
2746 3184 2910 3244 hanc
2940 3183 3237 3263 injuriam
3278 3202 3643 3264 propugna-

228 3288 411 3343 torem
448 3282 575 3342 sibi
608 3282 894 3360 adoptat.
933 3282 1092 3353 Ouid
1124 3282 1390 3361 igitur...
1423 3283 1779 3343 faciendum
1811 3284 1950 3357 fuit,
1984 3302 2107 3344 non
2133 3284 2270 3345 dico
2302 3285 2531 3364 Magno
2563 3283 2815 3359 Basilio,
2850 3283 2955 3363 qui
2996 3282 3072 3343 de
3124 3282 3219 3342 his
3250 3282 3434 3344 rebus
3471 3282 3641 3361 leges

225 3399 470 3461 quoque
508 3381 811 3439 omnibus
841 3386 1172 3453 statuerat,
1199 3381 1301 3441 sed
1329 3380 1435 3440 alii
1465 3380 1735 3460 cuipiam
1761 3380 1945 3460 longe
1975 3382 2083 3442 illo
2113 3382 2413 3455 inferiori,
2441 3383 2587 3441 dum
2621 3387 2830 3442 tamen
2873 3379 3228 3441 sacerdoti?
3256 3380 3413 3453 Quid
3444 3380 3638 3459 aliud,

213 3478 319 3538 nisi
362 3485 432 3538 ut
465 3496 614 3538 eam
653 3484 980 3550 assereret,
1012 3478 1332 3551 retineret,
1369 3479 1540 3539 omni
1571 3496 1721 3538 cura
1752 3485 2052 3553 tueretur,
2085 3481 2195 3540 Dei
2242 3480 2589 3541 clementiae
2620 3486 2681 3539 et
2720 3479 2865 3557 legi,
2910 3496 3052 3557 quae
3093 3478 3399 3539 altaribus
3428 3478 3634 3541 hono-

214 3594 328 3635 rem
362 3574 824 3652 haberijubet,
866 3593 1119 3634 manum
1155 3576 1526 3654 porrigeret,
1562 3576 1770 3636 omnia
1816 3577 2082 3656 denique
2129 3578 2301 3657 prius
2348 3579 2580 3638 faceret
2609 3582 2670 3637 et
2716 3576 3058 3656 pateretur,
3092 3594 3284 3655 quam
3327 3580 3398 3637 ut.
3443 3566 3631 3637 inhu-

210 3674 448 3732 manius
479 3672 689 3733 ullum
726 3673 1026 3731 adversus
1060 3690 1196 3732 eam
1230 3673 1559 3733 consilium
1599 3673 1826 3746 iniret;
1860 3674 2072 3752 sicque
2122 3681 2182 3734 et
2238 3693 2519 3735 mensam
2576 3681 3059 3746 sacrosanctam,
3105 3679 3166 3733 et
3222 3672 3409 3734 ﬁdem
3441 3673 3629 3733 etiam

208 3769 371 3828 illam
402 3787 557 3829 cum
593 3787 722 3846 qua
752 3768 1020 3846 supplex
1052 3775 1206 3837 erat,
1244 3770 1626 3830 contumelia
1657 3771 1981 3831 afﬁceret?
2009 3792 2038 3827 ι)
2078 3774 2213 3831 Non
2254 3789 2474 3850 passus
2524 3776 2618 3830 est
2671 3770 2935 3831 Basilius
2991 3770 3183 3829 ullam
3243 3770 3362 3848 piae
3419 3770 3625 3830 viduae

212 3866 503 3945 injuriam
539 3866 783 3939 inferri,
821 3865 929 3925 sed
959 3884 1092 3925 eam
1130 3866 1429 3926 adversus
1458 3866 1593 3946 ejus
1624 3873 2114 3947 persecutorem,
2149 3869 2437 3948 quamvis
2465 3868 2804 3930 Dominicse
2846 3869 3142 3947 Augustae
3175 3867 3466 3947 praesidio
3498 3867 3621 3928 fre-

219 3970 355 4037 tum,
393 3966 577 4025 omni
610 3982 727 4042 ope
758 3970 818 4024 et
848 3982 1043 4043 opera
1071 3970 1310 4025 tutatus
1339 3972 1452 4025 est.

285 4065 516 4124 Priscis
552 4062 833 4122 Ecclesia
866 4062 1252 4141 temporibus
1285 4063 1779 4125 Christianorum
1818 4083 1951 4125 mos
1995 4070 2149 4137 erat,
2184 4070 2250 4125 ut
2278 4065 2543 4145 quilibet
2596 4063 2865 4144 propriis
2897 4063 3186 4125 manibus
3215 4062 3623 4125 Eucharistiae

218 4162 544 4222 materiam
578 4158 878 4231 efﬁceret,
905 4160 1095 4237 hique
1120 4179 1312 4239 panes
1343 4180 1560 4222 omnes
1590 4162 1651 4221 in
1684 4162 1895 4224 divina
1924 4182 2136 4223 mensa
2183 4164 2578 4224 offerrentur.
2607 4166 2693 4222 Ne
2735 4162 3078 4240 imperator
3108 4160 3360 4239 quidem
3394 4160 3474 4221 ab
3508 4161 3625 4223 hoc

218 4277 315 4317 usu
352 4259 518 4319 liber
550 4263 711 4329 erat,
747 4263 816 4317 ut
838 4257 1128 4336 exemplo
1158 4258 1439 4319 Valentis
1470 4260 1767 4320 discimus
1795 4278 1809 4320 :
1850 4285 1879 4317 ‹‹
1910 4263 2062 4321 Cum
2093 4262 2281 4338 dona,
2317 4281 2457 4340 quae
2490 4261 2775 4340 ipsemet,
2814 4264 2880 4320 ut
2908 4259 3126 4320 scribit
3154 4259 3487 4338 Gregorius
3517 4258 3623 4340 (ὁ),

215 4355 526 4429 eﬁ‘ecerat,
563 4354 794 4415 divinae
828 4373 1057 4415 mensas
1093 4354 1417 4416 offerenda
1448 4364 1674 4431 essent,
1706 4378 1735 4414 υ
1775 4365 1896 4418 etc.

291 4458 527 4515 Omnes
559 4453 748 4513 simul
780 4452 1017 4523 ﬁdeles,
1053 4453 1170 4513 viri
1200 4472 1273 4513 ac
1327 4454 1643 4528 mulieres,
1679 4456 1955 4534 psalmos
2001 4456 2066 4516 in
2122 4456 2399 4517 Ecclesia
2446 4456 2851 4517 decantantes
2900 4454 3237 4516 sedebant:
3275 4478 3302 4511 ι
3338 4458 3462 4516 Nos
3489 4473 3627 4516 cum

216 4551 437 4610 vetulis
498 4550 792 4609 sedemus
824 4555 886 4609 et
916 4549 1244 4628 psallimus
1276 4549 1372 4630 (c).
1408 4574 1437 4605 »
1476 4553 1737 4630 Signum
1770 4555 1970 4614 crucis
1999 4555 2062 4613 in
2096 4555 2317 4633 quovis
2373 4572 2517 4614 casu
2576 4555 2795 4615 efﬁcax
2850 4554 3195 4613 remedium
3254 4551 3627 4614 habebatur.

216 4646 464 4717 Quanta
497 4647 580 4706 sit
613 4646 801 4724 hujus
834 4646 995 4725 signi
1026 4648 1138 4719 vis,
1172 4649 1568 4708 manifestum
1602 4656 1695 4709 est
1725 4668 1799 4710 ex
1832 4670 1906 4711 eo
1939 4652 2109 4730 quod
2155 4651 2406 4713 Juliano
2454 4652 2527 4712 de
2558 4652 2743 4712 rebus
2790 4651 2917 4712 suis
2963 4651 3250 4712 daemone
3287 4650 3635 4713 consulenti

214 4747 555 4823 contigisse
586 4751 804 4804 narrat
835 4744 931 4803 his
964 4746 1169 4804 verbis
1212 4748 1548 4824 Gregorius
1582 4748 1671 4828 (ί)
1700 4765 1713 4806 :
1759 4770 1786 4806 ‹‹
1820 4751 1900 4811 Ut
1960 4755 2171 4809 autem
2204 4750 2522 4827 egregium
2573 4749 2774 4810 virum
2831 4748 3334 4828 progredientem
3368 4754 3636 4810 terrores

218 4843 451 4903 adoriri
476 4849 830 4922 eruperunt,
868 4861 940 4902 ac
972 4843 1234 4903 subinde
1267 4845 1477 4922 plures
1508 4864 1580 4905 ac
1611 4847 2138 4908 formidabiliores
2171 4867 2356 4909 sonos
2405 4848 2706 4926 quosdam
2758 4848 3057 4921 insuetos,
3087 4847 3285 4919 aiunt,
3319 4852 3638 4925 tetrosque

220 4940 444 5001 odores
474 4946 669 5019 atque
698 4941 885 5017 ignea
915 4947 1185 5019 spectra,
1222 4948 1283 5001 et
1338 4945 1545 5003 nescio
1604 4964 1761 5022 quas
1824 4963 2024 5022 nugas
2077 4953 2137 5005 et
2186 4946 2619 5019 deliramenta,
2653 4946 2739 5005 rei
2796 4944 3072 5005 novitate
3130 4944 3528 5023 perculsus...
3560 4944 3640 5004 ad

227 5054 467 5098 crucem
500 5045 807 5117 vetusque
842 5038 1187 5098 remedium
1222 5040 1524 5118 confugit,
1563 5042 1806 5121 hocque
1835 5061 1899 5101 se
1931 5044 2228 5103 adversus
2259 5051 2529 5104 terrores
2578 5043 2923 5122 consignat,
2960 5060 3249 5120 eumque.
3277 5060 3461 5120 quem
3496 5060 3637 5121 per-

237 5137 627 5213 sequebatur,
663 5137 1111 5215 opitulatorem
1142 5137 1465 5199 asciscit...
1502 5139 1713 5201 Valuit
1742 5140 2161 5219 signaculum,
2197 5142 2427 5201 cedunt
2457 5141 2794 5214 daemones,
2829 5139 3151 5220 pelluntur
3179 5137 3455 5199 timores.
3482 5139 3640 5211 Quid

246 5229 498 5295 deinde?
532 5234 820 5312 Respirat
850 5234 1089 5294 malum
1119 5252 1132 5308 ;
1166 5254 1380 5296 rursus
1413 5237 1739 5298 audaciam
1774 5238 2071 5319 concipit,
2104 5258 2323 5301 rursus
2369 5239 2558 5300 iidem
2593 5245 2860 5300 terrores
2912 5241 3162 5317 urgent,
3196 5256 3411 5297 rursus
3439 5236 3644 5317 signa-

252 5330 437 5395 culum
468 5332 827 5413 adhibetur,
861 5350 935 5395 ac
965 5332 1284 5396 daemones
1309 5336 1785 5416 conquiescunt.
1817 5340 2027 5402 Haeret
2057 5339 2302 5402 consilii
2329 5338 2513 5419 ineps
2543 5336 2906 5419 discipulus.
2942 5357 2971 5396 ι)
3008 5339 3233 5399 Sacros
3252 5335 3483 5417 jejunii
3512 5336 3644 5401 dies

309 5631 385 5778 ξπ)
413 5632 503 5691 Or.
537 5636 621 5707 43,
655 5654 711 5693 n.
746 5638 839 5697 56.

334 5704 385 5779 ὁ)
410 5706 575 5782 Ibid.,
606 5727 664 5765 n.
695 5712 788 5769 52.

2064 5639 2138 5787 Et?
2166 5637 2262 5694 Or.
2295 5638 2350 5708 5,
2384 5656 2443 5696 n.
2475 5638 2566 5697 25.

2125 5711 2145 5785 )
2175 5711 2274 5773 Or.
2307 5713 2362 5785 4,
2395 5729 2454 5770 n.
2481 5712 2566 5787 55,

334 5704 385 5779 ὁ)
410 5706 575 5782 Ibid.,
606 5704 664 5765 i1.
695 5712 788 5769 52.
2065 5704 2145 5787 (ἆ)
2175 5711 2274 5773 Or.
2307 5704 2362 5785 4⁷,
2395 5729 2454 5770 n.
2481 5712 2573 5787 55,
2601 5710 2695 5769 56.

547 5838 809 5906 mmet.
861 5840 977 5907 Gn.
1022 5836 1265 5908 XXXV.
3271 5836 3311 5928 ll
