4052 6276
445 386 561 443 139
1458 375 1871 436 ιἨίΕΡΛΤΙΟ
1923 377 2045 436 GFl

2228 378 2383 437 .LlS.
2422 412 2495 422 -—
2529 380 2728 440 PARS
2778 380 2879 440 ΙΙΙ.
3722 385 3828 445 140

442 516 659 576 ﬁdeles
687 511 1127 582 observabant,
1165 509 1417 589 quidam
1449 508 1637 569 etiam
1671 509 1837 568 ultra
1867 509 2050 567 vires.
2089 529 2119 565 «
2149 509 2453 583 Christus,
2486 512 2693 590 inquit
2736 512 3071 590 Gregorius
3100 513 3204 591 (α),
3233 512 3424 591 paulo
3474 518 3613 575 ante
3643 520 3829 579 tenta-

440 614 675 675 tionem
703 610 1056 691 jejunavit;
1091 628 1205 669 nos
1236 610 1380 668 ante
1408 604 1723 667 Pascha...
1757 605 1869 666 Ille
1897 610 2063 666 totos
2107 606 2530 685 quadraginta
2562 609 2693 669 dies
2723 627 2762 670 a
2817 609 2957 670 cibo
3013 609 3334 683 abstinuit,
3372 616 3583 690 utpote
3637 616 3830 690 Deus;

439 733 554 775 nos
586 718 795 774 autem
830 710 909 772 ad
940 709 1164 771 virium
1197 714 1556 769 nostrarum
1591 705 1917 767 modulum
1941 704 2255 786 jejunium
2289 710 2871 787 attemperavimus,
2904 708 3172 783 etiamsi,
3202 709 3333 771 zelo
3382 710 3655 789 impulsi,
3684 714 3838 775 ultra

435 811 664 873 virium
693 809 1057 871 facultatem
1092 807 1155 867 in
1180 805 1534 885 jejunando
1566 804 1915 884 prosiliant.
1962 829 1990 860 η
2029 805 2147 876 Qui
2176 823 2355 866 sacra
2374 805 2621 886 jejunia
2651 827 2776 868 non
2810 808 3235 883 celebrabant,
3270 809 3717 887 arguebantur.
3750 811 3845 871 Sic

439 909 773 986 Gregorius
804 907 1031 968 acriter
1061 905 1449 985 prmfectum,
1485 904 1568 964 ob
1591 903 1891 964 violatam
1916 902 2387 982 jejuniilegem,
2408 905 2818 986 increpat(b):
2846 930 2877 961 «
2898 906 3117 984 Inique
3137 905 3291 984 agis,
3318 926 3353 966 o
3365 905 3707 985 judex,qui
3724 926 3841 969 non

430 1006 704 1087 jejunes.
738 1008 821 1067 Et
851 1004 1168 1084 quomodo
1200 1003 1368 1081 leges
1399 1002 1714 1062 humanas
1742 1000 2038 1073 servabis,
2076 1001 2184 1080 qui
2213 1001 2459 1062 divinas
2487 1004 2860 1081 contemnis,
2896 1008 2958 1064 et
2986 1022 3100 1083 pro
3129 1004 3327 1065 nihilo
3360 1005 3577 1065 ducis?
3611 1029 3637 1061 ι

518 1134 908 1193 Mortuorum
940 1146 1206 1209 corpora
1235 1145 1466 1205 magno
1498 1130 1809 1206 apparatu
1830 1124 2045 1185 ﬁdeles
2075 1125 2319 1187 tumulo
2352 1128 2839 1208 componebant,
2873 1133 2966 1203 ut,
3001 1128 3291 1208 exemplo
3323 1134 3417 1189 est
3462 1129 3849 1191 Constantius

439 1230 806 1311 imperator.
848 1252 877 1285 «
909 1228 1021 1289 Ille
1050 1226 1265 1305 igitur,
1299 1230 1370 1285 ut
1403 1231 1621 1285 narrat
1649 1224 1983 1302 Gregorius
2012 1222 2113 1303 (c),
2143 1224 2412 1305 publicis
2435 1226 2768 1305 praeconiis
2797 1226 3145 1305 faustisque
3178 1228 3498 1301 omnibus,
3524 1245 3596 1288 ac
3627 1228 3848 1289 celebri

438 1346 679 1408 pompa
720 1326 1074 1400 deducitur,
1109 1324 1544 1402 religiosisque
1574 1322 1764 1383 etiam
1795 1322 1893 1382 his
1918 1323 2145 1383 nostris
2174 1323 2415 1399 ofﬁciis,
2450 1324 2572 1385 hoc
2604 1329 2717 1402 est,
2751 1326 3072 1386 nocturnis
3103 1324 3528 1401 cantionibus,
3555 1344 3625 1387 ac
3656 1344 3852 1387 cereo-

439 1446 579 1489 rum
610 1425 882 1505 ignibus,
920 1424 1148 1503 quibus
1175 1440 1291 1484 nos
1321 1420 1632 1483 Christani
1680 1421 1856 1500 pium
1888 1438 1922 1481 e
1951 1420 2079 1481 vita
2134 1420 2475 1483 discessum
2533 1424 2889 1484 ornandum
2946 1424 3409 1485 existimamus.
3444 1445 3473 1480 »
3515 1424 3616 1486 Sic
3670 1425 3845 1485 etiam

439 1525 769 1606 exsequias
823 1521 1121 1585 describit
1151 1522 1481 1599 Gregorius
1512 1519 1620 1601 (ἀ).
1662 1519 1925 1580 «Nobis
1981 1538 2249 1598 magnus
2279 1521 2384 1581 ille
2445 1521 2752 1583 Caesarius
2809 1527 3095 1583 servatus
3159 1529 3272 1594 est,
3317 1522 3473 1583 cinis
3529 1522 3851 1602 pretiosus,

438 1628 728 1684 mortuus
757 1620 1071 1694 laudatus,
1105 1618 1357 1699 hymnis
1385 1617 1505 1678 sibi
1535 1616 2012 1679 succedentibus
2036 1617 2363 1693 deductus,
2393 1618 2473 1680 ad
2507 1624 2829 1699 matyrum
2865 1620 3140 1681 sacraria
3170 1638 3312 1681 cum
3346 1639 3586 1700 pompa
3614 1622 3850 1694 ductus,

436 1721 669 1782 sanctis
700 1724 1032 1800 parentum
1065 1716 1357 1778 manibus
1387 1715 1751 1789 honoratus,
1791 1720 1990 1775 matre
2021 1716 2289 1777 candida
2317 1722 2487 1778 veste
2515 1718 2736 1779 induta
2780 1718 3079 1798 pietatem
3130 1720 3389 1780 mmrori
3438 1718 3850 1797 subrogante,

435 1819 729 1899 lacrymis
761 1836 797 1879 a
827 1816 1233 1898 philosophia
1264 1814 1596 1895 superatis,
1628 1814 1996 1893 psalmodiis
2026 1814 2265 1876 luctum
2300 1816 2735 1877 sedantibus...
2771 1816 2847 1898 (ε)
2880 1819 3086 1895 Atque
3127 1817 3251 1878 alia
3301 1817 3560 1896 quidem
3619 1818 3856 1897 persol-

433 1918 658 1992 vimus,
695 1917 819 1978 alia
847 1934 996 1977 vero
1027 1914 1341 1987 dabimus,
1378 1913 1840 1974 anniversarios
1870 1912 2141 1975 honores
2172 1919 2233 1974 et
2262 1915 2890 1977 commemorationes
2920 1915 3277 1990 offerentes,
3304 1916 3350 1976 ii
3379 1916 3642 1995 quidem
3674 1920 3857 1987 certe,

435 2015 545 2095 qui
574 2014 939 2094 superstites
972 2018 1175 2075 erunt.
1212 2036 1243 2069 ››
1276 2013 1432 2073 Hinc
1464 2017 1640 2092 patet
1668 2012 2183 2073 consuetudinem
2214 2012 2405 2075 fuisse
2434 2014 2646 2088 etiam,
2679 2019 2751 2075 ut
2805 2013 3079 2076 honores
3110 2015 3532 2076 anniversarii
3583 2020 3645 2077 et
3692 2033 3858 2076 com-

436 2113 926 2175 memorationes
956 2113 1036 2173 ab
1071 2112 1165 2186 iis,
1203 2111 1312 2190 qui
1342 2111 1706 2191 superstites
1738 2115 1938 2185 erant,
1965 2110 2364 2173 offerrentur.

514 2237 751 2300 Praeter
790 2238 951 2299 festa
995 2236 1340 2317 praecipua,
1392 2254 1620 2316 nempe
1666 2236 1905 2297 Natalis
1947 2235 2218 2311 Domini,
2253 2236 2646 2318 Epiphaniae,
2682 2237 2966 2311 Paschze,
3000 2239 3426 2314 Pentecostes,
3464 2240 3634 2301 festa
3680 2238 3861 2300 etiam

433 2336 870 2414 apostolorum
902 2334 1449 2414 Constantinopoli
1478 2334 1980 2409 celebrabantur,
2006 2353 2121 2396 nec
2153 2353 2279 2396 non
2302 2340 2677 2416 martyrum,
2708 2356 2865 2417 quos
2883 2338 3048 2398 inter
3076 2338 3591 2399 numerabantur
3614 2338 3863 2399 Macha-

431 2432 577 2495 baei.
612 2432 1062 2512 Apostolorum
1093 2451 1368 2511 namque
1399 2432 1556 2493 festa
1584 2432 1672 2493 ibi
1700 2452 1763 2493 se
1785 2433 2156 2507 celebrasse,
2191 2438 2252 2493 et
2283 2434 2334 2494 si
2364 2454 2491 2495 non
2521 2435 2878 2515 saepe,inter
2897 2436 3380 2497 valedicendum
3413 2441 3692 2497 testatur
3722 2436 3871 2495 Gre-

435 2530 650 2610 gorius
680 2529 779 2612 (f).
817 2530 1112 2604 «Valete,
1147 2530 1438 2610 apostoli,
1474 2530 1781 2609 praeclara
1829 2530 2097 2605 colonia,
2134 2532 2494 2593 certaminis
2550 2534 2674 2593 mei
2713 2534 3016 2612 magistri,
3052 2533 3168 2594 etsi
3228 2534 3444 2595 minus
3503 2551 3673 2612 saepe
3707 2532 3861 2591 festa

431 2636 641 2691 vestra
671 2628 1003 2690 celebravi.
1038 2652 1068 2686 »
1105 2630 1175 2690 In
1206 2630 1432 2690 festum
1464 2628 1667 2689 sancti
1696 2628 1991 2708 Cypriani
2020 2629 2313 2709 martyris
2356 2631 2701 2692 orationem
2752 2632 2833 2691 ad
2881 2632 3188 2711 populum
3220 2631 3452 2693 habuit
3500 2630 3861 2711 Gregorius,

428 2747 545 2790 nec
576 2747 701 2791 non
733 2727 922 2789 aliam
971 2727 1038 2788 in
1085 2728 1316 2789 festum
1366 2726 1897 2801 Machabaeorum,
1943 2746 2209 2806 quorum
2262 2728 2395 2789 dies
2440 2730 2634 2790 festus
2678 2730 3224 2811 Constantinopoli
3276 2731 3640 2809 agebatur:
3678 2753 3706 2784 ι
3745 2728 3865 2800 Qui

429 2826 715 2908 quamvis
745 2825 850 2908 (g),
898 2825 1070 2906 apud
1125 2824 1358 2886 multos
1388 2844 1516 2886 non
1573 2824 1986 2899 honorentur,
2034 2825 2185 2904 quia
2242 2844 2369 2887 non
2427 2833 2573 2906 post
2631 2826 2948 2888 Christum
3008 2829 3439 2903 decertarunt,
3478 2828 3663 2907 digni
3720 2830 3868 2887 sunt

428 2932 638 2987 tamen
671 2925 780 3004 qui
809 2924 889 2986 ab
920 2924 1213 2986 omnibus
1240 2923 1479 2985 honore
1506 2922 1884 2997 afﬁciantur,
1918 2924 2217 3003 quoniam
2251 2943 2364 3004 pro
2398 2924 2642 3003 legibus
2695 2926 3095 3005 intitutisque
3142 2926 3363 3004 patriis
3424 2927 3664 2987 fortem
3728 2924 3863 2985 ani-

428 3044 602 3086 mum
633 3024 1083 3104 praestiterunt.
1120 3023 1238 3095 Qui
1265 3042 1455 3103 porro
1486 3028 1632 3083 ante
1662 3021 1891 3084 Christi
1918 3022 2277 3102 passionem
2334 3023 2711 3103 martyrium
2769 3024 3117 3094 subierunt,
3153 3024 3303 3103 quid
3337 3026 3610 3086 tandem
3642 3014 3869 3085 facturi

428 3130 625 3199 erant,
662 3126 713 3185 si
742 3131 884 3205 post
904 3125 1216 3185 Christum
1247 3124 1745 3205 persecutionem
1777 3124 1944 3203 passi
1992 3124 2271 3197 fuissent,
2306 3124 2566 3203 ejusque
2616 3130 2881 3186 mortem
2929 3125 3149 3185 salutis
3194 3131 3435 3186 nostra;
3489 3144 3692 3187 causa
3740 3143 3873 3187 sus-

430 3228 679 3302 ceptam
711 3223 789 3283 ad
839 3223 1215 3283 imitandum
1275 3222 1663 3302 propositam
1719 3222 2133 3282 habuissent?
2163 3245 2193 3278 »
2230 3221 2466 3294 Quibus
2518 3222 2851 3284 virtutibus
2907 3222 3283 3302 pietatisque
3340 3225 3659 3303 operibus
3704 3225 3868 3285 festa

436 3320 1162 3399 sanctorum,praecipue
1191 3326 1564 3398 martyrum,
1588 3318 2097 3393 cohonestentur,
2117 3319 2308 3397 digno
2340 3324 2653 3380 caraetere
2685 3319 2999 3399 exprimit,
3036 3325 3097 3379 et
3126 3320 3354 3379 exinde
3396 3322 3466 3381 in
3500 3321 3646 3382 haec
3676 3321 3870 3382 verba

432 3419 834 3500 prosequitur
859 3419 942 3499 (ἠ)
970 3436 984 3479 :
1022 3442 1053 3475 «
1086 3418 1155 3481 Si
1181 3419 1272 3479 ita
1296 3418 1722 3488 convenimus,
1758 3424 1869 3478 aut
1898 3419 2353 3493 concurrimus,
2389 3437 2608 3479 revera
2636 3420 2863 3479 festum
2895 3419 3064 3479 hunc
3094 3419 3283 3490 diem,
3334 3426 3410 3480 ut
3440 3421 3704 3483 Christo
3737 3439 3874 3500 gra-

420 3526 555 3578 tum
587 3526 700 3591 est,
734 3516 1147 3590 celebramus,
1183 3535 1401 3577 revera
1430 3522 1738 3595 martyres
1766 3515 2005 3577 honore
2029 3516 2372 3590 effecimus,
2409 3522 2518 3577 aut
2547 3517 2913 3591 afﬁciemus,
2947 3535 3168 3578 revera
3197 3518 3677 3598 triumphalem
3710 3518 3872 3579 cho-

421 3634 595 3677 ream
627 3615 895 3694 agimus.
928 3616 1035 3675 Sin
1069 3621 1278 3675 autem
1309 3632 1382 3675 eo
1410 3614 1833 3687 convenimus,
1863 3620 1929 3674 ut
1956 3614 2191 3675 ventris
2232 3614 2662 3694 voluptatibus
2708 3615 3170 3693 indulgeamus,
3205 3620 3266 3676 et
3314 3616 3518 3677 ﬂuxis
3571 3636 3649 3679 ac
3688 3616 3873 3678 brevi

415 3714 711 3794 perituris
741 3714 980 3774 deliciis
1008 3716 1315 3785 fruamur,
1351 3730 1571 3791 eaque,
1606 3731 1747 3791 quae
1779 3731 1926 3773 mox
1956 3720 2364 3783 evacuantur,
2397 3714 2742 3773 inferamus
2771 3731 2786 3787 ;
2824 3719 3012 3792 atque
3041 3714 3177 3774 haec
3224 3713 3393 3787 loca,
3427 3735 3565 3777 non
3608 3724 3863 3795 tempe-

405 3813 659 3886 rantiae,
693 3812 798 3873 sed
833 3811 1133 3891 crapulae,
1171 3817 1233 3872 et
1264 3810 1404 3871 hac
1434 3817 1745 3889 tempora,
1780 3829 1905 3871 non
1935 3811 2279 3890 spiritualis
2309 3829 2621 3884 ascensus,
2658 3830 2730 3871 ac
2761 3811 2900 3891 (nisi
2930 3811 3050 3872 hoc
3082 3830 3117 3871 a
3148 3829 3247 3871 me
3297 3814 3579 3875 adacius
3632 3815 3878 3875 dictum

406 3910 729 3991 videatur)
760 3909 1104 3971 divinitatis
1154 3908 1637 3987 consequentiae,
1672 3907 1854 3986 cujus
1904 3908 2283 3969 mediatores
2327 3914 2473 3969 sunt
2520 3915 2847 3988 martyres,
2892 3908 3001 3969 sed
3046 3926 3253 3968 rerum
3304 3913 3759 3987 gerendarum
3809 3917 3874 3971 et

412 4010 912 4088 negotiationum
936 4015 1225 4087 tempora
1271 4026 1405 4069 esse
1464 4007 1881 4067 arbitremur:
1917 4008 2191 4086 primum
2251 4006 2503 4085 quidem
2536 4006 2706 4085 quod
2765 4004 2884 4066 hoc
2934 4006 3203 4084 tempori
3256 4010 3641 4083 conveniat,
3690 4008 3873 4071 haud

409 4126 704 4189 agnosco.
740 4107 903 4178 Quid
935 4107 1101 4168 enim
1133 4108 1330 4186 palem
1362 4124 1504 4165 cum
1536 4105 1744 4165 tritico
1765 4106 1793 4164 ?
1826 4106 1975 4183 quid
2007 4105 2211 4165 carnis
2242 4104 2555 4184 voluptati
2585 4122 2727 4165 cum
2759 4110 3108 4184 martyrum
3134 4105 3609 4168 certaminibus
3629 4108 3662 4167 ?
3701 4132 3730 4163 »

491 4233 846 4313 Hospitales
876 4241 1056 4294 erant
1083 4233 1453 4294 Christianis
1482 4231 1866 4311 excipiendis
1896 4232 2141 4305 domus,
2176 4251 2319 4310 quae
2350 4237 2419 4293 ut
2451 4232 2808 4311 perfugium
2842 4231 3142 4293 adversus
3171 4229 3542 4294 humanam
3598 4232 3882 4294 inﬁrmi-

412 4339 605 4394 tatem
668 4338 857 4410 atque
889 4332 1186 4391 adversus
1218 4330 1498 4391 miserias
1528 4330 1918 4410 paupertatis
1965 4329 2386 4391 habebantur.
2421 4332 2622 4391 Unam
2676 4330 2943 4391 Basilius
2989 4336 3169 4390 extra
3229 4330 3465 4392 urbem
3501 4336 3878 4395 Caesaream

411 4430 763 4503 aediﬁcavit,
803 4429 982 4503 cujus
1011 4428 1493 4507 descriptionem
1536 4446 1573 4488 a
1630 4427 1928 4505 Gregorio
1980 4428 2213 4487 factam
2265 4427 2389 4487 huc
2419 4428 2650 4488 referre
2700 4427 2969 4506 juvabit,
3007 4445 3120 4486 nec
3171 4427 3389 4505 legere
3442 4430 3708 4509 pigebit
3762 4430 3881 4511 (2‘):

415 4554 443 4591 (ι
476 4529 812 4591 Paululum
848 4534 1026 4588 extra
1056 4527 1371 4587 civitatem
1402 4525 1625 4605 pedem
1659 4526 1829 4599 effer,
1866 4543 1938 4586 ac
1969 4544 2196 4586 novam
2246 4525 2561 4586 civitatem
2613 4525 2924 4605 conspice,
2950 4524 3109 4585 illud
3165 4525 3427 4602 pietatis
3480 4536 3887 4609 promptua—

407 4629 589 4701 rium,
624 4644 956 4688 commune
986 4625 1377 4703 locupletum
1411 4623 1734 4696 aerarium,
1766 4623 1830 4682 in
1862 4642 2011 4701 quo,
2048 4642 2173 4684 non
2216 4625 2404 4685 modo
2439 4624 2864 4684 redundantes
2893 4642 2966 4683 ac
2988 4623 3322 4702 superﬂuae
3354 4642 3554 4704 opes,
3594 4628 3713 4689 sed
3739 4628 3883 4706 jam

403 4724 770 4789 necessariae
798 4741 1050 4802 quoque
1082 4722 1413 4782 facultates
1442 4740 1554 4801 per
1583 4720 1752 4781 illius
1783 4721 2248 4782 cohortationes
2281 4722 2788 4783 reconduntur...
2821 4722 2885 4781 in
2918 4740 3044 4800 quo
3098 4721 3356 4781 morbus
3394 4741 3603 4802 aequo
3654 4726 3884 4787 animo

405 4827 731 4895 toleratur,
768 4830 829 4884 et
857 4823 1184 4883 calamitas
1213 4821 1401 4883 beata
1431 4827 1741 4896 censetur,
1779 4828 1840 4881 et
1873 4821 2303 4882 misericordia
2354 4821 2795 4901 exploratur...
2830 4820 2982 4883 Mihi
3026 4839 3174 4881 vera
3220 4820 3404 4882 nulla
3456 4843 3569 4886 res
3604 4826 3885 4907 perinde

406 4924 794 4987 admirabilis
824 4922 1094 4995 videtur,
1131 4926 1321 5000 atque
1352 4919 1826 4999 compendiaria
1855 4919 1990 4980 haec
2022 4919 2103 4979 ad
2134 4919 2401 4980 salutem
2435 4920 2556 4993 via,
2583 4919 2783 4980 facilis
2807 4919 2873 4979 in
2904 4919 3134 4980 caelum
3161 4936 3496 4983 ascensus.
3543 4947 3577 4980 ι

483 5049 768 5114 Julianus
797 5067 929 5111 rem
966 5046 1205 5109 nullam
1258 5046 1624 5107 Christianae
1680 5045 1999 5124 religioni,
2035 5063 2177 5125 quae
2205 5045 2327 5126 ipsi
2386 5053 2521 5107 erat
2577 5045 2981 5120 invisissima,
3007 5050 3137 5106 tam
3196 5044 3653 5112 honoriﬁcam
3716 5069 3882 5121 esse,

476 5436 553 5514 (α)
580 5438 676 5501 Or.
707 5442 795 5511 40,
831 5460 888 5498 n.
920 5439 1009 5499 30.

2235 5430 2308 5514 m.
2340 5428 2437 5514 qr-
2590 5430 2768 5514 11.2.6-

470 5503 858 5589 (bjEpist.h1.
891 5516 984 5573 74.

470 5592 543 5649 (ε)
566 5587 661 5642 Or.
693 5588 748 5649 5,
785 5587 957 5642 n.16.

2237 5503 2315 5577 (9)
2349 5504 2444 5559 Or.
2484 5504 2567 5573 15,
2600 5520 2659 5558 n.
2690 5503 2743 5559 1.

2237 5577 2314 5649 (h)
2336 5576 2443 5649 AOr.
2466 5575 2565 5649 ⁸11,
2597 5576 2742 5649 Πχξ.

476 5582 543 5656 ἐ)
566 5582 661 5642 OE.
693 5588 748 5653 5,
785 5604 845 5641 n.
872 5587 957 5642 16.

464 5594 544 5730 la)
576 5658 672 5715 Or.
702 5660 757 5728 7,
792 5676 851 5715 n.
885 5658 976 5714 45.

2260 5582 2565 5649 h)Ur.11,
2597 5591 2655 5630 η·
2687 5582 2742 5629 5.

2235 5582 2301 5723 Et)
2324 5647 2418 5704 0r.
2455 5646 2545 5718 45,
2570 5664 2627 5703 n.
2659 5647 2750 5706 63.

462 5732 534 5811 (ο)
563 5731 742 5805 Ibid.,
772 5747 834 5791 η.
873 5731 963 5791 17.
