4052 6276
221 494 329 553 Ml
1258 494 1671 554 PREFATIO
1717 495 1816 555 GE

2052 495 2183 555 LIS.
2220 531 2294 540 ——
2329 497 2524 559 PARS
2572 498 2676 557 ΙΙΙ.
3536 499 3652 557 142

222 643 406 706 quam
439 626 810 706 hospitales
860 628 1082 687 domos
1129 633 1190 687 et
1219 646 1570 707 pauperum
1630 645 1847 687 curam
1906 629 2431 702 animadvertens,
2468 650 2580 690 nec
2641 629 2766 689 ulla
2799 650 2861 689 re
2921 637 3056 690 tam
3118 631 3403 703 crevisse,
3440 632 3660 691 statuit

223 727 599 804 huiusmodi
630 729 864 788 domus
895 734 1276 803 construere,
1312 728 1600 807 datisque
1631 727 1853 788 litteris
1884 727 1964 788 ad
1999 729 2334 807 quemdam
2366 730 2662 808 gentilem
2718 731 3133 802 sacerdotem,
3166 731 3494 792 Arsacium
3541 750 3654 791 no-

226 828 412 899 mine,
441 827 642 905 jussit
673 827 896 888 crebra
927 829 988 887 in
1022 826 1285 905 singulis
1318 826 1678 887 civitatibus
1709 825 2104 888 xenodochia
2135 828 2450 889 constitui.
2487 833 2858 908 Apostatam
2893 828 3109 890 audire
3131 830 3335 907 juvat.
3368 853 3396 885 ‹‹
3426 828 3506 909 (a)
3541 832 3661 889 Re-

224 926 373 1004 ligio
409 925 757 1003 gentilium
801 925 1083 985 nondum
1117 943 1190 985 ex
1222 925 1416 984 animi
1449 925 1648 984 nostri
1681 924 1990 984 sententia
2032 925 2220 1002 viget,
2256 925 2444 1004 culpa
2473 945 2692 986 eorum
2725 927 2832 1006 qui
2861 926 3035 986 illam
3070 927 3466 1006 profitentur.
3501 929 3658 987 Nam

230 1043 300 1085 ea
331 1024 599 1103 quidem
636 1042 780 1102 qua).
814 1023 892 1084 ad
925 1023 1072 1084 deos
1102 1023 1436 1102 pertinent,
1475 1023 1778 1101 praeclara
1807 1028 1952 1082 sunt
1982 1028 2170 1101 atque
2203 1024 2559 1101 magniﬁca,
2596 1025 2893 1103 omnique
2931 1030 3078 1085 voto
3112 1043 3184 1085 ac
3205 1044 3314 1104 spe
3339 1025 3654 1104 majora...

232 1124 390 1194 Quid
416 1142 572 1201 ergo
594 1124 623 1181 ?
656 1129 1034 1202 putamusne
1064 1141 1178 1182 nos
1208 1121 1330 1181 ista
1359 1121 1696 1182 sufficere?
1728 1123 1853 1180 Nec
1879 1120 2261 1181 attendimus
2293 1122 2444 1200 quid
2476 1122 2977 1183 Christianorum
3011 1123 3277 1194 auxerit,
3298 1123 3660 1184 humanitas

235 1223 475 1282 scilicet
506 1223 572 1281 in
606 1221 996 1300 peregrinos,
1031 1226 1088 1282 et
1119 1221 1182 1280 in
1216 1220 1591 1299 sepeliendis
1623 1219 1883 1279 mortuis
1920 1219 2191 1279 sollicita
2221 1220 2569 1299 diligentia,
2608 1226 2671 1282 et
2719 1221 3016 1281 simulata
3071 1239 3319 1281 morum
3354 1221 3650 1300 gravitas.

235 1324 518 1394 Quorum
554 1319 806 1397 singula
837 1337 874 1378 a
903 1317 1082 1378 nobis
1112 1317 1462 1378 exercenda
1493 1336 1622 1378 esse
1653 1316 2100 1377 existimo.Nec
2124 1317 2355 1378 sufﬁcit
2385 1318 2549 1396 quod
2586 1324 2650 1378 tu
2682 1318 3044 1396 hujusmodi
3073 1320 3176 1392 sis,
3211 1320 3318 1379 sed
3345 1324 3660 1398 quotquot

232 1422 292 1481 in
321 1417 582 1480 Galatia
612 1421 758 1475 sunt
790 1415 1074 1476 ﬂamines
1105 1414 1260 1475 tales
1290 1433 1422 1474 esse
1470 1415 1724 1476 decet...
1751 1413 2045 1492 Singulos
2079 1414 2362 1475 ﬂamines
2404 1413 2678 1489 hortare,
2715 1420 2784 1475 ut
2835 1433 2949 1476 nec
2997 1416 3078 1476 ad
3110 1417 3428 1477 theatrum
3478 1433 3659 1476 acce-

231 1518 407 1586 dant,
447 1533 566 1574 ncc
599 1515 660 1573 in
694 1513 970 1574 tabernis
1001 1513 1242 1585 bibant,
1276 1531 1390 1574 nec
1421 1518 1620 1572 artem
1655 1512 1876 1581 ullam,
1907 1519 2016 1573 aut
2064 1513 2384 1592 Opiﬁcium
2447 1519 2626 1592 turpe
2675 1532 2748 1574 ac
2797 1514 3171 1594 probrosum
3223 1519 3660 1575 exerceant....

234 1616 471 1676 Crebra
501 1614 567 1673 in
599 1612 865 1690 singulis
915 1611 1275 1672 civitatibus
1322 1611 1716 1672 xenodochia
1765 1610 2095 1684 constitue,
2131 1617 2201 1671 ut
2251 1610 2567 1689 peregrini
2613 1630 2738 1672 non
2788 1630 2866 1672 ex
2913 1611 3141 1672 nostris
3187 1611 3414 1683 solum,
3449 1611 3557 1672 sed
3586 1629 3662 1672 ex

233 1716 370 1777 aliis
401 1715 625 1783 etiam,
651 1712 702 1771 si
722 1711 996 1789 pecunia
1026 1711 1184 1771 forte
1215 1729 1375 1788 opus
1404 1709 1762 1781 habuerint,
1799 1708 2194 1770 humanitate
2227 1715 2441 1770 nostra
2474 1709 2902 1787 perfruantur.
2935 1712 3131 1770 Porro
3179 1710 3346 1770 unde
3376 1715 3666 1789 sumptus

235 1814 345 1874 tibi
378 1815 754 1890 suppetant,
789 1828 827 1869 a
858 1828 958 1869 me
1001 1808 1134 1887 jam
1184 1808 1500 1887 provisum
1549 1813 1743 1869 est....
1777 1810 1986 1887 Turpe
2035 1807 2201 1867 enim
2259 1825 2336 1868 ex
2376 1808 2613 1869 Judaeis
2660 1807 2972 1868 neminem
3025 1807 3403 1882 mendicare,
3439 1807 3668 1886 impios

238 1930 382 1970 vero
417 1909 738 1978 Galilaeos,
774 1911 1009 1986 praeter
1039 1924 1182 1966 suos
1211 1923 1541 1985 pauperes,
1576 1906 1767 1966 etiam
1797 1911 2044 1967 nostros
2077 1906 2282 1966 alere:
2310 1911 2556 1966 nostros
2587 1910 2798 1966 autem
2831 1904 3150 1967 mendicos
3180 1910 3396 1966 nostra
3442 1923 3562 1984 ope
3592 1922 3665 1964 ac

237 2008 523 2070 subsidio
554 2006 892 2066 destitutos
920 2005 1143 2066 videri.
1181 2029 1208 2060 ι

1581 2260 1760 2324 σίνε-α
1801 2280 2028 2323 morum
2070 2259 2329 2342 regulas.

309 2503 731 2567 Bibliotheca:
764 2501 1335 2564 ecclesiasticarum
1369 2501 1744 2581 scriptorum
1777 2505 1999 2562 auctor
2039 2503 2276 2578 scribit,
2307 2502 2675 2582 Gregorium
2707 2520 2955 2566 morum
3002 2503 3399 2584 disciplinam
3439 2503 3664 2567 docere

247 2606 506 2674 ratione,
550 2622 693 2681 quae
726 2600 1109 2680 philosopho
1142 2599 1341 2676 magis
1372 2618 1562 2678 quam
1595 2599 1831 2680 populo
1864 2601 2235 2662 conveniat:
2261 2601 2431 2680 quod
2461 2601 2736 2681 quidem,
2765 2601 2815 2662 si
2840 2619 3058 2663 verum
3116 2603 3300 2676 foret,
3325 2621 3452 2664 non
3495 2602 3673 2666 laudi

246 2705 342 2765 sed
375 2704 537 2764 vitio
569 2702 942 2761 vertendum
978 2704 1137 2760 esset
1167 2699 1482 2778 episcopo,
1519 2700 1649 2777 qui,
1684 2718 1826 2760 cum
1854 2705 2054 2760 artem
2086 2700 2316 2760 callere
2347 2700 2574 2762 debeat
2598 2701 2864 2762 docendi
2910 2719 3149 2774 omnes,
3183 2701 3270 2762 sic
3318 2701 3669 2763 orationem

244 2822 419 2862 suam
457 2801 726 2861 auribus
758 2799 1119 2859 auditorum
1153 2799 1626 2872 accommodet;
1664 2817 1913 2858 necesse
1943 2805 2053 2871 est,
2093 2805 2162 2859 ut
2199 2805 2327 2860 tam
2363 2799 2550 2861 rudes
2581 2819 2771 2879 quam
2803 2801 3020 2862 doctos
3041 2801 3398 2861 coelestibus
3428 2800 3675 2862 imbuat

241 2900 618 2979 disciplinis.
655 2899 947 2976 Quisquis
978 2903 1171 2959 tatem
1206 2897 1429 2975 legerit
1461 2897 1743 2975 Gregorii
1776 2916 2116 2970 sermones,
2153 2898 2203 2958 si
2234 2899 2569 2976 diligenter
2599 2900 2885 2960 attendat
2914 2899 3234 2978 quomodo
3283 2899 3462 2960 varia
3506 2900 3672 2960 circa

245 3019 448 3060 mores
481 2997 794 3057 doctrinae
826 2996 1034 3075 capita
1067 3002 1380 3074 proponat
1430 3001 1492 3056 et
1541 2996 1809 3074 explicet
1863 3015 2073 3056 coram
2128 2996 2440 3074 frequenti
2493 2997 2752 3074 populo,
2789 2996 2969 3057 facile
3013 3002 3228 3057 noscet
3274 2996 3666 3076 Gregorium,

243 3099 492 3158 ﬁdelem
529 3097 590 3154 in
626 3095 818 3154 domo
850 3095 960 3153 Dei
991 3093 1512 3172 dispensatorem,
1547 3093 1810 3172 provida
1844 3113 2032 3154 manu
2065 3094 2380 3155 frumenta
2409 3094 2880 3173 patrisfamilias
2919 3095 3181 3172 singulis
3229 3095 3317 3156 ita
3348 3112 3661 3172 erogasse,

249 3203 310 3254 ut
339 3193 582 3267 nullus,
619 3210 698 3249 ne
726 3190 1151 3269 pauperculus
1181 3190 1458 3268 quidem,
1495 3191 1659 3250 fame
1689 3189 2004 3249 laboraret
2033 3209 2046 3262 ;
2073 3195 2134 3249 et
2162 3190 2484 3269 sapientiae
2519 3192 2721 3250 fontes
2751 3196 2926 3250 tanta
2960 3209 3266 3251 reserasse
3298 3190 3656 3270 prudentia,

250 3300 310 3352 ut
339 3309 586 3362 omnes,
628 3289 757 3349 sive
790 3288 991 3367 parvi,
1026 3288 1155 3348 sive
1189 3288 1418 3366 magni,
1455 3288 1616 3348 sitim
1652 3293 1909 3368 possent
1939 3288 2344 3366 restinguere.
2369 3289 2585 3348 Paucis
2618 3288 2801 3368 juvat
2832 3289 3134 3369 exemplis
3183 3307 3314 3350 rem
3370 3289 3664 3350 demons-

249 3398 427 3451 trare.

321 3493 382 3548 1ο
414 3489 483 3550 Si
513 3505 769 3565 qumras
798 3505 834 3546 a
869 3484 1185 3563 Gregorio,
1224 3483 1540 3563 quomodo
1574 3484 1712 3563 quis
1742 3501 2120 3556 sermonem,
2152 3484 2249 3544 vel
2281 3503 2409 3544 rem
2443 3484 2720 3563 aliquam
2754 3484 3066 3564 auspicari
3109 3485 3384 3546 debeat?
3421 3506 3450 3542 α
3483 3483 3668 3564 Opti-

251 3607 378 3646 mus
411 3587 520 3646 hic
553 3585 711 3645 ordo
743 3590 856 3646 est.
893 3583 1097 3662 inquit
1128 3582 1228 3661 (ὁ),
1266 3582 1463 3660 utqui
1494 3583 1586 3642 vel
1647 3600 2019 3654 sermonem,
2071 3582 2167 3642 vel
2219 3601 2349 3642 rem
2399 3582 2677 3661 aliquam
2730 3584 3116 3663 auspicatur,
3150 3603 3188 3644 a
3233 3586 3356 3645 Deo
3413 3582 3662 3643 initium

250 3687 456 3757 ducat,
492 3691 560 3744 et
589 3683 654 3742 in
685 3685 813 3741 Deo
843 3681 1266 3760 conquiescat.
1304 3703 1330 3737 »
1368 3682 1512 3739 Haec
1543 3680 1824 3740 omnium
1853 3681 2169 3740 actionum
2204 3685 2560 3740 nostrarum
2592 3699 2833 3741 norma.

319 3789 380 3845 2°
415 3782 583 3854 Quid
613 3782 744 3840 Deo
776 3779 1215 3840 offerendum?
1248 3801 1276 3832 α
1329 3778 1403 3856 (c)
1438 3779 1877 3857 Unusquisque
1899 3779 2050 3851 Deo,
2085 3778 2253 3857 quod
2280 3779 2531 3857 poterit,
2559 3778 2801 3850 offerat,
2841 3778 3061 3857 quovis
3115 3784 3418 3858 tempore,
3455 3777 3675 3856 quovis

255 3900 474 3960 genere
522 3879 671 3938 vita:
730 3884 792 3936 et
840 3879 1133 3948 fortunas,
1169 3895 1281 3954 pro
1316 3877 1639 3954 prmsentis
1672 3876 1985 3936 facultatis
2011 3877 2284 3949 modulo,
2315 3894 2427 3955 pro
2460 3877 2663 3954 gratia
2691 3876 2809 3936 sibi
2839 3894 3156 3952 concessa,
3193 3884 3260 3937 ut
3310 3896 3420 3956 per
3457 3895 3676 3938 omnes

256 3980 494 4040 virtutis
529 3976 776 4048 modos,
814 3993 1034 4035 omnes
1065 3973 1336 4034 caelestis
1365 3973 1540 4051 regni
1573 3973 1928 4034 mansiones
1957 3974 2354 4054 impleamus.
2391 3996 2418 4031 »

325 4081 383 4138 3°
416 4081 584 4138 Tam
618 4073 956 4150 benignus,
991 4078 1118 4132 tam
1152 4071 1424 4132 clemens
1454 4077 1548 4132 est
1577 4074 1762 4146 Deus,
1799 4077 1865 4131 ut
1893 4072 1987 4132 vel
2022 4071 2280 4132 minima
2311 4071 2532 4131 lubens
2563 4071 2852 4150 accipiat,
2889 4071 2939 4131 si
2989 4072 3380 4133 voluntatem
3429 4072 3675 4151 cupidi-

259 4181 342 4234 tas
373 4195 504 4235 non
542 4173 946 4249 comprimat,
985 4178 1046 4230 et
1073 4170 1376 4247 angustiis
1409 4170 1678 4248 pectoris
1710 4189 1971 4230 munera
2020 4189 2146 4230 non
2203 4176 2640 4230 coarctentur:
2685 4192 2712 4227 α
2748 4169 2828 4249 (d)
2889 4170 3053 4230 Nihil
3098 4190 3313 4232 eorum
3376 4189 3516 4251 quae
3548 4174 3677 4232 Deo

262 4272 635 4339 oﬂeruntur,
676 4276 798 4327 tam
835 4286 1100 4345 parvum
1134 4273 1244 4338 est,
1283 4266 1570 4344 quamvis
1601 4266 1789 4326 etiam
1822 4265 2060 4325 minimi
2095 4266 2396 4326 momenti
2425 4266 2525 4336 sit,
2561 4266 2847 4343 quamvis
2879 4267 3062 4344 longe
3086 4267 3246 4327 infra
3275 4267 3442 4328 illius
3471 4266 3680 4346 digni-

262 4371 469 4440 tatem,
510 4364 689 4444 quod
721 4381 845 4422 non
877 4363 1134 4421 omnino
1167 4362 1459 4440 accipiat,
1493 4369 1868 4440 gratumque
1903 4361 2230 4422 habeat....
2266 4362 2425 4420 Illud
2478 4361 2728 4439 quidem
2762 4361 3014 4421 minime
3046 4362 3306 4422 dubium
3356 4367 3467 4434 est,
3502 4362 3680 4440 quin,

263 4467 503 4526 etiamsi
562 4463 781 4524 omnia
838 4461 1314 4533 contulerimus,
1351 4461 1558 4521 minus
1616 4467 1824 4520 tamen
1885 4460 2176 4520 collaturi
2224 4460 2441 4532 simus,
2480 4479 2671 4538 quam
2731 4461 3113 4538 accepimus.
3159 4461 3683 4540 Quandoquidem

265 4563 451 4622 divini
498 4560 792 4621 beneﬁcii
842 4567 956 4630 est,
995 4559 1163 4638 quod
1219 4577 1454 4630 sumus,
1493 4559 1662 4636 quod
1721 4563 1916 4618 Deum
1977 4559 2433 4636 cognoscimus,
2470 4557 2767 4636 quodque
2824 4560 3036 4630 etiam,
3085 4559 3254 4638 quod
3316 4559 3678 4632 offeramus,

266 4659 596 4718 habemus.
633 4660 843 4734 Atque
873 4656 1030 4715 illud
1062 4655 1556 4733 pulcherrimum
1590 4655 2238 4733 humanissimumque
2268 4655 2647 4714 censendum
2691 4661 2801 4729 est,
2834 4656 3004 4734 quod
3052 4660 3211 4716 Ueus
3259 4655 3681 4734 largitionem,

267 4775 385 4815 non
417 4757 649 4816 ablata:
684 4755 773 4814 rei
800 4753 1000 4831 pretio
1031 4758 1090 4812 et
1123 4753 1448 4830 dignitate,
1484 4752 1589 4811 sed
1623 4753 1941 4812 olTerentis
1973 4754 2195 4813 affectu
2231 4758 2294 4813 et
2325 4753 2620 4812 facultate
2655 4752 2933 4814 metitur.
2969 4776 2996 4810 n

345 4858 407 4913 4°
440 4853 606 4924 Quid
640 4852 916 4911 maxime
951 4851 1227 4930 postulet
1257 4870 1293 4910 a
1324 4849 1527 4920 nobis,
1568 4856 1768 4910 totum
1810 4851 1986 4928 gravi
2017 4851 2219 4911 sentia
2270 4856 2332 4911 et
2381 4857 2732 4911 memoratu
2783 4851 2975 4929 digna
3022 4850 3320 4912 inculcat.
3361 4875 3391 4908 «
3419 4850 3493 4931 (e)
3522 4852 3691 4912 Dixit

279 4948 464 5009 abbas
495 4948 837 5026 Gregorius
857 4947 1259 5024 'l‘he010gns:
1294 4948 1440 5006 Tria
1465 4946 1598 5006 hac
1646 4947 1840 5024 exigit
1892 4950 2051 5007 Deus
2082 4947 2160 5006 ab
2210 4947 2382 5007 omni
2429 4946 2686 5007 homine
2730 4947 3069 5026 baptizato,
3106 4947 3292 5008 ﬁdem
3345 4952 3578 5008 rectam
3612 4967 3688 5008 ex

287 5047 501 5119 animo,
553 5046 883 5106 veritatem
920 5046 980 5104 in
1011 5045 1223 5122 lingua
1253 5053 1313 5104 et
1338 5045 1818 5122 temperantiam
1853 5045 1928 5103 de
1961 5063 2244 5122 corpore.
2279 5065 2308 5100 υ

359 5148 416 5203 5°
448 5144 688 5218 Quibus
721 5162 796 5203 ex
829 5144 1058 5215 causis,
1092 5163 1216 5222 quo
1249 5144 1370 5202 fine
1401 5143 1706 5221 prmclara
1735 5142 2014 5202 facinora
2046 5141 2328 5220 quisquis
2359 5143 2764 5220 aggrediatur
2793 5141 3029 5221 optime
3061 5140 3404 5215 constituit,
3438 5159 3691 5203 omnem

302 5241 514 5303 aditum
550 5262 729 5304 van-ce
753 5242 971 5321 gloriae
1005 5241 1409 5302 obstruendo.
1451 5265 1480 5298 «
1512 5241 1588 5320 (ί)
1622 5242 1687 5302 Si
1716 5239 1933 5318 glorise
1965 5239 2334 5318 cupiditate,
2368 5258 2441 5300 ac
2472 5259 2599 5300 non
2648 5240 2928 5300 veritatis
2974 5240 3182 5301 studio
3231 5245 3293 5300 et
3335 5258 3550 5301 amore
3581 5261 3696 5303 nos

309 5339 555 5413 pericula
617 5338 794 5400 adire
850 5336 1252 5400 existimabat
1303 5337 1659 5420 (Julianus),
1713 5335 1850 5397 haec
1897 5354 2048 5398 sane
2107 5335 2276 5416 apud
2320 5334 2463 5397 illos
2519 5335 2745 5396 ludant
2800 5335 3235 5415 Empedocles,
3299 5341 3361 5397 et
3422 5335 3692 5415 Aristmi,

365 5604 437 5684 (ᾳ)
467 5606 683 5684 §ozom.
720 5607 772 5684 l._
793 5607 850 5678 5,
884 5623 936 5663 c.
972 5606 1059 5678 16,
1084 5623 1139 5680 p.
1174 5607 1303 5665 6l9.

2125 5606 2203 5684 (θ)
2229 5604 2449 5679 ApOph.
2504 5608 2631 5663 Pat.
2679 5605 2832 5679 apud
2875 5603 3078 5676 Cotel.,
3111 5621 3170 5681 p.
3202 5604 3328 5676 410,
3362 5607 3406 5664 t.
3457 5609 3510 5662 II
3553 5604 3695 5668 Man.

365 5679 431 5750 (ὁ)
462 5678 548 5750 Or.
573 5684 623 5750 2,
658 5698 714 5736 n.
751 5682 804 5736 1.
836 5677 841 5678 ί
1046 5677 1103 5680 θ’

751 5682 804 5736 1.
836 5677 841 5678 “
1046 5677 1051 5678 “
1086 5677 1103 5680 ’
2049 5677 2141 5735 Ec;
2174 5677 2351 5736 Graec.

369 5749 544 5824 (αξιοι.
579 5754 662 5824 19,
694 5771 754 5810 n.
778 5753 837 5807 7.

2120 5750 2187 5824 (Γ)
2216 5752 2314 5808 Or.
2346 5750 2398 5822 4,
2423 5767 2481 5806 n.
2512 5749 2599 5808 50.

393 5820 456 5900 (at)
488 5820 736 5895 lbid.,’n.
768 5825 825 5886 8.
