4052 6276
408 387 523 446 113
1410 386 1825 446 PllrEFA'l‘lO
1873 387 2008 445 GEl‘

2192 385 2330 444 LlS.
2358 419 2431 429 —
2467 387 2660 445 PARS
2706 384 2811 444 ΙΙΙ.
3683 386 3787 447 Ml

403 529 463 580 et
523 516 937 597 Empedotimi
988 517 1268 593 quidam,
1305 535 1375 577 ac
1405 520 1774 595 Trophonii,
1811 526 1999 597 atque
2030 519 2393 596 hujusmodi
2439 519 2804 578 miserorum
2868 518 3191 579 hominum
3254 518 3553 579 chorus...
3586 518 3667 601 (a)
3721 523 3794 582 At

402 613 1141 692 Christianisjucundius
1171 618 1265 672 est
1317 613 1567 691 pietatis
1623 633 1815 676 causa
1870 615 2022 695 pati,
2073 615 2315 675 etiamsi
2360 634 2545 675 nemo
2602 614 2663 674 id
2722 616 3060 676 resciturus
3117 615 3216 687 sit,
3252 633 3441 693 quam
3496 615 3630 675 aliis
3661 635 3793 678 eum

398 714 723 793 impietate
754 712 1000 782 ﬂorere,
1036 717 1228 789 atque
1295 711 1357 770 in
1395 711 1599 789 gloria
1627 714 1882 773 versari.
1906 713 2281 773 Hominibus
2312 713 2545 792 quippe
2568 713 2838 792 placere,
2872 731 3094 792 parum
3121 710 3459 773 admodum
3485 732 3802 787 curamus;

396 813 461 872 id
499 828 690 871 unum
718 814 1104 889 expetentes,
1137 814 1207 868 ut
1241 809 1541 870 honorem
1578 830 1614 870 a
1643 814 1771 871 Deo
1794 816 1795 819 “
1820 830 2281 890 consequamur
2315 830 2328 885 ;
2362 811 2487 871 imo
2540 811 2867 871 sublimius
2916 810 3104 870 etiam
3154 812 3560 889 assurgimus.
3601 811 3702 892 (De
3730 812 3800 873 iis

398 909 650 987 loquor,
678 908 785 988 qui
813 924 959 967 vere
990 906 1375 986 philosophi,
1410 926 1685 989 veroque
1720 910 1826 969 Dei
1855 928 2069 970 amore
2099 909 2344 988 praediti
2391 909 2582 989 sunt).
2619 909 2859 988 Quippe
2889 908 2995 987 qui
3044 909 3209 968 bono
3232 908 3529 987 conjungi
3558 914 3801 987 propter

398 1008 609 1086 ipsum
642 1006 880 1066 bonum
914 1009 1311 1083 exoptamus,
1344 1023 1469 1065 non
1502 1012 1708 1067 autem
1735 1014 1993 1087 propter
2041 1005 2311 1067 honores
2361 1006 2422 1065 in
2475 1006 2672 1067 altero
2722 1025 2855 1066 aevo
2878 1006 3253 1066 reconditos.
3292 1006 3612 1066 Secundus
3640 1006 3799 1067 enim

402 1105 503 1165 hic
535 1104 944 1165 honestorum
978 1107 1039 1162 et
1064 1101 1476 1163 laudabilium
1508 1104 1785 1165 virorum
1818 1105 2051 1183 gradus
2076 1110 2188 1179 est,
2216 1104 2416 1183 pretio
2449 1123 2521 1165 ac
2543 1106 2831 1165 mercede
2862 1104 3101 1182 aliquid
3127 1104 3331 1163 facere
3358 1121 3371 1176 ;
3400 1104 3803 1183 quemadmo-

402 1203 553 1262 dum
583 1203 648 1263 in
679 1201 864 1262 tertia
895 1200 1091 1261 classe
1118 1200 1470 1261 collocandi
1500 1209 1668 1276 sunt,
1698 1204 1807 1281 qui
1838 1220 2039 1282 pmnae
2070 1213 2241 1263 metu
2272 1221 2310 1262 a
2340 1202 2572 1263 scelere
2597 1208 2661 1262 et
2690 1201 2996 1261 maleﬁcio
3027 1202 3445 1262 deterrentur.
3476 1223 3505 1259 υ

482 1338 547 1396 6°
581 1340 772 1415 Leges
803 1333 1093 1396 amicitiae
1124 1332 1215 1394 ita
1243 1334 1561 1409 describit,
1597 1340 1667 1396 ut
1699 1336 1775 1397 ad
1810 1341 2177 1417 perpetuam
2205 1335 2532 1398 hominum
2566 1334 2966 1397 concordiam
3007 1340 3068 1396 et
3114 1334 3431 1396 societatis
3479 1334 3806 1396 incolumi-

402 1440 599 1496 tatem
630 1432 785 1492 nihil
816 1432 1087 1510 amplius
1116 1432 1626 1507 desidcrandum,
1663 1435 1714 1494 si
1746 1453 1951 1496 mores
1982 1434 2060 1495 ad
2091 1435 2241 1495 illud
2277 1435 2600 1514 exemplar
2626 1435 3157 1495 informarentur:
3196 1457 3224 1487 «
3261 1432 3346 1514 (ὸ)
3386 1433 3569 1513 Apud
3599 1432 3809 1493 Chris-

407 1533 608 1593 tianos
640 1532 738 1591 lex
770 1536 831 1591 et
861 1548 1086 1591 norma
1142 1530 1435 1591 amicitiae
1486 1534 1749 1613 quisque
1806 1534 1939 1613 ipse
2001 1539 2112 1607 est,
2150 1539 2341 1613 atque
2392 1534 2611 1595 eadem
2673 1533 2976 1613 proximis
3006 1532 3165 1593 velle
3224 1552 3365 1611 quae
3425 1538 3488 1593 et
3527 1531 3644 1593 sibi
3673 1530 3808 1610 ipsi.

404 1631 649 1690 Crimen
682 1634 916 1702 autem,
952 1646 1077 1689 non
1126 1630 1314 1689 modo
1349 1630 1583 1690 malum
1636 1632 1966 1705 exstitisse,
1997 1632 2105 1693 sed
2157 1632 2345 1693 etiam
2397 1650 2433 1693 a
2482 1632 2648 1693 malo
2695 1650 2919 1710 parum
2972 1628 3270 1701 abfuisse,
3307 1650 3451 1691 cum
3486 1629 3812 1710 cupuditas

401 1730 540 1809 ipsa
570 1746 728 1808 pene
759 1732 827 1787 ut
859 1726 1022 1787 actio
1054 1728 1404 1806 plectatur;
1440 1730 1609 1809 apud
1642 1750 1799 1809 quos
1830 1736 2071 1792 tantum
2105 1731 2423 1810 pudicitiae
2457 1730 2732 1791 studium
2760 1735 2871 1805 est,
2910 1735 2977 1789 ut
3007 1728 3228 1790 oculus
3252 1747 3508 1809 quoque
3543 1730 3815 1789 frenetur

408 1844 482 1887 ac
514 1826 895 1907 reprimatur
920 1843 934 1899 ;
971 1829 1031 1885 et
1065 1844 1290 1887 manus
1311 1827 1716 1906 sanguinaria
1746 1834 1807 1890 et
1830 1830 2155 1891 mortifera
2183 1830 2272 1890 ita
2301 1830 2487 1908 longe
2509 1834 2780 1901 arcetur,
2810 1834 2879 1889 ut
2908 1828 3002 1889 ira
3025 1828 3214 1888 etiam
3246 1827 3385 1907 ipsa
3409 1831 3769 1889 coerceatur
3800 1842 3815 1898 ;

403 1924 753 2005 perjurium
786 1928 996 1983 autem
1028 1922 1187 1985 adeo
1216 1929 1397 1987 atrox
1429 1932 1490 1988 et
1520 1927 1831 1989 nefarium
1862 1934 2171 2001 censetur,
2196 1934 2266 1990 ut
2282 1928 2731 2009 jusjurandum
2782 1945 3034 2007 quoque
3073 1926 3282 2005 ipsum
3331 1926 3517 1987 nobis
3547 1926 3694 1986 solis
3724 1924 3819 1984 in-

403 2023 736 2084 terdictum
771 2020 871 2082 sit.
908 2046 937 2078 ι)

484 2165 550 2222 7°
579 2158 1039 2237 Benignitatem
1071 2176 1223 2238 erga
1250 2177 1563 2239 pauperes
1595 2178 1720 2220 non
1753 2166 1996 2222 tantum
2048 2162 2290 2235 suadet,
2324 2161 2433 2223 sed
2490 2160 2781 2223 maximis
2825 2166 3011 2241 urget
3053 2159 3411 2223 momentis.
3449 2158 3530 2239 (ο)
3570 2182 3602 2215 ‹‹
3632 2160 3727 2219 An
3763 2162 3826 2218 tu

408 2257 891 2337 benignitatem,
927 2277 1055 2320 non
1085 2257 1519 2332 necessariam,
1554 2258 1662 2319 sed
1691 2258 1803 2320 tibi
1834 2259 2096 2321 liberam
2127 2278 2260 2321 esse
2299 2264 2482 2341 putas
2502 2261 2530 2319 ?
2561 2263 2649 2321 Ac
2680 2279 2806 2321 non
2852 2260 3080 2339 legem,
3114 2260 3224 2322 sed
3276 2258 3616 2320 consilium
3637 2258 3668 2318 ?
3699 2258 3829 2317 Hoc

407 2373 660 2435 quoque
689 2353 823 2433 ipse
855 2372 1238 2436 magnopere
1269 2354 1493 2415 vellem
1523 2359 1585 2416 et
1641 2355 2088 2417 existimarem.
2124 2357 2246 2419 Sed
2307 2376 2405 2418 me
2463 2356 2716 2417 sinistra
2756 2356 2868 2417 illa
2918 2375 3140 2418 manus
3195 2360 3409 2431 terret,
3443 2359 3508 2417 et
3537 2352 3730 2427 haedi,
3770 2356 3830 2412 et

404 2452 662 2533 probra,
697 2471 837 2532 quae
882 2453 962 2514 ab
994 2471 1090 2526 eo,
1127 2473 1163 2515 a
1197 2471 1321 2532 quo
1354 2453 1645 2514 collocati
1674 2459 1839 2526 sunt,
1876 2455 2333 2534 conjiciuntur;
2369 2474 2493 2516 non
2526 2454 2671 2534 quia
2704 2474 2927 2516 manus
2954 2454 3173 2516 alienis
3202 2453 3387 2515 bonis
3448 2452 3826 2524 attulerunt,

404 2569 519 2612 nec
550 2551 698 2630 quia
728 2551 964 2631 templa
997 2552 1417 2632 dicipuerunt,
1445 2556 1555 2612 aut
1586 2552 1965 2613 adulterium
1992 2573 2102 2633 per
2132 2560 2481 2633 petrarunt,
2510 2558 2619 2614 aut
2648 2554 2816 2614 aliud
2848 2554 3148 2633 quiddam
3180 2573 3255 2614 ex
3285 2552 3429 2613 aliis
3461 2570 3607 2631 quae
3638 2550 3831 2610 inter-

403 2648 570 2710 dicta
599 2654 767 2722 sunt,
804 2649 1217 2721 admiserunt,
1252 2649 1372 2711 hoc
1402 2649 1622 2711 ordine
1655 2650 1958 2725 mulctati,
1996 2652 2103 2711 sed
2134 2651 2282 2729 quia
2302 2650 2616 2711 Christum
2648 2670 2758 2730 per
2787 2670 3094 2731 pauperes
3126 2651 3385 2711 minime
3414 2652 3745 2712 curarunt.
3782 2668 3813 2702 ι)

478 2786 545 2846 8°
574 2784 854 2845 Tandem
884 2783 1307 2844 Christianum
1338 2783 1658 2844 beneﬁciis
1688 2784 1914 2844 divinis
1936 2790 2045 2845 aut
2071 2787 2487 2855 cumulatum,
2516 2792 2629 2846 aut
2652 2786 2919 2845 multum
2951 2792 3241 2863 egentem
3280 2785 3569 2863 seipsum
3602 2778 3837 2842 intueri

399 2882 709 2961 cOgendo,
746 2881 998 2960 egregie
1027 2881 1107 2942 ad
1132 2881 1457 2942 charitatis
1487 2882 1695 2942 ofﬁcia
1726 2882 2034 2942 accendit.
2074 2905 2103 2940 α
2136 2881 2223 2963 ((1)
2258 2884 2461 2943 Habes
2489 2882 2888 2953 beneficium,
2924 2882 3093 2960 quod
3148 2890 3203 2941 le
3252 2882 3615 2941 multorum
3651 2898 3835 2939 man-

398 2982 691 3042 datorum
747 2980 1162 3041 submoneat:
1196 2998 1273 3040 ne
1330 2981 1736 3059 contemptim
1796 2988 2152 3058 prmtereas.
2190 2984 2437 3059 Pauper
2492 2980 2752 3040 accessit
2772 2982 2800 3038 ?
2852 2983 2918 3039 ln
2978 2986 3248 3039 mentem
3300 2979 3421 3038 tibi
3481 2977 3728 3049 veniat,
3761 2992 3836 3036 ex

401 3098 593 3157 quam
623 3079 801 3155 gravi
829 3084 1200 3156 paupertate
1231 3079 1310 3137 ad
1342 3086 1610 3156 quantas
1632 3078 1880 3137 divitias
1914 3086 2244 3155 provectus
2275 3098 2360 3139 es.
2398 3082 2563 3138 Pane
2596 3096 2835 3152 carens,
2870 3086 2978 3137 aut
3011 3089 3180 3155 potu,
3218 3084 3415 3154 atque
3468 3076 3671 3137 etiam
3710 3076 3838 3134 for-

406 3182 567 3236 tasse
601 3180 868 3235 Lazarus
899 3176 1213 3255 quispiam
1244 3176 1324 3235 ad
1373 3177 1596 3236 domus
1654 3183 1777 3235 tuae
1835 3180 2000 3236 l'ores
2058 3177 2426 3255 provolutus
2456 3179 2484 3235 ?
2514 3178 2764 3235 Moveat
2795 3182 2853 3235 te
2912 3174 3173 3253 mystica
3231 3192 3483 3245 mensa,
3521 3174 3607 3233 ad
3639 3188 3836 3250 quam

404 3271 757 3345 accessisti;
817 3281 1068 3332 moveat
1097 3281 1156 3333 te
1184 3272 1366 3351 panis
1394 3274 1502 3333 ille
1531 3271 1710 3349 cujus
1733 3274 2046 3352 particeps
2076 3274 2278 3334 factus
2309 3293 2396 3347 es,
2432 3274 2596 3333 calix
2643 3274 2766 3345 ille,
2804 3290 2991 3350 quem
3050 3270 3372 3350 accepisti,
3413 3290 3568 3331 cum
3603 3266 3843 3331 Christi

404 3369 801 3448 passionibus
861 3369 1217 3429 initiareris.
1278 3369 1653 3449 Peregrinus
1716 3371 1796 3430 ad
1862 3390 2071 3449 genua
2148 3378 2254 3431 tua
2318 3371 2677 3449 procubuit,
2737 3372 2925 3430 domo
3001 3387 3240 3442 carens,
3304 3371 3567 3429 advena
3608 3370 3639 3427 ?
3720 3371 3841 3427 Per

404 3465 571 3526 hunc
598 3485 740 3526 eum
774 3466 1014 3545 excipe,
1048 3468 1157 3544 qui
1195 3474 1453 3545 propter
1511 3474 1569 3527 te
1624 3468 2059 3546 peregrinatus
2109 3476 2223 3539 est,
2259 3468 2449 3546 idque
2504 3470 2568 3527 in
2618 3467 2907 3546 propriis,
2944 3467 3177 3544 quique
3236 3484 3352 3543 per
3400 3467 3687 3545 gratiam
3754 3462 3838 3524 ad

400 3568 462 3623 te
492 3562 898 3642 immigravit,
934 3570 1117 3643 teque
1148 3565 1226 3623 ad
1254 3563 1505 3624 caeleste
1534 3564 1920 3624 domicilium
1979 3567 2304 3643 pertraxit.
2336 3565 2673 3625 Zachzeum
2720 3566 2967 3624 imitare
3015 3564 3087 3637 5°,
3120 3563 3327 3629 illum.
3362 3564 3668 3642 inquam,
3702 3560 3846 3623 heri

398 3660 835 3739 publicanum,
870 3660 1057 3721 hodie
1084 3660 1279 3721 animi
1336 3660 1767 3739 magnitudine
1797 3670 1857 3721 et
1902 3662 2278 3723 liberalitate
2338 3664 2693 3741 praeditum.
2737 3661 3095 3721 Facultates
3153 3678 3375 3719 omnes
3438 3667 3593 3720 tuas
3626 3662 3846 3738 ingre-

396 3757 591 3818 dienti
622 3757 866 3818 Christo
896 3757 1071 3831 offer,
1108 3764 1199 3830 ut,
1235 3757 1379 3818 licet
1409 3760 1724 3837 corporali
1749 3765 1991 3819 statura
2021 3759 2306 3837 pusillus,
2340 3762 2552 3820 animo
2594 3766 2805 3819 tamen
2859 3758 3166 3829 eveharis,
3203 3757 3542 3817 Christum
3578 3757 3844 3836 egregie

396 3856 815 3935 conspicatus.
848 3857 1145 3934 Egrotus
1175 3863 1437 3935 prostat,
1474 3875 1547 3917 ac
1577 3857 1823 3918 saucius
1848 3857 1877 3916 ?
1909 3860 2157 3919 Moveat
2192 3864 2251 3917 te
2280 3859 2514 3918 sanitas
2558 3864 2689 3926 tua,
2724 3863 2786 3917 et
2833 3857 3090 3916 vulnera
3139 3854 3370 3933 quibus
3426 3862 3493 3916 te
3547 3857 3845 3917 Christus

390 3952 704 4013 liberavit.
740 3953 804 4013 Si
852 3953 1083 4013 videris
1136 3953 1398 4028 nudum,
1433 3954 1610 4033 operi
1667 3972 1836 4027 eum,
1873 3962 2046 4013 tuum
2105 3954 2597 4032 incorruptionis
2652 3954 3118 4024 indumentum,
3168 3952 3289 4011 hoc
3346 3959 3473 4023 est,
3509 3953 3850 4013 Christum

394 4049 635 4110 honore
667 4069 1050 4129 prosequens
1077 4068 1089 4110 :
1125 4058 1438 4130 quotquot
1467 4052 1630 4111 enim
1665 4053 1728 4112 in
1759 4052 2073 4113 Christum
2104 4053 2403 4131 baptizati
2435 4072 2669 4123 sumus,
2706 4051 3024 4112 Christum
3053 4050 3378 4110 induimus
3430 4050 3510 4111 ⁶⁰.
3551 4052 3626 4112 Si
3658 4052 3848 4111 debi-

395 4152 598 4207 torem
629 4154 851 4208 nactus
881 4150 963 4208 sis
993 4150 1070 4209 ad
1108 4151 1297 4227 pedes
1328 4158 1468 4210 tuos
1498 4170 1630 4211 esse
1662 4150 2080 4229 abjicientem,
2116 4151 2543 4229 syngrapham
2592 4169 2866 4221 omnem,
2901 4157 3029 4209 tam
3072 4148 3337 4224 justam,
3375 4168 3590 4227 quam
3635 4148 3852 4228 injus-

395 4251 523 4306 tam
559 4246 859 4306 rescinde.
895 4247 1117 4307 Decem
1153 4247 1259 4308 illa
1290 4248 1670 4309 talentorum
1706 4248 1924 4321 millia,
1960 4268 2100 4327 quae
2132 4249 2243 4309 tibi
2271 4249 2549 4309 Christus
2583 4248 2839 4322 remisit,
2866 4247 2929 4306 in
2964 4245 3334 4307 memoriam
3387 4266 3661 4308 revoca.
3701 4247 3857 4307 Noli

396 4348 455 4402 te
487 4342 782 4403 acerbum
816 4343 1075 4404 minoris
1107 4344 1301 4404 debiti
1331 4350 1689 4406 exactorem
1734 4346 2038 4425 praebere,
2070 4351 2133 4407 et
2180 4346 2433 4424 quidem
2485 4346 2818 4418 conservis,
2855 4362 2997 4404 eum
3051 4342 3160 4403 tibi
3209 4360 3247 4402 a
3296 4344 3591 4405 Domino
3639 4344 3859 4424 major

395 4458 641 4500 summa
672 4441 1027 4501 condonata
1059 4442 1171 4515 sit;
1208 4461 1282 4502 ne
1314 4442 1726 4505 humanitatis
1757 4463 2011 4523 quoque
2041 4443 2229 4517 illius,
2265 4463 2455 4523 quam
2487 4443 2599 4504 tibi
2646 4443 2709 4502 in
2760 4441 3122 4522 exemplum
3170 4442 3591 4520 propositam
3637 4444 3860 4503 haud-

395 4555 714 4616 quaquam
750 4537 1031 4598 imitatus
1063 4557 1151 4612 es,
1183 4558 1391 4619 poenae
1423 4557 1459 4599 a
1489 4544 1548 4600 te
1569 4545 1947 4619 expetantur
1968 4539 2038 4599 θί.
2077 4563 2107 4595 ››

472 4670 755 4731 Plurima
783 4673 1021 4733 suntin
1078 4673 1373 4751 operibus
1431 4673 1712 4751 Gregorii
1767 4672 2096 4734 historiam
2155 4675 2524 4752 spectantia,
2561 4692 2703 4751 qum
2765 4672 3012 4749 singula
3061 4672 3292 4732 referre
3332 4671 3631 4753 longum
3668 4676 3859 4735 foret.

388 4772 600 4831 Pauca
628 4790 662 4830 e
696 4770 907 4830 multis
937 4770 1225 4849 seligam.
1250 4773 1318 4831 In
1349 4771 1632 4832 oratione
1654 4789 1853 4833 xxxm
1878 4771 1973 4849 (n°
2000 4772 2096 4849 11)
2126 4773 2341 4832 scribit
2364 4774 2619 4832 Petrum
2644 4772 2706 4830 in
2727 4771 2949 4831 Judaea
2978 4770 3391 4846 Evangelium
3419 4774 3864 4861 praedicasse,

392 4871 623 4930 Lucam
646 4868 720 4955 in
754 4868 1013 4942 Achaia,
1048 4871 1382 4932 Audrzeam
1413 4870 1478 4930 in
1510 4871 1723 4949 Epiro,
1755 4872 2063 4932 Joannem
2094 4869 2350 4948 Ephesi,
2386 4871 2698 4931 Thomam
2729 4869 2794 4929 in
2826 4868 3025 4941 India,
3062 4870 3342 4929 Marcum
3374 4869 3451 4929 in
3488 4872 3715 4933 Italia.

462 5244 509 5283 ⁶⁹
537 5246 669 5305 Luc.
703 5247 818 5318 xix,
849 5248 969 5305 2-9.
1002 5249 1047 5285 ⁶⁰
1076 5248 1201 5306 Gal.
1232 5263 1320 5321 ιιι,
1350 5249 1441 5307 27.
1473 5249 1517 5287 δι
1552 5246 1759 5307 Matth.
1785 5262 1941 5321 xvm,
1971 5249 2169 5307 24-35.

458 5637 533 5787 ξα)
566 5639 661 5696 Or.
699 5638 750 5711 4,
784 5656 842 5697 n.
875 5639 968 5699 60.

484 5710 535 5785 ὁ)
565 5711 660 5770 Or.
694 5714 746 5785 4,
780 5715 969 5771 n.123.

2247 5637 2294 5709 c)
2320 5635 2415 5692 Or.
2454 5636 2540 5700 14,
2573 5652 2630 5690 n.
2665 5634 2754 5691 39.

2219 5638 2301 5786 Ed)
2328 5710 2425 5768 Ur.
2461 5709 2549 5782 40,
2586 5724 2644 5765 n.
2677 5708 2754 5765 31η

826 5715 969 5771 .123.
2219 5708 2301 5783 (ά)
2328 5710 2425 5768 Ur.

2219 5708 2301 5783 (ά)
2328 5710 2425 5768 Ur.
2461 5709 2549 5782 4ο,
2586 5724 2644 5765 n.
2677 5708 2767 5766 31.
