4052 6276
264 401 382 465 145
1265 402 1684 466 PREFATIO
1731 402 1864 465 GEP

2098 403 2197 465 .IS.
2232 436 2308 448 —
2354 403 2553 466 PARS
2600 401 2708 465 ΙΙΙ.
3583 402 3698 461 146

342 537 605 603 Videtur
632 536 800 602 inter
831 537 1122 603 victimas
1156 557 1264 621 pro
1288 538 1533 603 Christo
1565 557 1759 602 caesas
1788 556 2113 601 recensere
2144 538 2256 601 SS.
2289 540 2525 601 Lucam
2558 542 2620 601 et
2668 539 3003 602 Joannem.
3041 560 3072 596 «
3105 534 3188 619 (a)
3226 538 3363 601 Non
3408 535 3697 600 victimas

270 658 377 721 pro
408 639 661 701 Christo
694 657 891 701 czesas
922 640 1157 701 veritus
1185 640 1298 701 es?
1330 659 1444 701 nec
1486 658 1753 719 magnos
1782 638 2028 718 pugiles
2078 637 2443 699 extimuisti.
2476 638 2785 700 Joannem
2841 638 3042 711 illum,
3089 640 3368 712 Petrum,
3400 637 3689 709 Paulum,

269 738 600 810 Jacobum,
639 738 1059 818 Stephanum,
1092 743 1350 813 Lucam,
1382 739 1745 812 Andraeam,
1776 738 2102 808 Theclam,
2129 756 2236 797 eos
2284 737 2393 814 qui
2441 744 2503 798 et
2533 743 2676 816 post
2723 736 2885 808 illos,
2920 755 3035 814 pro
3087 736 3351 796 veritate
3399 734 3692 814 periculis

269 854 328 894 se
357 836 756 911 obiecerunt.
790 835 909 906 Qui
942 854 1085 895 cum
1116 835 1267 912 igni,
1302 840 1364 894 et
1394 836 1584 908 ferro,
1618 840 1680 894 et
1707 832 1957 906 belluis,
1992 838 2054 893 et
2084 832 2389 911 tyrannis,
2425 838 2488 891 et
2516 832 2928 909 praesentibus
2959 831 3161 901 malis,
3202 853 3231 885 »
3265 837 3385 891 etc.
3418 833 3692 891 Joannes

270 938 482 992 tamen
515 940 577 991 et
607 936 827 1001 Lucas,
865 933 1153 1010 quamvis
1183 933 1383 992 crucis
1430 932 1981 992 mortificationem
2024 929 2264 1009 jugiter
2312 929 2374 990 in
2426 930 2553 989 suis
2599 931 2970 1007 corporibus
3023 929 3419 1007 pertulerint,
3455 936 3517 989 et
3548 947 3685 1007 per-

272 1033 506 1089 multas
537 1036 801 1108 propter
831 1030 1146 1090 Christum
1177 1037 1239 1090 et
1266 1032 1402 1108 ejus
1430 1030 1842 1108 Evangelium
1884 1028 2273 1088 calamitates
2320 1028 2488 1105 passi
2536 1026 2694 1085 sint:
2736 1050 2767 1082 «
2793 1027 3325 1105 Haudquaquam,
3358 1032 3428 1086 ut
3479 1027 3696 1086 scribit

273 1129 441 1189 Elias
473 1128 782 1188 Cretensis
820 1126 927 1207 ((2),
958 1132 1303 1189 Comment.
1336 1130 1400 1188 in
1432 1133 1592 1190 orat.
1625 1145 1718 1199 IIl,
1751 1146 1918 1188 nunc
1946 1144 2030 1201 ιν,
2062 1125 2426 1205 interempti
2473 1130 2641 1199 sunt,
2676 1143 2893 1185 verum
2942 1124 3007 1184 in
3055 1142 3211 1204 pace
3262 1124 3341 1185 ad
3385 1142 3550 1197 eum,
3586 1115 3700 1204 qui

277 1226 449 1307 pacis
482 1229 647 1287 Deus
677 1231 770 1286 est
798 1227 870 1300 δε,
908 1226 1139 1286 reversi
1161 1232 1330 1287 sunt.
1368 1248 1397 1284 n

355 1324 590 1386 Scribit
610 1325 947 1402 Gregorius
973 1325 1226 1384 Petrum
1258 1324 1490 1404 lupinis
1519 1323 1708 1386 unico
1741 1342 1876 1385 asse
1908 1322 2135 1403 emptis
2158 1321 2352 1382 vitam
2388 1321 2724 1382 tolerasse:
2766 1344 2797 1377 ‹‹
2828 1320 3100 1381 Pulchra
3132 1339 3228 1381 res
3259 1321 3461 1383 victus
3495 1322 3701 1384 tenui-

275 1429 390 1493 tas,
414 1423 629 1502 inquit
661 1422 735 1503 (ε)
764 1440 777 1481 :
812 1422 1192 1484 documento
1224 1423 1380 1484 mihi
1410 1429 1604 1485 est....
1636 1425 1859 1484 Petrus
1889 1423 1999 1501 qui
2026 1421 2259 1501 lupinis
2309 1420 2493 1481 unico
2542 1439 2677 1481 asse
2718 1420 2944 1499 emptis
2992 1420 3301 1481 alebatur.
3334 1445 3365 1477 »
3400 1456 3476 1465 —
3512 1443 3541 1479 ‹‹
3575 1424 3704 1484 Hoc

276 1528 516 1593 autem,
548 1522 638 1581 ait
668 1521 939 1597 Nicetas,
970 1523 1211 1583 Comm.
1248 1522 1310 1582 in
1343 1529 1502 1583 orat.
1540 1522 1623 1582 al.
1658 1539 1783 1593 XVI,
1822 1542 1883 1601 p.
1920 1521 2060 1594 659,
2094 1539 2167 1580 ex
2201 1520 2476 1599 quodam
2509 1518 2671 1579 libro
2704 1519 3102 1597 desumptum
3134 1526 3230 1579 est
3279 1518 3343 1578 in
3375 1520 3697 1581 ecclesias-

274 1622 468 1679 ticum
503 1636 814 1679 canonem
845 1618 1101 1678 minime
1131 1624 1404 1698 recepto.
1438 1643 1467 1674 »
1504 1620 1838 1696 Gregorius
1871 1620 2010 1678 haec
2038 1618 2232 1678 verba
2261 1621 2444 1677 Petro
2478 1618 2741 1677 ascribit
2770 1618 2833 1676 in
2866 1616 3137 1695 epistola
3167 1617 3251 1677 al.
3282 1624 3403 1690 xvi,
3440 1637 3504 1696 p.
3538 1620 3658 1678 778
3685 1637 3697 1678 :

275 1744 301 1772 ι
334 1720 535 1795 λίΕςτει
565 1718 780 1776 anima
811 1717 1017 1777 vicina
1045 1722 1138 1777 est
1183 1720 1334 1792 Deo,
1371 1723 1438 1777 ut
1495 1718 1722 1777 eximie
1780 1717 2013 1777 alicubi
2068 1716 2350 1794 loquitur
2404 1717 2647 1775 Petrus.
2688 1740 2716 1771 »
2751 1717 3031 1776 Annotat
3086 1715 3256 1775 Elias
3286 1716 3454 1776 hunc
3483 1716 3693 1777 locum

270 1822 602 1894 sumptum
634 1834 768 1875 esse
798 1834 877 1875 ex
918 1833 994 1875 eo
1047 1815 1283 1883 libello,
1317 1816 1428 1893 qui
1482 1815 1771 1875 Doctrina
1831 1815 2006 1874 Petri
2058 1814 2457 1874 inscribitur:
2493 1814 2957 1873 Commentario
3012 1812 3077 1872 in
3127 1820 3287 1872 orat.
3324 1813 3407 1873 al.
3442 1831 3593 1887 XVII,
3629 1834 3689 1894 p.

270 1918 406 1975 684.
446 1916 598 1973 Haec
620 1919 833 1973 autem
863 1913 1094 1973 verba:
1132 1938 1161 1968 «
1195 1913 1279 1994 (d)
1312 1916 1565 1973 Petrum
1600 1914 1906 1973 dicentem
1938 1912 2306 1973 audiamus:
2345 1912 2704 1971 Erubescite
2734 1911 2842 1990 qui
2872 1910 3079 1970 aliena
3107 1910 3425 1981 detinetis,
3460 1913 3697 1991 Deique

272 2012 641 2090 aquitatem
673 2010 849 2071 vobis
874 2010 1245 2071 imitandam
1272 2012 1629 2090 proponite,
1655 2017 1717 2070 et
1745 2029 1930 2070 nemo
1958 2010 2076 2071 erit
2106 2026 2381 2088 pauper:
2412 2032 2441 2064 »
2467 2027 2544 2069 ex
2574 2009 2733 2068 libro
2762 2008 3240 2089 Apostolz'carum
3271 2012 3684 2089 quaestionum,

269 2131 455 2193 quem
491 2117 716 2192 postea
755 2116 934 2171 sexta
988 2112 1263 2190 synodus
1315 2111 1718 2190 improbavit,
1752 2117 2054 2189 tanquam
2106 2110 2185 2169 ab
2245 2109 2553 2169 hmreticis
2611 2109 3025 2190 depravatum
3084 2115 3145 2171 et
3201 2110 3670 2185 adumbratum,

269 2216 527 2291 sumpta
572 2228 708 2270 esse
739 2210 955 2270 scribit
984 2210 1247 2285 Nicetas,
1285 2211 1632 2271 Comment.
1667 2212 1729 2270 in
1761 2217 1900 2271 orat
1956 2211 2037 2271 al.
2072 2226 2193 2283 XVI,
2218 2228 2280 2288 p.
2308 2211 2448 2270 672.

344 2308 587 2372 Scribit
616 2309 951 2387 Gregorius
978 2306 1057 2389 (ρ)
1090 2308 1387 2369 Theclam
1416 2309 1720 2387 virginem
1752 2309 1919 2370 necis
1950 2308 2350 2386 ﬂammaeque
2380 2305 2660 2387 periculo
2694 2306 2969 2386 primum
2999 2311 3305 2386 ereptam,
3340 2306 3482 2369 dein
3519 2326 3687 2369 mor-

270 2408 439 2468 sibus
471 2406 924 2485 unguibusque
952 2406 1231 2480 leonum,
1264 2407 1371 2486 qui
1418 2426 1753 2485 generosos
1815 2406 2068 2485 virginis
2100 2412 2272 2466 artus
2330 2404 2514 2466 dente
2570 2422 2858 2485 premere
2916 2410 2979 2465 et
3028 2405 3383 2485 discerpere
3434 2406 3694 2467 minime

274 2506 403 2566 ausi
428 2510 611 2580 sunt,
632 2523 664 2563 e
688 2510 959 2583 tyranno
980 2502 1175 2582 ipsius
1194 2522 1382 2582 proco
1403 2522 1519 2582 ope
1544 2504 1769 2564 Christi
1789 2509 2125 2564 servatam.
2145 2502 2228 2584 (Ι)
2246 2502 2541 2575 Quamvis
2563 2522 2702 2564 eam
2727 2522 2841 2582 pro
2864 2502 3106 2565 Christo
3123 2505 3492 2583 sanguinem
3509 2523 3693 2565 suum

258 2602 493 2662 fudisse
516 2619 648 2661 non
666 2608 927 2675 asserat,
951 2600 1116 2660 hanc
1149 2606 1358 2661 tamen
1389 2609 1679 2661 numerat
1709 2601 1873 2661 inter
1900 2619 2090 2661 caesas
2120 2608 2183 2661 et
2209 2601 2483 2661 illustres
2514 2619 2628 2680 pro
2676 2600 2922 2661 Christo
2978 2600 3264 2661 victimas
3289 2618 3303 2660 :
3359 2600 3523 2662 hanc
3581 2601 3695 2661 alii

253 2706 602 2777 martyrem
660 2698 1006 2776 appellant.
1031 2699 1288 2757 Sacrum
1342 2700 1610 2776 egregiae
1662 2697 1807 2758 huic
1865 2697 2087 2776 virgini
2136 2696 2442 2776 templum
2488 2703 2623 2759 erat
2673 2698 2999 2775 Seleuciae,
3024 2698 3495 2776 quo,abdicata
3543 2700 3692 2759 sede

255 2796 997 2874 Constantinopolitana,
1032 2796 1361 2871 Gregorius
1390 2814 1522 2855 sese
1552 2796 1807 2873 recepit.

332 2897 421 2957 De
448 2894 695 2956 Judmis
726 2894 882 2965 hmo,
916 2895 1107 2970 digna
1162 2912 1302 2971 quae
1353 2893 1785 2966 observentur,
1818 2894 2011 2954 habet
2059 2894 2393 2972 Gregorius
2441 2893 2565 2973 (g):
2608 2916 2637 2952 α
2684 2896 2821 2955 Una
2868 2894 3087 2972 utique
3135 2893 3260 2954 illis
3310 2894 3688 2956 calamitatis

256 2994 556 3053 columna
589 2998 762 3052 totus
795 2999 1104 3051 terrarum
1134 2991 1305 3051 orbis
1334 2998 1450 3059 est,
1498 3010 1612 3070 per
1642 3011 1828 3071 quem
1881 2993 2051 3053 varie
2100 2993 2219 3052 fusi
2261 2992 2586 3071 sparsique
2643 2998 2808 3064 sunt,
2844 2991 3219 3070 divinusque
3272 2992 3477 3053 cultus
3507 3012 3682 3054 com-

254 3108 509 3170 pressus
558 3093 624 3148 et
671 3088 1035 3162 exstinctus,
1069 3089 1403 3168 ipsumque
1459 3088 1617 3148 adeo
1661 3089 2207 3167 Jerosolymitanae
2253 3089 2426 3149 urbis
2470 3089 2697 3162 solum,
2734 3090 2903 3168 quod
2952 3088 3058 3148 vix
3098 3088 3235 3168 jam
3296 3090 3682 3169 agnoscitur,

256 3194 442 3267 atque
476 3186 791 3247 hactenus
822 3185 1131 3245 duntaxat
1158 3185 1282 3245 illis
1312 3191 1504 3265 patet,
1541 3186 1731 3265 idque
1760 3186 2068 3247 duntaxat
2108 3187 2350 3247 fructus
2382 3204 2457 3245 ex
2505 3186 2700 3246 veteri
2740 3204 2855 3247 sua
2901 3184 3104 3265 gloria
3153 3191 3216 3248 et
3264 3188 3684 3267 amplitudine

260 3285 544 3364 capiunt,
583 3289 653 3343 ut
678 3301 793 3363 per
823 3282 987 3343 diem
1022 3283 1342 3362 conspicui
1372 3283 1518 3343 facti
1549 3284 1950 3344 solitudinem
1978 3285 2257 3363 lugeant.
2295 3307 2324 3339 ››
2359 3283 2595 3345 Eadem
2629 3288 2688 3345 et
2721 3283 2904 3363 plura
2934 3283 3126 3345 etiam
3157 3283 3234 3345 de
3262 3284 3502 3347 Judaais
3543 3286 3685 3365 plu-

259 3383 397 3443 rimi
428 3387 703 3443 narrant
732 3380 1091 3460 scriptores,
1118 3382 1389 3442 maxime
1422 3382 1838 3462 Hieronymus
1869 3382 1977 3462 qui
2007 3382 2093 3443 ait
2124 3382 2231 3463 (/2),
2269 3401 2465 3462 usque
2496 3383 2575 3443 ad
2607 3402 2721 3443 sua
2751 3387 3038 3463 tempora
3075 3383 3331 3445 Judaeos
3363 3384 3688 3464 prohiberi

256 3481 611 3542 Jerusalem
648 3480 931 3558 ingredi;
966 3498 1221 3559 eosque,
1255 3481 1364 3560 qui
1393 3479 1617 3541 Christi
1650 3482 2019 3560 sanguinem
2050 3487 2353 3554 emerant,
2392 3500 2597 3542 emere
2627 3481 2940 3560 lacrymas
2978 3500 3147 3556 suas,
3181 3482 3245 3543 id
3272 3490 3366 3543 est
3421 3484 3693 3561 pecunia

255 3578 630 3639 facultatem
663 3576 1007 3637 obtinuisse
1039 3581 1109 3636 ut
1138 3595 1262 3654 quo
1295 3576 1394 3638 die
1424 3596 1463 3637 a
1494 3578 1791 3638 Romanis
1820 3582 2007 3657 capta
2036 3578 2371 3657 dirutaque
2401 3584 2462 3639 et
2496 3595 2712 3639 eversa
2740 3578 2859 3638 fuit
2902 3578 3272 3652 Jerusalem,
3308 3579 3399 3639 illi
3430 3598 3691 3659 campos

256 3676 363 3737 ubi
415 3673 779 3737 Jerusalem
814 3675 1040 3748 fuerat,
1068 3674 1344 3748 veniant,
1377 3680 1440 3735 et
1467 3676 1555 3735 eis
1584 3676 1829 3736 ruinam
1866 3676 2131 3736 civitatis
2164 3676 2308 3736 fiere
2340 3676 2545 3736 liceat.
2578 3677 2880 3736 Eusebius
2940 3682 3208 3737 testatur
3252 3678 3368 3737 lib.
3402 3694 3465 3738 1v
3494 3677 3685 3750 Hist,

257 3792 393 3853 cap.
428 3777 491 3847 6,
530 3772 893 3832 universam
933 3780 1185 3849 gentem
1231 3774 1595 3835 Judreorum
1626 3773 1689 3833 iu
1748 3773 2069 3849 regionem
2102 3774 2267 3833 circa
2314 3773 2753 3852 Hierosolyma
2782 3774 2965 3832 sitam
2999 3774 3223 3851 pedem
3271 3776 3503 3834 inferre
3536 3793 3686 3853 pro-

258 3870 528 3932 hibitam
558 3871 753 3929 fuisse
782 3871 1227 3930 constitutione
1257 3872 1515 3931 Adriani
1546 3871 1942 3950 imperatoris
1967 3889 1981 3943 ;
2016 3872 2175 3931 adeo
2204 3878 2275 3930 ut
2304 3890 2369 3931 se
2399 3872 2758 3950 prospicere
2803 3871 3055 3948 quidem
3106 3889 3138 3929 e
3187 3871 3537 3950 longinquo
3567 3890 3683 3950 pa-

256 3971 438 4030 trium
473 3969 688 4029 solum
719 3968 872 4047 ipsis
902 3968 1140 4029 liceret.
1176 3969 1338 4041 Quid
1369 3977 1580 4029 tamen
1639 3976 1857 4047 postea
1913 3988 2302 4042 concessum,
2340 3971 2437 4030 vel
2495 3970 2705 4049 potius
2756 3969 3025 4049 pecunia
3071 3974 3376 4049 emptum,
3412 3974 3483 4030 ut
3504 3974 3687 4031 notat

263 4067 634 4127 Gregorius.

326 4089 374 4126 ’8
425 4089 634 4127 01⁵1115.

326 4089 423 4208 Eg
444 4149 593 4226 ipso
624 4146 922 4206 discimus
952 4146 1390 4207 Maximimum
1422 4147 1762 4208 erudeliori
1792 4148 2091 4208 adversus
2145 4147 2532 4209 Christianos
2580 4148 3017 4227 persecutione
3065 4152 3444 4226 grassatum,
3479 4167 3672 4228 quam

261 4246 716 4315 Dioletianum,
750 4252 811 4304 et
850 4244 988 4323 ejus
1017 4264 1441 4305 successorem
1489 4246 1964 4306 Maximianum.
2000 4245 2075 4326 (z')
2106 4270 2133 4301 ‹‹
2170 4247 2525 4306 Persecutio
2578 4252 2733 4319 erat,
2767 4252 2829 4305 et
2877 4246 3129 4325 quidem
3173 4248 3681 4325 persecutionum

261 4342 545 4401 omnium
596 4340 1016 4411 atrocissima,
1054 4342 1452 4421 maximeque
1495 4342 1829 4402 horrenda.
1877 4342 1957 4401 lis
2002 4342 2253 4420 loquor,
2290 4342 2517 4422 quibus
2565 4342 2890 4403 Maximini
2935 4342 3290 4421 persecutio
3348 4348 3500 4405 nota
3547 4348 3684 4419 est;

265 4440 385 4517 qui,
422 4457 571 4500 cum
605 4439 1025 4518 postmultos,
1061 4439 1169 4517 qui
1226 4440 1417 4517 paulo
1474 4446 1619 4500 ante
1673 4441 2063 4514 exstiterant,
2096 4440 2454 4519 ingruisset,
2490 4440 2611 4501 hoc
2669 4441 2894 4514 eﬂ‘ecit,
2929 4446 2997 4501 ut
3043 4459 3261 4502 omnes
3316 4442 3583 4504 humani
3612 4461 3686 4504 ac

264 4537 471 4598 faciles
502 4536 692 4597 fuisse
720 4537 1110 4598 viderentur.
1146 4560 1176 4593 »
1212 4538 1590 4598 Prwclaram
1622 4536 1787 4598 hanc
1817 4556 2034 4599 vocem
2067 4539 2299 4600 dictam
2322 4539 2570 4599 referta
2598 4538 2995 4601 Constantini
3032 4539 3244 4618 Magni
3274 4544 3454 4618 patre
3483 4543 3682 4601 Cons—

264 4636 485 4709 tantio,
519 4635 802 4715 principe
837 4634 1103 4715 optimo,
1140 4635 1247 4715 qui
1278 4652 1418 4696 cum
1451 4636 1530 4697 ad
1560 4636 2058 4715 persecutionem
2090 4635 2460 4698 Christianis
2489 4636 2864 4699 movendam
2896 4636 2995 4698 his
3046 4637 3251 4698 verbis
3295 4638 3460 4699 inter
3489 4637 3616 4699 alia
3645 4656 3684 4698 a

268 4732 575 4795 malevolo
604 4733 1046 4814 impelleretur
1076 4732 1162 4814 (λ’)
1189 4750 1203 4792 :

985 4865 1175 4955 Έίηῖῆς
1207 4864 1470 4955 μξὶὲσσῖης
1497 4866 1637 4952 ira“
1668 4866 2015 4955 ἡμερφτερον
2052 4884 2065 4934 ς

983 4933 1141 4992 Ἀλλ’
1170 4933 1283 4993 οὐδ’
1316 4933 1492 5007 ἐκείνη
1524 4942 1632 4993 τῶν
1664 4933 1989 5014 τρυῨώντὼν
2025 4933 2277 5015 φείδεται·

982 5045 1164 5100 Estne
1192 5045 1412 5117 animal
1438 5061 1545 5117 ape
1575 5046 1780 5101 mitius
1799 5045 1828 5100 ?

984 5117 1097 5173 Sed
1127 5132 1232 5173 nec
1260 5116 1362 5173 illa
1387 5116 1549 5173 favos
1580 5116 1984 5175 auferentibus
2013 5117 2237 5189 parcit;

350 5290 389 5325 ”
413 5291 663 5367 Philipp.
698 5311 777 5365 1v,
808 5295 867 5349 9.

349 5441 418 5584 Ea)
442 5445 533 5501 Or.
566 5447 620 5513 4,
655 5463 715 5503 n.
746 5445 843 5503 49.

374 5514 418 5584 b)
448 5516 508 5571 In
540 5518 682 5574 edit.
717 5516 881 5584 Bill.,
912 5520 957 5572 t.
981 5516 1052 5584 II,
1083 5531 1217 5584 pag.
1249 5517 1375 5584 222,
1398 5518 1524 5575 223.

2106 5446 2171 5584 Si)
2202 5445 2299 5503 Or.
2330 5446 2421 5509 24.
2454 5463 2512 5503 n.
2549 5448 2635 5502 10.

1038 5560 1052 5584 ,
1083 5531 1217 5584 pag.
1249 5517 1375 5584 222,
1398 5518 1524 5575 223.
2130 5518 2185 5584 g)
2218 5517 2312 5573 Or.
2345 5519 2399 5584 6,
2433 5535 2493 5575 n.
2528 5519 2615 5575 18.

374 5514 418 5655 b;
448 5516 508 5571 In
540 5518 682 5574 edit.
717 5516 881 5585 Bill.,
912 5520 957 5572 t.
981 5516 1052 5588 II,
1083 5531 1217 5591 pag.
1249 5517 1375 5591 222,
1398 5518 1524 5575 223.
2218 5517 2312 5573 Or.
2345 5519 2399 5587 6,
2433 5535 2493 5575 n.
2528 5519 2615 5575 18.

375 5602 400 5639 c
445 5591 535 5643 0r.
569 5591 654 5655 14,
687 5607 749 5647 n.
786 5590 840 5644 4.
2129 5591 2162 5643 h
2216 5594 2279 5645 In
2305 5604 2424 5655 cap.
2448 5608 2467 5645 1
2492 5590 2615 5655 Sep}

354 5584 418 5662 (ε)
445 5591 535 5662 Qr.
569 5591 654 5658 14,
687 5607 749 5647 n.
786 5590 840 5644 4.
870 5584 874 5585 ί
1038 5584 1047 5588 ⁷
1084 5584 1104 5589 ”
1162 5584 1193 5591 ⁷
1359 5584 1371 5591 ’
2105 5584 2183 5662 (ἦ)
2216 5594 2279 5662 [n
2305 5584 2424 5657 cap.
2448 5608 2467 5645 1
2492 5590 2752 5660 Sophon.,
2775 5589 2873 5661 III,
2905 5606 2963 5662 p.
2994 5587 3154 5647 1655.

355 5657 423 5731 (di
452 5659 542 5716 Or.
578 5664 667 5730 14,
700 5680 764 5717 n.
798 5661 894 5715 24.

2107 5657 2173 5731 (ἰ)
2205 5661 2298 5715 Or.
2333 5662 2421 5731 43,
2454 5680 2513 5717 n.
2543 5657 2595 5718 5.

353 5728 418 5799 (ε)
445 5734 631 5793 Carm.
653 5728 749 5791 De
772 5747 947 5806 prave.
980 5732 1052 5789 ad
1078 5735 1338 5804 virgines.
2108 5728 2180 5803 (7')
2208 5728 2552 5790 Carm.'adv.
2584 5750 2754 5790 zram.
