4052 6276
347 322 463 382 147

347 453 751 518 Constantius
778 456 1140 538 respondit:

1092 613 1217 688 ῌῶς
1247 608 1548 688 regnumne,
1661 611 1910 688 ﬂauere
1936 613 2020 688 ob,

1685 327 1870 390 VITA
1918 330 1981 390 S.
2032 329 2430 392 GHEGORII.

3630 343 3738 404 “8

1092 681 1326 760 '94‘063'
1358 681 1777 760 ἐκείγῄκξνέρον
1809 686 1946 739 ἐστὶν
1979 681 2216 760 ἀσφαλές
2250 704 2264 754 ;

1093 754 1242 810 [laici
1281 757 1398 828 μὲν,
1430 754 1563 824 αὐἐή
1599 754 1643 810 δ’
1677 754 1871 820 ἐὺοέως
1903 754 2230 813 ἀπόλλυται.

1091 900 1178 982 [λη
1210 904 1265 982 te
1298 899 1468 982 fugit,
1502 899 1588 954 vir
1617 901 1856 982 optime,

1097 971 1264 1044 Quod
1301 972 1490 1044 ipsius
1523 972 1762 1027 aculeus
1795 972 2048 1044 periculo
2083 991 2194 1027 non
2229 977 2438 1029 vacat?

1100 1043 1227 1114 Ipse
1261 1043 1496 1114 quidem
1530 1045 1756 1115 pungit,
1791 1043 1888 1099 Sed
1922 1043 2023 1099 illa
2055 1046 2252 1100 statim
2280 1046 2546 1100 moritur.

349 1262 625 1322 Plurima
658 1263 732 1322 de
764 1263 1127 1324 Constantio
1159 1263 1501 1324 honorifice
1534 1267 1871 1343 praedicat;
1921 1267 2365 1346 imperatorem
2402 1267 2770 1347 piissimum,
2807 1271 3037 1332 Christi
3087 1272 3610 1349 amantissimum,
3647 1275 3748 1354 qui

350 1363 478 1420 Deo
509 1360 847 1438 adjunctus
877 1361 975 1433 sit,
1012 1361 1118 1439 qui
1154 1361 1422 1421 caelestis
1452 1361 1665 1440 glorim
1714 1363 2146 1425 hiercditatem
2205 1366 2538 1444 acceperit,
2573 1366 2682 1446 qui
2727 1369 3000 1428 moriens
3050 1369 3386 1448 imperium
3433 1391 3574 1431 cum
3623 1391 3748 1433 me-

352 1457 503 1518 liore
537 1459 962 1518 commutarit.
999 1461 1128 1518 Non
1181 1459 1317 1519 hinc
1354 1460 1645 1532 Hilarius,
1684 1481 1804 1521 non
1852 1462 1991 1522 haec
2020 1463 2420 1535 Athanasius,
2459 1483 2582 1524 non
2631 1464 3090 1540 Tlieodoretus,
3145 1467 3376 1547 aliique
3426 1470 3750 1548 scriptores

350 1555 775 1615 ecclesiastici.
809 1557 928 1615 Sed
957 1556 1088 1633 jam
1117 1558 1178 1616 in
1213 1558 1564 1635 Praeloquio
1597 1559 1671 1618 ad
1707 1561 2056 1620 orationem
2089 1567 2380 1639 quartam
2405 1562 2540 1623 hac
2570 1563 2904 1642 diligenter
2932 1583 3196 1626 excussa
3228 1572 3397 1628 sunt.
3427 1568 3746 1642 Monitum,

349 1653 400 1712 si
432 1654 598 1727 velit,
637 1654 822 1715 adeat
852 1655 1048 1715 lector
1082 1673 1094 1726 ;
1131 1655 1309 1714 nobis
1340 1656 1526 1716 semel
1561 1655 1726 1716 dicta
1750 1659 2128 1719 retractandi
2158 1660 2353 1720 otium
2380 1680 2505 1721 non
2565 1667 2696 1735 est;
2759 1662 2909 1740 quin
2970 1664 3161 1724 etiam
3221 1683 3366 1726 cum
3426 1667 3750 1728 voluminis

350 1757 481 1812 tum
516 1753 814 1831 temporis
843 1753 1146 1832 augustiee
1179 1772 1292 1813 nos
1321 1760 1554 1832 cogunt
1586 1761 1648 1815 ut
1678 1756 1984 1834 praefandi
2014 1758 2349 1820 terminum
2384 1760 2486 1821 hic
2517 1760 2768 1820 tandem
2802 1759 3170 1822 habeamus.

1828 2061 1895 2062 ,,,
1918 2061 2037 2063 ήγή
2213 2061 3223 2070 __—_.______

1804 2366 2006 2525 Vl
2037 2367 2301 2522 TA

836 2709 1411 2843 SANCTI
1509 2711 2307 2848 GBEGOBII
2409 2717 3266 2852 THEOLOGI

1096 3000 1600 3092 EPISCOPI
1676 3003 3007 3096 CONS'l‘ANTINOPOLITANI

1351 3258 1428 3304 EX
1469 3256 1655 3304 IPSIUS
1699 3255 2068 3303 POTISSIMUM
2112 3256 2374 3303 SCRIPTIS
2415 3257 2761 3305 ADORNATA.

409 3623 724 3698 Gregorius
743 3623 1165 3692 Nazianzenus,
1228 3623 1327 3696 qui
1386 3625 1457 3679 ab
1514 3624 1726 3681 eximia
1784 3639 1978 3681 rerum
2012 3624 2063 3691 Α
2099 3624 2505 3680 suburbanum
2542 3624 2822 3681 Nazianzo
2859 3625 3081 3680 censeri
3127 3629 3338 3697 putant
3374 3643 3385 3681 :
3415 3627 3590 3698 idque
3633 3624 3763 3679 inde

332 3716 664 3770 divinarum
695 3714 940 3769 scientia
971 3713 1227 3782 Thcblogi
1259 3730 1470 3769 nomen
1505 3715 1666 3770 solus
1692 3719 1822 3786 post
1851 3731 1987 3786 apo-

333 3805 547 3860 stolum
579 3803 868 3859 Joannem
911 3803 1153 3872 invenit,
1207 3802 1358 3874 quis,
1411 3805 1603 3874 qualis
1648 3810 1704 3859 et
1735 3809 1989 3876 quantus

336 3894 746 3962 fuerit,omnes
777 3909 894 3946 uno
921 3909 1019 3947 ore
1039 3891 1219 3947 Graeci
1253 3897 1311 3947 et
1341 3893 1530 3947 Latini
1551 3892 1806 3948 melioris
1839 3896 1989 3946 notae

337 3983 649 4054 scriptores
700 3980 1082 4037 ecclesiastici
1145 3982 1736 4038 honoriﬁcentissime
1791 3982 1991 4036 testati

340 4074 480 4126 sunt
505 4087 526 4132 ;
554 4069 828 4142 pauciora
857 4073 1055 4124 tamen
1088 4070 1158 4126 de
1180 4071 1308 4141 ejus
1340 4070 1458 4126 vita
1490 4072 1782 4142 rebusque
1812 4070 1993 4142 gestis

341 4158 554 4215 litteris
588 4159 962 4213 mandarunt.
999 4161 1217 4213 Verum
1249 4158 1374 4231 ipse
1406 4160 1718 4231 Gregorius
1761 4161 1991 4230 proprio

343 4247 566 4304 calamo
599 4246 1046 4318 supplevit,tum
1075 4247 1131 4302 in
1164 4249 1384 4320 prolixo
1403 4253 1458 4304 et
1490 4250 1720 4321 egregio
1737 4249 1996 4305 carmine

343 4336 498 4408 quod
531 4336 602 4391 de
634 4336 758 4390 suis
774 4336 948 4391 rebus
977 4336 1102 4408 ipse
1135 4337 1525 4409 scripsit,tum
1557 4337 1733 4393 variis
1757 4337 1993 4408 inlocis,

344 4443 446 4481 seu
471 4423 798 4480 carminum
833 4430 1196 4492 casterorum,
1231 4442 1333 4481 seu
1360 4426 1688 4480 orationum
1704 4430 1759 4481 et
1776 4427 1995 4498 epist0~

343 4515 557 4582 larum,
590 4512 649 4566 in
683 4513 900 4584 quibus
933 4512 1185 4584 plurima
1216 4515 1287 4569 de
1335 4514 1525 4586 seipso
1559 4521 1996 4571 commemorat.

350 4607 536 4670 Quare
568 4601 785 4673 scripta
815 4603 1094 4675 Gregorii,
1125 4602 1268 4658 Vitae
1291 4603 1501 4675 ipsius,
1537 4621 1602 4658 ac
1634 4621 1836 4659 eorum
1871 4623 2000 4676 quae

351 4693 422 4747 de
452 4692 579 4762 ipso
609 4690 948 4762 scribimus,
981 4691 1141 4748 basis
1171 4696 1311 4749 sunt
1361 4709 1426 4748 ac
1458 4693 1925 4748 fundamentum.

357 4798 398 4852 Ι.
433 4794 682 4867 Gregorii
733 4800 969 4869 patria:
1029 4815 1104 4855 an
1175 4801 1543 4872 Nazianzum,
1598 4818 1673 4856 an
1731 4802 2004 4858 Arz'anzus

1078 4889 1272 4944 pagus.

2103 3714 2402 3785 colligunt,
2437 3715 2612 3785 quod,
2653 3731 2784 3769 cum
2847 3731 2914 3769 ea
2975 3715 3132 3785 regio
3190 3716 3482 3784 grandine
3541 3717 3764 3770 vastata

2100 3803 2334 3868 fuisset,
2367 3804 2764 3858 Nazianzcnos
2797 3804 2867 3858 ad
2925 3804 3329 3875 pmnitentiam
3376 3805 3651 3860 hortatus
3688 3801 3763 3857 sit

2101 3893 2434 3964 Gregorius,
2470 3897 2534 3947 ut
2565 3909 2711 3964 quos
2743 3909 2809 3946 ea
2835 3891 3136 3947 calamitas
3173 3893 3418 3964 propius
3447 3895 3758 3965 spectaret.

2102 3982 2165 4036 1d
2200 3983 2480 4036 haustum
2514 3987 2601 4036 est
2640 3999 2705 4036 ex
2737 3981 3046 4036 collatione
3078 3983 3113 4034 5
3145 3981 3363 4053 Synodi
3397 4001 3450 4048 v,
3507 3983 3608 4038 ubi
3652 3983 3760 4036 Eu-

2105 4070 2385 4142 phrantas
2441 4072 2752 4142 episcopus
2809 4070 3172 4142 Thyancnsis
3217 4070 3344 4126 ait:
3395 4095 3424 4121 ‹‹
3485 4072 3764 4126 Ariauzus

2107 4160 2345 4231 quidem
2380 4160 2663 4232 praedium
2696 4161 2966 4229 cst,unde
2987 4164 3150 4214 ortus
3184 4159 3764 4232 fuitGrcgorius,suh

2107 4249 2392 4304 Nazianzo
2425 4250 2778 4305 constitutus
2809 4249 2903 4319 (ὑ).
2941 4271 2968 4298 ››
2992 4248 3365 4304 Bollandistre
3387 4252 3630 4306 aiuntse
3654 4265 3767 4304 non

2106 4338 2431 4411 intelligere
2467 4359 2492 4390 α
2524 4356 2627 4394 cur
2657 4338 2776 4393 haec
2792 4338 3039 4392 debeant
3055 4337 3125 4392 ad
3158 4337 3526 4395 nativitatem
3547 4337 3765 4403 referri,

2108 4443 2240 4481 cum
2275 4427 2549 4495 sufficiat,
2582 4428 2630 4482 si
2683 4443 2749 4481 ex
2805 4425 2903 4481 illo
2959 4443 3076 4480 suae
3123 4428 3522 4495 possessionis
3556 4427 3768 4499 praedio

2107 4515 2365 4588 Gregorii
2399 4521 2580 4587 pater,
2632 4520 2732 4570 aut
2762 4532 2924 4581 avus,
2974 4515 3033 4570 in
3093 4515 3286 4586 ipsam
3342 4517 3768 4572 Nazianzenum

2110 4606 2404 4661 civitatem
2421 4605 2711 4677 migravit,
2737 4603 2933 4676 ibique
2953 4603 3295 4675 Gregorium
3317 4605 3511 4661 ﬁlium
3547 4605 3772 4678 peperit

2113 4701 2320 4751 mater.
2353 4718 2374 4744 ι
2413 4694 2691 4750 Praeterea
2721 4694 3000 4764 inquiunt
3033 4709 3046 4749 :
3087 4713 3113 4746 α
3143 4693 3432 4751 Arianzus
3475 4713 3594 4750 non
3630 4711 3770 4764 prae-

2113 4785 2272 4840 dium
2309 4785 2490 4839 fuisse
2519 4783 2768 4852 videtur,
2804 4784 2904 4838 sed
2952 4799 3160 4856 pagus,
3212 4782 3272 4837 in
3305 4800 3422 4855 quo
3483 4784 3770 4857 praedium

2113 4873 2320 4928 habuit
2350 4871 2666 4944 Gregorius
2697 4888 2730 4926 a
2761 4871 3016 4942 quodam
3043 4870 3304 4943 Rhegino
3328 4877 3607 4944 emptum.
3627 4895 3654 4921 ››
3676 4877 3772 4928 Le-

431 4956 783 5013 Nazianzum
807 4960 1177 5032 Cappadociae
1207 4962 1523 5029 civitatem,
1556 4962 1712 5017 haud
1746 4963 1945 5034 procul
1972 4981 2004 5019 a
2041 5001 2086 5064 Β
2115 4963 2276 5017 viora
2296 4961 2414 5015 haec
2441 4965 2580 5017 sunt
2609 4977 2786 5031 quam
2816 4963 2880 5016 ut
2911 4959 2985 5016 iis
3017 4959 3646 5017 immoremurdiutius
3673 4981 3684 5029 ;
3712 4978 3775 5017 ac

359 5045 641 5114 Caesarea,
667 5047 726 5101 in
757 5049 928 5119 cujus
961 5049 1193 5106 dioecesi
1223 5055 1365 5118 erat,
1427 5051 1687 5124 Gregorii
1748 5069 1874 5107 esse
1909 5071 2007 5124 pa-

360 5133 554 5201 triam,
588 5135 834 5207 indeque
881 5138 1307 5196 Nazianzenum
1360 5159 1495 5197 eum
1547 5141 1768 5196 dictum
1829 5143 2010 5199 fuisse

360 5222 622 5294 plerique
653 5227 1012 5283 existimant.
1058 5229 1208 5284 Sunt
1265 5234 1463 5285 tamen
1521 5231 1618 5301 qui
1674 5247 1829 5296 eum,
1894 5249 2006 5286 non

361 5310 652 5378 Nazianzi,
686 5316 785 5369 sed
819 5317 1050 5372 Arianzi
1075 5323 1281 5374 natum
1309 5319 1685 5389 arbitrantur,
1727 5322 2007 5376 Arianzus

360 5404 557 5456 autem
591 5419 776 5474 pagus
806 5411 930 5461 erat
958 5406 1018 5461 in
1047 5410 1280 5480 regione
1326 5409 1598 5466 Tiberina
1628 5413 1799 5477 situs,
1833 5428 2004 5483 quem

363 5487 691 5546 doctissimi
713 5491 1121 5553 Tillemontius
1143 5501 1200 5553 et
1219 5499 1604 5557 Gothofredus
1633 5501 2008 5559 Hermantius

443 5648 519 5722 (b)
539 5649 574 5702 9
604 5649 760 5722 Maii,
781 5654 976 5724 p.276.

2118 5068 2325 5122 parum
2360 5050 2619 5120 interest,
2646 5053 2898 5105 natusne
2928 5050 3007 5104 sit
3035 5050 3347 5122 Gregorius
3373 5051 3671 5118 Nazianzi,
3703 5068 3774 5105 an

2117 5141 2344 5195 Arianzi
2383 5157 2394 5206 ;
2431 5140 2682 5194 maxime
2704 5155 2838 5194 cum
2889 5144 3117 5195 constet
3171 5140 3486 5196 Arianzum
3519 5141 3777 5196 vicinum

2121 5230 2299 5285 fuisse
2326 5230 2632 5284 Nazianzo.

2217 5320 2286 5374 Il.
2321 5321 2461 5374 Mala
2489 5327 2727 5374 veterum
2756 5318 2821 5374 de
2853 5318 3204 5390 Cappadociae
3230 5320 3427 5374 incolis
3459 5322 3668 5392 opinio.

2193 5409 2447 5463 Patriam
2479 5407 2748 5481 igitur,ut
2778 5407 2858 5463 ait
2889 5409 3199 5480 Gregorius
3221 5409 3534 5480 presbyter
3558 5411 3617 5464 in
3648 5410 3778 5480 ejus

2127 5499 2265 5568 Vita,
2289 5498 2609 5553 secundam
2668 5499 3075 5570 Cappadocum
3117 5498 3480 5570 provinciam
3548 5497 3776 5566 habuit,
