4052 6276
118 2499 151 2519 ν..

228 338 337 402 149

1578 343 1765 403 VlTA
1811 343 1876 403 S.
1926 341 2325 402 GltEGORII.

3541 339 3660 401 150

229 472 432 529 urbem
478 472 866 530 Nazianzum.
917 478 1094 531 Juvat
1154 476 1461 533 observare
1515 473 1892 542 Nazianzum,
1924 476 1977 543 Α
2008 472 2225 528 ﬁnibus
2255 471 2666 545 prmluxerunt,
2702 464 3153 542 δαδουχήσαντες.
3196 488 3225 519 »
3258 468 3481 535 Quibus
3518 485 3658 527 ver-

227 568 285 619 ut
312 580 382 618 ex
416 563 969 637 Hieronymo,libro
1002 570 1084 621 De
1115 566 1475 637 scriptoribus
1494 566 1895 634 ecclesiasticis,

2009 564 2100 619 bis
2124 580 2239 619 non
2271 561 2416 617 alios
2448 565 2603 617 certe
2634 576 2812 633 quam
2871 558 3215 631 Gregorium
3256 575 3661 634 magnumque

228 658 275 709 et
303 670 371 707 ex
406 653 694 725 Gregorio
730 654 1131 728 discimus(a),
1164 655 1513 727 appellatam
1546 654 1683 710 olim
1715 654 1899 711 fuisse
2008 652 2286 709 Basilium
2317 650 2649 723 signiﬁcare
2671 648 2851 705 voluit
2884 649 3170 717 Isidorus,
3194 653 3259 704 ut
3316 653 3373 704 et
3420 650 3550 706 istis
3597 650 3658 708 in

228 741 676 797 Diocaasaream.
724 742 909 799 Parva
938 745 1177 816 quidem
1230 745 1371 799 urbs
1402 749 1460 800 et
1491 745 1755 816 sbscura,
1787 744 1898 800 Na-

224 831 521 899 ziauzum,
551 831 718 887 nullo
750 832 810 887 in
837 833 1079 902 honore,
1110 832 1228 889 imo
1261 834 1560 890 communi
1610 851 1745 890 cum
1785 851 1893 889 cae-

2006 742 2253 814 epistola
2272 757 2453 797 eccm
2477 741 2546 811 (ε)
2581 757 2593 794 :
2629 762 2656 789 ‹‹
2693 741 2808 811 Ego
2848 754 2980 794 vero
3013 742 3245 795 sanctos
3276 738 3409 795 illos
3441 755 3472 794 e
3514 743 3654 812 Cap-

2003 831 2249 904 padocia
2273 830 2565 886 exstitisse
2595 829 2901 885 assentior.
2921 830 3109 900 Atque
3134 828 3243 884 hoc
3275 828 3651 901 potissimum

226 919 362 975 mris
394 921 853 992 Cappadocibus
885 922 1126 978 infamia
1147 921 1441 979 laborans.
1476 923 1705 995 Ubique
1735 924 1892 978 enim
2002 919 2252 975 istorum
2308 917 2703 990 improbitatis
2752 920 3166 988 argumentum
3205 923 3331 985 est;
3361 939 3389 968 »
3439 934 3649 991 nempe

227 1012 522 1064 terrarum
558 1010 810 1076 pessime
842 1011 1157 1068 audiebant
1173 1013 1540 1084 Cappadoces
1566 1030 1578 1068 :
1600 1029 1701 1068 nec
1733 1012 1891 1068 ullus
2000 1008 2429 1082 Cappadocum,
2462 1022 2712 1079 quorum
2743 1022 2934 1063 mores
2971 1004 3193 1078 indigni
3218 1010 3479 1064 veterum
3509 1025 3644 1067 san-

226 1104 313 1154 est
344 1099 620 1169 scriptor,
657 1100 777 1155 sive
807 1117 837 1155 e
876 1102 1111 1171 nostris,
1170 1102 1290 1158 sive
1350 1119 1419 1158 ex
1472 1103 1754 1174 profanis,
1788 1092 1891 1174 qui
2000 1103 2226 1155 ctorum
2259 1098 2496 1153 Patrum
2526 1096 2739 1151 virtute
2768 1100 2908 1151 tunc
2939 1095 3420 1152 decantabantur.

224 1204 321 1243 eos
353 1188 636 1244 conviciis
663 1206 775 1244 non
808 1189 1063 1246 lacescat
1094 1208 1107 1259 ;
1141 1208 1268 1263 quas
1327 1192 1503 1248 etiam
1562 1192 1886 1265 proverbio,

225 1276 438 1332 melius
490 1277 760 1346 dixerim,
809 1281 987 1335 veteri
1038 1277 1354 1354 σαρκάσμῳ,
1414 1279 1538 1356 τρία
1594 1287 1725 1335 KKK
1787 1281 1886 1335 κά-

2069 1188 2380 1261 Gregorius
2412 1190 2606 1242 tamen
2635 1184 3011 1257 Cappadocia:
3043 1202 3160 1240 non
3198 1184 3490 1242 illibenter
3518 1204 3645 1243 me-

1996 1279 2191 1348 minit,
2214 1280 2552 1349 eamque,ut
2580 1291 2708 1331 sese
2740 1276 2841 1331 dat
2871 1274 3120 1346 occasio,
3152 1273 3431 1332 laudibus
3481 1277 3646 1333 effert

220 1384 391 1433 κιπα,
428 1366 873 1423 increbuerunt.
908 1368 1101 1423 Unum
1132 1370 1284 1425 inter
1317 1370 1533 1426 multos
1574 1371 1885 1426 audiamus
1993 1368 2075 1424 De
2105 1363 3643 1440 GeorgioCappadoce,quiAthanasioinfensissimum

220 1454 519 1510 Isidorum
551 1456 626 1510 de
656 1455 1100 1528 Cappadocibus
1156 1458 1487 1529 loquentem
1520 1460 1597 1533 (b)
1629 1478 1642 1515 :
1680 1482 1707 1510 ‹‹
1733 1460 1882 1516 Sub-

220 1543 349 1598 dola
370 1547 553 1615 atque
582 1545 852 1616 improba
882 1563 1095 1619 magna
1120 1565 1188 1602 ex
1219 1553 1384 1619 parte
1413 1548 1533 1605 hac
1568 1549 1726 1605 natio
1772 1554 1875 1605 est.

220 1636 359 1687 Pace
390 1633 734 1702 offenditur,
770 1635 1244 1692 contentionibus
1277 1654 1341 1693 ac
1373 1638 1637 1693 dissidiis
1683 1638 1877 1706 alitur,

220 1722 619 1793 eamdemque
651 1723 839 1779 dulcis
870 1728 927 1779 et
956 1726 1140 1781 amari
1173 1727 1393 1781 fontem
1426 1727 1621 1783 habet.
1651 1732 1714 1782 In
1743 1745 1880 1784 con-

219 1827 423 1882 gressu
463 1810 680 1867 blande
709 1829 777 1867 ac
810 1813 1061 1885 benigne
1090 1814 1369 1886 loquitur,
1406 1817 1465 1871 in
1485 1817 1753 1873 absentia
1774 1818 1875 1872 ob-

219 1904 445 1955 trectat.
484 1899 791 1957 Fallaxest
845 1902 1181 1974 impudens,
1238 1905 1571 1974 temeraria,
1624 1908 1869 1962 meticu-

217 1987 355 2054 losa,
407 1988 760 2057 cavillatrix,
827 1990 1152 2060 illiberalis,
1200 1997 1455 2062 versuta,
1520 1995 1865 2064 inhumana,

212 2079 467 2150 superba
499 2083 557 2134 et
578 2085 917 2149 contumax,
949 2081 1008 2137 in
1041 2082 1314 2139 secundis
1346 2083 1671 2140 amicorum
1694 2084 1868 2141 rebus

209 2172 433 2238 maesta,
469 2167 534 2222 in
566 2167 829 2225 adversis
858 2169 988 2226 laeta
1018 2176 1075 2226 et
1096 2170 1465 2229 insatiabilis.
1494 2174 1612 2229 Sub
1635 2173 1867 2246 pietatis

205 2255 358 2311 larva
394 2255 787 2313 mulierculas
832 2259 891 2314 in
943 2260 1337 2332 captivitatem
1397 2262 1628 2334 redigit,
1690 2267 1866 2334 atque

206 2348 407 2404 insano
425 2348 563 2403 auri
614 2364 811 2404 amore
856 2350 1237 2423 Babylonium
1276 2356 1532 2425 superat.
1572 2353 1657 2409 Ad
1708 2370 1866 2410 men-

212 2438 478 2495 tiendum
511 2438 790 2511 proclivis
846 2444 954 2510 est,
1011 2443 1082 2497 ad
1130 2443 1510 2515 peierandum
1567 2444 1735 2501 celer.
1783 2448 1863 2504 Ac

205 2530 453 2603 denique
474 2528 714 2601 qualem
744 2531 928 2588 habes
958 2532 1463 2605 improbissimum
1510 2552 1576 2592 ac
1619 2554 1861 2608 prorsus

201 2635 443 2677 exosum
478 2622 842 2694 gigantium,
884 2623 1031 2682 tales
1074 2642 1277 2682 omnes
1320 2629 1687 2700 Cappadoces
1732 2646 1861 2685 esse

194 2711 491 2781 existima,
520 2728 588 2766 ac
612 2729 717 2783 pro
748 2718 907 2768 certo
960 2713 1108 2770 habe
1160 2717 1300 2782 (0)...
1351 2716 1499 2780 Quid
1558 2717 1664 2772 tibi
1722 2735 1857 2775 cum

190 2816 403 2871 genere
434 2799 722 2857 belluinis
753 2803 1016 2859 moribus
1039 2805 1321 2874 przsdito?
1364 2806 1512 2870 Quid
1567 2807 1669 2861 tibi
1722 2825 1857 2863 cum

192 2890 445 2946 barbara
476 2890 717 2946 natione
737 2891 765 2944 ‘2
786 2892 933 2955 Quid
964 2896 1018 2948 te
1045 2909 1178 2948 cum
1210 2893 1567 2965 ignobilibus
1606 2898 1854 2951 commi-

194 2979 366 3034 sces?
398 2979 550 3043 Quid
584 2996 721 3034 eum
754 2980 1193 3053 Cappadocibus
1226 2983 1516 3039 collideris
1536 2984 1653 3041 ?....
1707 2986 1854 3051 Quid

204 3070 357 3121 tuam
388 3067 587 3138 ipsius
617 3068 1111 3127 existimationem
1134 3073 1549 3145 commacules,
1573 3090 1706 3130 cum
1738 3074 1852 3131 illis

208 3157 615 3227 teconferens,
669 3159 886 3229 quibus
922 3177 1027 3217 nec
1066 3166 1131 3217 ut
1182 3163 1489 3235 mancipiis
1536 3164 1851 3237 quisquam

1993 1475 2055 1514 se
2084 1458 2430 1530 praebuerat,
2462 1456 2634 1511 verba
2667 1453 2903 1523 faciens,
2955 1452 3038 1509 sic
3094 1454 3175 1508 ait
3199 1454 3300 1525 (0;
3367 1476 3395 1504 ‹‹
3451 1456 3642 1527 Atque

1990 1548 2086 1603 hic
2118 1546 2262 1603 mihi
2307 1544 2723 1601 charissimum
2768 1542 2981 1609 solum,
3044 1541 3317 1614 patriam,
3372 1543 3636 1614 inquam,

1992 1654 2204 1707 meam,
2238 1635 2396 1691 omni
2438 1633 2678 1690 crimine
2721 1631 2977 1688 solutam
3028 1631 3239 1686 velim:
3290 1631 3636 1703 improbitas

1987 1727 2165 1797 enim,
2199 1743 2311 1781 non
2346 1723 2565 1796 patriae,
2618 1723 2719 1778 sed
2763 1721 2855 1786 iis,
2906 1721 3006 1792 qui
3066 1720 3247 1775 animi
3296 1720 3636 1779 inductione

1988 1817 2175 1887 ipsam
2208 1814 2526 1887 elegerunt,
2553 1811 2909 1883 assignanda
2938 1813 3049 1866 est.
3093 1810 3200 1865 Illa
3246 1810 3404 1866 enim
3443 1828 3629 1881 sacra,

1981 1911 2037 1962 et
2066 1905 2222 1977 apud
2253 1919 2455 1959 omnes
2480 1901 2706 1973 pietatis
2737 1900 2909 1955 laude
2938 1898 3095 1955 clara
3118 1903 3175 1955 et
3194 1898 3442 1956 illustris
3465 1904 3575 1957 est.
3603 1924 3630 1952 ››

1980 1994 2132 2049 Alibi
2156 1994 2231 2066 (g)
2262 1991 2684 2066 Cappadociam
2724 1989 3114 2045 venerandam
3173 1989 3426 2061 patriam
3456 2006 3628 2045 suam

1977 2087 2162 2152 vocat,
2196 2100 2301 2139 nec
2324 2082 2522 2137 minus
2542 2082 2849 2152 juvenum,
2876 2095 3053 2150 quam
3086 2093 3371 2150 equorum
3414 2079 3628 2135 bonam

1976 2173 2284 2229 nutricem.
2315 2174 2383 2226 Et
2424 2170 2485 2226 in
2536 2171 2651 2225 ﬁne
2696 2168 2978 2225 carminis
3036 2168 3108 2225 ad
3159 2167 3496 2225 Nemesium
3526 2168 3628 2241 (4),

1976 2285 2003 2314 ‹‹
2039 2263 2407 2335 Cappadoces
2436 2276 2575 2316 suos
2606 2281 2637 2309 »
2668 2258 2831 2328 dicit,
2852 2261 2909 2315 et
2928 2257 3039 2313 hoc
3052 2257 3287 2314 nomine
3303 2273 3364 2313 se
3388 2256 3627 2330 gloriari

1975 2352 2304 2425 proﬁtetur.

2433 2439 2529 2496 ΙΙΙ.
2554 2440 2816 2495 Parentes
2859 2435 3123 2509 Gregorii.

2040 2530 2383 2588 Parentibus
2405 2532 2599 2586 ortum
2618 2543 2746 2584 esse
2774 2524 3070 2582 nobilibus
3092 2523 3437 2596 Gregorium
3461 2540 3616 2581 asse-

1967 2622 2043 2677 rit
2071 2621 2200 2691 ejus
2230 2620 2376 2676 Vitas
2395 2618 2681 2690 scriptor;
2708 2616 2861 2688 quod
2895 2614 3133 2687 quidem
3181 2614 3476 2670 incertum
3530 2618 3624 2672 est

1968 2713 2039 2767 de
2070 2717 2233 2783 patre
2261 2708 2449 2782 ipsius
2472 2706 2783 2780 Gregorio;
2809 2704 2924 2760 nisi
2954 2702 3088 2776 quis
3118 2702 3255 2758 inde
3278 2702 3424 2758 illud
3455 2702 3617 2759 colli-

1966 2817 2099 2872 gere
2124 2798 2281 2867 velit,
2322 2797 2474 2869 quod
2505 2794 2815 2867 Gregorius
2848 2797 3044 2848 noster
3088 2792 3147 2847 in
3190 2791 3469 2863 oratione,
3506 2809 3625 2864 qua

1966 2889 2226 2945 defuncti
2258 2887 2441 2960 patris
2473 2885 2677 2942 laudes
2709 2883 3101 2955 prosequitur,
3138 2880 3229 2936 bis
3261 2881 3454 2938 verbis
3477 2882 3622 2938 inci-

1965 2979 2086 3051 piat
2117 2979 2221 3051 (z'):
2256 2976 2413 3032 «Ille
2444 2976 2643 3048 igitur.
2678 2977 2743 3028 ut
2781 2971 3054 3043 patriam,
3103 2987 3311 3043 genus,
3364 2971 3623 3043 corporis

1964 3070 2149 3139 dotes,
2181 3070 2488 3122 externum
2519 3062 2912 3136 splendorem,
2947 3063 3004 3117 et
3034 3058 3166 3128 alia,
3200 3060 3271 3115 ob
3330 3074 3457 3130 quas
3517 3059 3622 3116 ho-

1966 3159 2158 3214 mines
2186 3156 2494 3229 magniﬁce
2534 3154 2605 3209 de
2652 3168 2713 3209 se
2771 3150 3057 3220 sentiunt,
3115 3149 3189 3204 ad
3217 3150 3620 3205 encomiorum

214 3250 396 3300 mente
419 3246 709 3318 praeditus
741 3249 823 3303 uti
854 3249 1044 3305 velit?
1078 3273 1099 3301 »
1149 3252 1278 3307 Haec
1327 3232 1451 3308 θιῖαι
1485 3232 1854 3325 εῃ“ιίίιιιξ)ιιυω
1890 3232 1932 3299 C
1969 3247 2126 3321 leges
2158 3245 2472 3315 remitlam,
2507 3266 2529 3297 ι
2562 3246 2670 3300 etc.
2704 3240 2851 3296 Dum
2899 3236 3056 3294 enim
3096 3237 3179 3292 ait
3209 3236 3524 3310 Gregorius
3561 3254 3625 3294 se

207 3332 265 3389 de
291 3335 673 3407 Cappadocia;
696 3337 903 3395 incolis
934 3340 1149 3411 opinio,
1182 3342 1444 3414 adeoque
1472 3342 1542 3398 de
1580 3343 1856 3400 Nazianzi

206 3420 437 3492 civibus,
469 3424 690 3497 quippe
721 3443 849 3498 quae
889 3445 1026 3500 pars
1056 3431 1184 3502 ejus
1215 3434 1359 3502 erat,
1393 3433 1659 3488 secundas
1683 3433 1857 3488 nimi-

207 3527 323 3568 rum
352 3514 743 3586 Cappadociaa
770 3517 1023 3574 obscura
1051 3519 1273 3577 civitas.
1291 3521 1510 3577 Verum
1532 3539 1564 3577 a
1582 3522 1856 3595 Gregorio

208 3606 447 3657 nostro“
481 3604 627 3660 adeo
694 3605 1067 3664 nobilitata...
1125 3614 1233 3678 est,
1284 3610 1470 3667 verba
1532 3616 1673 3667 sunt
1728 3614 1857 3683 ejus

210 3689 523 3764 biograpbi,
548 3697 617 3748 ut
665 3696 822 3766 apud
874 3700 1162 3754 extremos
1183 3700 1359 3756 etiam
1388 3700 1546 3757 orbis
1564 3705 1854 3759 terrarum

212 3777 343 3835 ﬁnes
371 3787 615 3854 prepter
655 3800 791 3839 eum
824 3785 982 3843 clara
1021 3791 1197 3860 atque
1240 3788 1490 3846 illustris
1546 3792 1851 3847 exstiterit.

212 3865 391 3941 Neque
434 3871 596 3927 enim
637 3873 799 3929 Pella
846 3877 920 3931 ob
992 3876 1383 3935 Alexandrum
1428 3878 1709 3936 celebrior
1742 3885 1851 3951 est,

214 3955 405 4030 inquit,
436 3965 543 4016 aut
562 3962 749 4018 Persae
782 3969 1019 4037 propter
1045 3969 1255 4040 Cyrum
1289 3969 1360 4023 ad
1400 3972 1624 4025 tantam
1656 3970 1852 4043 gloriae

215 4046 647 4123 splendorisque
666 4054 1133 4125 magnitudinem
1156 4057 1337 4112 evecti
1362 4061 1501 4113 sunt
1524 4076 1538 4127 ;
1564 4064 1852 4130 quantum

213 4133 315 4191 haec
346 4144 585 4210 propter
617 4157 897 4215 magnum
918 4143 1263 4216 Gregorium
1286 4150 1553 4203 assecuta
1572 4152 1679 4203 est.
1710 4149 1854 4212 Quo-

215 4223 347 4281 circa
373 4229 490 4299 ipsi
514 4245 747 4301 quoque
779 4232 853 4287 ob
884 4233 1197 4291 educatum
1229 4236 1572 4309 Gregorium
1622 4239 1853 4295 abunde

216 4315 553 4379 pet-solutam
586 4334 713 4375 esse
747 4323 1079 4377 mercedem
1116 4322 1409 4395 existimo,
1460 4326 1674 4398 quippe
1724 4344 1849 4399 quae

218 4407 261 4457 et
284 4403 433 4461 Indis
466 4410 523 4462 et
553 4407 851 4466 Britannis
882 4426 952 4467 ex
982 4411 1267 4470 diametro
1297 4414 1451 4470 inter
1471 4431 1535 4471 se
1565 4416 1851 4488 appositis

222 4506 357 4562 aque
384 4494 746 4552 inclaruerit.
786 4520 816 4549 ››

1967 3353 2152 3410 genus
2190 3334 2393 3408 patris,
2426 3332 2683 3405 corporis
2714 3331 2899 3398 dotes,
2921 3333 3226 3384 externum
3248 3325 3623 3399 splendorem

1968 3428 2039 3482 ad
2067 3426 2466 3482 encomiorum
2524 3422 2681 3495 leges
2738 3419 3053 3489 remittere,
3105 3432 3299 3472 nonne
3356 3416 3618 3474 indicare

1965 3516 2194 3572 videtur
2223 3515 2333 3572 sibi
2365 3513 2479 3569 ista
2518 3512 2578 3568 in
2633 3510 2911 3567 laudibus
2959 3507 3218 3580 parentis
3276 3522 3493 3578 ponere
3551 3507 3622 3562 li-

1966 3606 2158 3661 cuisse
2182 3622 2196 3672 ;
2229 3605 2488 3674 adeoque
2516 3617 2649 3658 eum
2677 3604 2975 3673 etgenere,
2999 3601 3055 3653 et
3071 3595 3330 3668 corporis
3360 3596 3618 3664 dotibus,

1965 3699 2021 3751 et
2048 3699 2281 3750 externo
2312 3691 2641 3765 splendore,
2674 3695 2732 3746 et
2761 3688 2911 3755 aliis,
2943 3688 3015 3743 ob
3047 3702 3174 3757 quae
3206 3684 3472 3741 homines
3487 3701 3619 3741 ma-

1963 3785 2173 3858 gniﬁce
2219 3785 2289 3839 de
2327 3799 2391 3839 se
2420 3780 2700 3846 sentiunt,
2743 3774 3131 3851 przestitisse?
3162 3774 3285 3831 Nisi
3341 3773 3499 3831 enim
3540 3774 3616 3830 iis

1964 3874 2347 3948 praestitisset,
2383 3876 2577 3929 orator
2616 3873 2769 3928 certe
2821 3865 2924 3924 tali
2982 3864 3218 3922 exordio
3266 3865 3453 3921 risum
3484 3880 3615 3921 mo-

1960 3965 2164 4021 visset.

2344 4052 2436 4109 1V.
2470 4050 2708 4109 eresis
2738 4046 3237 4119 Hypsistariorum.

2036 4142 2527 4217 Hypsistariorum
2577 4142 2795 4196 sectam
2869 4133 3255 4208 proﬁtebatur
3301 4130 3614 4203 Gregorius

1960 4238 2160 4307 pater;
2195 4250 2321 4305 qua:
2352 4235 2510 4288 secta
2538 4252 2567 4279 «
2596 4230 2674 4283 Ex
2696 4224 2921 4299 gentilii
2944 4239 3157 4290 errore,
3190 4219 3384 4293 inquit
3412 4223 3612 4276 noster

1961 4322 2275 4396 Gregorius
2324 4322 2411 4394 (j),
2469 4323 2527 4375 et
2588 4316 2762 4390 legali
2816 4314 3074 4371 vanitate
3139 4311 3388 4367 conﬂata
3430 4313 3606 4379 erat;

1960 4429 2210 4486 quarum
2243 4411 2546 4480 utriusque
2571 4411 2764 4480 partes
2794 4403 3078 4476 quasdam
3110 4399 3363 4473 fugiens,
3400 4399 3609 4471 exqui-

1959 4503 2209 4558 busdam
2241 4499 2507 4573 partibus
2538 4495 2788 4553 conﬂata
2816 4497 2874 4549 et
2900 4491 3219 4547 constituta
3246 4492 3355 4545 est.
3382 4488 3608 4544 Etenim

278 4584 541 4645 Quamvis
564 4592 763 4643 autem
797 4588 1056 4647 Isidorus
1072 4594 1191 4647 tam
1221 4591 1372 4647 male
1402 4592 1473 4648 de
1494 4594 1847 4666 Cappadoci-
1878 4612 1923 4676 Β
1958 4592 2118 4648 illius
2157 4591 2394 4663 quidem
2452 4585 2769 4676 simulacra
2797 4586 2876 4676 et_
2910 4580 3196 4676 sacriﬁcia
3252 4577 3604 4676 rejieieeteﬁ:

220 4665 314 4725 bus
342 4674 587 4730 senserit
640 4680 698 4731 et
745 4677 1069 4748 scripserit,
1126 4678 1186 4734 in
1241 4681 1423 4736 altera
1476 4665 1669 4737 tamen
1727 4683 1847 4755 epi-

224 4759 354 4815 stola
378 4762 472 4835 (d),
496 4768 811 4837 postquam
838 4766 1101 4823 Priscum
1130 4770 1530 4841 Cappadocem
1584 4770 1667 4828 sic
1714 4772 1851 4828 alio-

228 4853 375 4905 cutus
396 4856 481 4909 est
508 4870 521 4908 :
559 4877 583 4904 ι
613 4854 829 4911 Vereor
858 4872 930 4911 ne
958 4860 1024 4912 tu
1054 4856 1216 4914 illius
1236 4861 1641 4931 Cappadocum
1665 4862 1848 4932 partis

230 4935 317 4999 sis,
346 4956 460 5010 quas
490 4944 652 4998 omni
683 4943 961 5000 vitiorum
1010 4962 1220 5018 genere
1250 4948 1474 5020 injuste
1502 4954 1591 5005 est
1620 4970 1634 5020 ;
1667 4972 1694 4998 ››
1726 4950 1847 5006 Ι]ωο

237 5024 368 5083 addit
394 5046 407 5084 :
444 5053 464 5080 α
498 5030 697 5089 Altera
728 5033 886 5089 enim
913 5052 1149 5092 rursum
1166 5037 1572 5109 Cappadocum
1604 5056 1740 5111 pars
1760 5043 1850 5095 est

240 5127 380 5182 quam
408 5122 648 5194 optima,
691 5125 1047 5197 πανάριστος,
1074 5142 1143 5182 ex
1199 5144 1315 5198 qua
1344 5126 1428 5182 illi
1481 5128 1845 5199 exstiterunt,

242 5202 312 5271 Qui
341 5206 452 5264 vita
484 5228 609 5267 suae
631 5229 699 5269 ac
741 5219 1165 5285 praceptorum
1204 5216 1335 5273 luce
1381 5217 1538 5273 orbis
1558 5222 1848 5275 terrarum

243 5326 368 5449 01:52]
376 5330 550 5449 rt‘lier”
582 5336 658 5392 De
675 5337 845 5408 scrip.
880 5339 1007 5394 εδει.
1041 5339 1235 5413 Greg.,
1283 5341 1384 5414 Ep.
1419 5343 1491 5399 ad
1524 5342 1745 5400 Hellen.
1775 5344 1846 5401 ad

308 5416 425 5458 VIDI).

540 5477 770 5559 Pelusi
788 5477 892 5535 lib.
926 5481 1166 5559 ILepist.
1197 5485 1322 5557 281,
1344 5502 1402 5559 p.
1437 5486 1561 5543 101.

287 5546 353 5625 ςσὶ
376 5546 535 5625 l_b‘id.,
564 5568 625 5625 p.
660 5551 921 5625 425,,Jep.
953 5546 1076 5609 35L

276 5616 356 5759 ἔα)
518 5616 587 5694 ἰ,’
602 5640 703 5697 ep.
739 5616 883 5691 158,-
903 5640 958 5695 p.
980 5626 1068 5681 64.

295 5692 339 5759 c)
358 5691 516 5759 Ibid.,
538 5714 598 5759 ι).
627 5696 759 5752 124.

295 5692 339 5762 ε)
358 5691 516 5765 Ibid.,
538 5691 598 5769 p.
627 5691 759 5752 124.

1954 4682 2151 4755 ignem
2184 4684 2240 4736 et
2262 4680 2563 4735 lucernam
2594 4674 2792 4743 colunt
2824 4670 3251 4740 :hujusautem
3281 4667 3603 4723 Sabbatum

1955 4771 2285 4843 etjejunam
2302 4766 2617 4841 quamdam
2636 4780 2670 4819 ο,
2690 4759 2992 4819 nonnullis
3008 4758 3153 4813 cibis
3177 4755 3601 4812 abstinentiam

1954 4864 2317 4927 venerantes,
2346 4852 2852 4913 circumcisionem
2895 4849 3302 4921 aspernantur.
3334 4866 3362 4897 »
3398 4846 3477 4900 Ex
3509 4843 3602 4899 bis

1958 4953 2115 5022 patet
2145 4947 2485 5021 Gregorium
2542 4960 2657 4999 non
2712 4941 2893 4997 fuisse
2923 4936 3160 4995 omnino
3208 4933 3600 4999 idololatram,

1958 5039 2226 5113 quamvis
2273 5034 2605 5109 Gregorius,
2663 5029 2921 5088 carmine
2975 5031 3055 5084 De
3086 5024 3246 5081 rebus
3279 5023 3414 5113 suis,
3447 5022 3605 5077 hunc

1959 5152 1987 5179 ‹‹
2022 5129 2130 5185 sub
2160 5126 2332 5182 idolis
2368 5148 2388 5173 ι)
2449 5123 2665 5179 vixisse
2694 5118 3013 5191 scripserit.
3051 5118 3174 5181 Qua
3203 5112 3440 5186 quidem
3470 5128 3606 5167 voce

1959 5235 2073 5275 non
2105 5218 2346 5273 deorum
2377 5217 2480 5271 aut
2536 5210 2879 5269 animalium
2926 5204 3265 5271 simulacra,
3299 5204 3363 5256 ut
3390 5200 3605 5258 Joanni

2028 5345 2097 5415 (Γ)
2117 5342 2214 5415 Qr.
2242 5341 2335 5415 2i,
2368 5339 2537 5415 n.1_4.

2088 5416 2105 5485 )
2138 5412 2232 5485 Or.
2257 5414 2346 5483 43,
2374 5428 2434 5485 n.
2461 5412 2521 5467 3.

2088 5433 2105 5485 )
2138 5433 2232 5469 ur.
2257 5433 2346 5483 ιω,
2375 5433 2433 5466 n.

2049 5433 2108 5558 ἶ)
2140 5484 2329 5558 Carm.
2360 5483 2433 5538 62

2048 5556 2206 5622 ilOr.
2240 5557 2327 5622 18,
2354 5572 2411 5610 n.
2444 5556 2501 5611 5.

2060 5560 2069 5612 ί
2111 5560 2206 5613 0r.
2240 5559 2327 5622 18,
2354 5572 2411 5610 n.
2444 5559 2481 5611 5

2060 5559 2092 5701 ii
2122 5628 2219 5684 Or.
2253 5630 2340 5698 18,
2364 5644 2423 5684 n.
2452 5628 2487 5681 5
