4052 6276
376 317 490 383 151

1708 313 1893 378 VITA
1942 314 2007 377 S.
2056 314 2451 378 GItEGURll.

3655 314 3763 379 152

380 451 599 511 Clerioo
631 450 821 509 visum
846 452 956 520 est,
998 448 1099 507 sed
1158 444 1313 523 ignis
1368 450 1469 505 aut
1506 446 1878 507 lucernarum
1908 446 2022 506 ele-
2053 450 2109 518 Α
2139 463 2397 520 corpore,
2431 444 2615 503 multo
2643 445 2852 519 magis,
2884 462 3057 519 quam
3091 444 3189 517 qui
3221 443 3361 501 alim
3405 463 3437 502 a
3472 446 3657 520 Moyse
3683 438 3763 507 ta-

382 546 581 598 menta
610 540 952 616 Gregorium
981 538 1360 606 intellexisse,
1416 538 1476 593 in
1527 539 1749 594 monito
1782 539 1851 593 ad
1899 555 2027 594 ora-

379 632 600 688 tionem
632 647 773 686 xvm
830 627 1196 685 ostendimus
1244 628 1328 700 (P.
1381 628 1544 699 329);
1578 628 1754 699 idque
1784 644 1853 682 ex
1883 628 2028 681 rela-

383 720 462 775 tis
496 718 753 792 Gregorii
795 717 989 774 verbis
1018 722 1212 789 aperte
1244 716 1589 773 declaratur.
1641 718 1797 783 Quod
1834 723 2027 772 autem

393 808 889 882 Hypsistariorum
922 823 1134 862 nomen
1167 810 1409 877 spectat,
1442 806 1635 861 Graeco
1665 806 1819 861 fonte
1852 806 2027 872 cadit,

380 913 589 969 nempe
611 913 748 953 voce
780 894 1023 968 ὕψιστος,
1058 896 1530 966 quaeauissimum
1554 901 1724 950 sonat
1755 914 1768 961 ;
1802 896 2031 965 sibique

380 985 874 1059 Hypsistariorum
921 1000 1130 1039 nomen
1174 984 1491 1045 vindicant,
1543 985 1695 1054 quod
1729 984 1916 1039 solum
1952 984 2033 1038 Al-

380 1074 681 1129 tissimum
714 1074 974 1129 adorent.
1008 1072 1088 1127 De
1116 1072 1225 1127 hac
1259 1072 1847 1145 liazresinihillegitur
1875 1074 2029 1143 apud

380 1162 1221 1235 Epiphanium,Augustinum,
1255 1164 1615 1233 caeterosque
1644 1162 1745 1232 qui
1774 1162 1845 1216 de
1861 1161 2035 1216 haere-

382 1252 549 1307 sibus
578 1250 884 1323 scripsere.
918 1249 1258 1305 Consimilia
1288 1254 1482 1305 tamen
1532 1251 1650 1305 fere
1705 1251 1774 1304 de
1808 1251 2032 1321 Euphe-

384 1341 569 1408 mitis,
602 1356 703 1395 seu
738 1337 1129 1403 Massalianis,
1183 1342 1382 1393 narrat
1410 1338 1794 1410 Epiphanius,
1828 1338 2033 1394 haeresi

387 1446 531 1485 Lxxx
563 1428 683 1496 ;ait
711 1427 865 1483 enim
901 1426 1031 1483 illos
1066 1445 1134 1482 ex
1173 1426 1516 1499 gentilibus,
1551 1445 1653 1483 nec
1704 1428 2032 1499 Judaismo,

386 1534 489 1573 nec
518 1516 964 1573 Christianismo
996 1517 1528 1582 attendentes,deos
1555 1517 1789 1588 quidem
1822 1517 2033 1585 dicere;

385 1606 615 1662 nullum
656 1610 850 1661 autem
882 1606 1146 1670 adorare,
1179 1606 1279 1660 sed
1315 1623 1496 1660 unum
1530 1605 1720 1661 solum
1752 1606 2033 1678 venerari,

385 1710 559 1767 quem
592 1693 1048 1764 omnipotentem
1065 1695 1623 1760 vocant.Quamdam
1647 1696 1821 1750 etiam
1837 1694 2036 1749 simili-

2139 537 2310 593 bulas
2333 537 2626 609 accepturi
2658 542 2846 601 erant,
2901 536 3300 609 purificasset.
3342 558 3368 587 ››
3404 537 3478 591 Ex
3508 537 3595 593 his
3621 543 3769 610 patet

2140 627 2483 696 Gregorium
2518 635 2746 697 tempus
2774 625 3009 697 aliquod
3068 626 3445 698 impendisse,
3484 631 3547 681 ut
3579 629 3767 687 sordes

2140 718 2357 771 clueret
2387 717 2731 788 priusquam
2764 716 2934 787 aquis
2966 716 3245 787 baptismi
3278 720 3637 788 purgaretur,
3664 734 3770 789 quo

2143 806 2405 877 purgatio
2436 806 2646 876 praevia
2677 805 3040 876 purgationis
3074 806 3226 860 dono
3274 807 3605 861 ﬁrmitatem
3631 823 3774 863 asse-

2140 900 2310 959 reret,
2344 911 2447 948 seu
2488 894 2737 965 gratiam
2770 894 2826 947 in
2886 899 3010 949 tuto
3071 898 3328 964 poneret.
3379 896 3684 965 Egressum
3713 911 3779 951 ex

2140 999 2293 1051 aqua
2324 982 2519 1036 lumen
2554 982 2980 1037 circumfulsit:
3011 1000 3126 1054 quo
3174 983 3454 1038 miraculo
3488 982 3776 1055 perculsus

2139 1072 2470 1143 episcopus,
2496 1072 2839 1143 Gregorium
2873 1072 2982 1127 sibi
3015 1074 3075 1127 in
3108 1071 3444 1143 episcopatu
3485 1088 3775 1128 successu-

2141 1177 2271 1216 rum
2320 1159 2514 1231 palam
2547 1177 2611 1215 ac
2643 1160 2878 1233 publice
2908 1160 3199 1216 clamavit.
3240 1162 3298 1216 ld
3333 1168 3667 1232 argumento
3697 1166 3779 1217 est

2143 1265 2276 1305 eum
2308 1249 2576 1304 Nazianzi
2606 1250 2677 1305 ab
2717 1251 2846 1320 ejus
2880 1250 3149 1305 Ecclesiae
3184 1250 3453 1321 episcopo
3499 1249 3779 1321 baptisma

2141 1337 2491 1409 suscepisse,
2516 1355 2630 1394 non
2662 1355 2795 1394 vero
2823 1356 2855 1393 a
2886 1338 3123 1394 Leontio
3154 1338 3512 1409 Caesariensi,
3533 1343 3595 1393 ut
3624 1342 3781 1410 putat

2144 1427 2446 1495 Baronius,
2482 1443 2659 1500 quem
2682 1427 2949 1499 sequitur
2979 1427 3432 1499 Papebrochius.
3466 1428 3623 1491 Quod
3656 1444 3777 1482 cum

2144 1519 2333 1570 mater
2362 1517 2511 1586 ejus,
2531 1500 2814 1571 lictorum
2865 1517 3176 1571 numinum
3207 1516 3391 1571 cultui
3423 1516 3669 1580 addicta,
3699 1515 3781 1569 in-

2146 1603 2319 1676 digne
2350 1605 2542 1669 ferret,
2577 1605 2825 1677 patriam
2852 1605 3047 1677 fugere
3062 1609 3297 1661 coactus
3311 1610 3401 1660 est
3423 1605 3515 1676 (c),
3548 1626 3575 1655 «
3606 1604 3784 1660 Patris

2146 1693 2396 1748 caelestis
2424 1709 2490 1749 ao
2517 1710 2666 1749 verae
2696 1694 3051 1749 hiereditatis
3082 1711 3283 1758 causa,
3315 1699 3374 1750 et
3398 1698 3603 1762 matre,
3624 1697 3679 1749 et
3706 1694 3784 1747 fa-

383 1782 651 1839 tudinem
683 1782 902 1838 habent
949 1782 1297 1855 Hypsistarii
1350 1800 1485 1839 cum
1546 1785 1806 1840 subortis
1840 1788 2040 1856 postea
2071 1770 2116 1834 Β
2145 1783 2460 1838 cultatibus
2495 1784 2839 1856 aliquandiu
2869 1799 3065 1839 carere
3082 1784 3408 1852 sustinens,
3440 1788 3615 1855 atque
3644 1781 3786 1836 hanc

386 1869 673 1928 Ccelicolis
702 1870 925 1937 Africae,
961 1871 1033 1927 de
1082 1870 1297 1943 quibus
1353 1874 1736 1945 Augustinus,
1788 1872 2036 1945 epistola

386 1977 597 2030 CLXIII;
659 1959 836 2015 Codex
896 1958 1318 2028 Theodosianus,
1354 1960 1456 2017 lib.
1489 1979 1646 2032 XLIII,
1697 1965 1771 2018 De
1815 1963 2036 2020 hereti-

388 2066 475 2119 σε,
504 2052 562 2105 et
582 2048 661 2106 lib
682 2067 797 2118 xm,
822 2050 897 2105 De
922 2049 1126 2106 Iudaeis
1161 2049 1429 2106 Cazlicolis
1460 2058 1515 2107 et
1542 2052 1926 2109 Samaritanis.

819 2138 887 2193 V.
923 2139 1095 2196 Mores
1127 2141 1386 2209 Gregorii
1415 2143 1609 2212 patris.

466 2226 657 2300 Longo
684 2227 997 2301 Gregorius
1061 2232 1227 2301 pater
1258 2233 1519 2303 tempore
1553 2230 1613 2285 in
1647 2231 2036 2304 Hypsistario-

393 2333 526 2373 rum
556 2332 770 2386 errore,
803 2317 1082 2373 nimirum
1114 2318 1186 2373 ad
1218 2319 1732 2391 quadragesimum
1764 2321 2038 2392 quintum

391 2406 575 2462 ferme
614 2406 802 2461 etatis
860 2423 977 2461 sum
1008 2424 1251 2475 annum,
1310 2414 1574 2464 versatus
1606 2414 1713 2465 est.
1740 2410 2042 2466 Verumta-

395 2511 530 2551 men
552 2494 898 2567 priusquam
931 2495 1269 2567 religionem
1316 2496 1707 2552 Christianam
1739 2500 2042 2570 proﬁtere-

394 2587 513 2652 tur,
546 2582 813 2638 moribus
844 2587 970 2638 erat
1013 2583 1415 2660 'Christianus.
1449 2608 1477 2636 ‹‹
1513 2585 1615 2641 llle
1644 2587 1820 2657 enim,
1853 2588 2046 2660 inquit

394 2669 708 2743 Gregorius
740 2674 937 2728 noster
968 2671 1069 2743 (a),
1103 2678 1236 2728 ante
1267 2673 1443 2729 etiam
1477 2690 1652 2746 quam
1687 2676 1757 2731 ad
1783 2681 2041 2732 nostram

395 2758 629 2817 caulam
661 2775 723 2815 se
745 2760 1112 2827 contulisset,
1144 2766 1344 2817 noster
1394 2768 1539 2819 erat.
1587 2768 1772 2821 Mores
1828 2766 2044 2838 quippe

392 2847 592 2921 ipsum
618 2848 789 2917 nobis
810 2848 1197 2905 asoiscebant.
1245 2850 1320 2906 Ut
1349 2852 1503 2907 enim
1536 2853 1705 2908 multi
1736 2870 1805 2909 ex
1829 2856 2046 2911 nostris

394 2936 702 2994 nobiscum
734 2954 849 2993 non
881 2942 1038 3005 sunt,
1072 2955 1220 3009 quos
1253 2939 1474 2995 scilicet
1519 2957 1553 2995 a
1591 2943 1887 2997 communi
1916 2960 2045 2998 cor-

394 3042 534 3100 pore
553 3025 668 3082 vita
703 3030 957 3083 removet
988 3051 1004 3095 ;
1035 3027 1118 3083 sic
1148 3032 1351 3084 contra
1378 3028 1549 3085 multi
1588 3035 1914 3087 exterorum
1973 3033 2045 3089 ad

2144 1870 2531 1944 ignominiam
2564 1873 2791 1945 aequius
2822 1875 2880 1927 et
2910 1871 3140 1929 facilius
3170 1888 3350 1944 quam
3383 1872 3483 1928 alii
3532 1885 3789 1927 summos

2142 1960 2394 2016 honores
2422 1960 2576 2016 tulit.
2600 1983 2629 2011 ››

2580 2051 2652 2105 Vl
2661 2052 2681 2104 Ι
2690 2050 2729 2105 Ι.
2765 2052 3064 2122 Episcopus
3112 2054 3355 2107 creatur.

2218 2140 2378 2207 Quod
2411 2140 2483 2195 de
2512 2139 2786 2211 Gregorio
2807 2156 2837 2194 e
2867 2138 3093 2195 lavacro
3131 2140 3488 2195 ascendente
3526 2154 3794 2211 praenun-

2147 2228 2358 2283 tiatum
2391 2228 2598 2295 fuerat,
2626 2228 2891 2299 contigit.
2927 2230 3169 2284 Creatus
3198 2233 3287 2284 est
3318 2229 3631 2301 episcopus
3647 2242 3793 2283 anno

2147 2316 2273 2383 329,
2301 2316 2386 2373 vel
2417 2317 2542 2385 3'28,
2576 2321 2640 2371 ut
2662 2316 2847 2387 placet
2904 2316 3242 2373 Gothofrido
3288 2322 3593 2385 Hermant,
3620 2332 3798 2372 annos

2152 2409 2324 2461 natus
2356 2407 2537 2461 ferme
2582 2405 3013 2477 quinquaginta
3045 2424 3058 2474 ;
3093 2421 3347 2477 cumque
3379 2407 3798 2462 Nazianzenam

2152 2493 2470 2550 Ecclesiam
2501 2511 2604 2566 per
2652 2495 3037 2566 quadraginta
3069 2494 3329 2567 quinque
3366 2512 3555 2551 annos
3584 2493 3804 2566 sapien-

2153 2582 2380 2639 tissime
2403 2584 2891 2655 administrasset,
2925 2584 3143 2639 exactis
3175 2601 3321 2655 pene
3344 2589 3585 2641 centum
3613 2584 3801 2638 annis.

2152 2670 2361 2743 plenus
2393 2672 2645 2737 dierum,
2670 2672 3041 2730 sanctissime
3064 2674 3374 2729 obiitanno
3406 2675 3514 2730 373
3540 2676 3801 2741 exeunte,

2151 2759 2237 2814 vel
2272 2760 2509 2815 ineunte
2538 2762 2661 2815 274.

2155 2847 2248 2903 ΙΧ.
2280 2850 2492 2917 Nomm,
2523 2853 2699 2905 mater
2726 2851 2995 2922 Gregorii,
3028 2868 3059 2906 e
3097 2853 3284 2907 radice
3335 2856 3541 2909 sancta
3578 2851 3804 2925 prodiit.

2229 2940 2341 3011 Ipsi
2366 2957 2479 2995 non
2511 2941 2608 2996 diu
2644 2946 2938 3012 superstes
2969 2941 3079 2997 fuit
3110 2942 3380 3014 piissima
3403 2945 3621 3015 conjux
3650 2944 3807 2999 Non-

2156 3047 2231 3085 na
2263 3047 2276 3086 :
2311 3028 2410 3085 tali
2432 3030 2609 3103 digna
2629 3047 2843 3103 sponso
2866 3031 3223 3102 erat,utipse
3253 3031 3356 3087 tali
3390 3034 3609 3105 dignus
3631 3049 3807 3105 spon-

399 3131 508 3171 nos
538 3118 826 3186 spectant,
858 3115 1209 3207 quicunque;
1243 3116 1525 3174 nimirum
1573 3119 1749 3175 fidem
1781 3121 2047 3179 moribus
2078 3140 2120 3207 ρ
2160 3135 2260 3207 sa;
2289 3123 2482 3190 atque,
2517 3122 2581 3173 ut
2603 3119 2679 3190 pii
2710 3118 2814 3174 ﬁlii
2846 3119 3005 3176 verbi
3046 3124 3178 3175 utar
3208 3120 3304 3192 (d),
3346 3142 3374 3174 α
3433 3122 3496 3177 Si
3556 3121 3688 3193 quis
3738 3118 3806 3175 ab

397 3206 789 3274 antevertunt,
820 3221 887 3260 ac
917 3204 1040 3262 solo
1054 3205 1290 3261 nomine
1307 3210 1525 3274 carent,
1559 3224 1690 3263 cum
1714 3227 1833 3265 rem
1856 3209 2045 3282 ipsam

400 3295 653 3348 teneant.
688 3293 810 3357 Quo
834 3292 894 3347 in
934 3309 1175 3350 numero
1227 3310 1392 3351 meus
1422 3312 1655 3369 quoque
1684 3303 1848 3370 pater
1875 3303 1999 3355 erat
2031 3317 2045 3368 ;

400 3396 606 3436 ramus
636 3379 873 3451 quidem
907 3380 1003 3437 ille
1016 3381 1265 3451 alienus,
1282 3387 1557 3441 caeterum
1571 3385 1688 3442 vita
1707 3391 1763 3442 et
1784 3388 2047 3444 moribus

399 3468 471 3524 ad
504 3484 610 3525 nos
650 3469 1039 3541 propendens.
1074 3492 1104 3519 ››
1159 3470 1459 3529 Pudicitia:
1506 3473 1676 3531 laude
1731 3477 2049 3533 excellebat

400 3556 716 3628 Gregorius
750 3573 763 3624 ;
795 3556 950 3612 idem
984 3557 1160 3613 simul
1196 3560 1658 3617 amabilissimus
1701 3570 1758 3619 et
1785 3566 2048 3621 castissi-

398 3660 556 3709 mus,
588 3662 712 3715 qua:
745 3646 860 3702 duo
921 3646 1075 3702 haud
1136 3648 1304 3703 facile
1342 3649 1401 3704 in
1459 3668 1639 3706 unum
1671 3660 2045 3709 concurrunt.

403 3735 654 3789 Justitiaa
684 3738 803 3790 tam
862 3742 1033 3792 tenax
1089 3735 1215 3807 fuit,
1240 3742 1303 3792 ut
1336 3738 1394 3792 in
1428 3741 1657 3813 magnis
1715 3743 2046 3815 reipublicae

402 3823 745 3880 muneribus
764 3829 1050 3891 versatus,
1083 3843 1154 3881 ne
1184 3827 1443 3884 teruncio
1473 3830 1709 3900 quidem
1744 3833 2048 3889 facultates

401 3928 540 3968 suas
571 3913 935 3970 auxerit.Sad
968 3914 1407 3986 hisomissis,ad
1441 3921 2048 3991 annum,quoChristo

404 4017 616 4057 nomen
648 4001 827 4071 dedit,
860 4020 926 4059 ac
955 4003 1343 4061 Christianam
1378 4006 1717 4079 religionem
1751 4011 2051 4081 professus

402 4106 690 4162 verasque
719 4090 964 4147 virtutes
984 4098 1073 4148 est
1110 4098 1435 4166 assecutus,
1480 4098 1805 4154 veniamus.
1842 4102 1893 4155 Is
1944 4101 2054 4156 fuit

406 4195 620 4249 annus,
654 4195 770 4250 quo
800 4179 999 4236 habita
1028 4188 1117 4238 est
1138 4185 1395 4256 synodus
1425 4185 1675 4257 Nicaana,
1702 4193 1835 4260 post
1862 4189 2051 4263 Virgi-

410 4267 504 4321 nis
526 4270 759 4338 partum
791 4269 914 4324 325.
951 4270 1178 4326 Etenim
1201 4274 1274 4327 ab
1305 4273 1723 4347 episcopis,qui
1755 4277 1891 4332 illuc
1915 4296 2051 4334 con-

403 4356 726 4411 tendebant
755 4360 821 4411 ut
847 4358 967 4412 Arii
1021 4359 1317 4416 furoribus
1357 4363 1724 4437 obsisterent,
1766 4368 2053 4439 praecipue

2160 3206 2385 3264 ultimis
2410 3212 2691 3263 terrarum
2720 3208 2957 3279 ﬁnibus,
3008 3213 3182 3280 atque
3212 3226 3280 3265 ex
3313 3211 3590 3267 universo
3625 3207 3807 3265 homi-

2156 3314 2299 3353 num
2331 3313 2558 3369 genere,
2577 3297 3125 3369 praestantissimum
3142 3300 3487 3371 conjugium
3501 3299 3809 3355 conciliare

2157 3386 2503 3453 studuisset,
2534 3386 2762 3443 nullum
2796 3404 3046 3459 usquam
3067 3388 3173 3443 hoc
3194 3389 3577 3459 praestantius
3599 3388 3811 3460 aptius-

2158 3492 2270 3547 que
2294 3475 2530 3547 reperiri
2571 3474 2873 3547 potuisset.
2912 3476 2995 3530 Ita
3016 3476 3168 3531 enim
3200 3476 3462 3531 virorum
3496 3493 3565 3532 ac
3606 3475 3811 3531 mulie-

2158 3581 2288 3618 rum
2321 3564 2541 3633 optima
2569 3562 3342 3635 etprasclarissimaquzeque
3375 3565 3433 3620 in
3465 3582 3655 3621 unum
3678 3580 3810 3619 con-

2158 3657 2533 3719 ﬂuxerant,ut
2556 3653 2661 3707 hoc
2690 3653 3280 3719 matrimonium,non
3315 3654 3519 3709 minus
3560 3653 3814 3717 virtutis,

2156 3758 2328 3813 quam
2362 3758 2669 3813 corporum
2701 3759 2884 3796 nexus
2913 3747 3087 3798 esset.
3124 3765 3153 3792 ››
3177 3742 3392 3797 Habuit
3419 3741 3813 3813 Nonna,quod

2157 3846 2224 3885 ex
2255 3830 2429 3885 editis
2459 3848 2493 3885 a
2531 3830 2873 3885 doctissimo
2933 3830 3245 3885 Muratorio
3278 3830 3817 3904 epigrammatibus

2158 3919 2700 3990 discimus,patrem
2723 3920 2957 3974 nomine
2979 3920 3321 3975 Philtatium
3351 3938 3364 3987 ;
3400 3922 3579 3976 matri
3606 3935 3817 3975 nomen

2160 4010 2269 4065 fuit
2290 4010 2597 4080 Gorgonia,
2632 4010 2791 4065 fratri
2832 4010 3292 4082 Amphilochius,
3346 4027 3420 4067 ex
3478 4028 3599 4083 quo
3660 4015 3821 4065 ortus

2162 4115 2413 4170 magnus
2444 4098 2541 4153 ille
2560 4099 2998 4170 Amphilochius
3028 4099 3205 4154 Iconii
3238 4099 3583 4172 episcopus.
3619 4100 3825 4155 Nonna

2163 4205 2232 4243 ex
2260 4188 2454 4242 radice
2475 4193 2677 4243 sancta
2694 4188 2909 4259 prodiit
2931 4206 2945 4256 ;
2970 4192 3388 4260 acceptamque
3418 4208 3452 4245 a
3474 4189 3827 4261 parentibus

2160 4277 2394 4333 virtutis
2426 4277 2821 4332 hzereditatem
2844 4278 2925 4332 ita
2944 4278 3156 4349 pietate
3186 4294 3292 4331 sua
3323 4279 3630 4349 praeclaris
3646 4276 3828 4332 actio-

2163 4366 2337 4420 nibus
2359 4365 2538 4432 auxit,
2572 4370 2637 4420 ut
2666 4366 2715 4420 si
2739 4366 2971 4437 singula
3001 4382 3340 4438 percurrere
3365 4368 3613 4423 animus
3644 4370 3823 4433 esset,

404 4459 539 4499 vero
570 4461 604 4500 a
635 4445 890 4558 Leontio,
925 4448 1192 4558 quitum
1250 4452 1629 4558 metropolimﬂ
1668 4457 2050 4527 gubernabat,
2088 4495 2132 4558 Β
2164 4457 2233 4510 de
2264 4455 2379 4557 illis
2409 4456 2679 4511 volumen
2724 4456 3084 4558 impleretur.
3133 4458 3241 4512 Sed
3274 4474 3341 4512 ea
3372 4460 3622 4514 suavius
3653 4458 3826 4554 leget,

404 4549 540 4588 cum
572 4538 777 4605 sponte
807 4551 914 4590 sua
928 4536 1281 4593 desiderium
1298 4556 1469 4593 suum
1491 4542 1794 4599 confessus
1824 4546 2052 4614 fuisset,

403 4622 854 4694 communisque
883 4624 1092 4681 salutis
1154 4626 1435 4683 auxilium
1483 4633 1863 4702 poposcisset,
1898 4640 2050 4690 cate-

401 4709 595 4767 chesis
625 4713 998 4769 sermonibus
1046 4715 1330 4784 imbutus,
1380 4718 1739 4790 baptismum
1772 4724 2048 4795 suscepit.

406 4818 494 4885 Vl,
527 4817 645 4873 νυ.
668 4822 971 4903 gregarius
1000 4825 1163 4892 pater
1198 4823 1546 4903 _bapt_ismurn
1572 4829 1801 4900 suscipit
1833 4830 1901 4884 ab
1937 4832 2050 4903 epi—

475 4904 604 4971 c0po
662 4891 1029 4950 Nazianzeno.
1080 4925 1149 4935 —
1190 4891 1436 4951 Patriam
1480 4899 1675 4967 fugere
1711 4891 1923 4971 cogitur
1962 4891 2052 4957 ἀι)

477 4971 624 5016 irata
644 4971 838 5019 matre.

478 5068 645 5122 Anno
675 5068 855 5139 igitur
897 5071 1004 5125 325
1052 5071 1375 5143 baptizatus
1433 5080 1518 5131 est
1567 5077 1897 5149 Gregorius,
1954 5086 2055 5137 aut

408 5156 711 5226 aliquanto
747 5164 877 5230 post
908 5164 1171 5233 tempore
1203 5179 1216 5229 ;
1250 5163 1564 5235 siquidem,
1606 5170 1753 5222 teste
1780 5168 2053 5241 Gregorio

410 5246 609 5299 nostro
642 5244 739 5317 (a),
774 5267 803 5295 «
862 5249 938 5302 Ad
984 5253 1277 5305 lavacrum
1334 5254 1602 5321 accessit,
1654 5271 1783 5311 cum
1831 5275 1893 5313 se
1950 5276 2053 5331 pro

406 5331 629 5388 viribus
653 5334 778 5391 suis
801 5336 965 5408 prius
994 5344 1302 5411 purgasset
1325 5346 1529 5414 ;atque
1549 5348 1678 5401 tum
1699 5347 2051 5415 animo,tum

476 5438 523 5473 ⁸³
545 5438 567 5494 Ι
589 5442 714 5495 Cor.
747 5458 846 5512 vn,
883 5444 968 5500 14.

476 5545 556 5687 (ag
586 5545 679 5630 0r.
716 5548 782 5604 18
800 5566 857 5604 n.
887 5551 943 5606 6.

476 5618 529 5684 (Ι)
584 5617 751 5687 Ιὺιάη
786 5637 844 5679 n.
883 5623 943 5680 13

476 5617 551 5687 (b)
584 5617 751 5690 Ibid.,
786 5637 844 5679 n.
883 5623 971 5683 t3.

2166 4548 2224 4599 et
2252 4561 2321 4599 ex
2348 4544 2477 4616 ipso
2510 4546 2664 4600 fonte
2720 4545 2949 4600 hauriet
3002 4544 3203 4610 lector,
3250 4562 3502 4602 versans
3561 4544 3824 4619 Gregorii

2160 4634 2342 4687 nostri
2376 4633 2689 4704 scripta,in
2722 4634 2937 4705 quibus
2968 4633 3178 4705 smpius
3226 4635 3445 4691 Nonnse
3472 4638 3541 4693 ﬁt
3576 4636 3823 4691 mentio.

2162 4722 2426 4793 Legenda
2449 4722 2741 4794 imprimis
2771 4722 2954 4777 oratio
2984 4740 3140 4789 xvm,
3174 4739 3299 4794 quas
3345 4728 3472 4779 tota
3504 4726 3579 4779 de
3611 4727 3829 4797 Grego-

2161 4812 2245 4865 rio
2270 4815 2451 4882 patre,
2484 4815 2540 4867 et
2570 4812 2639 4865 de
2662 4811 2906 4877 Nonna;
2961 4812 3258 4866 carminaI
3292 4816 3347 4867 et
3378 4830 3443 4880 II,
3479 4819 3595 4870 etc.
3634 4814 3831 4869 Unum

2161 4900 2443 4955 duntaxat
2475 4902 2739 4963 referam,
2774 4901 2931 4971 quod
2964 4902 3407 4972 praetermittere
3439 4903 3615 4957 nefas
3648 4905 3827 4957 esset.

2161 4990 2379 5044 Nonnze
2399 4989 2741 5045 ascribenda
2769 4994 2859 5045 est
2901 4990 2991 5044 sui
3020 4991 3091 5044 ab
3121 4990 3634 5061 Hypsistariorum
3672 4996 3837 5046 secta

2162 5080 2359 5149 sponsi
2395 5080 2462 5132 ad
2496 5079 2886 5133 Christianam
2936 5077 3273 5150 religionem
3305 5080 3611 5147 transitio,
3646 5095 3830 5150 quam

2162 5168 2415 5223 assiduis
2442 5168 2511 5221 ad
2546 5168 2730 5222 Deum
2756 5168 3047 5240 precibus,
3079 5168 3204 5224 dies
3234 5184 3299 5223 ac
3329 5173 3539 5225 noctes
3571 5186 3715 5225 cum
3747 5168 3835 5224 la-

2161 5258 2376 5330 crymis
2415 5258 2723 5328 etjejuniis
2763 5258 3144 5325 obsecrando,
3169 5257 3543 5328 impetravit:
3562 5257 3839 5327 Sanctiﬁ-

2160 5356 2320 5402 catus
2341 5354 2422 5403 εει
2451 5347 2535 5401 vir
2579 5346 2820 5418 inﬁdelis
2864 5363 2961 5419 per
2999 5347 3287 5402 mulierem
3316 5346 3548 5417 ﬁdelem
3574 5348 3643 5402 ⁸³.
3673 5347 3837 5402 Non-

2231 5560 2303 5702 Efi)
2333 5558 2429 5643 Or:
2460 5559 2550 5630 l8,
2574 5560 2699 5616 n.5.

2295 5632 2311 5702 )
2345 5630 2511 5702 Ibid.,
2538 5634 2664 5687 n.7.

2295 5632 2311 5702 )
2345 5630 2511 5702 Ibid.,
2538 5634 2664 5687 n.7.
