4052 6276
277 365 385 429 153

1617 365 1811 434 νΙΤΑ
1855 368 1921 431 S.
1968 366 2363 433 GREGORII.

3577 369 3691 431 ιδι

275 516 358 557 nae
390 498 1559 577 ascribendisuntabundantesipsiusin
1590 502 1929 578 episcopatu
1960 510 2013 579 Α
2044 518 2175 560 cum
2235 501 2461 578 legibus
2512 499 2921 562 ecclesiasticis
2967 500 3133 561 valde
3180 518 3526 561 consonum.
3577 502 3689 562 Sed

278 592 496 647 fructus
524 592 784 659 ;Nonna3
810 593 1158 650 ascribenda
1178 598 1266 650 est
1282 599 1550 650 natorum
1574 595 1933 667 pietas,quos

273 682 441 737 enixa
472 699 587 735 non
623 683 826 737 minus
860 684 1067 754 spiritu
1103 700 1277 755 quam
1310 700 1502 749 carne,
1534 684 1718 739 Deum
1749 700 1933 739 unum

269 770 474 824 timere
505 776 565 823 et
594 787 791 826 amare
823 770 1023 825 docuit
1047 789 1059 839 ;
1093 788 1237 843 quos
1255 777 1377 827 tam
1401 774 1649 844 egregiis
1671 773 1933 827 moribus

268 876 331 913 ac
384 861 694 931 pmoeptis
726 860 1065 915 informavit
1093 865 1263 929 atque
1295 862 1527 926 imbuit,
1560 866 1625 916 ut
1650 860 1932 933 singulos,

268 950 573 1018 aspirante
621 951 835 1020 gratia,
882 951 1093 1005 ardens
1126 952 1197 1003 ad
1231 952 1423 1005 sidera
1455 951 1637 1005 virtus
1668 951 1931 1019 erexerit,

270 1043 449 1108 atque
481 1039 637 1093 inter
682 1043 926 1093 sanctos
975 1038 1084 1110 ipsi
1126 1047 1510 1094 numerentur
1549 1056 1680 1094 cum
1714 1040 1933 1095 sanctis

275 1129 622 1197 parentibus
656 1144 671 1194 ;
721 1126 1005 1181 nimirum
1052 1128 1361 1199 Gorgonia,
1405 1146 1531 1199 quae
1566 1130 1762 1184 forsan
1792 1133 1932 1183 natu

277 1216 536 1271 maxima
556 1216 700 1282 fuit;
725 1217 1062 1288 Gregorius,
1082 1218 1151 1271 de
1176 1218 1348 1287 cujus
1368 1218 1507 1286 vita,
1532 1218 1707 1275 rebus
1730 1218 1933 1290 gestis,

273 1310 327 1358 et
355 1304 596 1376 scriptis
618 1304 833 1359 dicturi
867 1322 1093 1370 sumus,
1126 1311 1183 1360 et
1211 1306 1516 1361 Caesarius.

589 1411 652 1467 X.
691 1413 804 1479 Quo
834 1428 986 1467 anno
1013 1421 1175 1467 natus
1203 1414 1281 1468 sit
1304 1416 1622 1483 Gregorius.

344 1500 517 1554 Hisce
549 1516 689 1571 ergo
732 1501 1074 1571 parentibus
1125 1506 1295 1556 natus
1340 1507 1427 1557 est
1475 1501 1787 1573 Gregorius
1836 1502 1934 1573 (α),

277 1610 303 1636 s
334 1594 511 1658 atque
546 1589 620 1643 ad
651 1588 836 1644 Deum
871 1607 904 1643 a
931 1589 1102 1645 vulva
1132 1590 1262 1662 ipsa
1294 1592 1609 1663 projectus,
1646 1595 1701 1645 et
1733 1607 1803 1645 ex
1821 1607 1940 1645 ma-

276 1684 440 1731 terna
475 1676 898 1748 pollicitatione
929 1678 1040 1749 ipsi
1074 1680 1347 1733 donatus.
1384 1702 1412 1727 »
1446 1678 1674 1733 Etenim
1708 1679 1937 1745 Nonna,

277 1766 521 1838 cupiens
554 1765 881 1821 masculam
915 1769 1157 1838 prolem,
1191 1785 1326 1823 cum
1358 1786 1486 1823 eam
1511 1769 1729 1823 crebris
1753 1770 1935 1840 preci-

278 1856 388 1911 bus
418 1873 455 1910 a
486 1855 607 1910 Deo
634 1856 1032 1949 impetrasset,
1068 1862 1131 1911 ut
1176 1856 1533 1949 olim__Anua
1560 1857 1936 1949 “Sgamuelem,
1972 1885 2016 1949 B

278 1944 391 1999 voti
435 1960 682 2015 compos
723 1946 875 1999 facta
907 1945 1002 2016 pia
1051 1950 1256 2010 mater,
1292 1945 1476 1999 filium
1522 1946 1633 2000 sibi
1658 1947 1809 2000 dono
1842 1946 1939 2000 Dei

280 2050 634 2089 concessum
667 2033 753 2087 illi
803 2050 837 2088 a
877 2050 991 2105 quo
1030 2040 1350 2105 acceperat,
1385 2041 1613 2089 Annam
1645 2034 1937 2100 mmulata,

283 2122 655 2177 consecravit
678 2124 743 2176 ⁵³.
778 2124 901 2186 Quo
946 2139 1096 2177 anno
1145 2124 1199 2177 id
1254 2123 1561 2195 contigerit
1612 2124 1803 2195 gravis
1854 2128 1942 2179 est

282 2210 632 2278 difﬁcultas,
668 2216 723 2265 et
755 2215 976 2266 certant
1008 2212 1159 2266 inter
1197 2228 1258 2267 se
1300 2214 1632 2283 scriptores.
1667 2213 1941 2276 Quamvis

281 2305 552 2354 nostrum
584 2316 700 2353 non
726 2298 803 2353 sit
822 2304 1019 2355 tantas
1041 2299 1168 2355 lites
1189 2317 1557 2373 componere,
1583 2302 1720 2373 quid
1744 2307 1938 2356 tamen

281 2390 617 2443 sentiamus
649 2387 1026 2443 dissimulare
1053 2388 1143 2443 lex
1194 2390 1386 2460 operis
1434 2406 1548 2445 non
1600 2390 1785 2445 sinit:
1838 2390 1941 2444 sed

279 2478 440 2548 prius
476 2479 843 2532 diversarum
877 2478 1217 2549 opinionum
1249 2479 1627 2550 expendenda
1656 2484 1794 2534 sunt
1826 2496 1941 2533 mo.

281 2574 501 2621 menta.
538 2567 929 2622 Doctissimus
954 2582 1020 2622 ac
1043 2567 1345 2638 piissimus
1366 2567 1939 2633 Tillemontius,cum

282 2657 408 2711 aliis
445 2656 743 2727 pluribus,
778 2655 1120 2727 Gregorium
1152 2672 1256 2711 nec
1288 2656 1457 2712 citius
1490 2672 1595 2712 nec
1626 2658 1814 2712 serius
1845 2673 1943 2712 an-

288 2764 354 2799 no
390 2753 480 2799 ter
510 2746 835 2800 centesimo
859 2745 1135 2800 vicesimo
1166 2762 1319 2801 nono
1352 2751 1558 2801 natum
1589 2762 1718 2802 esse
1739 2746 1945 2802 statuit

284 2852 347 2887 ex
378 2833 657 2905 pluribus
688 2833 944 2902 Gregorii
984 2834 1171 2906 ipsius
1208 2835 1419 2905 verbis,
1467 2852 1583 2906 quo
1633 2840 1786 2891 certe
1826 2852 1942 2890 non

284 2934 363 2977 est
397 2924 555 2978 alius
586 2924 776 2977 astatis
808 2938 923 2977 sua
945 2923 1112 2978 testis
1134 2922 1494 2995 locupletior.
1522 2924 1942 2980 Palmariaim-

286 3014 493 3083 primis
521 3011 799 3065 videntur
819 3010 941 3066 haec
970 3011 1229 3083 Gregorii
1261 3014 1447 3083 patris
1466 3014 1641 3069 verba
1661 3013 1844 3068 filium
1869 3016 1939 3069 ad

289 3100 735 3172 suscipiendum
779 3116 993 3155 munus
1026 3100 1397 3172 pastoritium
1428 3100 1781 3173 impellentis
1813 3103 1889 3175 (b)
1924 3120 1937 3158 :

351 3204 518 3259 Οῧπω
547 3210 807 3282 fossuras
842 3203 1259 3282 ἐδειμεμέτρῃκοῑςΔ
1285 3206 1423 3282 βίον,

356 3282 518 3338 Ὅσος
552 3276 747 3345 διῆλθε
776 3276 1126 3349 Θυσιῶνέμὸί
1156 3276 1379 3353 χρόύος.

353 3369 607 3424 Nondum
637 3374 713 3423 tot
742 3384 918 3423 annos
946 3370 1058 3423 vita
1082 3371 1367 3440 percurrit
1398 3377 1513 3440 tua,

356 3442 495 3508 Quot
523 3443 606 3494 mi
638 3441 697 3493 in
725 3442 897 3495 sacris
921 3441 1045 3510 jam
1074 3446 1201 3496 sunt
1227 3444 1442 3511 peracti
1470 3444 1725 3498 victimis.

294 3550 387 3603 [iis
418 3550 655 3605 duobus
686 3548 992 3604 versiculis
1035 3550 1411 3606 manifestum
1462 3556 1551 3607 est
1596 3552 1939 3624 Gregorium

288 3638 720 3695 Nazianzenum
753 3642 954 3693 natum
988 3654 1135 3705 esse,
1161 3656 1292 3694 cum
1319 3640 1443 3710 jam
1478 3640 1591 3696 Deo
1619 3643 1747 3713 ejus
1779 3647 1941 3714 pater

292 3728 552 3783 victimas
612 3728 845 3783 offerret
885 3745 898 3795 ;
950 3727 1072 3783 sive
1113 3729 1381 3784 victimas
1438 3746 1536 3785 eas
1584 3730 1938 3787 intellexeris

294 3833 434 3889 quas
466 3817 721 3889 quilibet
750 3816 1116 3872 Christianus
1146 3834 1215 3872 ex
1246 3819 1419 3873 corde
1446 3835 1592 3889 puro
1614 3820 1797 3887 offert,
1819 3822 1939 3876 sive

291 3923 431 3976 quas
461 3906 653 3962 solius
674 3911 764 3961 est
788 3906 1107 3961 sacerdotis
1136 3911 1238 3961 aut
1263 3907 1542 3980 episcopi,
1575 3912 1639 3963 ut
1660 3908 1938 3983 ministri,

292 3996 509 4052 offerre.
545 3998 692 4052 Cum
726 3998 919 4050 autem
946 3996 1261 4068 Gregorius
1294 4013 1409 4051 non
1438 4002 1571 4051 ante
1593 4014 1812 4054 annum
1833 4001 1938 4055 328

287 4094 514 4143 creatus
563 4088 645 4142 sit
686 4087 957 4141 sacerdos
1012 4090 1069 4141 et
1115 4087 1447 4159 episcopus,
1489 4104 1726 4144 necesse
1758 4094 1846 4145 est
1874 4094 1939 4145 ut

288 4176 598 4248 Gregorius
632 4174 810 4230 Filius
840 4191 907 4230 ex
930 4177 1090 4246 patre
1112 4176 1383 4248 episcopo
1409 4176 1486 4231 sit
1510 4182 1866 4248 procreatus,
1888 4180 1936 4235 si

289 4264 550 4320 victimas
581 4280 731 4336 quas
761 4264 991 4332 obtulit,
1024 4262 1367 4335 priusquam
1400 4271 1739 4321 nasceretur
1760 4267 1936 4337 filius,

291 4369 380 4408 eas
406 4370 538 4409 esse
569 4353 908 4419 credideris,
943 4368 1090 4423 quas
1120 4352 1226 4407 soli
1259 4354 1543 4408 sacerdoti
1567 4355 1938 4411 oﬁ'errecom-

295 4444 446 4511 petit,
480 4444 744 4513 adeoque
773 4459 887 4497 non
922 4446 1055 4497 ante
1102 4459 1324 4497 annum
1364 4445 1471 4498 328
1522 4448 1623 4499 aut
1669 4446 1795 4514 329,
1826 4462 1938 4518 quo

298 4536 513 4587 creatus
546 4539 637 4587 est
664 4532 1000 4602 episcOpus.

2042 594 2214 649 verba
2245 597 2439 649 Graeca
2469 592 2637 649 aliter
2666 594 3009 667 intelligere,
3043 611 3113 650 ne
3144 592 3232 649 vel
3264 593 3500 666 ipsimet
3518 594 3693 667 Pape-

2042 682 2280 738 brochio
2314 682 2591 754 possibile
2621 690 2709 740 est
2732 685 2854 756 (cl);
2889 684 3103 756 quippe
3123 684 3219 755 qui
3246 683 3410 739 aliter
3432 701 3497 739 ea
3519 683 3692 740 inter-

2043 773 2255 845 pretari
2289 774 2515 844 nequit,
2540 772 2651 828 nisi
2682 775 2963 829 mutando
2997 774 3252 845 Gregorii
3288 775 3459 829 verba
3497 774 3693 829 Graeca

2042 862 2283 917 arbitrio
2305 878 2433 929 suo,
2458 862 2677 917 nullius
2705 862 3029 933 scriptoris,
3045 862 3263 917 nullius
3282 864 3496 918 codicis
3516 879 3690 918 manu

2042 951 2258 1005 exarati
2294 952 2652 1006 auctoritate.
2698 952 2858 1017 Quod
2912 952 3127 1006 mirum
3177 950 3356 1007 videri
3398 950 3584 1023 possit
3632 950 3691 1007 in

2042 1038 2185 1106 viro,
2218 1040 2315 1110 qui
2360 1040 2429 1094 de
2467 1040 2835 1096 versionibus
2886 1040 3233 1113 expostulat,
3289 1044 3462 1112 atque
3512 1041 3689 1096 inter-

2042 1132 2236 1201 pretes
2288 1128 2526 1183 minime
2580 1130 2838 1185 curiosos
2892 1130 3091 1201 tuisse,
3146 1130 3242 1185 ubi
3296 1146 3392 1186 eos
3445 1130 3693 1187 maxime

2043 1218 2422 1294 scrupulosos
2452 1235 2578 1274 esse
2610 1218 3022 1291 opportuisset,
3048 1219 3310 1275 ciamitat
3329 1220 3357 1274 ?

2114 1305 2448 1376 Legendum
2479 1304 2658 1377 igitur
2688 1303 2917 1374 ἐτησίων
2949 1325 3052 1379 pro
3082 1307 3276 1361 θυσιῶν
3309 1307 3544 1379 conjicit
3578 1326 3590 1363 :

2114 1393 2273 1471 "‘Osor,
2308 1389 2486 1471 διῆλθ’
2520 1392 2747 1460 ἐτησίων
2777 1393 2899 1471 ἐμοὶ
2931 1394 3152 1471 χρόνος.

2119 1466 2273 1533 Quod
2302 1468 2597 1521 etesiarum
2628 1470 2849 1522 transiit
2881 1466 3087 1540 tempus
3118 1469 3272 1523 mihi.

2046 1555 2180 1620 Quae
2210 1554 2380 1609 lectio
2412 1555 2575 1610 nullo
2617 1555 2823 1611 nititur
2871 1558 3273 1626 fundamento,
3324 1575 3429 1613 nec
3477 1557 3596 1613 ulla
3642 1558 3691 1613 ei

2047 1645 2250 1699 subest
2282 1646 2454 1701 notio.
2487 1647 2627 1710 Quis
2655 1648 2811 1703 enim
2856 1650 3052 1704 credat
3095 1648 3433 1721 Gregorium
3470 1653 3693 1722 patrem

2047 1732 2376 1805 signiﬁcare
2404 1736 2681 1803 voluisse,
2716 1738 2978 1794 nondum
3008 1743 3095 1795 tot
3123 1755 3307 1794 annos
3331 1739 3543 1795 vixisse
3563 1739 3696 1794 Gre-

2047 1823 2275 1894 gorium
2312 1823 2518 1891 filium,
2553 1830 2695 1897 quot
2728 1826 2852 1899 ipse
2873 1827 3122 1883 vixerit?
3154 1828 3298 1885 Nam
3326 1828 3405 1883 sic
3450 1828 3573 1901 ipse
3601 1828 3695 1883 in-

2047 1915 2310 1983 pretatur
2341 1913 2769 1985 Papebrocbius
2802 1916 2874 1988 (e)
2899 1934 2912 1971 :

2119 2001 2278 2138 aﬂtats
2304 2006 2525 2125 piracta
2555 2006 2667 2057 tam
2696 2004 2858 2073 longa
2883 2004 3123 2060 nondum
3155 2013 3233 2061 est
3256 2007 3378 2076 tibi,

2168 2087 2233 2125 uo
2264 2114 2277 2137 ,
2311 2088 2338 2124 e
2371 2090 2419 2127 c.

2168 2087 2277 2137 uct,
2311 2087 2419 2127 etc.

2048 2160 2155 2213 Sed
2190 2161 2566 2217 correctionis
2595 2180 2712 2217 sua:
2747 2185 2774 2214 ‹‹
2805 2163 3121 2236 licentiam,
3155 2188 3182 2215 »
3244 2165 3327 2221 sic
3374 2167 3531 2221 enim
3578 2166 3704 2237 ipse

2049 2248 2324 2319 appellat,
2357 2251 2589 2323 agnovit
2620 2256 2859 2323 postea;
2906 2255 3209 2309 confessus
3257 2259 3347 2309 est
3390 2255 3566 2309 etiam
3615 2255 3705 2309 vir

2050 2338 2335 2394 candidus
2366 2356 2493 2394 eam
2536 2340 2757 2397 nullius
2800 2344 3181 2415 manuscripti
3213 2344 3555 2398 auctoritate
3588 2343 3696 2397 ful-

2050 2425 2175 2490 ciri,
2209 2443 2274 2481 ac
2304 2428 2541 2483 demum
2573 2429 2863 2500 pollicitus
2896 2431 3047 2487 hanc
3068 2448 3129 2487 se
3154 2432 3401 2487 libenter
3421 2432 3697 2488 dimissu-

2051 2530 2205 2581 rum,
2236 2533 2371 2570 cum
2403 2517 2486 2572 vel
2519 2518 2693 2574 aliam
2718 2520 2907 2592 magis
2930 2522 3231 2575 fundatam
3252 2524 3586 2591 certamque
3607 2520 3697 2575 in-

2050 2603 2268 2658 venerit
2300 2605 2616 2677 quispiam,
2664 2607 2756 2663 vel
2810 2608 3160 2680 explicandae
3200 2609 3479 2680 pbraseos
3528 2610 3699 2665 istius

2050 2693 2337 2749 rationem
2369 2694 2674 2766 aptiorem.
2695 2696 2881 2752 Aliam
2903 2697 3029 2769 ipse
3054 2697 3479 2769 Papebrocbius
3500 2698 3695 2754 lectio-

2052 2797 2187 2837 nem
2219 2782 2439 2837 invenit
2466 2784 2566 2857 (Γ),
2599 2801 2701 2839 seu
2729 2787 2923 2856 potius
2954 2787 3154 2853 ﬁnxit;
3179 2788 3349 2857 cujus
3370 2804 3484 2841 non
3511 2788 3699 2857 major

2053 2886 2229 2941 quam
2265 2872 2473 2941 prioris
2528 2875 2843 2929 auctoritas
2878 2892 3006 2930 esse
3036 2881 3246 2947 potest,
3294 2892 3427 2930 cum
3473 2876 3696 2932 nullius

2050 2957 2180 3030 ipsa
2228 2959 2443 3014 codicis
2484 2963 2823 3017 auctoritate
2867 2964 3143 3019 fulciatur
3175 2982 3187 3031 ;
3238 2970 3295 3019 et
3331 2982 3453 3036 quin
3486 2981 3611 3027 suo.
3646 2966 3695 3020 si

2050 3049 2480 3121 admitteretur,
2524 3050 2653 3121 plus
2705 3058 2955 3120 noceret,
2994 3070 3172 3123 quam
3208 3054 3421 3108 faveret
3450 3054 3694 3109 fabrica-

2047 3137 2160 3191 tori
2197 3154 2209 3191 :
2242 3139 2326 3193 sic
2356 3138 2533 3210 igitur
2560 3139 2870 3210 legendum
2902 3142 3194 3213 suggerit:

2120 3226 2278 3304 "‘O‘coc
2310 3222 2499 3294 διῆλθε
2530 3224 2609 3287 δὶς
2640 3226 2889 3304 {crepat
2920 3229 3141 3304 χρόνος.

2120 3299 2214 3353 Bis
2244 3304 2514 3369 quantum
2537 3302 2711 3355 eundo
2741 3299 3187 3375 labitur'tempus
3218 3305 3373 3359 mihi.

2049 3385 2245 3442 Satius
2295 3392 2404 3455 est,
2440 3393 2504 3443 ut
2534 3389 2615 3443 ait
2644 3396 2839 3445 noster
2868 3392 3222 3447 Prudentius
3255 3394 3453 3448 Maran
3487 3394 3545 3447 in
3583 3394 3695 3449 Vita

2047 3479 2224 3532 sancti
2250 3478 2461 3532 Basilii
2484 3479 2564 3550 (p.
2595 3479 2707 3549 38),
2740 3502 2769 3529 ‹‹
2805 3497 2939 3536 cum
2974 3481 3341 3538 Tillemontio
3373 3483 3559 3553 fateri,
3608 3483 3694 3537 le-

2047 3581 2180 3638 gem
2255 3566 2711 3623 ecclesiasticam
2764 3570 2835 3625 de
2881 3571 3240 3627 continentia
3285 3573 3691 3643 episcoporum

2048 3656 2310 3710 nondum
2365 3656 2425 3711 in
2478 3656 2752 3713 omnibus
2802 3659 3040 3715 omnino
3097 3660 3368 3716 Ecclesiis
3416 3662 3690 3731 viguisse,

2047 3760 2228 3817 quam
2254 3746 2689 3816 apertissimum
2721 3747 2915 3803 locum
2932 3749 3219 3819 ejusmodi
3240 3751 3594 3820 conjecturis
3616 3757 3697 3805 at-

2045 3836 2289 3889 tentare.
2311 3856 2339 3882 »
2370 3834 2565 3904 Recte,
2598 3836 2647 3891 si
2668 3837 2831 3908 prius
2862 3837 3251 3893 demonstrari
3282 3845 3478 3910 posset
3506 3839 3691 3906 legem

2045 3921 2208 3978 illam
2247 3922 2307 3977 in
2338 3924 2698 3995 Cappadocia
2748 3942 2865 3981 non
2913 3926 3191 3999 viguisse,
3241 3927 3396 3998 quod
3454 3928 3690 3999 quidem

2044 4012 2289 4084 probare
2328 4029 2443 4067 non
2474 4013 2640 4069 facile
2668 4013 2860 4071 fuerit.

2118 4101 2218 4157 Est
2238 4100 2389 4157 alius
2420 4102 2679 4175 Gregorii
2718 4108 2930 4169 textus,
2963 4103 3062 4174 qui
3116 4105 3189 4159 ad
3227 4106 3687 4162 confirmandam

2046 4190 2399 4246 sententiam
2431 4191 2787 4247 Tillemontii
2818 4193 2889 4246 de
2919 4209 3073 4247 anno
3096 4210 3210 4264 quo
3232 4212 3318 4250 νη·
3338 4201 3576 4251 sanctus
3601 4214 3697 4251 na-

2044 4283 2143 4335 tus
2174 4286 2285 4346 est,
2331 4298 2444 4336 non
2486 4280 2684 4336 minus
2724 4281 2970 4337 idoneus
3016 4282 3247 4338 videtur
3280 4300 3292 4338 :
3329 4284 3409 4339 ait
3439 4302 3694 4357 namque

2045 4369 2375 4439 Gregorius,
2408 4386 2541 4423 cum
2576 4370 2811 4424 Athenis
2843 4370 2900 4423 in
2916 4371 3163 4442 patriam
3182 4372 3433 4427 reditum
3451 4375 3694 4444 parabat

2046 4473 2198 4513 anno
2229 4459 2353 4529 355,
2378 4475 2439 4513 se
2465 4457 2705 4529 longum
2736 4462 2971 4529 tempus
2990 4460 3185 4515 studio
3215 4460 3557 4532 eloquentiae
3579 4463 3689 4518 im-

2046 4547 2338 4618 pendisse,
2374 4564 2441 4602 ac
2472 4563 2533 4602 se
2556 4550 2680 4617 jam
2710 4547 2946 4604 circiter
2973 4548 3215 4621 triginta
3244 4567 3429 4606 annos
3461 4557 3683 4608 natum.

302 4638 533 4710 lii-XIII.
566 4638 825 4693 Bollandi
855 4639 1125 4710 sententia
1174 4638 1241 4693 de
1276 4655 1441 4707 anno,
1498 4655 1601 4710 quo
1648 4650 1812 4696 natus
1856 4646 1935 4697 est
1963 4622 2009 4687 D
2041 4639 2171 4690 Haec
2200 4641 2339 4690 sunt
2368 4636 2495 4706 ejus
2529 4636 2699 4691 verba
2730 4654 2744 4693 :

368 4708 662 4783 Gregorius.
696 4712 835 4783 Quot
864 4710 1027 4783 agnis
1058 4709 1345 4780 Gregorius
1376 4708 1594 4767 Athehis
1613 4714 1939 4783 eloquentia

371 4797 587 4851 cperam
612 4781 782 4838 dedit.
816 4781 1112 4851 Refellitur
1140 4784 1323 4853 opinio
1343 4784 1625 4839 Buttandi.

374 4888 697 4944 Reclamant
732 4887 1107 4943 Bollandistas
1135 4888 1225 4959 (ε),
1258 4889 1605 4961 interpretes
1636 4896 1934 4959 accusant,

316 4978 466 5031 verba
493 4978 683 5033 Graeca
713 4978 785 5033 ab
816 4976 962 5048 ipsis
994 4976 1146 5032 male
1176 4978 1403 5033 reddita
1440 4979 1639 5034 Latine
1677 4997 1934 5051 querun-

318 5064 415 5132 tur,
443 5073 493 5120 et
522 5064 1012 5122 absurdissimum
1046 5082 1175 5121 esse
1209 5065 1482 5133 clamant,
1536 5069 1583 5122 si
1625 5067 1935 5138 Gregorius

319 5148 679 5211 Nazianzenus
724 5155 957 5210 dicatur
1002 5159 1165 5226 patre
1211 5156 1507 5211 sacerdote
1544 5155 1632 5212 vel
1662 5158 1933 5230 episcopo

322 5241 500 5299 editus.
532 5245 591 5300 1d
622 5244 859 5315 quidem
892 5243 1111 5299 mirum
1136 5248 1192 5300 et
1214 5261 1454 5316 prorsus
1476 5245 1801 5315 insolitum,
1828 5264 1933 5304 nec

381 5358 628 5432 «διῆρες.
662 5377 702 5425 ι,
741 5360 947 5428 11,28.

386 5490 451 5558 (c)
475 5492 561 5549 Or.
588 5496 645 5561 2,
676 5510 733 5546 n.
773 5493 865 5545 77.

392 5561 454 5632 (ὁ)
481 5566 657 5619 Carm.
694 5565 769 5620 De
785 5566 905 5619 vita
934 5578 1057 5625 sua,
1088 5578 1140 5630 v,
1171 5562 1295 5618 512.

410 5634 1082 5780 iisiiss-sie“-

2120 4724 2220 4779 Καὶ
2250 4725 2353 4800 γὰρ
2381 4723 2555 4786 πολὺς
2585 4724 2838 4800 τέτριπτο
2867 4732 2984 4788 τοῖς
3018 4724 3201 4801 λέγοις
3230 4727 3454 4819 χρόνος.

2120 4794 2234 4819 νιπῇγ
2292 4796 2573 4819 ,_,,,,,,,I
2692 4818 2727 4819 κν
2802 4818 2809 4819 ,
2875 4795 2922 4819 δῖ
3061 4803 3085 4811 ~
3129 4800 3139 4815 ο
3178 4802 3199 4819 γ
3283 4801 3291 4817 1
3414 4804 3426 4819 l

2116 4794 2603 4870 Ἦδὴτριακοστόν
2643 4794 2734 4869 ubi
2768 4795 2961 4873 σχεδὸν
2994 4794 3139 4853 τοῦῖ
3169 4794 3383 4868 ἦν”ἕτος
3411 4804 3506 4873 (g).

2043 4889 2257 4945 Verum
2288 4906 2356 4945 ex
2385 4890 2624 4945 adverso
2655 4896 2969 4948 occurrunt
2999 4891 3371 4949 Bollandistae
3392 4894 3492 4964 (ἡ),
3522 4898 3691 4964 atque

2042 4978 2102 5033 in
2133 4995 2199 5034 eo
2228 4978 2554 5051 disputant.
2596 4998 2617 5026 α
2652 4979 2865 5045 Gratis,
2899 4981 3197 5053 inquiunt,
3220 4983 3595 5053 praesumitur
3615 4984 3691 5039 si-

2044 5068 2208 5141 gnari
2258 5084 2449 5123 annus
2488 5068 2697 5137 astatis,
2733 5070 2832 5123 ubi
2865 5087 3056 5126 annus
3087 5071 3289 5137 studii,
3322 5072 3687 5143 acquirendae

2043 5156 2385 5229 eloquentiae
2415 5157 2658 5212 Athenis
2714 5158 2987 5230 impensi,
3039 5159 3220 5214 multo
3265 5162 3689 5231 congruentius

2042 5252 2233 5319 potest
2260 5246 2621 5318 intelligi.....
2654 5247 2813 5303 Alias
2845 5248 3001 5303 enim
3024 5249 3563 5323 quomodotempus
3587 5269 3690 5307 au-

2113 5496 2186 5566 (e)
2216 5496 2381 5550 Tom.
2418 5494 2463 5551 ll
2496 5495 2651 5549 Maii.
2687 5513 2741 5567 p.
2764 5496 2889 5551 845.

2134 5570 2180 5637 f)
2210 5568 2376 5621 Tom.
2411 5568 2513 5621 Vll
2546 5567 2700 5636 Maii,
2732 5584 2789 5638 p.
2821 5569 2948 5637 651,

2136 5642 2190 5709 g)
2222 5640 2411 5694 Carm.
2445 5640 2517 5693 De
2548 5642 2660 5693 vita
2687 5655 2807 5709 sua,
2840 5657 2896 5709 ν,
2928 5640 3052 5696 238.

2115 5710 2199 5783 (h)
2226 5711 2261 5763 9
2290 5710 2442 5779 Maii,
2475 5728 2535 5782 p.
2575 5710 2699 5768 371.
