4052 6276
311 321 430 386 135
1640 328 1828 390 VITA
1874 329 1935 389 S.

2093 328 2381 392 EGORII.
3589 329 3696 391 156

315 472 527 514 norum
559 460 686 515 octo
714 457 803 515 vel
834 458 1029 516 decem
1059 460 1189 529 (nec
1219 458 1372 517 enim
1407 458 1604 534 plures
1654 465 1795 518 tunc
1844 478 1952 517 nu-
1981 465 2035 531 Α
2067 463 2216 534 quod
2250 462 2424 519 etiam
2457 461 2698 536 signant
2729 460 2929 520 addita
2953 458 3241 536 particula
3272 482 3301 512 ‹‹
3331 462 3605 534 tanquam
3634 477 3701 519 ex

312 563 535 603 morare
568 565 790 620 posses,
822 548 870 604 si
904 548 1093 605 solum
1126 554 1249 606 erat
1276 551 1668 619 tricenarius),
1706 551 1947 625 longum
2059 550 2448 608 imberbibus.
2479 574 2509 604 »
2546 553 2660 621 Sic,
2696 552 2975 625 inquiunt
3005 552 3095 624 (ο),
3129 568 3233 607 nec
3260 551 3416 623 quod
3442 572 3468 601 «
3498 567 3567 607 ex
3594 551 3700 606 im-

311 636 552 693 dixisset
572 638 643 692 ad
691 654 819 693 eam
848 638 1340 708 exercitationem,
1375 641 1469 696 cui
1500 641 1735 713 plurimi
1766 644 1949 696 totam
2060 640 2358 710 berbibus,
2417 642 2574 698 dicat
2625 641 3006 714 (Gregorius),
3063 643 3249 697 factos
3321 639 3495 710 viros,
3530 666 3550 692 ι
3605 641 3699 697 de-

313 727 585 783 dicabant
613 726 812 795 vitam,
846 744 1034 799 neque
1065 729 1151 783 vel
1182 735 1441 785 extrema
1476 736 1641 787 atate
1691 731 1950 786 oratoria
2063 730 2158 785 bet
2187 747 2320 785 cum
2354 735 2622 802 respectu
2655 731 2725 787 ad
2760 735 2987 786 atatem
3021 729 3225 801 accipi,
3260 730 3359 785 sed
3393 729 3587 784 referri
3630 731 3695 785 ad

315 816 460 872 artis
491 817 900 888 perfectionem
925 835 986 873 se
1024 824 1325 873 assecutos
1365 820 1769 875 credebant?»
1805 820 1951 890 Ergo
2061 820 2324 874 animum
2352 837 2365 887 ;
2400 820 2499 891 qui
2533 825 2671 875 tunc
2702 821 2959 892 primum
2995 818 3238 873 viriliter
3266 818 3409 888 erigi
3440 817 3610 888 capit
3640 834 3702 872 ac

313 922 385 961 ne
415 906 613 960 decem
646 905 733 961 vel
767 912 893 962 octo
924 909 1062 962 anni
1096 906 1437 979 eloquentia
1470 908 1664 963 studio
1709 908 1953 963 Athenis
2064 908 2347 975 roborari,
2379 924 2513 963 cum
2547 908 2798 980 seposito
2828 908 2959 963 aliis
2992 907 3256 979 placendi
3292 907 3507 974 studio,
3554 907 3702 977 quod

309 994 581 1066 impensi,
610 994 731 1051 viro
754 995 1104 1063 Christiano,
1131 997 1229 1069 qui
1261 999 1383 1067 jam
1410 1003 1579 1053 antea
1609 1014 1712 1070 per
1758 997 1955 1069 plures
2065 996 2539 1068 imperfectorum
2560 1002 2668 1066 est,
2703 998 2775 1052 ad
2806 1013 2999 1051 veram
3027 995 3392 1066 solidamque
3412 994 3704 1061 virtutem,

316 1100 521 1151 annos,
556 1088 681 1139 tum
714 1084 983 1141 Nazianzi
1013 1103 1046 1141 a
1077 1087 1439 1158 parentibus,
1487 1091 1615 1142 tum
1665 1088 1953 1158 Casarea,
2066 1103 2190 1157 qua
2222 1094 2309 1141 est
2336 1087 2593 1142 virorum
2627 1088 3037 1158 perfectorum,
3071 1088 3346 1140 conatum
3399 1100 3573 1138 suum
3619 1083 3706 1137 in-

314 1171 562 1244 aliisque
593 1173 652 1228 in
683 1172 826 1230 locis
848 1175 1254 1232 adoctissimis
1277 1176 1574 1248 magistris
1597 1177 1655 1231 in
1678 1177 1836 1232 omni
1862 1175 1955 1231 lit-
2066 1176 2397 1231 tenderunt.
2432 1177 2561 1232 Hac
2593 1176 2850 1247 profecto
2872 1193 2905 1231 a
2951 1174 3334 1230 Bollandistis
3382 1172 3709 1228 inconside-

312 1266 570 1318 terarum
596 1266 654 1317 et
674 1262 1047 1320 scientiarum
1075 1281 1284 1337 genere
1305 1265 1493 1320 fuerat
1514 1264 1841 1336 institutus,
1864 1283 1956 1321 sa-
2067 1268 2188 1320 rate
2219 1266 2396 1335 dicta,
2433 1265 2528 1321 fas.
2550 1266 2626 1321 sit
2655 1266 2884 1332 dicere;
2922 1281 3027 1320 nec
3070 1263 3352 1335 injuriam
3394 1279 3456 1318 se
3501 1261 3709 1317 Basilio

312 1351 390 1408 tis
408 1368 700 1425 superque
719 1356 905 1421 erant,
933 1354 1131 1425 utipsi
1167 1355 1356 1409 dicere
1389 1354 1591 1410 liceret
1628 1371 1688 1410 se
1715 1353 1957 1428 longum
2068 1358 2124 1409 et
2150 1354 2424 1426 Gregorio
2456 1355 2643 1410 facere
2681 1354 3032 1427 cogitarunt,
3085 1370 3219 1409 cum
3271 1353 3462 1420 aiunt,
3514 1374 3542 1403 «
3574 1355 3711 1406 tunc

312 1444 547 1513 tempus
580 1441 635 1495 in
673 1458 739 1497 eo
770 1443 1061 1499 curriculo
1093 1443 1373 1499 trivisse?
1410 1446 1494 1499 An
1541 1460 1673 1499 vero
1722 1460 1960 1500 necesse
2069 1444 2347 1516 primum,
2378 1465 2407 1494 »
2440 1443 2661 1499 scilicet
2691 1459 2822 1498 cum
2858 1459 3079 1498 annum
3115 1442 3302 1497 atatis
3342 1440 3711 1512 quinquage-

313 1535 423 1595 est,
452 1533 516 1585 ut
534 1529 714 1585 vitam
739 1532 870 1603 quis
891 1535 1074 1587 totam
1091 1531 1366 1587 dicaverit
1378 1532 1571 1587 studio
1591 1532 1957 1603 eloquentia,
2069 1532 2286 1588 simum
2316 1531 2590 1604 quintum
2622 1531 2976 1604 attigissent,
2995 1546 3199 1587 eorum
3222 1531 3454 1585 animos
3489 1548 3514 1579 α
3534 1526 3713 1582 virili-

315 1634 431 1689 quo
455 1635 586 1674 vere
610 1619 793 1690 possit
812 1620 1002 1676 dicere
1024 1637 1085 1675 se
1106 1619 1345 1692 longum
1370 1627 1603 1693 tempus
1627 1621 1764 1676 huic
1794 1639 1958 1677 exer-
2068 1625 2156 1675 ter
2185 1620 2323 1691 erigi
2355 1621 2600 1693 coepisse
2630 1637 2696 1676 ac
2727 1620 3011 1691 roborari,
3045 1624 3102 1676 et
3134 1618 3393 1691 seposito
3425 1616 3559 1673 aliis
3592 1615 3711 1688 pla—

314 1707 576 1763 citationi
609 1708 967 1779 impendisse
986 1710 1014 1763 ‘I
1043 1710 1385 1783 Potuitergo
1408 1712 1599 1767 dicere
1621 1711 1954 1784 Gregorius,
2066 1710 2234 1766 cendi
2264 1710 2482 1774 studio,
2513 1710 2583 1765 ad
2609 1726 2804 1766 veram
2827 1709 3199 1781 solidamque
3225 1708 3508 1763 virtutem
3535 1722 3709 1761 cona-

318 1796 474 1869 quod
507 1814 643 1852 eum
676 1797 892 1853 dixisse
917 1798 1296 1855 manifestum
1328 1804 1433 1856 est.
1466 1805 1587 1857 Imo
1617 1800 1797 1856 miror
1816 1801 1956 1858 Gre-
1990 1843 2039 1909 B
2067 1803 2193 1855 tum
2225 1799 2568 1855 intendisse.
2598 1822 2618 1848 ι
2646 1798 2887 1872 Egregia
2906 1815 3039 1854 vero
3083 1798 3213 1853 laus
3253 1795 3453 1853 Basilii
3487 1799 3545 1851 et
3582 1794 3714 1851 Gre-

318 1886 543 1909 --..ε--...
580 1890 661 1909 ΛΑι
696 1903 876 1909 -....--
922 1887 1147 1909 AAL__2_
1200 1894 1490 1909 __-_‘-1_,r__
1532 1908 1535 1909 ,
1593 1891 1841 1909 n,,,,,_,‘,
1878 1908 1921 1909 ,,,
2077 1888 2210 1909 _A__::
2237 1891 2246 1909 I
2288 1889 2398 1909 re---
2438 1888 2682 1909 _-_#2A-_
2729 1887 3067 1909 ___L___._-‘l_'_
3128 1888 3531 1909 m-_L___-___-
3564 1884 3681 1909 -.ζ-Α

316 1886 545 1959 gorium
580 1890 666 1941 tot
694 1903 878 1943 annos
908 1887 1152 1944 Athenis
1200 1894 1501 1946 versatum
1528 1908 1541 1959 ;
1590 1891 1956 1964 Gregorium,
1990 1884 2039 1909 υ
2069 1888 2247 1962 goriil
2287 1889 2405 1945 [mo
2437 1888 2692 1945 maxima
2722 1887 3094 1944 contumelia.
3128 1888 3534 1942 Tantorumne
3564 1884 3712 1938 viro-

317 1974 579 2043 inquam,
611 1991 785 2047 quem
828 1980 1016 2031 mater
1045 1994 1078 2032 a
1108 1977 1225 2034 Deo
1271 1979 1540 2049 precibus
1596 1979 1960 2052 impetrarat,
2070 1995 2201 2033 rum
2231 1978 2486 2046 animus,
2518 1995 2633 2033 non
2665 1977 2777 2033 nisi
2807 1976 3022 2033 exactis
3066 1992 3132 2032 Lv
3172 1975 3367 2041 annis,
3409 1997 3439 2025 «
3471 1972 3717 2028 viriliter

318 2062 637 2137 pollicitata
667 2081 727 2119 se
758 2064 808 2119 ei
830 2065 1177 2136 dicaturam,
1206 2066 1254 2122 si
1276 2070 1423 2123 votis
1442 2072 1722 2124 annueret
1749 2094 1762 2137 ;
1786 2085 1959 2141 quem
2069 2067 2210 2138 erigi
2238 2067 2408 2140 capit
2435 2071 2493 2123 et
2522 2068 2593 2123 ad
2625 2083 2820 2123 veram
2852 2066 3219 2138 solidamque
3248 2065 3526 2119 virtutem
3552 2078 3721 2118 cona-

319 2169 354 2209 a
382 2151 551 2207 vulva
579 2152 709 2225 ipsa
736 2154 808 2208 ad
844 2155 1023 2210 Deum
1057 2156 1415 2227 projecerat;
1464 2157 1567 2229 qui
1618 2174 1680 2213 se
1712 2174 1746 2212 a
1780 2162 1965 2214 matre
2072 2162 2198 2213 tum
2245 2157 2594 2214 intendere?
2620 2178 2650 2207 »
2699 2156 3081 2213 Considerent
3139 2153 3518 2211 Bollandista
3576 2150 3717 2225 quid

319 2240 437 2299 Deo
459 2241 714 2297 dicatum
738 2246 906 2298 norat
929 2261 942 2311 ;
967 2243 1083 2315 cui,
1108 2261 1244 2300 cum
1274 2246 1397 2317 jam
1439 2246 1700 2318 pueritia
1732 2250 1962 2303 atatem
2073 2246 2435 2319 scripserint.

318 2329 653 2425 transisset,
695 2331 902 2425 divina
958 2332 1269 2405 Scriptura
1314 2333 1580 2425 exempla
1627 2335 1963 2425 instillarat,
2571 2351 2672 2407 xv
2695 2351 2911 2425 σωρεία
2937 2349 3216 2406 Βοιιαηάί.

323 2420 539 2492 quibus
570 2419 929 2493 signiﬁcaret
956 2426 1263 2494 parentum
1296 2427 1450 2480 vota.
1492 2424 1734 2480 Abrahae
1787 2425 1968 2481 histo-

323 2509 473 2566 riam
499 2514 554 2565 et
573 2514 760 2578 Isaac,
783 2511 959 2565 Anna
997 2514 1055 2566 et
1095 2510 1418 2581 Samuelis;
1459 2530 1634 2585 quem
1666 2530 1801 2569 cum
1832 2530 1966 2569 eum

324 2603 439 2655 Deo
469 2598 780 2671 puerulum
812 2598 1045 2668 obtulit,
1077 2598 1161 2657 sic
1188 2600 1363 2656 atrata
1390 2606 1515 2656 erat
1545 2602 1622 2673 (a)
1649 2617 1662 2657 :

394 2710 553 2771 Nate,
579 2721 674 2775 ego
692 2706 880 2760 vivum
912 2704 1145 2774 Christo,
1177 2706 1524 2769 charissime,
1559 2725 1757 2764 munus

395 2777 623 2848 Oﬁerro,
647 2793 748 2849 quo
778 2779 971 2833 matris
1000 2782 1184 2833 votum
1210 2781 1587 2850 promissaque
1616 2780 1834 2849 ﬁrmes;

2146 2460 2406 2518 Plurima
2434 2458 2636 2532 objicit
2666 2457 3134 2530 Papebrochius:
3167 2458 3223 2513 1ο
3254 2456 3366 2523 Qui
3420 2455 3550 2512 ﬁeri
3599 2471 3733 2528 pos-

2076 2550 2155 2606 sit
2179 2554 2245 2605 ut
2273 2549 2605 2622 Gregorius,
2638 2548 2737 2620 qui
2769 2548 2861 2602 vix
2888 2546 3356 2620 quadragenario
3383 2547 3581 2616 major
3611 2548 3737 2600 erat

2076 2639 2402 2696 secundum
2432 2636 2787 2693 Tillemontii
2818 2636 3129 2705 calculum,
3179 2652 3313 2691 cum
3368 2635 3549 2707 paulo
3601 2637 3732 2706 post

2076 2728 2274 2784 fratris
2303 2726 2533 2783 Casarii
2562 2730 2619 2781 et
2646 2726 2946 2797 Gorgonia
2968 2724 3187 2781 sororis
3211 2732 3468 2780 mortem
3495 2739 3734 2779 carmen

398 2814 1864 2923 62ίὲἴὶἒέἔέτῖεὲὶέῗῶῗεὲἴὸἔὲῗη’ἕὶἕέἱὶιῗῖἕᾶῗηίῖἷς’ἓῗῗεὲε
2078 2818 2149 2917 d9
2188 2817 2361 2923 “3‘?”
2391 2816 2515 2872 θυῖε
2547 2814 3729 2923 “rip”q9°”“‘}‘ﬂ(dl“l2??i‘3‘35‘5$

396 2904 618 2977 Eram
646 2904 903 2987 επίίηέηδξ
936 2904 1763 2994 ﬂagmh'n-‘bayegpgfdwas,"
2078 2907 2172 2963 nie
2203 2907 2516 2974 albescere,
2575 2921 2905 2977 rugosaque
2958 2905 3224 2994 membra
3252 2904 3345 2994 ad
3380 2904 3575 2994 tristis
3608 2904 3735 2955 vitae

394 2994 505 3067 Hoc
531 2994 819 3067 geuitricis
847 3005 967 3048 erat
992 3002 1174 3049 votum
1198 3010 1210 3049 :
1244 2995 1336 3067 cui
1357 2991 1611 3065 protinus
1652 2997 1766 3066 ipse
2076 3013 2348 3053 occasum
2372 3012 2554 3067 prona
2575 2994 2753 3050 ferri?
2774 2995 2873 3048 «2°
2896 2994 3196 3059 Quomodo
3213 2993 3426 3048 Nonna
3443 2991 3738 3065 quinqua-

400 3063 732 3131 Cedendum,
762 3066 823 3120 in
851 3073 1042 3121 tenera
1069 3066 1317 3137 quamvis
1353 3063 1535 3134 atate,
1564 3063 1779 3137 putavi.

2093 3086 2316 3159 genaria
2344 3085 2533 3140 ﬁlium
2565 3083 2824 3158 peperit?
2846 3084 2985 3140 Eam
3016 3084 3172 3139 enim
3222 3082 3571 3155 Gregorius,
3623 3095 3741 3135 non

325 3170 557 3243 Ecquis,
588 3170 710 3225 hac
741 3170 890 3226 serio
922 3172 1305 3243 perpendens,
1338 3173 1397 3228 in
1430 3174 1694 3230 animum
1722 3174 1965 3232 induxe-
1997 3213 2040 3281 Ο
2079 3175 2268 3233 solum
2293 3173 2589 3249 ὁμόζυγον,
2626 3196 2647 3224 α
2681 3175 3016 3247 conjugem,
3040 3194 3069 3223 »
3113 3188 3317 3228 verum
3371 3171 3558 3228 etiam
3611 3166 3744 3241 ὁμό-

325 3259 394 3281 _.'L
424 3260 761 3281 n_-_-_2--...
821 3260 911 3281 .___:
938 3261 1204 3281 _!-L_L___-
1240 3278 1258 3281 _
1290 3278 1377 3281 __,
1406 3278 1420 3281 -
1476 3264 1533 3281 ιρι
1614 3280 1617 3281 ,
1672 3280 1679 3281 ,
1752 3280 1781 3281 η
1818 3264 1834 3281 1
1917 3269 1926 3281 ι
2512 3269 2522 3281 ι
2696 3280 2725 3281 η
2823 3264 2846 3281 ρ
2888 3265 2899 3281 9
2948 3279 2994 3281 κ-
3036 3262 3235 3281 -ᾲ--η3ι
3292 3258 3371 3281 νε.
3484 3256 3578 3281 ῨκΊ
3604 3260 3651 3281 ,1'
3691 3276 3743 3281 __-

320 3259 397 3315 rit
423 3260 788 3332 Gregorium,
815 3260 915 3332 qui
936 3261 1211 3333 pietatem
1235 3278 1269 3318 a
1289 3264 1631 3334 parentibus
1659 3280 1794 3319 cum
1818 3264 1967 3320 lacte

2093 3284 2301 3341 (ρονον,
2335 3288 2357 3315 ι
2391 3269 2786 3321 coataneam»
2820 3264 3002 3319 fuisse
3030 3262 3257 3328 asserit,
3292 3258 3419 3329 ἴσην
3475 3256 3656 3331 πολιῇ
3688 3276 3747 3311 τε

318 3348 614 3415 hauserat,
648 3348 720 3404 ad
753 3365 974 3405 annum
1006 3366 1196 3421 usque
1252 3352 1444 3407 atatis
1488 3369 1558 3409 Lv
1601 3353 1967 3424 acquirendas
2077 3354 2168 3410 καὶ
2196 3351 2372 3423 ἤθεσι,
2407 3354 2719 3410 «moribus
2748 3356 2805 3408 et
2833 3351 3045 3408 canitie
3076 3349 3386 3423 aqualem,
3416 3372 3446 3401 »
3464 3351 3528 3405 3°
3590 3349 3749 3413 Quo-

320 3436 669 3509 eloquentia
691 3454 929 3510 operam
950 3438 1181 3495 dedisse
1207 3456 1333 3497 :nec
1356 3441 1491 3513 ipsi,
1517 3446 1649 3514 post
1670 3442 1971 3515 impensos
2081 3446 2255 3501 modo
2282 3444 2340 3499 id
2371 3444 2615 3500 tacitum
2646 3442 3123 3515 pratermisisset
3146 3439 3302 3495 ﬁlius
3335 3439 3403 3495 in
3449 3437 3749 3503 oratione,

318 3526 457 3582 huic
488 3525 683 3582 studio
715 3526 958 3583 Athenis
990 3532 1118 3584 octo
1149 3528 1240 3585 vel
1282 3531 1481 3588 decem
1543 3548 1729 3588 annos
1778 3532 1969 3589 dicere
2081 3551 2197 3607 qua
2226 3537 2535 3607 parentum
2560 3530 2764 3588 laudes
2796 3530 3192 3604 prosequitur,
3220 3529 3414 3585 multa
3434 3528 3614 3601 longe
3642 3526 3752 3582 mi-

320 3614 562 3671 licuisse
592 3632 655 3670 se
685 3615 929 3688 longum
960 3620 1194 3690 tempus
1221 3620 1583 3692 impendisse
1606 3620 1634 3676 7
2082 3624 2317 3679 nutiora
2347 3622 2678 3695 cxpendens
2700 3622 2728 3677 ‘2
2750 3621 2883 3677 Suis
2907 3621 3141 3691 quidem
3172 3635 3285 3674 non
3307 3623 3473 3674 caret
3495 3615 3753 3673 difﬁcul-

530 3704 679 3761 XIV.
714 3706 978 3762 Imberbis
1008 3706 1307 3778 Gregorius
1338 3710 1501 3765 rediit
1519 3710 1766 3767 Athenis.
2080 3712 2301 3769 tatibus
2329 3710 2682 3767 Tillemontii
2733 3710 2953 3783 Opinio,
3007 3708 3108 3765 sed
3163 3725 3289 3778 qua
3333 3712 3547 3764 tamen
3604 3704 3751 3762 solvi

397 3795 555 3850 Adeo
581 3798 777 3850 autem
812 3812 1033 3852 annum
1068 3814 1132 3852 LV
1161 3814 1276 3853 non
1308 3799 1599 3870 attigerat,
1635 3817 1767 3856 cum
1796 3801 1972 3856 Athe-
2084 3802 2329 3876 possint.
2364 3807 2484 3873 Age
2515 3816 2672 3871 ergo,
2710 3800 2765 3854 1ο
2812 3800 3031 3853 mirum
3084 3813 3213 3853 esse
3260 3813 3383 3852 non
3427 3796 3609 3853 debet
3660 3811 3752 3851 se-

328 3883 418 3939 nis
450 3884 623 3939 rediit
653 3885 987 3958 Gregorius,
1023 3890 1087 3941 ut
1144 3902 1207 3943 se
1238 3891 1380 3943 tunc
1412 3893 1465 3944 et
1512 3889 1794 3945 Basilium
1846 3912 1875 3941 ‹‹
1906 3906 1976 3945 ex
2084 3890 2339 3948 nectutis
2393 3888 2767 3945 incommoda
2849 3887 3303 3944 circumvenisse
3387 3885 3752 3959 Gregorium

330 3976 693 4033 imberbibus
722 3976 875 4035 viros
924 3978 1160 4035 factos»
1209 3979 1393 4037 fuisse
1439 3980 1613 4037 dicat.
1663 3981 1753 4042 Ὠς
1784 3977 1830 4035 δ’
1881 3977 1971 4035 οὗν
2085 3980 2430 4054 priusquam
2455 3979 3066 4049 adeamatatem,qua
3091 3978 3369 4031 senectus
3388 3973 3755 4048 appellatur,

332 4063 697 4139 ἑπανήκαμεν,
756 4064 922 4141 μικρὰ
975 4067 1055 4139 τῷ
1106 4066 1298 4142 κόσμῳ
1345 4067 1434 4123 καὶ
1482 4072 1549 4143 τῇ
1601 4074 1773 4143 σκηνῇ
1824 4089 1967 4145 χασι-

2093 4069 2462 4143 pervenisset.
2495 4068 2554 4123 Id
2586 4067 2743 4123 enim
2775 4083 2890 4121 non
2920 4070 3043 4121 tam
3094 4064 3253 4120 illius
3306 4065 3511 4134 annis,
3568 4078 3757 4137 quam

334 4155 581 4226 σάμενοι,
629 4154 718 4208 καὶ
767 4153 889 4209 ὅσον
940 4156 1030 4211 τὸν
1078 4161 1186 4212 τῶν
1233 4155 1459 4213 πολλῶν
1510 4158 1675 4213 πόθον
1736 4158 1967 4236 ἀφοσιώ-

2093 4157 2549 4224 inﬁrmitatibus,
2578 4156 2907 4211 studiorum
2926 4171 2991 4209 ac
3022 4152 3382 4227 poenitentia
3416 4153 3757 4220 laboribus,

337 4244 522 4297 σασθαι
572 4241 657 4317 (οὐ
706 4242 804 4319 γὰρ
868 4243 1021 4299 αὐτοί
1081 4267 1142 4322 γε
1206 4243 1428 4323 εἶγομεν
1493 4248 1807 4323 θεατρικῶς,
1864 4246 1967 4304 οὐδ

2093 4248 2303 4321 quibus
2318 4248 2443 4318 jam
2467 4246 2714 4301 fractum
2739 4244 2924 4315 ipsius
2947 4247 3071 4299 erat
3090 4259 3326 4314 corpus,
3346 4246 3408 4297 et
3423 4240 3762 4299 senectutis

336 4329 757 4404 ἐπιδεικτικῶς),
806 4331 1037 4409 τάχιστα
1084 4333 1377 4409 ἐγενόμεθα
1436 4338 1596 4408 ἡμῶν
1646 4336 1844 4407 αὐτῶν,
1889 4338 1967 4393 καῖ

2093 4336 2462 4393 incommoda
2485 4337 2957 4405 supervenerant,
2998 4332 3405 4387 tribuendum.
3445 4331 3618 4396 Quod
3656 4346 3764 4385 au-

334 4421 599 4494 τελοῦμεν
658 4420 734 4483 εἷς
791 4419 984 4498 ἄνδρας
1045 4422 1095 4496 ἐξ
1147 4423 1416 4500 ἀγενείων,
1467 4423 1862 4503 ἀνδρικώτερον
1912 4430 1967 4500 τῆ

2093 4432 2207 4483 tem
2238 4426 2421 4495 aiunt,
2452 4423 2797 4496 Gregorium
2828 4421 3061 4478 silentio
3091 4438 3208 4477 non
3267 4420 3459 4477 fuisse
3519 4424 3767 4493 prater-

339 4510 635 4591 φιλοσοφίᾳ
662 4506 1093 4587 προσϐαίνοντες.
1126 4518 1215 4570 An
1245 4532 1377 4571 vero
1408 4516 1729 4574 imberbem
1761 4534 1823 4574 se
1854 4533 1967 4574 esse

2093 4516 2436 4584 missurum,
2468 4513 2517 4570 si
2548 4528 2617 4567 ex
2647 4516 2831 4569 matre
2855 4516 2977 4567 tam
3020 4515 3301 4583 provecta
3352 4510 3554 4565 atatis
3605 4512 3768 4565 esset

341 4588 531 4659 dicere
555 4606 745 4676 potest
778 4603 863 4658 vir
891 4620 957 4659 Lv
986 4621 1174 4660 annos
1202 4606 1422 4662 natus?
1465 4629 1493 4657 «
1528 4606 1598 4662 Ut
1646 4607 1843 4679 igitur,
1898 4607 1984 4663 in-
2013 4588 2060 4653 D
2092 4610 2297 4672 natus;
2324 4603 2458 4659 utid
2483 4602 2892 4668 concedamus,
2917 4604 3067 4656 certe
3087 4599 3320 4655 silentio
3343 4615 3469 4655 non
3516 4602 3766 4672 prater-

341 4695 470 4767 quit
503 4692 814 4766 Gregorius
844 4694 945 4765 (ὁ),
1003 4694 1243 4750 domum
1295 4695 1508 4752 reversi
1568 4714 1798 4768 sumus,
1851 4714 1985 4753 cum
2097 4694 2279 4762 misit,
2311 4693 2361 4749 si
2392 4692 2589 4749 minus
2618 4692 2675 4746 in
2711 4690 2990 4759 oratione,
3024 4706 3141 4761 qua
3174 4692 3451 4760 parentes
3470 4687 3765 4755 laudavit,

342 4782 769 4854 aliquantulum
801 4784 1022 4838 mundo
1054 4798 1120 4839 ac
1140 4801 1326 4841 scena
1342 4785 1776 4855 serviissemus,
1799 4803 1985 4859 quan-
2096 4784 2303 4841 saltem
2334 4784 2393 4838 in
2426 4781 2681 4838 carmine
2717 4785 2794 4836 De
2827 4781 2944 4835 Vita
2971 4796 3092 4833 sua.
3127 4778 3212 4833 lbi
3252 4776 3415 4833 enim
3479 4794 3770 4844 narrans,

342 4880 469 4931 tum
501 4872 723 4929 scilicet
751 4872 894 4929 satis
918 4876 1063 4945 erat,
1095 4878 1160 4929 ut
1197 4873 1589 4947 plurimorum
1636 4876 1985 4948 obsequere-
2097 4874 2389 4947 quomodo
2422 4889 2530 4928 sua
2559 4887 2692 4926 eum
2725 4874 2911 4925 mater
2939 4867 3135 4924 statim
3172 4866 3243 4922 ab
3276 4868 3449 4921 utero
3475 4866 3773 4922 obtulerit

344 4980 479 5020 mur
509 4961 811 5035 cupiditati
845 4961 1057 5035 (neque
1089 4964 1245 5019 enim
1292 4964 1528 5036 ipsimet
1575 4966 1647 5020 ad
1690 4963 1986 5020 theatrum
2097 4965 2249 5031 Deo;
2285 4979 2351 5018 ac
2390 4961 2599 5017 deinde
2633 4963 2840 5016 iterum
2870 4959 3139 5024 offerens,
3173 4973 3306 5012 cum
3329 4956 3467 5027 jam
3511 4955 3773 5013 rationis

349 5056 407 5109 et
434 5050 884 5107 ostentationem
925 5053 1478 5125 propendebamus),
1526 5053 1803 5110 continuo
1852 5052 1987 5109 facti
2098 5056 2253 5109 esset
2303 5050 2614 5123 particeps,
2674 5048 3033 5103 consecratis
3086 5061 3394 5101 sacrorum
3468 5044 3774 5101 librorum

346 5158 554 5199 sumus
575 5140 730 5212 juris
761 5141 967 5208 nostri,
1001 5146 1059 5197 et
1088 5158 1157 5197 ex
1182 5142 1545 5198 imberbibus
1578 5142 1714 5198 facti
1759 5142 1867 5197 viri
1915 5143 1987 5198 ad
2098 5146 2255 5199 tactu
2285 5140 2474 5213 ipsius
2504 5138 2796 5207 manibus,
2820 5137 3035 5208 quibus
3066 5134 3259 5191 verbis
3310 5150 3454 5190 eum
3510 5134 3779 5193 allocuta

344 5229 883 5304 philosophandum
904 5231 1380 5287 noscontulimus
1405 5231 1765 5304 generosius.
1789 5232 1987 5298 nQuid
2099 5232 2294 5297 fuerit,
2327 5230 2410 5286 sic
2442 5227 2818 5301 prosequitur
2849 5226 2957 5299 (e):

348 5321 420 5377 ad
450 5320 572 5378 haec
600 5318 1015 5376 Bollandista?
1044 5320 1296 5377 Solertes
1323 5320 1437 5377 sibi
1484 5322 1775 5393 videntur,
1817 5322 1992 5377 verba
2169 5339 2290 5397 1am
2318 5353 2506 5393 carum
2538 5336 2720 5407 ﬁlium
2748 5334 2951 5406 aliquis
2981 5332 3249 5389 divinitus
3280 5331 3490 5407 datum
3538 5332 3778 5407 bonum,

348 5409 611 5483 Gregorii
649 5408 711 5465 in
756 5408 1219 5482 metaphoricum
1267 5427 1508 5467 sensum
1554 5412 1991 5485 detorquentes,
2538 5403 2546 5407 ’
2837 5403 2851 5406 ”
3474 5403 3778 5478 [οΡίίνηιιδι

446 5536 500 5607 a)
533 5539 720 5608 Garm.
756 5536 828 5590 De
854 5534 1015 5608 rebus
1043 5537 1180 5603 suis,
1210 5553 1267 5608 v,
1300 5536 1423 5607 445,
1458 5540 1517 5593 et
1540 5552 1703 5608 seqq.

2172 5535 2252 5605 (ἀ)
2283 5538 2353 5589 v.
2385 5533 2576 5608 307_et
2602 5532 2728 5608 398.

446 5537 500 5607 α)
533 5539 720 5589 Carm.
756 5537 828 5590 De
854 5537 1015 5591 rebus
1043 5537 1180 5603 suis,
1210 5553 1267 5608 v,
1300 5537 1423 5607 445,
1458 5540 1517 5593 et
1540 5552 1703 5608 seqq.
2172 5537 2252 5605 (ἀ)
2283 5538 2353 5589 V.
2385 5537 2490 5588 307
2518 5537 2576 5588 et
2602 5537 2728 5587 308.

422 5537 502 5681 Eb)
531 5607 628 5681 Or.
660 5607 748 5681 43,
772 5623 831 5662 n.
2172 5610 2249 5679 (e)
2277 5610 2466 5663 Carm.
2491 5605 2564 5662 De
2590 5604 2752 5661 rebus
2783 5604 2922 5674 suis,
2951 5617 3005 5658 v.
3038 5600 3143 5659 442
3172 5603 3231 5659 et
3259 5614 3389 5671 seq.

430 5678 500 5755 (ε)
528 5680 564 5735 9
590 5678 747 5751 Maii,
779 5694 837 5753 p.
870 5679 996 5735 371.
