4052 6276
247 364 347 427 157

1569 366 1753 429 VITA
1801 365 1866 427 S.
1916 367 2317 431 GREGORII.

3538 360 3661 423 158

300 501 696 571 Pr0perantem
725 500 785 554 ut
812 514 983 556 sacra
1011 499 1237 557 victima
1282 498 1455 572 ﬁeret,
1488 499 1563 558 ad
1590 517 1747 574 aram
1792 500 1890 561 ade
1922 500 1977 568 Α
2005 501 2233 559 nullum
2260 499 2880 574 fuisse,quamcunque
2901 493 3243 569 religionem
3267 492 3662 568 proﬁteretur,

1681 573 1890 646 Μυκη,

300 643 452 700 Sorae
484 642 800 712 tardiparx
825 642 1067 714 prolem.
1149 684 1162 699 .
1244 684 1257 699 .
1340 685 1353 698 .
1435 686 1447 699 .

295 715 449 789 lt'unc
479 730 581 783 ego
614 719 669 769 te
698 716 887 771 vivum
915 718 1024 773 Deo
1052 732 1275 784 manus,
1308 720 1369 773 ut
1391 717 1645 789 promisi,

296 786 495 857 Oﬂero.

240 895 401 949 Suam
437 909 704 964 namque
753 896 1007 951 matrem
1063 895 1363 950 conferens
1414 894 1727 967 Gregorius
1760 911 1891 951 cum

236 984 527 1050 tardipara
557 983 726 1053 Sara,
758 1000 890 1038 eam
923 1000 1172 1055 quoque,
1203 990 1268 1040 ut
1298 984 1486 1057 ipsius
1514 984 1708 1041 verbis
1739 988 1893 1054 utar,

234 1070 501 1145 ὸψίτοκον,
537 1072 908 1144 tardiparam
939 1072 1119 1129 fuisse
1148 1075 1296 1130 satis
1329 1074 1569 1130 indicat.

234 1180 366 1235 XVI.
391 1180 458 1235 In
500 1181 782 1236 sententia
830 1178 1166 1236 Tillemontii
1220 1182 1553 1249 gravissima
1601 1183 1685 1237 est
1742 1181 1893 1253 difﬁ-

973 1253 1169 1307 cultas.

289 1340 517 1395 Verum
553 1339 671 1395 alia
697 1339 873 1413 longe
918 1341 1143 1412 gravior
1192 1344 1280 1396 est
1329 1341 1387 1396 in
1420 1341 1694 1413 opinione
1724 1341 1897 1397 Tille-

234 1429 435 1486 monlii
469 1429 816 1498 difﬁcultas,
849 1446 978 1501 quae
1029 1430 1279 1485 maxime
1321 1431 1666 1502 scrupulum
1706 1435 1896 1487 movet

234 1518 656 1590 Papebrochio,
728 1535 836 1575 nec
911 1519 1225 1587 immerito,
1280 1524 1455 1591 atque
1503 1521 1680 1575 etiam
1728 1520 1896 1576 nobis

248 1610 385 1681 psis.
410 1607 531 1663 Vix
560 1607 724 1662 enim
747 1608 956 1663 adduci
984 1613 1391 1680 possumus,ut
1411 1614 1577 1679 patre
1598 1610 1894 1682 episcopo,

231 1698 315 1770 qui
349 1696 871 1769 quinquagenaria
895 1698 1083 1767 major
1112 1702 1234 1753 erat
1265 1714 1397 1752 cum
1428 1698 1758 1770 episcopale
1773 1716 1897 1754 mu-

228 1804 328 1842 nus
396 1786 671 1858 suscepit
731 1791 938 1840 natum
989 1802 1118 1841 esse
1166 1786 1473 1842 credamus
1523 1788 1889 1858 Gregorium.

226 1875 370 1931 Nihil
403 1874 531 1930 tale
553 1843 711 1946 apud
741 1889 946 1929 omnes
972 1874 1151 1944 hujus
1182 1873 1380 1929 saeculi
1423 1843 1757 1947 scriptores,
1793 1878 1891 1949 qui
1922 1879 1970 1943 B
2271 1844 2561 1949 ῗξδξξέξδξιξδ]

228 1966 287 2021 de
328 1963 627 2037 Gregorio
670 1963 845 2018 verba
901 1962 1105 2031 fecere,
1174 1963 1480 2036 reperitur.
1526 1964 1685 2020 Nihil
1734 1967 1887 2038 apud

228 2054 677 2125 Hieronymum,
704 2053 807 2124 qui
832 2052 1012 2122 hujus
1034 2052 1287 2108 doctoris
1309 2054 1729 2110 consuetudine
1747 2072 1889 2111 usus

227 2147 322 2207 est,
356 2158 484 2214 quo
532 2141 715 2197 etiam
764 2141 1047 2213 magistro
1098 2158 1161 2197 se
1207 2141 1540 2214 Scripturas
1580 2158 1777 2199 sacras
1807 2144 1891 2200 di-

226 2232 437 2288 dicisse
501 2230 815 2303 gloriatur.
867 2231 928 2286 Si
970 2234 1131 2301 patre
1177 2231 1449 2303 episcopo
1498 2236 1675 2288 natus
1737 2237 1893 2289 esset

225 2320 566 2393 Gregorius,
602 2319 895 2390 quomodo
937 2319 1345 2391 Hieronymus,
1378 2321 1481 2393 qui
1530 2320 1590 2376 id
1635 2322 1890 2394 profecto

228 2425 330 2467 non
362 2410 734 2482 ignorasset,
765 2408 860 2464 his
890 2408 1081 2465 verbis
1112 2408 1485 2465 Pammachio
1515 2410 1885 2483 scripsisset:

234 2522 255 2547 ι
280 2498 596 2571 Episcopi,
628 2496 1234 2569 presbyteri,diaconi,
1267 2503 1368 2554 aut
1395 2498 1649 2571 virgines
1668 2500 1889 2572 eligun-

233 2591 454 2651 tur,aut
473 2586 665 2657 vidui,
686 2590 786 2642 aut
798 2590 952 2642 certe
964 2590 1099 2658 post
1112 2588 1504 2643 sacerdotium
1521 2589 1581 2645 in
1603 2592 1886 2646 aeternum

231 2678 416 2749 pudici
438 2676 505 2730 ‘2»
520 2675 826 2740 Quomodo
848 2676 1004 2731 idem
1028 2680 1269 2733 sanctus
1291 2677 1494 2734 doctor
1511 2677 1886 2735 Jovinianum

228 2768 301 2822 sic
325 2765 557 2837 alloqui
586 2781 769 2821 ausus
801 2764 1010 2820 fuisset
1035 2765 1151 2837 (a):
1186 2787 1215 2816 «
1246 2770 1408 2822 Certe
1446 2766 1742 2823 conﬁteris
1768 2785 1885 2823 non

232 2873 389 2921 posse
420 2871 558 2910 esse
587 2853 952 2926 episcopum,
980 2854 1082 2925 qui
1128 2855 1189 2909 in
1232 2855 1570 2928 episcopatu
1610 2856 1762 2913 ﬁlios
1802 2858 1885 2912 fa-

233 2948 367 3013 ciat;
401 2945 697 3017 alioquin,
731 2944 781 3001 si
814 2945 1213 3015 deprehensus
1244 2946 1442 3018 fuerit,
1466 2964 1580 3002 non
1610 2948 1778 3018 quasi
1800 2948 1888 3005 vir

232 3034 651 3101 tenebitur,eed
674 3032 845 3105 quasi
863 3032 1090 3089 adulter
1119 3034 1494 3091 damnabitur
1511 3035 1539 3091 ?
1567 3057 1596 3087 »
1617 3036 1730 3092 Nec
1752 3053 1885 3095 vero

233 3123 648 3196 Hieronymum
681 3123 753 3177 de
781 3123 1205 3179 consuetudine
1233 3127 1468 3181 tantum
1500 3124 1884 3183 Occidentalis

523 3212 709 3316 loqui‘
733 3212 1086 3284 respondere
1129 3211 1289 3316 licet,
1323 3212 1372 3269 si
1412 3214 1649 3285 quidem
1680 3219 1884 3272 contra
1912 3246 1957 3316 α

235 3300 608 3374 Vigilantium
652 3300 1003 3373 disputans:
1055 3322 1085 3352 «
1144 3302 1293 3366 Quid
1357 3302 1598 3371 faciunt,
1665 3304 1879 3376 inquit,

238 3390 473 3448 Orientis
502 3391 793 3460 Ecclesiae,
832 3392 972 3463 quid
998 3392 1313 3465 Egypti,et
1342 3395 1499 3452 sedis
1528 3396 1879 3469 apostolicae,

238 3496 349 3551 qua
376 3485 481 3537 aut
506 3481 767 3554 virgines
802 3480 1045 3539 clericos
1096 3483 1412 3555 accipiunt,
1441 3487 1543 3541 aut
1580 3485 1881 3542 continen-

240 3573 471 3639 tes;aut
512 3571 563 3627 si
609 3588 821 3628 uxores
871 3571 1225 3641 habuerunt,
1276 3573 1473 3629 mariti
1523 3591 1651 3632 esse
1700 3575 1884 3633 desie-

242 3661 407 3715 runt?
430 3683 452 3710 ι
490 3661 844 3716 Innumeros
873 3661 1252 3718 conciliorum
1287 3680 1561 3733 canones,
1590 3668 1884 3721 veterum-

242 3761 339 3816 que
385 3746 625 3802 Patrum
666 3747 1006 3804 testimonia
1054 3749 1141 3804 fas
1208 3750 1302 3805 hic
1368 3756 1522 3807 esset
1572 3754 1880 3825 subjicere,

242 3833 433 3901 quibus
466 3836 804 3890 sacerdotes
830 3840 1040 3907 quarto
1071 3836 1283 3893 saeculo
1305 3837 1375 3893 ab
1400 3838 1680 3895 uxoribus
1702 3840 1882 3897 absti-

245 3923 425 3980 nuisse
450 3924 839 3979 manil‘estum
870 3929 981 3993 est,
1015 3925 1231 3997 quique
1274 3943 1390 3983 non
1421 3927 1623 3984 sinunt
1653 3930 1883 3987 credere

245 4013 567 4085 Gregorium
600 4018 764 4085 patre
795 4013 1067 4086 episcopo
1118 4018 1324 4071 natum
1374 4033 1522 4073 esse.
1545 4018 1587 4072 E
1610 4018 1801 4076 medio
1833 4020 1883 4075 si

246 4099 455 4157 abesset
488 4102 559 4169 is,
595 4102 698 4173 qui
730 4106 821 4158 est
852 4102 915 4157 in
944 4102 1303 4159 Tillemontii
1339 4106 1884 4180 opinione,scrupu-

248 4186 345 4257 lus,
376 4190 524 4246 hanc
556 4207 661 4263 per
706 4191 1010 4247 obstantes
1058 4192 1430 4249 difﬁcultates
1482 4212 1881 4267 sequeremur,

250 4292 355 4347 quae
385 4281 615 4351 quidem
666 4279 909 4336 leviores
951 4285 1091 4337 sunt
1143 4298 1320 4353 quam
1378 4299 1504 4355 quae
1544 4285 1601 4339 in
1634 4283 1880 4342 aliorum

253 4367 603 4437 opinionibus
635 4374 974 4425 occurrunt.

432 4476 607 4532 XVII.
642 4476 957 4534 Contrarias
985 4479 1263 4547 opinionis
1292 4480 1674 4538 incommoda.

2007 591 2109 665 qui
2140 592 2267 663 ejus
2290 588 2761 656 sermonibus,ad
2781 603 2928 660 quos
2950 602 3240 643 concursu
3262 600 3476 657 magno
3499 601 3663 641 acce-

2006 682 2242 747 debant,
2268 697 2383 736 non
2411 680 2822 735 delectaretur.
2843 676 2991 742 Quid
3024 675 3073 731 si
3105 674 3508 731 addiderimus
3530 674 3666 731 Gre-

2007 771 2261 844 gorium,
2293 772 2607 841 postquam
2656 766 2857 823 relicta
2903 762 3407 836 Constantinopoli
3453 763 3512 818 in
3543 763 3664 820 otia

2007 865 2138 917 tuta
2170 859 2429 925 recessit,
2454 857 2695 930 longum
2727 857 2798 911 De
2832 857 2948 911 Vita
2977 870 3080 909 sua
3102 852 3661 925 carmen,hujusque

2007 949 2287 1006 carminis
2316 947 2495 1005 veluti
2519 945 2838 1018 quamdam
2861 942 3353 1017 appendicem(sic
3385 942 3539 997 enim
3564 960 3662 999 no-

2004 1039 2096 1095 bis
2110 1037 2403 1111 appellare
2426 1036 2559 1091 licet
2573 1035 2875 1091 conditum
2892 1033 2950 1088 in
2967 1032 3269 1105 episcopos
3291 1047 3493 1087 eorum
3511 1034 3659 1087 tem-

2007 1128 2500 1202 porum),carmen
2524 1124 2643 1180 acri
2659 1140 2724 1205 ac
2748 1121 3076 1179 vehementi
3103 1120 3397 1194 stylo,imo
3418 1119 3663 1176 immen-

2006 1234 2133 1274 sam
2166 1216 2415 1272 aliorum
2448 1213 2801 1279 carminum,
2835 1229 2962 1285 qua:
2994 1232 3023 1261 ‹‹
3055 1210 3327 1267 Carmina
3365 1226 3597 1283 cygnaea
3625 1232 3655 1261 »

2004 1310 2232 1371 vocant,
2265 1304 2491 1377 copiam
2522 1302 2857 1359 condidisse
2878 1305 2900 1357 Ρ
2921 1299 3230 1369 Deinde,ut
3260 1304 3464 1356 caetera
3482 1286 3657 1355 omit-

2002 1399 2145 1462 tam,
2177 1394 2509 1467 Gregorius,
2543 1392 2641 1465 qui
2674 1407 2826 1447 anno
2854 1391 2959 1445 362
3003 1390 3073 1445 ad
3119 1388 3537 1445 sacerdotalem
3571 1387 3659 1443 di-

2004 1485 2286 1558 gnitatem
2318 1487 2549 1539 evectus
2578 1485 2666 1538 est
2686 1498 2803 1536 una
2823 1497 2957 1535 cum
3005 1478 3239 1549 Basilio,
3271 1494 3456 1533 annos
3489 1494 3659 1533 sexa-

2005 1575 2166 1647 ginta
2194 1578 2313 1629 tres
2340 1572 2645 1628 habuisset
2672 1588 2742 1626 ex
2770 1570 2961 1626 Suidaa
2992 1567 3235 1625 calculo.
3254 1566 3522 1623 videlicet
3552 1584 3655 1622 na-

2004 1668 2101 1719 tus
2142 1680 2293 1719 anno
2322 1662 2445 1717 299.
2483 1662 2757 1729 Queritur
2783 1664 2981 1715 tamen
3018 1657 3307 1713 maturius
3347 1673 3409 1712 se
3436 1656 3653 1711 factum

2004 1754 2386 1820 sacerdotem,
2444 1751 2504 1807 in
2549 1750 2811 1806 oratione
2861 1748 3138 1804 secunda.
3203 1765 3224 1794 α
3266 1746 3347 1802 Ne
3394 1748 3654 1802 extrema

2615 1839 2809 1911 inquit
2843 1839 2942 1911 (ὁ),
2991 1836 3127 1891 huic
3174 1836 3258 1892 rei
3308 1834 3655 1907 praestituta,

1998 1930 2240 2001 longum
2270 1935 2505 2000 tempus
2526 1927 2749 1983 censeri
2781 1926 3010 1983 debet.»
3041 1925 3266 1988 Quibus
3296 1924 3491 1979 verbis
3522 1940 3652 1980 ma-

1998 2019 2208 2075 nifeste
2237 2020 2382 2075 satis
2412 2017 2631 2073 indicat
2657 2015 3030 2088 sejuniorem
3061 2015 3241 2070 fuisse
3273 2029 3449 2085 quam
3475 2029 3655 2085 opor—

1996 2108 2246 2176 tuisset;
2298 2111 2615 2179 posteaque
2661 2105 2805 2171 haac,
2856 2105 2927 2159 ad
2984 2102 3453 2159 conﬁrmandum
3494 2103 3649 2174 quod

1998 2198 2241 2267 dixerat,
2267 2198 2431 2252 all‘ert
2457 2195 2635 2251 verba
2674 2193 3041 2250 Salomonis:
3074 2214 3103 2242 «
3137 2193 3226 2248 Vas
3273 2192 3381 2246 tibi
3426 2191 3650 2260 civitas,

1998 2288 2169 2359 cujus
2201 2301 2300 2341 rex
2320 2285 2524 2357 junior
2551 2292 2635 2340 est
2666 2285 2728 2337 δι.
2763 2306 2791 2334 ››
2821 2282 2923 2337 Vir
2952 2286 3104 2337 certe
3135 2280 3510 2351 sexagenario
3532 2295 3654 2337 ma-

1988 2376 2086 2448 jor
2116 2375 2279 2447 queri
2309 2391 2425 2431 non
2466 2376 2676 2446 potest,
2710 2387 2815 2429 nec
2848 2371 3036 2438 debet,
3070 2386 3131 2427 se
3176 2370 3350 2426 citius
3382 2369 3648 2425 sacerdo-

1995 2464 2110 2520 tale
2143 2480 2360 2519 munus
2392 2462 2743 2534 suscepisse.

2067 2555 2229 2619 Quod
2282 2556 2503 2624 spectat
2549 2551 2963 2621 Bollandistas,
2996 2549 3058 2605 in
3116 2566 3226 2606 sua
3272 2548 3649 2621 Chronologiw

1999 2644 2131 2702 Vitae
2183 2642 2238 2700 S.
2293 2642 2550 2713 Gregorii
2596 2657 2837 2713 expensa
2882 2648 2933 2697 et
2975 2642 3256 2707 innovata,
3289 2637 3479 2694 Suidae
3523 2638 3648 2710 opi-

1995 2734 2229 2790 nionem
2261 2732 2732 2805 amplectuntur;
2757 2746 2933 2802 quam
2956 2734 3023 2785 ut
3049 2733 3343 2797 tueantur,
3368 2726 3647 2783 omnibus

1995 2824 2186 2880 nervis
2217 2816 2581 2878 contendunt
2606 2821 2668 2876 in
2693 2819 2985 2876 vertendis
3017 2817 3493 2890 explicandisque
3515 2816 3647 2888 qui-

1994 2913 2242 2968 busdam
2274 2910 2531 2982 Gregorii
2576 2908 2950 2979 testimoniis,
2986 2925 3108 2978 quae
3155 2907 3298 2979 ipsis
3328 2906 3648 2961 incommo-

1993 3002 2171 3069 dant;
2207 3016 2311 3056 nec
2340 3004 2538 3056 tamen
2570 2997 2829 3065 feliciter,
2864 2997 2914 3053 si
2947 2997 3183 3069 quidem
3230 2994 3356 3051 vela
3385 2996 3523 3050 dare
3551 3010 3645 3051 re-

1992 3094 2271 3159 trorsum,
2304 3104 2599 3160 novasque
2628 3087 2879 3143 subinde
2907 3083 3416 3157 interpretationes
3441 3083 3647 3138 afferre

1994 3182 2303 3251 coguntur,
2354 3193 2480 3249 quae
2530 3176 2618 3232 vel
2670 3176 2815 3248 ipsis
2855 3191 2971 3230 non
3024 3173 3339 3230 admodum
3390 3170 3641 3243 placent.

1996 3269 2358 3340 Quapropter
2403 3265 2517 3321 sibi
2569 3282 2683 3321 non
2733 3267 3024 3330 constant,
3075 3261 3188 3317 nisi
3244 3261 3305 3317 in
3363 3277 3452 3327 eo,
3486 3261 3642 3333 quod

1990 3356 2331 3429 Gregorium
2377 3358 2540 3427 patre
2585 3354 2855 3426 episcopo
2904 3356 3107 3408 natum
3166 3354 3502 3407 constanter
3539 3365 3641 3407 ne-

1989 3450 2149 3519 gent.
2184 3444 2441 3501 Candide
2471 3444 2683 3499 fatelur
2732 3440 3167 3514 Papebrochius
3214 3440 3409 3512 (cujus
3460 3438 3643 3495 animi

1992 3534 2262 3592 candoris
2311 3533 2425 3589 alia
2470 3532 2643 3589 laude
2693 3531 2872 3605 digna
2922 3531 3208 3588 habemus
3257 3528 3638 3600 testimonia),

1991 3640 2125 3681 cum
2179 3622 2596 3680 eruditioribus
2663 3621 3021 3694 quibusdam
3086 3618 3292 3675 amicis
3357 3616 3641 3674 nonnulla

1991 3729 2215 3783 eorum,
2250 3730 2376 3786 quae
2406 3710 2711 3785 proposuit
2731 3710 3074 3768 innovandae
3098 3707 3484 3781 chronologiae
3510 3708 3641 3763 fun-

1991 3804 2285 3869 damenta,
2320 3801 2852 3870 communicasset;
2888 3818 2950 3856 se
2979 3816 3095 3855 non
3126 3814 3330 3855 omnes
3362 3813 3525 3868 seque
3546 3812 3646 3852 as-

1991 3891 2308 3948 sentientes
2339 3890 2636 3947 habuisse.
2674 3911 2703 3940 «
2734 3891 2928 3957 Erant,
2959 3888 3153 3961 inquit
3195 3887 3289 3959 (c),
3319 3885 3537 3958 quibus
3559 3885 3648 3939 vi-

1991 3981 2240 4037 debatur
2268 3980 2673 4051 superstitiosa
2701 3977 3039 4034 sollicitudo
3064 3975 3326 4043 cavendi,
3358 3991 3430 4031 ne
3454 3991 3522 4030 ex
3542 3990 3644 4046 pa-

1990 4071 2077 4123 tre
2115 4069 2238 4139 jam
2287 4067 2556 4139 episcopo
2604 4070 2779 4123 natus
2824 4066 3156 4121 crederetur
3202 4064 3642 4130 Nazianzenus;

1992 4157 2449 4227 metuebantque
2499 4173 2570 4211 ne
2621 4173 2689 4212 ex
2738 4161 2948 4211 nostrae
2997 4171 3063 4210 ac
3112 4152 3286 4225 paulo
3325 4151 3645 4225 superioris

1993 4246 2178 4301 astatis
2209 4245 2547 4317 praejudicio
2580 4245 2914 4318 procederet
2963 4244 3086 4314 illa,
3119 4243 3404 4300 haereticis
3436 4247 3647 4313 nuptu-

1991 4335 2276 4391 rientibus
2310 4336 2496 4391 risum
2536 4340 2787 4400 motura,
2820 4356 2849 4385 »
2894 4338 3001 4390 etc.
3053 4334 3301 4389 Demum
3332 4336 3645 4404 postquam

1992 4424 2093 4480 diu
2124 4424 2466 4496 disputavit,
2502 4424 2671 4479 modo
2702 4422 3016 4492 huc,modo
3043 4422 3184 4477 illuc
3216 4419 3644 4492 inclinans,ipsi

1991 4511 2307 4569 alternanti
2383 4513 2502 4568 fere
2551 4513 2741 4585 potior
2796 4513 3026 4568 videtur
3074 4511 3307 4567 Baronii
3359 4509 3648 4566 sententia

317 4581 512 4640 Suidas
543 4584 750 4640 scribit
780 4584 1124 4656 Gregorium
1171 4588 1562 4659 nonagenario
1595 4590 1879 4661 majorem

1999 4624 2021 4651 κ
2052 4602 2315 4671 Interim,
2349 4581 2671 4675 inquit-(d),
2706 4602 2807 4673 qui
2848 4601 2996 4657 nihil
3026 4605 3319 4657 mutatum
3351 4598 3523 4665 volet,
3555 4614 3642 4665 eo,

259 4668 464 4738 abiisse,
497 4674 758 4745 adeoque
808 4678 1015 4729 natum
1064 4692 1215 4731 anno
1258 4676 1405 4744 299;
1438 4693 1507 4733 ex
1541 4695 1654 4750 quo
1685 4695 1882 4750 seque-

1999 4692 2148 4762 quod
2180 4692 2420 4761 Ἐτήσιαι
2453 4692 2566 4764 ipsi
2617 4709 2731 4747 non
2782 4692 3090 4747 videantur
3133 4708 3236 4762 pro
3279 4712 3309 4740 ‹‹
3338 4690 3475 4744 anni
3507 4705 3645 4743 cur-

261 4766 397 4817 retur
415 4764 753 4839 Gregorium
776 4766 1213 4839 octogenarium
1238 4767 1581 4839 fuisse,cum
1604 4772 1883 4827 Constan-

264 4848 534 4925 tinopolim
556 4855 627 4912 ad
650 4855 1078 4911 defendendam
1114 4857 1459 4913 catholicam
1492 4859 1667 4915 ﬁdem
1690 4861 1881 4933 profe-

264 4943 372 4996 ctus
389 4944 607 5001 est.Sed
630 4943 765 5017 quis
786 4945 984 5000 credat
1004 4945 1193 5001 virum
1216 4948 1651 5020 octogenarium
1673 4948 1793 5006 illic
1814 4966 1883 5007 ea

264 5033 721 5106 prestitisse,quze
742 5033 1049 5107 praestitit;
1072 5052 1359 5108 paresque
1381 5038 1560 5093 tantis
1581 5038 1881 5096 laboribus

266 5124 545 5181 subeundis
574 5124 685 5181 hac
714 5128 885 5180 (etate
913 5124 1064 5181 vires
1086 5125 1552 5197 habuisse,tanta
1578 5128 1628 5183 vi
1650 5129 1881 5185 dicendi

267 5209 479 5271 valuisse
506 5220 559 5271 et
589 5214 872 5285 efﬁcacia,
908 5219 971 5271 ut
1001 5215 1295 5273 auditores
1325 5235 1674 5288 omnes,non
1706 5221 1879 5276 modo

266 5300 515 5360 catholicae
546 5304 679 5361 ﬁdei
724 5304 1010 5373 addictos,
1044 5306 1141 5361 sed
1188 5307 1348 5379 ipsos
1376 5308 1549 5365 etiam
1581 5309 1881 5366 haereticos

263 5386 355 5443 sibi
381 5392 735 5450 devinciret?
769 5394 846 5449 Ex
884 5393 1013 5466 ipso
1062 5395 1218 5452 enim
1266 5397 1542 5471 Gregorio
1573 5400 1876 5470 discimus,

319 5506 362 5539 ⁶⁴
384 5509 564 5580 Eccli.,
597 5527 654 5579 x,
689 5510 745 5566 3.

315 5621 385 5693 la)
412 5625 530 5684 Lib.
567 5644 587 5683 ι
616 5626 749 5685 adv.
779 5626 966 5683 Jovin.

317 5695 383 5766 (ὁ)
407 5697 469 5755 Ν.
498 5700 587 5755 72.

1990 4779 2173 4835 riculo
2204 4802 2233 4830 »
2285 4798 2457 4853 posse
2502 4798 2604 4852 per
2648 4781 3049 4853 metaphoram
3108 4779 3312 4852 accipi,
3364 4782 3645 4849 sequatur

1992 4891 2021 4920 «
2055 4869 2285 4927 Baronii
2316 4870 2688 4926 sententiam.
2724 4891 2753 4921 »

2426 5012 2624 5068 XVIII.
2655 5013 2887 5069 Baronii
2913 5013 3202 5069 sententia.

2060 5138 2141 5193 Ea
2169 5140 2365 5192 autem
2396 5140 2485 5192 est
2515 5137 2825 5193 Annalium
2874 5136 3133 5210 parentis
3178 5136 3504 5204 sententia;
3540 5150 3641 5207 per

1989 5225 2343 5298 hyperbolen
2375 5225 2635 5282 locutum
2668 5228 2850 5283 fuisse
2875 5227 3216 5299 Gregorium
3248 5229 3641 5297 patrem,cum

1989 5315 2083 5372 his
2112 5315 2321 5386 verbis,
2356 5338 2385 5365 «
2438 5317 2698 5372 nondum
2747 5322 2834 5373 tot
2880 5334 3087 5387 annos,
3130 5320 3265 5386 etc.,
3312 5336 3341 5367 »
3394 5316 3642 5371 suadere

1987 5404 2106 5459 ﬁlio
2138 5410 2467 5471 conaretur,
2501 5410 2565 5460 ut
2608 5408 2973 5479 pastoritiam
3025 5422 3224 5462 curam
3272 5404 3637 5478 susciperet;

2060 5636 2134 5781 Ec)
2161 5637 2307 5720 App.
2344 5637 2417 5695 ad
2447 5641 2489 5692 t.
2520 5637 2621 5694 VII
2653 5637 2812 5711 Maii,
2841 5655 2898 5711 p.
2930 5638 3055 5694 844.

2084 5708 2141 5780 d)
2171 5708 2343 5777 Ibid.,
2371 5709 2499 5780 845,
2532 5708 2640 5767 col.
2678 5712 2730 5767 1.

2084 5708 2141 5780 d)
2171 5708 2343 5777 Ibid.,
2371 5709 2499 5780 845,
2532 5708 2640 5767 col.
2678 5712 2730 5767 1.
