4052 6276
359 340 473 407 159
1686 349 1872 412 VlTA
1915 348 1978 411 S.
2028 346 2426 412 GREGOHII.
3650 337 3765 400 160

359 476 653 552 quomodo
681 496 831 553 saepe
881 497 994 537 non
1044 478 1297 539 multum
1331 482 1673 557 grandiores
1704 501 1839 541 nam
1873 488 2001 541 tan-
2033 487 2086 554 Α
2188 480 2440 557 Nondum
2472 487 2681 537 tantam
2709 494 2956 557 emensus
2984 492 3040 535 es
3069 477 3263 557 vitam,

357 549 483 625 tilio
514 586 576 625 se
601 549 935 640 ,‘unio'ribus
963 571 1183 640 dicunt,
1218 590 1279 629 se
1312 549 1367 629 id
1418 575 1489 629 de
1521 591 1636 647 quo
1668 576 1862 647 agitur
1890 575 2002 630 sci-

2191 556 2465 624 Quantum
2498 552 2778 626 praeteriit
2806 552 2949 607 mihi
2974 549 3384 627 sacrificiorum
3412 554 3643 620 tempus.

359 658 511 715 visse
540 657 883 730 priusquam
916 667 1295 717 nascerentur
1325 662 1571 719 alii.Hac
1601 665 1823 720 ratione
1842 681 2001 719 scru-
2112 666 2239 719 Non
2292 662 2371 718 ait
2422 659 2733 733 Gregorius
2787 660 2938 715 facta
2984 676 3017 714 a
3057 674 3139 723 se,
3193 657 3312 713 sive
3358 660 3420 711 ut
3452 654 3771 719 sacerdote,

360 747 564 819 pulum
597 746 668 803 iis
707 766 774 803 ex
806 750 1001 805 animo
1034 751 1246 821 evellit,
1281 753 1377 823 qui
1414 760 1475 808 ut
1520 756 1759 808 credant
1791 755 2001 825 Grego—
2114 753 2232 807 sive
2266 757 2327 807 ut
2375 752 2667 822 episcopo,
2719 749 3039 816 sacriﬁcia;
3094 747 3192 801 sed
3225 746 3409 801 ﬁlium
3438 761 3616 799 suum
3652 748 3775 798 tan-

359 835 512 891 rium
546 842 704 908 patre
735 838 1004 909 episcopo
1054 847 1255 896 natum
1306 859 1432 897 esse
1480 843 1691 897 adduci
1725 860 1835 897 non
1870 860 2003 914 pos-
2114 846 2234 897 tam
2272 842 2528 896 nondum
2562 840 2741 893 vitam
2795 854 2923 893 esse
2974 852 3301 903 emensum,
3339 838 3628 905 quantum
3663 832 3771 885 sibi

360 928 519 981 sunt.
552 924 758 980 Censet
778 927 854 998 (α)
884 945 1134 999 namque
1183 947 1317 985 cum
1364 932 1538 985 etiam
1579 951 1599 979 α
1655 935 1815 1002 patre
1855 948 2003 986 non-
2114 929 2227 1001 ipsi
2287 929 2708 985 sacrificiorum
2754 933 2988 999 tempus
3040 949 3065 975 ‹‹
3129 923 3522 995 praeteriisset.
3556 943 3582 973 »
3624 921 3769 988 Quid

359 1013 501 1068 dum
532 1012 858 1069 Christiano
890 1022 1112 1071 natum,
1153 1041 1177 1066 ››
1210 1018 1423 1074 verum
1451 1020 1734 1075 Baronius
1765 1037 2006 1091 scrupu-
2115 1036 2285 1091 porro
2317 1024 2470 1074 vetat
2500 1017 2819 1089 quominus
2871 1017 3140 1071 dicamus
3189 1012 3481 1069 sacriﬁcia
3529 1028 3595 1067 ea
3649 1026 3777 1064 esse

357 1100 483 1159 lum
513 1100 690 1158 simul
721 1121 831 1159 sua
860 1104 1333 1178 interpretatione
1364 1110 1543 1165 donat
1562 1114 1618 1165 et
1648 1110 1853 1166 aufert.
1886 1108 2005 1164 Illis
2116 1124 2282 1162 sacra
2331 1106 2629 1179 mysteria,
2662 1105 2878 1177 quibus
2929 1108 3064 1176 post
3114 1106 3453 1173 susceptum
3485 1102 3779 1172 baptisma

360 1192 599 1264 quidem
629 1193 836 1262 aufert,
869 1195 967 1266 qui
1023 1204 1261 1253 censent
1303 1199 1645 1271 Gregorium
1679 1204 1842 1271 patre
1880 1200 2007 1270 epi-
2114 1197 2478 1265 interfuerat,
2539 1212 2788 1267 quorum
2846 1196 3137 1267 particeps
3194 1194 3402 1257 fuerat,
3472 1191 3589 1245 imo
3650 1204 3783 1261 quas

358 1297 536 1352 scopo
566 1286 771 1337 natum
820 1300 936 1339 non
980 1301 1143 1353 esse;
1179 1286 1357 1342 donat
1408 1293 1603 1343 autem
1646 1288 1797 1357 aliis,
1833 1293 2007 1360 atque
2114 1286 2311 1356 etiam,
2343 1286 2393 1341 si
2426 1286 2622 1340 minus
2649 1288 2713 1339 ut
2744 1284 3039 1351 sacerdos,
3074 1283 3282 1338 saltem
3313 1286 3377 1336 ut
3408 1279 3779 1335 Christianus

357 1368 652 1441 imprimis
673 1370 1065 1437 Tillemontio,
1088 1375 1185 1444 qui
1218 1376 1557 1453 Gregorium
1591 1378 1811 1449 absque
1842 1394 2005 1433 men-
2114 1393 2220 1431 suo
2254 1376 2426 1431 modo
2457 1391 2559 1447 per
2586 1373 2808 1446 aliquot
2839 1389 3023 1428 annos
3055 1371 3368 1439 obtulerat,
3395 1368 3781 1442 quemadmo‘

364 1457 528 1513 dacio
562 1458 643 1514 sic
674 1459 831 1531 loqui
864 1478 979 1517 non
1009 1464 1289 1533 potuisse,
1321 1470 1377 1521 et
1404 1464 1502 1521 tali
1534 1465 1845 1539 hyperbole
1876 1484 2005 1540 gra-
2117 1466 2257 1520 dum
2294 1464 2495 1520 ﬁdeles
2528 1464 2730 1519 offerre
2755 1461 3136 1533 solent,juxta
3167 1461 3285 1516 haec
3320 1460 3509 1515 Missae
3533 1457 3777 1513 canonis

363 1546 512 1602 viter
532 1548 742 1603 offendi
777 1550 1076 1606 veritatem
1110 1553 1383 1609 afﬁrmat.
2114 1554 2329 1609 verba:
2363 1554 2624 1609 Memento
2672 1553 2860 1619 etiam,
2920 1551 3212 1607 Domine...
3261 1554 3312 1605 et
3362 1551 3611 1605 omnium
3667 1549 3777 1601 cir-

364 1654 509 1734 XIX.
572 1657 843 1734 Quaelibet
883 1660 1068 1728 Opinio
1123 1662 1241 1715 suis
1296 1661 1519 1717 laborat
1568 1662 2005 1734 difﬁcultatibus.

2143 1643 2530 1709 umstantium,
2564 1658 2799 1714 quorum
2847 1642 2951 1696 tibi
2998 1640 3130 1711 ﬁdes
3175 1641 3397 1711 cognita
3441 1646 3519 1693 est
3552 1641 3605 1691 et
3645 1641 3781 1691 nota

432 1728 731 1808 Minoribus
778 1726 1002 1808 urgetur
1036 1746 1174 1808 gum
1228 1735 1421 1808 statuit
1482 1726 1799 1803 Gregorium
1848 1746 2011 1808 patre
2117 1732 2343 1799 devotio,
2371 1748 2470 1801 pro
2502 1732 2695 1802 quibus
2742 1731 2847 1786 tibi
2891 1731 3198 1803 offerimus,
3230 1729 3316 1785 vet
3363 1729 3461 1799 qui
3508 1726 3616 1782 tibi
3653 1726 3781 1798 oﬂe-

434 1799 756 1869 christiano,
784 1801 874 1854 sed
902 1799 1143 1856 nondum
1172 1806 1417 1876 episcopo
1444 1799 1659 1862 natum.
1848 1799 1864 1808 ’

438 1903 598 1926 κτηιι-
641 1921 699 1926 ---
733 1905 821 1926 ιε-
862 1923 938 1926 ,κη
1001 1909 1033 1926 ’1
1188 1925 1195 1926 ,
1246 1914 1255 1926 ι
1370 1911 1379 1922 ι
1435 1912 1444 1922 ι
1535 1912 1566 1926 -ι

2143 1828 2255 1877 ἀηι
2286 1799 2385 1878 hoc
2427 1799 2762 1892 sacri/icium
2809 1819 2988 1875 laudis
3009 1822 3034 1872 .9
3081 1824 3187 1874 etc.
3220 1819 3303 1873 Ex
3331 1834 3446 1889 quo
3477 1832 3612 1888 ergo
3645 1832 3781 1871 sus-

436 1903 607 1960 Nulla
635 1921 703 1960 ex
732 1905 824 1961 his
856 1909 1130 1963 omnibus
1175 1914 1264 1966 est
1289 1911 1685 1983 opinionibus,
1718 1930 1845 1985 quae
1896 1931 2011 1970 non
2044 1903 2092 1926 ”
2124 1915 2355 1984 ceperat
2403 1910 2701 1983 baptisma
2745 1908 3079 1982 Gregorius,
3118 1908 3301 1963 sacris
3351 1905 3645 1979 mysteriis
3687 1906 3778 1959 in-

364 1992 969 2067 multisgravibusque
991 1996 2009 2075 difﬁcultatibuslaboret.lllaporro,
2120 2005 2423 2072 terfuerat,
2453 2003 2663 2059 horum
2698 2002 2989 2075 particeps
3022 2001 3231 2065 fuerat,
3261 1998 3467 2055 exinde
3499 2021 3526 2048 «
3555 1996 3780 2052 sacriﬁ-

361 2081 531 2138 nobis
562 2083 760 2139 omnia
788 2087 1210 2143 meditantibus
1256 2088 1648 2158 incommoda,
1684 2090 2011 2148 minoribus
2121 2092 2344 2148 ciorum
2378 2115 2405 2142 ››
2429 2097 2665 2163 tempus
2696 2091 2806 2163 ipsi
2841 2091 3019 2145 ﬂuere
3051 2093 3318 2161 coeperat,
3354 2091 3417 2142 ut
3447 2086 3558 2158 ipsi
3590 2086 3784 2141 dicere

362 2171 556 2243 urgeri
606 2172 727 2229 visa
775 2178 882 2242 est,
933 2192 1061 2246 qua;
1119 2175 1463 2249 Gregorium
1528 2185 1689 2251 patre
1748 2181 2010 2237 nondum
2120 2182 2350 2238 licuerit
2378 2182 2561 2237 ﬁlium
2594 2181 3017 2253 alloquendom
3039 2180 3310 2235 Nondum
3335 2182 3556 2232 tantam
3582 2192 3783 2231 emen-

362 2262 656 2332 episcopo,
688 2262 789 2317 sed
815 2264 936 2332 jam
967 2264 1294 2321 Christiano
1341 2272 1544 2323 natum
1591 2286 1745 2325 anno
1774 2271 1881 2325 325
1911 2274 2013 2326 aut
2121 2290 2224 2328 sus
2256 2288 2317 2327 es
2341 2271 2834 2342 vitam,quantum
2867 2268 3146 2342 praeteriit
3176 2267 3321 2323 mihi
3352 2266 3781 2323 sacriﬁciorum

361 2351 600 2409 ineunte
628 2352 733 2407 326
761 2353 1057 2410 statuitex
1086 2354 1275 2426 ipsius
1307 2356 1563 2429 Gregorii
1597 2359 1808 2415 verbis.
1841 2381 1862 2411 ι
1895 2362 2011 2414 An-
2119 2365 2376 2432 tempus.
2416 2383 2435 2409 η
2485 2360 2647 2424 Quod
2698 2359 2934 2430 quidem
2986 2358 3155 2429 longe
3203 2355 3577 2412 verissimum
3627 2358 3777 2410 erat.

367 2456 482 2495 nus
514 2440 679 2507 mihi,
708 2463 737 2491 »
772 2441 964 2512 inquit
993 2444 1068 2513 (b)
1089 2466 1114 2492 ‹‹
1139 2444 1265 2514 jam
1290 2463 1434 2517 pene
1462 2447 1795 2503 tricesimus
1826 2454 1965 2519 erat,
1986 2472 2005 2498 ι
2121 2450 2295 2516 Quin,
2329 2448 2664 2521 Theologus
2693 2448 2839 2519 ipse,
2872 2446 3132 2502 carmine
3166 2447 3236 2501 De
3278 2447 3404 2501 Vita
3431 2461 3533 2500 sua
3562 2443 3663 2515 (ά),
3695 2442 3785 2498 sic

366 2543 501 2584 cum
529 2527 794 2600 Athenis,
826 2546 977 2585 anno
1026 2532 1131 2586 355
1172 2532 1257 2589 vel
1300 2535 1424 2601 356,
1458 2535 1753 2592 discedere
1797 2536 2011 2610 cogita-
2124 2540 2305 2594 Deum
2336 2539 2579 2593 affatur:
2615 2560 2643 2587 «
2680 2537 2958 2605 Precor,si
2984 2536 3292 2607 quandote
3323 2539 3487 2606 pater
3516 2539 3572 2588 et
3600 2548 3781 2587 vene-

367 2616 487 2673 bat.
537 2616 709 2673 Nasci
761 2634 897 2691 ergo
953 2620 1157 2675 debuit
1213 2639 1365 2677 anno
1423 2625 1528 2678 3‘35
1585 2631 1854 2694 exeunte,
1912 2630 2014 2683 aut
2121 2628 2304 2682 randa
2336 2631 2521 2681 mater
2552 2631 2651 2681 aut
2676 2626 2934 2680 victimis
2956 2625 3119 2695 puris
3149 2629 3206 2680 et
3230 2624 3449 2679 sanctis
3482 2622 3781 2677 munerati

368 2705 606 2762 ineunte
627 2707 752 2775 326,
785 2712 851 2763 ut
897 2709 1235 2781 trigesimus
1284 2711 1366 2766 illi
1406 2730 1597 2768 annus
1643 2720 1792 2770 esset
1820 2714 1871 2771 is
1898 2733 2012 2787 quo
2124 2720 2299 2783 sunt;
2337 2737 2365 2764 ››
2396 2715 2766 2770 victimarum
2798 2715 3033 2768 nomine
3056 2713 3150 2784 pia
3175 2730 3349 2785 opera
3376 2728 3443 2767 ex
3470 2710 3783 2766 charitatis

368 2794 631 2851 Athenas
651 2795 1053 2869 reliquit.Ejus
1072 2803 1235 2871 pater
1257 2802 1515 2857 nondum
1538 2808 1660 2858 erat
1679 2804 2010 2877 episcopus;
2123 2806 2329 2860 affectu
2362 2805 2478 2859 Deo
2504 2802 2697 2858 oblata
2727 2798 2884 2857 h'aud
2917 2803 3092 2857 dubie
3120 2801 3457 2873 intelligens
3482 2806 3559 2867 ;et
3590 2816 3783 2853 carm.

369 2883 469 2939 sed
503 2900 636 2938 eum
662 2884 1059 2945 Christianum
1090 2893 1231 2945 tunc
1282 2891 1479 2956 fuisse,
1515 2894 1782 2964 quamvis
1814 2898 2016 2949 contra
2120 2912 2181 2950 ιι
2229 2894 2319 2966 (e),
2380 2894 2592 2948 animae
2647 2893 2915 2947 victimas
2974 2892 3313 2946 incruentas
3360 2912 3388 2939 ››
3446 2892 3783 2944 memorat:

368 2973 581 3029 sentiat
610 2975 913 3044 Baronius,
948 2976 1280 3051 colligimus
1310 2997 1376 3035 ex
1398 2982 1655 3036 carmine
1677 2982 1880 3054 quinto
1913 2983 2013 3038 ubi
2124 2983 2263 3055 quid
2292 2983 2470 3055 igitur
2500 2982 2717 3047 obstat,
2749 2980 3067 3052 quominus
3113 2980 3315 3035 eodem
3349 2996 3523 3035 sensu
3556 2978 3780 3049 Grego-

368 3061 452 3119 ait
481 3060 795 3135 Gregorius
827 3081 888 3119 se
920 3070 1123 3122 natum
1170 3069 1367 3125 statim
1400 3088 1433 3125 a
1461 3070 1666 3126 Nonna
1702 3072 1818 3127 Deo
1852 3071 2013 3128 obla-
2124 3072 2249 3128 rius
2270 3076 2434 3143 pater
2475 3087 2672 3126 sacras
2718 3069 2986 3124 victimas
3034 3068 3420 3135 intellexerit;
3473 3066 3648 3138 idque
3679 3083 3788 3122 so-

367 3154 533 3206 tum:
566 3152 774 3208 deinde
804 3155 983 3222 addit,
1024 3174 1047 3203 α
1075 3161 1132 3212 et
1160 3174 1192 3212 ε,
1240 3160 1580 3229 parentibus
1627 3162 1883 3233 suscepit
1913 3163 2015 3217 do-
2123 3160 2248 3215 lum
2281 3160 2546 3215 versibus
2595 3157 2712 3213 illis
2760 3157 3177 3225 declaraverit;
3233 3156 3501 3211 videlicet
3547 3172 3663 3210 non
3696 3159 3793 3211 tot

369 3257 551 3298 num:
588 3263 615 3290 υ
646 3240 734 3295 καὶ
791 3240 849 3295 ἐκ
893 3244 1095 3298 τοκέων
1140 3244 1399 3302 ὑπέδεκτο
1448 3245 1643 3324 δῶρον.
1678 3251 1861 3323 Igitur
1888 3251 2014 3322 ipse

2143 3250 2252 3303 ritas
2283 3264 2468 3303 annos
2491 3246 2821 3301 decurrisse
2844 3245 3215 3316 ﬁlium,quod
3237 3245 3360 3316 ipse
3385 3244 3446 3299 in
3468 3244 3789 3299 efferendis

368 3344 600 3403 quoque
625 3330 939 3404 Gregorius
972 3338 1135 3405 pater
1163 3336 1348 3392 ﬁlium
1375 3356 1507 3394 vero
1536 3340 1652 3395 Deo
1702 3340 2013 3405 obtulerat,
2123 3343 2236 3393 Deo
2267 3336 2616 3392 Christianis
2647 3335 2924 3406 operibus
2954 3333 3365 3405 impenderat?

368 3419 733 3493 proindeque
790 3437 924 3477 eum
985 3426 1125 3479 tunc
1194 3425 1437 3482 colebat.
1523 3429 1790 3485 Carmine
1838 3430 2013 3483 etiam

370 3507 482 3564 alio
513 3508 602 3578 (ο),
632 3513 941 3580 postquam
968 3514 1225 3569 narravit
1252 3517 1538 3586 quomodo
1568 3519 1660 3573 vix
1691 3522 1863 3573 natus
1899 3518 2015 3572 Deo

371 3597 599 3652 dicatus
632 3598 807 3652 fuerit
853 3603 907 3652 et
956 3601 1208 3669 oblatus,
1268 3603 1456 3658 instar
1496 3605 1661 3661 vituli
1711 3607 1799 3661 vel
1839 3607 2013 3679 agni;

377 3706 405 3739 ιι
433 3702 547 3741 non
580 3685 736 3741 enim
758 3686 946 3742 dicere
963 3691 1168 3755 audeo,
1194 3697 1455 3748 utnovus
1487 3695 1720 3766 quidam
1757 3695 2015 3761 Samuel,

370 3775 483 3832 nisi
514 3775 583 3829 ad
618 3791 816 3830 eorum
852 3777 950 3848 qui
973 3778 1253 3836 deder’unt
1282 3782 2017 3856 desideriumrespioiam.»

2157 3452 2295 3508 XXI.
2331 3452 2573 3523 Gregorii
2592 3451 2769 3505 verbis
2790 3448 3063 3505 mendacii
3094 3458 3223 3505 nota
3244 3466 3352 3505 non
3383 3450 3536 3507 debet
3563 3452 3744 3506 inuri.

2193 3563 2637 3625 Praeterea,cum
2668 3557 2912 3613 Baronio
2934 3555 3069 3613 licet
3106 3557 3317 3624 dicere,
3363 3574 3467 3629 per
3498 3556 3793 3630 hyperbo-

2123 3646 2218 3703 len
2250 3648 2335 3703 sic
2365 3647 2623 3703 locutum
2660 3647 2838 3701 fuisse
2882 3646 3226 3718 Gregorium
3256 3673 3268 3715 ;
3294 3648 3447 3719 quod
3473 3646 3654 3703 illaesa
3688 3664 3792 3703 ve-

2126 3738 2297 3793 ritate
2330 3736 2516 3808 potuit
2544 3742 2731 3808 poeta.
2766 3740 2925 3790 Certe
2960 3736 3271 3808 Gregorius
3295 3740 3457 3807 pater
3479 3735 3570 3791 his
3591 3737 3794 3795 verbis

2128 3842 2233 3881 nec
2265 3824 2466 3881 fefellit
2498 3824 2705 3894 ﬁlium,
2738 3841 2843 3879 nec
2894 3822 3091 3880 fallere
3144 3824 3413 3893 intendit,
3440 3829 3541 3880 aut
3572 3825 3797 3896 potuit,

370 3901 481 3959 XX.
513 3901 641 3986 Alia
689 3902 979 3986 verborum
1029 3902 1495 3986 Gregqerpatris
1544 3912 1921 3986 interpretatio
1950 3927 2022 3967 ex
2130 3931 2234 3971 nec
2266 3913 2426 3970 aliud
2460 3914 2697 3969 domum
2729 3913 3057 3982 significare
3086 3913 3261 3969 voluit
3287 3932 3463 3985 quam
3487 3915 3638 3986 quod
3666 3915 3794 3972 lilio

584 3973 802 4029 Μενηον·
839 3976 985 4031 Τνευο
1020 3973 1147 4049 ΑΡνζ
1176 3973 1332 4051 170⁷ξ
1365 3985 1470 4035 ανί·
1505 3997 1555 4047 Li
1585 3999 1641 4053 P-
1671 3973 1795 4037 7“-
2131 4002 2509 4060 notissimum
2543 4007 2684 4057 erat.
2720 3973 2933 4058 Mirum
2966 4002 3221 4075 profecto
3253 3973 3341 4057 est
3387 4002 3481 4058 his
3503 3973 3794 4076 .Gregorii

444 4080 577 4136 Jam
608 4095 741 4137 vero
765 4081 812 4137 si
846 4098 1014 4154 roges
1054 4100 1170 4155 qua
1226 4087 1449 4143 ratione
1491 4088 1749 4161 Gregorii
1799 4092 2021 4145 textum
2128 4093 2321 4149 verbis
2348 4090 2637 4147 mendacii
2691 4095 2889 4146 notam
2934 4090 3087 4146 inuri
3146 4092 3217 4146 ab
3274 4092 3367 4157 iis,
3401 4094 3501 4164 qui
3533 4093 3798 4149 fatentur

375 4168 847 4240 interpretemur,
878 4188 946 4227 ex
976 4189 1091 4245 quo
1123 4173 1221 4230 alii
1250 4192 1384 4233 eum
1414 4183 1576 4250 patre
1617 4179 1887 4251 epiSCOpo
1921 4197 2022 4235 na—
2131 4199 2265 4238 cum
2299 4180 2675 4237 Bollandistis
2716 4180 2992 4253 Gregorio
3038 4179 3275 4236 licuisse
3325 4181 3515 4237 dicere
3563 4181 3794 4252 absque

375 4261 502 4312 tum
534 4256 836 4330 colligunt,
868 4261 1084 4334 accipe.
1116 4264 1307 4321 Verba
1332 4266 1459 4338 ipsa
1488 4267 1600 4323 huc
1631 4270 1949 4325 revocanda
1970 4274 2026 4325 et
2133 4271 2713 4340 mendacio,matrem
2732 4274 3265 4325 suamcoaetaneam
3284 4270 3462 4325 fuisse
3476 4271 3646 4343 patri,
3675 4267 3793 4325 ἶσον

375 4345 561 4402 oculis
593 4347 977 4419 subjicienda.

2143 4357 2304 4429 πολιή
2347 4380 2405 4413 τε
2455 4358 2544 4413 καὶ
2592 4359 2761 4427 ἤθεσι,
2814 4359 3081 4430 quamvis
3139 4360 3309 4415 annis
3359 4360 3556 4416 decem
3618 4364 3805 4433 atque

450 4466 619 4551 pii-mo
646 4474 905 4551 TOUOE‘CPV
940 4472 1349 4551 ἐκμεμὲῖρηξιας
1387 4477 1525 4551 βίον,

2143 4450 2314 4507 etiam
2348 4448 2603 4520 amplius
2637 4464 2766 4504 eam
2791 4448 3088 4519 juniorem
3121 4448 3303 4505 fuisse
3333 4449 3673 4506 concedant.

450 4544 617 4603 ’Ὀσος
647 4543 895 4617 παρῆλθε
926 4543 1120 4607 θυάιῶν
1154 4543 1277 4620 {poi
1308 4543 1529 4624 xpovoq.

456 4632 702 4671 Nnnlhlm
734 4638 815 4671 In}
843 4652 1015 4671 numne
1046 4640 1149 4671 ιηἸη
1182 4644 1453 4671 manna-una."
1484 4647 1577 4671 ι...-

2173 4566 2335 4623 XXII.
2371 4568 2533 4622 Patre
2557 4566 2803 4622 nondum
2830 4568 3079 4637 episcopo
3124 4575 3288 4621 natus
3329 4574 3407 4622 est
3434 4565 3754 4636 Gregorius.

449 4632 703 4709 Nondum
733 4638 815 4709 tot
843 4652 1015 4691 annos
1043 4640 1153 4694 vita
1178 4644 1453 4709 percurrit
1483 4647 1598 4709 tua,

452 4672 704 4717 “""W'".
733 4672 815 4716 ἵν’
843 4672 1153 4720 “’⁶’⁶.υ⁰.υ⁶“¹’
1178 4672 1452 4709 P°’°“"“
1483 4672 1609 4728 ‘f‘“'.
1676 4717 1684 4727 .
1756 4718 1765 4726 .
2206 4673 2307 4728 His
2355 4672 2630 4729 omnibus
2686 4672 2975 4744 expensis,
3029 4673 3384 4728 arbitramur
3437 4673 3795 4746 Gregorium

452 4706 591 4773 Quot
620 4722 700 4760 mi
732 4723 791 4761 in
812 4723 987 4764 sacris
1005 4726 1127 4781 1am
1154 4720 1282 4767 sunt
1305 4719 1521 4785 peracti
1549 4718 1809 4771 victimis.
2136 4762 2569 4785 ηιμ-,ημ-
2592 4762 2855 4785 -_.____-
2879 4769 3080 4785 μμ-..
3118 4766 3166 4785 ,ι
3190 4762 3528 4785 n----_:--_
3558 4769 3784 4785 ηιμ--

2136 4766 2299 4834 patre
2312 4762 2574 4818 nondum
2588 4762 2860 4832 episcopo
2879 4766 3169 4829 natum,et
3189 4762 3530 4832 Gregorium
3558 4769 3795 4834 patrem

378 4839 636 4908 Gregorii
667 4841 843 4896 verba
873 4841 955 4896 sic
980 4846 1231 4901 reddunt
1264 4849 1363 4920 qui
1397 4865 1530 4903 eum
1563 4855 1726 4919 patre
1754 4850 2026 4922 episcopo
2134 4868 2235 4921 per
2265 4850 2614 4922 hyperbolen
2646 4850 2908 4905 locutum
2940 4850 3252 4915 fuisse,nec
3268 4852 3395 4919 ejus
3425 4852 3619 4907 verbis
3642 4853 3801 4909 ulla-

376 4932 581 4984 natum
612 4944 739 4984 esse
768 4932 1126 4989 contendunt
1148 4950 1367 4992 :verum
1389 4936 1447 4991 bi
1472 4938 1697 4993 addunt
1729 4939 1787 4994 in
1810 4940 2026 4995 suain-
2135 4946 2308 4995 tenus
2337 4939 2639 4995 veritatem
2674 4940 2968 4994 attentari.
2998 4942 3079 4992 An
3128 4954 3263 4994 vero
3310 4939 3624 5011 Gregorius
3653 4946 3803 4998 Gor-

374 5018 808 5088 terpretatione,
841 5022 997 5091 quod
1046 5023 1107 5077 in
1156 5023 1348 5079 Graeco
1397 5029 1555 5081 textu
1608 5044 1723 5083 non
1762 5032 2025 5100 apparet,
2135 5029 2309 5100 gonia
2339 5044 2535 5084 sorore
2556 5028 2778 5098 junior,
2805 5028 3067 5083 seniorve
3110 5027 3302 5096 fuerit,
3335 5029 3611 5085 dubitant
3640 5047 3793 5087 non-

378 5122 590 5177 nempe
628 5126 651 5155 ι
684 5108 921 5178 peracti.
958 5131 987 5159 »
1019 5110 1195 5166 Porro
1228 5114 1407 5168 textui
1463 5115 1608 5170 nihil
1640 5117 1893 5172 addatur
1921 5134 2026 5172 nec
2135 5117 2304 5182 nulli,
2335 5134 2439 5173 nec
2468 5117 2636 5172 facile
2666 5122 2753 5172 est
2784 5117 3123 5182 deﬁnire,ut
3152 5116 3543 5187 Papebrochio
3574 5117 3792 5190 placet.

377 5195 742 5264 detrahatur,
775 5198 876 5252 sed
926 5199 998 5253 ad
1050 5202 1291 5257 verbum
1341 5204 1639 5259 reddatur.
1673 5206 1768 5261 Sic
1810 5207 2027 5278 optime
2135 5229 2165 5258 ‹‹
2199 5206 2391 5262 Potuit
2418 5211 2591 5277 certe,
2624 5206 2837 5277 inquit,
2872 5207 3060 5277 primo
3090 5210 3263 5278 partu
3295 5211 3431 5262 nata
3461 5208 3699 5277 femina,
3725 5210 3793 5267 in

376 5285 635 5340 reddidit
663 5291 866 5342 auctor
903 5288 1183 5359 epistolae,
1217 5291 1274 5345 in
1322 5294 1762 5349 commentariis
1790 5295 2024 5352 Trevol-
2134 5300 2319 5352 matre
2350 5295 2577 5351 acuisse
2604 5295 2959 5351 desiderium
2982 5293 3163 5366 prolis
3192 5295 3489 5351 masculae.
3512 5318 3540 5348 »
3561 5297 3674 5355 Sed
3705 5297 3793 5356 le-

374 5373 580 5445 tianis,
609 5390 677 5431 ex
703 5392 822 5447 qua
850 5376 972 5433 haec
1002 5377 1347 5438 hausimus:
2132 5384 2461 5451 vissimam,
2492 5384 2611 5441 imo
2638 5384 2861 5441 nullam
2891 5384 3040 5441 hanc
3069 5400 3199 5441 esse
3227 5384 3632 5443 difﬁcultatem
3655 5388 3795 5459 quis

448 5534 527 5681 Ea)
556 5536 591 5590 9
620 5535 775 5605 Maii,
808 5554 862 5609 p.
897 5536 1021 5610 375,
1055 5538 1163 5596 col.
1198 5541 1250 5613 1,
1286 5560 1343 5600 n.
1376 5544 1428 5598 9.

473 5609 524 5681 b)
556 5608 745 5681 Carm.
783 5613 864 5666 De
891 5611 1063 5668 anim.
1095 5628 1216 5672 sua:
1243 5616 1467 5681 catam,
1497 5633 1550 5674 v.
1585 5618 1704 5673 199.

2209 5546 2283 5617 (d)
2313 5545 2382 5599 V.
2416 5546 2538 5615 416,
2572 5546 2693 5601 419.

2207 5621 2280 5681 (e)
2312 5618 2503 5673 Carm.
2536 5619 2608 5675 De
2638 5620 2693 5675 di

473 5609 501 5661 b
556 5608 745 5665 Carm.
783 5608 864 5666 De
891 5608 1063 5668 anim.
1095 5608 1467 5685 suaz'oalamq
1497 5633 1550 5674 v.
1585 5618 1704 5673 199.
2207 5608 2280 5687 (ej
2312 5618 2503 5673 Carm.
2526 5608 2608 5675 ὀε
2638 5620 2750 5675 div.
2783 5618 2906 5675 vita
2935 5618 3212 5690 generib.,
3243 5635 3297 5690 ν,
3330 5619 3417 5674 40.

473 5610 527 5755 ei
555 5679 745 5740 Carm.
776 5681 851 5739 De
878 5684 989 5741 vita
1013 5700 1132 5755 sua,
1163 5702 1218 5745 ν.
1248 5687 1336 5743 88.

456 5679 527 5755 (ο)
555 5679 745 5740 Carm.
776 5681 851 5739 De
878 5684 989 5741 vita
1013 5700 1132 5756 sua,
1163 5702 1218 5745 ν.
1248 5687 1336 5743 88.
