4052 6276
272 417 382 475 161

1618 414 1799 476 VlTA
1856 417 1917 475 S.
1969 412 2368 475 GREGORII.

3574 420 3686 478 162

271 568 384 606 non
416 546 757 620 intelligat?
786 547 870 601 An
897 562 1032 602 vero
1060 546 1120 601 in
1168 549 1358 613 Anna,
1380 562 1556 618 quam
1588 564 1721 603 cum
1747 554 1933 604 matre
1962 553 2015 615 Α
2046 548 2221 603 certis
2250 549 2703 619 cogitationibus
2749 548 2995 603 formam
3027 548 3256 620 accipit.
3298 550 3398 604 His
3429 550 3689 623 Gregorii

270 657 374 695 sua
406 638 672 694 conferre
706 636 1226 709 soletI‘Gregorius,
1260 641 1315 692 et
1344 636 1460 692 illic
1493 638 1727 709 quidem
1753 637 1932 709 potis-

271 727 745 799 simum,cprimo
777 730 948 797 partu
976 732 1111 781 nata
1143 726 1360 781 femina
1390 727 1547 782 acuit
1577 727 1932 782 desiderium

272 818 452 891 prolis
487 815 799 872 mascula?
836 838 862 863 υ
896 815 971 871 Ut
1003 832 1137 887 ergo
1183 820 1295 871 stet
1329 817 1686 888 comparatio
1718 817 1934 873 Nonna

273 925 407 964 cum
439 910 633 974 Anna,
666 905 885 961 rectius
918 905 1264 975 Gorgoniam
1286 905 1572 975 juniorem
1597 906 1768 960 fratre
1794 905 1933 960 Gre-

273 997 437 1070 gorio
463 996 648 1052 fuisse
680 994 1029 1063 inferretur;
1063 994 1215 1067 quod
1250 992 1447 1066 plures
1478 993 1820 1050 Scholiasta
1850 994 1933 1067 (α)

275 1087 649 1142 conﬁrmant.

275 1193 465 1249 XXIII.
502 1194 811 1264 Gregorius
867 1192 1138 1245 nascitur.
1173 1192 1366 1247 Prima
1412 1190 1659 1249 educatio
1690 1194 1746 1247 in
1780 1191 1934 1248 domo

981 1267 1233 1334 paterna.

342 1354 547 1425 Itaque
578 1356 755 1409 natus
784 1353 1017 1410 videtur
1062 1351 1373 1424 Gregorius
1394 1352 1536 1423 (sive
1567 1352 1780 1420 senior,
1815 1353 1934 1408 sive

267 1442 470 1514 junior
530 1442 823 1515 Gorgonia
881 1440 1074 1513 fuerit)
1100 1458 1252 1497 anno
1305 1442 1411 1497 325
1468 1441 1551 1497 vel
1610 1442 1734 1514 326,
1769 1446 1934 1514 patre

274 1533 538 1588 nondum
572 1534 867 1605 episcopo,
903 1532 1003 1588 sed
1034 1531 1382 1599 Christiano,
1406 1536 1472 1587 ut
1494 1535 1620 1604 jam
1654 1532 1929 1587 diximus.

274 1622 356 1676 Ab
392 1622 544 1693 ipsis
580 1621 938 1677 incunabilis
969 1621 1061 1694 pie
1093 1638 1125 1676 a
1146 1622 1256 1693 piis
1290 1622 1629 1694 parentibus
1653 1623 1932 1677 educatus

273 1715 376 1777 est,
413 1711 515 1782 qui
549 1712 813 1783 regenda
842 1710 1030 1783 ipsius
1070 1710 1328 1782 pueritia
1361 1727 1561 1767 curam
1594 1711 1706 1783 ipsi
1741 1727 1933 1767 susce-

273 1816 427 1872 pere.
452 1802 602 1857 Cum
625 1817 751 1855 eam
781 1804 1215 1871 atatem,quam
1240 1801 1443 1856 dicunt
1463 1801 1705 1857 rationis
1728 1817 1927 1871 exper-

271 1895 408 1955 tem,
462 1891 904 1961 pertransisset,
940 1905 1075 1944 eum
1129 1894 1334 1958 mater,
1370 1907 1543 1961 quem
1567 1892 1694 1961 jam
1726 1892 1926 1945 statim
1960 1926 2007 1991 B

270 1980 338 2033 ab
372 1984 507 2034 ortu
540 1978 659 2033 Deo
690 1978 997 2047 obtulerat,
1029 1984 1203 2050 atque
1251 1980 1425 2033 etiam
1459 1979 1802 2051 priusquam
1835 1996 1932 2035 na-

273 2073 538 2124 sceretur
568 2068 881 2133 dicaverat,
912 2067 1124 2123 iterum
1157 2068 1367 2123 obtulit
1396 2073 1454 2123 et
1473 2068 1687 2123 dicavit
1710 2086 1723 2137 ;
1748 2069 1931 2125 sacris

274 2156 485 2212 litteris
518 2157 686 2227 pueri
715 2173 928 2212 manus
959 2155 1247 2223 lustravit,
1267 2156 1447 2212 libros
1469 2158 1695 2213 divinos
1718 2160 1932 2215 teneris

276 2246 558 2301 manibus
592 2246 929 2301 tractandos
972 2245 1317 2313 exhibendo;
1354 2247 1570 2317 quibus
1619 2264 1753 2302 eum
1783 2249 1933 2304 votis

277 2334 693 2391 obstrinxisset
723 2334 1093 2406 signiﬁcavit,
1128 2340 1296 2405 atque
1341 2335 1569 2391 hortata
1598 2342 1686 2392 est
1719 2341 1781 2391 ut
1808 2354 1933 2393 ma-

277 2425 381 2480 tris
416 2424 712 2495 promissa
740 2423 907 2479 factis
932 2422 1207 2494 expleret.
1241 2424 1369 2495 Ipse
1408 2425 1675 2495 protinus
1705 2427 1931 2497 annuit,

280 2514 556 2586 quamvis
578 2514 636 2567 in
670 2518 871 2568 tenera
899 2517 1084 2576 atate,
1118 2517 1357 2584 rataque
1387 2514 1583 2568 omnia
1613 2515 1838 2583 habuit,
1868 2532 1934 2572 ac

280 2604 559 2675 perﬁcere
590 2617 823 2671 semper
854 2602 1080 2656 studuit
1109 2602 1203 2672 (ὑ).
1258 2602 1507 2673 Optimis
1539 2603 1597 2657 in
1629 2605 1801 2659 domo
1832 2622 1934 2676 pa-

278 2698 465 2758 terna,
500 2692 603 2746 ubi
665 2689 942 2761 praeclara
971 2692 1256 2745 virtutum
1306 2692 1571 2763 exempla
1613 2710 1725 2764 pra
1752 2694 1935 2750 oculis

284 2781 514 2845 habeat,
578 2779 886 2851 praceptis
937 2779 1309 2847 informatus,
1370 2781 1674 2851 gravitatis
1727 2800 1935 2839 senum

287 2870 504 2941 aliquid
538 2869 902 2940 praeferebat,
929 2873 1093 2923 atate
1114 2869 1292 2924 simul
1324 2875 1381 2924 et
1403 2871 1625 2925 ratione
1647 2888 1936 2929 crescens.

289 2961 591 3014 Crescebat
621 2964 678 3013 et
707 2959 841 3012 boni
864 2958 1173 3029 cupiditas,
1193 2961 1684 3029 quemadmodum
1727 2977 1795 3015 ex
1825 2980 1937 3016 nu-

294 3049 460 3103 bibus
494 3049 682 3102 nubes
722 3046 876 3101 coire
910 3045 1118 3102 solent.
1178 3047 1502 3118 Librorum,
1537 3049 1637 3120 qui
1666 3049 1734 3104 de
1766 3050 1939 3107 rebus

296 3136 504 3193 divinis
535 3140 811 3201 tractant,
854 3134 1099 3191 lectione
1157 3136 1573 3195 oblectabatur.
1608 3138 1750 3194 Cum
1797 3140 1940 3196 viris

299 3226 490 3297 probis
522 3225 797 3295 frequens
829 3228 975 3279 erat.
1011 3224 1102 3279 Sic
1132 3227 1329 3281 tenera
1359 3242 1525 3282 mens
1557 3227 1793 3299 optimis
1824 3230 1939 3284 im-

2043 636 2235 692 verbis
2265 636 2644 693 manifestum
2678 639 2786 705 est,
2820 637 2873 692 id
2902 638 3217 710 contigisse
3240 655 3371 694 cum
3406 639 3597 695 adhuc
3626 639 3687 695 in

2043 727 2215 782 domo
2246 731 2507 798 paterna,
2531 743 2645 781 non
2670 732 2867 782 autem
2899 744 3028 783 cum
3056 729 3180 798 jam
3217 728 3462 785 Athenis
3488 745 3689 785 versa-

2044 819 2223 882 retur,
2253 818 2308 870 ct
2339 814 2587 870 Rufinus
2621 830 2923 887 perperam
2956 816 3210 889 scripsit.

2042 922 2206 978 XXV.
2248 924 2427 979 Visum
2472 926 2802 978 nocturnum
2828 938 2928 993 quo
2967 924 3242 981 castitatis
3290 942 3474 983 amore
3499 943 3685 984 accen-

2782 994 2951 1049 ditur.

2114 1082 2377 1154 Virgines
2401 1082 2547 1139 duas
2577 1083 2772 1139 videre
2795 1083 2905 1138 sibi
2926 1083 3233 1140 videbatur
3257 1086 3498 1159 propius
3529 1092 3689 1144 stan-

2042 1175 2150 1242 tes,
2176 1170 2555 1243 candidisque
2573 1171 2831 1227 vestibus
2863 1170 3444 1239 collucentes,ambas
3475 1176 3690 1232 formo-

2044 1277 2163 1331 sas,
2198 1261 2577 1332 ejusdemque
2599 1261 2806 1333 atatis,
2832 1261 3051 1334 quibus
3072 1269 3414 1321 ornamento
3447 1270 3572 1322 erat
3602 1267 3689 1323 in-

2042 1354 2251 1406 ornata
2280 1351 2485 1406 forma.
2519 1350 2810 1415 Quaerenti
2868 1352 3143 1425 Gregorio
3176 1370 3440 1425 quanam
3474 1360 3689 1425 essent,

2041 1443 2097 1494 et
2126 1439 2283 1495 unde
2312 1439 2629 1510 venissent,
2679 1440 2860 1496 altera
2890 1457 2953 1497 se
3008 1442 3334 1499 castitatem
3367 1462 3493 1501 esse
3525 1446 3690 1516 dixit,

2042 1528 2223 1585 altera
2241 1531 2710 1601 temperantiam:
2733 1531 3183 1603 cumqueipsum
3210 1533 3449 1589 hortata
3471 1540 3688 1605 essent,

2040 1620 2106 1672 ut
2136 1618 2433 1673 mentibus
2457 1622 2710 1673 mentem
2732 1622 2789 1674 et
2814 1619 2995 1675 facem
3030 1620 3253 1676 facibus
3272 1623 3688 1695 jungeret,quo

2039 1723 2171 1762 eum
2205 1708 2353 1763 miro
2386 1707 2610 1780 fulgore
2667 1707 3067 1780 splendentem
3102 1711 3158 1765 in
3210 1711 3417 1767 coelum
3451 1714 3687 1782 ferrent,

2038 1796 2307 1867 protinus
2336 1797 2395 1852 in
2429 1796 2640 1853 calum
2671 1799 2991 1854 evolarunt.
3026 1802 3169 1856 Cum
3202 1800 3382 1873 igitur
3437 1803 3557 1859 viso
3586 1820 3689 1858 no-

2038 1890 2246 1941 cturno
2280 1886 2556 1942 incensus
2606 1892 2762 1943 esset
2821 1888 3153 1960 Gregorius,
3186 1907 3351 1945 amor
3380 1893 3688 1965 castitatis,

2042 1976 2213 2047 cujus
2248 1975 2442 2047 fulgor
2464 1976 2689 2032 intimis
2721 1977 2902 2032 animi
2926 1979 3252 2035 recessibus
3272 1982 3554 2037 contineri
3574 1999 3688 2039 non

2040 2068 2286 2137 poterat,
2319 2064 2377 2119 in
2410 2081 2475 2120 eo
2506 2064 2824 2136 splenduit.

2130 2152 2319 2208 XXVI.
2363 2156 2592 2209 Piorum
2620 2156 2866 2209 virorum
2891 2155 3344 2211 consuetudinem
3364 2162 3587 2226 expetit.

2041 2242 2304 2297 Primum
2336 2242 2514 2314 igitur
2569 2258 2949 2315 congressum
3009 2243 3239 2317 piorum
3299 2245 3554 2303 virorum
3588 2266 3689 2322 ap-

2043 2329 2261 2402 petivit,
2295 2331 2393 2403 qui
2445 2332 2801 2387 matrimonii
2859 2331 3090 2388 vincula
3129 2334 3415 2405 fugerant,
3449 2351 3628 2409 seque
3659 2354 3695 2394 a

2042 2418 2288 2475 terrenis
2310 2420 2649 2477 hominibus
2671 2423 3065 2493 sejunxerant,
3090 2426 3154 2478 ut
3181 2423 3475 2480 Christum
3495 2442 3692 2499 regem

2045 2507 2225 2564 animi
2258 2511 2464 2581 pennis
2489 2516 2875 2583 sequerentur
2919 2513 3002 2584 (Γ).
3038 2512 3152 2568 Hos
3185 2513 3369 2570 unica
3399 2532 3605 2572 amans
3636 2521 3694 2574 et

2042 2602 2163 2655 toto
2221 2599 2392 2655 corde
2435 2599 2846 2672 complectens,
2905 2601 3029 2672 spei
3085 2601 3335 2659 caelestis
3379 2605 3557 2661 duces
3587 2606 3692 2663 ha-

2044 2690 2173 2747 buit
2204 2692 2300 2762 (g).
2335 2690 2540 2745 Postea
2570 2705 2745 2761 grave
2778 2690 3140 2745 matrimonii
3166 2693 3376 2764 jugum
3410 2696 3689 2765 excussit,

2046 2780 2382 2853 praeclaram
2414 2795 2637 2850 eorum,
2670 2778 2770 2850 qui
2828 2784 3107 2851 perpetua
3158 2781 3489 2852 virginitate
3520 2784 3694 2841 ﬂore—

2047 2876 2175 2926 rent
2206 2874 2421 2926 sortem
2455 2874 2753 2939 exoptans.
2786 2869 2909 2923 Non
2936 2870 3290 2936 convivia,et
3311 2890 3693 2946 quacumque

2041 2959 2362 3031 juvenibus
2393 2974 2544 3012 cura
2602 2973 2729 3012 esse
2780 2957 2988 3027 solent,
3020 2959 3132 3030 ipsi
3191 2959 3498 3032 placebant
3530 2981 3543 3032 ;
3578 2980 3693 3019 non

2048 3047 2236 3103 mollis
2268 3046 2466 3114 vestis,
2497 3063 2611 3100 non
2672 3046 2941 3117 petulans
2999 3048 3173 3119 risus,
3209 3066 3323 3105 non
3382 3052 3607 3123 scopuli
3637 3055 3696 3110 et

2049 3141 2298 3201 montes,
2336 3152 2446 3191 non
2467 3137 2600 3206 equi
2634 3141 2689 3190 et
2713 3152 2885 3191 canes
2925 3138 3191 3193 venatici.
3223 3141 3301 3194 Ea
3332 3141 3528 3195 omnia
3551 3142 3693 3197 mis-

2049 3244 2112 3282 sa
2145 3227 2297 3294 fecit,
2328 3226 2697 3297 projectaque
2718 3226 2876 3280 omni
2906 3226 3035 3281 vita
3068 3227 3245 3298 hujus
3277 3228 3565 3297 felicitate,
3586 3248 3696 3286 au-

299 3294 581 3368 buebatur
611 3294 896 3384 moribus,
951 3312 1312 3385 formamque
1368 3294 1613 3387 pietatis
1638 3317 1936 3388 induebat,
1971 3294 2013 3361 ί]
2052 3322 2216 3372 stera
2248 3294 2642 3386 temperantia
2688 3313 2902 3370 collum
2958 3294 3254 3372 submisit.
3298 3318 3379 3374 Ea
3408 3294 3695 3393 singulari

302 3402 475 3459 donec
532 3408 763 3474 tempus
832 3402 1083 3471 adesset,
1143 3404 1295 3474 quod
1356 3421 1488 3460 eum
1555 3422 1721 3461 sacro
1780 3406 1939 3462 fonte

302 3491 642 3547 abluendum
671 3508 799 3547 esse
820 3490 1084 3548 Christus
1105 3498 1307 3547 notum
1340 3493 1578 3563 faceret;
1613 3496 1713 3566 qui
1736 3496 1939 3567 singu-

300 3578 397 3635 lari
432 3580 710 3637 beneﬁcio
740 3597 975 3636 servum
1016 3598 1190 3636 suum
1218 3582 1431 3652 affecit,
1464 3600 1716 3655 eumque
1745 3585 1939 3641 verbis

302 3669 633 3742 compellare
664 3671 941 3741 dignatus
971 3675 1061 3725 est
1090 3671 1178 3742 (c).
1212 3670 1474 3727 Castitati
1501 3672 1779 3745 alligavit,
1814 3691 1937 3729 car-

300 3776 421 3813 nem
478 3760 742 3827 frenavit,
778 3760 1123 3831 ﬂagrantem
1181 3761 1479 3833 sapientia
1536 3763 1741 3817 divina
1774 3780 1938 3818 amo-

301 3864 409 3902 rem
444 3848 771 3921 inspiravit,
832 3865 899 3903 ac
931 3848 1057 3904 vita
1115 3850 1473 3917 monastica,
1538 3851 1791 3926 μονάχου
1828 3849 1940 3926 βιὸ-

300 3955 425 4003 τωο,
458 3956 582 4009 qua
611 3938 741 3992 vita
778 3938 986 3992 futura
1018 3936 1365 4009 praludium
1403 3944 1506 3994 est.

602 4045 771 4099 XXIV.
806 4044 983 4099 Ardor
1012 4045 1288 4100 servanda
1317 4045 1625 4117 pudicitia.

362 4133 603 4189 Divinus
636 4133 877 4205 quidam
923 4132 1165 4188 incessit
1187 4134 1423 4204 juvenis
1476 4136 1739 4191 animum
1772 4139 1944 4193 ardor

304 4224 583 4277 servanda
612 4222 930 4292 pudicitia,
964 4238 1135 4292 quem
1195 4224 1384 4277 visum
1440 4224 1673 4280 caeleste
1726 4226 1837 4297 ipsi
1883 4229 1942 4282 in

302 4311 513 4365 somnis
558 4316 862 4365 ostensum
920 4309 1110 4381 magis
1167 4310 1473 4384 magisque
1512 4313 1782 4369 firmavit.
1814 4315 1945 4371 Hac

299 4405 445 4467 sunt,
478 4405 541 4454 ut
574 4416 676 4469 ego
710 4400 947 4470 quidem
983 4400 1209 4470 opinor,
1243 4401 1547 4467 miracula,
1580 4404 1747 4474 queis
1770 4410 1944 4472 Deus,

298 4488 387 4555 qui
410 4490 495 4543 sic
526 4489 657 4560 pias
678 4493 905 4543 mentes
927 4488 1000 4543 ad
1024 4487 1266 4543 salutem
1292 4490 1624 4561 trahit,ejus
1656 4494 1945 4549 desiderio

298 4576 476 4631 calcar
504 4578 753 4646 addidit,
788 4582 854 4631 ut
909 4577 1049 4648 ipse.
1070 4577 1273 4632 scribit
1299 4579 1613 4651 Gregorius
1635 4581 1734 4653 (ά),
1771 4583 1941 4637 dubi-

2047 3405 2170 3474 illo,
2220 3421 2395 3477 quem
2462 3408 2599 3458 tunc
2656 3402 2855 3459 hausit
2910 3406 3126 3474 animo,
3154 3407 3439 3465 castitatis
3496 3425 3695 3466 amore

2048 3494 2279 3550 condita
2307 3494 2680 3566 postmodum
2736 3494 2807 3550 ab
2838 3511 2903 3550 eo
2932 3495 3113 3552 fuisse
3144 3496 3244 3553 illa
3280 3497 3535 3572 insignia
3563 3517 3697 3571 poe-

2047 3598 2226 3659 mata,
2260 3592 2475 3665 quibus
2527 3592 2727 3647 laudes
2778 3593 3131 3667 virginitatis
3171 3599 3227 3652 et
3283 3603 3571 3671 pracepta
3627 3599 3700 3655 ad

2048 3681 2298 3753 virgines
2329 3681 2721 3750 continentur,
2756 3687 2909 3738 recte
2948 3699 3081 3739 cum
3115 3684 3505 3757 Papcbrochio
3537 3686 3700 3742 colli-

2046 3787 2170 3843 gas.

2118 3878 2335 3934 XXVII.
2370 3878 2620 3949 Gregorii
2642 3878 2827 3934 studia
2855 3888 3015 3935 extra
3045 3881 3211 3936 limen
3241 3883 3622 3951 proferuntur.

2130 3973 2443 4038 Postquam
2477 3968 2634 4022 intra
2683 3968 2923 4023 domum
2964 3974 3267 4039 paternam
3312 3971 3395 4026 sic
3446 3972 3700 4043 primum

2049 4056 2321 4111 instituta
2354 4057 2462 4110 fuit
2489 4055 2750 4128 Gregorii
2801 4057 3073 4127 pueritia,
3107 4075 3522 4137 sacrarumque
3551 4062 3705 4118 litte-

2053 4163 2251 4201 rarum
2285 4144 2499 4200 studiis
2532 4151 2589 4199 et
2634 4145 2793 4199 omni
2835 4147 3119 4201 virtutum
3152 4165 3361 4220 genere
3390 4150 3705 4208 informata

2051 4240 2211 4290 extra
2242 4234 2421 4289 limen
2469 4232 2694 4305 prolata
2725 4240 2864 4288 sunt
2894 4237 3022 4305 ejus
3070 4236 3268 4292 studia
3297 4238 3396 4311 (Ιι).
3429 4239 3705 4305 Quamvis

2053 4326 2209 4379 enim
2242 4322 2387 4377 Dlhll
2418 4339 2677 4394 unquam
2712 4324 3008 4394 antiquius
3030 4326 3213 4381 sacris
3244 4326 3454 4383 litteris
3484 4328 3704 4385 habue-

2052 4417 2149 4483 rit,
2183 4418 2453 4469 externas
2482 4419 2678 4468 tamen
2738 4415 3084 4487 investigare
3115 4422 3173 4471 et
3219 4433 3558 4490 comparare
3591 4435 3704 4475 non

2053 4505 2141 4555 est
2172 4500 2547 4571 dedignatus,
2570 4516 2636 4554 eo
2668 4499 2948 4555 nimirum
2980 4490 3241 4571 consilio,
3272 4510 3339 4558 ut
3366 4504 3515 4560 veris
3546 4504 3707 4559 litte-

2054 4589 2134 4643 ris
2167 4606 2269 4659 per
2300 4588 2508 4643 nothas
2540 4587 2717 4643 ferret
2747 4606 2913 4659 opem
2944 4608 2956 4657 ;
2992 4608 3063 4646 ne
3094 4592 3343 4663 superbe
3364 4592 3708 4663 jactitarent

296 4668 417 4720 tans
449 4683 520 4720 an
545 4682 614 4721 ea
644 4670 839 4737 tegere
870 4666 1098 4735 debeat,
1134 4667 1285 4737 quod
1316 4669 1496 4723 animi
1550 4686 1758 4741 parum
1791 4673 1938 4744 grati
1972 4668 2018 4732 D
2052 4694 2131 4745 se,
2166 4678 2265 4748 qui
2325 4676 2472 4732 nihil
2532 4682 2739 4749 praeter
2791 4678 3025 4734 inanem
3058 4679 3453 4751 eloquentiam
3485 4682 3543 4737 in
3573 4686 3705 4753 gut-

295 4760 394 4821 est,
451 4772 523 4809 an
581 4756 923 4826 pradicare,
957 4755 1111 4825 quod
1166 4756 1383 4810 fastum
1432 4757 1661 4813 videtur
1717 4777 1940 4831 sapere.

296 4845 427 4898 Rem
460 4850 653 4899 tamen
683 4844 805 4914 ipse
839 4848 1019 4898 totam
1050 4844 1236 4914 aperit
1267 4844 1325 4898 in
1356 4846 1613 4901 carmine
1636 4852 1719 4902 De
1737 4851 1945 4906 animae

295 4947 398 4988 sua
426 4934 854 4990 calamitatibus
884 4934 981 5003 (ε),
1005 4937 1477 5005 nocturnumque
1508 4935 1697 4990 visum
1723 4942 1941 5006 narrat,

298 5038 406 5093 quo
466 5024 617 5079 Deus
676 5023 785 5095 ipsi
844 5021 1112 5078 castioris
1168 5021 1299 5077 vita
1357 5039 1615 5081 amorem
1672 5025 1939 5098 immisit,

302 5134 322 5157 ι·
352 5128 480 5167 cum
533 5111 730 5168 adhuc
760 5127 907 5183 puer
935 5111 1213 5184 parvulus
1252 5116 1426 5180 esset,
1459 5129 1565 5169 nec
1597 5117 1793 5171 tamen
1824 5132 1942 5171 om-

301 5201 427 5256 nino
478 5201 780 5273 parvulus,
817 5223 844 5250 ››
889 5202 993 5256 sed
1040 5217 1107 5256 ea
1154 5205 1323 5256 atate
1365 5219 1480 5272 qua
1517 5203 1655 5259 boni
1697 5208 1753 5260 et
1801 5204 1942 5262 mali

300 5287 576 5363 imagines
606 5291 667 5345 in
699 5290 896 5345 animo
926 5288 1642 5364 inscribuntur,mensque
1675 5295 1939 5351 nondum

361 5448 433 5589 (αἶ
462 5448 619 5506 Elias
646 5449 824 5518 Cret.,
856 5449 918 5505 in
952 5449 1089 5506 edit.
1122 5448 1280 5519 Bill.,
1310 5455 1352 5507 t.
1385 5453 1460 5521 II,
1492 5469 1549 5526 p.
1580 5454 1705 5511 761.

362 5520 408 5589 (b
459 5520 652 5577 Carm.
686 5523 762 5578 De
790 5523 906 5577 vita
934 5537 1058 5589 sua,
1088 5538 1143 5577 v.
1173 5522 1246 5577 95
1272 5530 1325 5579 et
1357 5540 1482 5589 seq.

381 5520 429 5589 b)
459 5520 652 5577 Carm.
686 5523 762 5578 De
790 5523 906 5577 vita
934 5537 1058 5590 sua,
1088 5538 1143 5577 v.
1173 5522 1246 5577 95
1272 5530 1325 5579 et
1357 5540 1482 5598 seq.

362 5522 428 5732 ἰῇ)
455 5593 647 5689 Germ.
686 5594 762 5650 De
789 5596 977 5676 rebas,
1008 5610 1063 5649 v.
1096 5595 1219 5652 455.

419 5666 435 5732 )
464 5673 656 5723 Carm.
691 5666 719 5721 1
747 5667 823 5723 De
844 5671 959 5722 vita
987 5682 1109 5732 sua,
1141 5682 1196 5724 ν.
1232 5668 1333 5724 105
1360 5670 1417 5725 et
1446 5684 1482 5726 si

382 5594 428 5717 ᾗ)
455 5593 647 5652 Carm.
686 5594 762 5650 De
789 5596 977 5676 rebas,
1008 5610 1063 5649 v.
1096 5595 1219 5652 455.

422 5666 435 5717 l
464 5668 656 5717 Carm.
691 5666 719 5717 1
748 5667 823 5717 De
844 5671 959 5717 vita
987 5682 1108 5717 sua.
1141 5682 1196 5717 ν.

413 5666 435 5809 3
464 5668 656 5723 Carm.
691 5666 719 5721 1
747 5667 823 5723 De
844 5668 959 5722 vita
987 5682 1109 5737 sua,
1141 5682 1196 5724 ν.
1232 5668 1333 5724 105
1360 5670 1417 5725 et
1446 5684 1567 5745 seq.

460 5738 651 5797 Carm.
683 5738 740 5809 5,
772 5754 827 5796 v.
851 5738 982 5795 205.

366 5736 433 5809 (ε)
460 5738 651 5797 Carm.
683 5738 740 5814 5,
772 5754 827 5796 v.
851 5738 982 5795 205.

2051 4772 2182 4821 ture
2208 4770 2263 4820 et
2292 4766 2572 4821 suavibus
2622 4783 2831 4822 vocum
2874 4768 3037 4823 sonis
3069 4770 3241 4825 sitam
3277 4778 3529 4839 norunt;
3564 4787 3706 4827 neve

2052 4854 2478 4926 sophismatum
2515 4854 2759 4911 nexibus
2790 4856 3211 4928 implicaretur.
3242 4859 3461 4930 Itaque,
3497 4884 3523 4909 ‹‹
3558 4860 3702 4915 Cum

2052 4949 2216 4999 atate
2236 4944 2364 5014 jam
2402 4942 2977 5018 adolevisset,inquit
3007 4949 3135 5018 ejus
3167 4948 3306 5003 Vita
3340 4948 3590 5020 scriptor
3619 4950 3704 5021 (ἰ),

2048 5033 2371 5088 Casaream
2431 5033 2749 5104 profectus.
2810 5034 3043 5107 illicque
3101 5051 3233 5091 cum
3294 5037 3707 5108 prastantibus

2049 5121 2404 5193 quibusdam
2425 5122 2721 5194 magistris
2742 5125 3165 5181 consuetudine
3186 5124 3704 5193 habita,doctrina-

2049 5228 2162 5282 que
2194 5228 2309 5266 non
2364 5211 2572 5283 exigua
2630 5212 2887 5284 collecta,
2921 5214 2982 5270 in
3041 5213 3410 5271 Palaestinam
3468 5217 3703 5289 naviga-

2046 5300 2152 5357 vit.
2189 5322 2217 5350 ›)

2122 5463 2189 5533 (Γ)
2222 5461 2327 5529 1b.,
2358 5477 2409 5517 v.
2440 5461 2568 5519 281.

2122 5536 2201 5606 (g)
2234 5534 2340 5606 1b.,
2372 5549 2423 5588 ν.
2456 5534 2583 5589 303.

2146 5604 2422 5687 I3)_C_arrn.
2456 5606 2531 5661 De
2562 5608 2827 5687 vita_sua,
2859 5626 2913 5666 v.
2949 5610 3051 5667 112
3103 5614 3283 5687 etseq.

2146 5609 2201 5677 ἡ)
2232 5609 2422 5660 Carm.
2456 5609 2531 5661 De
2562 5609 2674 5663 vita
2702 5622 2722 5663 ε

2121 5609 2181 5751 ξι)
2220 5678 2336 5733 Vita
2369 5676 2504 5752 Greg
2532 5723 2548 5751 ,
2580 5696 2637 5752 p.
2670 5681 2722 5737 4.
