4052 6276
398 419 514 480 163

526 551 772 607 XXVIII.
809 551 1110 607 Caesaream
1144 549 1499 622 Cappadociae
1522 548 1918 620 proﬁciscitur.

468 641 677 698 Nullus
707 644 859 697 certe
890 639 1223 711 ambigendi
1271 639 1455 708 locus,
1488 644 1680 693 utram
1725 638 2045 693 Czesaream

390 730 621 803 petierit
641 729 974 802 Gregorius.
1006 728 1233 783 Etenim
1265 727 1612 791 Caesaream,
1644 742 1768 796 quae
1799 725 1858 779 in
1899 725 2046 796 Cap-

388 819 632 891 padocia
683 818 796 873 sita
853 821 960 885 est,
994 833 1110 872 non
1169 815 1538 871 Palaestinam
1590 816 1690 870 ubi
1749 814 1931 869 altera
1958 816 2047 868 est

392 913 670 975 Caesarea,
698 913 841 963 tunc
901 905 1213 979 navigavit.
1246 905 1368 960 Viri
1428 909 1626 960 tamen
1660 903 1812 959 docti
1847 902 2044 974 plures

393 1002 706 1054 Caesaream
742 996 1059 1053 Palaestinae
1090 994 1445 1066 intelligunt,
1490 992 1782 1065 imprimis
1816 991 2043 1057 Billius,

390 1088 698 1153 Baronius,
733 1091 905 1158 atque
937 1086 1113 1141 etiam
1140 1084 1266 1155 ipse
1315 1082 1760 1147 Tillemontius;
1792 1098 2043 1153 quorum

389 1177 723 1249 opinionem
784 1178 986 1230 auctor
1044 1173 1172 1229 Vita
1230 1172 1427 1228 Basilii
1481 1171 1559 1243 (p.
1619 1171 2042 1242 40,111),novaa

388 1266 629 1322 editioui
662 1280 903 1337 operum
955 1264 1139 1318 sancti
1199 1261 1451 1317 doctoris
1486 1261 1730 1332 prmvice,
1760 1259 2043 1316 validissi-

386 1356 501 1412 mis
533 1355 843 1410 momentis
871 1352 1180 1424 impugnat
1210 1356 1267 1406 et
1296 1349 1524 1406 refellit.

383 1445 569 1502 XXIX.
591 1446 651 1499 In
678 1442 1014 1516 Cappadocia
1041 1442 1289 1512 primum
1338 1440 1650 1494 amicitiam
1681 1454 1803 1494 cum
1833 1438 2039 1493 Basilio

938 1531 1136 1602 junxit
1169 1527 1476 1599 Gregorius.

459 1622 668 1679 Narrat
697 1619 1009 1692 Gregorius
1035 1618 1432 1674 Nazianzenus
1453 1618 1535 1688 (a)
1556 1633 1617 1673 se
1647 1621 1703 1672 et
1730 1615 2034 1683 Basilium,

387 1735 415 1763 «
452 1711 645 1768 Veluti
674 1710 896 1765 ﬂuxum
926 1708 1238 1779 quemdam
1288 1706 1570 1773 ﬂuminis,
1604 1722 1672 1761 ex
1699 1706 1903 1761 eodem
1934 1721 2035 1776 pa-

384 1801 511 1857 triae
545 1802 701 1855 fonte
731 1799 790 1853 in
823 1798 1082 1853 diversas
1111 1796 1378 1868 regiones
1409 1795 1683 1850 doctrinm
1714 1794 2034 1866 cupiditate

1728 413 1906 475 VlTA
1959 415 2021 474 S.
2077 412 2471 474 GREGORII.

3677 418 3784 479 164

2075 549 2131 612 Α
2160 546 2332 600 rebus
2357 547 2707 617 quibusdam
2736 548 2988 602 visendis
3011 553 3229 603 ornatae
3249 554 3405 617 sunt;
3431 550 3576 606 hanc
3595 556 3789 609 contra

2156 638 2220 689 ut
2250 652 2415 691 arma
2442 634 2530 690 vel
2581 635 2893 709 tragoedias
2953 640 3099 691 notas
3149 638 3414 706 quaedam
3461 643 3629 711 atque
3658 641 3789 698 insi-

2155 722 2311 795 gnia,
2346 723 2430 779 sic
2459 724 2786 780 litterarum
2844 725 3028 797 gloria
3086 726 3353 782 nobilitat
3397 726 3788 802 illustremque

2154 812 2363 867 reddit.
2399 834 2427 862 ››

2225 901 2387 958 XXX.
2418 904 2675 959 Casarea
2708 902 3066 975 Cappadociae
3104 905 3306 960 litteris
3331 907 3443 977 fuit
3464 907 3717 978 insignis.

2222 991 2380 1046 Nihil
2404 998 2493 1047 est
2521 993 2580 1047 in
2610 992 2703 1048 his
2750 992 2963 1060 verbis,
2997 997 3061 1048 ut
3117 995 3384 1049 observat
3428 1001 3621 1053 noster
3649 1002 3785 1053 Pru-

2154 1081 2385 1136 dentius
2417 1082 2617 1137 Maran
2641 1082 2733 1153 (ε),
2762 1083 2914 1154 quod
2951 1099 3067 1138 non
3099 1084 3318 1155 optime
3347 1087 3651 1142 conveniat
3678 1089 3787 1143 Ca:-

2151 1187 2327 1227 sareze
2360 1171 2789 1244 Cappadocum.
2812 1172 2952 1244 Apte
2973 1171 3212 1243 quidem
3234 1174 3545 1247 Gregorius
3567 1176 3786 1245 urbem,

2150 1260 2210 1316 in
2243 1277 2359 1332 qua
2384 1259 2749 1333 loquebatur,
2783 1265 2840 1316 et
2865 1277 3003 1317 voce
3049 1265 3107 1316 et
3136 1278 3314 1319 manu
3364 1264 3675 1337 designans
3705 1266 3789 1321 di-

2150 1349 2352 1405 cebat:
2414 1372 2444 1400 «
2491 1353 2676 1416 Hanc,
2726 1348 2993 1421 inquam,
3053 1350 3345 1409 illustrem
3394 1353 3705 1422 civitatem,
3736 1358 3790 1411 et

2148 1442 2448 1495 nostram:
2485 1460 2514 1488 »
2566 1435 2776 1507 Ταύτην
2837 1435 2895 1492 δὲ
2942 1436 3087 1514 λέγω
3135 1441 3237 1509 τήν
3283 1444 3552 1519 περιφανῆ
3597 1462 3653 1497 τε
3704 1441 3789 1497 καὶ

2147 1526 2437 1603 ἡμετέραν.
2466 1528 2590 1584 Non
2623 1533 2790 1600 putat
2845 1528 3256 1587 Tillemontius
3295 1531 3447 1587 hanc
3477 1535 3787 1589 Caesaream

2147 1636 2181 1673 a
2202 1619 2414 1674 studiis
2431 1617 2847 1687 litterarum,ut
2868 1635 2901 1675 a
2922 1620 3213 1691 prmeipuo
3241 1621 3409 1677 urbis
3430 1625 3785 1689 ornamento,

2144 1707 2373 1763 laudari
2402 1707 2682 1779 potuisse.
2716 1708 2852 1775 Sed,
2878 1712 2944 1762 ut
3004 1709 3271 1765 omittam
3320 1710 3661 1776 Eusebium,
3692 1709 3790 1782 qui

2143 1798 2513 1869 Cappadociae
2544 1796 2820 1868 praesules
2851 1797 3115 1853 doctrina
3154 1798 3309 1854 inter
3338 1799 3486 1855 alios
3517 1799 3791 1855 enituisse

378 1891 685 1955 dissectos,
718 1903 946 1951 rursus,
969 1884 1128 1941 velut
1148 1902 1217 1940 ex
1248 1884 1600 1955 composito,
1628 1883 1744 1938 Deo
1766 1882 2035 1938 videlicet
2064 1919 2111 1984 B
2142 1889 2391 1942 testatur
2410 1885 2499 1957 (Γ),
2531 1886 2656 1957 ipse
2680 1885 2932 1941 Basilius
2966 1887 3221 1959 Gregorii
3248 1888 3588 1944 testimonio
3620 1903 3789 1944 suum

380 1980 463 2034 ita
486 1976 844 2048 impellente,
874 1973 1118 2029 Athenis
1149 1973 1417 2029 coivisse.
1451 1995 1479 2024 »
1526 1972 1774 2042 Uterque
1805 1988 1942 2044 ergo
1971 1971 2031 2026 in

381 2065 745 2140 Cappadocia
774 2064 1123 2135 conjunctus
1163 2062 1375 2129 fuerat,
1407 2061 1561 2132 quod
1592 2077 1895 2133 perperam
1931 2076 2032 2116 ne-

379 2163 480 2231 gat
502 2153 931 2227 Papebrochius
958 2154 1057 2224 (b),
1091 2152 1190 2223 qui
1222 2152 1398 2207 etiam
1449 2152 1661 2207 asserit
1687 2150 2030 2223 Gregorium

380 2251 437 2302 et
468 2245 749 2302 Basilium
778 2242 1037 2315 primum
1089 2240 1335 2296 Athenis
1392 2243 1599 2295 mutuo
1658 2256 1719 2295 se
1764 2240 2027 2295 novisse:

376 2343 620 2408 uterque
650 2335 785 2390 inde
807 2334 865 2388 in
896 2332 1086 2388 varias
1118 2331 1381 2400 regiones
1412 2331 1706 2401 profectus
1736 2347 1851 2385 non
1884 2329 2031 2386 alter

372 2443 403 2481 e
437 2426 637 2492 Ponto,
668 2423 814 2478 alter
843 2438 873 2476 e
905 2420 1288 2493 Cappadocia.
1322 2420 1384 2474 Id
1418 2421 1799 2475 conﬁrmatur
1834 2418 2029 2475 verbis

373 2514 636 2586 Gregorii
670 2513 730 2567 in
768 2512 974 2567 eadem
1032 2510 1293 2565 oratione
1350 2509 1441 2581 (ι),
1473 2508 1575 2564 ubi
1630 2508 1886 2564 Athenas
1916 2508 2029 2565 sibi

381 2629 402 2655 ι
438 2620 569 2659 vere
600 2618 828 2671 aureas,
861 2600 1025 2666 dicit,
1080 2616 1145 2654 ac
1172 2599 1221 2654 si
1280 2599 1551 2668 cuiquam
1584 2596 1704 2665 alii,
1739 2598 2027 2654 bonorum

377 2696 670 2767 parentes.
702 2690 848 2746 Nam
880 2689 990 2743 illa:
1021 2688 1166 2743 mihi
1193 2687 1517 2753 hominem,
1548 2703 1664 2741 non
1698 2686 1861 2742 illum
1897 2687 2026 2758 qui-

375 2783 509 2837 dem
540 2785 672 2835 ante
702 2778 989 2850 ignotum,
1023 2777 1124 2831 sed
1154 2781 1352 2832 tamen
1384 2775 1613 2848 plenius
1662 2777 2023 2832 noscendum

370 2871 767 2944 praebuerunt.
816 2890 845 2919 »
898 2866 1129 2920 Ἐκεῖναι
1174 2865 1274 2940 γάρ
1328 2885 1420 2937 μοι
1467 2864 1558 2918 τὸν
1613 2860 1779 2938 ἄνδρα
1830 2868 2022 2919 τοῦτον

368 2948 657 3036 ἐγνώρισαν
689 2954 1039 3031 τελεώτερον,
1074 2950 1199 3008 οὐδὲ
1227 2952 1353 3029 πρὶν
1382 2952 1768 3027 ἀγνοούμενον.

437 3050 599 3105 Idem
629 3046 987 3105 efﬁciturvel
1012 3061 1081 3101 ex
1103 3044 1251 3117 ipsis
1274 3044 1535 3117 Gregorii
1557 3045 1770 3113 verbis,
1804 3046 2022 3117 quibus

369 3145 502 3214 post
530 3137 768 3195 Billium
798 3140 857 3192 et
886 3134 1201 3191 Baronium
1258 3133 1667 3190 Tillemontius
1698 3134 2021 3192 Caesaream

367 3231 426 3284 in
459 3225 1028 3284 Palaestinaindicari
1051 3224 1390 3280 arbitratur.
1424 3225 1553 3280 Haec
1584 3228 1724 3280 sunt
1751 3224 2013 3298 Gregorii

2142 1972 2431 2045 adjungit,
2464 1976 2521 2027 et
2541 1971 2917 2029 litterisinter
2946 1975 3148 2045 patriae
3175 1982 3526 2033 ornamenta
3552 1977 3649 2032 dat
3669 1976 3791 2048 pal-

2142 2078 2321 2117 mam.
2351 2061 2446 2117 Sic
2476 2061 2634 2117 enim
2689 2061 2947 2133 loquitur
3001 2063 3078 2135 (g)
3109 2065 3180 2119 de
3231 2082 3298 2120 eo
3338 2071 3499 2121 statu
3531 2066 3592 2121 in
3622 2081 3792 2137 quem

2141 2150 2424 2206 divisione
2444 2150 2818 2223 Cappadocia:
2848 2153 3082 2208 redacta
3110 2158 3273 2209 erat:
3324 2178 3353 2205 ‹‹
3385 2154 3791 2227 Spectaculum

2140 2239 2529 2296 fmdissimum
2560 2241 2716 2296 facta
2758 2244 2865 2308 est,
2898 2258 3021 2311 quae
3051 2242 3215 2314 prius
3253 2247 3383 2299 tum
3417 2244 3491 2299 de
3520 2243 3789 2299 litteratis

2136 2329 2345 2386 viris...
2377 2330 2753 2403 gloriabatur.
2814 2329 3096 2387 Similiter
3151 2332 3212 2387 in
3244 2332 3361 2388 alia
3414 2333 3665 2405 epistola
3693 2333 3790 2405 (Il),

2137 2417 2466 2475 litterarum
2491 2420 2687 2476 studia
2743 2419 2895 2475 inter
2951 2436 3019 2477 ea
3057 2438 3187 2493 quas
3230 2421 3456 2478 civitati
3491 2439 3706 2479 nomen
3736 2425 3792 2477 et

2137 2508 2355 2567 famam
2385 2512 2745 2581 pepererant,
2771 2509 3055 2582 praecipue
3072 2516 3514 2569 commemorat.
3548 2514 3635 2567 An
3664 2528 3794 2568 vero

2137 2597 2470 2670 Gregorius,
2496 2598 2874 2669 pronuntiato
2906 2599 3145 2655 nomine
3175 2598 3793 2666 Caesareaa,admonere

2137 2689 2365 2758 poterat
2395 2687 2709 2757 auditores,
2750 2687 3095 2757 Caesaream,
3139 2688 3211 2744 de
3267 2706 3387 2760 qua
3418 2690 3793 2762 loquebatur,

2135 2792 2253 2830 non
2279 2792 2406 2831 eam
2437 2791 2566 2831 esse
2618 2775 2678 2830 in
2710 2792 2827 2845 qua
2857 2776 3178 2832 orationem
3212 2777 3492 2847 habebat,
3528 2780 3630 2835 sed
3664 2779 3794 2833 illu-

2133 2868 2314 2921 strem
2374 2864 2535 2920 illam
2590 2864 2647 2919 in
2704 2864 2999 2920 Palestina
3063 2866 3387 2922 Caesaream
3449 2866 3797 2941 designari?

2133 2956 2295 3011 Certe
2324 2954 2373 3011 si
2404 2955 2474 3011 de
2505 2958 2761 3011 Caesarea
2788 2954 3091 3011 Palestina:
3124 2955 3360 3013 locutus
3420 2957 3633 3013 fuisset
3664 2957 3797 3013 Gre-

2131 3044 2692 3116 gorius,auditorum
2717 3044 2945 3100 animos
2976 3044 3335 3113 offendisset,
3365 3048 3591 3103 nedum
3618 3049 3791 3102 bene-

2126 3133 2438 3190 volentiam
2472 3134 3118 3205 captasset,meritoque
3144 3137 3563 3205 expostulandi
3585 3151 3790 3192 ansam

2129 3223 2478 3295 praebuisset
2499 3220 3064 3294 Cappadocibus,qui
3082 3222 3410 3280 litterarum
3438 3231 3494 3280 et
3517 3227 3792 3297 eloquen-

363 3317 617 3374 verbain
642 3316 912 3372 Oratione
932 3316 1006 3370 De
1033 3314 1234 3369 Basilii
1263 3314 1514 3370 laudibus
1544 3314 1640 3386 (ά),
1676 3286 2013 3371 habitaVCm-
2045 3286 2087 3354 α
2125 3286 2217 3368 tiae
2246 3312 2481 3368 laudem
2522 3286 2636 3367 nec.
2656 3286 3111 3368 Caesariensibus
3158 3314 3490 3383 Palestinae,
3524 3286 3790 3371 nec‘aliis

362 3424 544 3463 sareze
577 3423 589 3460 :
619 3402 742 3461 Ἐπὶ
772 3404 872 3471 τήν
907 3401 1212 3476 Καισαρέων
1242 3400 1405 3457 πόλιν
1438 3400 1730 3477 ἐπείγεται,
1759 3407 1865 3457 τῶν
1914 3407 2015 3477 τῇ·

365 3494 423 3550 δε
457 3493 693 3568 μεθέξων
723 3488 1147 3565 παιδευτηρίων”
1176 3490 1377 3560 ταύτην
1412 3490 1469 3546 δὲ
1516 3489 1664 3567 λέγω
1712 3493 1811 3561 τὴν
1861 3514 2014 3569 περι-

369 3590 505 3663 φανῆ
564 3604 622 3639 τε
668 3582 759 3637 καὶ
808 3580 1096 3657 ἡμετέραν,
1147 3578 1262 3635 ἐπεὶ
1308 3580 1397 3635 καὶ
1456 3584 1562 3635 τῶν
1629 3580 1776 3654 ἐμῶν
1836 3580 2015 3657 λόγων

367 3674 502 3744 αὕτη
534 3672 857 3748 καθηγεμὼν
888 3670 978 3726 καὶ
1037 3666 1380 3741 διδάσκαλος,
1410 3670 1508 3738 τήν
1556 3669 1661 3746 οὐχ
1707 3671 1870 3739 ἧττον
1922 3669 2018 3725 λό-

361 3785 472 3840 γων
527 3760 870 3838 μητρόπολιν
920 3761 955 3829 ἢ
1004 3763 1109 3813 τῶν
1160 3756 1498 3830 πολεων,ὦν
1543 3759 1868 3834 ὑπέρκειται,
1901 3758 2020 3814 καὶ·

464 3854 477 3873 ὶ
518 3851 547 3869 Ὗ
637 3850 658 3870 ’⁸
1263 3868 1273 3879 ι
1330 3849 1351 3866 η
1464 3844 1536 3881 9’-
1685 3853 1711 3863 ιν
1750 3848 1763 3867 Ὅ

358 3856 459 3908 καθ
509 3874 581 3906 ων
634 3872 750 3927 εχει
796 3851 895 3918 τὴν
948 3846 1255 3904 δυναστείαν
1324 3870 1384 3917 ην
1434 3869 1479 3903 ει
1518 3870 1589 3910 ιις
1619 3870 1715 3903 του
1747 3870 1797 3903 εν
1833 3848 2021 3924 λόγοις

357 3942 587 4019 κράτους
656 3940 1094 4014 ἀποστερήσαιεν,
1172 3938 1466 4016 ἀφῃρηκὼς
1531 3934 1676 3991 ἔσται
1766 3938 1895 3993 αὐτὸ
1956 3939 2020 3993 τὸ

364 4029 657 4088 κάλλιστόν
707 4050 765 4083 τε
809 4026 900 4083 καί
944 4025 1285 4084 ἷίδικώτατον.
1334 4025 1538 4082 ’Άλλαι
1596 4026 1689 4100 μὲν
1755 4026 1855 4102 γὰρ
1917 4032 2023 4082 τῶν

363 4118 581 4176 πόλεων
646 4117 841 4180 ἄλλοις
907 4115 1240 4194 ἀγάλλονται
1308 4114 1786 4188 καλλωπίσμασιν,
1838 4118 1872 4186 ἢ
1922 4116 2019 4171 παὶ

367 4209 548 4270 λαιοῖς
574 4209 608 4277 ἢ
642 4206 805 4279 νὲοις,
840 4205 989 4267 ὅπως
1022 4206 1107 4276 ἂν,
1136 4206 1311 4278 οἶμαι,
1342 4209 1448 4260 τῶν
1482 4202 1842 4279 διηγημάτων
1873 4205 2015 4281 ἔχω-

370 4321 472 4367 σιν,
519 4299 555 4367 ἣ
603 4302 712 4352 τῶν
771 4295 1087 4373 ὁρωμένων⁸
1135 4299 1204 4369 τῇ
1256 4292 1314 4349 δὲ
1360 4293 1542 4368 λόγοι,
1592 4295 1655 4349 τὸ
1710 4295 2015 4371 γνώρισμα,

369 4388 549 4464 ὥσπερ
598 4385 650 4441 ἐν
714 4391 831 4447 τοῖς
897 4383 1092 4446 ὅπλοις
1142 4386 1178 4453 ἢ
1226 4388 1343 4445 τοῖς
1406 4380 1639 4457 δράμασι
1695 4385 1761 4438 τὰ
1829 4384 2017 4455 ἐπίση-

372 4499 464 4551 μα.
505 4499 533 4529 ‹‹
563 4479 904 4541 Caesaream,
940 4479 1005 4531 ut
1036 4474 1369 4531 scholarum
1400 4472 1562 4529 illius
1593 4474 1841 4529 civitatis
1889 4492 2019 4546 par-

364 4569 549 4640 ticeps
580 4570 756 4629 esset,
816 4562 1142 4630 contendit;
1196 4562 1370 4631 hanc,
1403 4562 1666 4634 inquam,
1730 4562 2017 4619 illustrem

2126 3402 2458 3458 civitatibus
2487 3402 2900 3457 concedebant.
2923 3400 3222 3465 Quomodo
3252 3402 3433 3459 etiam
3467 3406 3790 3459 Caesaream

2127 3491 2430 3547 Palestinse
2482 3513 2510 3540 «
2545 3490 2835 3546 civitatem
2893 3495 3155 3547 nostram
3188 3513 3217 3542 »
3248 3492 3449 3549 dicere
3498 3494 3787 3563 licuisset,

2126 3581 2245 3636 imo
2277 3603 2305 3631 ‹‹
2344 3580 2595 3652 patriam
2618 3599 2645 3633 ι
2706 3579 3020 3653 appellare,
3056 3580 3155 3635 ubi
3185 3581 3267 3636 ait
3291 3582 3380 3653 (ἰ),
3412 3605 3443 3633 ‹‹
3479 3599 3551 3639 ex
3584 3584 3788 3639 eodem

2128 3670 2329 3741 patriae
2361 3670 2610 3726 fonte....
2643 3669 3019 3726 dissectos....
3048 3669 3291 3725 Athenis
3323 3671 3602 3729 coivisse.

2197 3760 2375 3815 Addit
2403 3760 2466 3829 (7')
2499 3759 2620 3814 haec
2675 3759 2851 3815 verba
2904 3758 3243 3831 Gregorius,
3279 3774 3413 3830 qua:
3448 3760 3618 3817 litem
3655 3759 3796 3815 diri-

2130 3853 2339 3905 munt:
2373 3871 2400 3899 (ι
2431 3848 2562 3903 Jam
2590 3865 2716 3919 quae
2774 3852 3123 3919 sequuntur,
3158 3849 3197 3903 ii
3245 3856 3571 3920 exponant,
3608 3850 3711 3922 qui
3744 3852 3802 3906 et

2128 3955 2263 3993 eum
2297 3938 2450 4009 apud
2479 3954 2539 3992 se
2566 3937 2931 4006 erudierunt,
2962 3941 3018 3991 et
3050 3938 3304 3992 fructum
3339 3956 3411 3995 ex
3446 3940 3645 4012 ipsius
3666 3955 3797 3995 eru-

2130 4028 2348 4082 ditione
2370 4033 2647 4098 ceperunt
2668 4030 2948 4097 ,-quantus
2974 4026 3241 4082 videlicet
3265 4028 3798 4101 magistris,quan-

2128 4122 2225 4172 tus
2256 4114 2577 4188 aequalibus
2609 4119 2781 4171 esset.
2816 4138 2846 4165 »
2880 4115 3021 4180 Quis
3051 4115 3388 4187 ambigendi
3422 4117 3615 4186 locus,
3649 4117 3797 4173 utris

2129 4205 2583 4263 Caesariensibus
2605 4205 2894 4261 narranda
2922 4205 3232 4277 Gregorius
3254 4206 3591 4280 relinquat?
3618 4207 3798 4277 lisue,

2131 4298 2231 4369 qui
2256 4298 2423 4369 longe
2448 4296 2655 4351 remoti
2676 4300 2860 4363 erant,
2895 4312 3001 4351 nec
3022 4298 3305 4368 majorem
3335 4314 3408 4354 ex
3429 4298 3637 4355 Basilii
3663 4314 3797 4354 eru-

2130 4385 2349 4441 ditione
2374 4384 2685 4440 utilitatem
2713 4400 2890 4455 quam
2921 4384 3047 4440 alia;
3079 4384 3339 4441 civitates
3363 4389 3795 4461 perceperant;

2130 4491 2203 4530 an
2237 4474 2310 4529 iis
2335 4490 2481 4544 quos
2511 4472 2941 4545 alloquebatur,
2973 4474 3192 4547 quique
3230 4478 3288 4529 et
3328 4475 3541 4531 Basilii
3574 4475 3801 4533 studio-

2129 4580 2261 4619 rum
2292 4562 2634 4618 meminisse
2686 4566 2973 4633 poterant,
3008 4567 3065 4617 et
3093 4562 3193 4634 qui
3224 4563 3355 4634 ejus
3386 4565 3669 4621 doctrina
3699 4580 3803 4637 per

367 4658 682 4717 civitatem,
743 4659 801 4709 et
832 4657 1089 4707 nostram
1119 4670 1133 4707 :
1167 4668 1303 4707 nam
1348 4666 1612 4707 meorum
1646 4669 1876 4723 quoque
1905 4657 2024 4708 stu-
2052 4660 2099 4724 Ι)
2131 4657 2217 4708 tot
2246 4667 2433 4707 annos
2470 4651 2682 4706 imbuti
2740 4652 2970 4707 fuerant
2998 4652 3026 4705 ?
3054 4653 3198 4707 Cum
3256 4651 3444 4723 igitur
3474 4653 3574 4710 his
3606 4654 3804 4709 verbis

365 4747 597 4801 diorum
629 4745 746 4799 dux
777 4747 835 4797 et
866 4741 1152 4813 magistra
1213 4740 1467 4809 exstitit;
1500 4756 1628 4811 quae
1671 4758 1787 4795 non
1820 4741 2019 4798 minus

363 4835 690 4891 litterarum
726 4838 899 4904 atque
950 4830 1247 4894 doctrinae,
1282 4846 1457 4901 quam
1516 4829 1775 4898 urbium,
1809 4831 2019 4899 quibus

366 4923 639 4996 praecedit
671 4928 728 4977 et
776 4919 1133 4984 dominatur,
1170 4918 1547 4991 metropolis;
1600 4934 1775 4990 quam
1807 4919 1854 4972 si
1886 4922 2017 4990 quis

364 5012 637 5069 doctrinae
674 5009 866 5082 palma
894 5008 1250 5081 spoliaverit,
1280 5024 1403 5063 rem
1437 5007 1699 5062 omnium
1744 5007 2017 5079 pulcher-

366 5102 577 5159 rimam
608 5101 839 5173 ipsique
891 5098 1141 5153 maxime
1170 5098 1468 5168 propriam
1514 5096 1810 5167 eripuerit.
1849 5097 2015 5170 Nam,

365 5208 499 5249 cum
525 5189 648 5247 aliae
704 5190 967 5245 civitates
1021 5186 1153 5243 aliis
1201 5184 1581 5255 ornamentis,
1614 5185 1702 5242 vel
1735 5186 2014 5259 antiquis,

361 5281 448 5339 vel
481 5280 645 5338 novis
674 5278 1219 5353 glorientur,prout,
1254 5274 1480 5347 Opinor,
1514 5273 1602 5330 vel
1634 5272 2014 5345 historiis,vel

456 5479 510 5549 α)
543 5477 637 5535 Or.
671 5479 759 5547 113,
794 5474 963 5532 n.15.

457 5544 513 5622 h)
545 5551 580 5604 9
611 5544 767 5617 Maii,
799 5567 856 5621 p.
890 5549 1013 5618 379,
1048 5544 1153 5606 col.
1190 5544 1245 5621 2,
1278 5547 1398 5601 not.

452 5627 502 5689 ε)
534 5623 631 5677 Or.
665 5622 753 5689 43,
789 5638 846 5675 n.
882 5622 969 5675 14.

453 5694 510 5762 d)
540 5693 712 5762 Ibid.,
742 5709 800 5749 n.
839 5692 924 5750 13.

432 5696 487 5765 (d
540 5696 712 5762 Ibid.,
742 5709 800 5749 n.
839 5696 924 5750 13.

432 5696 510 5844 (el
539 5767 684 5826 Vitae
712 5765 911 5838 Basil.,
943 5761 1086 5825 ibid.

2130 4740 2437 4796 manifeste
2460 4740 2721 4795 Caesarea
2746 4741 3155 4812 Cappadocum
3175 4740 3806 4814 dignoscatur,imme-

2130 4830 2241 4885 rito
2269 4829 2478 4901 quarit
2498 4828 2930 4896 Tillemontius,
2965 4830 3119 4902 quod
3151 4847 3291 4902 pace
3319 4832 3477 4887 tanti
3503 4833 3615 4887 viri
3648 4832 3807 4888 dixe-

2131 4919 2261 4989 rim,
2297 4935 2401 4974 cur
2447 4918 2783 4991 Gregorius,
2831 4919 2931 4991 qui
2962 4921 3229 4975 Caesareae
3259 4920 3606 4990 perorabat,
3637 4920 3804 4977 Basi-

2126 5007 2272 5062 lium
2303 5008 2363 5063 in
2394 5007 2544 5063 hanc
2588 5008 2793 5063 urbem
2822 5008 3053 5065 venisse
3110 5010 3409 5080 conceptis
3447 5011 3654 5067 verbis
3684 5027 3805 5066 non

2126 5097 2304 5165 dicat;
2339 5114 2442 5152 cur
2472 5114 2586 5152 non
2618 5114 2747 5152 eam
2780 5098 3065 5169 designet,
3097 5097 3210 5153 nisi
3255 5098 3564 5170 ejusmodi
3617 5099 3801 5164 notis,

2128 5202 2256 5259 quat
2285 5185 2493 5241 saltem
2524 5184 2576 5240 ei
2600 5202 2733 5241 cum
2767 5187 2949 5242 altera
2977 5193 3234 5243 Caesarea
3263 5203 3629 5245 communes
3661 5188 3803 5244 sint.

2127 5276 2290 5343 Quod
2320 5275 2517 5331 autem
2549 5274 2755 5346 objicit
2778 5274 3189 5333 Tillemontius
3234 5293 3303 5334 ex
3352 5292 3423 5334 eo
3456 5279 3625 5351 quod
3656 5278 3804 5335 Gre-

2195 5472 2263 5544 (Γ)
2298 5470 2425 5548 [ita
2458 5470 2662 5548 Const,
2696 5490 2745 5529 c.
2779 5472 2868 5542 43,
2901 5492 2956 5548 p.
2984 5475 3111 5534 5118.

2193 5548 2269 5615 (g)
2301 5545 2483 5615 Epist.
2518 5545 2611 5600 76.

2219 5617 2277 5689 h)
2296 5617 2488 5689 AEpist.
2518 5616 2608 5673 74.

2216 5686 2380 5746 ἱὈιῖ.
2423 5688 2510 5755 43,
2540 5705 2600 5745 n.
2633 5688 2719 5747 15.

2216 5688 2259 5836 il
2286 5758 2460 5833 Ibid.,
2491 5775 2551 5817 η.
2585 5760 2671 5818 13.

2216 5758 2259 5836 ί)
2286 5758 2460 5833 Ibid.,
2491 5775 2551 5817 η.
2585 5760 2671 5818 13.
