4052 6276
268 414 361 476 165

1577 398 1757 466 VITA
1812 403 1875 465 S.
1925 400 2321 466 GREGORll.

3546 399 3659 459 166

268 547 443 620 gorius
470 546 828 614 Casaream,
858 542 931 597 de
959 558 1074 613 qua
1104 540 1382 612 loquitur,
1415 560 1445 590 «
1479 540 1769 594 civitatem
1802 554 1903 592 no-
1935 540 1990 604 Α
2019 544 2108 591 est
2162 542 2500 606 tempestas,
2552 552 2731 607 quam
2790 534 3023 607 egregio
3072 537 3256 590 metro
3310 534 3519 590 cecinit
3566 534 3659 606 (ε).

265 642 423 693 stram
463 655 492 688 ι
531 633 819 707 appellet,
850 631 990 705 quia
1020 656 1046 681 α
1083 630 1271 703 ipsius
1302 628 1635 685 studiorum
1678 628 1795 682 dux
1852 630 1909 682 et

266 726 532 798 magistra
562 722 807 791 exstitit;
846 744 868 772 1
905 721 1082 793 quod,
1116 720 1380 792 inquam,
1425 717 1629 789 objicit
1670 718 1758 772 vir
1805 717 1906 772 do-

266 821 395 883 ctus,
428 818 497 870 ut
524 813 736 886 probet
766 812 887 867 hac
916 810 1095 867 verba
1124 826 1239 865 non
1281 824 1408 865 esse
1456 807 1790 880 accipienda
1837 806 1909 861 de

266 906 509 961 Casarea
557 901 965 975 Cappadocia,
1013 915 1189 971 quam
1248 897 1520 970 Gregorio
1578 920 1606 947 «
1666 912 1831 952 suam
1878 917 1907 945 ››

268 994 381 1051 aliis
409 994 482 1049 de
518 991 741 1057 causis,
775 996 950 1062 atque
970 988 1265 1060 imprimis
1288 988 1441 1059 quod
1464 1004 1581 1043 sua
1604 985 1909 1059 provincia

270 1081 598 1155 metropolis
631 1084 810 1147 esset,
844 1078 1135 1152 appellare
1165 1077 1397 1144 licebat,
1427 1076 1489 1131 in
1522 1076 1717 1147 ipsum
1750 1090 1909 1146 rege-

272 1174 421 1229 ritur.
454 1171 714 1236 Etenim,
749 1186 887 1224 cum
935 1172 1253 1223 Caesaream
1286 1165 1601 1237 Gregorius
1631 1165 1702 1220 ob
1736 1163 1911 1219 disci-

271 1264 470 1335 plinas,
501 1278 651 1331 quas
682 1259 763 1314 ibi
796 1258 1093 1325 hauserat,
1126 1273 1241 1311 non
1273 1255 1464 1311 solum
1487 1255 1558 1311 ob
1578 1253 1913 1325 metropoli-

270 1352 370 1408 tica
381 1353 545 1422 jura,
561 1372 589 1400 «
606 1365 777 1405 suam
801 1366 832 1397 »
856 1347 1126 1415 disceret;
1151 1345 1436 1401 rationem
1459 1344 1670 1401 addere
1692 1342 1912 1413 debuit,

272 1460 363 1498 cur
388 1457 522 1498 eam
554 1436 847 1512 singulari
888 1435 1059 1492 modo
1091 1452 1261 1492 suam
1311 1432 1647 1507 appellaret,
1697 1432 1916 1505 alioqui

271 1549 429 1589 nemo
462 1548 582 1588 non
614 1530 1010 1587 existimasset
1025 1544 1160 1584 eum
1191 1526 1263 1583 ad
1287 1527 1427 1598 jura
1457 1524 1796 1598 metropolis
1828 1540 1916 1581 re-

273 1623 486 1694 spicere
518 1622 618 1693 (a).

302 1729 488 1785 XXXI.
514 1730 856 1784 Litterarum
885 1741 1077 1783 amore
1107 1725 1167 1781 in
1194 1724 1541 1781 Palestinam
1570 1740 1627 1781 se
1655 1725 1880 1794 confert.

335 1839 497 1893 Idem
530 1836 861 1892 litterarum
892 1850 1073 1905 amor,
1093 1833 1193 1905 qui
1211 1832 1491 1888 Basilium
1510 1836 1565 1888 et
1579 1830 1922 1903 Gregorium

276 1928 489 1983 Casare
512 1926 924 1998 Cappadocum
956 1924 1353 1994 conjunxerat,
1371 1921 1619 1977 alterum
1642 1921 1713 1976 ab
1744 1919 1923 1976 altero
1955 1916 2002 1982 B

275 2016 563 2072 distraxit.
593 2013 847 2069 Basilius
880 2028 1128 2083 namque
1172 2011 1306 2066 inde
1338 2011 1630 2083 profectus
1661 2014 1749 2066 est
1777 2013 1922 2065 Con-

277 2104 744 2176 stantinopolim,
775 2102 1089 2175 Gregorius
1120 2118 1255 2157 vero
1281 2101 1341 2155 in
1364 2100 1728 2156 Palastinam
1756 2098 1925 2154 navi-

280 2196 431 2268 gavit
483 2212 497 2250 :
554 2213 578 2241 ι
629 2192 713 2249 Ob
763 2192 908 2248 artis
940 2190 1201 2246 oratoria
1242 2206 1500 2245 amorem
1534 2190 1593 2244 in
1626 2189 1925 2244 Palestina

281 2283 514 2351 scholis,
556 2288 687 2337 tum
746 2281 1110 2346 ﬂorentibus,
1170 2284 1433 2335 moratus
1476 2280 1570 2351 (b).
1606 2301 1633 2329 «
1669 2278 1929 2334 Illustres

283 2376 432 2431 enim
462 2378 633 2430 erant
662 2372 873 2428 schola
904 2371 1015 2426 illa
1046 2388 1111 2426 ac
1142 2370 1593 2439 ﬂorentissima,
1630 2372 1689 2424 in
1713 2369 1930 2442 quibus

284 2481 346 2519 ex
388 2461 745 2519 Christianis
783 2460 943 2530 olim,
976 2459 1316 2533 Pamphilus
1348 2464 1587 2532 martyr,
1620 2458 1930 2524 Eusebius,

286 2554 502 2625 aliique
556 2550 880 2607 doctissimi
909 2550 1013 2605 viri
1046 2549 1290 2621 professi
1322 2550 1579 2617 fuerant;
1614 2548 1707 2604 his
1736 2550 1932 2602 autem

286 2640 670 2715 temporibus,
702 2638 1090 2711 Thesperium
1123 2638 1454 2709 Gregorius,
1487 2643 1552 2693 ut
1580 2637 1784 2693 scribit
1808 2636 1933 2691 Hie-

285 2748 584 2800 ronymus,
618 2729 932 2795 rhetorem,
975 2728 1319 2799 eloquentia
1369 2731 1777 2799 praceptorem
1832 2725 1935 2780 ha-

294 2821 453 2887 buit;
488 2820 644 2874 inter
673 2817 861 2873 socios
892 2818 1194 2884 Euzoium,
1227 2817 1325 2889 qui
1360 2822 1579 2889 postea,
1616 2816 1939 2888 imperante

297 2909 544 2977 Valente,
578 2906 901 2980 patrocinio
930 2905 1277 2961 Arianorum
1329 2910 1556 2961 creatus
1605 2904 1939 2977 episcopus,

277 2999 707 3055 'Casariensem
741 2997 937 3051 sedem
962 2995 1286 3065 occupavit.

708 3102 921 3159 XXXII.
954 3101 1352 3158 Alexandriam
1380 3104 1533 3175 petit.

373 3208 723 3282 Aliquandiu
754 3211 1154 3264 commoratus
1193 3207 1252 3262 in
1284 3208 1589 3264 Palastina
1633 3209 1946 3282 Gregorius

2017 624 2226 680 Omnia
2261 628 2605 697 prasentem
2655 624 2927 679 omnibus
2967 627 3215 679 mortem
3246 624 3615 679 intentabant
3648 639 3661 679 :

2018 714 2289 785 Gregorio
2322 719 2516 770 autem
2550 731 2707 769 mors
2730 713 2937 769 anima
2968 713 3138 785 longe
3169 714 3450 784 majorem
3472 714 3668 769 formi-

2019 804 2214 859 dinem
2248 804 2541 859 aﬂ'erebat.
2581 824 2602 852 ι
2640 805 2700 858 In
2733 802 3059 876 periculum
3091 803 3247 858 enim
3290 802 3468 859 miser
3503 819 3669 859 vene-

2018 893 2367 965 ram,inquit
2395 894 2493 965 (d),
2528 910 2597 948 ne
2629 910 2744 949 non
2777 892 3065 949 initiatius
3094 909 3125 948 e
3154 893 3273 948 vita
3288 893 3672 965 discederem,

2021 982 2385 1054 spiritualem
2437 999 2650 1054 aquam
2697 982 2851 1037 inter
2898 981 3174 1038 exitiosae
3217 984 3274 1037 et
3344 981 3674 1038 mortiferas

2022 1073 2213 1128 undas
2246 1072 2604 1127 desiderans.
2646 1093 2674 1123 »
2726 1072 3049 1140 Clamabat,
3091 1070 3455 1140 obsecrabat,
3502 1072 3674 1127 breve

2024 1161 2319 1233 quoddam
2352 1161 2631 1233 temporis
2663 1161 2920 1233 spatium
2952 1160 3286 1233 expetebat;
3329 1164 3525 1216 tantos
3575 1161 3674 1216 de-

2026 1268 2191 1307 mum
2218 1251 2450 1323 genitus
2471 1252 2698 1323 edebat,
2733 1254 2799 1306 ut
2829 1251 3044 1322 caeteri,
3088 1252 3243 1322 quod
3267 1250 3359 1306 vix
3396 1250 3677 1307 credibile

2027 1344 2135 1412 est,
2180 1340 2417 1397 omissis
2448 1340 2699 1413 quisque
2751 1339 3003 1412 propriis
3043 1339 3502 1405 calamitatibus,
3538 1356 3676 1396 suas

2028 1429 2291 1501 Gregorii
2312 1429 2627 1501 ejulatibus
2660 1444 2858 1501 preces
2872 1427 3679 1501 jungerent,ejusinfortunio

2028 1518 2419 1576 condolentes.
2445 1518 2681 1588 Omnes,
2719 1519 2897 1593 etiam
2938 1518 3039 1591 qui
3070 1520 3250 1574 Deum
3273 1521 3405 1574 ante
3428 1535 3541 1573 non
3574 1535 3678 1573 no-

2030 1612 2181 1676 rant,
2216 1610 2399 1665 Deum
2447 1608 2814 1675 invocabant,
2862 1612 2928 1664 ut
2975 1607 3178 1664 scribit
3228 1607 3541 1679 Gregorius
3570 1609 3677 1679 (e);

2033 1699 2186 1771 quod
2219 1701 2372 1754 certe
2402 1702 2744 1769 argumento
2793 1701 2884 1753 est
2912 1695 3111 1769 plures
3141 1696 3201 1751 in
3232 1713 3299 1752 ea
3329 1697 3457 1751 navi
3501 1696 3683 1751 fuisse

2032 1786 2233 1843 ﬁdeles
2265 1785 2646 1856 Christianos,
2682 1785 2976 1859 baptismo
3019 1784 3295 1851 initiatos,
3319 1802 3353 1841 a
3380 1785 3595 1856 quibus
3627 1788 3685 1840 et

2032 1877 2157 1949 ipse
2182 1875 2493 1949 Gregorius
2528 1874 2873 1931 necessitate
2894 1872 3236 1947 compulsus
3258 1890 3387 1930 eum
3414 1879 3607 1945 petere
3629 1877 3687 1929 et

2034 1966 2330 2038 suscipere
2384 1970 2611 2037 poterat
2638 1965 2702 2036 (Γ)
2737 1981 2751 2019 :
2786 1965 2939 2036 quod
2973 1963 3210 2036 quidem
3261 1962 3434 2019 licere
3476 1964 3688 2019 docent

2034 2054 2883 2125 Tertullianus,Hieronymus,
2910 2052 3300 2124 Augustinus,
3336 2052 3552 2122 allique
3585 2052 3686 2107 do-

2036 2148 2243 2210 ctores,
2290 2148 2462 2215 atque
2515 2142 2693 2198 etiam
2740 2141 3024 2213 approbat
3059 2139 3333 2196 Ecclesia.
3385 2141 3688 2207 Quomodo

2038 2249 2174 2305 ergo
2198 2232 2311 2303 ipsi
2342 2231 2400 2286 in
2436 2235 2685 2287 mentem
2717 2248 2833 2286 non
2863 2230 3041 2298 venit,
3075 2233 3193 2285 uta
3220 2234 3519 2285 vectorum
3542 2245 3691 2300 quo-

2038 2322 2196 2394 piam
2228 2321 2589 2393 baptismum
2633 2319 2897 2392 peteret?
2927 2318 3211 2374 Validitas
3260 2317 3537 2390 baptismi
3588 2333 3691 2389 per

2038 2410 2218 2467 laicos
2248 2409 2441 2466 collati
2473 2426 2589 2465 non
2618 2409 2763 2464 satis
2815 2411 2953 2463 nota
2987 2408 3170 2463 fuisse
3202 2407 3412 2463 Gracis
3440 2407 3690 2462 videtur.

2041 2500 2137 2556 Sic
2166 2498 2435 2565 Basilius,
2496 2502 2630 2569 post
2672 2497 3028 2571 Cyprianum
3060 2500 3117 2552 et
3148 2495 3575 2563 Firmilianum,
3632 2496 3695 2551 in

2043 2588 2290 2662 epistola
2343 2586 2643 2653 canonica,
2704 2602 2926 2641 canone
2970 2587 3025 2640 1°
3085 2601 3098 2639 :
3154 2587 3384 2651 «Quare
3440 2601 3562 2651 eos,
3611 2584 3697 2639 in-

2046 2679 2173 2749 quit
2203 2678 2299 2749 (g),
2323 2678 2422 2748 qui
2450 2677 2522 2732 ab
2553 2675 2816 2748 ipsorum
2842 2674 3108 2746 partibus
3130 2674 3391 2741 stabunt,
3412 2678 3697 2745 tanquam

2048 2784 2081 2822 a
2110 2767 2274 2822 laicis
2305 2765 2651 2836 baptizatos,
2675 2766 2984 2835 jusserunt
3013 2780 3145 2817 vero
3194 2762 3460 2817 Ecclesia
3507 2761 3699 2833 bapti-

2050 2862 2237 2913 smate
2276 2856 2347 2911 ad
2378 2853 2692 2909 Ecclesiam
2722 2853 3019 2909 venientes
3050 2852 3394 2923 expugnari.
3420 2871 3446 2903 ι)
3475 2852 3698 2917 Quibus

2050 2946 2243 3003 verbis
2284 2945 2469 3016 liquet
2510 2942 2787 2999 collatum
2839 2960 2872 2997 a
2914 2941 3080 2997 laicis
3128 2942 3419 3013 baptisma
3463 2940 3699 2997 irritum

2053 3036 2209 3109 apud
2240 3034 2466 3089 Gracos
2496 3032 2763 3087 habitum
2795 3031 2995 3086 fuisse.

2054 3139 2509 3198 XXXV-XXXVI.
2559 3139 2845 3194 Promz‘ttit
2876 3137 3169 3206 Gregorius
3198 3153 3254 3192 se
3285 3138 3393 3191 Deo
3424 3137 3703 3192 victurum

2127 3217 2177 3269 .ςὶ
2204 3229 2381 3285 sospes
2409 3211 2616 3268 evadat.
2650 3242 2715 3251 η-
2748 3215 3046 3265 Parentum
3075 3226 3131 3265 se
3160 3209 3409 3281 precibus
3427 3217 3706 3265 servatum

306 3300 707 3357 Alexandriam
740 3315 803 3353 se
842 3296 1107 3365 contulit,
1142 3298 1312 3368 cujus
1350 3298 1513 3354 urbis
1542 3298 1772 3355 scholas
1803 3298 1943 3354 olim
1975 3288 2018 3355 C
2126 3287 2388 3358 αθηοδείι·

309 3390 664 3446 illustrarant
694 3388 988 3455 Clemens,
1019 3386 1305 3457 Origines,
1337 3386 1551 3459 aliique
1582 3388 1685 3443 viri
1736 3389 1949 3461 pietate

314 3486 367 3534 et
395 3478 637 3535 scientia
658 3476 1131 3541 commendandi,
1154 3481 1211 3531 et
1233 3494 1380 3548 quas
1412 3478 1649 3532 demum
1670 3478 1949 3550 Didymus

318 3568 657 3624 celebriores
687 3566 962 3622 reddidit.
992 3565 1199 3621 Adhuc
1229 3571 1427 3621 noster
1459 3567 1792 3639 Gregorius,
1817 3567 1952 3622 licet

314 3673 377 3712 ex
403 3663 526 3713 voto
556 3658 675 3713 Deo
721 3654 971 3725 oblatus,
1017 3659 1140 3710 erat
1181 3654 1655 3724 catechumenos,
1703 3673 1768 3712 ex
1816 3673 1949 3727 usu,

312 3762 407 3800 seu
428 3747 624 3818 potius
649 3746 836 3801 abusu
860 3743 1097 3799 illorum
1116 3751 1470 3815 temporum,
1486 3745 1745 3817 antiquis
1765 3744 1953 3801 Eccle-

312 3836 401 3889 sia
431 3836 699 3891 moribus
720 3833 1255 3904 traditionibusque
1285 3833 1621 3905 apostolicis
1639 3835 1951 3890 adversan-

320 3930 385 3993 te,
436 3942 608 3997 quem
668 3924 795 3996 ipse
854 3923 1229 3995 postmodum
1289 3922 1622 3994 Gregorius,
1680 3923 1952 4002 Basilius,

313 4012 610 4085 Gregorius
641 4014 945 4085 Nyssenus
976 4011 1230 4083 graviter
1260 4011 1532 4067 insectati
1564 4021 1723 4070 sunt.

311 4119 1084 4195 XXXIII-XXXIV.__A_th_enas
1113 4120 1335 4195 navigat
1362 4122 1415 4195 et
1444 4123 1603 4195 gravii
1646 4126 1959 4195 tempestate

371 4196 634 4263 jactatur.
671 4223 739 4232 -—
800 4190 1060 4263 Validitas
1114 4192 1375 4260 baptismi
1419 4206 1520 4261 per
1568 4190 1961 4252 laicos'collati

378 4280 479 4319 non
507 4265 642 4320 satis
668 4265 803 4318 nota
835 4262 1056 4318 Graecis.

384 4370 516 4427 Dem
527 4388 626 4427 um
653 4370 883 4426 haustis
904 4370 1211 4443 utriusque
1238 4371 1505 4427 Caesarea
1522 4375 1581 4428 et
1600 4372 1961 4432 Alexandria

316 4460 687 4517 scientiarum
722 4460 1007 4528 fontibus,
1040 4459 1247 4529 majori
1279 4459 1460 4515 animi
1492 4462 1696 4519 ardore
1719 4463 1966 4522 Athena-

314 4566 435 4605 rum
460 4551 706 4606 ﬂumina
721 4549 949 4615 sitiens,
974 4564 1266 4620 moraque
1288 4548 1622 4623 impatiens,
1646 4568 1965 4611 conscensa

2129 3393 2235 3449 Per
2253 3390 2457 3464 viginti
2481 3390 2603 3445 dies
2634 3388 2816 3445 saviit
2842 3391 3185 3461 tempestas,
3204 3388 3565 3459 totidemque
3587 3386 3709 3442 die-

2058 3484 2170 3538 bus
2228 3480 2635 3554 gemebundus
2667 3496 2845 3552 supra
2876 3478 3118 3551 puppim
3149 3479 3337 3550 jacuit
3367 3477 3702 3549 Gregorius,

2058 3572 2242 3629 Deum
2276 3569 2521 3642 supplex
2550 3586 2813 3639 exorans,
2847 3568 3140 3640 pollicitus
3158 3568 3205 3623 si
3238 3566 3416 3623 maris
3446 3564 3704 3639 periculo

2059 3660 2426 3728 liberaretur,
2468 3662 2643 3729 atque
2673 3657 2921 3729 expetito
2961 3657 3253 3729 baptismo
3290 3656 3596 3723 frueretur,
3629 3653 3707 3721 ei,

2062 3768 2097 3807 a
2154 3765 2269 3821 quo
2328 3748 2576 3804 salutem
2635 3746 2973 3817 accepisset,
3031 3762 3157 3801 sese
3205 3748 3707 3800 consecraturum.

2063 3864 2090 3891 ‹‹
2124 3840 2287 3894 Tuus
2344 3854 2500 3902 sum,
2560 3834 2916 3890 inclamabat
2970 3834 3048 3906 (h)
3082 3851 3095 3889 :
3130 3838 3302 3889 antea
3339 3834 3466 3904 jam
3523 3850 3707 3901 eram,

2063 3934 2120 3985 et
2151 3943 2306 3983 nunc
2336 3925 2568 3981 iterum.
2600 3924 2685 3979 Tu
2717 3940 2809 3979 me
2837 3923 2930 3977 bis
2962 3922 3229 3994 accipies,
3264 3921 3578 3994 pretiosam
3605 3920 3713 3975 tibi

2063 4016 2520 4092 possessionem,
2556 4017 2719 4068 terra
2752 4012 3047 4083 marisque
3072 4028 3313 4082 munus,
3342 4010 3447 4066 tibi
3505 4026 3715 4066 conse-

2066 4112 2295 4164 cratum
2324 4109 2457 4160 voto
2490 4101 2745 4175 parentis
2772 4106 2827 4157 et
2858 4105 3015 4156 metu
3048 4100 3424 4173 gravissimo.
3464 4099 3595 4155 Tibi
3625 4099 3714 4154 vi-

2067 4215 2221 4265 vam,
2254 4196 2302 4251 si
2335 4194 2548 4266 duplex
2588 4190 2913 4263 periculum
2944 4190 3220 4263 cﬂ‘ugero.
3275 4189 3337 4247 Si
3388 4206 3482 4246 me
3529 4188 3718 4262 perire

2069 4285 2293 4354 siveris,
2326 4283 2535 4348 cultor,
2568 4281 2675 4336 tibi
2708 4280 2935 4353 peribit.
2974 4280 3380 4353 Expergiscere
3420 4279 3584 4349 mihi,
3618 4280 3720 4334 aut

2070 4377 2331 4449 gradere,
2365 4377 2421 4429 et
2466 4376 2688 4427 metum
2739 4387 3064 4443 compesce.
3101 4393 3128 4420 »
3160 4371 3269 4425 Vix
3300 4371 3422 4425 hac
3471 4370 3716 4437 dixerat,

2072 4482 2205 4522 cum
2238 4463 2437 4520 statim
2465 4462 2668 4517 sedata
2699 4465 2788 4516 est
2817 4465 2874 4515 et
2892 4464 3250 4515 commutata
3271 4460 3327 4514 in
3362 4475 3565 4515 auram
3588 4474 3721 4529 pro-

2075 4555 2240 4611 cella.
2276 4554 2579 4608 Servatum
2612 4566 2673 4606 se
2709 4550 2977 4621 agnoscit
3017 4549 3331 4622 Gregorius
3362 4548 3427 4618 (ἱ)
3450 4546 3720 4619 precibus

314 4639 437 4694 navi
462 4639 706 4712 Eginea
739 4639 893 4693 circa
925 4637 1182 4693 medium
1214 4639 1621 4706 Novembrem,
1667 4658 1782 4713 quo
1813 4647 1959 4699 tem-
1993 4660 2040 4724 D
2072 4647 2402 4716 parentum,
2440 4640 2537 4712 qui
2571 4641 2629 4694 in
2661 4638 2886 4694 somnis
2909 4639 3192 4694 admoniti
3220 4655 3393 4710 quem
3426 4637 3484 4691 in
3517 4651 3721 4691 casum

311 4744 443 4798 pore
473 4728 990 4801 periculosissima
1023 4731 1400 4799 tempestates
1429 4729 1638 4784 exoriri
1670 4731 1877 4799 solent,
1901 4731 1960 4787 in

317 4816 588 4873 Graciam
616 4834 722 4889 per
752 4832 911 4872 mare
936 4815 1347 4871 Parthenicum
1375 4816 1627 4889 navigat.
1651 4818 1851 4890 Itaque
1870 4821 1965 4877 vix

302 4904 426 4975 jam
454 4906 768 4979 paululum
801 4906 968 4962 navis
990 4910 1374 4978 processerat,
1391 4922 1525 4961 cum
1555 4908 1747 4979 gravis
1768 4914 1966 4966 exorta

383 5031 455 5099 (a)
487 5030 846 5104 Scrupulum
879 5030 1137 5104 aliquem
1168 5029 1617 5104 mihiinjiciunt
1634 5034 1812 5089 verba
1833 5035 1965 5092 Gre-

312 5104 456 5171 gorii
509 5101 656 5159 orat:
692 5105 768 5178 _in
827 5101 1061 5178 laudem
1109 5101 1341 5178 Casarii
1391 5104 1498 5175 (or.
1547 5104 1602 5171 7,
1639 5122 1711 5178 _n.
1751 5107 1830 5178 6),
1864 5106 1964 5163 ubi

314 5182 620 5253 postquam
675 5176 746 5253 de
797 5176 1030 5253 prima__
1060 5174 1405 5253 educatione
1445 5176 1717 5253 Casariit
1743 5174 1967 5253 suaque

312 5245 498 5317 ipsius
524 5245 886 5321 mentionem
903 5246 1058 5311 fecit,
1084 5245 1168 5301 sic
1195 5246 1601 5321 prosequitur:
1627 5270 1655 5299 ‹‹
1678 5245 1822 5305 Cum
1838 5245 1967 5321 jam

312 5319 800 5392 peregrinationis
820 5324 1060 5392 tempus
1086 5333 1216 5373 esse
1243 5318 1569 5392 _videretur,
1602 5336 1668 5375 ac
1696 5318 1967 5392 tum'pri-

312 5389 476 5463 muni
507 5391 655 5447 alter
680 5392 752 5447 ab
783 5389 966 5447 altero
989 5389 1528 5463 distractisumus;
1562 5406 1667 5463 ego
1689 5389 1969 5449 nimirum

313 5462 386 5516 ob
448 5464 593 5518 artis
643 5462 908 5519 oratoria
958 5478 1240 5525 amorem,
1271 5461 1331 5517 in
1383 5461 1695 5519 Palastiha
1729 5465 1968 5532 scholis,

312 5538 435 5589 tum
468 5534 835 5605 ﬂorentibus,
870 5538 1157 5603 moratus,
1188 5532 1288 5605 ille
1333 5537 1531 5589 autem
1556 5534 1969 5593 Alexandriam

311 5607 624 5679 profectas.
655 5630 685 5657 »
715 5608 773 5663 Si
806 5604 944 5662 eum
974 5606 1230 5679 primum
1261 5604 1573 5679 Gregorius
1603 5612 1661 5663 et
1687 5608 1971 5666 Caesarius

310 5676 458 5734 alter
487 5680 557 5735 ab
574 5679 755 5737 altero
786 5676 1060 5735 distracti
1083 5680 1244 5743 sunt,
1264 5676 1576 5749 Gregorius
1597 5680 1973 5739 Palaestinam

311 5750 500 5835 petiit,
521 5752 654 5811 etin
673 5751 896 5812 scholis
922 5754 1015 5811 est
1045 5752 1329 5824 moratus,
1352 5750 1612 5811 Casarea
1630 5751 1972 5828 Palaestinae,

2071 4733 2358 4788 adductus
2389 4733 2543 4784 esset
2574 4728 3133 4798 ﬁlius,orationibus
3155 4744 3219 4783 ac
3242 4726 3516 4798 lacrymis
3539 4730 3722 4781 Deum

2072 4822 2513 4879 obsecraverant
2546 4822 2609 4873 ut
2642 4816 2997 4889 periclitanti
3048 4833 3216 4889 opem
3250 4817 3443 4871 ferret.
3487 4814 3636 4878 Quin
3669 4816 3726 4869 et

2071 4914 2133 4969 in
2164 4913 2293 4984 ipsa
2322 4906 2568 4981 periculi
2601 4906 3082 4979 ﬂamma,juveni
3114 4906 3345 4962 cuidam
3378 4922 3446 4961 ex
3480 4902 3723 4960 vectori-

2074 5051 2188 5091 non
2223 5033 2625 5104 Cappadocum
2663 5035 2753 5087 est
2792 5032 3188 5101 intelligenda,
3247 5031 3357 5104 nisi
3406 5029 3725 5086 dixerimus

2076 5103 2387 5174 utrumque
2438 5110 2577 5159 tunc
2624 5110 2921 5159 versatum
2971 5105 3239 5160 Casarea
3286 5103 3721 5174 Cappadocum,

2079 5180 2233 5235 unde
2266 5172 2412 5231 alter
2457 5176 2852 5244 Palastinam,
2885 5174 3031 5232 alter
3085 5172 3502 5231 Alexandriam
3532 5172 3722 5246 petiit.

2172 5249 2220 5319 b)
2253 5249 2351 5304 Or.
2386 5248 2471 5319 10,
2504 5265 2561 5319 p.
2596 5248 2718 5317 163,
2749 5251 2816 5303 Α.

2170 5318 2218 5390 c)
2249 5318 2547 5376 Carm.’D’e
2570 5320 2689 5376 Vita
2717 5336 2837 5388 sua,
2868 5335 2923 5375 ν.
2959 5318 3051 5375 131
3091 5322 3148 5374 et
3173 5333 3294 5390 seq.

2207 5392 2227 5531 ἲ
2256 5392 2350 5447 Or.
2382 5392 2469 5453 18.
2501 5408 2560 5447 n.
2596 5392 2715 5446 131.

2253 5462 2423 5531 Boll.,
2452 5463 2487 5517 9
2517 5462 2672 5531 Maii,
2707 5480 2715 5531 1

2150 5462 2223 5533 (ε)
2253 5462 2423 5535 Boll.,
2452 5463 2487 5517 9
2517 5462 2672 5531 Maii,
2707 5480 2765 5535 p.
2796 5463 2919 5519 379.

2150 5536 2231 5607 (Γ)
2259 5534 2511 5603 Tillem.,
2542 5539 2585 5590 t.
2618 5534 2799 5606 IX,’p.
2830 5535 2955 5589 326.

2153 5608 2223 5679 (g)
2256 5607 2324 5674 T,
2358 5607 2436 5663 ΙΙΙ
2468 5623 2624 5662 nova
2655 5607 2817 5674 edit.,
2840 5624 2897 5679 p.
2928 5606 3053 5662 270.

2152 5678 2237 5753 (Ιι)
2263 5678 2460 5753 _Carm.
2493 5679 2568 5735 De
2606 5680 2725 5753 [’ita
2752 5678 2872 5752 sud,
2905 5694 2959 5737 ν.
2993 5678 3099 5735 194
3127 5680 3184 5737 et
3212 5693 3338 5751 seq.

2152 5750 2226 5831 (ἰ)
2251 5750 2349 5811 Or.
2382 5751 2470 5826 18,
2511 5767 2571 5810 n.
2611 5750 2702 5812 31‘:
