4052 6276
336 380 447 439 167

1653 376 1838 439 VITA
1899 382 1961 440 S.
2012 374 2408 439 GREGURll.

3620 382 3731 441 168

326 514 461 580 bus,
495 512 593 584 qui
613 511 885 584 Gregorio
910 510 1296 566 charissimus
1320 514 1462 580 erat,
1481 510 1602 566 visa
1622 515 1711 566 est
1730 510 1785 565 in
1812 528 1968 567 som-
1999 514 2054 579 Α
2083 512 2493 568 XXXVIII-XL.
2517 514 2725 569 Stolido
2755 513 2892 567 ritui
2937 513 3191 569 subducit
3218 508 3509 571 ‘Basilium
3541 512 3737 581 Grego-

324 603 417 658 nis
449 606 634 656 mater
663 601 788 671 ejus
810 600 931 655 Non
944 617 1015 655 na
1038 616 1194 655 mare
1215 600 1627 668 conscendere,
1651 606 1971 672 arreptam-

326 708 438 764 que
490 690 678 746 navim
730 690 799 745 ad
850 693 1063 745 terram
1126 689 1461 761 protrahere
1515 706 1527 743 :
1582 707 1699 761 qua
1755 690 1974 747 visione

324 783 627 853 perspecta
675 782 730 832 et
774 782 1025 848 narrata,
1078 777 1278 833 statim
1321 782 1632 833 consecuta
1677 782 1764 833 est
1810 783 1973 833 tran-

326 869 586 941 quillitas
611 868 878 941 (a).Tum
910 872 1167 923 vectores
1197 884 1419 937 omnes,
1456 872 1739 939 quotquot
1770 867 1972 922 inﬁde-

321 958 405 1013 les
432 962 614 1026 erant,
645 972 706 1012 se
733 956 850 1026 Dei,
889 972 1062 1026 quem
1089 954 1314 1011 colebat
1337 956 1671 1026 Gregorius,
1707 956 1972 1027 benigni-

324 1051 441 1102 tate
471 1050 726 1102 servatos
759 1048 1140 1117 agnoscentes
1169 1049 1226 1099 et
1276 1045 1636 1111 conﬁtentes,
1692 1044 1973 1100 Christia-

322 1154 457 1191 nam
519 1135 857 1208 religionem
919 1151 989 1188 ex
1047 1134 1243 1189 animo
1288 1133 1621 1205 amplexati,
1681 1134 1973 1205 duplicem

323 1225 475 1282 nacti
510 1228 647 1281 sunt
698 1222 966 1279 salutem.
1002 1224 1251 1293 «Hujus
1300 1222 1410 1294 ipsi
1463 1223 1724 1294 periculi,
1776 1223 1971 1295 inquit

323 1302 635 1387 Gregdrius
666 1312 763 1385 (ὁ),
798 1313 1015 1366 donum
1048 1311 1375 1367 exstitimus
1411 1316 1515 1367 :ut
1546 1312 1701 1367 enim
1735 1329 1840 1368 nos
1860 1317 1971 1368 Deo

321 1420 687 1469 voveramus,
722 1401 766 1457 si
798 1400 1112 1456 discrimen
1144 1401 1570 1473 eﬂ‘ugeremus;
1605 1401 1684 1455 ita
1714 1401 1970 1473 periculo

323 1492 572 1561 liberati,
602 1507 710 1546 nos
742 1490 915 1545 etiam
948 1493 1104 1561 ipsos
1136 1489 1477 1545 obtulimus.
1514 1512 1542 1538 ››
1574 1491 1795 1555 Quibus
1842 1506 1969 1545 ver-

325 1584 414 1640 bis
447 1581 781 1652 Gregorius,
816 1579 865 1633 si
916 1579 1161 1633 Baronio
1195 1578 1335 1633 ﬁdes
1368 1578 1461 1648 (c),
1512 1595 1573 1634 se
1618 1584 1674 1633 et
1715 1583 1972 1634 vectores

325 1689 488 1729 sacro
520 1670 872 1741 baptismate
894 1672 1019 1722 tum
1053 1666 1231 1721 fuisse
1263 1667 1519 1723 initiatos
1550 1667 1860 1739 signiﬁcat.

473 1776 739 1833 XXXVII.
770 1774 1009 1829 Athenas
1038 1773 1255 1828 advenit
1284 1775 1435 1829 circa
1463 1791 1673 1829 annum
1693 1775 1816 1828 350.

395 1866 631 1924 Interim
665 1865 827 1919 navis
870 1862 1254 1934 tranquillum
1306 1880 1407 1934 per
1461 1881 1656 1935 aequor
1701 1862 1969 1918 Rhodum
2002 1887 2050 1950 B

324 1956 571 2030 appulit,
606 1954 805 2009 Rhodo
835 1953 1124 2025 Eginam,
1157 1952 1409 2023 indeque
1439 1952 1667 2008 solvens
1700 1954 1974 2007 secundis

322 2046 599 2103 ﬂuctibus
626 2043 859 2098 tandem
888 2042 1169 2111 expetitas
1200 2042 1511 2109 Gregorius
1542 2041 1804 2096 Athenas
1850 2059 1974 2113 per-

319 2135 493 2192 venit.
528 2134 650 2198 Quo
681 2137 875 2187 autem
919 2147 1071 2185 anno
1117 2130 1457 2201 pervenerit,
1515 2136 1669 2185 certo
1727 2130 1972 2185 deﬁnire

320 2223 557 2281 difﬁcile
590 2221 780 2277 fuerit.
814 2219 1243 2275 Tantummodo
1267 2236 1333 2274 ex
1357 2219 1482 2290 ipso
1505 2220 1811 2287 discimus,
1837 2236 1972 2275 eum

319 2312 638 2370 imberbem
663 2310 853 2366 adhuc
884 2308 1088 2380 fuisse,
1122 2325 1257 2364 cum
1286 2307 1616 2364 litterarum
1662 2325 1860 2365 amore
1889 2309 1974 2364 in-

328 2420 542 2462 census
570 2400 827 2457 Athenas
858 2398 1042 2468 petiit,
1070 2398 1163 2453 his
1193 2397 1346 2452 enim
1386 2398 1577 2453 verbis
1608 2414 1845 2453 narrare
1878 2398 1973 2453 in-

320 2494 459 2565 cipit
488 2493 915 2562 tempestatem,
962 2504 1091 2557 quas
1131 2486 1190 2541 in
1226 2486 1376 2542 hanc
1410 2486 1614 2541 urbem
1655 2503 1797 2542 nave
1844 2491 1970 2542 ten-

317 2580 479 2639 denti
511 2576 845 2651 supervenit
876 2594 889 2632 :

455 2678 532 2750 (ἀ)
562 2678 785 2750 Lanugo
812 2673 1055 2729 nondum
1083 2690 1250 2745 genas
1281 2681 1516 2750 texerat,
1546 2675 1731 2729 tamen

568 2750 648 2805 Me
678 2749 993 2803 litterarum
1022 2753 1238 2818 ceperat
1265 2747 1478 2816 fervens
1505 2762 1684 2813 amor,
1719 2748 1825 2800 etc.

391 2850 456 2905 In
486 2846 746 2904 oratione
776 2860 1010 2916 quoque
1039 2859 1200 2913 XLIII,
1235 2860 1293 2897 n.
1347 2843 1437 2913 25,
1489 2844 1573 2897 ait
1603 2859 1665 2898 se
1720 2847 1777 2897 et
1808 2840 1969 2897 Basi-

316 2938 463 2995 lium
493 2934 735 2991 Athenis
764 2935 822 2990 in
855 2932 1105 3005 patriam
1137 2930 1378 2986 reduces
1410 2953 1439 2980 ‹‹
1483 2946 1553 2985 ex
1604 2930 1969 2986 imberbibus

316 3028 471 3084 viros
514 3023 718 3091 factos,
762 3045 790 3073 ››
820 3021 909 3075 καὶ
939 3018 1201 3091 τελοῦμεν
1238 3016 1312 3079 εἷς
1346 3014 1538 3094 ἄνδρας
1573 3016 1625 3090 ἐξ
1690 3016 1965 3093 ἀγενείων.

322 3116 483 3183 Quod
541 3122 691 3170 certe
747 3112 1012 3167 funditus
1068 3111 1272 3166 evertit
1334 3126 1535 3165 eorum
1592 3107 1965 3180 Opinionem,

325 3206 425 3279 qui
454 3222 590 3261 eum
632 3203 869 3275 triginta
900 3217 1083 3256 annos
1112 3199 1357 3254 Athenis
1395 3197 1590 3255 studio
1620 3197 1965 3269 eloquentiae

2155 586 2272 638 rius
2292 616 2359 623 —
2385 584 2547 654 Opem
2574 589 2680 655 fert
2732 589 2922 639 contra
2973 586 3279 639 Armenios.
3314 616 3383 625 ——
3413 585 3736 641 Arcttssima

2156 657 2427 711 Basiliam
2457 656 2604 711 inter
2642 666 2693 711 et
2722 656 3051 723 Gregorium
3082 657 3445 712 necessitudo.

2153 779 2436 835 Omnibus
2466 780 2852 836 humanitatis
2892 782 3100 837 ofﬁciis
3146 780 3427 837 Basiliam
3474 782 3737 854 suscepit

2083 868 2418 941 Gregorius;
2448 874 2793 941 gratamque
2850 870 3142 940 imprimis
3174 870 3225 926 ei
3270 887 3507 942 operam
3563 872 3734 927 adve-

2082 958 2263 1013 nienti
2298 958 2560 1030 praebuit,
2594 958 2785 1014 virum
2814 976 3049 1031 gravem
3073 963 3129 1015 et
3160 960 3489 1015 modestum
3509 959 3732 1015 subdu-

2082 1048 2263 1102 cendo
2294 1046 2515 1103 stolida:
2538 1046 2921 1103 ludiﬁcationi
2944 1047 3183 1103 Athenis
3220 1048 3444 1103 usitatas
3459 1064 3598 1121 erga
3630 1064 3730 1103 no-

2079 1153 2179 1191 vos
2210 1135 2550 1207 discipulos,
2583 1137 2684 1207 qui
2714 1136 2773 1191 in
2804 1136 2954 1192 hanc
2986 1137 3192 1193 urbem
3239 1154 3301 1194 se
3329 1138 3727 1193 conferebant.

2082 1228 2361 1280 Insanum
2396 1224 2551 1280 hunc
2582 1225 2783 1293 ritum,
2816 1225 2877 1281 in
2901 1226 3163 1283 oratione
3185 1227 3260 1283 De
3289 1228 3493 1283 Basilii
3535 1226 3733 1283 laudi-

2081 1314 2198 1385 bus,
2231 1314 2523 1387 eleganter
2552 1314 2827 1371 describit
2856 1316 3198 1389 Gregorius;
3232 1317 3333 1388 qui
3369 1334 3503 1373 mox
3533 1317 3733 1372 adver-

2079 1420 2182 1458 sus
2212 1404 2516 1460 Armenios
2546 1406 2829 1476 quosdam
2864 1424 2977 1461 non
3010 1405 3316 1461 mimorem
3341 1406 3527 1462 amico
3558 1422 3730 1477 opem

2079 1491 2230 1546 tulit.
2265 1492 2332 1545 Hi
2366 1493 2643 1548 nimirum
2676 1494 2934 1550 Armenii
2968 1494 3169 1551 Basilii
3203 1495 3343 1551 olim
3386 1495 3496 1550 sub
3541 1494 3733 1566 ipsius

2080 1585 2241 1652 patre
2298 1582 2702 1653 condiscipuli,
2738 1583 2952 1639 invidis
2982 1583 3163 1639 oculis
3198 1586 3324 1655 ejus
3351 1583 3556 1639 laudes
3588 1601 3733 1639 con-

2078 1669 2705 1741 spicientes.tanquam
2730 1672 2977 1728 Athenis
2999 1672 3224 1727 diutius
3256 1673 3621 1734 commorati,
3656 1678 3737 1727 te-

2078 1774 2236 1813 mere
2266 1757 2631 1815 lacessebant
2648 1760 2993 1827 Basililium,
3020 1779 3052 1816 a
3069 1778 3181 1832 quo
3204 1760 3371 1816 facile
3395 1760 3735 1816 refelleban-

2078 1850 2192 1902 tur.
2218 1847 2531 1919 Gregorius
2564 1850 2821 1920 quidem,
2845 1849 3203 1905 Athenarum
3232 1849 3735 1920 amans,ipsarum

2083 1936 2527 1992 aestimationem
2560 1937 2615 1992 in
2649 1939 2940 1993 Armeniis
2972 1956 3005 1993 a
3034 1938 3245 1993 Basilio
3296 1937 3590 2009 superatis
3636 1954 3733 2008 pe—

2081 2024 2323 2080 riclitari
2354 2042 2503 2098 aegre
2535 2026 2967 2095 ferens;veritus
2990 2044 3060 2081 ne
3089 2027 3289 2082 civitas
3322 2026 3541 2097 aliquid
3566 2027 3739 2081 dede-

2082 2114 2233 2170 coris
2265 2115 2641 2187 acciperet,si
2677 2132 2862 2171 novus
2901 2114 3095 2171 accola
3116 2115 3477 2187 antiquiores
3500 2130 3740 2186 supera-

2082 2206 2171 2258 ret
2200 2202 2386 2275 primo
2416 2203 2706 2259 Armeniis
2738 2220 2907 2276 opem
2942 2204 3183 2270 ferebat;
3217 2208 3276 2259 at
3306 2203 3406 2259 ubi
3438 2203 3733 2275 perﬁdum

2080 2306 2281 2347 eorum
2313 2308 2442 2347 esse
2472 2292 2782 2349 consilium
2814 2292 3124 2364 perspexit,
3176 2296 3362 2348 totum
3409 2308 3471 2348 se
3515 2292 3587 2347 ad
3631 2292 3737 2347 Ba-

2080 2378 2279 2436 silium
2310 2380 2502 2453 Vertit,
2533 2397 2716 2452 eoque
2739 2380 2984 2452 juvante
3030 2380 3293 2437 Armenii
3334 2380 3571 2453 penitus
3603 2396 3737 2452 pro-

2080 2468 2282 2541 ﬂigati.
2334 2493 2363 2520 «
2415 2470 2479 2542 (/)
2526 2470 2655 2525 Haec
2682 2470 2887 2537 altera,
2916 2469 3132 2526 Basilio
3164 2474 3220 2525 et
3249 2470 3546 2543 Gregorio,
3578 2469 3737 2525 ami-

2080 2557 2229 2613 citia;
2251 2574 2367 2613 non
2391 2559 2515 2629 jam
2556 2557 2833 2629 scintilla,
2866 2560 2967 2614 sed
3017 2559 3109 2614 fax
3138 2558 3297 2614 clara
3349 2563 3406 2614 et
3460 2557 3738 2614 sublimis

2080 2646 2436 2702 accenditur.
2479 2670 2507 2698 »
2538 2648 2640 2702 His
2672 2664 2927 2721 namque
2956 2648 3225 2704 amicitia-3
3274 2647 3486 2703 ofﬁciis
3516 2646 3739 2719 Grego-

2079 2736 2201 2792 rius
2232 2737 2375 2792 adeo
2408 2737 2518 2793 sibi
2550 2736 2831 2792 Basilium
2864 2737 3214 2805 conciliavit,
3247 2736 3501 2792 Basilius
3534 2740 3737 2792 autem

2080 2842 2310 2881 morum
2345 2826 2627 2898 gravitate
2658 2826 2801 2882 adeo
2831 2825 3170 2897 Gregorium
3204 2825 3479 2893 devinxit,
3503 2830 3566 2880 ut
3588 2842 3736 2881 una-

2079 2915 2267 2971 nimes
2298 2914 2474 2971 simul
2507 2916 2715 2985 effecti,
2747 2916 2859 2971 sibi
2892 2915 3136 2987 quisque
3166 2914 3543 2970 felicissimus
3574 2915 3740 3005 vide;

2077 3008 2237 3060 retur
2259 3006 2409 3076 quod
2434 3005 2610 3061 talem
2646 3009 2995 3075 tantumque
3030 3010 3234 3059 nactus
3266 3008 3419 3059 esset
3449 3004 3733 3059 amicum.

2080 3095 2205 3150 Haec
2237 3098 2379 3149 sunt
2428 3094 2768 3151 arctissimee
2802 3093 3077 3150 Basiliam
3111 3094 3264 3149 inter
3297 3098 3354 3149 et
3381 3092 3732 3165 Gregorium

2076 3184 2344 3239 amicitiae
2368 3182 3264 3239 fundamenta.Perfectissimum
3293 3182 3445 3237 istud
3471 3188 3557 3236 est
3579 3182 3731 3236 ami-

324 3258 682 3367 ijmpendisse
705 3258 993 3347 sentiunt.
1026 3288 1219 3345 Verba
1246 3292 1439 3343 tamen
1474 3258 1756 3359 Gregorii,
1784 3292 1846 3341 ut
1876 3303 1968 3341 ve-
2001 3258 2043 3325 (ἶ
2083 3273 2229 3367 Quae
2261 3271 2605 3367 (ἔδΐίεξίεωδῗ
2650 3274 3007 3367 -ξὲκθῐηρλθνγ
3042 3289 3157 3367 (illo
3211 3272 3331 3326 ηοίί
3366 3288 3431 3326 ac
3471 3270 3731 3367 φῙθδνθθ

324 3402 456 3441 rum
489 3384 690 3448 fatear,
716 3380 799 3435 sic
830 3377 1012 3450 accipi
1043 3382 1101 3433 et.
1129 3377 1364 3449 quidem
1407 3382 1561 3432 recte
1603 3380 1870 3448 possunt,
1904 3378 1969 3430 ut

321 3472 644 3529 imberbem
669 3468 851 3524 fuisse
892 3466 1316 3537 existimemus,
1339 3482 1472 3521 cum
1496 3464 1746 3536 primum
1776 3469 1969 3536 pater-

324 3579 459 3619 nam
493 3561 733 3616 domum
766 3555 1000 3628 reliquit
1028 3559 1093 3610 ut
1123 3554 1411 3627 plurimas
1449 3554 1619 3609 urbes
1643 3555 1969 3625 perarraret

322 3651 651 3709 studiorum
704 3664 903 3712 causa,
954 3646 1274 3701 Caesaream
1337 3650 1663 3714 utramque,
1722 3642 1965 3696 Alexan-

323 3741 533 3808 driam,
566 3745 622 3796 et
651 3737 888 3793 tandem
919 3734 1175 3789 Athenas
1228 3751 1375 3805 quas
1405 3732 1777 3804 potissimum
1809 3731 1969 3787 adire

321 3832 612 3903 cupiebat,
631 3832 913 3898 tanquam
930 3823 1255 3879 litterarum
1275 3823 1473 3878 sedem
1505 3826 1562 3877 et
1583 3818 1965 3890 domicilium,

320 3924 434 3979 Has
481 3919 683 3992 igitur,
717 3923 779 3971 ut
825 3913 1137 3971 verisimile
1189 3918 1299 3981 est,
1351 3912 1495 3967 adiit
1550 3912 1701 3968 circa
1747 3925 1967 3966 annum

318 4014 443 4081 £50;
477 4012 525 4067 si
558 4008 795 4082 quidem
825 4004 1065 4061 Athenis
1115 4003 1242 4075 jam
1294 4002 1655 4069 versabatur,
1716 4018 1851 4057 cum
1901 4016 1968 4056 eo

317 4100 493 4167 venit,
520 4116 672 4155 anno
702 4097 826 4162 351,
852 4093 1125 4165 Basilius,
1158 4094 1329 4165 cujus
1346 4091 1798 4161 adventumjam
1814 4090 1970 4145 fama

318 4188 649 4255 nuntiabat,
708 4199 1103 4257 magnamque
1159 4182 1435 4238 omnibus
1479 4181 1969 4251 exspectationem

320 4283 600 4343 moverat,
642 4273 929 4347 praecipue
980 4278 1177 4328 autem
1226 4271 1523 4342 Gregorio,
1564 4270 1662 4341 qui
1713 4269 1970 4324 Athenas

321 4367 513 4425 Basilii
538 4367 605 4420 ad
619 4369 788 4419 ventu
810 4385 835 4412 ‹‹
869 4379 1075 4418 aureas
1096 4384 1125 4412 ››
1160 4361 1268 4416 sibi
1299 4362 1481 4415 factas
1504 4357 1787 4431 singulari
1820 4374 1974 4412 amo-

322 4458 402 4513 ris
434 4454 823 4511 declarations
864 4450 1230 4523 signiﬁcabat
1262 4465 1275 4503 :
1317 4469 1338 4497 ι
1370 4449 1626 4503 Athenas
1668 4446 1811 4501 mihi
1843 4462 1973 4501 vere

322 4562 552 4612 aureas,
579 4544 787 4613 inquit,
811 4541 903 4611 (β),
948 4556 1035 4607 ac,
1098 4538 1147 4594 si
1204 4537 1478 4609 cuiquam
1533 4536 1651 4602 alii,
1685 4537 1972 4590 bonorum

2075 3362 2255 3433 fuere,
2282 3366 2406 3417 tum
2440 3361 2779 3418 hominibus
2800 3379 2919 3417 suae
2947 3362 3153 3428 aetatis,
3189 3367 3311 3416 tum
3343 3359 3618 3415 omnibus
3636 3375 3727 3415 re-

2076 3457 2163 3508 tro
2195 3450 2445 3508 saeculis.

2078 3574 2397 3629 XLI-XLII.
2427 3574 2631 3630 Crescit
2667 3575 2916 3629 amicitia
2946 3575 3091 3629 inter
3121 3572 3440 3642 Gregorium
3467 3582 3521 3629 et
3558 3575 3727 3629 Basi-

2149 3646 2307 3700 liam.
2364 3647 2480 3701 Una
2536 3648 2756 3716 utrique
2776 3647 2967 3700 anima
3022 3662 3136 3701 esse
3182 3646 3494 3701 videbatur.
3550 3647 3733 3703 Unum

2147 3719 2368 3790 utrique
2395 3716 2639 3772 studium
2666 3722 2783 3772 erat
2808 3720 3001 3773 virtus.

2148 3825 2335 3880 Crevit
2391 3825 2581 3879 adhuc
2638 3841 2947 3897 progressu
3009 3826 3289 3897 temporis
3344 3828 3461 3879 tam
3524 3828 3734 3880 sancta

2078 3914 2333 3970 amicitia
2352 3912 2719 3968 voluntatum
2743 3932 2807 3968 ac
2829 3914 3155 3969 studiorum
3181 3914 3731 3969 consentione.Cum

2078 4004 2235 4058 enim
2280 4008 2551 4058 mutuum
2575 4002 2723 4058 inter
2740 4020 2801 4058 se
2819 4004 3067 4058 confessi
3092 4004 3341 4058 fuissent
3368 4002 3729 4058 desiderium

2079 4091 2366 4148 sectandae
2397 4090 2800 4163 philosophiae,
2833 4098 2959 4147 tum
2993 4098 3237 4163 uterque
3285 4091 3451 4147 alteri
3498 4091 3732 4162 quidvis

2078 4187 2220 4245 erat,
2256 4181 2711 4249 contubernalis,
2744 4183 3060 4248 convictor,
3089 4198 3355 4246 concors,
3380 4197 3561 4235 unum
3595 4196 3732 4251 spe-

2080 4275 2267 4337 etans,
2289 4269 2495 4324 iisdem
2530 4270 2705 4325 rebus
2733 4270 3015 4339 gaudens.
3056 4270 3195 4333 Quis
3227 4270 3403 4341 digne
3432 4268 3735 4340 scripserit

2080 4360 2387 4431 praeclaros
2405 4363 2523 4413 tam
2552 4359 2777 4413 eximias
2795 4358 3250 4414 necessitudinis
3274 4358 3535 4414 fructus?
3556 4358 3732 4413 Eccui

2081 4454 2243 4504 tanta
2273 4448 2534 4503 discendi
2560 4448 2744 4519 copia,
2781 4451 2844 4502 ut
2875 4448 3181 4518 utriusque
3211 4452 3338 4503 tum
3383 4449 3442 4502 in
3496 4446 3731 4517 litteris,

2082 4545 2207 4595 tum
2258 4539 2315 4593 in
2346 4538 2559 4610 pietate
2592 4554 2939 4609 progressus
2970 4554 3244 4593 enarrare
3291 4537 3516 4608 queat?
3567 4536 3734 4591 Unus

324 4640 617 4708 parentes.
652 4631 796 4685 Nam
828 4628 936 4685 illm
978 4628 1125 4683 mihi
1158 4627 1475 4696 hominem,
1508 4643 1621 4680 non
1658 4624 1823 4679 illum
1847 4623 1973 4694 qui-
2004 4629 2051 4694 D
2083 4628 2139 4683 id
2171 4632 2367 4698 posset
2396 4626 2632 4698 exsequi
2681 4626 3012 4698 Gregorius.
3048 4650 3075 4677 ‹‹
3109 4630 3220 4681 Par
3249 4642 3381 4699 spes
3430 4626 3731 4691 doctrinae,

325 4725 458 4780 dem
491 4728 625 4778 ante
656 4721 940 4791 ignotum,
976 4718 1076 4773 sed
1124 4722 1320 4772 tamen
1354 4714 1581 4787 plenius
1612 4714 1972 4769 noscendum

325 4812 801 4886 przebucruntAc
830 4808 1155 4863 doctrinam
1186 4806 1517 4876 exquirens,
1552 4802 1971 4859 beatitudinem

325 4902 535 4974 reperi;
559 4899 821 4969 mihique
848 4896 1065 4969 dispari
1100 4895 1272 4950 modo
1314 4895 1464 4948 idem
1498 4894 1649 4964 quod
1685 4891 1842 4946 Sauli
1878 4906 1971 4945 ac-

327 4989 601 5060 cidit,qui
632 4987 812 5060 patris
835 4988 1334 5053 asinasquzerens,
1359 4999 1602 5054 regnum
1640 4980 1971 5035 invenit.....

328 5080 628 5135 Habebunt
660 5095 763 5132 nos
810 5076 1071 5141 Athena},
1099 5073 1258 5129 velut
1279 5073 1506 5127 ﬂuxum
1533 5070 1847 5143 quemdam
1865 5069 1975 5123 flu-

329 5168 529 5235 minis,
562 5182 631 5222 ex
660 5168 864 5222 eodem
897 5165 1094 5237 patriae
1125 5163 1282 5219 fonte
1312 5162 1373 5217 in
1418 5161 1679 5216 diversas
1710 5158 1975 5231 regiones

330 5256 603 5314 doctrinae
636 5255 951 5328 cupiditate
992 5254 1293 5320 dissectos,
1320 5267 1677 5321 rursumque
1723 5246 1881 5303 velut
1907 5262 1976 5302 ex

327 5346 671 5420 composito,
693 5345 809 5405 Deo
828 5342 1096 5402 videlicet
1112 5343 1195 5399 ita
1214 5340 1579 5415 impellente,
1612 5343 1907 5396 coeuntes.
1942 5357 1973 5388 »

422 5506 475 5575 a)
508 5506 589 5561 Vit
618 5510 778 5576 Greg.
810 5523 866 5577 p.
893 5506 948 5563 5.

422 5580 451 5633 ὁ
504 5578 599 5633 Ur.
634 5579 720 5646 18,
752 5594 810 5631 n.
842 5578 932 5634 31.

397 5508 472 5719 ξοέ
496 5648 532 5703 9
561 5648 714 5717 Maii,
737 5666 795 5719 p.
827 5649 948 5705 378.

422 5580 472 5646 ὁ)
504 5578 599 5633 Ur.
634 5579 720 5646 18,
752 5594 810 5631 n.
842 5578 932 5634 31.

422 5580 451 5633 ὁ
504 5580 599 5633 Ur.
634 5580 720 5646 18,
752 5594 810 5631 n.
842 5580 932 5634 31.

421 5580 532 5777 ἐξ)
561 5648 795 5777 using.
827 5649 951 5732 378.

462 5722 476 5778 l
507 5723 693 5777 Carm.
772 5736 802 5778 e
835 5723 951 5778 Vita

399 5715 476 5797 (tl)
507 5715 708 5777 Carm.
728 5715 802 5778 De
835 5722 958 5779 Vita
987 5734 1107 5794 sua,
1138 5732 1193 5781 v.
1227 5715 1357 5800 112,”

2080 4716 2274 4787 inquit
2295 4717 2391 4786 (g),
2419 4715 2527 4770 hoc
2552 4719 2657 4785 est,
2692 4716 2773 4769 rei
2804 4715 3066 4770 omnium
3103 4715 3605 4779 individiossimae,
3627 4731 3735 4769 nos

2081 4806 2365 4860 ducebat:
2390 4809 2449 4859 et
2479 4809 2673 4859 tamen
2706 4805 2907 4859 aberat
2933 4804 3175 4872 invidia,
3197 4803 3491 4859 aemulatio
3536 4810 3736 4858 autem

2082 4895 2141 4949 in
2191 4893 2374 4965 pretio
2423 4893 2764 4948 habebatur.
2804 4894 2917 4947 Hoc
2965 4893 3197 4964 utrique
3239 4898 3557 4957 certamen,
3618 4910 3736 4947 non

2084 4988 2211 5038 uter
2244 4982 2462 5054 primas
2493 4982 2686 5047 ferret,
2730 4982 2829 5035 sed
2855 4988 2984 5037 uter
3033 4981 3202 5037 alteri
3235 4998 3333 5037 eas
3364 4982 3733 5049 concederet,

2083 5078 2326 5143 uterque
2348 5072 2502 5127 enim
2528 5070 2744 5125 alteros
2767 5070 3008 5143 gloriam
3028 5087 3129 5142 pro
3162 5088 3269 5127 sua
3289 5071 3558 5126 ducebat.
3610 5070 3740 5127 Una

2083 5161 2315 5232 utrique
2341 5161 2538 5216 anima
2592 5158 2914 5226 videbatur,
2948 5161 3061 5215 duo
3092 5177 3335 5232 corpora
3379 5161 3740 5217 ferens.......

2084 5255 2276 5306 Unum
2309 5250 2541 5320 utrique
2571 5265 2718 5320 opus
2750 5254 2805 5304 et
2835 5250 3098 5305 studium
3148 5249 3334 5304 virtus
3363 5254 3505 5319 erat,
3555 5254 3613 5305 et
3662 5250 3738 5307 ad

2081 5340 2310 5397 futuras
2368 5355 2503 5412 spes
2552 5338 2763 5406 vivere,
2815 5354 3040 5411 nosque
3094 5337 3176 5395 ita
3233 5354 3595 5413 comparare,
3647 5343 3737 5410 ut,

2176 5501 2224 5573 θ)
2254 5499 2470 5573 ορηιιδ,
2502 5498 2745 5573 n.__14_et
2777 5499 2863 5557 15.

2175 5570 2219 5645 n’
2252 5570 2424 5645 Ibid.
2458 5587 2515 5626 ο.
2550 5570 2753 5645 15.17.

2176 5642 2227 5718 ρ)
2260 5642 2431 5712 lbid.,
2462 5659 2519 5699 η.
2550 5642 2641 5700 20.
