4052 6276
268 304 377 363 169

1611 304 1788 367 νιτΑ
1839 306 1902 366 8.
1952 303 2346 365 GREGORII.

3570 309 3686 370 1Ἱο

262 440 388 492 ante
423 436 751 492 discessum
779 453 848 492 ex
870 437 985 492 hac
1012 440 1142 506 vita,
1177 438 1311 493 hinc
1338 440 1919 510 migraremus.Quod
1954 443 2005 504 Α
2036 442 2207 506 est,et
2227 436 2587 493 carminibus
2611 437 2767 510 leges
2788 439 3109 510 praescribit
3131 458 3144 508 ;
3170 440 3288 495 sive
3316 440 3371 494 iu
3405 441 3682 499 omnibus

260 527 485 599 quidem
505 528 677 583 nobis
696 528 772 583 ob
798 529 1007 583 oculos
1031 534 1329 601 ponentes,
1345 530 1522 585 vitam
1545 530 1921 602 actionesque

258 632 451 671 omnes
493 622 733 673 nostras
790 616 1218 689 dirigebamus,
1250 623 1377 673 tum
1423 620 1603 675 divini
1650 620 1919 692 precepti

258 706 485 760 ductum
508 710 853 778 sequentes,
872 710 1003 761 tum
1031 707 1177 762 alter
1206 707 1370 763 alteri
1388 708 1621 764 virtutis
1655 710 1916 764 studium

257 802 634 861 exacuentes;
666 803 871 866 atque,
898 797 1018 850 nisi
1073 798 1180 851 hoc
1211 798 1581 868 arrogantius
1612 798 1803 853 dicere
1833 797 1917 851 vi-

255 886 404 946 dear,
442 889 691 954 uterque
723 885 895 939 alteri
928 902 1135 941 norma
1155 891 1211 941 et
1241 886 1495 941 amussis
1527 903 1918 956 eramus,qua

260 980 475 1027 rectum
519 992 553 1028 a
586 991 765 1045 prevo
797 974 1174 1029 discernitur.
1224 975 1350 1032 Non
1382 976 1537 1029 enim
1578 991 1712 1029 cum
1744 978 1914 1031 soda-

255 1061 393 1116 lium
430 1068 772 1117 nostrarum
798 1064 1297 1134 petulantissimis
1318 1069 1373 1119 et
1403 1065 1912 1136 impudicissimis,

256 1151 351 1205 sed
390 1168 523 1204 cum
566 1151 923 1207 castissimis
973 1153 1459 1207 consuetudinem
1510 1152 1910 1221 habebamus;

255 1256 353 1293 nec
382 1256 517 1293 cum
553 1240 1042 1311 pugnacissimis,
1077 1242 1178 1296 sed
1215 1258 1345 1296 cum
1373 1241 1788 1313 pacatissimis,
1810 1241 1910 1296 iis-

252 1344 379 1398 que,
410 1344 665 1397 quorum
700 1330 1063 1385 consuetudo
1120 1330 1405 1385 maximos
1451 1330 1674 1385 fructus
1716 1330 1911 1385 affere-

251 1418 346 1471 bat
377 1434 389 1472 :
425 1416 569 1471 illud
607 1418 885 1473 nimirum
939 1418 1303 1491 exploratum
1348 1418 1651 1489 habentes,
1686 1418 1912 1475 facilius

250 1522 371 1560 esse
401 1506 613 1560 vitium
648 1507 1017 1571 contrahere,
1054 1524 1229 1579 quam
1262 1507 1538 1563 virtutem
1570 1507 1856 1580 impertiri
1892 1525 1906 1576 ;

252 1595 752 1664 quemadmodum
804 1596 982 1650 etiam
1037 1596 1267 1651 facilius
1315 1612 1445 1651 esse
1474 1596 1678 1651 morbo
1722 1595 1910 1652 alieno

249 1682 421 1749 inﬁci,
456 1700 639 1753 quam
697 1683 1010 1739 sanitatem
1062 1685 1279 1755 largiri.
1335 1685 1670 1756 Disciplinis
1713 1701 1907 1755 porro,

254 1787 360 1824 non
394 1777 519 1824 tam
547 1772 1031 1839 jucundissimis,
1088 1789 1262 1844 quam
1309 1774 1547 1843 optimis
1578 1772 1906 1828 oblectaba-
1938 1808 1984 1872 B

254 1877 380 1913 mur
416 1878 429 1914 :
469 1878 607 1914 nam
644 1861 777 1914 hinc
810 1878 1064 1931 quoque,
1099 1860 1187 1916 vel
1238 1862 1307 1916 ad
1347 1862 1645 1924 virtutem,
1697 1862 1786 1918 vel
1834 1864 1903 1918 ad

252 1949 477 2011 vitium,
506 1950 756 2017 juvenes
788 1950 1202 2005 informantur.
1236 1972 1265 1999 »

250 2054 609 2109 XLIII-XLV.
663 2057 724 2110 In
788 2057 961 2109 sacris
1005 2057 1255 2110 domibus
1304 2057 1530 2111 assidui.
1604 2057 1911 2112 Chrisliani

313 2131 363 2181 ei
390 2142 510 2199 esse
540 2130 593 2179 et
626 2129 911 2181 nominari
942 2128 1146 2182 volunt.
1180 2129 1470 2199 Pestiferae
1496 2130 1628 2183 aliis
1657 2130 1905 2197 Athenae,

314 2197 469 2252 nihil
501 2198 623 2252 illis
652 2202 865 2267 nocent,
892 2198 989 2253 sed
1016 2199 1086 2253 ad
1116 2198 1273 2269 ﬁdem
1304 2197 1658 2270 cenﬁivnant.

316 2328 343 2352 η
381 2305 516 2358 Duae
572 2304 742 2359 nobis
792 2305 893 2359 vias
944 2310 1094 2359 notae
1143 2311 1344 2360 erant:
1380 2307 1563 2362 altera
1613 2308 1801 2379 prima
1851 2311 1909 2363 et

246 2392 636 2464 praestantior,
671 2392 853 2449 altera
884 2395 1142 2449 secunda
1172 2399 1226 2450 et
1256 2394 1549 2451 inferioris
1581 2395 1746 2467 pretii
1774 2397 1908 2451 :illa

242 2497 467 2551 nempe,
505 2496 630 2551 quis
663 2481 730 2535 ad
765 2498 964 2536 sacras
1000 2486 1229 2537 nostras
1261 2483 1493 2552 domos,
1543 2499 1758 2555 eosque
1806 2485 1904 2555 qui

244 2570 357 2622 illic
388 2572 591 2623 errant
627 2570 1182 2639 doctores,t'erebat;
1230 2572 1351 2626 haec
1390 2576 1609 2640 autem,
1661 2590 1789 2644 quas
1833 2574 1903 2628 ad

244 2666 513 2712 externos
535 2664 945 2728 praeceptores.
975 2659 1223 2715 Caeteros
1254 2677 1614 2732 omnes,quae
1635 2663 1705 2716 ad
1739 2664 1904 2732 festa,

246 2747 606 2816 spectacula,
643 2746 902 2802 celebres
953 2755 1293 2819 conventus,
1344 2750 1548 2819 epulas
1594 2751 1903 2821 ducebant,

243 2852 402 2904 aequo
436 2852 505 2889 ac
534 2835 739 2889 libenti
788 2837 989 2890 animo
1040 2836 1166 2890 aliis
1216 2836 1736 2909 reliqueramus....
1780 2840 1903 2909 jam

246 2940 373 2976 cum
404 2924 540 2977 aliis
575 2925 689 2977 alia
722 2925 991 2993 quaedam
1026 2932 1410 2995 cognomenta
1440 2927 1580 2994 sint,
1611 2927 1698 2983 vel
1730 2945 1762 2982 a
1802 2946 1901 2998 pa-

240 3012 499 3067 rentibus
532 3011 889 3083 accepta,vel
924 3030 991 3067 ex
1028 3013 1257 3082 seipsis,
1286 3015 1390 3069 hoc
1435 3021 1523 3070 est
1554 3033 1622 3070 ex
1652 3016 1903 3087 propriis

236 3100 354 3155 vitae
386 3101 603 3155 studiis
636 3100 1016 3157 institutione
1065 3107 1403 3174 comparata
1438 3120 1450 3159 :
1487 3104 1654 3159 nobis
1703 3108 1903 3161 contra

2031 524 2414 596 philosophia;
2438 525 2735 597 partibus:
2760 542 2830 581 ne
2850 526 3225 597 geometriam
3253 528 3491 599 quidem
3515 530 3587 585 ab
3611 545 3678 585 eo

2030 615 2353 686 neglectam
2390 616 2590 681 fuisse,
2626 633 2729 671 nec
2760 618 3199 684 astromoniam,
3223 633 3329 673 nec
3361 619 3680 675 arithmeti-

2030 720 2199 770 cam;
2233 706 2332 760 sed
2368 704 2440 761 iis
2487 706 2727 772 relictis,
2777 722 2905 776 quis
2953 706 3026 762 ad
3076 706 3351 778 pietatem
3400 708 3678 779 prodesse

2029 810 2143 848 non
2168 799 2457 864 poterant,
2490 800 2720 851 tantum
2762 811 2832 849 ex
2873 794 2945 849 iis
2992 794 3320 867 disciplinis
3351 795 3462 851 sibi
3511 813 3674 852 sum-

2026 882 2236 953 psisse,
2270 888 2558 953 quantum
2590 882 2735 939 satis
2768 887 2912 950 erat,
2946 889 3009 938 ut
3052 883 3124 939 ab
3176 883 3270 951 iis,
3313 884 3413 955 qui
3455 901 3582 940 sese
3613 886 3673 941 in

2024 970 2133 1027 hoc
2165 987 2374 1041 genere
2403 972 2803 1037 venditabant,
2836 972 3115 1043 exagitari
3146 990 3261 1027 non
3295 978 3514 1043 posset.

2166 1058 2356 1113 XLVI.
2387 1062 2752 1131 Praeceptor“
2782 1061 2978 1131 quibus
3016 1077 3147 1116 usus
3176 1070 3254 1117 est
3286 1062 3531 1117 Athenis.

2094 1146 2501 1219 Prmceptores,
2539 1147 2755 1219 quibus
2788 1164 2931 1203 usus
2977 1153 3066 1204 est
3095 1149 3337 1204 Athenis
3367 1148 3677 1220 Gregorius

2020 1236 2174 1308 apud
2198 1240 2282 1291 tot
2314 1236 2587 1293 homines
2609 1235 2864 1292 celebres
2894 1241 3078 1305 erant,
3104 1237 3257 1309 apud
3282 1239 3677 1309 quotAthenm

2022 1325 2181 1395 ipsae.
2234 1325 2300 1379 Hi
2356 1325 2514 1381 fuere
2566 1325 2857 1379 Himerius
2904 1328 2961 1379 et
3008 1326 3404 1383 Proeeresius:
3450 1311 3677 1399 primus

2022 1411 2256 1484 gentilis
2286 1417 2429 1482 erat,
2463 1413 2608 1469 alter
2635 1429 2767 1468 vero
2799 1412 3271 1484 Christianus.ls,
3304 1414 3378 1470 ob
3411 1415 3674 1471 discendi

2023 1500 2534 1572 copiam,primum
2558 1501 2618 1556 in
2651 1501 3033 1568 Gallias,inde
3058 1502 3302 1558 Romam
3335 1520 3368 1558 a
3387 1503 3674 1560 Constan-

2020 1590 2101 1645 tio
2133 1590 2374 1658 missus,
2427 1590 2545 1645 illic
2592 1607 2661 1646 ex
2708 1590 3219 1647 senatusconsulto
3276 1592 3527 1647 donatus
3584 1596 3674 1648 est

2020 1684 2215 1735 statua
2235 1680 2522 1749 ejusmodi
2553 1680 2934 1750 inscriptione
2964 1681 3304 1735 nobilitata:
3338 1697 3538 1736 REGINA
3562 1698 3663 1736 as-

2020 1784 2149 1823 RUM
2180 1785 2333 1824 noua
2365 1786 2498 1823 REGI
2524 1769 3319 1830 ELOQUENTIE.ChPlStl&DUID
3342 1769 3499 1824 hunc
3522 1769 3667 1825 dixi-

2017 1873 2173 1923 mus,
2203 1857 2490 1928 quidquid
2542 1857 2841 1929 scripserit
2886 1858 3208 1929 Eunapius,
3255 1858 3357 1929 qui
3406 1858 3562 1913 hunc
3605 1864 3671 1914 ut

2017 1945 2294 2015 gentilem
2328 1946 2440 2001 sibi
2464 1947 2736 2001 vindicat.
2761 1945 3107 2002 Proasresius
3136 1947 3293 2002 enim
3326 1946 3671 2003 Christianas

2018 2033 2284 2105 religioni
2326 2034 2409 2089 sic
2456 2035 2725 2090 addictus
2758 2036 2890 2106 fuit,
2928 2040 2993 2090 ut
3036 2053 3169 2091 cum
3199 2035 3493 2101 Julianus,
3545 2037 3671 2108 lege

2018 2122 2156 2177 data
2214 2140 2286 2177 ne
2336 2122 2650 2179 Christiani
2724 2122 3055 2179 liberalium
3124 2124 3342 2179 artium
3400 2125 3667 2180 doctores

2018 2215 2233 2279 essent,
2256 2211 2368 2282 ipsi
2392 2210 2753 2268 Christianos
2784 2212 2989 2268 docere
3019 2211 3670 2284 permisisset,scholam

2019 2303 2227 2370 sponte
2266 2299 2588 2355 deseruerit
2618 2315 2631 2355 :
2675 2300 2830 2372 quod
2864 2316 2932 2356 ex
2962 2300 3312 2373 Hieronymo
3360 2300 3669 2358 discimus.

2018 2389 2166 2454 Quin
2198 2390 2323 2461 ipse
2357 2391 2654 2461 Eunapius
2680 2391 2902 2457 scribit,
2956 2390 3337 2446 Proseresium
3382 2391 3672 2447 sententia

2014 2477 2233 2532 Juliani
2256 2496 2291 2533 a
2307 2478 2555 2534 lectione
2578 2484 2868 2535 remotum
2892 2480 3093 2535 fuisse.
3111 2488 3198 2535 An
3217 2496 3352 2536 vero
3371 2478 3665 2551 Julianus,

2016 2567 2381 2623 ethnicorum
2407 2568 2891 2640 philosOphorum
2914 2568 3409 2638 studiosissimus,
3433 2572 3666 2623 senten-

2017 2658 2098 2711 tia
2150 2674 2259 2711 sua
2315 2673 2348 2711 a
2403 2656 2649 2712 lectione
2704 2659 3045 2713 removisset
3093 2657 3491 2727 Prozeresium,
3551 2658 3665 2713 nisi

2015 2745 2406 2801 Christianam
2438 2746 2779 2816 religionem
2812 2745 3019 2801 fuisset
3048 2746 3345 2818 professus
3366 2746 3393 2801 ‘?

2243 2834 2459 2889 XLVII.
2493 2836 2567 2890 De
2592 2836 2813 2890 Iuliano
2841 2834 3085 2906 Gregorii
3114 2837 3433 2905 augurium.

2084 2923 2302 2978 Ilabuit
2316 2921 2561 2978 Athenis
2575 2923 2998 2995 Gregorium,in
3012 2927 3100 2979 ter
3121 2924 3449 2979 studiorum
3470 2923 3662 2980 socios

2011 3011 2311 3067 Julianum
2346 3015 2792 3082 exmquatorem,
2828 3028 3001 3083 quem
3037 3012 3092 3066 in
3143 3011 3401 3067 oratione
3434 3012 3665 3068 decima

2013 3116 2165 3155 nona
2198 3102 2277 3168 (η.
2313 3099 2378 3152 12
2409 3103 2464 3153 et
2512 3100 2597 3171 l6)
2628 3098 2980 3171 alloquitur;
3015 3098 3259 3155 alterum
3295 3099 3431 3154 item
3482 3099 3663 3155 Julia-

244 3205 457 3260 magna
488 3206 579 3244 res
614 3195 671 3244 et
701 3206 983 3261 magnum
1018 3206 1228 3245 nomen
1269 3196 1413 3258 erat,
1454 3193 1813 3249 Christianos
1847 3199 1902 3249 et
1931 3174 1972 3239 C
2012 3203 2153 3243 num
2179 3187 2347 3259 longe
2378 3187 2766 3243 famosiorem.
2796 3188 2844 3243 ls
2878 3192 2997 3243 erat
3028 3187 3320 3257 Julianus,
3340 3188 3664 3245 Constantii

242 3293 367 3332 esse
397 3284 452 3333 et
484 3278 843 3332 nominari...
884 3284 1088 3350 Atque,
1121 3284 1185 3333 ut
1215 3297 1334 3335 rem
1368 3281 1427 3335 in
1460 3298 1642 3353 pauca
1675 3286 1897 3337 contra-

236 3366 391 3432 ham,
426 3368 717 3438 pcstil‘crze
747 3368 984 3437 quidem
1022 3366 1173 3437 aliis,
1206 3370 1359 3439 quod
1398 3371 1462 3424 ad
1498 3370 1703 3425 animis
1743 3370 1899 3426 salu-

237 3460 345 3509 tem
375 3454 607 3519 attinet,
635 3456 872 3509 Athenae
905 3457 1289 3511 sunt...nobis
1321 3464 1513 3512 autem
1549 3458 1690 3513 nihil
1723 3459 1900 3514 detri-

244 3542 412 3597 menti
448 3544 521 3598 ab
555 3544 629 3597 iis
662 3544 905 3597 allatum
944 3549 1258 3616 est,utpote
1282 3546 1380 3618 qui
1409 3547 1605 3603 animo
1636 3565 1900 3605 commu-

246 3631 342 3685 niti
374 3638 431 3685 et
463 3632 695 3702 obsepti
728 3649 986 3687 eramus.
1022 3633 1170 3695 Quin
1206 3638 1400 3705 potius
1442 3635 1577 3690 hinc
1618 3638 1687 3690 ad
1723 3638 1897 3691 {idem

248 3721 567 3774 conﬁrmati
599 3739 882 3775 sumus.»
922 3723 1057 3776 Inde
1080 3725 1413 3793 contigit,ut
1431 3726 1730 3796 egregium
1754 3726 1900 3781 illud

249 3825 343 3877 par
372 3810 721 3879 amicorum,
757 3828 869 3865 non
904 3811 963 3864 in
1005 3812 1278 3867 universa
1308 3814 1523 3868 Graecia
1552 3814 1764 3883 solum,
1797 3817 1898 3871 sed

254 3904 395 3951 extra
423 3899 706 3953 Graeciam
740 3899 1169 3967 celebraretur;
1202 3908 1259 3955 et
1289 3918 1423 3956 cum
1454 3919 1654 3957 eorum
1689 3904 1901 3974 magis-

256 3985 313 4039 tri
344 3988 538 4042 fanam
572 3988 937 4042 Athenarum
972 3988 1490 4062 aquuarent,ipsi
1521 3992 1900 4064 quoque,ubi-

258 4089 473 4145 cunque
508 4076 626 4131 noti
659 4082 827 4131 erant
877 4076 1165 4147 magistri,
1216 4078 1270 4132 in
1307 4078 1612 4135 hominum
1640 4097 1737 4136 ore
1770 4099 1896 4137 ver-

256 4168 530 4231 terentur,
594 4169 649 4220 ct
698 4164 888 4221 Oresti
936 4182 1001 4220 ac
1053 4165 1233 4221 Piladi
1284 4167 1451 4240 longe
1509 4170 1580 4223 ab
1621 4171 1897 4226 omnibus

255 4254 670 4322 praeferrentur.

315 4343 604 4414 Quidquid
632 4348 907 4415 prmterea
932 4345 1000 4399 de
1024 4344 1238 4400 Basilio
1271 4345 1558 4417 privatum
1583 4348 1896 4419 Gregorius

247 4426 549 4487 honoriﬁce
572 4432 871 4503 prmdicat,
905 4434 975 4488 de
1008 4433 1135 4504 ipso
1167 4450 1398 4505 quoque
1424 4436 1697 4507 Gregorio
1730 4437 1895 4492 intel-

2008 3277 2253 3348 Augusti
2288 3293 2609 3345 successor,
2645 3294 2752 3332 sua
2784 3294 2815 3330 a
2867 3276 3142 3348 religione
3191 3277 3517 3333 Christiana
3560 3278 3663 3333 de-

2010 3366 2254 3420 fectione
2313 3366 2693 3435 notissimus,
2771 3366 3160 3438 omnibusque
3221 3379 3373 3422 retro
3430 3367 3661 3422 saeculis

2010 3455 2419 3509 exsecrandus.
2453 3460 2595 3508 Cum
2642 3454 2900 3509 Athenas
2951 3454 3207 3510 venisset
3253 3456 3407 3511 circa
3436 3472 3657 3511 annum

2009 3545 2116 3597 355
2148 3543 2429 3613 medium,
2466 3544 2563 3597 ubi
2600 3542 2853 3613 primum
2903 3560 3037 3598 cum
3087 3560 3152 3599 eo
3192 3560 3543 3615 congressus
3572 3547 3661 3599 est

2010 3632 2346 3704 Gregorius,
2378 3632 2678 3687 hominem
2711 3632 2869 3687 novit
2896 3650 2909 3700 ;
2940 3637 2997 3687 et
3026 3633 3311 3704 quidquid
3348 3639 3549 3705 postea
3577 3633 3662 3688 in-

2010 3721 2144 3776 felix
2173 3721 2572 3791 comprobavit
2597 3729 2837 3776 eventus
2864 3722 3156 3793 perspexit
3185 3728 3241 3777 et
3270 3720 3661 3793 prmnuutiare

2010 3828 2125 3866 non
2174 3810 2461 3865 dubitavit
2491 3809 2583 3865 his
2629 3810 2819 3865 verbis
2850 3810 2925 3881 (ὁ)
2975 3835 3003 3860 ιι
3054 3811 3231 3876 Quale
3260 3814 3656 3866 Romanorum

2009 3899 2165 3970 regio
2196 3897 2415 3953 malum
2450 3896 2588 3952 alit!
2640 3919 2667 3947 ››
2704 3897 2832 3953 Οἷον
2866 3896 3028 3950 κακὸν
3062 3897 3096 3966 ἡ
3130 3894 3413 3969 Ῥωμαίων
3471 3894 3655 3973 τρέφει

2007 3984 2193 4047 πόλις.

2211 4075 2445 4130 XLVlIl.
2482 4075 2739 4129 Raditum
2769 4077 2826 4129 in
2858 4076 3097 4144 patriam
3131 4074 3445 4130 meditatur.

2078 4171 2201 4220 Non
2226 4164 2322 4218 diu
2362 4168 2493 4235 post
2518 4162 2735 4218 Juliani
2768 4164 3105 4233 adventum,
3130 4163 3442 4235 Gregorius
3472 4167 3528 4218 et
3555 4163 3658 4219 Ba-

2005 4254 2198 4323 silius,
2233 4252 2402 4325 plena
2432 4253 2704 4308 doctrina:
2736 4253 3028 4308 mercibus
3084 4270 3247 4322 nave,
3298 4253 3551 4309 reditum
3594 4253 3655 4309 in

2004 4343 2275 4414 patriam,
2334 4348 2399 4395 ut
2453 4341 2665 4395 initum
2699 4341 3007 4397 sanctioris
3039 4341 3292 4396 instituti
3340 4341 3653 4397 consilium

2004 4430 2697 4506 perﬁciant,meditantur
2727 4430 2857 4501 (c).«
2890 4430 3102 4485 Aderat
3124 4432 3420 4487 discessus
3448 4431 3659 4495 dies,et

247 4515 531 4587 ligendum
568 4538 698 4575 esse
747 4522 970 4577 nemini
1005 4522 1271 4577 dubitare
1317 4524 1467 4593 licet,
1529 4526 1795 4595 quamvis
1836 4527 1891 4581 id
1928 4544 1970 4606 ι)
2005 4520 2290 4595 quidquid
2351 4520 2421 4574 ad
2454 4519 2782 4573 discessum
2832 4520 3177 4590 pertinebat,
3222 4525 3491 4574 extremm
3522 4518 3659 4574 allo-

252 4607 467 4663 sileniio
492 4611 905 4679 praetermittat
922 4611 1009 4664 vir
1025 4616 1140 4665 tam
1166 4614 1673 4684 modestus,ut(a)«
1693 4615 1892 4671 laudes

252 4710 378 4749 suas
413 4715 482 4751 ne
514 4702 585 4754 ab
619 4701 732 4753 alio
766 4700 1004 4771 quidem
1038 4717 1299 4770 unquam
1334 4703 1632 4773 praedicari
1670 4709 1891 4774 patere-

252 4790 395 4839 tur.»
427 4786 627 4841 Dicere
657 4805 794 4858 ergo
820 4789 1012 4851 liceat,
1037 4804 1169 4843 cum
1200 4789 1338 4843 Vitae
1370 4791 1556 4860 ipsius
1588 4793 1891 4863 scriptore,

253 4871 317 4925 de
346 4872 641 4944 Gregorio,
675 4876 834 4945 quod
866 4874 991 4944 ipse
1018 4875 1327 4945 Gregorius
1363 4884 1559 4931 noster
1589 4879 1659 4931 de
1682 4880 1893 4933 Basilio

250 4963 511 5032 scripsit;
574 4980 784 5034 nempe
836 4963 1181 5034 Gregorium
1232 4964 1324 5018 his
1372 4966 1679 5035 praeditum
1713 4969 1894 5023 l'uisse

253 5051 525 5117 moribus,
556 5054 658 5123 qui
690 5053 868 5107 etiam
920 5054 1048 5107 sine
1078 5052 1344 5107 doctrina
1380 5053 1616 5109 laudem
1647 5056 1896 5112 habuis-

253 5143 407 5206 sent;
440 5141 541 5195 scd
566 5143 637 5195 ad
662 5141 769 5197 hos
791 5158 987 5197 mores
1004 5145 1059 5196 et
1079 5142 1368 5213 egregiam
1395 5142 1648 5199 indolem
1673 5149 1892 5202 tantam

252 5229 560 5285 accessisse
592 5231 871 5286 doctrinas
903 5230 1157 5303 copiam,
1182 5234 1248 5286 ut
1280 5248 1448 5287 nemo
1481 5249 1613 5288 cum
1647 5250 1712 5290 en
1743 5251 1897 5292 com-

251 5320 537 5389 parandus
571 5325 748 5390 esset,
782 5321 905 5377 sive
936 5319 995 5375 in
1028 5319 1335 5389 rhetorica,
1369 5338 1496 5394 quis
1527 5321 1792 5396 linguam
1822 5326 1894 5383 ad

247 5409 617 5468 Gracismum
644 5411 883 5484 fornat,
914 5409 1223 5468 historiam
1248 5409 1489 5486 colligit,
1522 5413 1727 5471 metris
1756 5431 1898 5490 prae-

332 5557 388 5621 α)
419 5558 513 5612 Or.
550 5556 637 5622 43,
671 5574 730 5613 n.
764 5557 860 5611 22.

338 5625 386 5703 ὁ)
415 5626 511 5686 Or.
542 5629 596 5686 5.
625 5630 716 5686 2i.

516 5757 785 5825 Panos.
821 5757 939 5821 Gn.
983 5750 1227 5819 XXXV.

2001 4612 2288 4671 cutiones,
2312 4607 2769 4679 prosecutiones,
2794 4606 3655 4680 revocationes,gemitus,com-

2001 4700 2227 4771 plexus,
2275 4696 2563 4767 laerymaa.
2616 4714 2643 4746 ιι
2696 4696 2845 4751 Tum
2920 4712 3019 4751 eos
3093 4697 3435 4752 circumstat
3483 4696 3654 4751 soda-

2003 4790 2147 4844 lium
2179 4787 2277 4857 (ἀ),
2332 4784 2669 4855 aequalium,
2718 4802 2785 4839 ac
2836 4786 3250 4857 magistrorum
3296 4784 3473 4840 etiam
3507 4802 3654 4839 non-

2003 4875 2297 4930 nullorum
2330 4874 2561 4927 chorus:
2595 4876 2807 4942 negant
2830 4889 2889 4927 se
2908 4873 2991 4927 eis
3015 4873 3266 4927 abeundi
3298 4874 3649 4942 potestatem

2002 4966 2256 5020 facturos
2283 4980 2296 5030 ;
2329 4962 2659 5024 obsecrant,
2693 4961 2804 5014 vim
2841 4962 3081 5028 faciunt,
3108 4961 3435 5030 hortantur,
3469 4975 3647 5031 spon-

2003 5056 2142 5111 dent
2164 5069 2225 5108 se
2246 5049 2486 5107 calculis
2502 5048 2626 5105 suis
2640 5050 2880 5105 daturos
2901 5049 3241 5122 eloquentia)
3260 5048 3655 5121 principatum

2004 5143 2280 5216 Gregorio
2315 5158 2327 5196 :
2365 5138 2509 5195 nihil
2544 5156 2658 5193 non
2689 5139 2951 5194 efficiunt
2994 5142 3056 5193 ut
3095 5138 3347 5193 reditum
3379 5136 3656 5192 interclu-

2004 5236 2166 5291 dant.
2214 5228 2423 5286 Omnia
2470 5228 2795 5301 perrumpit
2837 5227 3127 5295 Basilius;
3171 5226 3271 5281 sed
3320 5226 3655 5299 Gregorius,

2004 5321 2219 5399 partim
2270 5318 2595 5377 amicorum
2644 5317 2917 5390 precibus
2965 5315 3286 5387 emollitus,
3330 5314 3544 5389 partim
3584 5315 3656 5372 ab

2003 5413 2132 5488 ipso
2164 5408 2376 5467 Basilio
2404 5407 2695 5481 proditus,
2730 5406 2814 5463 sic
2845 5405 2998 5462 enim
3031 5406 3154 5479 ipse
3186 5403 3469 5462 Basilium
3498 5404 3661 5461 incu-

2078 5552 2148 5621 (ο)
2178 5552 2273 5608 Or.
2306 5550 2394 5618 «i3,
2419 5566 2481 5616 ιι,
2513 5550 2610 5605 24.

2078 5559 2127 5621 (c
2178 5552 2273 5608 Or.
2306 5552 2394 5618 «t3,
2419 5566 2481 5616 ιι,
2513 5552 2610 5605 24.

2077 5552 2155 5704 (ἀὲ
2183 5625 2375 5683 Carm.
2409 5625 2489 5681 De
2516 5624 2625 5681 vita
2656 5637 2780 5695 sua,
2812 5638 2868 5680 v.
2898 5621 3005 5679 248
3035 5624 3094 5681 et
3121 5637 3246 5697 seq.

3324 5753 3363 5831 6
