4096 6288
424 366 533 423 171

1763 360 1945 420 VITA
1997 360 2059 419 S.
2109 357 2505 418 GllEthﬂll.

3709 358 3816 420 1⁸72

420 500 532 564 sat,
562 496 749 551 victus
781 498 894 561 est,
915 498 972 551 et
1001 494 1221 550 invitus
1252 494 1497 551 Athenis
1529 493 1829 549 remansit.
1852 493 2063 548 Verum
2099 494 2154 557 Α
2183 496 2417 546 cturum
2449 507 2541 545 me
2590 505 2921 561 receperam
2954 495 3017 546 ut
3048 495 3241 547 tecum
3273 490 3404 547 vitae
3453 493 3817 548 consuetudi-

420 600 551 640 cum
576 584 676 639 diu
700 585 771 639 ab
795 585 1001 639 animis
1028 601 1147 640 suae
1170 584 1412 639 dimidio
1432 584 1686 655 separari
1707 598 1855 655 aegre
1873 582 2067 647 ferret,

420 678 478 730 et
508 676 786 744 praeterea
816 673 1019 743 patriae
1066 678 1493 745 parentumque
1524 672 1811 728 desiderio
1842 674 2071 726 tenere-

418 768 534 826 tur,
558 761 733 832 paulo
765 766 897 833 post
928 762 1130 817 furtim
1155 779 1217 817 se
1237 762 1519 817 subduxit
1548 767 1605 817 et
1624 762 1694 816 ad
1728 778 1865 816 suos
1887 776 2071 814 rever-

417 867 521 905 sus
553 854 659 905 est.
695 873 721 899 ‹‹
756 850 870 905 Nec
912 854 1107 905 tamen
1142 850 1200 905 in
1246 850 1507 920 longum,
1542 850 1733 920 inquit
1781 850 1879 921 (a),
1924 847 2067 902 mihi

416 939 699 1011 producta
746 944 835 994 est
882 939 1002 994 haec
1046 938 1445 995 calamitas...
1480 940 1589 995 Sed
1623 956 1737 994 non
1772 939 1850 993 ita
1883 936 2068 992 multo

414 1033 675 1098 tempore
723 1027 969 1083 Athenis
1019 1032 1220 1099 postea
1269 1033 1687 1096 commoratus,
1739 1027 1896 1081 velut
1951 1043 2066 1098 pres

416 1115 597 1171 animi
629 1116 918 1172 desiderio
950 1134 1169 1188 equum
1200 1117 1367 1172 illum
1424 1117 1796 1173 Homericum
1844 1116 2063 1185 imitor,

415 1204 835 1277 perfractisque
863 1222 1088 1275 eorum,
1122 1223 1156 1262 a
1185 1207 1402 1278 quibus
1452 1206 1762 1271 retinebar,
1792 1204 2061 1271 vinculis,

413 1308 653 1366 campos
685 1293 933 1365 pedibus
978 1295 1169 1365 pulso,
1206 1301 1381 1367 atque
1431 1296 1503 1350 ad
1553 1294 1815 1351 sodalem
1863 1310 2063 1349 meum

414 1381 636 1455 impetu
684 1384 855 1440 feror.
899 1402 926 1435 ι
984 1383 1046 1440 Id
1086 1384 1328 1458 contigit
1376 1400 1527 1440 anno
1579 1385 1707 1453 356,
1739 1392 1836 1441 aut
1867 1384 2063 1441 forsan

398 1460 652 1527 ineunte
676 1472 800 1527 357.

411 1557 605 1615 XLIV.
635 1560 713 1616 Ad
740 1570 994 1630 parentes
1024 1578 1149 1618 cum
1188 1564 1364 1634 fratre
1412 1563 1650 1619 Caesarie
1696 1564 1865 1619 simul
1894 1561 2060 1617 redit.

484 1647 797 1722 Digressus
843 1650 1088 1707 Athenis
1136 1651 1447 1723 Gregorius
1497 1651 2060 1723 Constantinopolim

412 1740 568 1793 terra
598 1739 802 1810 petiit;
837 1756 1014 1811 quam
1046 1739 1105 1795 in
1139 1740 1343 1795 urbem
1376 1740 1661 1796 Caesarius
1709 1741 1835 1810 ejus
1887 1741 2065 1795 frater

411 1826 760 1882 Alexandria
790 1829 1105 1900 profectus,
1128 1830 1330 1884 eodem
1356 1836 1616 1901 tempore
1647 1829 2059 1900 appulit.Quod

413 1916 653 1987 quidem
681 1917 995 1989 Gregorius
1026 1934 1142 1973 non
1174 1922 1391 1973 temere
1424 1935 1490 1973 ac
1518 1919 1774 1985 fortuito,
1809 1919 1909 1973 sed
1951 1918 2067 1973 sin-

412 2003 605 2075 gulari
637 2005 739 2060 Dei
772 2006 1478 2077 providentia,parentum
1509 2009 1659 2062 votis
1682 2009 2065 2073 favente,con-

411 2092 616 2163 tigisse
647 2094 921 2150 observat
952 2093 1052 2166 (b).
1080 2118 1109 2144 ‹‹
1142 2095 1245 2149 Pia
1277 2112 1531 2166 namque
1561 2103 1767 2165 mater,
1800 2102 2062 2159 materno

413 2182 672 2252 quodam
703 2186 857 2253 voto,
889 2188 1066 2255 atque
1098 2184 1318 2240 amoris
1367 2201 1504 2256 ergo
1547 2184 1700 2240 ﬁlios
1730 2184 1920 2255 pleno,
1954 2184 2063 2240 hoc

410 2271 671 2342 optabat,
724 2273 1221 2344 quemadmodum
1273 2274 1478 2329 ambos
1538 2275 1735 2329 eodem
1802 2279 2061 2346 tempore

410 2359 704 2432 emiserat,
737 2361 821 2417 sic
853 2362 1057 2417 ambos
1104 2379 1338 2434 quoque
1369 2363 1545 2419 simul
1592 2363 1901 2417 redeuntes
1932 2379 2059 2417 cer-

410 2453 595 2503 neret.
622 2471 649 2497 ››
683 2449 885 2520 Itaque
916 2451 1224 2517 Caesarius,
1250 2451 1461 2523 spretis
1492 2451 1814 2506 honoribus
1844 2451 2059 2521 quibus

411 2536 681 2609 princeps
730 2537 932 2593 civitas
974 2539 1218 2610 ipseque
1266 2540 1582 2611 imperator
1626 2557 1761 2595 eum
1810 2540 2059 2595 retinere

410 2625 772 2696 nitebantur,
793 2627 1091 2698 proposito
1124 2627 1304 2683 nobili
1337 2628 1714 2684 matrimonio
1746 2628 2058 2700 oblataque

410 2714 702 2770 senatoria
731 2715 1273 2787 dignitate,itineris
1294 2718 1518 2772 socium
1552 2733 1617 2771 ac
1647 2718 1918 2772 comitem
1940 2717 2055 2772 fra-

408 2803 483 2858 tri
514 2819 576 2858 se
620 2804 906 2875 adjunxit,
958 2809 1133 2875 atque
1184 2805 1266 2860 ita
1313 2807 1385 2860 ad
1433 2810 1736 2876 paternam
1787 2807 2053 2878 domum,

410 2893 565 2948 unde
594 2892 773 2948 simul
804 2893 1006 2949 emissi
1039 2896 1291 2965 fuerant,
1324 2893 1500 2949 simul
1534 2894 1775 2951 rediere.

409 3018 471 3073 L.
510 3017 592 3073 LI.
629 3021 861 3088 Rogatus
889 3035 922 3073 a
963 3018 1289 3089 parentibus
1331 3027 1382 3073 et
1428 3019 1663 3087 civibus,
1698 3019 1898 3075 mundo
1947 3021 2057 3076 ali-

514 3092 807 3145 uantutum
836 3093 1097 3161 temporis
1130 3091 1415 3161 impendit.
1436 3093 1622 3146 Pietas
1643 3106 1775 3161 erga
1799 3098 2053 3158 parentes

514 3107 807 3145 uammum
836 3107 1097 3158 temporis
1130 3107 1415 3161 impendit.
1436 3107 1622 3146 melas
1643 3107 1775 3161 erga
1799 3107 2051 3158 parentes

476 3107 629 3216 ἔστιιί
656 3164 849 3217 retinet
883 3160 1226 3232 Gregorium,
1260 3163 1444 3233 ibique
1482 3166 1842 3218 monasticam
1880 3166 2051 3219 vitam

475 3233 615 3301 agit.

478 3337 680 3391 Redux
710 3337 768 3392 in
799 3338 1048 3408 patriam
1079 3338 1484 3410 Gregorius,ut
1504 3339 1757 3395 Basilius
1778 3340 1835 3395 in
1856 3358 2046 3410 suam,

405 3426 627 3480 mundo
654 3431 710 3481 et
738 3443 922 3481 scenas
961 3425 1395 3498 aliquantulum
1426 3428 1706 3499 temporis
1736 3429 2045 3500 impendit,

406 3514 677 3585 quamvis
710 3516 781 3568 ab
814 3515 1135 3569 ambitione
1160 3518 1217 3569 et
1245 3515 1526 3570 theatrica
1550 3516 1767 3586 ingenii
1790 3523 2048 3572 ostenta-

405 3602 563 3658 tione
584 3618 761 3672 quam
784 3600 1035 3656 maxime
1058 3601 1394 3656 abhorreret
1418 3619 1432 3669 ;
1459 3603 1557 3656 sed
1582 3602 1805 3657 civibus
1827 3610 1885 3658 et
1908 3605 2049 3658 ami-

408 3691 493 3746 cis
520 3692 958 3762 rogantibus,ut
974 3695 1365 3762 comportatas
1389 3691 1462 3744 ab
1479 3691 1692 3746 exteris
1710 3692 2048 3764 regionibus

400 3797 539 3852 opes
572 3784 884 3851 promeret,
910 3779 1128 3852 ingenii
1159 3778 1251 3835 sui
1283 3779 1603 3850 specimina
1624 3780 1909 3853 denegare
1933 3800 2047 3837 non

394 3868 563 3925 licuit
588 3888 601 3936 ;
634 3874 711 3937 et,
747 3876 813 3924 ut
842 3868 1032 3942 ipsius
1061 3870 1253 3924 verbis
1285 3874 1417 3923 utar
1445 3871 1537 3939 (ε),
1580 3870 1772 3924 amicis
1801 3872 2042 3940 saltavit,

391 3962 509 4017 τοῖς
557 3954 740 4032 φίλοις
782 3955 1145 4033 ὠρχησάμην.
1197 3957 1571 4029 Propositum
1623 3975 1877 4029 namque
1932 3960 2045 4031 ipsi

393 4050 517 4103 erat
546 4048 617 4101 ab
664 4047 849 4115 initio,
887 4049 1160 4119 projectis
1204 4046 1499 4114 omnibus,
1534 4048 1706 4102 etiam
1760 4048 2043 4103 facundiae

392 4133 715 4203 laboribus,
740 4135 841 4191 uni
866 4135 1249 4207 philosophiae
1280 4153 1515 4207 operam
1548 4136 1705 4203 dare,
1735 4152 1833 4191 seu
1862 4136 2042 4191 vitam

394 4225 780 4278 monasticam
826 4223 1119 4295 amplecti.
1172 4224 1231 4278 Si
1284 4224 1495 4277 Ruﬁno
1555 4224 1630 4293 (ά)
1662 4226 2042 4297 credendum,

395 4310 696 4366 rhetorica:
772 4328 989 4366 munus
1071 4312 1380 4383 magniﬁce
1437 4312 1688 4367 Basilius
1766 4315 2040 4383 exercuit,

392 4398 706 4471 Gregorius
748 4416 880 4454 vero
913 4401 1380 4471 magniﬁcentius
1421 4401 1793 4472 contempsit.
1829 4402 2042 4458 Basilio

391 4488 591 4559 etiam,
648 4504 784 4543 cum
831 4487 1071 4542 Athenis
1118 4493 1510 4556 versarentur,
1557 4490 1927 4563 promiserat,
1979 4507 2041 4548 se

2180 596 2315 635 nem
2348 578 2645 644 haberem,
2680 580 2976 650 simulque
3008 579 3471 651 philosopharer.
3501 580 3701 636 Fidem
3729 599 3820 637 au-

2180 672 2297 723 tem
2331 668 2524 734 fefelli,
2560 669 2713 724 haud
2748 675 2955 740 sponte
3000 686 3065 723 ac
3096 669 3345 724 libenter
3379 688 3391 725 :
3425 686 3626 724 verum
3673 672 3817 742 quod

2178 756 2266 812 lex
2302 758 2485 829 legem
2517 760 2831 829 superarit,
2855 775 2922 813 ea
2945 757 3247 824 nimirum,
3277 776 3404 829 quas
3438 763 3705 829 parentes
3728 778 3816 817 co-

2178 845 2710 917 lerejubet,legem
2744 846 3069 901 sodalitatis
3102 863 3166 901 ac
3197 846 3634 903 familiaritatis.
3674 872 3692 896 ιι
3732 851 3817 904 ln-

2176 939 2332 989 terea
2358 939 2555 989 tamen
2596 935 2932 1006 Gregorius,
2966 941 3250 1005 quantum
3290 935 3399 1005 ipsi
3450 935 3633 1004 licuit,
3668 939 3816 1009 quod

2176 1022 2291 1077 Deo
2324 1026 2690 1094 promiserat,
2724 1023 2853 1078 vitae
2886 1040 3068 1093 genus
3122 1028 3211 1079 est
3262 1030 3540 1093 secutus;
3574 1043 3817 1097 cumque

2176 1110 2289 1182 ipsi
2323 1112 2381 1165 in
2410 1112 2789 1167 solitudinem
2813 1129 2941 1167 sese
2975 1113 3288 1184 recipiendi
3321 1113 3567 1169 facultas
3589 1132 3705 1170 non
3727 1115 3821 1171 da-

2174 1204 2355 1269 retur,
2390 1201 2463 1256 ah
2494 1201 2668 1257 amici
2715 1201 3005 1258 consortio
3053 1202 3385 1259 abstractus
3441 1203 3526 1259 sic
3557 1204 3729 1260 vitam
3758 1204 3818 1260 in

2178 1290 2438 1362 paternis
2472 1291 2696 1347 aedibus
2721 1291 2995 1360 instituit,
3020 1297 3082 1347 ut
3115 1292 3306 1348 media
3335 1292 3592 1363 quadam
3625 1293 3819 1349 viain-

2174 1379 2410 1448 cedens,
2444 1397 2578 1435 cum
2611 1380 2825 1435 actioni
2872 1385 2999 1435 tum
3053 1380 3531 1451 contemplationi
3569 1387 3817 1439 vacaret.

2174 1469 2398 1540 Quippe
2430 1469 2626 1524 media
2654 1468 2778 1525 hac
2827 1468 2939 1539 via,
2974 1469 3206 1525 tametsi
3254 1468 3399 1525 illud
3454 1470 3581 1526 vita
3632 1487 3817 1543 genus

2173 1573 2288 1613 non
2320 1562 2490 1621 esset,
2524 1559 2674 1629 quod
2712 1575 2773 1613 se
2804 1559 2858 1612 in
2894 1557 3212 1614 solitudine
3243 1575 3373 1614 curn
3408 1559 3620 1616 Basilio
3653 1566 3816 1616 actu-

2172 1663 2302 1701 rum
2335 1647 2706 1718 promiserat,
2730 1648 2974 1702 minime
3002 1653 3198 1703 tamen
3232 1664 3263 1701 a
3293 1650 3605 1719 propositae
3639 1650 3817 1722 philo.

2171 1735 2387 1805 sophia:
2418 1752 2594 1808 scopo
2627 1735 2816 1791 aliena
2844 1741 2987 1791 erat.
3024 1741 3145 1793 Imo
3175 1738 3293 1792 vita
3335 1737 3467 1809 ipsa
3496 1740 3819 1795 monastica

2118 1829 2312 1930 Berat.
2348 1825 2397 1879 si
2432 1827 2628 1880 minus
2659 1842 2898 1896 corpore
2920 1826 2981 1879 in
3003 1827 3233 1881 deserto
3250 1832 3307 1881 et
3323 1826 3639 1882 solitudine
3668 1835 3819 1896 acta,

2173 1912 2378 1967 saltem
2411 1920 2604 1969 mente
2633 1918 2691 1969 et
2724 1915 3006 1969 moribus.
3046 1937 3067 1963 ο
3102 1915 3329 1969 Merum
3369 1916 3527 1971 enim
3576 1924 3664 1971 est
3701 1918 3822 1972 vita

2173 2002 2517 2065 monastica,
2559 2018 2673 2056 non
2707 2018 3040 2074 corporum,
3078 2026 3099 2052 ι
3132 2008 3197 2058 ut
3230 2005 3352 2075 ipse
3383 2004 3695 2076 Gregorius
3728 2007 3821 2062 his

2170 2090 2361 2144 verbis
2393 2095 2642 2145 testatur
2672 2091 2760 2162 (Γ),
2802 2091 2899 2146 ubi
2928 2091 3080 2147 viam
3116 2092 3278 2147 illam
3320 2093 3570 2149 mediam
3602 2095 3821 2150 descri-

2171 2178 2258 2232 bit
2287 2197 2300 2234 :
2334 2176 2557 2249 Τρόπων
2591 2178 2693 2253 γὰρ
2728 2178 2857 2232 εἶναι
2888 2180 2986 2246 τὴν
3023 2200 3062 2251 μ
3090 2181 3239 2249 ονήν,
3291 2180 3352 2233 οὗ
3386 2180 3671 2253 σωμάτων.
3722 2184 3822 2240 Sic

2170 2266 2343 2321 etiam
2378 2267 2754 2336 Sozomenus,
2788 2265 3238 2344 φιλοσοφοῦντας,
3276 2270 3594 2327 monachos
3628 2272 3825 2344 appel-

2169 2354 2251 2409 lat
2273 2372 2384 2410 non
2409 2360 2638 2410 tantum
2658 2373 2755 2412 eos
2774 2379 2802 2406 ‹‹
2823 2357 2923 2429 qui
2954 2358 3013 2412 in
3047 2357 3362 2414 solitudine
3384 2359 3761 2431 delituerunt,
3788 2384 3819 2413 ››

2164 2460 2367 2498 verum
2398 2445 2574 2499 etiam
2609 2462 2728 2511 eos,
2763 2468 2791 2495 «
2825 2446 2946 2517 qui,
2978 2446 3113 2501 licet
3162 2447 3222 2501 in
3274 2447 3467 2502 media
3510 2449 3818 2507 civitatum

2165 2534 2355 2598 turba,
2386 2533 2634 2588 vixerint
2662 2533 2805 2589 viles
2838 2539 2896 2589 et
2923 2536 3157 2604 abjecti,
3192 2552 3296 2591 nec
3327 2554 3360 2591 a
3386 2538 3563 2608 vulgo
3608 2538 3820 2595 ullate-

2166 2638 2278 2677 nus
2320 2622 2719 2693 discrepantes
2749 2624 2845 2695 (g).
2869 2624 3089 2679 Verum
3123 2625 3299 2694 igitur
3325 2627 3597 2681 monachi
3630 2626 3817 2685 vitam

2164 2709 2222 2764 in
2254 2710 2427 2766 domo
2459 2717 2718 2782 paterna,
2753 2714 3013 2767 nondum
3065 2713 3122 2767 in
3175 2729 3388 2781 eremo,
3431 2716 3640 2786 agebat
3670 2717 3818 2773 Gre-

2162 2800 2401 2870 gorius;
2434 2816 2680 2871 vereque
2731 2803 3074 2869 monachus,
3111 2820 3226 2857 non
3270 2819 3529 2875 corpore,
3564 2807 3662 2860 sed
3696 2807 3821 2863 vita

2166 2894 2222 2944 et
2250 2890 2514 2945 moribus
2548 2890 2675 2945 fuit.

2169 3050 2289 3104 Lll.
2330 3051 2502 3106 Vitam
2535 3051 2890 3106 monasticam
2909 3067 2963 3133 se
2990 3052 3579 3133 amptexurum,etiam
3607 3066 3727 3112 volo
3757 3074 3822 3115 se

2794 3130 3165 3179 astrinxerat.

2080 3228 2123 3293 C
2237 3246 2378 3311 Quis
2407 3245 2700 3300 enimvero
2733 3246 2923 3317 plura,
2958 3263 3133 3318 quam
3167 3264 3296 3320 quae
3329 3250 3635 3321 praeestitit
3665 3252 3816 3309 Gre-

2158 3334 2381 3405 gorius,
2417 3335 2672 3405 requirat
2702 3339 2767 3389 ut
2796 3336 2930 3406 quis
2972 3337 3149 3391 vitam
3184 3339 3567 3394 monasticam
3611 3342 3816 3411 egisse

2156 3423 2444 3486 credatur,
2476 3428 2534 3477 et
2567 3423 2890 3478 monachus
2922 3424 3348 3482 existimandus
3378 3429 3474 3496 sit,
3513 3446 3579 3483 eo
3613 3432 3816 3486 maxi-

2157 3528 2250 3565 me
2279 3516 2538 3582 tempsre
2570 3528 2684 3582 quo
2716 3512 2976 3567 nondum
3001 3518 3124 3568 erat
3171 3515 3229 3568 in
3255 3533 3363 3571 usu
3397 3516 3680 3574 solemnis
3706 3538 3813 3577 vo-

2155 3603 2347 3654 torum
2382 3600 2496 3654 Deo
2530 3602 2889 3671 nuncupatio
2910 3601 2937 3655 ?
2969 3602 3087 3657 Sua
3116 3621 3251 3658 eum
3287 3610 3470 3661 mater
3502 3607 3616 3662 Deo
3647 3610 3813 3666 dica-

2154 3689 2257 3755 vit,
2281 3706 2315 3743 a
2344 3704 2459 3758 quo
2492 3695 2829 3760 acceperat;
2864 3707 3227 3763 quaecunque
3250 3699 3437 3749 mater
3466 3697 3656 3751 fuerat
3683 3699 3812 3770 pol-

2154 3776 2333 3843 licita,
2368 3777 2681 3849 Gregorius
2732 3788 2857 3833 rata
2901 3779 3124 3836 habuit.
3179 3783 3308 3853 Ipse
3357 3801 3470 3839 non
3521 3787 3701 3841 semel
3742 3805 3816 3845 se

2153 3865 2269 3920 Deo
2299 3865 2512 3920 obtulit
2542 3872 2598 3921 et
2626 3867 2882 3934 addixit;
2939 3868 3115 3924 vitam
3151 3872 3533 3928 monasticam
3575 3876 3818 3946 ample-

2151 3971 2362 4008 xurum
2395 3954 2569 4009 etiam
2604 3960 2732 4009 voto
2760 3972 2823 4011 se
2845 3957 3135 4029 astrinxit,
3157 3975 3289 4014 cum
3323 3966 3822 4034 tempestatejac-

2152 4048 2311 4098 tatus
2344 4044 2399 4096 in
2435 4042 2712 4113 periculo,
2761 4045 2914 4115 quod
2951 4047 3220 4116 precibus
3248 4054 3303 4103 et
3331 4058 3461 4104 voto
3498 4052 3817 4121 prepulsa-

2151 4133 2251 4195 vit,
2283 4136 2630 4187 versaretur.
2668 4132 2958 4188 Promissa
2991 4134 3236 4190 fideliter
3265 4137 3501 4207 perfecit
3534 4139 3631 4211 (ἡ).
3667 4140 3817 4196 Om-

2152 4222 2267 4286 nia,
2292 4221 2469 4275 etiam
2504 4222 2787 4275 facundiae
2819 4222 3069 4289 labores,
3096 4228 3445 4295 contempsit
3479 4245 3593 4283 non
3627 4244 3815 4287 secus

2151 4325 2216 4363 ac
2248 4309 2332 4363 illi
2360 4310 2474 4364 duo
2504 4310 2859 4381 philosophi,
2885 4328 3135 4383 quorum
3160 4314 3307 4369 alter
3328 4318 3542 4386 praedia
3567 4335 3673 4372 sua
3704 4320 3818 4374 de-

2151 4396 2408 4469 reliquit,
2434 4398 2580 4453 alter
2609 4399 2918 4454 collectum
2942 4418 3011 4455 ex
3031 4404 3281 4459 venditis
3308 4406 3463 4477 agris
3488 4413 3812 4477 argentum

2150 4487 2209 4541 in
2243 4503 2401 4542 mare
2447 4488 2688 4558 projecit
2735 4489 2821 4560 (τ’).
2876 4489 3122 4546 Missum
3170 4492 3280 4547 fuit
3328 4494 3813 4567 matrimonium,

390 4593 525 4633 eum
548 4594 615 4632 eo
637 4577 695 4631 in
718 4577 983 4632 eamdem
1011 4576 1388 4633 solitudinem
1421 4581 2037 4636 recessurum.Verum
2068 4597 2115 4661 D
2149 4575 2477 4631 castitatem
2510 4577 2684 4643 vovit,
2720 4593 2898 4648 quam
2928 4580 3200 4651 amplecti
3235 4584 3414 4638 ﬁxum
3447 4585 3556 4656 ipsi
3591 4586 3812 4643 immo-

386 4666 447 4721 in
478 4666 632 4721 azdes
666 4670 937 4738 paternas
985 4682 1280 4721 reversum
1312 4671 1451 4722 astas
1494 4667 1696 4723 senilis
1728 4674 2036 4740 parentum

386 4755 545 4811 domi
580 4771 811 4811 manere
858 4754 1161 4825 compulit,
1198 4760 1261 4809 ut
1289 4772 1489 4810 eorum
1536 4773 1737 4811 curam
1772 4757 2032 4830 haberet,

386 4846 704 4916 datamque
734 4844 921 4899 amico
963 4843 1132 4897 ﬁdem
1186 4842 1390 4899 debitas
1440 4845 1784 4915 parentibus
1833 4846 2035 4917 pietati

385 4934 735 5006 posthaberc
764 4934 970 5004 coegit.
1010 4954 1037 4981 «
1072 4932 1381 4988 Promissis
1414 4950 1527 4988 non
1577 4934 1732 5003 steti,
1769 4935 1966 5001 lateor,
2000 4958 2028 4986 »ι

385 5022 580 5094 inquit
605 5022 855 5095 querelis
879 5022 1076 5076 Basilii
1104 5022 1462 5091 respondens
1482 5023 1551 5092 (ε)
1578 5040 1591 5077 :
1623 5044 1644 5073 ι
1677 5024 2031 5094 quippejam

384 5111 522 5167 inde
539 5113 611 5166 ab
628 5111 868 5167 Athenis
889 5112 1170 5182 illiusque
1214 5111 1323 5164 loci
1347 5111 1607 5165 amicitia
1624 5117 1679 5166 et
1700 5114 2030 5168 animorum

385 5201 744 5259 connexione
774 5206 903 5272 (nec
952 5200 1109 5257 enim
1140 5199 1335 5271 aptius
1365 5200 1605 5255 verbum
1637 5202 1912 5273 occurrit)
1946 5202 2028 5258 fa-

475 5398 531 5469 a)
568 5396 771 5469 oms,
805 5415 863 5455 ιι.
898 5399 991 5455 24.

481 5469 531 5541 b)
562 5469 657 5524 0r.
690 5471 744 5541 7,
778 5487 835 5525 ιι.
872 5472 925 5526 8.

453 5540 525 5614 (ε)
555 5540 855 5614 (ιω-ωερε
876 5544 995 5599 vita
1021 5558 1142 5614 sua,
1172 5557 1228 5603 v.
1259 5540 1385 5614 274.

454 5612 533 5684 (d)
560 5613 723 5682 ΗΒΑ,
753 5612 856 5668 lib.
887 5630 951 5683 ιι,
983 5630 1033 5672 c.
1065 5612 1139 5674 9.
1376 5612 1388 5618 ”

451 5685 523 5766 (ο)
552 5684 739 5760 Epist.
767 5684 839 5744 al.
868 5685 924 5747 5.

2145 4670 2389 4736 tumque
2420 4682 2651 4736 semper
2679 4666 2788 4721 fuit
2820 4685 2832 4722 :
2868 4665 3043 4721 Πάλαι
3078 4665 3406 4743 δεδογμένον
3443 4673 3492 4726 τ’
3521 4673 3588 4741 ἦν
3611 4694 3633 4739 ,-
3666 4692 3810 4732 om-

2145 4753 2321 4808 nibus
2350 4775 2377 4801 «
2413 4752 2625 4808 Caetera
2656 4755 2912 4825 quidem,
2946 4756 3139 4828 inquit
3163 4760 3249 4830 (j),
3276 4761 3553 4817 mandato
3586 4769 3641 4817 et
3665 4764 3811 4836 Spi-

2143 4840 2279 4895 ritui
2312 4841 2556 4912 reliqui;
2590 4860 2655 4898 ac
2688 4846 3001 4915 pretiosam
3028 4849 3403 4919 margaritam
3437 4868 3574 4907 cum
3606 4854 3814 4910 omni-

2142 4930 2255 4985 bus
2286 4930 2378 5000 iis,
2408 4947 2532 5001 qua:
2563 4933 2855 5001 quondam
2899 4933 3207 5003 habebam,
3242 4941 3637 5009 commutavi;
3673 4944 3813 4999 fac-

2140 5022 2354 5089 tusque
2386 5036 2541 5085 sum,
2583 5027 2705 5086 aut,
2739 5028 2802 5076 ut
2832 5023 3044 5077 rectius
3077 5023 3304 5096 loquar,
3338 5028 3461 5083 ﬁeri
3495 5035 3631 5101 opto
3665 5049 3813 5091 ma-

2140 5123 2289 5178 gnus
2316 5107 2415 5162 ille
2446 5109 2786 5179 negotiator,
2838 5111 2936 5182 qui
2968 5112 3194 5183 exiguis
3242 5115 3417 5171 rebus
3455 5121 3631 5190 atque
3662 5137 3814 5179 om-

2140 5195 2278 5251 nino
2309 5197 2587 5269 perituris
2613 5213 2829 5271 magna
2856 5205 2912 5255 et
2942 5208 3157 5258 aeterna
3189 5204 3349 5261 emit.
3386 5228 3414 5258 ››

2229 5396 2277 5466 f)
2306 5395 2496 5451 Carm.
2525 5395 2608 5467 De,
2624 5398 2741 5451 vita
2767 5413 2887 5463 sua,
2918 5414 2975 5467 v,
3007 5399 3134 5456 329.

2228 5468 2282 5538 g)
2315 5467 2574 5542 S_ozom.,_
2596 5466 2636 5522 Ι.
2670 5486 2756 5535 ιιι,
2788 5486 2837 5525 c.
2873 5466 2965 5536 t7,
2991 5487 3049 5542 p.
3082 5470 3208 5530 528.

2232 5541 2286 5617 ti)
2306 5538 2505 5617 Germ.
2539 5539 2617 5617 De
2634 5542 2753 5617 pitu
2778 5558 2904 5617 sua,
2934 5538 3147 5604 “'272.

2230 5610 2271 5681 ἰ)
2300 5610 2472 5681 lbid.,
2503 5628 2557 5666 ν.
2588 5612 2713 5669 283.

2224 5680 2275 5759 f)
2304 5680 2399 5742 Or.
2431 5682 2487 5759 6,
2520 5699 2579 5743 ιι.
2609 5684 2666 5746 5.
