4096 6288
266 398 371 456 173

309 528 445 584 LIII.
473 529 765 598 Baptisma
791 528 1050 599 suscipit.
1084 532 1200 598 Quo
1222 538 1457 601 tempore
1479 545 1590 586 non
1616 538 1845 586 constat.

323 636 462 690 Tam
494 635 825 706 perfectum
846 635 981 690 vitae
1011 651 1195 707 genus
1224 636 1382 691 haud
1403 636 1580 692 dubie
1599 652 1911 708 aggressus

264 730 342 780 est
368 724 690 795 Gregorius
714 728 851 796 post
880 729 1221 796 susceptum
1243 724 1569 797 baptisma;
1611 726 1764 796 quod
1795 741 1911 797 quo

264 820 516 885 tempore
556 813 911 885 susceperit,
945 813 1100 869 inter
1131 813 1440 885 scriptores
1474 831 1588 869 non
1622 815 1908 870 convenit.

264 903 587 957 Arbitratur
618 901 911 957 Baronius
941 902 1019 974 (a)
1048 901 1105 957 id
1128 903 1441 975 contigisse
1472 918 1602 957 cum
1652 902 1909 958 Athenas

266 990 387 1044 navi
436 994 679 1058 peteret,
730 994 1047 1061 postquam
1080 1007 1110 1046 e
1153 990 1409 1062 periculo
1447 991 1730 1046 liberatus
1777 991 1906 1046 fuit.

269 1103 287 1129 ε
320 1079 477 1141 Quod
511 1083 712 1133 autem
751 1078 836 1133 ait
866 1078 1222 1151 (Gregorius)
1253 1096 1283 1134 e
1316 1079 1571 1151 periculo
1599 1079 1909 1135 liberatum

266 1186 324 1223 ex
354 1172 485 1223 voto
516 1168 719 1223 statim
756 1185 819 1223 se
872 1172 985 1223 Deo
1017 1167 1319 1237 obtulisse,
1352 1168 1507 1224 haud
1549 1168 1705 1223 aliud
1742 1172 1907 1240 puta-

264 1274 388 1311 mus
406 1257 461 1310 id
476 1272 627 1319 esse,
660 1272 839 1327 quam
864 1257 1020 1326 quod
1046 1256 1403 1327 baptismum
1423 1260 1722 1328 tantopere
1738 1272 1908 1329 expe-

260 1348 419 1401 titum
442 1348 520 1399 sit
551 1350 861 1400 assecutus
887 1387 898 1398 .
924 1366 953 1394 ››
972 1345 1230 1417 Gregorii
1254 1346 1383 1400 vita;
1406 1344 1656 1416 scriptor
1685 1350 1903 1410 censet,

263 1452 386 1489 eum
418 1432 729 1489 distulisse
759 1434 1056 1505 baptisma
1088 1450 1272 1504 usque
1301 1434 1371 1487 ad
1390 1432 1751 1488 tricesimum
1776 1438 1912 1489 teta-

262 1526 331 1579 tis
360 1540 605 1593 annum,
639 1539 774 1577 cum
808 1522 1051 1577 Athenis
1082 1526 1171 1577 est
1216 1538 1481 1577 reversus
1532 1522 1591 1577 in
1635 1523 1907 1593 patriam.

264 1612 449 1678 «Nos,
504 1611 703 1681 inquit
757 1610 1189 1681 Papebrochius
1237 1611 1333 1681 (b),
1385 1626 1575 1681 neque
1611 1611 1683 1665 ad
1734 1610 1910 1666 ﬁnem

262 1700 735 1756 commorationis
789 1698 1165 1754 Atheniensis
1224 1699 1582 1770 baptismum
1660 1698 1909 1755 dilatum

261 1790 431 1845 fuisse
467 1793 770 1860 putamus,
806 1804 995 1858 neque
1018 1790 1218 1843 statim
1237 1792 1576 1859 susceptum
1602 1792 1731 1858 post
1756 1805 1909 1843 nau-

1603 396 1785 459 VI'I‘A
1831 400 1896 459 S.
1944 396 2312 460 GHEGOBII
2327 445 2340 457 .

1937 531 1994 596 Α
2022 532 2296 586 omnibus
2326 547 2389 587 se
2426 532 2668 597 exuerit,
2700 533 2857 603 quod
2902 533 3125 588 dudum
3159 536 3465 605 statuerat,
3497 552 3669 606 πρου-

3551 403 3670 464 174

2019 615 2189 689 θὲμην
2224 616 2397 693 ῥίψαι,
2430 625 2495 675 ut
2523 619 2819 676 Christum
2851 624 3009 676 totus
3038 621 3325 679 indueret.

2020 751 2130 808 LV.
2164 753 2282 808 Non
2312 753 2513 825 affectu
2542 756 2777 817 tantum,
2811 753 2907 838 sed
2949 755 3136 827 reipsa
3177 770 3236 811 se
3287 760 3442 813 exuit
3473 755 3666 826 Grego-

2766 840 2909 882 νιω.

2089 930 2203 986 Nec
2231 947 2364 986 vero
2396 930 2606 986 atIectu
2643 934 2893 999 tantum,
2931 937 2995 987 ut
3038 933 3427 1004 quisbusdam
3466 933 3661 991 visum

2018 1024 2126 1087 est,
2161 1019 2261 1075 sed
2297 1019 2487 1091 reipsa
2515 1019 2792 1074 omnibus
2813 1036 2874 1075 se
2909 1021 3078 1076 bonis
3117 1021 3278 1077 exuit
3327 1022 3660 1095 Gregorius.

2021 1107 2175 1166 Nihil
2209 1111 2410 1164 contra
2439 1125 2506 1164 ex
2538 1108 2724 1180 ipsius
2756 1113 3102 1166 testamento
3133 1110 3305 1181 objici
3340 1115 3547 1183 potest;
3582 1115 3662 1169 si-

2019 1197 2278 1269 quidem,
2310 1215 2410 1268 pro
2441 1201 2773 1269 temporum
2804 1197 3036 1254 illorum
3070 1200 3512 1268 consuetudine,
3556 1218 3662 1273 pa-

2019 1288 2253 1339 rentum
2284 1282 2681 1339 hereditatem
2711 1283 2823 1355 ipsi
2846 1284 3005 1341 adire
3028 1285 3239 1341 licebat
3259 1286 3356 1358 (ο).
3383 1286 3665 1345 Ριοωιθιιθει

2021 1388 2134 1427 non
2168 1370 2381 1427 idcirco
2421 1370 2815 1428 haereditatem
2859 1373 3023 1442 adiit,
3071 1378 3136 1429 ut
3176 1391 3305 1431 eam
3332 1375 3442 1432 sibi
3475 1393 3665 1433 serva-

2020 1464 2141 1529 ret;
2174 1461 2273 1517 sed
2305 1463 2369 1515 ut
2392 1459 2617 1532 piorum
2651 1465 2979 1533 parentum,
3022 1463 3121 1533 qui
3172 1463 3476 1521 facultates
3524 1481 3663 1521 suas

2020 1548 2378 1621 pauperibus
2408 1548 2734 1621 erogandae
2765 1549 3136 1624 reliquerant,
3154 1556 3443 1609 extremas
3467 1552 3665 1610 volun-

2019 1641 2168 1693 tates
2199 1642 2630 1709 exsequeretur.
2664 1637 3037 1705 Quinimo,ne
3067 1640 3126 1694 in
3160 1642 3501 1714 episcopatu
3531 1642 3661 1713 qui-

2020 1725 2152 1781 dem
2184 1727 2381 1781 minus
2412 1742 2634 1798 pauper
2658 1727 2899 1782 exstitit.
2926 1728 3133 1784 Factus
3155 1728 3517 1786 Sasimorum
3544 1731 3666 1803 epi-

2021 1830 2377 1885 scopus,nec
2400 1832 2608 1887 panem
2650 1816 2887 1887 quidem
2910 1816 3123 1872 habere
3153 1834 3215 1873 se
3246 1817 3328 1873 ait
3358 1818 3459 1890 (h),
3492 1835 3662 1890 quem

259 1879 416 1949 fragii
452 1878 805 1949 periculum,
831 1877 932 1932 sed
957 1880 1089 1947 post
1118 1875 1408 1931 alternum
1436 1875 1565 1931 vitm
1592 1876 1902 1932 discrimen

2021 1875 2489 1974 hospiti'oll'erttt,
2522 1875 2860 1975 pﬁd’.&ptov
2907 1899 3041 1975 ἕξων
3069 1907 3150 1976 τῷ
3183 1902 3316 1977 ξένῳ
3357 1875 3664 1963 hiulcat-ciam.

264 1984 288 2021 ε
317 1972 486 2022 ωτι-ω
531 1970 718 2021 motu.
748 1986 773 2016 η
813 1965 970 2020 Idem
1008 1964 1444 2036 Papebrochius
1473 1965 1566 2037 (c),
1600 1967 1658 2020 in
1690 1981 1906 2037 appen-

262 2058 377 2112 dice
408 2057 482 2110 ad
517 2054 673 2110 diem
709 2071 926 2110 nonam
960 2054 1115 2122 Maii,
1142 2053 1309 2125 ﬁngit
1346 2053 1691 2125 Gregorium
1732 2054 1907 2111 Athe-

262 2148 343 2201 nis
390 2145 727 2200 excurrisse
776 2142 1161 2214 Antiochiam,
1193 2148 1258 2197 ut
1308 2143 1611 2198 Libanium
1657 2144 1907 2215 audiret,

261 2252 433 2306 eaque
487 2233 799 2289 occasione
838 2232 1125 2287 Nazianzo
1157 2233 1265 2286 iter
1292 2231 1571 2287 habuisse
1617 2237 1682 2287 ut
1710 2249 1908 2289 susce-

260 2330 411 2395 ptum
431 2323 641 2393 patriae
656 2321 1061 2393 episcopatum
1082 2319 1229 2391 patri
1242 2320 1909 2392 gratularetur,ejusque

261 2413 528 2467 manibus
563 2410 921 2480 baptismum
947 2409 1296 2479 suscepisse,
1313 2413 1488 2480 atque
1510 2411 1717 2466 iterum
1744 2412 1911 2465 Athe-

196 2508 199 2511 ’
260 2518 357 2556 nas
405 2518 470 2555 se
518 2499 865 2554 contulisse.
925 2498 1035 2552 Sed
1078 2497 1356 2568 ﬁgmenta
1404 2498 1527 2555 haec
1573 2505 1729 2565 sunt,
1782 2516 1908 2571 quae

260 2591 411 2645 nullo
444 2590 683 2660 penitus
716 2589 988 2641 nituntur
1013 2587 1414 2653 fundamento,
1442 2588 1717 2644 Praeterea
1737 2588 1907 2643 Liba-

260 2678 384 2733 nius
416 2676 785 2732 Anthiocbiaa
816 2693 932 2730 non
966 2674 1079 2729 nisi
1126 2679 1257 2746 post
1300 2692 1521 2730 annum
1551 2676 1646 2731 35f
1688 2676 1907 2732 docuit.

258 2768 451 2838 Itaque
496 2765 775 2819 standum
827 2768 936 2830 est,
993 2768 1055 2817 ut
1110 2763 1280 2818 nobis
1336 2764 1585 2835 videtur,
1646 2764 1908 2836 Gregorii

258 2855 573 2927 presbyteri
629 2853 955 2919 sententiae,
1005 2851 1103 2922 qui
1161 2850 1366 2906 scribit
1423 2855 1505 2920 (ά)
1564 2852 1907 2924 Gregorium

260 2948 516 2999 nostrum
555 2941 753 3013 patriae
787 2942 1148 3005 restitutum,
1184 2940 1438 3010 primum
1494 2940 1688 2996 divino
1718 2942 1905 3012 bapti-

260 3039 435 3088 smate
461 3032 737 3096 tinctum,
762 3029 814 3083 vi
848 3033 905 3084 et
950 3028 1218 3084 facultate
1240 3030 1367 3100 jam
1423 3034 1557 3084 ante
1598 3029 1906 3086 collustra-

257 3126 396 3177 tum.

288 3210 424 3266 LIV.
457 3211 752 3279 Nunquam
771 3206 1015 3279 jurandi
1044 3207 1220 3279 legem
1248 3207 1358 3263 sibi
1386 3207 1580 3263 indicit
1596 3216 1647 3264 et
1666 3216 1861 3263 servat.

324 3300 471 3354 Tum
506 3297 618 3352 sibi
669 3296 853 3368 legem
906 3312 1209 3366 nunquam
1252 3296 1514 3366 jurandi,
1546 3298 1805 3369 quandiu
1841 3297 1899 3353 in

258 3388 360 3443 hac
388 3388 508 3441 vita
537 3390 889 3448 versaretur,
926 3400 1104 3455 quam
1152 3385 1327 3440 etiam
1368 3401 1555 3455 usque
1601 3387 1672 3441 ad
1712 3391 1901 3443 extre-

259 3492 411 3530 mum
446 3476 607 3529 diem
639 3473 908 3540 servavit,
942 3472 1167 3528 indixit.
1216 3478 1362 3528 Tum
1412 3474 1523 3529 sibi
1564 3475 1900 3547 consulens,

259 3564 367 3620 Deo
395 3581 459 3620 se
492 3562 729 3626 obtulit,
764 3568 827 3616 ut
858 3580 890 3615 a
924 3562 1140 3617 mundo
1162 3562 1487 3632 sejunctus,
1531 3580 1664 3618 cum
1704 3580 1771 3619 eo
1800 3564 1899 3636 qui

267 3654 419 3709 solus
452 3652 814 3724 purissimus
847 3657 938 3705 est
975 3650 1102 3705 vitas
1125 3651 1548 3705 consuetudine
1571 3652 1902 3724 jugeretur,

261 3749 426 3813 atque
456 3757 527 3796 ex
575 3756 877 3795 sacrorum
912 3738 1191 3794 librorum
1223 3739 1498 3795 familiari
1532 3739 1776 3797 lectione
1809 3759 1900 3798 ve-

264 3832 443 3887 ritatis
478 3829 851 3902 splendorem
903 3826 1186 3896 hauriret,
1234 3830 1386 3899 quod
1435 3828 1608 3884 etiam
1644 3846 1745 3902 per
1776 3848 1901 3886 om-

266 3937 381 3975 nem
430 3920 613 3973 vitam
664 3918 851 3973 facere
899 3933 1013 3971 non
1055 3917 1296 3972 destitit.
1339 3940 1367 3967 ‹‹
1401 3918 1725 3974 monachus
1774 3935 1901 3976 esse

266 4010 440 4080 potius
472 4008 717 4076 habens,
752 4029 779 4055 »θ
812 4006 1004 4077 inquit
1032 4006 1159 4076 ejus
1188 4006 1330 4060 Vitae
1363 4007 1633 4078 scriptor,
1668 4030 1695 4057 «
1724 4025 1899 4079 quam

266 4099 614 4163 mundanus,
646 4099 704 4149 et
763 4112 983 4167 pauper
1022 4111 1197 4166 quam
1229 4095 1638 4167 quaestuarius.
1682 4118 1709 4146 ››
1737 4098 1901 4153 Tunc

264 4187 325 4251 ei,
356 4188 451 4259 qui
485 4202 623 4240 eum
672 4183 729 4237 in
764 4188 979 4238 sortem
1022 4184 1244 4256 accepit
1281 4189 1339 4239 et
1385 4185 1652 4251 servavit,
1704 4186 1903 4242 omnia

263 4276 397 4331 dono
427 4275 612 4341 dedit,
644 4288 806 4345 opes,
845 4271 1240 4343 splendorem,
1280 4277 1392 4330 etc.
1443 4294 1466 4324 ι
1501 4273 1647 4329 Nam
1679 4275 1901 4331 caeteris

264 4363 313 4418 in
357 4365 554 4431 rebus,
616 4362 810 4433 inquit
856 4361 949 4431 (e),
1000 4377 1093 4416 me
1143 4360 1347 4432 quovis
1404 4361 1643 4418 homine
1674 4364 1901 4434 segnio-

262 4469 369 4508 rem
400 4470 465 4509 ac
483 4451 916 4524 languidiorem
940 4466 1068 4504 esse
1089 4466 1203 4504 non
1226 4449 1474 4515 inficior,
1494 4467 1726 4506 omnem
1743 4452 1900 4508 enim

260 4542 628 4613 cupiditatem
672 4538 881 4608 abjeci,
915 4553 985 4592 ex
1015 4554 1129 4608 quo
1160 4538 1389 4594 Christo
1435 4555 1644 4595 nomen
1680 4540 1836 4605 dedi,
1870 4565 1894 4593 ι

2015 1992 2216 2063 Neque
2255 1991 2429 2048 ditior
2458 1993 2567 2047 fuit
2595 1993 3115 2065 Constantinopoli.
3138 2016 3165 2045 «
3190 1996 3495 2065 Pecunias,
3517 2018 3546 2047 »
3578 1997 3666 2052 in-

2019 2081 2146 2151 quit
2184 2081 2271 2152 (i),
2321 2102 2348 2131 «
2382 2080 2670 2152 eripient?
2726 2082 2784 2138 Si
2832 2098 2993 2138 meas
3024 2083 3283 2154 quidem,
3317 2084 3429 2157 ipsi
3462 2085 3666 2141 eadem

2017 2186 2191 2240 opera
2222 2186 2445 2241 pennas
2475 2168 2674 2239 etiam,
2707 2170 2922 2242 quibus
2954 2171 3197 2228 minime
3236 2171 3477 2229 indutus
3509 2190 3665 2243 sum,

2018 2257 2383 2313 abscindant.
2419 2281 2441 2310 ι
2482 2259 2541 2313 In
2575 2258 2859 2330 carmine,
2881 2275 2992 2329 quo
3015 2259 3317 2316 Julianum
3340 2266 3670 2333 exaequato-

2017 2363 2139 2402 rem
2175 2351 2357 2419 rogat,
2391 2350 2453 2402 ut
2484 2363 2604 2402 rem
2638 2347 2985 2404 familiarem
3019 2349 3404 2422 vectigalibus
3426 2351 3663 2420 eximat,

2020 2436 2333 2506 ait(j)suas
2354 2453 2415 2492 se
2437 2451 2577 2509 opes
2605 2437 2982 2510 pauperibus,
3014 2439 3208 2495 studio
3245 2440 3493 2496 ferendas
3532 2456 3665 2496 cru-

2019 2524 2123 2593 cis,
2146 2541 2437 2597 erogasse,
2463 2542 2678 2597 easque
2707 2542 3078 2583 communem
3111 2528 3519 2601 navigantibus
3540 2544 3670 2600 por-

2017 2618 2143 2669 tum
2173 2631 2321 2685 esse,
2354 2630 2665 2671 commune
2696 2614 3097 2687 indigentibus
3130 2616 3434 2672 auxilium.
3457 2616 3584 2673 Alio
3606 2617 3666 2673 in

2017 2704 2275 2759 carmine
2305 2703 2381 2775 (Ιί)
2413 2720 2474 2759 se
2507 2704 2631 2775 ipse
2673 2703 3040 2775 interrogans
3084 2704 3183 2760 ubi
3217 2705 3336 2762 sint
3378 2722 3540 2777 opes,
3570 2723 3667 2762 re-

2017 2793 2265 2864 spondet
2293 2809 2305 2848 :
2332 2793 2602 2848 «Partem
2632 2794 2780 2849 Deus
2801 2792 2998 2861 habet,
3024 2797 3251 2864 partem
3279 2795 3519 2849 alteram
3548 2810 3666 2851 sce—

2015 2880 2238 2936 leratus
2269 2881 2414 2936 livor
2435 2880 2745 2952 rapacibus
2767 2881 3041 2936 manibus
3074 2881 3370 2937 tradidit.»
3393 2882 3665 2939 Scribens

2018 2969 2204 3025 amico
2234 2969 2333 3040 qui
2366 2968 2677 3025 nonnullos
2706 2969 2779 3024 ab
2809 2985 2876 3024 eo
2925 2968 3105 3025 libros
3154 2976 3520 3041 p0poscerat,
3571 2970 3665 3028 his

2015 3076 2150 3116 eum
2184 3058 2377 3114 verbis
2410 3056 2729 3129 alloquitur
2760 3058 2820 3128 tl)
2856 3074 2867 3113 :
2907 3079 2933 3108 «
2970 3058 3131 3124 Quod
3183 3056 3233 3114 si
3282 3057 3388 3114 tibi
3436 3058 3667 3115 videtur

2017 3149 2259 3205 minime
2289 3146 2759 3219 phiIOSOphicum
2792 3163 2920 3202 esse
2951 3146 3233 3203 librorum
3266 3147 3521 3219 pretium
3552 3164 3660 3221 po-

1932 3243 1976 3311 C
2016 3237 2251 3305 stulare,
2287 3240 2349 3292 tu
2373 3235 2517 3290 mihi
2551 3234 2856 3307 pecuniam
2898 3234 3075 3303 solve,
3126 3236 3514 3307 objectionem
3558 3254 3661 3293 au-

2013 3333 2130 3384 tem
2163 3330 2327 3382 tuam
2360 3324 2583 3381 solvent
2613 3340 2915 3395 pauperes.
2946 3342 2972 3376 ιι
3010 3326 3144 3390 Quae
3177 3324 3415 3396 quidem
3463 3325 3663 3382 omnia

2012 3416 2355 3490 Gregorium
2386 3412 2662 3469 omnibus
2690 3429 2754 3469 se
2784 3412 3159 3471 facultatibus
3187 3413 3658 3486 exuisseliquido

2012 3507 2433 3562 demonstrant.

2014 3602 2324 3659 LVI-LVII.
2361 3601 2579 3665 Omnia,
2614 3600 2832 3656 litteras
2872 3615 3101 3672 quoque,
3163 3601 3374 3657 Christo
3410 3599 3649 3672 dimisit.

2082 3676 2207 3729 Alia
2236 3689 2398 3739 vana,
2432 3672 2553 3727 alia
2583 3676 2660 3726 est
2689 3672 2845 3727 utilis
2873 3671 3203 3743 eloquentia,
3234 3671 3458 3743 famula
3481 3674 3651 3729 verbi.

2084 3750 2241 3801 Hanc
2263 3745 2370 3799 sibi
2396 3748 2445 3798 et
2474 3745 2673 3798 amicis
2701 3746 2917 3814 exoptat
2948 3745 3256 3811 Gregorius.
3294 3748 3450 3799 Hanc
3476 3746 3650 3801 solam

2079 3816 2470 3887 complectitur:
2492 3816 2594 3868 hac
2620 3830 2784 3885 quam
2805 3815 3050 3869 maxime
3074 3814 3393 3869 delectatur.

2081 3922 2236 3979 Nihil
2267 3921 2421 3977 enim
2453 3919 2561 3974 sibi
2593 3936 2663 3975 ex
2691 3920 2967 3975 omnibus
3010 3919 3259 3975 servavit
3289 3923 3497 3991 preter
3537 3921 3656 3977 elo-

2012 4010 2334 4084 quentiam,
2378 4025 2555 4080 quam
2586 4012 2748 4064 tanto
2780 4008 2997 4078 labore,
3043 4007 3368 4079 peragratis
3387 4007 3656 4079 pluribus

2011 4100 2260 4156 Orientis
2281 4101 2456 4169 atque
2472 4096 2799 4152 Occidentis
2822 4096 3157 4168 regionibus
3170 4102 3606 4165 comparaverat
3636 4115 3650 4155 :

2011 4212 2039 4239 ‹‹
2076 4188 2261 4243 Unum
2313 4186 2456 4241 mihi
2509 4185 2567 4239 in
2600 4184 2900 4240 amoribus
2959 4185 3087 4252 fuit,
3119 4185 3311 4257 inquit
3340 4186 3462 4258 (γη),
3493 4186 3651 4243 litte-

2010 4293 2204 4331 rerum
2240 4276 2439 4342 decus,
2491 4290 2638 4344 quas
2687 4272 2829 4327 mihi
2884 4277 3301 4345 compararunt
3346 4274 3550 4331 Oriens
3596 4280 3656 4333 et

2010 4365 2312 4428 Occidens.
2343 4368 2401 4419 et
2443 4362 2672 4419 Graecisa
2711 4366 3140 4427 ornamentum,
3177 4364 3433 4420 Athenae.
3467 4366 3527 4421 In
3560 4365 3654 4420 his

2009 4455 2108 4509 diu
2142 4455 2511 4522 multumque
2532 4451 2809 4518 laboravi;
2832 4451 2935 4505 sed
2965 4456 3024 4506 et
3052 4451 3182 4507 illas
3206 4469 3421 4523 pronas
3458 4470 3653 4509 coram

2009 4542 2235 4597 Christo
2250 4541 2477 4607 demisi,
2507 4539 2789 4610 humique
2820 4539 2999 4609 afﬁxi,
3022 4541 3293 4596 cedentes
3312 4557 3523 4614 magno
3552 4542 3650 4599 Dei

258 4611 344 4705 ἆφί
394 4630 454 4683 οὗ
512 4631 732 4703 Χριστῷ
783 4624 1190 4696 conuictum;
1244 4644 1433 4698 neque
1502 4644 1570 4682 ex
1622 4611 1976 4685 omnibusD
2010 4632 2219 4696 Verbo,
2261 4630 2413 4701 quod
2460 4644 2693 4684 omnem
2750 4628 3021 4684 humanae
3070 4630 3284 4686 mentis
3320 4611 3548 4687 varium
3600 4637 3659 4688 et

258 4721 444 4787 rebus,
476 4738 607 4792 quae
651 4718 783 4773 aliis
826 4716 1107 4788 jucundze
1144 4721 1200 4771 et
1223 4717 1554 4788 expetendas
1588 4718 1766 4773 videri
1798 4736 1897 4774 so-

258 4808 388 4877 lent,
417 4810 537 4864 ulla
568 4814 787 4875 teneor,
824 4823 939 4861 non
972 4806 1203 4875 opibus,
1238 4828 1266 4854 »
1308 4814 1413 4861 elc.
1478 4805 1736 4862 Plurima
1785 4807 1899 4864 alia

258 4898 337 4954 fas
366 4898 457 4953 hic
488 4913 619 4953 esse
649 4896 861 4950 referre
893 4894 965 4948 de
995 4894 1111 4948 vita
1142 4894 1441 4965 gestisque
1478 4895 1737 4967 Gregorii
1771 4902 1901 4968 post

256 4992 586 5059 susceptum
646 4983 971 5055 baptisma,
1032 4981 1200 5051 cujus
1270 4982 1457 5054 gratia
1522 4999 1588 5038 eo
1665 4984 1899 5039 uberior

256 5076 355 5131 fuit
374 5078 458 5149 (ί),
481 5074 637 5148 quod
670 5070 851 5128 simul
884 5086 947 5127 se
977 5069 1235 5125 asceticae
1265 5070 1391 5126 vitae
1438 5072 1795 5129 consecrarit
1845 5080 1899 5129 et

314 5275 386 5377 sei
416 5270 930 5377 §°3;2.93“§iap'
963 5267 1088 5336 378'
1123 5266 1230 5325 σοι·
1265 5269 1315 5325 ί-

335 5348 387 5418 b)
416 5348 450 5400 9
480 5344 611 5399 Maii
618 5387 646 5418 ,_
660 5360 726 5418 p.

332 5410 380 5487 cl
404 5418 571 5473 Tom.
608 5410 707 5471 νῑι
738 5412 899 5481 Maii,
934 5427 991 5483 p.
1028 5410 1150 5477 659,
1182 5411 1289 5466 col.
1328 5413 1353 5468 1
1387 5418 1444 5469 et
1472 5415 1530 5469 2.

333 5491 394 5561 α)
428 5491 525 5545 Vit.
562 5504 618 5561 p.
651 5488 708 5542 s.

333 5504 394 5561 α)
428 5504 525 5545 m.
651 5504 708 5542 δ.

332 5564 379 5639 e_)
411 5562 508 5639 9r.
572 5556 822 5639 tum}:

361 5625 375 5703 ᾗ
405 5634 598 5688 Carm.
618 5625 863 5703 'Dquita
892 5640 1022 5703 sua,
1051 5639 1105 5683 ν.
1135 5625 1260 5686 270,

406 5705 560 5781 TilL,
591 5707 634 5763 ι.
663 5700 760 5775 IX,
796 5715 858 5776 p.
891 5696 1026 5760 337.

2008 4717 2346 4775 mutabilem
2378 4733 2706 4773 sermonem
2740 4715 2908 4789 longe
2941 4723 3199 4789 superat.
3226 4741 3253 4768 »
3280 4722 3494 4776 Caetera
3526 4720 3654 4792 qui-

2007 4810 2138 4864 dem
2170 4805 2369 4863 omnia
2411 4805 2742 4862 volentibus
2776 4805 3026 4876 reliquit,
3076 4823 3237 4879 opes,
3269 4810 3499 4882 generis
3550 4826 3654 4865 no-

2008 4896 2316 4963 bilitatem,
2348 4894 2617 4967 gloriam,
2640 4898 2775 4961 etc.;
2798 4894 3262 4967 ateloquentiam
3285 4896 3469 4953 solam
3493 4914 3654 4953 com-

2008 4985 2207 5056 plexus
2236 4989 2342 5053 est,
2378 5001 2483 5039 nec
2525 4983 2806 5056 suscepti,
2842 4988 2904 5038 ut
2953 5001 3080 5040 eam
3115 4985 3225 5040 sibi
3266 4992 3651 5059 compararet,

2009 5073 2226 5131 laboris
2275 5090 2407 5130 eum
2458 5089 2719 5145 unquam
2770 5072 3055 5145 paenituit.
3114 5073 3186 5129 Ut
3232 5075 3388 5130 enim
3419 5092 3567 5131 vana
3595 5080 3653 5132 et

2078 5269 2160 5342 (h)
2191 5272 2380 5342 Carm.
2413 5269 2486 5324 De
2520 5268 2639 5342 Vita
2664 5283 2788 5337 sua,
2819 5282 2872 5323 v.
2904 5267 3028 5322 470.

2077 5339 2150 5410 (ἰ)
2173 5341 2269 5396 0r.
2300 5340 2392 5407 26,
2423 5356 2481 5394 n.
2519 5339 2602 5395 ιθ.

2172 5406 2470 5483 Carm.al.
2501 5410 2590 5483 49,
2621 5408 2692 5483 ad
2722 5406 2914 5483 Julian

2076 5480 2151 5556 (Κ)
2182 5488 2370 5556 Carm.
2403 5480 2669 5556 διεβίω
2702 5480 2986 5553 seipsum.

2074 5553 2142 5700 ξι)
2309 5554 2385 5611 a1.
2418 5553 2540 5609 199.
2755 5622 2767 5635 .

2099 5629 2177 5699 νη)
2251 5643 2395 5684 arm.
2428 5626 2501 5681 De
2526 5624 2644 5681 reb.
2674 5638 2812 5696 suis,
2842 5638 2894 5681 ν.
2924 5619 2996 5679 98
3021 5625 3078 5687 et
3106 5639 3234 5706 seq.
