4096 6288
456 433 568 488 175

1789 425 1964 483 VlTA
2014 425 2079 483 S.
2128 424 2522 485 GREGUllIl.

3743 452 3858 515 1'76

450 563 683 618 inutilis
713 567 800 618 est
830 561 1181 634 eloquentia,
1216 578 1341 633 quae
1365 561 1423 617 in
1455 557 1643 614 verbis
1667 558 1948 646 duntaxat
1982 559 2093 646 sita
2119 561 2175 625 Α
2209 564 2265 646 et
2297 559 2473 613 vitam
2506 562 2826 619 solitariam
2879 576 3091 641 ageret,
3129 577 3185 628 et
3214 578 3557 646 parentibus
3600 583 3855 643 debitam

447 656 554 718 est,
587 667 761 722 quam
797 654 1142 720 aspernatur
1171 654 1225 704 et
1246 646 1842 717 damnatGregorius;
1876 644 1957 700 sic
1982 644 2095 699 alia

444 746 531 795 est
552 740 720 809 cujus
746 739 1060 793 utilitatem
1085 736 1370 809 agnoscit,
1401 740 1453 790 et
1473 733 1865 806 patrocinium
1886 733 2091 788 adver-

443 845 545 884 sus
575 826 874 882 Julianum
909 825 1174 897 suscipit,
1208 842 1379 896 quem
1413 824 1471 877 in
1505 821 1665 877 nulla
1686 838 1746 877 re.
1778 821 2089 894 magisini-

441 932 626 988 quum
658 920 715 971 et
744 915 1087 972 sceleratum
1130 931 1190 969 se
1221 913 1538 985 praebuisse
1567 910 1875 977 existimat,
1910 926 2084 980 quam

444 1022 577 1060 cum
611 1020 909 1061 sermones
939 1005 1160 1075 eripere
1182 1002 1527 1057 Christianis
1569 999 1829 1055 tentavit.
1865 1020 1892 1047 ‹‹
1926 999 2087 1054 Unde

440 1094 641 1166 igitur,
693 1115 719 1143 »
770 1093 963 1164 inquit
1005 1092 1305 1147 Julianum
1364 1090 1666 1160 alloquens
1696 1089 1793 1159 (a),
1833 1107 1854 1135 α
1909 1087 2085 1143 homo

440 1184 705 1237 omnium
738 1181 1051 1248 levissime,
1084 1180 1193 1236 hoc
1244 1180 1350 1233 tibi
1384 1179 1441 1233 in
1493 1182 1747 1232 mentem
1789 1176 1967 1245 venit,
2019 1181 2083 1231 ut

438 1287 737 1327 sermones
776 1269 1120 1325 Christianis
1160 1268 1453 1339 eriperes?
1487 1288 1515 1316 ››
1546 1266 1637 1321 Sic
1690 1265 2080 1321 Christianam

434 1358 827 1432 eloquentiam
863 1362 1059 1414 tuetur
1102 1361 1304 1413 contra
1349 1359 1719 1427 Apostatam;
1766 1354 1915 1409 hanc
1967 1353 2079 1409 sibi

434 1452 489 1504 et
518 1449 722 1504 amicis
753 1451 987 1520 exoptat
1021 1466 1032 1501 :
1067 1468 1094 1497 ‹‹
1128 1447 1201 1515 (b)
1242 1448 1427 1517 Atque
1456 1445 1680 1500 unitam
1722 1444 1890 1510 mihi,
1933 1443 2077 1499 ami-

431 1536 631 1609 cisque
661 1536 808 1593 meis
832 1551 1167 1592 sermonum
1184 1534 1360 1590 robur
1376 1534 1547 1588 adsit!
1572 1556 1599 1583 »
1623 1534 1781 1589 Hanc
1808 1532 1991 1588 solam
2015 1549 2077 1589 se

433 1625 756 1697 complecti,
786 1629 985 1696 utpote
1038 1624 1198 1679 verbi
1244 1622 1547 1689 famulam,
1583 1639 1688 1677 nec
1718 1639 1979 1694 unquam
2004 1622 2075 1676 li-

427 1714 635 1769 benter
690 1713 1091 1785 neglecturum
1142 1712 1293 1767 hanc
1345 1712 1777 1783 possessionem
1821 1714 2069 1779 fatetur;

429 1801 571 1872 quin
603 1802 797 1873 potius
831 1818 958 1856 eam
992 1806 1049 1856 et
1086 1800 1271 1856 colere
1301 1804 1357 1855 et
1382 1800 1725 1866 exosculari,
1759 1802 2070 1870 majorem-

428 1905 542 1960 que
574 1907 641 1943 ex
679 1905 747 1945 ea
784 1890 1143 1961 voluptatem
1197 1904 1420 1960 capere,
1469 1906 1645 1959 quam
1693 1906 1762 1943 ex
1795 1890 2068 1946 omnibus
2100 1924 2145 1989 B

425 1980 556 2034 aliis
588 1980 762 2033 rebus
793 1979 851 2033 in
886 1996 1067 2033 unum
1098 1978 1376 2044 collectis,
1408 1979 1624 2047 quibus
1654 1978 1917 2049 plerique
1973 1980 2067 2034 de-

420 2066 743 2123 lectantur:
768 2069 917 2122 hanc
947 2069 1059 2123 sibi
1091 2068 1270 2122 totius
1298 2068 1424 2121 vitae
1446 2068 1684 2137 sociam,
1720 2073 1784 2121 ut
1813 2069 2063 2139 probum

418 2155 815 2223 consiliarum,
848 2161 1022 2227 atque
1052 2172 1489 2228 congerronem,
1523 2161 1579 2210 et
1602 2156 1805 2211 ducem
1848 2156 1949 2211 via:
1981 2158 2063 2213 in-

417 2244 629 2299 cmlum
661 2245 919 2313 ferentis,
944 2262 1009 2300 ac
1031 2248 1365 2317 promptum
1391 2243 1845 2299 commilitonem
1871 2245 2059 2301 adsci-

416 2349 594 2389 scere.
628 2335 699 2388 Et
718 2332 1300 2405 quiajucunditatem
1328 2349 1559 2387 omnem
1586 2332 1749 2387 humi
1775 2333 1947 2389 sitam
1966 2352 2059 2389 as-

412 2420 789 2494 pernabatur,
822 2423 1014 2477 omnis
1044 2421 1205 2477 illius
1235 2438 1399 2476 amor
1450 2426 1581 2493 post
1611 2422 1794 2477 Deum
1842 2424 1901 2476 in
1940 2424 2058 2479 elo-

413 2512 716 2583 quentiam
762 2511 1151 2566 Christianam
1198 2512 1420 2565 elfusus
1452 2515 1559 2577 est,
1610 2511 1696 2565 vel
1729 2513 1923 2582 potius
1967 2512 2056 2566 in-

410 2605 593 2655 Deum
624 2616 872 2671 quoque,
900 2600 1377 2671 quandoquidem
1409 2600 1480 2654 ad
1511 2600 1695 2653 Deum
1744 2616 1876 2654 cum
1927 2619 2059 2671 pru-

410 2690 611 2744 dentia
639 2691 810 2761 rapit,
844 2706 947 2761 per
976 2705 1154 2759 quam
1186 2687 1361 2742 etiam
1391 2692 1542 2742 Deus
1564 2688 1788 2743 sincere
1810 2690 2055 2761 percipi-

405 2784 522 2845 tur,
546 2784 602 2833 et
630 2782 1030 2846 conservatur,
1062 2784 1235 2848 atque
1262 2776 1321 2832 in
1355 2778 1522 2832 nobis
1568 2778 1865 2835 adolescit.

409 2866 595 2924 LVlll.
626 2867 818 2924 Fidem
846 2866 1034 2941 datam
1065 2867 1334 2941 Deducit
1356 2867 1553 2941 fefellit
1586 2867 1871 2939 Gregorius
1900 2888 1919 2923 :
1950 2886 2053 2941 quo

768 2938 923 2993 modo
944 2938 1130 2993 datam
1159 2938 1365 2993 Basilio
1392 2938 1679 3009 fefellerit.

475 3029 583 3084 Sed
619 3044 733 3099 quo
772 3044 878 3082 nos
918 3027 1069 3099 rapit
1099 3028 1302 3091 oratio,
1338 3028 1409 3081 de
1457 3028 1715 3099 Gregorii
1766 3029 1948 3085 effuso
1991 3030 2050 3085 in

397 3118 788 3189 eloquentiam
823 3132 1019 3172 amore
1050 3115 1431 3171 disserentes?
1462 3117 1544 3170 Ad
1591 3117 1785 3187 ipsum
1825 3123 2046 3190 Grego-

402 3209 555 3262 rium
588 3212 966 3273 revertamur,
1000 3222 1173 3276 quem
1205 3205 1452 3260 Atheuis
1484 3207 1753 3261 reducem
1786 3208 1841 3261 in
1876 3209 2048 3267 domo

2205 645 2544 737 charitatem
2608 658 2802 720 posset
2846 658 3150 729 exhibere;
3203 645 3266 718 ac
3326 673 3611 737 praeterea
3659 674 3855 732 datam

2202 734 2376 790 fidem
2411 736 2624 794 Basilio
2644 750 2918 811 servaret,
2940 763 3110 817 quem
3140 755 3201 806 ut
3219 752 3273 806 in
3297 734 3447 811 hanc
3470 758 3851 821 solitudinem

2201 840 2262 878 se
2294 827 2579 882 conferret
2599 829 2810 885 litteris
2838 833 3116 893 invitavit.
3154 840 3295 897 Illud
3322 846 3549 901 venisse
3572 851 3849 911 Basilium

2196 914 2511 969 verisimile
2547 923 2655 983 est,
2689 923 2954 989 quamvis
2985 924 3189 997 longas
3222 948 3334 985 non
3371 934 3601 991 duxerit
3632 957 3846 999 moras.

2197 1001 2364 1101 Novae
2395 1006 2668 1101 editionis
2699 1011 3077 1080 epistolarum
3098 1017 3293 1073 Basilii
3325 1029 3531 1079 auctor
3559 1032 3844 1101 agnoscit,

2194 1091 2382 1160 primo
2406 1093 2683 1151 Basilium
2708 1098 2765 1151 in
2789 1100 3121 1158 Tiberinam
3146 1108 3399 1178 recipere
3417 1129 3546 1170 sese
3566 1091 3839 1187 voluisse,

2193 1180 2347 1274 quod
2383 1181 2473 1274 his
2503 1184 2668 1274 epist.
2721 1187 2787 1241 14
2828 1191 3022 1245 verbis
3072 1197 3399 1254 comiirmat
3447 1203 3561 1274 (d):
3599 1227 3628 1254 ‹‹
3678 1180 3843 1266 Nunc

2191 1267 2373 1370 igitur
2403 1270 2702 1370 intelligis,
2733 1292 2847 1370 quo
2875 1294 2979 1350 ego
3013 1283 3255 1352 periculi
3305 1267 3523 1347 stultus
3565 1298 3842 1370 venerim,

2190 1357 2288 1428 qui
2324 1357 2516 1415 locum
2551 1362 2840 1433 ejusmodi
2874 1383 3004 1423 cum
3031 1370 3328 1444 Tiberina,
3362 1378 3520 1436 orbis
3552 1357 3839 1444 terrarum

2188 1446 2484 1517 barathro,
2521 1457 2879 1512 commutare
2909 1462 3332 1520 contenderim.
3372 1489 3401 1515 ››
3462 1454 3463 1457 “

2187 1552 2667 1646 ᾃζγξήἰὶ
2714 1560 2896 1616 nimus
2943 1567 3395 1646 esse_vz'debatar
3443 1574 3733 1646 Gregorius
3780 1584 3837 1639 in

2254 1626 2411 1712 domo
2438 1633 2711 1712 paterna,
2744 1648 2907 1712 quam
2945 1636 3097 1712 quod,
3126 1643 3211 1694 rei
3238 1658 3358 1712 ipsa
3385 1626 3838 1707 erat:

2248 1700 2414 1782 parit.
2433 1699 2686 1782 Gregorio
2702 1699 2795 1782 rei
2821 1699 3126 1774 familiaris
3151 1699 3302 1767 cura.
3334 1699 3607 1775 Basiliam

2252 1772 2309 1822 at
2341 1770 2414 1823 ad
2435 1786 2490 1824 se
2523 1775 2732 1842 veniat,
2774 1770 2835 1830 ul
2869 1782 3054 1835 omnia
3082 1784 3195 1838 sint
3224 1770 3559 1847 commaiiiai

2251 1865 2374 1928 Quo
2405 1882 2539 1939 ergo
2574 1873 2834 1942 tempore
2865 1874 3176 1947 Gregorius
3225 1885 3623 1945 coniectorum
3657 1894 3830 1950 annis

2176 1958 2484 2025 parentum
2518 1974 2716 2013 curam
2749 1964 2949 2033 gessit,
2979 1966 3120 2021 nihil
3148 1970 3345 2028 minus
3376 1992 3503 2032 esse
3525 1977 3831 2039 videbatur

2175 2046 2535 2139 quamquod
2568 2048 2760 2139 reipsa
2791 2056 2931 2107 erat.
2966 2053 3105 2111 Pars
3136 2074 3390 2132 namque
3414 2065 3539 2135 ejus
3568 2067 3827 2139 philoso-

2178 2132 2326 2203 phiae
2358 2133 2477 2189 hazc
2500 2136 2628 2206 fuit,
2658 2158 2684 2189 α
2716 2138 2783 2211 (e)
2814 2141 2939 2196 Non
2972 2145 3156 2202 videri
3178 2132 3468 2219 primariae
3507 2132 3637 2211 vitae
3665 2157 3827 2215 labo-

2178 2235 2269 2276 res
2299 2222 2927 2300 exantlare,magisque
2950 2248 3078 2288 esse
3117 2253 3293 2306 quam
3317 2240 3501 2297 videri
3540 2249 3655 2301 Deo
3686 2250 3831 2304 ami-

2169 2326 2323 2365 cum.
2354 2312 2465 2367 Sed
2498 2314 2687 2383 major
2715 2333 2848 2371 eum
2895 2322 3128 2378 tenebat
3164 2330 3586 2387 monachorum
3637 2354 3833 2408 amor,

2169 2400 2405 2469 quamvi
2437 2401 2727 2459 videretur
2755 2406 2907 2462 inter
2950 2410 3171 2469 multos
3200 2418 3437 2473 versari.
3483 2443 3511 2471 ››
3545 2421 3659 2478 Nec
3715 2400 3825 2481 mi;

2168 2505 2282 2543 nus
2314 2489 2532 2545 interea
2572 2495 2917 2563 parentibus
2950 2515 3184 2557 omnem
3216 2505 3528 2565 exhibebat
3547 2511 3831 2570 sollicitu-

2168 2577 2386 2649 dinem,
2422 2595 2622 2635 eorum
2655 2588 2948 2640 senectam
2981 2588 3200 2659 fovens,
3234 2593 3381 2649 nihil
3435 2600 3623 2671 magis
3655 2602 3824 2672 pium

2168 2669 2329 2721 ratus
2344 2684 2516 2738 quam
2539 2669 2794 2740 primum
2816 2678 2945 2743 post
2968 2680 3146 2733 Deum
3164 2684 3504 2751 parentibus
3532 2669 3821 2750 honorem

2166 2758 2458 2825 praestare.
2492 2757 2911 2818 Verumtamen
2962 2766 3042 2819 rei
3093 2767 3398 2828 familiaris
3452 2792 3654 2833 curam
3701 2779 3819 2836 sibi

2164 2844 2449 2899 maximas
2483 2846 2696 2902 fatetur
2736 2851 3002 2908 attulisse
3034 2856 3353 2915 molestias.
3388 2884 3417 2911 (ι
3448 2865 3513 2932 (ῃ
3539 2865 3818 2925 Parentes

2164 2932 2395 3001 quidem
2430 2934 2743 2993 observans
2760 2944 2816 2991 et
2839 2941 3032 2997 fovens
3056 2943 3411 3019 laborantes,
3436 2954 3652 3023 spebus
3684 2958 3819 3011 ani-

2163 3038 2325 3076 mum
2357 3023 2953 3098 deliniebam,inquit,
2980 3036 3042 3085 ut
3071 3035 3355 3105 optimum
3376 3039 3595 3110 aliquid
3620 3046 3815 3100 adim-

2162 3110 2347 3181 plens,
2376 3118 2433 3167 et
2462 3116 2735 3185 imposito
2781 3119 3033 3191 fungens
3065 3139 3098 3177 a
3125 3130 3335 3182 natura
3382 3129 3591 3188 officio.
3643 3139 3818 3193 Certo

2162 3208 2391 3258 constat
2420 3204 2711 3261 barathris
2740 3210 3011 3265 refertam
3044 3228 3171 3269 esse
3201 3216 3609 3289 improborum
3626 3226 3814 3296 viam,

401 3302 643 3368 paterna
682 3294 1050 3365 reliquimus,
1085 3294 1279 3347 media
1324 3294 1688 3348 incedentem
1718 3296 1811 3351 via
1865 3314 2045 3367 quam
2076 3289 2118 3355 C
2158 3292 2634 3362 quandoquidem
2670 3296 2810 3350 mihi
2841 3298 3019 3354 etiam
3049 3317 3117 3356 ex
3143 3302 3293 3360 bono
3328 3307 3546 3365 malum
3595 3289 3814 3372 evenit:

398 3386 631 3448 inierat,
655 3390 722 3438 ut
748 3384 925 3438 simul
954 3384 1071 3437 voti
1103 3385 1501 3454 sponsionem,
1535 3400 1651 3453 qua
1678 3384 1792 3440 Deo
1824 3386 2045 3459 obliga-

401 3479 497 3528 tus
554 3479 700 3543 erat,
752 3471 1042 3541 impleret,
1073 3474 1130 3525 et
1187 3471 1389 3525 debita:
1450 3472 1789 3541 parentibus
1846 3476 2045 3546 pietati

398 3562 611 3617 faceret
640 3562 807 3630 satis,
840 3560 923 3615 sic
953 3560 1198 3632 agendo,
1230 3560 1526 3631 vitamque
1572 3560 1930 3619 instituendo
1981 3573 2044 3621 ut

397 3649 645 3705 alterum
701 3648 867 3705 alteri
918 3665 1032 3703 nou
1109 3651 1507 3719 postponeret,
1559 3650 1659 3704 sed
1712 3654 2041 3724 utrumquaa

397 3738 672 3811 expleret.
708 3737 904 3793 Basilii
938 3736 1175 3809 quidem
1216 3735 1465 3807 querelis
1506 3739 1864 3809 respondens
1909 3744 2043 3800 Gre-

395 3830 616 3903 gorius,
654 3830 866 3886 fatetur
894 3846 955 3884 se
986 3827 1293 3901 promissis
1326 3844 1438 3882 non
1471 3828 1729 3896 stetisse,
1761 3835 1818 3886 et
1864 3833 2037 3890 {idem

389 3918 689 3975 fefellisse.
714 3923 927 3974 Verum
962 3916 1255 3989 promissa
1281 3915 1469 3970 haecet
1501 3916 1673 3971 fidem
1706 3917 1901 3973 datam
1926 3919 2038 3975 Ba-

387 4007 521 4063 silio
552 4008 844 4080 intelligit,
880 4007 973 4061 cui
1007 4005 1241 4061 Athenis
1273 4022 1334 4060 se
1364 4022 1497 4059 cum
1530 4005 1658 4076 ipso
1689 4006 1747 4059 in
1770 4007 2034 4063 solitudi-

383 4102 627 4165 nem,ut
657 4098 831 4151 vitam
868 4100 1064 4168 ageret
1103 4095 1448 4161 solitariam,
1484 4111 1846 4150 recessurum
1900 4115 2029 4168 pro-

380 4184 639 4239 miserat.
664 4185 765 4239 His
787 4184 1117 4255 promissis,
1150 4184 1354 4252 utjam
1382 4188 1769 4238 memoratum
1792 4191 1880 4240 est
1911 4203 2023 4242 non

376 4271 559 4339 stetit,
586 4273 735 4327 hanc
758 4274 927 4328 tidem
970 4272 1213 4327 fefellit:
1250 4294 1269 4319 α
1325 4276 1394 4340 (c)
1428 4272 1592 4325 Haud
1626 4280 1832 4343 sponte
1857 4292 1923 4330 ac
1955 4277 2023 4330 li-

373 4359 599 4429 benter;
617 4363 717 4415 sed
746 4362 899 4431 quod
943 4361 1028 4415 lex
1059 4360 1243 4431 legem
1266 4360 1575 4431 superarit,
1609 4378 1678 4416 ea
1716 4362 2016 4421 nimirum.

374 4464 500 4518 quas
531 4454 803 4519 parentes
834 4448 1018 4503 colere
1041 4449 1230 4518 jubet,
1265 4446 1449 4519 legem
1480 4448 1804 4505 sodalitatis
1836 4470 1901 4508 ac
1934 4454 2013 4509 fa-

371 4536 751 4593 miliaritatis.
790 4561 814 4587 ι)
848 4538 959 4593 Sed
992 4538 1164 4591 fidem
1196 4537 1392 4592 datam
1425 4536 1539 4592 Deo
1570 4538 1904 4596 nullatenus
1936 4543 2013 4599 fe-

2156 3378 2303 3434 Nam
2334 3381 2527 3435 multa:
2544 3400 2634 3439 me
2664 3388 2720 3438 et
2748 3386 3006 3442 molestae
3029 3389 3471 3465 sollicitudines,
3493 3415 3622 3469 quae
3648 3419 3817 3459 men-

2159 3474 2274 3523 tem
2307 3486 2372 3524 ac
2404 3472 2669 3527 membra
2699 3475 2791 3528 die
2816 3492 2881 3529 ac
2912 3483 3079 3533 nocte
3127 3482 3364 3553 rodunt,
3400 3501 3431 3539 e
3479 3488 3620 3543 ccelo
3675 3492 3816 3546 ani-

2159 3574 2312 3611 mam
2343 3557 2403 3612 in
2422 3561 2918 3632 terrasdejiciunt,
2946 3566 3202 3624 Primum
3228 3572 3462 3639 quidem
3489 3578 3676 3635 servis
3699 3580 3815 3636 im-

2154 3661 2356 3715 perare
2386 3648 2556 3718 quale
2588 3650 2740 3704 exitii
2776 3656 2896 3707 rete
2920 3652 2947 3707 ?
2985 3656 3085 3727 qui
3135 3661 3372 3716 acerbos
3420 3663 3656 3733 quidem
3700 3669 3811 3724 do-

2153 3734 2342 3790 minos
2392 3753 2622 3808 semper
2662 3740 2928 3812 oderunt,
2979 3745 3105 3814 pios
3177 3753 3370 3804 autem
3422 3750 3809 3824 impudenter

2147 3824 2527 3894 conculcant;
2563 3843 2668 3882 nec
2700 3828 2872 3885 malis
2903 3831 3256 3902 placidi,nec
3281 3838 3448 3895 bonis
3480 3842 3803 3903 dociles....

2150 3913 2363 3969 Deinde
2393 3932 2525 3970 vero
2555 3932 2675 3970 rem
2708 3917 3053 3976 familiarem
3069 3924 3499 3997 administrare,
3531 3937 3589 3986 et
3605 3933 3804 3990 Caesa-

2143 4002 2223 4056 ris
2274 4005 2505 4072 pondus
2548 4004 2809 4061 humeris
2841 4025 3070 4079 semper
3109 4016 3420 4083 sustinere,
3453 4036 3519 4074 ac
3574 4022 3801 4081 duram

2140 4092 2342 4146 audire
2374 4093 2657 4149 exactoris
2680 4111 2945 4152 vocem...
2980 4102 3225 4157 Posthac
3262 4111 3459 4160 autem
3489 4108 3639 4163 circa
3669 4112 3799 4166 fre-

2135 4180 2365 4249 quentis
2396 4181 2503 4235 fori
2550 4183 2893 4250 tumultum,
2926 4192 2981 4241 et
3028 4190 3196 4245 sedes
3226 4192 3507 4265 excelsas,
3550 4198 3799 4259 miseris

2130 4267 2334 4323 litibus
2356 4268 2635 4326 sollicitos
2653 4272 2887 4341 versari,
2913 4279 2966 4329 et
2985 4294 3321 4335 sermonum
3346 4282 3794 4358 delitigantium

2129 4358 2372 4445 strepitu
2408 4358 2674 4429 obtundi,
2701 4378 2767 4415 ac
2810 4361 3007 4433 legum
3036 4364 3392 4426 volubilibus
3416 4371 3641 4445 laqueis
3662 4394 3797 4434 mo-

2125 4444 2325 4501 lestias
2348 4447 2486 4517 pati;
2513 4447 2831 4521 ubipugnze
2851 4455 2906 4505 et
2928 4451 3180 4521 labores,
3205 4474 3272 4514 ac
3304 4460 3473 4517 malis
3492 4444 3639 4535 plus
3671 4467 3789 4522 tri-

2124 4535 2325 4627 buitur
2356 4553 2531 4627 quam
2571 4537 2757 4603 bonis,
2784 4538 3014 4611 ipsique
3047 4542 3240 4616 legum
3265 4549 3470 4605 arbitri
3505 4553 3790 4627 utrisque

363 4624 531 4692 fellit,
565 4626 985 4698 promissisque
1013 4626 1194 4693 stetit,
1226 4643 1348 4681 eam
1385 4626 1641 4698 primum
1672 4628 1729 4684 in
1786 4632 2008 4689 aedibus
2044 4652 2087 4717 Β
2119 4625 2374 4717 Yffnalesi
2399 4625 2778 4717 θῒίῐῘΊΡῐὌῙζυδ
2811 4628 2858 4683 εί
2889 4630 3067 4685 ditior
3104 4634 3274 4703 Sit,i8
3304 4639 3564 4709 optimus
3595 4624 3700 4698 est.
3746 4669 3781 4698 »

358 4717 618 4783 paternis
665 4716 834 4770 vitam
870 4717 1115 4787 agendo,
1136 4716 1385 4786 quamin
1404 4716 1717 4773 solitudine
1739 4727 2005 4777 acturum

354 4816 415 4855 se
448 4803 637 4858 fuerat
661 4804 991 4874 pollicitus;
1042 4821 1107 4857 ac
1139 4804 1346 4859 deinde
1396 4806 1453 4858 in
1488 4821 1703 4877 eremo,
1737 4807 1793 4861 in
1826 4825 2002 4879 quam

348 4891 448 4944 ubi
486 4894 744 4961 primum
778 4893 942 4946 licuit
972 4910 1033 4947 se
1064 4893 1294 4961 recepit.

347 4978 486 5053 L_lX.
533 4982 701 5053 Vitam
743 4998 953 5052 quoque
1008 4984 1323 5037 solitariam
1370 4984 1545 5051 egisse
1594 4973 1905 5053 Gregorium
1941 4992 2001 5045 in

384 5050 657 5118 Tiberina,
694 5050 763 5108 ini
782 5050 885 5123 qua
909 5055 1077 5107 silum
1100 5056 1553 5123 crut.-lrianz-tmz,
1582 5050 1743 5110 redii;
1754 5061 1833 5113 ile
1853 5070 1954 5115 est.

414 5137 563 5200 Quin
596 5142 771 5197 etiam
805 5141 1081 5197 credibile
1103 5146 1192 5197 est
1224 5142 1725 5213 Gregorium,cum
1750 5148 1991 5206 Athenis

336 5224 397 5281 in
424 5228 575 5284 aedes
607 5234 879 5301 paternas
902 5230 1333 5301 rediisset,hinc
1360 5232 1418 5285 in
1440 5233 1773 5289 Tiberinam
1800 5239 1984 5310 regio-

333 5328 470 5370 nem
505 5333 566 5372 se
597 5320 937 5391 contulisse,
973 5320 1071 5375 ubi
1104 5320 1409 5375 Arianzum
1461 5338 1583 5389 rus,
1614 5324 1743 5394 ejus
1790 5327 1982 5385 natale

327 5401 540 5475 solum,
574 5406 752 5463 situm
785 5414 909 5466 erat
939 5426 1056 5466 non
1085 5408 1257 5483 longe
1288 5427 1322 5467 a
1350 5409 1667 5483 Nazianzo;
1705 5417 1769 5470 ut
1797 5415 1976 5473 simul

418 5525 475 5603 ᾳ)
501 5519 687 5603 ριςκιί,
722 5542 780 5581 n.
809 5525 938 5603 ψ).

415 5589 467 5728 eg
496 5589 757 5661 lbid.,'n.
798 5597 922 5653 400.

415 5676 440 5714 c
493 5662 591 5728 Ep.
625 5664 699 5721 al.
730 5667 782 5722 5.

412 5676 460 5728 ο)
493 5676 591 5734 Ep.
625 5676 699 5721 al.
730 5676 782 5722 5.

409 5730 465 5816 ά)
500 5734 614 5795 Vita
640 5737 838 5815 Basil.,
868 5754 925 5816 p.
960 5738 1048 5801 46.

2121 4710 2278 4801 Licet
2332 4717 2453 4766 tota
2510 4712 2631 4767 haec
2685 4713 2943 4786 Gregorii
2988 4720 3136 4776 ratio
3194 4722 3253 4777 in
3312 4726 3442 4780 vitta
3469 4727 3781 4801 instituto,

2118 4800 2288 4855 laude
2318 4806 2491 4872 atque
2549 4802 2933 4860 admiratione
2973 4808 3151 4879 digna
3198 4812 3481 4885 videatur,
3536 4800 3781 4879 dubitat

2112 4895 2304 4944 tamen
2336 4891 2423 4943 vir
2455 4896 2693 4945 sanctus
2724 4892 2820 4961 (g),
2854 4911 2924 4947 an
2960 4895 3095 4951 hinc
3125 4899 3238 4953 sibi
3271 4904 3463 4959 omnis
3496 4907 3626 4961 vitae
3649 4910 3777 4964 dif-

2110 4977 2316 5033 liculas
2347 4980 2749 5050 asperitasque
2794 4980 3041 5050 ﬂuxerit,
3079 5002 3181 5055 per
3212 5006 3391 5059 quam
3424 4992 3774 5054 incommo-

2106 5067 2259 5159 dum_
2281 5084 2347 5159 ac
2372 5066 2834 5159 salebrosum‘ad
2870 5071 3297 5145 philosophiam
3322 5080 3431 5135 iter
3461 5082 3771 5159 habuerit,

2102 5170 2207 5210 nec
2229 5155 2515 5211 desiderio
2537 5173 2642 5211 suo
2666 5157 2962 5230 animique
2992 5166 3290 5235 proposito
3320 5169 3462 5226 satis
3480 5155 3769 5245 dignum;

2098 5245 2284 5308 Quare
2314 5244 2526 5299 Basilio
2548 5246 2811 5302 scribens
2834 5249 3172 5319 objectanti,
3207 5258 3360 5327 quod
3396 5276 3515 5316 una
3548 5244 3770 5325 secum

2093 5331 2153 5388 in
2184 5331 2563 5389 solitudinem
2594 5351 2721 5391 sese
2744 5353 2859 5392 non
2879 5340 3213 5413 recepisset,
3241 5350 3767 5417 quemadmodum

2090 5423 2160 5479 ab
2212 5422 2454 5479 Athenis
2506 5440 2567 5479 se
2618 5425 2874 5483 facturos
2930 5434 3136 5489 mutuo
3186 5437 3608 5515 promiserant,
3641 5442 3763 5503 da.-

2180 5538 2227 5607 e)
2258 5538 2448 5593 Carm.
2483 5542 2561 5595 De
2583 5541 2699 5597 vita
2726 5557 2854 5611 sua,
2881 5561 2936 5601 v.
2969 5546 3094 5603 323.

2148 5538 2221 5757 ἕρ
2250 5609 2441 5665 Carm.
2476 5612 2548 5667 De
2573 5612 2685 5668 reb.
2719 5616 2853 5691 suis,
2884 5632 2939 5676 v.
2972 5618 3078 5677 437

2172 5682 2226 5752 g)
2258 5680 2351 5739 Or.
2386 5682 2474 5753 43,
2503 5700 2560 5741 n.
2592 5684 2683 5745 25.

2172 5697 2205 5751 9

2250 5609 2454 5704 (Carm;
2476 5612 2548 5704 D_e
2573 5612 2685 5704 νέξ.
2719 5609 2853 5691 suis,
2884 5632 2939 5676 ν.
2972 5618 3078 5677 437
3106 5624 3165 5683 et
3195 5639 3319 5704 seq.

2210 5682 2226 5752 )
2258 5680 2351 5739 Or.
2386 5682 2474 5753 43,
2503 5700 2560 5741 n.
2592 5684 2683 5745 25.
