4096 6288
340 266 453 327 1⁵77

1688 263 1872 327 VITA
1920 262 1985 325 S.
2033 265 2428 328 GREGORII.

3646 271 3766 333 178

337 402 576 471 tamque
607 396 785 455 ﬁdem
820 397 1217 469 fefellisset,id
1243 397 1395 455 ultro
1425 399 1730 466 fatetur,ac
1760 396 2003 471 promit-
2034 401 2081 465 Α
2118 400 2420 471 agebatur,
2457 404 2513 457 et
2544 416 2721 474 quam
2748 400 2873 474 ipse
2902 399 3181 468 traduxit,
3229 417 3363 459 cum
3415 402 3583 477 panis
3613 403 3757 462 adeo

336 488 405 542 tit
434 488 714 561 deinceps
751 505 815 546 se
846 489 1026 545 ﬁdem
1074 493 1461 546 servaturum.
1516 490 1771 544 «Fidem
1806 486 1998 557 fefelli,

336 578 527 649 inquit
560 578 658 648 (a).
708 619 721 633 .
769 621 782 634 .
833 620 845 633 .
882 596 999 633 non
1037 584 1228 634 autem
1263 595 1503 651 prorsus
1548 577 1768 643 fallam,
1812 577 2002 649 siqui-

338 669 465 722 dem
501 668 613 721 hoc
642 672 884 738 gratum
916 668 1027 723 tibi
1060 668 1321 723 futurum
1355 667 1683 722 est.Partim
1719 666 1875 721 enim
1897 682 2004 720 nos

338 761 529 811 tecum
554 757 1033 828 erimus,partim
1066 758 1190 828 ipse
1209 756 1514 812 nobiscum
1535 772 1663 811 esse
1684 772 2003 827 ne,quaeso,

340 845 621 918 graveris,
658 850 722 899 ut
754 845 959 900 omnia
990 846 1107 900 sint
1134 845 1553 910 communia,et
1583 844 1818 915 aequalis
1850 843 2002 898 ami-

340 934 491 990 citia.
526 933 623 989 Sic
656 934 817 988 enim
852 935 1047 1001 fiet,ut
1070 951 1173 989 nec
1203 939 1474 1006 parentes
1506 950 1751 989 mcerore
1783 933 1999 988 afﬁcia-

345 1040 497 1087 mus,
528 1029 587 1077 et
617 1028 675 1078 te
708 1024 999 1078 fruamur.
1037 1045 1064 1072 »
1102 1023 1183 1078 Ita
1215 1022 1530 1095 Gregorius
1561 1023 1816 1079 amicum
1853 1021 1998 1078 invi-

346 1115 427 1167 tat
455 1116 519 1166 ut
541 1112 617 1166 ad
654 1129 716 1167 se
745 1111 1194 1177 veniat,scilicet
1214 1112 1271 1166 in
1306 1111 1684 1167 solitudinem
1715 1111 2000 1167 Tiberinae

343 1201 621 1270 regionis,
657 1218 785 1274 quae
818 1218 953 1256 cum
1007 1201 1290 1257 Nazianzo
1336 1201 1527 1257 vicina
1574 1204 1747 1271 esset,
1780 1199 1835 1254 id
1874 1216 1999 1255 mo-

342 1289 483 1346 leste
514 1306 631 1344 non
669 1291 888 1345 ferrent
920 1290 1435 1361 parentes,quibus
1464 1290 1639 1345 etiam
1664 1292 1861 1362 posset
1890 1288 2000 1343 sol-

342 1378 711 1433 licitudinem
744 1378 1176 1449 impendere,et
1206 1379 1382 1434 simul
1415 1395 1545 1433 cum
1579 1378 1765 1433 amico
1797 1378 1995 1433 solita-

341 1466 484 1520 riam
518 1466 701 1521 vitam
740 1482 932 1538 agere,
967 1470 1032 1521 ut
1079 1465 1371 1537 pollicitus
1423 1467 1629 1521 fuerat.
1663 1465 1787 1521 Non
1818 1465 1999 1537 igitur

339 1554 592 1609 Basilius
641 1555 946 1627 Gregorio,
1000 1559 1065 1609 ut
1110 1556 1301 1611 visum
1364 1553 1737 1610 Bollandistis
1765 1555 1860 1626 (ὸ),
1894 1555 1995 1609 sed

339 1644 657 1714 Gregorius
689 1644 908 1699 Basilio
943 1644 1187 1699 suadere
1216 1647 1460 1699 conatus
1506 1648 1595 1698 est
1626 1648 1688 1697 ut
1732 1644 1789 1697 in
1824 1643 1993 1698 Tibe-

338 1732 530 1787 rinam
566 1732 867 1804 regionem
918 1733 1232 1788 secederet.
1286 1732 1459 1787 Recte
1508 1736 1700 1786 tamen
1734 1731 1900 1786 aiunt
1933 1747 1993 1786 se
2028 1768 2075 1831 B

339 1837 451 1876 non
482 1820 929 1892 dubitare,quin
960 1821 1273 1877 Arianzum
1306 1821 1624 1877 excurrerit
1654 1820 1903 1875 Basilius
1926 1819 1995 1875 ad

339 1910 655 1965 visendum
688 1910 968 1965 amicum.

343 2016 536 2073 LXIII.
597 2018 861 2086 Basilius,
924 2025 1176 2073 extructo
1246 2016 1603 2082 monasterio,

919 2090 1141 2144 allicere
1176 2093 1422 2143 conatur.

405 2181 642 2233 Interea
672 2176 943 2243 Basilius,
975 2177 1071 2249 qui
1106 2177 1346 2232 docendi
1372 2193 1590 2231 munus
1623 2176 1775 2247 apud
1806 2175 1993 2232 Caesa-

340 2265 563 2321 rienses
596 2267 914 2337 abjecerut,
951 2267 1021 2321 ad
1053 2267 1204 2337 quod
1238 2282 1372 2321 eum
1407 2265 1665 2337 piissime
1686 2282 1850 2319 soror
1874 2265 1993 2320 Ma-

337 2356 522 2422 crine,
570 2372 680 2410 nec
745 2372 861 2410 non
935 2354 1248 2426 Gregorius
1304 2353 1683 2425 impulerant,
1731 2354 1891 2410 varia
1932 2356 1991 2409 in

334 2443 569 2498 Oriente
602 2448 659 2498 et
688 2444 931 2516 .‘Egypto
964 2443 1160 2499 invisit
1190 2443 1563 2511 monasteria,
1598 2447 1654 2497 et
1702 2443 1853 2498 circa
1889 2461 1990 2498 an-

333 2548 476 2586 num
529 2533 636 2587 358
684 2534 745 2585 in
794 2532 1046 2603 patriam
1098 2548 1385 2603 reversus,
1438 2531 1601 2586 nulla
1648 2532 1994 2603 interposita

336 2636 522 2684 mora,
554 2620 614 2673 in
650 2620 1031 2675 solitudinem
1091 2635 1217 2675 sese
1268 2620 1496 2690 recipit,
1555 2621 1766 2675 ardens
1798 2621 1992 2675 studio

336 2706 615 2776 przeclara
644 2708 928 2762 virtutum
962 2698 1667 2778 exemplaimitandi,quae
1697 2708 1756 2761 in
1790 2726 1991 2764 mona-

335 2796 533 2849 steriis
564 2796 813 2868 Egypti,
853 2795 1190 2867 Palaestinae,
1219 2796 1535 2864 Goelesyriae
1576 2802 1633 2849 et
1665 2797 1992 2869 Mesopota-

337 2884 485 2955 mia,
521 2902 638 2939 non
671 2885 797 2940 sine
829 2891 1069 2957 stupore
1093 2885 1777 2957 conspexerat.ldoneum
1809 2903 1995 2942 seces-

338 2971 426 3026 sui
454 2974 650 3027 locum
686 2975 755 3029 ad
789 2974 979 3046 ripam
1029 2974 1200 3029 Iridis
1247 2974 1426 3042 ﬂuvii,
1475 2974 1573 3045 qui
1626 2990 1694 3028 ex
1720 2975 1995 3030 Armenia

337 3064 501 3115 ostus
536 3061 785 3117 Pontum
818 3062 1046 3135 irrigat,
1094 3063 1164 3117 ab
1196 3063 1353 3117 omni
1409 3079 1649 3134 prorsus
1683 3062 1989 3119 hominum

1678 2015 1995 2086 Gregorium

2117 491 2299 545 durus
2331 494 2743 562 apponeretur,
2789 494 2854 545 ut
2884 492 3089 547 dentes
3122 491 3452 563 frangeret;
3484 496 3764 567 tantaque

2112 580 2235 635 erat
2265 595 2457 634 rerum
2499 580 2759 634 omnium
2792 578 3012 651 inopia,
3059 583 3124 634 ut
3170 580 3284 635 nisi
3337 584 3527 637 mater
3553 582 3756 638 Basilii

2114 671 2397 739 oportune
2447 667 2855 735 succurrisset,
2904 667 3274 724 moriendum
3324 669 3549 726 fuisset.
3583 674 3755 728 Com-

2113 760 2401 810 memorat
2427 756 2600 810 etiam
2635 755 2949 828 Gregorius
2993 755 3253 813 laborem
3304 774 3609 825 manuum,
3641 762 3757 817 Au-

2112 843 2217 917 giee
2250 844 2455 899 ﬁmum
2503 860 2532 899 e
2574 845 2746 899 domo
2795 848 3164 916 exportatum
3223 850 3287 901 ut
3338 846 3491 903 horti
3539 848 3760 905 fertiles

2111 934 2509 1000 redderentur,
2546 950 2610 988 ac
2639 932 2896 989 immane
2940 933 3266 1006 plaustrum
3319 952 3426 991 sua
3472 941 3529 992 et
3560 936 3757 992 Basilii

2112 1022 2328 1077 cervice
2359 1021 2749 1094 manibusque
2790 1026 3063 1079 tractum.
3098 1023 3198 1079 His
3247 1023 3408 1080 addit
3458 1023 3751 1098 lignorum

2110 1112 2603 1183 comportationes
2629 1114 2683 1168 et
2716 1110 3368 1183 lapicidinas.arborum
3401 1114 3753 1171 consitiones

2110 1203 2166 1255 et
2196 1200 2583 1273 irrigationes.

2108 1307 2262 1365 LXV.
2314 1306 2517 1384 Studio
2552 1323 2835 1384 sacrarum
2871 1307 3220 1384 litterarum
3253 1308 3540 1384 incumbit.
3588 1327 3756 1384 eoque

2370 1377 2549 1433 studio
2582 1379 2821 1448 miriﬁce
2850 1378 3153 1433 delectatur
3183 1379 3487 1451 Gregorius.

2180 1467 2342 1532 Quod
2393 1470 2694 1537 supererat
2740 1467 2841 1521 otii
2891 1468 2964 1521 ab
3017 1467 3279 1523 asceticae
3327 1469 3456 1523 vitae
3508 1470 3747 1539 muniis,

2108 1556 2542 1628 Scripturarum
2597 1555 2962 1610 meditationi
3010 1556 3450 1627 impendebant.
3486 1558 3544 1612 Id
3578 1558 3750 1630 longe

2106 1645 2508 1715 gratissimum
2562 1648 2685 1698 erat
2722 1643 3018 1713 Gregorio,
3053 1644 3147 1698 cui
3195 1645 3265 1698 de
3321 1645 3450 1699 vitae
3483 1645 3748 1703 instituto

2106 1732 2459 1787 consultanti
2488 1748 2553 1787 ac
2586 1732 2890 1786 ﬂuctuanti
2924 1736 3123 1787 utrum
3154 1732 3409 1804 eligeret,
3455 1732 3598 1789 illud
3631 1752 3747 1806 prae

2109 1820 2240 1876 aliis
2271 1820 2602 1892 eligendum
2624 1821 2813 1876 visum
2848 1820 3122 1889 fuerat,in
3155 1838 3268 1894 quo
3299 1822 3663 1894 frequentius
3686 1841 3750 1880 ac

2106 1910 2349 1965 liberius
2378 1926 2575 1964 sacros
2608 1909 2788 1965 libros
2836 1925 3067 1965 versare
3115 1926 3181 1966 ac
3229 1910 3498 1966 meditari
3528 1915 3744 1983 posset.

2107 1999 2293 2053 Ambo
2324 1997 2498 2068 igitur
2527 1997 2912 2053 concordibus
2944 1998 3175 2069 animis,
3209 1999 3333 2070 pari
3366 1999 3559 2054 studio
3591 1999 3748 2072 pari-

2108 2104 2219 2159 que
2251 2103 2527 2142 successu
2554 2102 2729 2142 sacraa
2762 2086 2897 2141 huic
2920 2086 3153 2141 lectioni
3184 2087 3743 2161 incumbunt,atque

2105 2193 2205 2231 eos
2239 2176 2461 2230 fructus
2490 2174 2939 2246 percipiunt,qui
2976 2191 3089 2230 non
3114 2176 3286 2231 modo
3316 2174 3375 2230 in
3402 2193 3569 2231 suam
3588 2177 3741 2248 ipso-

2105 2282 2259 2332 rum,
2292 2280 2495 2319 verum
2525 2263 2702 2319 etiam
2734 2263 2792 2317 in
2815 2261 3082 2319 Ecclesiae
3110 2263 3294 2319 totius
3324 2264 3634 2320 utilitatem
3666 2282 3749 2321 re-

2106 2354 2464 2409 dundarunt.
2528 2350 2739 2407 Nullus
2792 2351 2999 2407 dubito
3031 2352 3172 2423 quin
3231 2352 3352 2408 haec
3384 2354 3456 2408 ad
3487 2354 3745 2424 primum

2106 2443 2366 2515 Gregorii
2396 2457 2689 2497 secessum
2725 2441 3073 2511 pertineant,
3106 2456 3211 2496 nec
3244 2442 3512 2497 dubitare
3542 2442 3748 2499 sinunt

2103 2532 2223 2587 hinc
2270 2532 2445 2586 verba
2487 2530 2675 2602 ipsius
2725 2528 2988 2601 Gregorii
3038 2530 3251 2585 Basilio
3302 2531 3639 2601 scribentis,
3686 2536 3743 2588 et

2104 2625 2236 2694 post
2266 2620 2488 2692 aliquot
2511 2636 2692 2674 annos
2715 2619 2999 2691 pristinas
3022 2618 3152 2674 illas
3174 2618 3590 2692 delicias,quas
3613 2637 3746 2676 cum

2102 2711 2230 2782 ipso
2263 2710 2320 2764 in
2381 2726 2618 2765 secessu
2675 2710 3102 2780 degustaverat,
3162 2708 3552 2764 desiderantis
3610 2709 3737 2781 (d):

2105 2799 2281 2865 «Quis
2315 2814 2405 2852 me
2437 2798 2760 2852 secundum
2810 2796 3196 2867 pristinorum
3247 2795 3485 2853 illorum
3515 2798 3742 2854 dierum

2103 2892 2325 2942 statum
2353 2885 2695 2955 constituet,
2716 2885 2772 2939 in
2797 2884 3011 2957 quibus
3036 2901 3139 2956 ego
3164 2888 3357 2941 tecum
3372 2886 3745 2943 afﬂictionem

2102 2993 2204 3048 pro
2240 2975 2461 3031 deliciis
2494 2974 2781 3030 habebam
2821 2973 2940 3027 ?....
2976 2973 3117 3039 Quis
3145 2973 3503 3045 Psalmodias
3529 2974 3656 3031 illas
3687 2980 3745 3032 et

2100 3063 2328 3137 vigilias
2360 3063 2536 3128 dabit,
2568 3067 2742 3134 atque
2774 3064 2844 3118 ad
2879 3063 3061 3117 Deum
3096 3078 3197 3135 per
3227 3062 3546 3117 orationem
3580 3080 3743 3136 pere-

337 3151 762 3206 consuetudine
793 3155 1084 3206 remotum
1110 3151 1283 3222 elegit
1305 3166 1334 3205 e
1360 3150 1593 3223 regione
1622 3152 1983 3221 monasterii,
2020 3136 2061 3201 C
2100 3153 2479 3226 grinationes,
2532 3150 2810 3222 illamque
2862 3150 3020 3205 velut
3070 3151 3313 3206 materia
3358 3156 3661 3207 vacantem
3685 3158 3745 3209 et

335 3238 487 3308 quod
522 3240 593 3293 ad
628 3240 872 3295 alteram
897 3240 1163 3311 ejusdem
1187 3240 1344 3295 ﬂuvii
1373 3240 1562 3312 ripam
1579 3240 1835 3296 Macrine
1858 3258 1988 3297 con-

334 3333 647 3383 struxerat.

336 3435 523 3489 LXIV.
554 3436 615 3489 1η
646 3435 1009 3490 solitudinem
1041 3435 1113 3490 ad
1154 3436 1425 3491 Basiliam
1455 3452 1511 3490 se
1538 3438 1751 3507 confert
1779 3453 1797 3489 :
1829 3437 1985 3492 ambo

404 3509 576 3561 vitam
608 3511 901 3563 asceticam
933 3512 1122 3577 agunt.
1158 3508 1289 3564 Vitae
1316 3510 1630 3573 austeritas,
1652 3525 1839 3565 rerum
1872 3510 1986 3563 ino-

403 3581 520 3648 pia,
554 3596 823 3633 manuum
857 3580 1031 3645 labor,
1056 3584 1165 3633 etc.

402 3684 526 3738 lllic
556 3685 787 3755 primus
814 3684 1081 3738 omnium
1112 3684 1168 3738 in
1203 3685 1567 3756 Cappadocia
1593 3685 1765 3739 vitam
1801 3703 1985 3741 coeno-

334 3773 592 3838 biticam,
628 3789 803 3843 quam
838 3772 1113 3827 solitariae
1145 3772 1315 3844 longe
1345 3773 1761 3843 praeferendam
1794 3774 1985 3830 existi-

334 3862 813 3927 mabat,instiluit
848 3860 1434 3932 Basilius.0ptaverat
1459 3862 1691 3916 fratrem
1725 3862 1973 3932 aliquem

333 3950 605 4020 reperire,
642 3950 743 4020 qui
791 3949 975 4003 vitam
1010 3949 1319 4004 asceticam
1343 3950 1733 4020 proﬁteretur,
1766 3954 1830 4004 ut
1859 3967 1977 4005 una

334 4054 459 4093 cum
505 4054 572 4093 eo
626 4039 853 4093 brevem
908 4038 1092 4104 huius
1140 4037 1265 4091 vitae
1315 4037 1555 4092 ﬂuctum
1600 4040 1981 4109 pertransiret

333 4124 671 4198 Speraverat
690 4142 751 4181 se
773 4143 904 4181 cum
933 4124 1205 4197 Gregorio
1218 4125 1540 4194 victurum;
1573 4127 1671 4181 sed
1706 4127 1982 4198 imposita

333 4215 515 4269 amico
546 4215 809 4270 fovendae
844 4218 1153 4287 parentum
1181 4216 1504 4270 senectutis
1527 4216 1844 4272 necessitas
1874 4216 1979 4271 im-

331 4304 663 4375 pedimento
698 4303 825 4373 fuit,
861 4320 1011 4374 quos
1046 4302 1241 4357 minus
1274 4302 1330 4357 id
1366 4304 1517 4371 quod
1549 4303 1703 4358 inter
1733 4319 1793 4359 se
1843 4321 1976 4359 cum

332 4392 569 4447 Athenis
600 4396 997 4462 versarentur,
1033 4391 1185 4462 pacti
1215 4391 1467 4458 fuerant,
1499 4402 1972 4464 exsequerentur.

332 4480 689 4552 Quapropter
719 4497 785 4535 eo
812 4481 1134 4535 destitutus
1166 4480 1785 4553 pr:esidio,postquam
1819 4485 1978 4538 varia
2008 4503 2053 4566 D

332 4567 597 4624 lustravit
628 4570 1011 4637 monasteria,
1046 4568 1203 4623 solus
1234 4569 1292 4623 in
1328 4568 1702 4626 solitudinem
1738 4588 1798 4626 se
1828 4574 1972 4627 reci-

330 4658 444 4729 pit;
478 4660 650 4729 cujus
684 4658 930 4712 delicias
963 4658 1063 4711 ubi
1097 4657 1352 4729 primum
1387 4658 1681 4730 delibavit,
1715 4660 1868 4715 datis
1901 4661 1971 4715 ad

329 4747 664 4817 Gregorium
721 4745 950 4812 litteris,
1020 4745 1381 4816 perjucunda
1429 4745 1536 4800 loci
1586 4748 1974 4818 descriptione

328 4851 453 4889 eum
486 4834 723 4889 allicere
746 4839 994 4890 conatus
1025 4834 1454 4906 est.Gregorius
1478 4836 1647 4891 amici
1673 4842 1730 4891 et
1752 4837 1973 4891 sollitu-

326 4924 474 4978 diuis
504 4923 800 4979 desiderio
845 4924 1122 4994 ﬂagrans,
1158 4940 1335 4994 quam
1386 4924 1644 4995 primum
1696 4925 1878 4994 licuit,
1911 4926 1970 4980 in

324 5010 564 5069 Pontum
600 5013 671 5067 ad
708 5011 992 5067 Basilium
1025 5028 1086 5066 se
1116 5013 1380 5082 contulit,
1429 5029 1582 5067 anno
1613 5014 1718 5067 358
1751 5013 1837 5067 vel
1868 5015 1973 5068 359

320 5103 405 5171 (cl.
438 5101 565 5157 Illic
596 5101 853 5157 miratur
886 5105 944 5155 et
976 5099 1173 5155 laudat
1204 5100 1479 5158 eximiam
1521 5102 1788 5171 fratrum,
1824 5118 1972 5173 quos

320 5192 384 5246 ad
415 5192 697 5263 pietatem
728 5189 990 5246 Basilius
1023 5189 1761 5259 instituebat,concordiam
1795 5207 1807 5245 :
1834 5208 1969 5247 sua-

316 5296 435 5335 vem
462 5282 833 5353 psalmorum
861 5285 920 5334 et
938 5278 1292 5349 hymnorum
1315 5284 1698 5352 cantum,quo
1730 5298 1969 5353 magno-

321 5384 447 5440 pere
496 5370 831 5426 delectatus
882 5366 1033 5432 fuit;
1066 5366 1240 5423 vitam
1288 5385 1625 5441 pauperem,
1679 5385 1805 5441 qua:
1850 5369 1970 5426 illic

383 5513 456 5582 (η)
486 5518 588 5586 Ep.
629 5511 705 5586 al.
739 5513 797 5565 5.

381 5578 451 5655 (ὁ)
480 5578 688 5642 9Μειὶἱ
723 5599 783 5656 p.
818 5582 949 5649 385,
986 5578 1097 5634 col.
1135 5581 1185 5650 1,
1218 5583 1334 5637 not.
1368 5582 1430 5637 B.

2094 3243 2493 3314 incorporeum
2525 3240 2705 3295 vitam
2727 3240 2755 3293 ‘l
2780 3239 2920 3306 Quis
2954 3239 3201 3297 fratrum
3234 3254 3457 3308 eorum,
3494 3241 3592 3313 qui
3625 3259 3657 3297 a
3685 3246 3742 3297 te

2094 3331 2174 3387 dii
2205 3331 2605 3386 efﬁciebantur
2634 3332 2808 3400 atque
2840 3329 2899 3383 in
2934 3327 3117 3384 altum
3150 3328 3564 3400 evehebantur,
3598 3347 3740 3387 con-

2093 3421 2351 3477 cordiam
2387 3419 2829 3487 animorumque
2856 3417 3327 3489 conjunctionem
3345 3418 3373 3471 ‘I
3391 3417 3530 3484 Quis
3552 3419 3742 3475 virtu-

2091 3511 2169 3564 tis
2200 3514 2513 3575 certamen,
2546 3511 2602 3562 et
2632 3506 2702 3561 ad
2719 3523 2842 3561 eam
2866 3506 3477 3577 incitationem,quam
3507 3507 3740 3580 scriptis

2097 3598 2322 3670 legibus
2354 3614 2419 3651 ac
2448 3594 2667 3667 regulis
2713 3594 3201 3650 obﬁrmavimus?
3233 3595 3373 3659 Quis
3406 3595 3737 3653 divinorum

2092 3685 2459 3741 oraculorum
2497 3683 3096 3755 studium,lucemque
3119 3684 3173 3737 in
3195 3684 3340 3754 ipsis
3361 3683 3539 3739 ductu
3563 3689 3740 3758 atque

2094 3772 2373 3845 auspiciis
2406 3772 2659 3843 Spiritus
2692 3771 2879 3826 sancti
2928 3771 3223 3825 inventam
3253 3770 3281 3825 ?
3310 3795 3332 3824 ι
3372 3775 3513 3826 Cum
3541 3777 3736 3829 autem

2092 3864 2151 3919 in
2202 3862 2637 3933 Scripturarum
2686 3861 2880 3916 studio
2944 3859 3077 3931 plus
3137 3860 3397 3931 antiquis
3444 3861 3741 3932 scriptori-

2095 3954 2206 4009 bus
2256 3966 2434 4023 quam
2490 3949 2720 4019 ingenio
2788 3948 3022 4021 proprio
3091 3948 3433 4015 tribuerent,
3482 3948 3739 4021 plurima

2093 4057 2162 4096 ex
2192 4038 2434 4109 Origene
2482 4035 2839 4107 collegerunt
2900 4035 3301 4090 observatione
3361 4036 3558 4109 digna,
3606 4054 3733 4109 quae

2088 4130 2146 4184 in
2197 4143 2380 4182 unum
2437 4142 2651 4197 corpus
2722 4125 2957 4179 redacta
3032 4124 3395 4180 Philocaliam
3470 4126 3734 4198 appella-

2087 4221 2244 4274 runt.

2085 4325 2277 4380 LXVI.
2308 4321 2621 4379 Philocalia
2668 4325 2719 4377 et
2749 4321 2975 4391 Regulae
3021 4322 3339 4394 mopasticm
3370 4330 3497 4378 sunt
3524 4324 3735 4394 fructus

2440 4394 2749 4450 studiorum
2778 4394 2986 4448 Basilii
3013 4401 3064 4447 et
3096 4391 3363 4461 Gregorii.

2156 4486 2217 4539 In
2271 4482 2602 4539 ediscendis
2650 4481 2968 4553 Scripturis
3018 4480 3267 4536 Basilius
3321 4486 3377 4536 et
3418 4481 3732 4553 Gregorius

2084 4578 2354 4629 mutuam
2388 4572 2499 4627 sibi
2532 4587 2766 4643 operam
2796 4569 3171 4640 prtestabant,
3209 4568 3524 4625 familiares
3555 4571 3729 4625 etiam

2085 4664 2154 4718 de
2187 4663 2277 4717 his
2308 4662 2459 4715 inter
2487 4677 2547 4716 se
2580 4675 2879 4715 sermones
2918 4659 3292 4725 conferendo,
3325 4675 3459 4713 cum
3509 4658 3567 4712 in
3603 4675 3727 4714 ere-

2084 4768 2199 4821 mo,
2234 4750 2333 4805 ubi
2382 4753 2675 4805 testantur
2722 4764 2820 4801 eas
2869 4764 2929 4802 se
2978 4746 3276 4813 didicisse,
3329 4751 3719 4802 versarentur.

2084 4839 2193 4894 Sed
2231 4838 2582 4911 praecipuum
2634 4837 2692 4891 in
2745 4836 3075 4890 divinorum
3128 4836 3494 4891 oraculorum
3531 4836 3726 4891 studio

2084 4929 2432 4999 magistrum
2458 4927 2714 4981 habuere
2743 4924 3021 4997 Spiritum
3049 4925 3517 4995 senctum,cujus
3548 4925 3724 4980 ductu

2081 5022 2137 5072 et
2167 5016 2444 5088 auspiciis
2472 5015 2661 5071 lucem
2710 5015 2770 5068 in
2814 5014 2961 5085 ipsis
3010 5030 3043 5067 a
3087 5029 3148 5069 se
3208 5014 3503 5068 inventam
3536 5013 3727 5069 decla-

2082 5110 2231 5160 rant.
2268 5106 2476 5160 Prester
2505 5103 2890 5170 Philocaliam,
2926 5102 3075 5157 alius
3104 5104 3290 5157 exstat
3322 5103 3545 5157 fructus
3566 5119 3725 5158 com-

2082 5194 2427 5251 morationis
2458 5191 2718 5265 Gregorii
2751 5192 2810 5247 in
2844 5208 3051 5247 monas
3078 5190 3224 5246 terio
3249 5190 3446 5247 Basilii
3478 5196 3534 5247 et
3563 5208 3722 5248 com-

2081 5301 2256 5341 mune
2289 5284 2595 5352 utriusque
2648 5298 2816 5354 opus,
2861 5285 2924 5336 ut
2953 5297 3021 5336 ex
3066 5281 3192 5352 ipso
3242 5279 3514 5352 Gregorio
3547 5280 3722 5337 disci-

2079 5388 2476 5442 mus,nempe
2510 5371 2666 5442 leges
2696 5369 3033 5426 monasticae
3065 5373 3121 5425 et
3150 5368 3383 5442 regulae.
3406 5392 3432 5421 «
3465 5370 3604 5436 Quis
3629 5372 3727 5427 da-

2153 5513 2222 5585 (c)
2251 5514 2545 5585 Greg.ep.
2580 5512 2655 5568 al.
2686 5512 2741 5565 9.

2151 5585 2230 5653 (d)
2261 5590 2360 5657 Ep.
2397 5584 2472 5640 al.
2504 5585 2557 5639 9.
