4096 6288
378 389 493 453 I79

1711 384 1894 447 Vl'l‘A
1939 386 2004 445 Ξ.
2053 381 2449 446 GREGORII.

3666 374 3783 436 l80

377 524 465 581 hit
491 524 723 581 virtutis
745 525 1124 588 certamen,et
1143 523 1215 579 ad
1246 538 1374 579 eam
1407 520 2014 592 incitationem,quam
2048 522 2100 588 Α
2130 519 2264 574 bam
2295 517 2507 573 ?...Sed
2540 516 2663 572 haec
2692 519 2893 586 Optare
2923 512 3156 586 quidem
3191 510 3782 583 perfacile,consequi

378 614 614 687 scriptis
644 614 869 685 legibus
918 630 983 668 ac
1038 612 1258 684 regulis
1301 611 1790 667 obfirmavimus?
1822 633 1844 662 ι
1881 613 2016 676 Quae

376 704 637 775 Gregorii
669 704 845 759 verba
874 702 1143 758 dubitare
1194 718 1307 756 non
1358 700 1580 766 sinunt,
1634 699 1772 770 quin
1809 700 1879 754 ad
1911 699 2019 754 has

377 792 536 866 leges
566 791 917 863 regalesque
956 790 1082 844 vitae
1114 790 1449 845 monasticae
1482 788 1819 843 scribendas
1850 804 2020 842 suam

382 899 516 938 cum
564 880 774 937 Basilio
835 895 1069 951 operam
1143 878 1472 933 contulerit.
1524 878 1687 941 Quod
1742 878 1799 932 ni
1852 878 2019 932 fecis-

379 976 488 1036 set,
556 974 709 1026 certe
772 969 863 1024 vir
928 969 1230 1025 modestus
1299 968 1369 1023 de
1428 983 1488 1022 se
1553 984 1666 1020 non
1739 967 2020 1037 praedica-

381 1064 488 1115 ret.

384 1165 601 1222 LXVII.
639 1166 753 1221 Voti
788 1180 1000 1231 compos
1050 1165 1110 1235 ﬁt
1161 1164 1470 1233 Gregorius,
1521 1164 1765 1235 mediam
1792 1179 2023 1234 carpens

653 1239 804 1293 viam
832 1238 969 1291 inter
1002 1234 1359 1290 anachorelas
1386 1239 1439 1289 et
1466 1234 1745 1306 mygades.

450 1326 544 1381 Sic
592 1327 650 1381 in
701 1325 897 1380 Basilii
953 1326 1306 1379 monasterio
1357 1324 1551 1395 quiete
1592 1340 1657 1378 ac
1708 1323 2025 1378 solitudine

378 1415 699 1469 fruebatur.
734 1414 893 1468 Hanc
924 1414 995 1467 ab
1026 1413 1191 1467 initio
1223 1413 1545 1478 adamarat,
1588 1429 1713 1466 eam
1749 1412 1807 1466 in
1843 1412 2022 1466 maxi-

377 1503 491 1559 mis
540 1502 1027 1575 gravissimisque
1078 1501 1352 1573 periculis
1428 1501 1542 1556 Deo
1592 1505 1841 1556 voverat.
1894 1500 2022 1555 Voti

374 1607 615 1663 compos
647 1592 857 1656 factus,
892 1590 1147 1645 mediam
1180 1590 1456 1659 carpebat
1504 1590 1682 1657 viam,
1715 1605 1891 1660 quam
1924 1590 2027 1644 du-

382 1681 524 1735 dum
556 1682 751 1735 aoimo
783 1684 1147 1748 conceperat,
1178 1678 1333 1733 inter
1379 1678 1783 1742 anachoretas,
1816 1682 1874 1733 et
1900 1694 2026 1752 my-

382 1770 601 1840 gades;
634 1784 766 1823 cum
800 1768 917 1822 illis
940 1767 1514 1836 meditari,cum!istis
1548 1767 1881 1838 Scripturas
1899 1784 2028 1823 ver-

2130 611 2325 663 autem
2357 623 2474 661 non
2506 606 2747 677 perinde
2774 602 3039 657 facile.At
3060 606 3121 655 tu
3143 599 3288 655 mihi
3319 600 3588 655 adesto...
3614 600 3786 672 Equi-

2129 697 2258 751 dem
2293 696 2419 767 ipse
2448 698 2506 749 te
2532 694 2722 765 magis
2748 708 2927 763 quam
2960 706 3154 746 aerem
3185 689 3552 760 spiro,idque
3589 687 3781 744 solum

2130 786 2277 843 vivo.
2311 783 2463 855 quod
2496 787 2691 837 tecum
2724 796 2880 845 sum,
2909 779 2996 835 vel
3030 794 3250 845 coram,
3290 778 3379 832 vel
3434 778 3651 833 absens
3680 795 3784 851 per

2130 872 2310 927 animi
2343 871 2749 927 simulacrum.
2786 890 2814 919 »

2130 961 2293 1026 LXX,
2326 960 2517 1014 LXXI.
2549 961 2846 1028 Presbyter
2868 964 3108 1024 creatur,
3158 963 3208 1010 et
3251 956 3401 1028 fugit
3428 955 3490 1008 in
3517 955 3779 1028 Pontum.

2205 1033 2509 1086 Revertitur
2554 1030 2627 1085 ad
2676 1025 2823 1085 diem
2875 1031 3073 1098 festum
3129 1025 3377 1092 Paschae,
3434 1027 3785 1098 primamque

2202 1103 2361 1157 habet
2388 1103 2715 1157 orationem.
2767 1104 2836 1156 In
2886 1100 3128 1171 longiori
3169 1103 3377 1169 postea,
3428 1102 3572 1168 fugae
3602 1102 3656 1153 et
3684 1115 3783 1154 re-

2202 1176 2349 1229 ditus
2376 1176 2647 1228 rationem
2678 1170 2935 1227 reddidit.

2204 1262 2389 1317 Citius
2416 1265 2636 1327 tamen,
2669 1276 2847 1331 quam
2879 1274 3015 1331 spes
3045 1260 3189 1325 erat,
3215 1257 3273 1312 id
3305 1260 3657 1312 consecutus
3688 1262 3785 1315 est

2144 1350 2477 1422 Gregorius.
2509 1350 2650 1404 Cum
2682 1348 2836 1403 enim
2884 1364 3028 1402 suus
3058 1363 3191 1401 eum
3242 1350 3405 1418 pater
3435 1345 3679 1401 invitum
3714 1364 3785 1402 ac

2147 1439 2527 1495 reluctantem
2559 1438 2963 1511 presbyterum
3006 1438 3281 1503 creasset,
3315 1433 3423 1490 hac
3450 1435 3783 1507 tyrannide,

2136 1528 2220 1584 sic
2250 1528 2405 1585 enim
2440 1526 2671 1600 appelat
2701 1525 2792 1597 (e),
2824 1525 3106 1590 offensus,
3149 1524 3222 1578 ad
3271 1522 3554 1578 Basilium
3588 1540 3783 1578 recur-

2144 1617 2240 1683 rit,
2272 1620 2397 1671 tum
2433 1619 2497 1671 ut
2526 1614 2783 1670 dolorem
2817 1629 2989 1669 suum
3024 1610 3197 1667 amici
3220 1610 3523 1682 colloquiis
3553 1610 3785 1683 leniret,

2134 1708 2260 1760 tum
2295 1704 2469 1759 etiam
2500 1707 2563 1758 ut
2592 1702 2733 1774 quid
2766 1702 2877 1758 sibi
2911 1701 3211 1773 agendum
3243 1704 3399 1754 esset
3430 1716 3565 1754 eum
3596 1716 3661 1755 eo
3693 1701 3791 1756 de-

2137 1793 2430 1848 liberaret.
2484 1796 2627 1846 Eum
2676 1789 2954 1846 vicesima
3002 1789 3208 1860 quinta
3255 1787 3612 1856 Decembris,
3656 1806 3784 1860 quae

382 1873 513 1948 ξιειιζθ
542 1862 597 1912 et
627 1857 758 1911 aliis
792 1857 1107 1927 pmdesse;
1139 1872 1269 1948 (ῗυΨ
1304 1855 1420 1948 ίιῖίε
1450 1854 2023 1948 coé'empléﬂucum
2058 1881 2105 1945 Β
2135 1881 2356 1937 Natalis
2387 1886 2511 1935 erat
2538 1878 2769 1934 Domini
2802 1878 2947 1944 dies,
2990 1854 3321 1932 ordinatum
3374 1875 3577 1944 fuisse,
3599 1854 3788 1948 ratque

384 1944 515 2000 istis
543 1961 712 2016 agere
745 1947 993 2016 poterat.
1034 1943 1308 2011 Psalmis,
1353 1945 1607 2015 hymnis,
1640 1945 2024 2010 orationibus,

383 2033 621 2107 vigiliis,
654 2032 881 2103 inediae,
915 2032 1280 2087 meditationi
1333 2033 1767 2105 Scripturarum
1810 2036 1900 2088 die
1930 2051 2029 2090 no-

388 2126 596 2194 cteque
638 2122 895 2177 vacabat.
946 2121 1093 2187 Quid
1140 2120 1354 2192 plura?
1398 2121 1659 2177 Habebat
1707 2123 1859 2194 quod
1909 2127 2029 2178 tota

389 2215 583 2269 mente
615 2210 879 2282 petierat,
914 2225 1098 2281 eoque
1127 2210 1254 2264 viles
1285 2210 1657 2283 genere,licet
1685 2212 2030 2282 asperrimo,

388 2300 474 2357 sic
503 2299 920 2366 oblectabatur,
954 2303 1018 2354 ut
1057 2298 1304 2369 peractis
1350 2299 1407 2353 in
1458 2316 1524 2355 eo
1577 2300 1747 2355 annis
1778 2301 2031 2367 duobus,

394 2405 457 2445 se
495 2408 522 2440 α
549 2388 817 2444 nonnihil
849 2387 1111 2459 attigisse
1140 2387 1293 2458 quod
1341 2391 1656 2459 optaverat,
1690 2405 1756 2444 ac
1784 2386 1943 2444 velut
1971 2388 2031 2442 in

393 2476 599 2533 limine
623 2493 752 2532 esse
788 2498 811 2524 ι)
842 2476 999 2531 dicat
1025 2479 1126 2541 (a),
1158 2497 1187 2526 «
1216 2484 1390 2548 alque
1419 2493 1485 2531 ex
1530 2477 1658 2548 ipso
1700 2481 1877 2548 gustu
1913 2494 2029 2532 ma-

382 2566 514 2637 jore
542 2564 832 2620 desiderio
862 2564 1167 2619 exarsisse.
1205 2585 1232 2613 ››
1265 2565 1366 2620 His
1398 2581 1651 2636 namque
1692 2566 1884 2621 verbis
1920 2566 2028 2620 uti-

385 2657 485 2708 tur
513 2670 616 2725 pro
647 2669 734 2723 eo,
765 2669 880 2724 quo
913 2651 1250 2708 solitudinis
1280 2670 1475 2708 amore
1502 2654 1783 2724 ﬂagrabat
1814 2672 1827 2720 ;
1861 2655 2032 2725 cujus

386 2740 676 2796 desiderio
707 2740 788 2795 ita
816 2740 1217 2808 tenebatur,ut
1246 2739 1442 2811 plures
1481 2741 1654 2796 etiam
1688 2741 1825 2795 anni
1861 2742 2031 2796 breve

380 2833 619 2897 tempus
648 2828 756 2885 visi
790 2828 1062 2884 fuissent.

467 2934 715 2992 LXVIII.
738 2936 1061 3006 Gregorium
1088 2937 1154 2993 ab
1183 2937 1359 2992 eremi
1386 2937 1603 2993 deliciis
1633 2938 1691 2992 in
1724 2937 1945 2994 domum

602 3016 891 3079 paternam
922 3013 1140 3065 revocat
1170 3012 1343 3081 pietas
1371 3025 1503 3077 erga
1528 3017 1804 3080 parentes.

450 3097 616 3153 Haud
648 3100 841 3152 tamen
873 3099 1171 3153 credimus
1202 3098 1478 3153 tredecim
1513 3115 1718 3169 annos,
1736 3104 1798 3153 ut
1829 3103 2029 3154 narrat

380 3185 998 3258 Ruﬁnus,Gregorium
1031 3186 1091 3241 in
1124 3186 1317 3241 Basilii
1344 3186 1699 3242 monasterio
1728 3191 2024 3243 versatum

380 3275 587 3341 fuisse,
622 3273 680 3327 in
715 3275 868 3346 quod
929 3292 992 3331 se
1032 3279 1329 3346 receperat
1356 3292 1508 3330 anno
1551 3276 1656 3330 358
1693 3275 1779 3330 vel
1812 3278 1936 3342 359,
1970 3281 2028 3331 et

380 3379 452 3419 ex
483 3379 597 3434 quo
627 3366 924 3419 extractus
952 3367 1042 3420 est
1068 3381 1221 3419 anno
1253 3365 1359 3419 360
1406 3368 1511 3419 aut
1555 3366 1679 3434 361,
1724 3370 1788 3419 ut
1819 3367 1890 3420 ad
1923 3382 2023 3437 pa-

380 3455 527 3506 trem
559 3467 621 3507 se
650 3451 956 3515 conferret,
989 3453 1088 3524 qui
1121 3452 1222 3508 tali
1255 3453 1468 3507 auxilio
1500 3469 1562 3507 se
1610 3454 1847 3508 destitui
1879 3471 2029 3526 aegre

379 3537 837 3608 patiebatur.Sic
869 3538 1053 3609 pietas
1084 3554 1223 3611 erga
1252 3544 1545 3609 parentes,
1568 3557 1697 3611 quze
1727 3557 2025 3597 reversum

379 3625 625 3680 Athenis
666 3625 1010 3696 Gregorium
1063 3626 1330 3683 Nazianzi
1381 3628 1721 3693 retinuerat,
1773 3646 1904 3684 eum
1955 3632 2027 3685 ab

377 3714 557 3769 eremi
590 3713 817 3769 deliciis
847 3730 997 3785 zegre
1027 3716 1294 3771 avulsum
1318 3734 1525 3772 rursus
1550 3717 1901 3773 Nazianzum
1936 3736 2023 3773 re-

377 3802 618 3857 vocavit.
644 3803 872 3859 Primus
903 3804 998 3859 hic
1026 3805 1287 3876 Gregorii
1320 3822 1589 3861 secessus
1616 3807 1688 3861 ab
1716 3806 2025 3880 altero,qui

379 3892 623 3964 contigit
654 3897 964 3963 postquam
998 3895 1299 3965 presbyter
1327 3898 1557 3949 creatus
1589 3894 2030 3963 fuit,secernen-

381 3979 493 4035 dus
524 3984 634 4045 est,
666 3985 731 4036 ut
772 3987 925 4036 recte
972 3982 1285 4037 observant
1332 3982 1707 4039 Bollandistaa
1751 3985 2028 4040 adversus

383 4068 722 4138 Baronium,
752 4086 928 4141 quem
961 4070 1136 4126 etiam
1163 4071 1456 4127 refellunt.

525 4175 708 4230 LXIX.
746 4174 1063 4247 Gregorium
1092 4192 1344 4233 revocare
1369 4183 1601 4234 conatur
1630 4178 1892 4235 Basilius.

463 4263 809 4334 Gregorium
857 4266 1182 4331 absentem,
1236 4267 1390 4321 datis
1438 4267 1509 4320 ad
1541 4284 1675 4322 eum
1708 4267 1935 4337 litteris,
1967 4269 2027 4324 in

382 4350 766 4409 solitudinem
799 4370 1064 4410 revocare
1094 4359 1337 4410 conatus
1357 4358 1445 4409 est
1475 4355 1853 4423 Basilius,cui
1886 4358 2031 4413 ami-

382 4457 490 4496 cus
521 4440 837 4513 rescripsit.
874 4442 1019 4497 Hinc
1053 4444 1265 4512 jocosas
1313 4442 1425 4498 illas
1476 4444 1784 4517 utriusque
1828 4446 2029 4501 litterae

381 4529 537 4585 ultro
567 4529 829 4599 citroque
860 4530 1040 4585 datis:
1076 4530 1333 4603 Gregorii
1360 4532 1653 4588 laudantis
1670 4550 1837 4589 suam
1868 4536 2032 4589 Tibe-

2136 1969 2196 2025 in
2227 1972 2479 2023 Pontum
2513 1967 2732 2039 fugisse
2764 1966 2856 2020 die
2886 1966 3031 2021 festo
3061 1963 3395 2031 Luminum,
3429 1964 3528 2035 qui
3579 1966 3786 2036 paucis

2138 2062 2270 2129 post
2297 2057 2505 2113 diebus
2536 2056 2883 2121 celebratur,
2916 2052 3271 2110 arbitramur
3320 2070 3454 2109 cum
3496 2053 3696 2109 Niceta
3727 2057 3788 2110 et

2138 2144 2507 2203 Tillemontio
2540 2161 2552 2199 :
2589 2145 2689 2199 sed
2722 2143 3067 2199 brevissimo
3108 2147 3238 2213 post
3288 2146 3552 2213 tempore
3585 2143 3643 2197 in
3678 2161 3791 2215 pa-

2138 2236 2314 2292 triam
2348 2250 2612 2290 reversus
2644 2237 2753 2301 est,
2787 2248 2994 2303 nempe
3026 2233 3096 2286 ad
3133 2232 3289 2286 Diem
3333 2230 3588 2286 Paschze.
3625 2231 3794 2288 Unde

2141 2324 2199 2379 in
2228 2323 2487 2378 oratione
2518 2338 2693 2393 quam
2725 2320 2952 2375 habuit.
2989 2340 3017 2369 «
3058 2320 3422 2392 Mysterium,
3456 2319 3648 2392 inquit
3685 2321 3791 2392 (d),

2144 2412 2308 2467 unxit
2340 2426 2431 2466 me
2464 2427 2478 2466 :
2514 2410 2790 2483 mysterio
2823 2408 3122 2482 paulisper
3168 2408 3339 2474 cessi,
3374 2413 3439 2463 ut
3468 2424 3561 2463 me
3589 2409 3792 2481 ipsum

2142 2500 2488 2571 inspicerem
2521 2504 2576 2554 et
2605 2497 2960 2571 eXplorarem
2988 2515 3000 2565 ;
3034 2514 3168 2552 cum
3202 2497 3475 2566 mysterio
3507 2500 3683 2552 etiam
3716 2497 3797 2552 si-

2142 2587 2262 2643 mul
2296 2588 2535 2643 introeo.
2566 2610 2592 2637 »
2622 2587 2845 2651 Quibus
2863 2587 3053 2641 verbis
3086 2585 3469 2658 signiﬁcat,se
3491 2586 3583 2641 die
3619 2586 3791 2659 festo,

2143 2694 2212 2733 cu
2234 2694 2289 2732 m
2323 2680 2551 2732 creatus
2583 2676 2793 2732 fuisset
2838 2676 3161 2748 presbyter,
3195 2674 3559 2743 discessisse,
3606 2679 3663 2731 et
3694 2676 3795 2732 die

2145 2766 2320 2823 etiam
2354 2766 2498 2821 lesto
2530 2765 2792 2820 rediisse.
2825 2765 2987 2831 Quod
3037 2782 3255 2819 annum
3305 2768 3549 2836 spectat,
3582 2764 3632 2819 is
3664 2769 3796 2821 erat

2147 2856 2293 2923 362;
2327 2854 2375 2909 si
2406 2854 2640 2927 quidem
2675 2852 2947 2910 Julianus
2974 2853 3235 2907 nondum
3268 2852 3326 2907 in
3359 2852 3790 2925 Cappadociam

2141 2949 2380 3000 venerat
2406 2960 2511 2999 nec
2545 2943 2600 2997 in
2633 2942 2996 2998 Christianos
3024 2940 3372 2996 adhibuerat
3419 2957 3545 2996 eam
3579 2943 3791 2997 crude-

2149 3032 2397 3099 litatcm,
2429 3035 2599 3102 cujus
2625 3030 2914 3087 horrenda
2944 3030 3182 3101 reliquit
3212 3030 3574 3085 monimenta
3602 3029 3661 3084 in
3695 3046 3791 3086 re-

2144 3122 2449 3194 gionibus,
2497 3138 2645 3192 quas
2691 3118 3195 3191 Constantinopoli
3244 3119 3535 3189 profectus
3585 3136 3791 3176 mense

2062 3241 2104 3308 C
2145 3210 2298 3266 Maio
2330 3226 2482 3265 anno
2516 3211 2639 3281 362,
2672 3207 3035 3265 Antiochiam
3070 3208 3788 3281 petens,peragravit,qui-

2143 3298 2257 3353 bus
2290 3302 2491 3370 postea
2516 3296 2890 3354 cumulumin
2906 3296 3138 3352 Oriente
3162 3296 3792 3369 imposuit.Gregorius

2141 3404 2400 3458 namque
2446 3387 2507 3442 in
2556 3387 2915 3460 Apologetico,
2967 3402 3142 3457 quem
3190 3385 3444 3457 scripsit,
3477 3386 3563 3441 vel
3595 3386 3789 3441 decla-

2140 3476 2642 3548 mavit,cxponens
2673 3492 2818 3548 quas
2849 3475 2921 3530 ob
2956 3491 3187 3539 causas,
3212 3479 3519 3546 postquam
3554 3475 3796 3548 presby-

2139 3568 2231 3620 ter
2260 3569 2495 3621 creatus
2526 3566 2733 3635 fuerat,
2767 3565 2824 3619 in
2871 3568 3122 3619 Pontum
3165 3563 3430 3636 fugisset,
3465 3580 3529 3618 ac
3581 3581 3792 3620 rursus

2138 3654 2493 3709 Nazianzum
2527 3654 2945 3721 rediisset,hzec
2967 3653 3037 3708 de
3065 3652 3301 3708 Juliano
3326 3654 3499 3709 verba
3533 3655 3667 3709 facit
3692 3654 3786 3727 (e):

2142 3765 2169 3792 α
2200 3744 2315 3797 Nec
2348 3760 2479 3797 vero
2511 3749 2812 3799 externum
2846 3742 3061 3797 bellum
3100 3747 3315 3813 metuo,
3355 3759 3457 3798 nec
3502 3743 3683 3797 feram
3717 3743 3786 3797 il-

2135 3830 2275 3895 lam,
2310 3848 2435 3902 quae
2468 3849 2623 3886 nunc
2656 3833 2937 3887 adversus
2978 3831 3265 3886 Ecclesiae
3313 3832 3596 3903 impetum
3630 3831 3789 3899 fecit,

2137 3918 2365 3974 etiamsi
2400 3920 2592 3987 ignem
2626 3921 2901 3989 minetur,
2935 3918 3164 3975 etiamsi
3200 3919 3448 3992 gladiOs,
3483 3942 3509 3969 ιι
3540 3925 3649 3976 etc.
3685 3921 3792 3976 His

2138 4007 2443 4079 perspicue
2492 4008 2693 4079 liquet,
2759 4026 2873 4063 non
2938 4008 3283 4079 Apostatam
3352 4009 3409 4063 in
3481 4009 3790 4081 Cappado—

2137 4096 2287 4151 ciam
2319 4097 2567 4162 venisse,
2609 4100 2667 4152 et
2697 4095 3100 4152 crudelitatem
3143 4096 3491 4166 exercuisse,
3526 4098 3625 4153 sed
3656 4100 3788 4151 tan-

2136 4188 2262 4239 tum
2296 4185 2489 4240 minas
2529 4188 2872 4253 intentasse,
2919 4203 2987 4242 ex
3035 4186 3252 4257 quibus
3306 4187 3619 4258 Gregorius
3648 4186 3791 4258 quid

2138 4272 2400 4329 facturus
2430 4278 2585 4329 esset
2620 4275 2957 4346 suspicatus
3006 4276 3128 4332 haec
3168 4275 3422 4345 scripsit.
3474 4275 3792 4347 Gregorius

2137 4361 2318 4433 igitur
2346 4366 2577 4417 creatus
2606 4367 2695 4418 est
2728 4365 3026 4437 presbyter
3055 4367 3148 4421 die
3175 4367 3247 4420 25
3286 4364 3617 4420 Decembris
3648 4365 3794 4421 anni

2137 4450 2240 4505 361
2280 4475 2293 4507 :
2327 4466 2575 4522 cumque
2605 4451 2854 4524 fugisset
2881 4453 2940 4507 in
2970 4454 3389 4522 Pontum,inde
3419 4454 3488 4508 ad
3524 4470 3661 4509 suos
3696 4470 3793 4509 re-

2136 4554 2342 4595 versus
2373 4544 2462 4594 est
2492 4540 2562 4594 ad
2614 4541 2770 4594 diem
2819 4541 3053 4597 Paschaa
3103 4543 3241 4597 anni
3290 4543 3414 4609 362,
3468 4558 3652 4613 eoque
3694 4542 3793 4598 die

377 4616 651 4685 rinam,et
683 4618 951 4673 Ponticas
983 4618 1161 4675 silvas
1192 4619 1637 4691 posthabentis;
1671 4620 1867 4676 Basilii
1894 4639 2025 4678 vero
2058 4611 2103 4675 D
2135 4627 2368 4682 brevem
2419 4629 2490 4683 de
2554 4629 2701 4684 festo
2771 4628 2978 4685 habuit
3051 4631 3410 4699 orationem;
3447 4611 3572 4687 sed
3609 4633 3788 4702 paulo

378 4705 706 4762 cavillantis
735 4707 1094 4776 Tiberinam,
1126 4711 1183 4762 et
1214 4708 1481 4764 Ponticas
1502 4708 1848 4766 solitudines
1878 4711 2021 4767 cele-

377 4795 624 4851 brantis.
659 4795 770 4851 Sed
820 4796 1090 4867 quamvis
1134 4797 1431 4867 jccaretur
1485 4799 1819 4871 Gregorius,
1852 4816 2027 4870 quam

378 4885 634 4940 maximo
666 4888 867 4940 tamen
899 4885 1119 4940 relictis
1167 4885 1503 4943 solitudinis
1535 4888 1823 4944 desiderio
1854 4906 1915 4944 se
1942 4895 2028 4944 te-

383 4973 505 5028 neri
537 4973 920 5030 dissimulare
944 4992 1057 5030 non
1093 4974 1523 5048 poluit,hisque
1553 4977 1745 5032 verbis
1774 4977 2030 5034 declara-

381 5062 463 5115 vit
493 5061 609 5131 (b):
643 5085 670 5111 ‹‹
705 5063 841 5127 Quae
872 5062 945 5118 de
993 5062 1230 5119 Pontica
1280 5066 1835 5122 commemoratione
1866 5068 2028 5139 prius

383 5151 911 5221 scribebam,joco,
942 5169 1054 5208 non
1088 5153 1238 5209 serio
1270 5153 1594 5209 scribebam
1631 5171 1643 5209 :
1671 5172 1798 5227 qua:
1831 5161 2026 5212 autem

384 5254 539 5293 nunc
570 5239 1105 5309 scribo,admodum
1141 5242 1291 5297 serio
1321 5242 1683 5310 scribo.Quis
1706 5262 1797 5298 me
1828 5262 2029 5300 secun-

382 5329 524 5381 dum
554 5328 1188 5397 pristinorumillorum
1223 5329 1448 5385 dierum
1482 5335 1698 5387 statum
1714 5333 2030 5390 constituet

380 5414 441 5470 in
476 5416 691 5485 quibus
715 5433 819 5489 ego
852 5422 1044 5473 tecum
1077 5418 1453 5475 afﬂictionem
1468 5436 1571 5491 pro
1602 5419 1826 5477 deliciis
1856 5421 2028 5477 babe-

456 5557 539 5692 lt‘l
568 5557 933 5692 €313.39

483 5603 538 5699 Si
568 5603 867 5700 E31379.

458 5700 528 5769 lc)
556 5705 742 5758 Carm.
782 5704 852 5757 De
879 5705 987 5759 vita
1018 5719 1138 5774 sua,
1171 5722 1225 5763 ν.
1257 5705 1382 5761 351.

2138 4720 2271 4787 post
2318 4715 2601 4787 prolixam
2662 4717 2916 4772 exaravit
2983 4736 3084 4775 seu
3150 4719 3514 4787 declamavit,
3561 4718 3619 4774 in
3671 4737 3792 4792 qua

2138 4804 2321 4859 curia
2370 4804 2616 4861 Pontum
2671 4806 2884 4879 fugerit
2933 4824 3001 4864 ac
3044 4807 3179 4863 inde
3228 4808 3465 4864 redierit
3496 4809 3785 4866 rationem

2138 4893 2353 4948 reddit.

2298 4982 2506 5038 LXXII.
2546 4985 2635 5039 Bis
2663 5000 2691 5039 e
2711 4984 3019 5042 solitudine
3046 4987 3269 5042 avulsus
3300 4988 3624 5057 Gregorius.

2210 5071 2411 5142 Itaque
2462 5072 2550 5128 bis
2598 5072 2659 5128 in
2708 5074 3007 5129 Ponticam
3056 5091 3319 5131 eremum
3368 5092 3496 5131 sese
3546 5074 3793 5131 contulit

2136 5161 2450 5231 Gregorius
2476 5177 2489 5227 ;
2522 5160 2615 5215 bis
2647 5166 2843 5217 amata
2869 5162 3186 5219 solitudine
3209 5163 3448 5220 avulsus
3477 5169 3651 5233 est,et
3669 5164 3793 5219 Na~

2137 5248 2400 5303 zianzum
2436 5267 2464 5304 e
2498 5250 2679 5306 Ponto
2712 5252 2781 5306 ad
2808 5268 2945 5307 suos
2971 5253 3157 5307 redire
3181 5252 3640 5309 coactus.Primo
3664 5254 3791 5325 qui-

2137 5337 2268 5393 dem
2302 5338 2452 5393 circa
2482 5356 2704 5395 annum
2737 5340 2866 5408 361,
2908 5342 3167 5397 secundo
3217 5343 3285 5397 ad
3342 5342 3498 5397 diem
3553 5341 3789 5397 Pascha

2137 5426 2273 5481 anni
2308 5427 2432 5495 362,
2468 5444 2600 5483 cum
2656 5428 2748 5483 die
2796 5446 2905 5485 xxv
2956 5430 3288 5487 Decembris
3338 5431 3473 5486 anni
3528 5430 3792 5502 proxime

2207 5569 2290 5635 (τί)
2318 5574 2412 5624 Or.
2448 5571 2499 5639 1,
2534 5587 2589 5625 n.
2619 5571 2673 5625 2.

2207 5639 2279 5710 (ε)
2311 5640 2405 5696 Or.
2437 5645 2493 5709 2,
2528 5660 2588 5697 n.
2620 5644 2709 5698 87.
