4096 6288
325 280 429 341 181

1672 282 1855 343 VITA
1901 284 1964 343 S.
2012 282 2408 344 GREGORll.

3630 284 3744 345 182

324 412 504 484 elapsi
538 415 773 469 creatus
805 412 1020 471 fuisset
1048 415 1365 487 presbyter.
1401 415 1678 471 Secunda
1708 415 1769 469 in
1827 418 1977 468 Pon-
2007 414 2062 481 Α
2092 417 2205 484 cat,
2241 414 2339 469 sed
2373 413 2586 469 similis
2626 415 2907 484 dicerent,
2941 411 3281 485 ὁμοιούσιον,
3312 414 3423 471 hoc
3474 419 3563 472 est
3612 434 3749 471 con-

322 506 448 557 tum
474 503 866 574 profectionis
889 509 947 559 et
969 506 1194 559 reditus
1215 521 1424 559 causas
1450 505 1575 576 ipse
1600 504 1657 559 in
1702 504 1982 575 oratione,

324 608 445 662 qua
479 592 747 662 primum
774 592 942 664 olim,
972 610 1127 648 nunc
1153 594 1475 648 secundum
1501 598 1748 665 occupat
1767 593 1982 658 locum,

324 681 723 751 prosequitur.
750 680 873 735 Cur
893 698 1027 737 vero
1045 687 1207 754 pater
1230 699 1363 737 eum
1386 698 1417 737 e
1449 681 1649 737 Basilii
1690 685 1983 736 monaste-

319 770 405 824 rio
422 770 764 835 extraxerit,
791 774 851 823 et
878 770 1230 825 Nazianzum
1275 771 1463 825 redire
1504 788 1656 825 anno
1691 771 1791 824 361
1826 786 1984 825 com-

321 858 554 930 pulerit,
590 857 841 928 perinde
876 874 989 912 non
1037 864 1121 913 est
1153 859 1549 930 perspicuum.
1582 858 1740 913 Nihil
1792 873 1987 912 moror

324 964 447 1018 qua
472 946 843 1002 Baroniusin
872 964 982 1001 sua
1000 947 1258 1018 Gregorii
1293 948 1418 1003 Vita
1456 947 1711 1018 scripsit.
1746 949 1797 1002 Is
1827 946 1982 1001 enim

322 1041 634 1107 utramque
693 1035 961 1107 Gregorii
1022 1036 1204 1090 nostri
1262 1036 1320 1091 in
1380 1037 1619 1092 Pontica
1671 1035 1985 1091 solitudine

326 1124 852 1180 commorationem
872 1126 1684 1198 confundens,etperturbans
1698 1129 1980 1197 tempora,

324 1214 471 1284 quod
502 1212 885 1268 Bollandista
911 1230 1029 1269 non
1055 1214 1233 1269 semel
1262 1216 1592 1281 observant,
1612 1215 1682 1269 ad
1722 1213 1983 1270 Valentis

325 1318 506 1371 usque
530 1302 879 1374 imperium,
904 1302 1027 1374 «(α)
1055 1303 1160 1368 Qui
1202 1304 1426 1359 Ariana
1465 1303 1722 1377 perﬁdia
1762 1303 1980 1373 favens,

323 1391 601 1445 adversus
620 1390 960 1447 Catholicos
983 1392 1294 1447 concitavit
1322 1392 1546 1447 turbas.
1581 1392 1839 1465 Gregorii
1896 1408 1984 1447 re-

322 1479 506 1533 ditum
538 1484 869 1551 promovet.
910 1481 1039 1534 Fuit
1068 1481 1126 1535 id
1162 1482 1218 1535 in
1244 1498 1441 1546 causa,
1465 1481 1659 1553 inquit
1682 1480 1980 1550 Baronius,

323 1573 384 1621 ut
406 1573 573 1639 pater
604 1568 877 1641 Gregorii
913 1569 1311 1625 vehementius
1349 1574 1564 1642 ageret,
1600 1574 1662 1625 ut
1692 1571 1878 1625 ﬁlium
1911 1571 1981 1625 ab

322 1672 516 1712 eremo
548 1662 871 1713 revocaret.
908 1659 1044 1714 Erat
1074 1658 1230 1714 enim
1256 1660 1381 1730 jam
1416 1659 1589 1732 longo
1620 1659 1783 1714 senio
1806 1659 1982 1714 hebe-

323 1746 453 1813 tior,
487 1753 549 1801 et
578 1751 649 1801 ut
680 1748 1010 1803 subeundis
1032 1747 1328 1802 laboribus
1350 1748 1542 1819 impar
1562 1764 1694 1803 eum
1712 1748 1981 1820 precibus

327 1836 599 1907 urgebat,
627 1841 693 1890 ut
724 1837 1117 1907 paterjussis,
1160 1853 1226 1891 ac
1266 1837 1519 1909 denique
1564 1840 1628 1891 ut
1675 1837 1984 1910 episcopus

298 1940 301 1943 λ
328 1924 575 1996 cogebat
603 1924 875 1995 imperio.
900 1925 1050 1980 Licet
1070 1926 1226 1981 enim
1248 1926 1471 1981 diutius
1495 1927 1694 1992 surdo,
1719 1931 1782 1980 ut
1802 1925 1986 1995 aiunt,

329 2012 590 2067 fabulam
628 2013 997 2085 ingessisset,
1034 2014 1185 2069 flexit
1214 2016 1474 2082 tandem,
1508 2016 1693 2087 coegit
1715 2016 1985 2070 extorsit-

329 2118 439 2173 que
471 2105 546 2157 ab
579 2102 785 2172 invito,
823 2108 1169 2176 revocatque
1218 2103 1407 2159 ﬁlium
1456 2104 1829 2159 Nazianzum.
1879 2104 1986 2170 Qui

327 2207 598 2246 reversus
634 2190 692 2245 in
729 2194 1003 2264 patriam,
1039 2193 1243 2248 habuit
1272 2193 1561 2264 egregiam
1590 2192 1750 2247 illam
1775 2193 1986 2248 oratio-

328 2296 485 2345 nem,
532 2296 663 2351 qua
724 2282 1067 2336 inscribitur
1112 2283 1561 2354 Apologeticus...
1612 2282 1766 2337 Dixit
1811 2283 1983 2337 etiam

326 2374 469 2424 tunc
502 2368 849 2441 praclarum
885 2387 1012 2426 eam
1047 2372 1391 2436 orationem,
1425 2372 1595 2442 cujus
1627 2375 1716 2426 est
1754 2371 1981 2441 titulus,

326 2459 390 2512 In
417 2465 614 2512 sancta
658 2460 896 2513 lumina.
931 2482 958 2509 »
1013 2464 1121 2515 etc.
1192 2464 1320 2515 Hac
1379 2460 1679 2515 Baronius.
1740 2460 1987 2533 Egregia

329 2548 540 2611 oratio,
566 2564 694 2619 qua
716 2548 1061 2603 inscribitur
1080 2550 1481 2620 Apologcticus,
1514 2549 1717 2604 habita
1755 2554 1843 2604 est
1873 2550 1982 2603 sub

329 2636 587 2701 Juliano,
618 2652 733 2691 non
778 2652 913 2691 vero
962 2639 1072 2692 sub
1120 2637 1397 2705 Valente;
1445 2638 1627 2692 oratio
1677 2642 1870 2692 autem
1920 2639 1983 2692 In

330 2731 530 2779 sancta
561 2726 795 2790 lumina,
826 2743 942 2780 non
975 2749 1002 2775 ‹‹
1039 2731 1197 2792 tunc,
1234 2748 1262 2775 ››
1298 2731 1361 2781 ut
1390 2726 1515 2781 vult
1544 2727 1847 2796 Baronius,
1883 2728 1981 2781 sed

333 2830 483 2867 anno
516 2830 664 2884 pene
694 2812 911 2885 elapso.

404 2903 569 2957 Haud
604 2904 938 2975 negaverim
972 2904 1177 2960 turbas
1208 2904 1278 2959 ab
1307 2904 1539 2959 Arianis
1591 2904 1869 2960 excitatas
1920 2904 1980 2959 in

336 3007 511 3045 causa
550 2993 738 3047 fuisse
789 3009 895 3047 cur
943 2993 1258 3065 Gregorius
1305 2994 1658 3049 Nazianzum
1709 2993 1979 3062 redierit;

335 3081 454 3149 sed,
480 3085 545 3136 ut
565 3081 622 3135 id
645 3082 982 3147 concedam,
1009 3086 1159 3137 certe
1181 3100 1295 3137 non
1328 3082 1436 3137 has
1476 3098 1604 3138 esse
1651 3083 1855 3137 turbas
1886 3100 1977 3137 ar-

2094 503 2348 559 similem
2372 503 2729 559 Patrietnon
2749 504 3312 560 consubstantialem
3333 505 3742 576 pradicarent.

2095 592 2281 647 «Erat
2311 597 2529 660 autem,
2589 593 2781 664 inquit
2838 593 3153 665 Gregorius
3211 593 3309 664 (b),
3358 593 3417 648 in
3467 600 3741 666 promptu

2094 685 2507 747 atramentum,
2542 686 2599 736 et
2630 681 3015 737 calumniator
3046 698 3077 735 a
3107 685 3290 753 tergo.
3337 682 3417 736 Ea
3468 699 3560 738 res
3608 700 3743 755 per-

2095 768 2315 824 multos
2345 785 2374 823 e
2406 769 2594 836 nobis,
2629 769 2877 825 invictos
2909 769 3168 841 alioquin
3200 770 3454 833 viros,in
3474 771 3741 827 fraudem

2094 857 2372 928 impulit;
2406 858 2506 929 qui
2540 859 2810 930 quamvis
2843 863 3034 914 mente
3067 876 3439 931 nequaquam
3488 860 3744 933 prolapsi

2094 948 2332 1013 fuerint,
2365 953 2561 1002 tamen
2594 948 3022 1020 subscriptione
3053 949 3366 1005 transversi
3417 950 3535 1005 acti
3586 955 3744 1016 sunt,

2095 1040 2308 1092 etcum
2343 1036 2481 1104 illis,
2518 1040 2766 1108 utroque
2798 1037 3036 1092 nomine
3069 1037 3386 1105 sceleratis,
3434 1054 3747 1095 consense-

2093 1129 2231 1180 runt
2259 1150 2273 1193 ;
2305 1141 2371 1181 ac
2403 1125 2452 1180 si
2484 1143 2597 1181 non
2634 1126 2906 1191 ﬂamma,
2933 1126 3079 1180 fumi
3104 1129 3257 1181 certe
3276 1126 3589 1199 participes
3614 1128 3743 1184 fue-

2094 1216 2250 1269 runt.
2290 1237 2311 1266 ι
2345 1215 2531 1268 Tanta
2559 1213 2696 1269 inde
2749 1219 2948 1270 secuta
2994 1218 3083 1270 est
3129 1214 3399 1271 Ecclesia
3443 1215 3742 1272 catholica

2092 1305 2436 1373 tempestas,
2467 1308 2533 1357 ut
2548 1303 2649 1374 qui
2672 1303 3025 1358 videbantur
3045 1320 3172 1359 esse
3197 1303 3401 1375 templi
3425 1304 3735 1371 columna,

2091 1392 2394 1463 prostrati,
2453 1390 2540 1446 vel
2594 1390 2805 1446 saltem
2851 1393 3122 1448 concussi
3182 1392 3321 1461 sint,
3390 1392 3439 1447 si
3500 1394 3742 1465 quidem

2092 1479 2261 1534 etiam
2298 1479 2562 1535 nolentes
2594 1481 2817 1535 seducti
2851 1484 3032 1548 sunt;
3066 1485 3261 1553 atque,
3307 1485 3373 1536 ut
3402 1482 3743 1555 Hieronymi

2089 1568 2282 1623 verbis
2314 1573 2465 1640 utar,
2491 1569 2843 1640 ingemuerit
2874 1569 3054 1641 orbis,
3085 1574 3143 1625 et
3172 1570 3455 1626 Arianum
3497 1586 3559 1626 se
3608 1587 3740 1627 esse

2092 1655 2342 1712 miratus
2373 1657 2469 1711 sit.

3106 1766 3184 1819 ost
3228 1764 3477 1821 medium
3533 1782 3744 1822 annum

2447 1836 2553 1890 362
2584 1835 2903 1907 subscripsit
2934 1835 3189 1908 Theologi
3212 1843 3385 1908 pater.

2167 1923 2229 1977 In
2245 1938 2446 1978 eorum
2468 1926 2664 1979 tamen
2689 1940 2954 1993 numero,
2980 1924 3080 1997 qui
3102 1924 3459 1980 Ariminensi
3482 1926 3743 1982 formula

2093 2014 2219 2066 tum
2254 2012 2751 2084 subscripserunt,
2786 2012 3007 2069 scilicet
3028 2013 3350 2068 Constantii
3371 2013 3740 2087 imperatoris

2092 2104 2374 2172 tempore,
2408 2118 2523 2156 non
2555 2101 2737 2156 fuisse
2768 2100 3131 2175 Gregorium,
3163 2118 3269 2158 nec
3292 2119 3425 2158 eum
3460 2103 3569 2160 nisi
3607 2109 3740 2178 post

2096 2190 2356 2245 medium
2390 2205 2608 2244 annum
2634 2191 2741 2245 566
2771 2190 3214 2261 subscripsisse,
3248 2195 3553 2264 ortamque
3607 2208 3739 2249 esse

2094 2278 2246 2332 inter
2273 2278 2611 2351 episcopum
2643 2283 2700 2334 et
2734 2278 3054 2334 monachos
3082 2279 3477 2336 Nazianzenos
3518 2281 3741 2338 discor-

2093 2366 2251 2421 diam
2281 2370 2403 2422 tam
2438 2366 2645 2422 multis
2676 2369 2957 2439 probatur
2978 2367 3315 2436 momentis,
3333 2372 3399 2424 ut
3417 2368 3645 2425 nullum
3671 2370 3744 2426 de

2093 2472 2160 2511 ea
2191 2473 2250 2511 re
2280 2456 2523 2512 dubium
2553 2473 2677 2512 esse
2708 2458 2915 2529 possit.
2940 2457 3133 2512 Primo
3166 2456 3402 2528 quidem
3424 2459 3739 2531 Gregorius

2092 2548 2292 2599 noster
2320 2561 2436 2601 non
2470 2545 2553 2600 ait
2597 2546 2689 2618 (c).
2737 2547 2912 2617 jussa
2966 2545 3289 2602 Constantii
3344 2545 3737 2619 imperatoris,

2092 2637 2195 2688 ant
2224 2649 2418 2688 rerum
2453 2634 2978 2706 perturbationem,
3013 2651 3141 2706 qua
3171 2639 3312 2690 tunc
3336 2651 3575 2690 summa
3603 2636 3734 2707 fuit,

2091 2722 2494 2778 subscribendi
2528 2740 2767 2778 causam
2800 2740 2906 2778 suo
2952 2723 3132 2779 fuisse
3163 2722 3334 2795 patri,
3368 2724 3469 2779 sed
3502 2724 3737 2780 deside—

2090 2811 2241 2865 rium
2277 2810 2433 2881 pacis
2465 2815 2522 2867 et
2552 2828 2685 2866 cum
2722 2810 3020 2866 nonnullis
3059 2810 3327 2865 ineunda
3373 2814 3735 2868 communio-

2088 2899 2197 2953 nis.
2236 2900 2503 2955 Secundo
2537 2904 2671 2956 ante
2699 2900 2857 2956 istud
2889 2899 3227 2966 dissidium,
3260 2900 3580 2956 Ecclesiam
3624 2902 3740 2957 Na-

2093 1762 2325 1821 LXXVI.
2367 1763 2641 1819 Formulae
2686 1764 3026 1820 Ariminensi

2070 2987 2422 3059 _zianzenam
2453 3006 2647 3044 arcam
2680 2994 2797 3045 Noe
2827 2988 3018 3045 vocari
3054 2987 3286 3044 solitam
3317 3005 3469 3058 esse,
3501 2994 3567 3044 ut
3609 3006 3737 3061 qua

2089 3076 2345 3132 universi
2375 3077 2534 3133 orbis
2593 3077 2879 3133 diluvium
2933 3076 3061 3132 sola
3117 3076 3435 3149 effugisset,
3488 3081 3743 3133 testatur

336 3170 533 3238 bitror,
570 3187 699 3242 qua
726 3188 759 3225 a
787 3171 1029 3225 Valente
1062 3176 1202 3226 sunt
1231 3171 1510 3239 excitatae,
1544 3176 1611 3227 ut
1655 3171 1843 3227 visum
1894 3176 1982 3227 est
2011 3153 2054 3221 C
2092 3166 2404 3237 Gregorius
2435 3165 2531 3237 (ἀ).
2561 3166 2752 3222 Testis
2774 3166 3028 3239 profecto
3051 3166 3304 3221 mendax
3324 3166 3491 3232 foret,
3535 3167 3584 3223 si
3624 3167 3738 3222 Na-

335 3259 600 3315 Baronio.
635 3261 744 3315 Vix
773 3260 949 3316 etiam
983 3262 1193 3317 adduci
1228 3278 1468 3334 possum
1503 3266 1567 3317 ut
1583 3263 1814 3318 credam
1842 3278 1977 3318 cum

334 3349 673 3405 doctissimo
695 3349 1087 3419 Tillemontio,
1104 3351 1445 3424 Gregorium
1470 3355 1695 3424 patrem
1717 3350 1978 3407 formula

334 3438 684 3494 Ariminensi
719 3443 846 3493 tum
880 3441 1324 3512 subscripsisse,
1353 3445 1411 3496 et
1431 3441 1555 3512 jam
1576 3441 1647 3496 ab
1670 3443 1797 3512 ejus
1819 3457 1978 3496 com-

335 3528 612 3583 munione
644 3527 1038 3584 Nazianzenos
1071 3529 1390 3585 monachos
1431 3530 1794 3597 discessisse,
1843 3546 1977 3586 cum

337 3617 457 3684 ejus
494 3615 675 3687 ﬁlius,
706 3616 927 3673 relictis
957 3617 1206 3673 Pontica
1238 3617 1578 3674 solitudinis
1600 3618 1842 3684 deliciis,
1868 3619 1979 3674 Na-

336 3704 602 3759 zianzum
636 3706 809 3761 rediit
838 3723 991 3761 anno
1023 3708 1121 3761 361
1152 3732 1166 3773 ;
1196 3707 1373 3779 idque
1404 3724 1596 3763 causa
1645 3709 1826 3763 fuisse
1874 3725 1979 3762 cur

336 3794 566 3861 rediret,
601 3801 666 3849 ut
696 3810 862 3865 opem
898 3796 1071 3851 ferret
1103 3795 1359 3869 longave
1398 3797 1570 3869 patri,
1616 3798 1712 3868 qui
1764 3797 1976 3852 Arimi-

337 3883 497 3937 nensi
531 3884 795 3940 formula
829 3885 1294 3957 sabscripsisset,
1342 3902 1456 3958 quo
1486 3902 1516 3943 e
1550 3887 1670 3941 luto
1718 3903 1976 3959 emerge-

336 3976 435 4025 ret.

338 4076 794 4135 LXXIII-LXXV.
823 4080 1031 4136 Turbas
1056 4080 1253 4135 Ariani
1290 4083 1555 4137 excitant.
1604 4086 1779 4139 Fraus
1811 4083 1974 4138 Aria-

568 4166 789 4206 norum.
826 4152 1111 4206 Multos‘in
1140 4152 1403 4224 fraudem
1430 4153 1743 4224 impellunt.

402 4238 647 4311 Magnas
673 4240 912 4311 quidem
935 4240 1137 4295 turbas
1167 4258 1318 4297 anno
1348 4242 1452 4296 360
1473 4242 1794 4297 excitarant
1812 4242 1975 4298 Aria-

337 4327 411 4398 ni,
446 4328 547 4399 qui
579 4333 713 4400 post
763 4329 1066 4384 luctuosas
1115 4331 1389 4402 synodos,
1438 4331 1863 4386 Ariminensem
1915 4332 1975 4386 in

338 4414 661 4483 Occidente,
696 4417 1100 4473 Seleucianam
1133 4418 1193 4473 in
1240 4418 1489 4490 Oriente,
1541 4420 1770 4476 habitas
1822 4438 1974 4477 anno

2091 3255 2404 3310 zianzenus
2435 3254 2745 3326 episcopus
2771 3254 2921 3311 dolis
2950 3255 3299 3310 Arianorum
3333 3255 3741 3327 deceptusfuit

2090 3356 2351 3424 tempore
2382 3350 2743 3418 Constantii;
2804 3349 3067 3424 falsoque
3124 3351 3369 3408 dixisset
3423 3368 3736 3409 commune

2090 3441 2347 3496 universi
2375 3442 2534 3497 orbis
2566 3438 2851 3496 diluvium
2882 3441 3157 3513 effugisse
3188 3441 3610 3499 Nazianzenam
3634 3442 3741 3497 Ec-

2089 3529 2350 3598 clesiam,
2383 3530 2555 3601 cujus
2588 3528 2854 3585 Ecclesia
2886 3530 3199 3602 episcopus
3232 3529 3360 3603 ipse
3406 3530 3740 3586 artiﬁciosis

2088 3619 2279 3675 verbis
2311 3618 2790 3690 circumscriptus
2813 3617 2873 3672 in
2893 3634 3130 3690 pravam
3153 3619 3493 3675 societatem
3514 3622 3737 3693 pertra-

2087 3712 2213 3764 ctus
2243 3708 2467 3764 fuisset.

2086 3813 2643 3871 LXXVII-LXXVIII.
2684 3813 2930 3868 Schisma
2969 3814 3361 3870 monachorum
3391 3814 3455 3869 ob
3492 3812 3735 3870 subscri-

2156 3888 2400 3956 ptionem
2425 3885 2670 3954 Gregorii
2686 3886 2885 3957 patris,
2909 3900 3021 3940 non
3060 3886 3293 3957 contigit
3330 3885 3427 3940 sub
3468 3885 3738 3941 Constan-

2156 3961 2252 4014 tio.
2286 3959 2482 4013 Brevis
2510 3958 2621 4027 fuit
2645 3958 2757 4011 hac
2784 3956 3085 4011 discordia.
3156 3958 3161 3963 ’

2156 4066 2226 4119 At
2255 4064 2427 4136 longe
2459 4062 2721 4133 graviora
2753 4065 3073 4133 suppetunt
3095 4066 3411 4119 momenta.
3437 4067 3579 4119 Cum
3598 4063 3737 4119 Gre-

2086 4153 2344 4226 goriuse
2376 4156 2556 4207 Ponto
2587 4150 2938 4206 Nazianzum
2988 4168 3254 4207 reversus
3302 4154 3391 4207 est
3447 4152 3517 4207 ad
3578 4152 3734 4208 diem

2086 4245 2298 4299 festum
2323 4242 2556 4298 Pascha
2580 4241 2717 4298 anni
2734 4242 2859 4313 362,
2887 4258 3122 4299 summa
3149 4259 3291 4315 pace
3310 4243 3737 4300 fruebaturEc-

2085 4335 2261 4391 clesia
2286 4334 2669 4401 Nazianzena,
2700 4351 2874 4407 quam
2927 4335 3157 4407 magnis
3211 4337 3375 4391 effert
3428 4335 3733 4392 laudibus:

2084 4441 2189 4480 nec
2220 4428 2454 4481 veretur
2509 4424 2700 4479 dicere
2755 4423 2829 4495 (ε)
2885 4440 2947 4479 se
3005 4440 3121 4479 non
3182 4440 3624 4492 concessurum,
3671 4428 3739 4479 ut

335 4506 608 4570 359,item
631 4506 806 4562 etiam
846 4507 1339 4579 Constantinopoli
1360 4526 1511 4564 anno
1533 4510 1656 4565 360.
1690 4512 1976 4566 Constan-
2007 4520 2054 4584 D
2088 4537 2117 4567 «
2150 4514 2527 4586 amplissima
2559 4512 2841 4579 civitates,
2874 4527 3197 4585 gregesque
3256 4513 3734 4569 numerosissimi

336 4594 402 4647 tii
433 4595 675 4667 Augusti
711 4595 981 4667 praesidio
1014 4597 1163 4663 freti,
1196 4597 1248 4652 vi
1287 4601 1343 4653 et
1373 4602 1492 4654 arte
1524 4615 1645 4654 rem
1697 4601 1972 4673 agebant;

336 4699 645 4755 omnesque
677 4685 1003 4757 episcopos,
1042 4685 1099 4739 in
1130 4689 1251 4741 tota
1283 4703 1455 4758 quam
1478 4687 1591 4743 late
1613 4689 1847 4759 patebat
1866 4691 1977 4744 Ec-

335 4771 525 4839 clesia,
560 4772 845 4840 formula,
879 4789 1009 4845 qua
1038 4773 1297 4845 ipsorum
1328 4774 1650 4847 impietatis
1679 4781 1865 4833 totum
1891 4778 1974 4832 vi-

334 4876 431 4915 rus
464 4861 775 4917 artificiose
804 4864 1022 4916 tectum
1056 4862 1406 4930 continebat,
1430 4863 1797 4920 subscribere
1815 4880 1977 4936 coge-

330 4949 486 5003 bant.
522 4950 654 5004 Fuit
686 4951 842 5005 enim
878 4966 946 5005 ea
979 4949 1205 5005 fallacia
1239 4955 1296 5005 et
1325 4951 1495 5007 dolus
1517 4952 1888 5020 Arianorum,
1909 4958 1975 5007 ut

328 5036 637 5108 ὁμοεοῦσιον
672 5039 1167 5095 subscribendum
1218 5057 1283 5095 ac
1339 5042 1731 5112 proﬁtendum
1781 5044 1969 5098 trade-

328 5135 470 5189 rent.
491 5130 670 5183 unius
694 5127 963 5183 litterula
982 5128 1301 5184 mutatione
1317 5146 1592 5202 magnam
1617 5148 1825 5186 sensus
1847 5132 1970 5186 dis-

327 5218 683 5290 crepantiam
718 5217 1112 5284 adducentes;
1144 5218 1354 5275 Filium
1387 5236 1595 5291 nempe
1653 5237 1767 5276 non
1816 5222 1973 5293 ejus-

329 5307 453 5362 dem
485 5307 839 5365 substantia
868 5324 1008 5363 cum
1033 5308 1216 5377 Patre,
1243 5309 1396 5381 quod
1433 5306 1724 5383 ὁμοούσιον
1744 5310 1968 5383 signifi-

390 5468 466 5539 (α)
496 5468 533 5522 9
556 5468 718 5539 Maii,

392 5540 461 5681 (b2
489 5542 586 5597 0r.
620 5542 714 5609 21,
749 5540 814 5597 η.
851 5540 945 5594 23.

392 5618 438 5681 (c
489 5614 585 5670 0r.
622 5614 712 5681 18,
748 5629 808 5667 n.
846 5612 934 5667 18.

392 5612 455 5681 (ε)
489 5614 585 5670 0r.
622 5614 712 5682 18,
748 5629 808 5667 n.
846 5612 934 5667 18.

751 5484 809 5541 p.
843 5467 971 5541 388.

2088 4603 2210 4658 ulla
2266 4603 2325 4657 in
2375 4617 2436 4657 re
2492 4601 2866 4657 Nazianzena
2924 4600 3190 4658 Ecclesia
3276 4603 3726 4674 praeferantur.»

2084 4691 2254 4747 Nulla
2285 4707 2421 4763 ergo
2452 4689 2724 4747 Nazianzi
2770 4689 3063 4746 discordia
3110 4690 3219 4746 fuit
3262 4707 3413 4746 anno
3456 4691 3581 4763 362,
3627 4707 3733 4746 nec

2085 4780 2208 4836 ulla
2236 4780 2410 4835 etiam
2456 4779 2714 4852 Gregorii
2748 4779 2932 4850 patris
2987 4784 3125 4835 tunc
3172 4783 3296 4836 erat
3355 4780 3731 4851 subscriptio,

2083 4886 2113 4925 e
2136 4868 2584 4941 quadissidium
2613 4869 2826 4940 erupit.
2850 4868 3101 4934 Quinino
3122 4885 3323 4924 recens
3356 4872 3479 4923 erat
3507 4866 3732 4923 tumul-

2085 4963 2205 5025 tus,
2232 4975 2364 5013 cum
2389 4957 2703 5029 Gregorius
2725 4957 3187 5030 nosterprimam
3208 4961 3409 5013 contra
3430 4957 3733 5013 Julianum

2084 5048 2403 5103 orationem
2441 5047 2746 5113 scriberet,
2780 5050 2845 5102 ut
2873 5047 2967 5103 his
2996 5046 3188 5102 verbis
3218 5046 3596 5101 manifestum
3645 5050 3736 5102 est

2085 5138 2154 5209 (f)
2182 5154 2195 5191 ε
2230 5160 2258 5187 ‹‹
2281 5138 2470 5207 Atque
2505 5136 2731 5192 utinam
2767 5135 2863 5190 ille
2894 5151 3126 5206 quoque
3156 5140 3339 5191 coetus
3373 5136 3442 5191 ad
3493 5135 3737 5191 chorum

2092 5230 2361 5282 nostrum
2400 5242 2460 5281 se
2492 5226 2853 5297 adjungeret,
2886 5225 3007 5297 qui,
3043 5240 3177 5280 cum
3214 5224 3379 5297 prius
3409 5224 3737 5282 cantionem

2097 5316 2563 5387 haudquaquam
2586 5312 2974 5370 adulterinum
3007 5319 3182 5386 atque
3204 5313 3522 5387 ignobilem
3543 5314 3739 5371 nobis-

2158 5474 2235 5546 (ά)
2270 5474 2443 5543 una,
2477 5491 2536 5530 n.
2570 5475 2658 5531 17.

2178 5550 2227 5613 e)
2258 5547 2353 5601 Or.
2387 5547 2442 5613 ἓ,
2478 5562 2535 5603 n.
2567 5547 2619 5600 8.

2178 5550 2227 5613 e)
2258 5547 2353 5601 Or.
2387 5547 2442 5613 ἓ,
2478 5562 2535 5603 n.
2567 5547 2619 5600 8.

2156 5546 2226 5690 il)
2254 5622 2349 5674 0r.
2383 5619 2434 5687 4,
2468 5635 2525 5673 n.
2556 5618 2642 5673 10.
