4096 6288
415 421 529 487 183

1748 419 1935 480 VITA
1982 421 2047 480 S.
2097 418 2491 480 GREGORII.

3710 415 3819 476 181

416 572 552 613 cum
584 554 700 613 Deo
732 550 1039 622 accineret,
1072 568 1138 609 ac
1170 551 1371 609 dextro
1401 552 1699 626 quondam
1732 552 1933 610 ordine
1984 552 2066 608 di-
2097 551 2149 619 Α
2178 547 2457 616 Ecclesia,
2490 546 2796 619 Gregorius
2830 546 3145 616 obmutuit,
3179 550 3245 603 ut
3267 545 3391 619 ipse
3411 549 3678 603 teslatur.
3697 546 3821 605 Non

418 660 574 719 gnus
604 643 937 715 haberetur,
969 644 1146 714 atque
1176 642 1351 697 etiam
1375 641 1555 709 brevi,
1580 647 1644 698 ut
1673 643 1921 708 conﬁdo,
1953 642 2057 698 ha-

410 734 665 799 bebitur,
695 732 852 789 haud
887 731 1005 788 scio
1037 748 1153 803 qua
1184 747 1244 786 re
1275 738 1628 800 commotus,
1662 738 1899 803 repente
1928 749 2058 787 can-

412 829 540 879 tum
570 822 631 877 in
664 822 959 877 diversum
992 824 1199 891 mutat,
1236 819 1466 892 alioque
1507 822 1689 894 gradu
1744 828 1919 892 atque
1966 839 2054 876 or-

409 913 544 968 dine
575 927 701 967 sese
724 909 1106 977 collocat;ac
1157 927 1227 965 ne
1276 910 1349 966 ob
1398 927 1768 967 communem
1819 911 2055 982 quidem

411 1000 694 1069 laetitiam,
714 1000 869 1071 quod
893 999 1067 1055 etiam
1089 1001 1275 1071 magis
1312 1000 1509 1065 miror,
1537 1000 1749 1054 adduci
1781 1004 1967 1070 potest
1994 1006 2059 1055 ut

410 1088 1186 1160 nobiscumconjungatur.»
1216 1088 1342 1143 Haec
1368 1088 1621 1159 profecto
1642 1090 1833 1157 verba,
1871 1111 1897 1136 ‹‹
1924 1106 1990 1143 cu
2003 1106 2057 1143 n1

411 1177 577 1252 prius
609 1178 1008 1233 cantionem...
1055 1177 1360 1232 nobiscum
1403 1177 1518 1232 Deo
1559 1178 1914 1233 accineret...
1966 1194 2060 1233 re-

411 1271 580 1338 pente
609 1270 846 1322 cantum
872 1266 929 1320 in
953 1266 1250 1320 diversum
1305 1269 1511 1331 mutat,
1531 1290 1553 1318 ι
1584 1266 1895 1321 dissidium
1934 1282 2059 1322 mo-

412 1355 729 1410 nachorum
761 1370 960 1411 recens
990 1360 1185 1408 ortum
1219 1354 1397 1409 fuisse
1427 1353 1688 1409 indicant
1718 1354 1859 1409 satis
1889 1374 1902 1424 ;
1956 1371 2060 1411 nec

414 1460 527 1499 non
559 1460 699 1515 spes
729 1441 965 1498 illorum
1001 1442 1244 1513 reditus,
1277 1441 1491 1498 lenitas
1520 1460 1637 1514 qua
1665 1460 1764 1499 eos
1788 1451 1850 1498 ut
1873 1461 2058 1499 mem-

412 1532 517 1587 bra
542 1548 651 1586 sua
671 1530 1408 1602 complectiturGrcgorius
1427 1532 1502 1601 (α)
1521 1548 1621 1597 ,-ac
1640 1532 1877 1586 demum
1903 1533 2059 1604 quod

416 1638 532 1676 non
565 1619 744 1676 semel
766 1620 846 1675 ait
866 1621 939 1689 (b)
965 1620 1558 1675 monachosomnium
1581 1625 1905 1693 postremos
1936 1623 2060 1678 dis-

415 1708 682 1765 cessisse.
717 1710 799 1763 Ex
828 1707 921 1762 his
950 1707 1126 1763 etiam
1161 1708 1373 1777 pariter
1417 1709 1721 1764 coniicitur
1767 1714 2057 1766 recentem

414 1814 643 1870 quoque
706 1797 883 1852 fuisse
923 1797 1181 1868 Gregorii
1217 1796 1730 1869 subscriptionem,
1763 1798 1847 1852 vel
1908 1805 2061 1855 certe

414 1902 549 1943 eum
583 1903 698 1941 non
732 1885 901 1958 longe
932 1889 1104 1941 antea
1133 1886 1574 1957 subscripsisse.
1611 1888 1834 1943 Etenim
1868 1889 1914 1943 si
1948 1889 2058 1944 sub
2094 1924 2139 1987 Β

412 1973 773 2039 Constantio,
805 1990 956 2029 anno
985 1974 1089 2029 368
1119 1973 1206 2029 vel
1245 1974 1373 2039 361,
1433 1975 1881 2047 subscripsisset
1938 1977 2059 2051 epi-

412 2080 625 2137 scopus
655 2062 1073 2132 Nazianzenus,
1099 2065 1388 2132 quomodo
1407 2064 1674 2119 monachi
1705 2066 2059 2137 indignatio-

422 2167 557 2209 nem
589 2168 757 2207 suam
792 2152 863 2208 ad
883 2168 1103 2207 annum
1128 2169 1315 2225 usque
1336 2154 1440 2209 363
1456 2154 1627 2210 corde
1657 2154 2061 2227 pressissent?

414 2243 531 2298 Aut
562 2241 610 2298 si
632 2240 839 2297 tandiu
862 2244 1330 2312 presserunt,cur
1351 2240 1765 2298 discessionem
1789 2244 1983 2299 subito
2004 2249 2063 2300 et

421 2329 705 2404 praecipiti
736 2329 980 2385 consilio
1006 2329 1215 2385 tribuit
1241 2331 1597 2403 Gregorius?
1627 2334 1946 2401 Quomodo,
1972 2334 2061 2389 in-

414 2435 616 2493 quam,
640 2418 1103 2490 indignationem
1119 2435 1287 2474 suam
1307 2423 1425 2474 tam
1441 2418 1613 2492 longo
1631 2427 1892 2492 tempore
1906 2439 2062 2493 pres-

419 2507 640 2566 sissent
671 2505 965 2577 monachi,
1011 2507 1301 2578 quosipse
1333 2507 1402 2579 (ο)
1429 2529 1456 2557 ››
1498 2509 1900 2567 ferventiorem
1954 2512 2057 2568 Ec-

416 2594 607 2651 clesiae
637 2598 860 2667 partem
894 2594 1195 2666 appellat?
1226 2595 1354 2662 Qui,
1390 2618 1418 2644 ››
1442 2600 1507 2652 ut
1536 2596 1689 2653 idem
1748 2599 2058 2673 Gregorius

417 2683 500 2741 ait
528 2684 589 2739 in
620 2682 735 2739 alia
762 2683 1023 2740 oratione
1047 2683 1154 2756 (εἰ),
1189 2707 1216 2733 α
1249 2684 1481 2741 tametsi
1516 2684 1732 2757 alioqui
1765 2687 1953 2758 pacati
1993 2706 2060 2745 ac

416 2770 702 2828 moderati
733 2771 872 2838 sint,
904 2770 1013 2827 hac
1043 2775 1241 2828 tamen
1273 2772 1331 2828 in
1364 2788 1424 2828 re
1446 2772 1605 2829 lenes
1636 2778 1692 2830 et
1714 2774 1911 2832 faciles
1933 2793 2060 2833 esse

414 2876 531 2917 non
562 2860 875 2936 sustinent,
908 2876 1039 2915 cum
1072 2860 1516 2932 pergsilentium
1548 2868 1606 2918 et
1661 2863 1913 2935 quietem
1958 2866 2057 2921 Dei

417 2966 597 3006 causa
614 2949 919 3021 proditur;
943 2965 1144 3005 verum
1168 2948 1263 3005 hic
1286 2949 1604 3007 admodum
1628 2952 1876 3009 bellaces
1899 2958 2058 3023 sunt,

411 3042 589 3110 atque
618 3038 677 3093 in
707 3037 1070 3110 conﬂigendo
1108 3040 1287 3093 "acres
1319 3044 1377 3094 et
1424 3039 1662 3106 feroces,
1720 3040 2061 3114 hujusmodi

418 3125 576 3183 enim
606 3125 713 3182 zeli
744 3131 922 3182 aestus
980 3129 1089 3198 est,
1138 3124 1429 3199 citiusque
1459 3126 1704 3201 aliquid,
1733 3132 1888 3200 quod
1944 3149 2059 3187 non

416 3218 698 3287 Oporteat,
730 3215 1097 3283 tentaverint,
1124 3230 1299 3287 quam
1323 3216 1478 3288 quod
1510 3233 1575 3273 ex
1599 3218 1789 3275 officio
1820 3220 1895 3276 sit
1916 3237 2060 3292 prie-

2168 641 2306 696 dum
2341 654 2478 711 ergo
2511 637 2761 693 discissa
2791 642 2934 709 erat,
2968 654 3102 693 cum
3134 637 3357 709 primos
3391 641 3509 693 tros
3540 637 3607 692 ad
3644 654 3823 709 popu-

2166 728 2286 783 lum
2323 744 2623 785 sermones
2652 728 2859 783 habuit
2888 744 3039 783 anno
3071 728 3200 784 362.
3233 727 3415 798 quue
3455 726 3629 782 etiam
3684 727 3823 783 inde

2168 824 2344 890 patet,
2372 818 2524 889 quod
2560 834 2674 873 non
2707 818 2879 873 modo
2912 816 3055 872 nihil
3093 816 3150 872 in
3177 815 3271 872 his
3302 815 3671 871 orationibus
3691 832 3823 872 con-

2169 912 2259 961 tra
2290 905 2626 972 dissidium,
2662 905 2808 960 nihil
2841 906 2910 961 de
2934 922 3074 978 pace
3107 905 3264 959 dicat
3294 903 3634 977 Gregorius,
3667 906 3823 977 quod

2170 995 2423 1066 profecto
2457 1010 2572 1049 non
2605 994 2900 1049 omisisset
2929 998 3123 1049 orator
3139 992 3300 1064 pacis
3330 992 3776 1050 amantissimus
3807 1018 3822 1064 ς

2167 1100 2369 1137 verum
2402 1082 2574 1137 etiam
2606 1082 3029 1138 Nazianzenam
3065 1081 3384 1137 Ecclesiam
3417 1081 3498 1153 (ἡ)
3522 1105 3549 1131 (ι
3585 1099 3703 1137 uno
3728 1099 3823 1138 co-

2168 1171 2419 1242 demque
2449 1172 2643 1225 animo
2678 1187 2861 1226 unum
2906 1170 3179 1241 idemque
3233 1170 3583 1226 sentientem
3614 1193 3640 1221 »
3694 1170 3823 1227 lau-

2168 1259 2287 1314 det.

2171 1367 2405 1423 LXXIX.
2440 1366 2546 1421 Sub
2576 1365 3001 1439 Juliam'ﬁnem
3032 1366 3360 1437 subscripsit
3394 1368 3581 1437 impia:
3610 1374 3826 1439 formu-

2536 1439 2628 1505 lae,
2658 1437 2751 1492 sed
2784 1437 3028 1494 illaesum
3060 1453 3152 1492 cor
3179 1440 3441 1511 servavit.

2240 1526 2366 1582 Non
2396 1526 2576 1597 igitur
2605 1527 2715 1581 sub
2739 1525 3098 1595 Constantio,
3127 1527 3227 1582 sed
3250 1530 3524 1598 vergente
3546 1528 3616 1582 ad
3644 1528 3821 1583 finem

2166 1613 2383 1670 Juliani
2417 1614 2685 1686 imperio,
2724 1614 2984 1670 formulae
3007 1615 3207 1671 minus
3228 1615 3559 1671 orthodoxae
3590 1617 3826 1671 videtur

2168 1702 2592 1775 subscripsisse
2608 1704 2938 1776 Gregorius,
2964 1704 3240 1776 deceptus
3265 1704 3612 1759 Arianorum
3646 1705 3825 1772 dolis,

2169 1793 2289 1863 qui,
2313 1793 2551 1848 absente
2570 1793 2709 1860 filio,
2742 1792 2895 1848 nacti
2922 1798 3314 1864 opportunam
3338 1809 3538 1849 senem
3566 1794 3826 1849 circum-

2168 1882 2435 1937 veniendi
2468 1884 2853 1949 occasionem,
2886 1882 3077 1953 specie
3108 1881 3535 1953 paciﬁcationis
3575 1898 3709 1938 eum
3762 1884 3827 1938 in

2171 1986 2406 2042 pravam
2466 1969 2803 2026 societatem
2860 1974 3285 2043 pertraxerunt.
3355 1971 3501 2042 Dixi,
3581 1971 3831 2029 absente

2169 2057 2310 2124 filio,
2345 2059 2444 2129 qui
2477 2059 2773 2114 interdum
2807 2063 3062 2130 paternas
3095 2060 3305 2116 domus
3336 2059 3723 2116 sollicitudini
3764 2076 3832 2116 se

2168 2149 2544 2212 subtrahens,
2576 2149 2633 2202 in
2669 2148 2917 2202 amicam
2952 2148 3117 2203 Ponti
3149 2147 3531 2204 solitudinem
3586 2150 3661 2204 ad
3715 2149 3834 2205 Ba-

2168 2235 2369 2291 silium
2400 2236 2625 2292 evolare
2655 2236 2911 2305 solebat;
2938 2254 3242 2309 nunquam
3266 2239 3424 2293 enim
3449 2254 3514 2293 eo
3538 2242 3835 2310 praesente

2176 2326 2326 2397 patri
2360 2324 2604 2381 insidias
2637 2330 2862 2381 struere
2892 2326 3020 2381 ausi
3054 2326 3321 2381 fuissent.
3355 2330 3595 2399 Magnas
3624 2327 3685 2382 in
3716 2328 3834 2383 Ec-

2168 2413 2344 2470 clesia
2373 2414 2733 2470 Nazianzena
2751 2415 2954 2470 turbas
2979 2415 3525 2489 excitavitGregorii
3559 2416 3832 2472 subscri-

2171 2503 2309 2575 ptio,
2334 2507 2387 2558 et
2404 2504 2602 2558 statim
2626 2504 2893 2559 monachi
2917 2506 2987 2560 ab
3009 2505 3136 2575 ejus
3159 2505 3570 2561 communione
3594 2505 3830 2561 disces-

2169 2596 2406 2661 serunt;
2448 2597 2591 2663 quot
2639 2609 2791 2648 anno
2838 2594 2945 2648 363
2988 2594 3251 2666 contigit,
3303 2595 3353 2650 si
3399 2595 3636 2666 quidem
3671 2612 3830 2649 non-

2168 2682 2307 2737 dum
2337 2680 2745 2751 discesserant,
2782 2697 2914 2737 cum
2955 2700 3108 2738 anno
3155 2685 3261 2738 362
3300 2683 3669 2739 Nazianzenm
3710 2685 3832 2739 Ec-

2167 2768 2355 2825 clesia:
2386 2770 2754 2825 concordiam
2787 2770 3054 2826 laudaret
3102 2772 3449 2844 Gregorius;
3479 2788 3682 2827 recens
3715 2789 3835 2828 au-

2169 2864 2287 2914 tem
2327 2862 2452 2913 erat
2483 2858 2784 2927 discessio,
2827 2875 2959 2914 cum
2994 2859 3242 2930 primam
3279 2865 3482 2917 contra
3516 2860 3835 2918 Julianum

2159 2947 2287 3019 jam
2309 2948 2661 3002 exstinctum
2684 2947 3027 3004 invectivam
3052 2949 3346 3006 scriberet.
3373 2950 3632 3022 Denique
3653 2950 3840 3007 dissi-

2169 3035 2285 3103 dio,
2322 3036 2475 3107 quod
2509 3035 2851 3091 diuturnum
2888 3054 3002 3093 non
3034 3037 3242 3106 fuerat,
3275 3039 3493 3108 sedato,
3526 3039 3840 3111 composi-

2169 3129 2249 3193 to,
2282 3129 2419 3192 etc.,
2451 3125 2774 3181 instaurata
2791 3130 2880 3181 est
2910 3126 3224 3182 concordia
3259 3144 3413 3182 anno
3446 3128 3571 3182 364.
3622 3131 3840 3184 Mona-

2170 3214 2311 3270 chos
2333 3216 2488 3270 enim
2510 3232 2545 3271 a
2570 3229 2631 3271 se
2658 3238 2685 3264 ‹‹
2711 3216 2784 3270 ob
2810 3215 3044 3287 pietatis
3066 3216 3256 3271 zelum
3282 3238 3309 3267 ››
3334 3217 3687 3273 dissidentes
3708 3219 3836 3274 sibi

419 3304 794 3360 termiserint.
825 3325 853 3355 »
884 3304 1148 3374 Videant,
1176 3306 1275 3379 qui
1306 3306 1647 3379 Gregorium
1670 3288 2060 3380 patrem,—sub
2091 3288 2134 3354 C
2174 3308 2231 3359 et
2256 3305 2475 3359 caeteris
2519 3304 2911 3360 reconciliavit
2941 3305 3274 3378 Gregorius,
3325 3310 3453 3361 tum
3506 3306 3580 3361 ob
3629 3306 3833 3378 ipsius

420 3393 775 3460 Constantio,
805 3393 1159 3450 Ariminensi
1182 3395 1439 3452 formulae
1464 3397 1887 3469 subscripsisse
1908 3399 2061 3455 arbi-

416 3483 666 3552 trantur,
697 3496 765 3536 ex
795 3497 910 3553 quo
939 3487 1281 3554 sequeretur
1310 3484 1630 3541 monachos
1652 3501 1756 3557 per
1776 3488 1923 3545 duos
1961 3492 2063 3545 aut

414 3568 593 3626 etiam
608 3572 725 3625 tres
748 3586 936 3626 annos
957 3570 1418 3644 indignationem
1435 3590 1604 3630 suam
1627 3575 2059 3648 dissimulasse,

408 3659 703 3729 quomodo
726 3658 846 3714 haec
878 3659 1189 3717 conciliare
1209 3660 1439 3717 valeant
1463 3680 1475 3729 ;
1502 3664 1898 3720 maximevero
1924 3682 2057 3722 cum

410 3763 477 3802 ex
504 3746 785 3819 Gregorio
818 3749 990 3804 breve
1024 3749 1197 3804 fuerit
1218 3750 1555 3807 dissidium.
1581 3774 1606 3801 ‹‹
1634 3758 1738 3810 Eos
1761 3753 1939 3824 enim,
1959 3756 2057 3827 qui

404 3835 477 3891 ob
508 3834 740 3908 pietatis
774 3837 967 3894 zelum
1024 3838 1410 3907 dissidebant,
1452 3840 1646 3913 inquit
1700 3842 1792 3913 (ε),
1850 3847 1907 3898 et
1945 3844 2055 3898 sibi

404 3928 462 3980 et
490 3924 714 3981 caeteris
744 3925 1138 3983 reconciliavit
1160 3928 1493 4001 (Gregorius
1515 3931 1700 4000 pater)
1732 3934 2057 4003 postremos

407 4028 442 4068 a
472 4014 644 4069 nobis
679 4015 997 4086 sejunctas,
1030 4019 1089 4072 et
1120 4016 1306 4088 primo
1337 4034 1620 4074 reversos.
1647 4041 1675 4068 »
1708 4019 2059 4075 Brevissima

412 4101 675 4173 inquam.
708 4102 809 4157 illa
841 4104 953 4159 fuit
986 4104 1213 4175 divisio,
1245 4109 1395 4162 teste
1417 4107 1715 4179 Gregorio,
1739 4108 1838 4180 qui
1871 4130 1898 4159 ‹‹
1931 4124 2060 4165 eam

406 4189 798 4246 calamitatem
857 4191 1142 4248 hactenus
1174 4194 1417 4249 durasse
1462 4194 1667 4251 scribit
1696 4197 1803 4267 (ης
1845 4201 1909 4251 ut
1958 4214 2058 4268 per

411 4276 520 4332 hoc
550 4278 888 4346 dissidium,
920 4284 1203 4350 quantum
1237 4282 1396 4353 pacis
1452 4283 1671 4338 bonum
1731 4290 1906 4353 esset,
1954 4286 2056 4356 qui

416 4365 587 4421 divisi
610 4366 860 4437 fuerant,
895 4367 1309 4441 intelligerent,
1347 4373 1666 4443 statimque
1687 4373 2053 4429 odiumillud

419 4453 552 4511 odio
584 4454 866 4511 haberent
895 4473 961 4512 ac
992 4457 1387 4515 detestationi.
1422 4462 1545 4526 Qua
1573 4462 1735 4532 pacis
1765 4461 2055 4519 celeritate

413 4543 762 4614 subreptum
787 4540 930 4599 bene
963 4545 1072 4600 fuit
1099 4550 1155 4602 et
1186 4547 1747 4620 obscuratum,quod
1781 4550 1840 4605 in
1862 4552 2053 4606 medio

2172 3393 2570 3461 reverentiam,
2602 3397 2727 3449 tum
2760 3394 2831 3449 ob
2860 3395 3150 3466 dogmatis
3189 3395 3527 3466 puritatem.
3581 3416 3609 3445 «
3643 3394 3832 3452 Solus

2171 3499 2446 3555 namque,
2472 3487 2535 3538 ut
2556 3482 2635 3538 ait
2656 3483 2969 3555 Gregorius
3002 3488 3197 3539 noster
3228 3483 3321 3555 (ἰ),
3352 3483 3595 3539 illaesum
3648 3500 3831 3540 men-

2169 3576 2309 3641 tem,
2345 3571 2705 3644 minimeque
2748 3570 2927 3627 simul
2974 3588 3107 3627 cum
3158 3576 3486 3643 atramento
3539 3572 3831 3629 infectam

2170 3660 2427 3714 animam
2452 3660 2664 3715 habere
2685 3660 2939 3715 creditus
2963 3665 3072 3727 est,
3101 3661 3333 3716 tametsi
3350 3677 3451 3732 per
3471 3661 3654 3716 animi
3676 3662 3831 3717 sim-

2170 3748 2485 3819 plicitatem
2536 3750 2813 3821 abreptus
2867 3750 3095 3819 fuisset,
3154 3749 3474 3821 dolumque
3522 3751 3594 3805 ob
3636 3750 3832 3805 animi

2168 3836 2562 3892 sinceritatem
2592 3838 2664 3892 ob
2697 3837 2855 3892 omni
2884 3838 3016 3894 dolo
3049 3837 3300 3893 alienam
3336 3838 3580 3893 minime
3627 3839 3828 3895 cavis-

2167 3929 2326 3979 set.»
2362 3925 2448 3979 Ita
2503 3926 2694 3997 gravis
2747 3926 3018 3981 Ecclesia:
3066 3926 3440 3981 Nazianzenee
3498 3931 3834 3998 tempestas

2166 4014 2367 4067 sedata
2395 4017 2483 4067 est
2514 4014 2774 4085 Gregorii
2806 4014 3061 4086 episcopi
3096 4015 3370 4085 precibus
3392 4022 3444 4069 et
3468 4015 3835 4072 admonitio-

2167 4100 2360 4167 nibus,
2393 4106 2528 4156 nato
2578 4101 2808 4156 interim
2854 4102 3087 4173 pietatis
3135 4107 3192 4157 et
3239 4119 3425 4175 operae
3480 4104 3672 4170 socio;
3716 4105 3831 4175 qui

2164 4205 2296 4243 cum
2331 4189 2479 4260 patri
2514 4189 2583 4244 ad
2617 4206 2787 4245 omne
2820 4190 3039 4245 bonum
3070 4206 3265 4246 comes
3297 4195 3354 4245 et
3381 4192 3617 4262 adjutor
3639 4198 3831 4258 esset,

2166 4293 2231 4331 ac
2284 4277 2446 4332 velut
2496 4295 2530 4332 a
2586 4277 2767 4333 latere
2835 4283 3117 4344 curreret,
3202 4279 3297 4333 hic
3359 4280 3455 4335 Dei
3536 4280 3833 4337 beneficio

2167 4364 2353 4420 multo
2384 4366 2700 4421 maximam
2735 4366 2953 4422 laboris
2983 4367 3283 4439 studiique
3333 4373 3559 4440 partem
3613 4373 3834 4425 contu-

2165 4453 2255 4510 lit.

2164 4560 2374 4636 LXXX.
2437 4560 2732 4636 Theologu:
2780 4562 3024 4636 loquitur
3069 4563 3300 4634 perinde
3336 4578 3400 4619 ac
3436 4566 3487 4619 si
3536 4580 3661 4619 rcus
3709 4563 3840 4636 ipse

409 4631 674 4713 contigit.
695 4653 723 4681 »
746 4632 958 4705 Ecquis
971 4638 1167 4690 autem
1197 4637 1539 4692 resarcitum
1558 4642 1679 4693 tam
1706 4638 2051 4695 «celeriter»
2085 4650 2130 4713 ί)
2232 4632 2394 4703 fl‘ret.
2429 4633 2569 4705 quod
2599 4635 2802 4703 pietati
2830 4631 2958 4702 ἐνρο
2981 4631 3199 4705 patrem
3229 4636 3583 4690 tribuendum
3614 4644 3709 4691 est.

401 4713 459 4764 et
491 4710 973 4782 redintegratum,
1003 4714 1099 4769 vix
1129 4718 1196 4768 ut
1226 4716 1520 4772 exstitisse
1546 4718 1835 4782 credatur,
1879 4724 2054 4789 atque

402 4798 579 4854 etiam
613 4799 780 4855 breve
811 4801 1129 4857 dissidium
1161 4807 1330 4875 putet
1360 4805 1515 4875 quod
1548 4806 1718 4860 annis
1747 4806 1936 4862 tribus
1982 4807 2054 4862 ad

404 4886 716 4943 minimum
753 4894 855 4944 aut
885 4896 1138 4962 quatuor
1168 4894 1657 4964 perseveraverit?
1685 4894 1825 4958 Quis
1858 4897 2057 4951 credat

400 4976 489 5029 tot
518 4976 689 5031 annis
710 4975 1174 5050 indignationem
1202 4997 1367 5037 suam
1393 4983 1679 5053 pressisse
1711 4984 2053 5051 monachos,

405 5078 553 5134 quos
584 5086 615 5113 ‹‹
659 5065 977 5123 admodum
1036 5069 1286 5126 bellaces
1354 5078 1525 5143 atque
1572 5071 1632 5125 in
1689 5073 2053 5144 conﬂigendo

404 5166 569 5207 acres
600 5156 656 5208 et
681 5154 897 5211 feroces
928 5178 956 5206 η
993 5158 1194 5214 scribit
1225 5159 1529 5231 Gregorius
1560 5165 1759 5215 noster
1779 5164 1856 5233 (g)
1876 5162 1902 5216 ?

474 5241 619 5306 Quid
656 5242 826 5314 plura
856 5245 884 5299 ‘I
931 5248 1197 5312 Quandlu
1250 5247 1499 5304 discissa
1528 5250 1639 5305 fuit
1693 5249 2054 5307 Nazianzena

471 5506 551 5580 (b)
576 5507 681 5580 Or.
716 5512 803 5580 18,
838 5528 895 5567 n.
932 5514 1019 5569 18.

574 5578 719 5634 Ibid.

472 5584 548 5711 ὅ)
576 5584 719 5634 Ibid.

534 5652 549 5720 )
582 5650 678 5704 Or.
710 5653 801 5718 21,
835 5670 891 5709 n.
923 5655 1014 5710 25.

477 5722 554 5790 (ε)
586 5726 683 5778 Or.
719 5724 804 5795 18,
838 5742 895 5781 n.
928 5726 1016 5783 18.

472 5441 533 5505 (a
586 5436 679 5493 Or.
711 5440 765 5506 6,
802 5458 858 5495 η.
899 5444 983 5497 10.

472 5435 555 5646 (ῡέ
583 5507 681 5590 Or.
716 5512 803 5580 18,
838 5528 895 5567 n.
932 5514 983 5567 16

472 5584 526 5646 (ο
574 5578 719 5634 Ibid.

2236 4720 2481 4774 Miretur
2510 4720 2753 4776 forsitan
2788 4721 3082 4793 quispiam
3118 4739 3222 4776 cur
3252 4724 3585 4795 Gregorius,
3624 4724 3695 4777 de
3728 4740 3837 4779 se-

2162 4808 2382 4863 ditione
2423 4810 2701 4865 adversus
2750 4815 2977 4882 patrem
3033 4827 3209 4866 suum
3257 4812 3832 4867 excitataaferven-

2162 4896 2307 4951 tiore
2363 4897 2632 4952 Ecclesiae
2679 4902 2840 4969 parte
2887 4898 3064 4953 verba
3112 4898 3352 4968 faciens,
3428 4900 3666 4971 perinde
3734 4900 3832 4956 lo-

2163 4991 2378 5055 quatur
2434 5003 2499 5041 ac
2548 4987 2594 5041 si
2645 4986 2771 5058 ipse
2827 5003 2961 5043 reus
3016 4992 3172 5043 esset
3227 4992 3285 5043 et
3337 5004 3470 5043 cum
3533 4994 3695 5060 patre
3756 4990 3825 5045 in

2163 5091 2398 5144 pravam
2458 5075 2797 5131 societatem
2885 5080 3214 5147 pertractus
3294 5076 3533 5132 fuisset:
3586 5100 3615 5127 «
3666 5078 3828 5134 Nam

2162 5179 2317 5228 cum,
2349 5162 2539 5234 inquit
2558 5164 2641 5234 (7'),
2676 5181 2710 5219 a
2733 5163 3083 5220 ferventiore
3104 5165 3370 5220 Ecclesiae
3390 5171 3551 5237 parte
3577 5166 3649 5220 ob
3685 5183 3825 5223 eam

2163 5267 2397 5307 causam
2434 5252 2641 5308 seditio
2672 5253 2736 5307 in
2767 5270 2875 5309 nos
2901 5253 3154 5310 excitata
3182 5260 3370 5322 esset;
3400 5255 3557 5326 quod
3600 5255 3830 5328 scripto

2231 5446 2297 5518 (f)
2329 5446 2424 5503 0r.
2458 5448 2512 5514 6,
2546 5465 2604 5504 n.
2636 5451 2670 5504 8
2699 5451 2757 5504 et
2790 5450 2879 5505 12.

2254 5518 2312 5643 ἵ)
2341 5518 2435 5573 Or.
2467 5519 2557 5591 21,
2591 5537 2649 5575 n.
2680 5520 2772 5574 25.

2297 5590 2311 5643 l
2342 5588 2442 5643 Or.
2481 5590 2536 5643 3.
2569 5609 2627 5643 n.
2659 5592 2713 5643 6.

2294 5590 2311 5659 )
2342 5588 2442 5647 Or.
2481 5588 2627 5658 3,'n.
2659 5592 2713 5647 6.

2255 5661 2298 5727 ἱ)
2328 5660 2422 5732 Or.
2462 5664 2546 5732 18,
2579 5679 2636 5719 η.
2679 5662 2763 5718 18.

2234 5730 2297 5803 (i)
2321 5730 2415 5788 Or.
2452 5730 2537 5801 18,
2572 5750 2628 5789 n.
2666 5734 2753 5789 18.
