4096 6288
314 367 430 429 185

1648 370 1834 436 νιτΑ
1877 370 1944 436 S.
1991 370 2389 437 GHEGORII.

3599 361 3717 426 186

314 500 550 575 quodam
580 503 636 559 et
659 501 1000 562 artiﬁciosis
1029 504 1223 563 verbis
1263 503 1711 580 circumscripti,
1740 505 1797 563 in
1823 524 1958 583 pra-
1987 508 2037 577 Α
2074 508 2201 583 quit
2230 506 2540 584 Gregorius
2572 506 2662 582 (ε),
2695 506 2804 564 hac
2832 504 2888 562 in
2940 520 3000 563 re
3031 498 3467 561 consultoribus
3498 513 3563 554 ao
3594 494 3716 554 sin-

310 608 432 648 vam
455 592 797 651 societatem
830 598 1110 668 pertracti
1134 598 1470 654 fuissemus.
1509 621 1529 648 ι
1564 598 1779 654 Verum
1813 599 1967 655 absit

313 688 375 737 ut
402 682 755 739 arbitremur
783 687 1132 757 Gregorium
1176 688 1964 753 nostrum,doctriniscatho—

312 770 427 826 lica:
464 772 725 843 pugilem
748 775 1079 847 egregium,
1098 776 1419 832 simulcum
1446 784 1607 849 patre
1630 779 1698 833 ad
1734 778 1963 833 Arianis

315 862 613 933 deceptum
648 863 856 919 fuisse.
892 865 955 921 Id
986 866 1144 921 enim
1177 867 1373 936 pietati
1419 883 1556 938 erga
1586 871 1883 938 parentem
1907 873 1965 923 et

317 951 885 1008 humanitatidatum
919 955 1105 1010 videri
1123 956 1309 1022 debet,
1335 958 1487 1029 quod
1522 958 1594 1011 de
1624 955 1796 1027 culpa
1811 956 1965 1012 velut

317 1040 606 1094 communi
648 1042 948 1113 loquatur.
982 1048 1126 1099 Cum
1168 1051 1362 1100 autem
1397 1063 1511 1100 non
1544 1046 1827 1116 seipsum,
1861 1046 1961 1101 sed

319 1129 497 1185 solum
532 1135 754 1202 patrem
790 1141 1051 1199 excuset,
1084 1157 1109 1184 «
1144 1135 1219 1206 (a)
1252 1135 1349 1207 qui
1395 1134 1556 1191 solus
1587 1134 1834 1190 illaesum
1868 1151 1965 1190 cor

319 1217 542 1287 habere,
579 1237 686 1275 nec
717 1222 895 1277 simul
928 1222 1185 1278 animam
1212 1240 1343 1278 cum
1376 1228 1701 1280 atramento
1719 1225 1964 1279 foedasse

318 1309 570 1363 creditus
602 1313 712 1379 est,
748 1332 777 1359 »
808 1310 1031 1366 indicat
1079 1312 1336 1383 seipsum
1368 1329 1483 1367 non
1516 1313 1960 1384 subscripsisse,

318 1396 575 1467 adeoque
605 1415 709 1453 nec
741 1404 983 1455 externa
1005 1401 1229 1457 actione
1269 1418 1512 1457 errasse.
1546 1403 1826 1457 Praeterea
1856 1404 1962 1459 ob-

319 1486 694 1551 servandum,
727 1487 963 1560 culpam
996 1492 1445 1562 subscriptionis
1477 1497 1728 1563 paternae
1762 1492 1962 1563 princi-

319 1590 425 1644 pue
456 1575 783 1631 derivatam
806 1576 868 1631 in
905 1578 1111 1646 ﬁlium,
1145 1581 1296 1649 quod
1331 1597 1462 1635 cum
1500 1584 1682 1652 patre,
1718 1586 1781 1635 ut
1808 1582 1964 1636 vide-

316 1663 504 1725 batur,
542 1663 708 1735 lapso
734 1668 1207 1723 communionem
1241 1670 1534 1735 retineret,
1569 1687 1672 1725 nec
1690 1671 1840 1725 abeo
1871 1685 1962 1724 se-

316 1768 395 1819 se,
429 1753 516 1807 uti
551 1755 947 1823 ferventiores,
982 1763 1296 1828 separaret.

2075 599 2221 655 ceris
2245 599 2634 655 monitoribus
2652 615 2814 664 usus,
2833 595 3134 652 nobiscum
3160 592 3218 647 in
3245 592 3487 648 Pontum
3512 586 3715 662 profu-

2073 688 2175 762 git.
2214 710 2242 739 ι)
2275 689 2669 745 Secessionem
2696 686 2853 743 illam
2889 702 3041 741 anno
3072 685 3175 739 361i
3206 685 3467 746 exeunte,
3496 683 3595 733 aut
3625 678 3714 732 in-

2072 782 2246 834 eunte
2271 779 2396 844 365,
2435 778 2831 833 collocan'dam
2891 792 3018 831 esse
3071 773 3279 847 probat
3326 773 3527 825 auctor
3587 767 3714 823 Vitae

2071 869 2250 922 sancti
2269 868 2489 933 Basilii,
2531 883 2656 938 cap.
2689 867 2742 929 9,
2777 882 2833 920 n.
2888 867 2922 919 6
2956 883 2968 919 :
3002 865 3200 935 itaque
3248 862 3373 933 jam
3429 858 3713 914 exstincto

2072 956 2389 1011 schismate
2421 955 2779 1011 Nazianzena
2810 952 3072 1025 contigit.

2140 1045 2421 1100 Basilium
2445 1048 2636 1100 autem
2670 1042 3026 1116 presbyterio
3044 1040 3303 1097 nondum
3334 1037 3716 1101 initiatum,et

2072 1134 2129 1189 in
2161 1134 2473 1189 solitudine
2497 1137 2783 1206 agentem,
2832 1149 2983 1187 anno
3014 1132 3136 1185 363.
3167 1128 3478 1201 Gregorius
3509 1141 3713 1182 conve-

2073 1227 2271 1279 uerat:
2308 1223 2536 1277 sublato
2569 1222 2787 1277 scilicet
2818 1238 2848 1276 e
2906 1220 3051 1276 vivis
3078 1218 3313 1275 Juliano
3343 1219 3638 1289 Apostata,
3664 1218 3721 1269 et

2072 1312 2264 1368 adhuc
2299 1312 2577 1384 ﬂagrante
2606 1312 2968 1366 Nazianzeno
3000 1309 3317 1366 schismate
3341 1306 3570 1377 ;ibique
3601 1320 3719 1359 am-

2073 1401 2178 1455 bas
2208 1402 2265 1455 in
2292 1405 2633 1472 Apostatam
2692 1401 2985 1456 orationes
3043 1398 3373 1470 scripserat,
3407 1395 3718 1467 adjuvante

2072 1504 2174 1547 seu
2200 1488 2543 1544 consiliante
2574 1487 2806 1556 Basilio,
2840 1491 2904 1542 ut
2930 1504 2998 1543 ex
3026 1486 3119 1541 his
3152 1484 3419 1540 secundae
3442 1479 3719 1537 Steleuti-

2073 1595 2149 1633 σω
2182 1578 2287 1649 (sic
2319 1577 2602 1634 enimillae
2624 1579 3065 1649 nuncupantur)
3087 1570 3717 1642 verbiscolligunteru-

2072 1667 2178 1723 diti
2206 1683 2266 1721 :«
2291 1668 2419 1723 Haec
2449 1666 2557 1727 tibi
2588 1666 2841 1722 Basilius
2898 1670 2953 1721 et
3001 1662 3336 1736 Gregorius,
3371 1683 3399 1710 »
3445 1663 3553 1715 etc.
3590 1658 3714 1714 Non

2071 1755 2495 1827 imprudenter,
2536 1760 2602 1811 ut
2632 1756 2796 1811 Petro
2845 1754 3040 1810 Cuneo
3088 1752 3338 1821 videtur,
3390 1748 3715 1819 Julianum,

364 1858 611 1914 LXXXI.
649 1860 933 1916 Praeclara
955 1861 1201 1934 Gregorii
1222 1865 1278 1918 in
1315 1864 1458 1919 hanc
1486 1881 1603 1920 rem
1632 1867 1923 1921 sententia.
1994 1880 2041 1945 Β
2079 1851 2414 1945 αηίίιηίὶυεξω
2447 1845 2731 1945 ίῐξξοεῐξθι,
2760 1843 2952 1943 ΡθιῙεξω
2975 1841 3253 1945 omni?“
3282 1836 3714 1945 ξξλάίξνίῑξτξιμῖξδ·

380 1946 527 2001 Huic
553 1954 766 2003 nostra:
802 1954 871 2004 de
903 1951 1146 2005 dissidio
1179 1952 1548 2008 Nazianzena:
1584 1954 1848 2009 Ecclesiae
1907 1959 1963 2009 et

314 2036 639 2091 instaurata
671 2055 811 2109 pace
832 2040 1226 2109 disquisitioni
1245 2043 1415 2096 finem
1434 2042 1805 2113 imponamus
1822 2060 1961 2114 pra:-

313 2124 467 2179 clara
496 2126 558 2179 in
592 2126 746 2181 hanc
769 2144 887 2183 rem
931 2129 1188 2200 Gregorii
1224 2130 1509 2185 sententia
1542 2148 1554 2185 :
1600 2151 1619 2178 ι
1646 2131 1865 2199 Nihil,»
1900 2135 1966 2186 ut

313 2214 580 2269 observat
607 2216 697 2269 vir
716 2222 959 2272 sanctus
990 2218 1046 2271 in
1080 2219 1337 2274 oratione
1379 2236 1555 2291 quam
1589 2221 1658 2275 de
1692 2237 1829 2292 pace
1860 2221 1961 2275 ha-

316 2302 556 2372 buit(b),
596 2328 616 2351 ·
654 2321 773 2371 eos,
801 2305 900 2375 qui
932 2306 1158 2362 sincero
1203 2308 1380 2363 animi
1415 2310 1621 2364 affectu
1656 2310 1836 2365 Deum
1869 2327 1965 2365 co-

317 2390 465 2456 lunt,
499 2409 670 2462 teque
690 2394 846 2447 inter
876 2411 938 2448 se
968 2395 1257 2467 conciliat,
1292 2402 1465 2469 atque
1495 2399 1866 2454 consentiens
1896 2400 1967 2455 de

320 2480 429 2535 Deo
461 2481 730 2536 doctrina
764 2500 777 2537 :
811 2484 1305 2554 quemadmodum
1332 2491 1532 2542 contra
1549 2487 1693 2542 nihil
1718 2489 1786 2542 ad
1803 2488 1970 2544 dissi-

319 2572 478 2624 dium
516 2572 598 2626 ita
628 2579 965 2645 promptum
998 2591 1063 2628 ac
1095 2581 1366 2645 paratum
1400 2581 1508 2643 est,
1544 2582 1607 2633 ut
1649 2578 1876 2635 diversa
1907 2580 1965 2634 in

320 2659 422 2713 hac
449 2678 505 2715 re
534 2661 869 2716 animorum
903 2665 1211 2719 sententia.
1258 2665 1360 2719 Hic
1419 2666 1597 2733 enim,
1656 2668 1833 2723 etiam
1866 2668 1965 2739 qui

320 2748 447 2802 aliis
477 2750 537 2803 in
574 2750 749 2804 rebus
782 2750 1162 2822 aequissimus
1192 2758 1248 2808 et
1268 2752 1582 2810 facillimus
1613 2762 1718 2823 est,
1754 2757 1969 2812 ferven—

321 2836 587 2891 tissimus
618 2838 811 2893 existit
844 2857 856 2905 ;
891 2856 957 2894 ac
989 2847 1337 2898 mansuetus
1358 2859 1489 2898 vere
1521 2860 1755 2916 pugnax
1794 2845 1969 2899 efﬁci-

321 2933 426 2991 tur,
463 2943 596 2981 cum
632 2944 696 2982 se
717 2945 821 2999 per
849 2928 1150 2984 lenitatem
1166 2931 1570 3001 Deijacturam
1603 2933 1966 3005 facere,imo,

319 3020 376 3067 ut
408 3015 624 3070 rectius
658 3015 887 3088 loquar,
922 3033 1025 3089 per
1054 3019 1482 3090 prolapsionem
1530 3038 1722 3088 suam,
1755 3022 1964 3090 Deum,

318 3102 412 3172 qui
443 3120 551 3158 nos
584 3110 640 3157 et
672 3122 775 3176 pro
797 3106 1015 3161 divitiis
1045 3107 1502 3164 habetetdivites
1534 3109 1968 3177 reddit,damno

319 3191 545 3246 afﬁcere
576 3193 881 3263 conspicit.
914 3194 1005 3248 Sic
1034 3195 1231 3267 igitur,
1275 3212 1381 3251 nos
1430 3197 1488 3251 in
1548 3197 1678 3269 ipsa
1735 3214 1969 3270 quoque

320 3281 685 3336 contentione
718 3284 1074 3337 moderatius
1124 3301 1230 3339 nos
1261 3285 1420 3356 ipsos
1449 3288 1743 3357 gessimus
1773 3305 1787 3354 ;
1824 3288 1968 3343 adeo

322 3375 381 3422 ut
413 3370 721 3425 concordia
752 3372 1151 3439 disiunctione
1171 3372 1524 3444 ipsaclarior
1552 3376 1748 3446 fuerit,
1781 3393 1847 3431 ac
1870 3391 1971 3447 per

322 3473 400 3522 ea,
431 3474 562 3529 qua:
585 3459 861 3530 utrinque
897 3459 1028 3514 laeta
1054 3465 1110 3516 et
1150 3463 1456 3519 commoda
1486 3464 1852 3533 exstiterunt,
1884 3465 1967 3530 id,

323 3547 468 3615 quod
492 3547 554 3601 in
587 3548 780 3603 medio
811 3548 1227 3621 contigit,pene
1248 3552 1592 3624 subreptum
1614 3556 1671 3609 et
1693 3554 1969 3611 obscura-

323 3639 465 3689 tum.
502 3658 530 3684 ι)

326 3741 585 3797 LXXXII.
617 3746 883 3800 Nascenti
914 3746 977 3800 in
1030 3746 1268 3801 Ecclesia
1309 3746 1638 3803 Caesariensi
1678 3750 1971 3808 discordiae

384 3815 627 3940 πῖεὲενέι
616 3818 820 3885 satagit
851 3816 1158 3888 Gregorius,
1191 3823 1245 3873 et
1272 3821 1557 3875 orationes
1588 3822 1647 3875 in
1682 3822 1971 3877 lulianum

386 3902 414 3939 ε
437 3904 471 3939 a
506 3901 570 3940 or
634 3928 647 3940 .

386 3901 647 3940 elaborat.

388 3973 506 4036 Quo
535 3979 801 4044 tempore
831 3974 1080 4031 discissa
1108 3980 1231 4031 erat
1282 3977 1645 4034 Nazianzena
1690 3980 1965 4052 Ecclesia,

328 4059 472 4116 aliud
505 4062 767 4117 schisma
801 4081 915 4118 non
950 4065 1147 4121 minus
1176 4066 1755 4124 exitialeCaesariensi
1782 4069 1968 4125 Eccle-

329 4148 417 4204 siae
445 4151 841 4221 impendebat,
877 4157 934 4207 et
955 4152 1205 4222 jamjam
1230 4160 1352 4208 erat
1373 4156 1659 4211 oriturum
1674 4172 1743 4211 ex
1758 4158 1967 4213 simul-

328 4240 556 4310 tatibus,
591 4256 739 4311 quas
769 4241 1059 4297 Eusebius
1088 4242 1459 4299 Giesariensis
1491 4243 1967 4317 episcopus,pra3-

329 4327 411 4381 sul
439 4328 576 4383 licet
607 4346 836 4384 morum
861 4329 1164 4385 honestate
1185 4330 1378 4387 clarus
1400 4333 1964 4406 etpietateinsignis,

331 4416 594 4472 adversus
625 4417 902 4473 Basilium
936 4420 1274 4487 exercebat;
1301 4422 1468 4491 cujus
1499 4422 1579 4476 rei
1612 4438 1790 4477 causa
1818 4422 1967 4495 opti-

330 4519 542 4561 morum
578 4507 1271 4579 quorumque,praecipue
1293 4526 1424 4565 vero
1457 4509 1966 4583 monachorum,in

2071 1934 2148 1989 cit
2172 1959 2186 2001 ;
2216 1956 2235 1982 υ
2255 1935 2354 1989 sed
2389 1933 2591 1989 multis
2616 1937 2671 1989 et
2692 1933 2889 2005 magni
2915 1931 3188 1987 momenti
3215 1927 3539 1984 rationibus
3564 1928 3711 1998 Apo-

2071 2026 2286 2077 statam
2321 2022 2547 2093 publice
2579 2022 2951 2094 proscindere
2981 2018 3317 2091 compulsus
3347 2020 3455 2072 est.
3507 2013 3712 2069 Praeci-

2072 2128 2220 2182 puas
2249 2116 2479 2165 tantum
2537 2111 2780 2175 caateris,
2815 2109 3113 2165 brevitatis
3157 2123 3332 2162 causa
3362 2102 3713 2177 praetermis-

2074 2200 2178 2266 sis,
2237 2199 2597 2254 exhibemus.
2649 2199 2724 2269 (d)
2766 2199 2957 2253 Primo
2996 2197 3177 2269 igitur
3224 2194 3547 2266 Oportebat,
3607 2189 3716 2247 hoc

2075 2288 2337 2360 exemplo
2370 2305 2468 2345 eos
2496 2289 2552 2343 in
2584 2285 3190 2352 veritateconﬁrmari,
3214 2284 3462 2354 quicum
3497 2280 3719 2335 univer-

2077 2394 2274 2434 sarum
2307 2378 2541 2449 quidem
2576 2394 2771 2432 rerum
2794 2376 2975 2431 Deum
2999 2374 3404 2442 conﬁteantur,
3434 2375 3627 2425 tamen
3646 2368 3719 2425 ob

2076 2466 2287 2521 animae
2318 2484 2433 2522 suae
2455 2465 2769 2535 levitatem,
2803 2482 2869 2520 su
2880 2464 3175 2536 perbiente
3198 2460 3402 2533 impio,
3421 2457 3720 2530 cogitatio-

2080 2556 2252 2610 nibus
2284 2555 2698 2621 incenduntur,
2732 2558 3100 2626 peccatorum
3124 2567 3323 2623 pacem
3356 2565 3471 2604 non
3506 2548 3717 2613 ferunt,

2078 2661 2181 2699 nec
2214 2645 2313 2700 Dei
2345 2644 2655 2699 consilium
2687 2646 3018 2715 exspectare
3049 2640 3363 2696 sustinent.
3402 2638 3469 2709 (e)
3500 2635 3720 2692 Deinde

2076 2733 2294 2789 Juliani
2327 2733 2649 2789 facinorum
2674 2731 3040 2788 enarratione
3062 2729 3377 2803 gentilibus
3404 2727 3720 2784 ostenden-

2078 2822 2217 2876 dum
2251 2826 2395 2887 erat,
2435 2843 2461 2874 α
2482 2822 2620 2892 quid
2646 2821 2777 2876 illos
2808 2822 3102 2876 daemones
3125 2819 3390 2873 doceant.
3426 2839 3453 2864 »
3479 2816 3545 2885 (Γ)
3569 2816 3722 2869 Tan-

2078 2910 2209 2965 dem
2242 2911 2353 2981 ipsi
2378 2910 2805 2979 lidcles,eorum
2834 2926 2957 2980 quae
2976 2907 3132 2979 passi
3174 2906 3403 2961 fuerant
3423 2902 3729 2976 expositio-

2078 3014 2171 3068 ne,
2196 2999 2603 3055 commonendi
2659 3000 2916 3063 fuerunt,
2944 3013 3022 3052 .ne
3065 2994 3432 3066 tempestatis
3464 2994 3519 3046 in
3566 2995 3726 3046 tran-

2079 3087 2367 3158 qmllitate
2396 3087 2890 3157 obliviscerentur,
2930 3108 2955 3136 «
2993 3102 3096 3140 nec
3127 3083 3312 3139 morbi
3363 3083 3421 3136 in
3453 3080 3723 3147 sanitate,

2080 3193 2185 3232 nec
2199 3175 3011 3249 captivitatis,incolumnesin
3025 3172 3348 3230 Jerusalem
3375 3168 3724 3233 reversi,neo

1998 3242 2041 3311 (ἶ
2079 3242 2303 3339 [Egypti
2324 3270 2455 3338 post
2484 3242 2813 3339 Egyptum.
2851 3287 2878 3314 »
2939 3266 3018 3319 Ex
3069 3264 3161 3319 his
3211 3261 3572 3317 orationibus
3604 3260 3719 3314 duo

2079 3362 2354 3426 praeterea
2370 3356 2673 3425 discimus,
2689 3370 2937 3425 quorum
2958 3354 3120 3424 prius
3142 3353 3209 3407 ad
3240 3349 3545 3406 historiam
3579 3348 3722 3404 Gre-

2079 3446 2223 3520 gorii
2257 3450 2313 3502 et
2344 3445 2545 3501 Basilii
2577 3444 2825 3517 pertinet
2858 3442 3144 3510 ;alterum
3170 3438 3579 3509 fidelibus,qui
3612 3436 3721 3494 sub

2078 3536 2258 3608 impio
2283 3551 2415 3607 rege
2444 3534 2667 3599 vivunt,
2692 3532 3028 3588 erudiendis
3058 3531 3337 3585 idoneum
3381 3532 3488 3583 est.
3523 3528 3724 3598 Itaque

2077 3625 2359 3698 Gegorius
2372 3640 2433 3679 se
2446 3627 2503 3678 et
2524 3621 2803 3677 Basilium
2824 3626 3154 3693 postremos
3167 3618 3234 3673 ad
3260 3615 3720 3690 persecutionem

2079 3732 2112 3771 a
2134 3714 2367 3769 Juliano
2398 3716 2722 3767 reservatos
2750 3726 2878 3766 esse
2908 3710 3094 3777 docet,
3158 3706 3239 3762 sic
3283 3722 3417 3761 eum
3467 3702 3721 3775 compel-

2078 3802 2209 3857 lans
2234 3801 2349 3873 (g):
2385 3822 2414 3849 «
2446 3799 2573 3853 Haec
2610 3798 2715 3853 tibi
2748 3796 2996 3853 Basilius
3055 3799 3112 3850 et
3162 3790 3542 3864 Gregorius...
3574 3805 3721 3860 quos

2079 3907 2215 3946 cum
2246 3894 2303 3946 et
2324 3889 2441 3944 vita
2461 3893 2519 3943 et
2547 3902 2836 3953 sermone,
2867 3891 2925 3940 et
2954 3891 3160 3939 mutua
3197 3879 3504 3937 concordia
3535 3878 3721 3933 claros

2077 3985 2135 4035 et
2154 3980 2405 4035 celebres
2428 3978 2549 4048 jam
2578 3976 2713 4030 inde
2745 3992 2778 4029 a
2825 3974 3043 4029 Graecia
3082 3986 3352 4027 nosses...
3397 3972 3723 4040 postremos

2077 4069 2147 4124 ad
2173 4067 2632 4139 persecutionem
2656 4063 3013 4118 reservabas.
3050 4062 3353 4114 nFortunaa
3382 4055 3670 4128 templum
3692 4071 3725 4110 a

2076 4154 2529 4211 Caesariensibus
2550 4150 2922 4223 Cappadociae
2941 4150 3049 4204 sub
3062 4147 3295 4205 Juliano
3308 4160 3694 4216 eversum,pae
3710 4173 3723 4182 -

2076 4260 2181 4299 nas
2210 4243 2430 4297 factum
2463 4241 2534 4297 ob
2566 4239 2707 4294 illud
2740 4238 2905 4294 abeis
2920 4240 3188 4308 sumptas
3219 4237 3724 4305 memoratetpro-

2076 4332 2264 4404 priam
2297 4347 2361 4386 eo
2393 4332 2464 4386 de
2494 4329 2725 4400 negotio
2758 4324 3176 4382 sententiamin
3200 4324 3389 4395 prima
3416 4321 3725 4377 Steleutica

2076 4420 2388 4493 Gregorius
2411 4418 2596 4491 aperit
2627 4418 2735 4473 hoc
2766 4417 2939 4471 modo
2970 4415 3049 4487 (h)
3084 4431 3097 4469 :
3156 4438 3175 4462 ι
3213 4415 3346 4478 Quae
3376 4435 3397 4462 ι
3450 4411 3722 4466 Julianus

2077 4531 2106 4560 «
2143 4510 2198 4563 in
2230 4508 2610 4563 Caesarienses
2641 4510 2871 4561 nostros
2892 4504 3151 4573 admisit,
3182 4502 3311 4571 hos,
3332 4499 3724 4571 inquam,ani-

329 4595 592 4649 seodium
636 4596 966 4650 concitavit.
1000 4595 1069 4651 Hi
1102 4614 1375 4668 namque.
1415 4598 1617 4670 iniquo
1655 4600 1852 4656 animo
1884 4601 1961 4656 fe-
1996 4606 2040 4670 D
2074 4597 2155 4653 mi
2177 4596 2589 4669 magnitudine
2618 4594 2910 4667 praeditos,
2935 4609 3001 4648 ac
3023 4592 3254 4664 pietatis
3275 4590 3467 4645 studio
3503 4588 3723 4642 ferven-

329 4689 505 4739 rentes
536 4685 746 4739 ducem
779 4700 953 4739 suum
1000 4684 1284 4741 Basilium
1316 4686 1388 4742 ab
1424 4687 1683 4742 Ecclesiae
1724 4689 1971 4743 admini-

329 4772 594 4826 stratione
628 4774 906 4828 removeri
941 4777 1116 4847 atque
1172 4773 1387 4844 injuria
1416 4773 1589 4844 affici,
1636 4776 1832 4829 statim
1866 4793 1968 4831 au-

328 4858 443 4914 daci
466 4862 721 4919 facinore
752 4864 824 4919 ab
847 4863 1103 4936 episcopi
1125 4862 1534 4919 communione
1554 4864 1820 4919 recedere
1851 4869 1968 4920 sta-

327 4954 836 5025 tuunt,secumque
869 4957 1096 5025 partem
1122 4951 1307 5024 plebis
1338 4956 1394 5007 et
1415 4952 1832 5008 honoratorum
1854 4970 1967 5009 non

326 5042 574 5110 exiguam
606 5041 981 5097 abstrahunt.
1018 5044 1089 5095 At
1122 5040 1558 5107 Basilius,ﬁlius
1574 5041 1756 5112 pacis,
1781 5058 1896 5095 non
1917 5041 1968 5097 is

324 5135 455 5198 erat,
484 5132 583 5204 qui
616 5148 728 5186 sua
758 5146 935 5185 causa
985 5128 1305 5187 Ecclesiam
1351 5128 1593 5184 lacerari
1627 5132 1920 5201 pateretur
1952 5155 1966 5197 ;

324 5220 642 5276 consiliario
675 5223 733 5275 et
778 5218 1077 5275 hortatore
1128 5218 1405 5291 Gregorio
1436 5223 1629 5285 utens,
1684 5235 1801 5273 una
1832 5234 1966 5273 cum

323 5307 408 5363 illo
437 5310 493 5364 in
528 5308 831 5365 Ponticam
858 5308 1237 5364 solitudinem
1271 5308 1547 5365 secessit:
1576 5330 1604 5359 ‹‹
1640 5308 1841 5377 Nobis,
1876 5306 1968 5362 in-

2078 4690 2188 4747 tes,
2220 4685 2299 4741 ita
2329 4686 2399 4740 ab
2431 4702 2497 4740 eo
2526 4686 2870 4756 exagitatos,
2902 4698 2966 4736 ac
2992 4698 3094 4753 per
3113 4677 3526 4735 contumeliam
3554 4692 3723 4733 vexa-

2080 4780 2192 4847 tos,
2228 4774 2473 4829 fortasse
2532 4790 2604 4828 ne
2655 4773 2907 4843 objicere
2958 4772 3192 4841 quidem
3241 4785 3474 4840 aequum
3530 4764 3726 4820 fuerit.

2077 4864 2305 4919 Etenim
2336 4862 2407 4917 ob
2440 4863 2776 4929 Fortunam,
2814 4858 3453 4927 fortunatioritempore
3484 4855 3732 4909 infortu-

2077 4953 2175 5009 nio
2197 4950 2664 5021 atl‘ectam,justa
2686 4949 3084 5021 indignatione
3107 4949 3458 5013 commotus,
3482 4943 3553 4997 ad
3577 4942 3727 4997 hanc

2076 5040 2358 5096 ultionem
2374 5055 2718 5110 progressus
2731 5053 2859 5092 esse
2882 5036 3187 5091 videbatur
3211 5051 3223 5089 :
3251 5031 3727 5103 quandoquidem

2075 5127 2376 5199 injustitiaz
2408 5126 2733 5181 dominanti
2785 5122 3049 5180 nonnihil
3082 5121 3518 5177 concedendum
3552 5124 3658 5175 est.
3696 5141 3723 5168 η

2074 5218 2356 5273 Caeterum
2389 5216 2449 5270 in
2482 5214 2908 5287 proscindendo
2933 5214 3211 5283 Apostata
3227 5210 3568 5281 Gregorium
3595 5208 3724 5263 nul-

2075 5305 2303 5361 latenus
2318 5304 2558 5359 modum
2578 5300 3050 5373 excessisse,etin
3070 5298 3305 5355 Monitis
3329 5299 3457 5371 jam
3478 5299 3728 5355 demon—

2168 5484 2215 5550 θ)
2246 5482 2342 5538 Or.
2374 5483 2429 5550 5,
2463 5500 2519 5537 n.
2548 5482 2639 5537 36.

2168 5555 2213 5626 η
2245 5554 2418 5621 Ibid.,
2453 5570 2508 5608 η.
2543 5554 2632 5626 34.

2151 5625 2228 5697 (g)
2260 5627 2355 5680 0r.
2388 5626 2443 5691 5,
2467 5642 2525 5679 n.
2557 5625 2647 5679 39.

2153 5697 2231 5767 (h)
2262 5697 2358 5752 Or.
2389 5697 2446 5766 5,
2480 5714 2537 5751 n.
2569 5697 2659 5751 92.
