4096 6288
362 361 477 424 187

1693 368 1872 428 VlTA
1923 368 1984 426 S.
2034 368 2432 429 GREGORII.

3653 370 3770 430 188

362 501 613 552 stratum
648 497 773 562 fuit,
809 501 860 552 et
893 498 1091 570 siquid
1111 503 1371 570 superest
1406 499 1803 570 dicendum,in
1825 500 1981 572 prole
2036 504 2080 569 Α
2118 501 2310 572 ipsum
2346 504 2606 573 tempore
2638 500 3026 568 mollitum,ut
3055 500 3270 556 ferrum
3305 500 3517 572 igne,et
3545 501 3614 554 ad
3642 501 3764 556 red-

359 586 627 658 gomenis
655 587 794 640 torui
828 588 1064 641 secundi
1100 590 1363 645 addetur.

435 675 934 731 Orationibusillis
957 677 1027 730 ad
1048 677 1222 732 finem
1249 680 1564 749 perductis,
1599 681 1673 753 (α)
1697 680 2010 736 cumBasi-

363 764 476 820 lius
508 767 824 818 Caesaream
858 766 1132 832 venisset,
1168 772 1340 838 atque
1372 770 1443 822 ab
1480 771 1729 825 Eusebio
1763 769 2010 824 civitatis

362 853 654 924 episcopo,
692 870 889 907 mense
937 855 1259 925 Septembri
1328 859 1462 911 anni
1523 861 1647 923 364,
1713 861 2013 931 presbyter

365 946 594 996 creatus
627 947 800 1010 esset,
837 943 1091 998 dolorem
1153 945 1288 1000 inde
1340 955 1706 1018 conceptum,
1757 947 1908 1002 datis
1942 949 2011 1001 ad

364 1031 704 1101 Gregorium
740 1031 1335 1105 litteris,signiﬁcavit
1362 1037 1480 1101 ;cui
1499 1036 1812 1107 Gregorius
1839 1038 2013 1091 itare-

367 1119 605 1192 spondit
636 1121 749 1189 (/2):
790 1144 807 1167 α
847 1121 1110 1192 Epistolas
1132 1125 1602 1194 tuaaprocemium
1638 1126 1830 1180 laudo.
1867 1125 2012 1189 Quid

366 1212 560 1264 autem
596 1212 829 1263 tuorum
851 1227 965 1264 non
997 1216 1086 1265 est
1109 1211 1466 1268 laudandum
1495 1215 1688 1269 ?Actu
1714 1220 2012 1286 captuses,

369 1298 862 1368 quemadmodum
889 1316 993 1355 nos
1013 1317 1240 1372 quoque
1264 1302 1717 1374 circumscripti:
1752 1305 2014 1374 quando-

371 1386 607 1457 quidem
641 1387 710 1441 ad
737 1387 1054 1460 presbyteri
1114 1390 1360 1460 gradum
1409 1392 1680 1462 pertracti
1740 1409 2013 1446 sumus...

370 1475 487 1530 Hoc
505 1493 617 1530 non
638 1475 756 1529 ﬁeri
778 1477 1021 1532 fortasse
1036 1479 1272 1549 quidem
1292 1480 2016 1550 priestitisset...0uoniam

371 1568 563 1618 autem
588 1565 804 1619 factum
837 1570 944 1632 cst,
993 1567 1137 1622 ferre
1177 1584 1414 1623 necesse
1462 1574 1569 1637 est,
1624 1574 1686 1623 ut
1719 1569 1861 1622 mihi
1896 1569 2018 1639 qui-

369 1653 500 1708 dem
532 1653 778 1720 videtur,
813 1671 878 1708 ac
910 1655 1230 1725 priesertim
1265 1658 1338 1712 ob
1387 1663 1618 1729 tempus
1651 1658 1827 1723 istud,
1863 1657 2015 1729 quod

371 1741 589 1797 multas
624 1742 790 1796 nobis
849 1742 1250 1799 haereticorum
1285 1745 1515 1818 linguas
1558 1746 1794 1802 invehit.
1830 1767 1857 1796 »
1902 1751 2018 1800 Hoc

372 1837 601 1902 tempus
636 1832 704 1885 ad
738 1830 996 1886 Valentis
1052 1833 1418 1905 imperatoris
1457 1835 1621 1890 initia
1653 1836 2017 1891 referendum

369 1935 515 1984 esse,
551 1936 682 1974 cum
708 1920 926 1975 scilicet
961 1922 1152 1976 Ariani
1182 1925 1308 1994 ejus
1330 1925 1648 1996 patrocinio
1683 1925 2022 1980 fretiomnia

370 2024 439 2064 ex
469 2009 708 2063 arbitrio
740 2026 842 2064 suo
875 2027 1218 2066 successura
1249 2018 1569 2083 sperarent,
1629 2020 1831 2069 auctor
1885 2016 2022 2070 Vim

371 2099 850 2170 sane!ianitii(el
864 2101 1209 2156 certissimis
1223 2104 1585 2174 argumentis
1604 2103 2017 2175 comprobavit.

370 2187 496 2245 Non
525 2187 707 2242 multo
743 2194 871 2260 post
897 2191 1342 2246 evenereBasilii
1378 2209 1507 2247 cum
1533 2193 1780 2248 Eusebio
1798 2193 2020 2265 episco-

374 2293 448 2348 po
463 2294 566 2332 suo
583 2277 1107 2343 simultates,antea
1130 2286 1462 2336 memoratae
1485 2307 1497 2350 ;
1521 2299 1767 2354 quarum
1786 2282 2021 2354 quidem

377 2367 914 2438 componendarum
945 2368 1065 2423 haec
1099 2369 1205 2423 fuit
1228 2371 1474 2425 occasio.

379 2472 671 2528 LXXXIII.
706 2473 782 2528 Ad
810 2475 1160 2548 spirituatem
1189 2484 1510 2530 conventum
1540 2479 1652 2532 sive
1680 2478 1751 2531 ad
1780 2477 1927 2532 diem
1942 2479 2023 2548 fe-

607 2552 758 2598 'stum
790 2545 859 2599 ab
895 2547 1129 2601 Eusebio
1159 2549 1431 2602 invitatur
1471 2548 1785 2618 Gregorius.

450 2631 763 2705 Gregorius
795 2634 866 2688 ab
889 2633 1136 2689 Eusebio
1169 2636 1239 2690 ad
1268 2635 1521 2706 aliquem
1546 2641 1894 2691 conventum
1909 2636 2026 2707 spi-

379 2720 674 2788 ritualem,
708 2721 824 2777 sive
868 2723 1021 2777 diem
1065 2725 1297 2787 festum,
1341 2724 1757 2794 perhonoriﬁce
1791 2729 2028 2780 vocatus

379 2810 680 2880 rescripsit
709 2810 806 2882 (d),
840 2815 896 2865 et
926 2812 995 2867 de
1025 2811 1186 2867 illata
1216 2813 1429 2867 Basilio
1449 2813 1664 2882 injuria
1695 2813 1873 2868 libere
1891 2830 2027 2868 con-

381 2900 626 2966 questus
640 2901 748 2951 est.
790 2917 811 2943 α
829 2902 1053 2953 Honore
1067 2900 1300 2969 quidem
1320 2916 1410 2954 me
1441 2901 1612 2955 abste
1630 2901 1781 2955 afﬁci
1800 2901 2023 2956 laetor...

378 2983 594 3039 Verum
627 2987 1040 3041 contumeliam
1075 2987 1420 3044 charissimo
1439 2989 1600 3043 fratri
1631 2990 1841 3044 Basilio
1873 3008 1906 3045 a
1929 2994 2032 3046 tua

381 3075 594 3146 pietate
626 3075 847 3132 illatam
907 3092 1054 3143 esse,
1098 3083 1272 3149 atque
1319 3079 1641 3134 etiamnum
1672 3080 1872 3136 inferri
1903 3096 2029 3135 mo-

382 3163 524 3218 leste
551 3166 735 3220 t‘ero...
768 3170 848 3220 Tu
883 3168 1022 3222 dum
1057 3184 1122 3222 eo
1159 3173 1493 3239 contempto
1525 3187 1630 3224 nos
1664 3169 1880 3225 honore
1903 3169 2028 3224 affi-

2051 1879 2098 1943 B

2119 591 2368 645 dendam
2396 590 2605 645 Basilio
2639 590 3100 645 benevolentiam
3135 589 3512 660 propendere,
3546 589 3663 644 imo
3700 590 3772 643 ad

2121 679 2494 735 scribendum
2532 683 2593 732 ut
2623 695 2754 734 eum
2791 678 3067 751 placaret,
3092 677 3247 732 haud
3283 677 3480 732 dubiis
3511 677 3774 734 testimo-

2122 769 2237 823 niis
2268 768 2668 835 intellexisset,
2701 769 2756 822 id
2799 768 2984 823 amico
3018 766 3368 838 quantocius
3401 766 3776 838 significavit,

2122 861 2294 927 atque
2325 873 2458 910 eum
2486 857 2756 911 hortatus
2813 861 2900 910 est
2933 857 3266 928 Gregorius,
3319 860 3382 909 ut
3431 856 3778 926 episcopum

2123 951 2450 1014 occuparet,
2484 950 2582 1000 aut
2614 946 2971 1000 adveniendo
2998 950 3095 999 aut
3127 947 3455 1007 scribendo,
3482 944 3780 1015 simulque

2124 1034 2352 1090 itineris
2384 1051 2445 1089 se
2475 1035 2743 1089 comitem
2778 1034 3039 1088 futurum
3075 1033 3398 1104 pollicetur.
3432 1034 3652 1088 Annuit
3680 1033 3780 1088 Ba-

2125 1123 2313 1190 silius,
2348 1127 2403 1178 et
2433 1123 2732 1178 confestim
2767 1139 2898 1177 eum
2923 1122 3235 1194 Gregorius
3266 1124 3341 1194 (g)
3364 1141 3392 1177 e
3422 1123 3656 1178 Pontica
3687 1140 3778 1178 so—

2124 1212 2373 1268 litudine
2396 1211 2454 1266 in
2481 1229 2715 1266 arenam
2741 1212 3076 1266 certaminis
3091 1211 3303 1266 educit.
3336 1213 3478 1266 Tam
3510 1211 3780 1283 prudenti

2127 1300 2389 1368 consilio,
2426 1301 2495 1355 de
2530 1300 2757 1370 Basilio,
2790 1301 2860 1354 de
2891 1300 3157 1368 Eusebio,
3193 1300 3263 1355 de
3310 1299 3568 1354 Ecclesia
3595 1303 3782 1354 Cessa-

2131 1388 2302 1445 riensi
2329 1389 2546 1460 optime
2565 1388 3228 1460 meritusestGregorius
3252 1405 3264 1455 ;
3299 1387 3592 1442 exstinctae
3617 1403 3783 1441 nam-

2129 1495 2241 1550 que
2263 1482 2401 1532 sunt
2432 1477 2783 1540 simultates,
2802 1477 3468 1546 instaurataconcordia,
3496 1475 3785 1547 profligati

2129 1567 2352 1636 Ariani,
2385 1566 2483 1636 qui
2516 1582 2649 1620 cum
2684 1565 2826 1620 alias
2851 1567 2974 1635 jam
3007 1565 3293 1620 Ecclesias
3326 1565 3623 1631 vicissent,
3642 1563 3787 1619 alias

2128 1657 2574 1727 oppugnabant,
2609 1653 2752 1709 alias
2783 1654 3036 1709 victuros
3082 1670 3144 1709 se
3165 1655 3477 1726 sperabant
3505 1679 3518 1722 ;
3543 1669 3646 1708 nec
3666 1652 3788 1707 ulla

2129 1762 2190 1800 re
2225 1745 2409 1817 magis
2446 1745 2517 1799 ad
2561 1761 2722 1815 spem
2756 1745 3075 1798 evertendas
3126 1743 3416 1806 Caesareae,
3451 1743 3541 1797 cui
3570 1741 3786 1798 Valens

2129 1834 2448 1905 imperator
2475 1833 2705 1906 agmine
2721 1833 3070 1887 Arianorum
3098 1832 3503 1904 episcoporum
3529 1832 3785 1902 stipatus

2131 1925 2475 1980 imminebat
2534 1941 2684 1980 anno
2724 1925 2849 1994 365,
2911 1924 3304 1996 erigebantur,
3358 1940 3533 1995 quam
3585 1921 3784 1977 Basilii

2131 2014 2394 2069 absentia
2425 2018 2482 2068 et
2504 2013 2670 2068 ducis
2721 2012 3031 2084 imperitia.
3084 2013 3390 2084 Reportata
3429 2028 3497 2067 ex
3556 2011 3788 2066 Valente

2131 2103 2476 2174 Arianisque
2506 2102 3067 2174 episcopisvictoria,
3087 2103 3256 2172 cujus
3291 2119 3424 2173 pars
3444 2117 3655 2173 magna
3680 2099 3790 2154 fuit

2131 2192 2256 2264 ipse
2289 2193 2620 2263 Gregorius,
2655 2192 2932 2247 Basilium
2968 2208 3099 2245 cum
3160 2191 3409 2246 Eusebio
3458 2195 3576 2244 tam
3629 2193 3788 2243 arcte

2134 2281 2456 2351 conjunxit,
2491 2283 2554 2333 ut
2585 2295 2688 2334 nec
2720 2279 2992 2350 episcopo
3046 2277 3355 2332 molestum
3409 2281 3564 2332 esset
3594 2276 3666 2330 ab
3701 2292 3790 2341 eo,

2135 2386 2309 2442 quem
2335 2369 2618 2441 dignitate
2651 2368 2981 2439 superabat,
3015 2367 3259 2422 scientia
3288 2370 3345 2422 et
3376 2365 3711 2435 eloquentia
3737 2368 3794 2420 et

2136 2458 2379 2514 consilio
2411 2462 2466 2512 et
2497 2459 2708 2511 virtute
2740 2456 2999 2528 superari
3037 2473 3049 2522 ;
3094 2472 3197 2510 nec
3231 2454 3481 2510 Basilius
3514 2455 3641 2509 ideo
3665 2453 3790 2523 epi-

2137 2563 2379 2618 scopum
2415 2548 2606 2601 minus
2639 2545 2850 2600 coleret
2891 2551 2947 2600 et
2997 2546 3350 2609 observaret,
3403 2544 3555 2615 quod
3599 2558 3664 2596 eo
3707 2546 3792 2596 tot

2137 2641 2292 2690 esset
2307 2635 2570 2708 partibus
2597 2635 2935 2706 superiorac
2950 2632 3333 2704 praestantior.
3357 2631 3790 2698 Tillemontius,

2139 2724 2533 2788 Hermantius,
2559 2723 2788 2795 Pagius,
2806 2722 3101 2784 Baronius,
3125 2718 3622 2783 Bollandistae,alii
3656 2718 3791 2772 aliis

2137 2815 2308 2869 annis
2338 2813 2459 2867 hazc
2489 2811 2803 2883 contigisse
2835 2810 3331 2866 arbitrantur.Nos
3364 2825 3495 2863 vero
3527 2825 3659 2862 cum
3690 2824 3793 2862 no-

2136 2902 2378 2957 vissimo
2415 2900 2608 2956 Basilii
2642 2899 3020 2971 epistolarum
3055 2898 3292 2965 editors,
3327 2896 3606 2951 Basilium
3638 2913 3792 2950 anno

2137 2991 2262 3060 364,
2314 2989 2398 3045 vel
2429 2991 2664 3045 ineunte
2711 2989 2835 3054 36:3,
2870 2987 3202 3056 secessisse,
3261 2989 3318 3040 et
3375 2986 3574 3040 eodem
3639 3001 3792 3039 anno

2139 3078 2396 3151 Gregorii
2430 3094 2662 3150 operam
2698 3081 2752 3132 et
2783 3075 3026 3131 consilio
3057 3076 3376 3131 Caesaream
3431 3074 3694 3139 rediisse,
3729 3089 3794 3128 ac

2141 3170 2211 3224 de
2234 3167 2472 3224 Valente
2502 3168 2832 3238 Arianoque
2863 3165 3095 3237 agmine
3135 3163 3435 3221 victoriam
3469 3167 3797 3234 reportasse

383 3253 488 3319 cis,
523 3255 760 3325 perinde
791 3255 934 3310 mihi
984 3256 1171 3313 facere
1227 3258 1460 3323 videris,
1495 3275 1559 3313 ac
1590 3259 1639 3313 si
1673 3260 1807 3330 quis
1855 3260 2032 3313 unius
2062 3241 2104 3307 C
2141 3257 2546 3313 existimantis.

383 3342 492 3397 viri
516 3349 692 3415 caput
714 3343 895 3399 altera
927 3361 1103 3399 manu
1129 3346 1471 3414 demulceat,
1507 3348 1689 3402 altera
1715 3348 1922 3402 malam
1949 3349 2031 3403 fe-

386 3430 500 3486 riat
533 3448 546 3498 ;
581 3433 867 3487 autetiam
882 3434 1172 3490 convulsis
1196 3435 1406 3490 domus
1438 3437 1836 3492 fundamentis
1851 3437 2032 3508 parie-

387 3526 476 3577 tes
508 3521 730 3592 pingat,
763 3527 937 3592 atque
967 3528 1233 3578 externas
1269 3529 1463 3595 partes
1495 3531 1747 3582 exornet.
1786 3528 2035 3582 Proinde

390 3612 438 3667 si
472 3613 613 3684 quid
639 3612 778 3667 mibi
811 3613 1730 3686 obtemperandumputabis,hoc
1761 3617 2036 3673 facies.Ut

390 3706 582 3757 autem
618 3702 1004 3772 obtemperes,
1040 3703 1144 3757 abs
1194 3710 1246 3758 te
1281 3711 1409 3775 peto
1468 3713 1642 3778 atque
1701 3708 1983 3762 contendo
2019 3723 2030 3760 :

387 3807 618 3862 aequum
645 3796 734 3846 est
764 3790 938 3845 enim.
966 3791 1024 3846 Si
1049 3792 1237 3864 illum,
1272 3798 1334 3848 ut
1357 3812 1460 3866 par
1490 3800 1596 3864 est,
1619 3795 1884 3863 colueris,
1910 3795 2037 3867 ipse

390 3895 619 3951 quoque
649 3880 722 3935 ab
753 3896 818 3934 eo
848 3879 1103 3935 vicissim
1135 3881 1556 3939 observaberis.
1583 3884 1697 3938 Nos
1729 3890 1922 3939 autem
1955 3901 2038 3940 se-

391 3972 1165 4040 quemur,quemadmodum
1191 3972 1410 4027 umbrae
1435 3977 2040 4046 corpora,utpotepar-

391 4058 444 4112 vi
478 4063 535 4113 et
563 4060 633 4112 ad
668 4075 868 4130 pacem
901 4062 1329 4132 propensiores.
1368 4085 1388 4114 ι
1421 4063 1480 4117 In
1515 4063 1930 4118 contumeliam
1950 4081 2039 4118 ac-

394 4147 546 4216 cepit
570 4147 852 4202 Eusebius
883 4146 1208 4205 libertatem
1226 4151 1504 4220 Gregorii,
1522 4151 2039 4222 quirescripsit(e),

396 4252 457 4289 se
490 4252 602 4290 non
628 4236 1068 4306 contumeliose,
1104 4240 1204 4292 sed
1263 4241 1700 4295 accommodate
1750 4243 1823 4296 ad
1886 4241 2040 4312 leges

395 4324 658 4393 spiritus,
684 4324 1028 4394 scripsisse;
1057 4343 1286 4397 aequum
1331 4328 1487 4382 enim
1519 4345 1666 4395 esse,
1697 4334 1761 4384 ut
1790 4330 1900 4384 sibi
1923 4330 2043 4383 Eu-

395 4413 617 4477 sebius,
653 4414 920 4482 quamvis
943 4415 1124 4484 gradu
1159 4416 1421 4487 superior
1443 4417 1537 4484 sit,
1561 4418 1782 4487 justam
1816 4418 2045 4473 liberta-

395 4506 512 4556 tem
547 4503 845 4557 concedat.
881 4503 1006 4556 Mox
1065 4504 1123 4557 in
1175 4503 1288 4559 alia
1316 4505 1561 4576 epistola
1589 4509 1656 4578 (Γ)
1687 4507 1936 4562 Eusebio
1961 4508 2042 4562 si-

2142 3346 2403 3401 LXXXV.
2442 3347 2592 3400 Aftas
2618 3348 2668 3400 et
2710 3344 2886 3398 morbi
2913 3345 3208 3468 pcrengum
3257 3342 3438 3397 abesse
3470 3341 3798 3410 Gregorium

2781 3431 2886 3468 non
2915 3431 3079 3468 smun
3113 3457 3125 3468 .

2781 3431 2886 3469 non
2915 3431 3125 3469 summ.

2212 3508 2336 3563 Non
2369 3506 2646 3561 diuturna
2675 3504 2783 3558 fuit
2813 3504 2934 3558 haec
2961 3508 3252 3572 postrema
3273 3501 3531 3573 Gregorii
3564 3502 3622 3555 in
3646 3506 3798 3556 Pon-

2141 3597 2259 3652 tica
2289 3595 2603 3651 solitudine
2634 3592 3039 3660 commoratio,
3079 3593 3250 3663 cujus
3283 3591 3596 3662 nequidem
3630 3607 3800 3646 men-

2143 3689 2363 3741 tionem
2398 3685 2532 3738 facit
2565 3685 2622 3738 in
2645 3683 2902 3737 carmine
2946 3683 3020 3736 De
3075 3684 3190 3736 vita
3243 3698 3363 3739 sua.
3414 3680 3612 3750 Neque
3640 3680 3797 3735 enim

2146 3781 2261 3832 tam
2289 3772 2615 3830 necessario
2649 3772 2748 3826 ﬁlii
2783 3771 2996 3826 auxilio
3031 3776 3295 3842 provecta
3326 3775 3633 3840 parentum
3659 3775 3800 3825 tetas

2145 3864 2318 3937 longo
2341 3869 2601 3935 tempore
2632 3861 2871 3916 destitui
2907 3860 3255 3932 patiebatur,
3288 3864 3462 3930 atque
3487 3859 3658 3915 etiam
3687 3860 3799 3915 fre-

2147 3959 2392 4028 quentes
2437 3951 2642 4017 morbi,
2688 3951 2902 4020 quibus
2951 3966 3150 4003 eorum
3197 3954 3467 4004 senectus
3517 3951 3800 4020 patebat;

2149 4042 2366 4114 quique
2393 4039 2732 4112 Gregorium
2779 4039 2951 4094 domo
2983 4038 3135 4094 exire
3195 4055 3307 4092 non
3361 4037 3632 4092 sinebant
3666 4055 3679 4104 ;
3711 4037 3798 4092 vel

2150 4148 2306 4200 eum,
2331 4131 2378 4185 si
2411 4129 2644 4201 quando
2677 4129 2900 4196 aberat,
2933 4127 3301 4182 revocabant.
3346 4126 3440 4181 Sic
3474 4125 3686 4180 Basilio
3714 4126 3805 4180 in-

2151 4220 2328 4276 stanti
2355 4225 2420 4273 ut
2447 4219 2504 4272 in
2558 4217 2936 4272 solitudinem
2991 4233 3052 4270 se
3110 4217 3418 4280 conferret,
3452 4219 3690 4270 excusat
3719 4231 3805 4279 se,

2153 4309 2426 4364 morbum
2441 4306 2645 4360 matris
2658 4304 3231 4360 atl‘erens.«Assidem
3244 4323 3311 4359 us
3324 4304 3476 4358 enim
3489 4302 3806 4374 ,inquit(h),

2153 4396 2404 4452 dominae
2433 4395 2627 4462 matri,
2681 4393 2842 4464 gravi
2871 4393 3220 4464 jampridem
3258 4394 3460 4448 morbo
3493 4392 3802 4448 laboranti.

2154 4489 2336 4553 Quam
2371 4486 2419 4541 si
2443 4501 2558 4540 non
2581 4484 2758 4538 dubio
2789 4487 2845 4538 et
2873 4482 3111 4553 ancipiti
3131 4486 3286 4536 statu
3303 4482 3554 4538 relicturi
3573 4499 3807 4551 sumus,

397 4591 697 4662 gnificavit
717 4590 1053 4662 Gregorius,
1087 4609 1147 4647 se
1180 4593 1402 4649 nullam
1437 4571 2044 4652 animo'ot't'ensionem
2078 4601 2124 4666 Ι)
2155 4579 2256 4631 tua
2277 4571 3808 4666 Presentiamihi"9d"hanqu‘f‘luamfmbtm‘P'”

398 4681 760 4751 suscepisse;
786 4681 884 4735 sed
910 4680 1139 4736 etiamsi
1185 4684 1561 4755 suscepisset,
1595 4685 1842 4740 libenter
1870 4686 2044 4757 depo-

400 4769 653 4824 siturum
687 4786 821 4824 cum
848 4771 1038 4826 videat
1071 4772 1218 4827 feras
1279 4773 1335 4826 in
1387 4773 1703 4829 Ecclesiam
1738 4775 2048 4842 irruentes,

399 4863 456 4912 et
488 4874 768 4927 generose
799 4858 1164 4916 resistentem
1202 4861 1510 4916 Eusebium
1548 4883 1561 4928 ;
1597 4862 1691 4917 cui
1742 4879 1803 4918 se
1845 4868 2048 4918 ventu-

401 4964 554 5015 rum,
587 4951 635 5005 si
672 4949 752 5005 ita
781 4950 906 5021 ipse
924 4951 1208 5016 videatur,
1243 4951 1551 5022 promittit,
1586 4957 1649 5008 ut
1679 4969 1812 5007 cum
1843 4969 1907 5008 eo
1947 4953 2048 5008 ad-

398 5054 600 5093 versus
632 5041 930 5096 haereticos
962 5046 1198 5113 pugnet.

401 5129 686 5184 LXXXIV.
719 5131 867 5186 Inter
905 5133 1199 5186 Eusebium
1231 5139 1281 5187 et
1327 5132 1595 5186 Basiliam
1621 5148 1811 5204 pacem
1839 5146 2050 5203 compo-

1003 5206 1089 5258 ni!
1124 5205 1439 5274 Gregorius.

476 5292 598 5345 Non
625 5291 910 5362 ingratam
949 5294 1064 5348 fore
1095 5309 1332 5363 operam
1367 5308 1533 5347 suam
1569 5291 1812 5347 Eusebio
1839 5291 2052 5346 certior

402 5381 594 5436 factus
618 5382 952 5452 Gregorius,
988 5382 1057 5436 ad
1073 5399 1208 5436 eum
1230 5381 1386 5437 illico
1408 5379 1729 5438 secontulit
1763 5399 1775 5450 ;
1801 5397 2052 5452 cumque

475 5492 553 5563 (α)
579 5492 715 5563 Vile
741 5489 1032 5563 Basilus.
1065 5491 1120 5555 9,
1155 5506 1213 5544 n.
1249 5489 1339 5546 tt.

480 5561 556 5654 ςῳ
574 5561 771 5654 ppist,
808 5561 882 5616 al.
920 5562 1006 5654 μ.

496 5635 541 5700 c)
574 5633 710 5705 Cap.
748 5635 796 5703 4,
831 5651 888 5705 n.
919 5635 969 5688 1.

496 5655 541 5700 0)
574 5655 710 5705 uap.
748 5655 796 5703 ιι,
831 5655 888 5688 n.
919 5655 969 5688 1.

474 5655 557 5780 id)
588 5705 768 5780 Epist.
803 5704 876 5762 a1.
907 5706 996 5761 20.

2157 4666 2399 4721 Gravem
2433 4680 2664 4736 quoque
2697 4663 2879 4733 patris
2910 4660 3255 4716 morbumin
3289 4660 3550 4715 oratione
3580 4660 3813 4715 decima

2156 4759 2379 4823 octava,
2413 4769 2528 4824 qua
2573 4751 2776 4806 laudes
2829 4751 2956 4822 ejus
2999 4749 3390 4821 prosequitur,
3425 4753 3656 4815 narrat;
3692 4765 3811 4819 quo

2159 4843 2443 4916 singulari
2484 4841 2585 4897 Dei
2645 4839 2918 4896 beneficio
2951 4842 3185 4909 repente
3216 4837 3496 4893 liberatus
3527 4843 3634 4906 est,
3665 4839 3812 4894 adeo

2160 4937 2357 5004 utquo
2389 4932 2482 4986 die
2507 4930 2828 4985 moriturus
2861 4927 3194 5000 putabatur,
3247 4943 3605 4999 consurgens
3638 4945 3813 4999 syna~

2163 5021 2280 5076 xim
2316 5038 2450 5075 cum
2485 5019 2698 5091 populo
2748 5016 3141 5072 celebraverit.
3177 5017 3235 5070 In
3295 5016 3493 5070 eadem
3529 5016 3815 5084 oratione,

2161 5116 2404 5166 matrem
2447 5109 2600 5180 gravi
2663 5108 2863 5161 morbo
2931 5105 3313 5170 laborantem,
3364 5105 3657 5176 insperato
3709 5123 3818 5161 nec

2163 5199 2374 5254 minori
2406 5195 2712 5261 miraculo,
2771 5200 2834 5249 ut
2876 5194 3168 5264 quoddam
3203 5193 3392 5249 visum
3427 5194 3475 5248 ei
3532 5194 3820 5251 divinitus

2165 5293 2467 5344 ostensum
2487 5285 2792 5348 docuit,ab
2808 5301 2875 5338 ea
2901 5283 3244 5355 aegritudine
3274 5299 3391 5355 qua
3419 5283 3818 5356 detinebatur,

2161 5378 2337 5434 refert
2369 5375 2756 5431 convaluisse.

2231 5486 2306 5558 (ε)
2330 5485 2431 5558 Ep.
2462 5483 2542 5558 al2
2577 5482 2701 5538 169.

2253 5558 2297 5626 Γ)
2327 5555 2412 5610 Al.
2451 5555 2572 5610 170.

2253 5627 2305 5698 g)
2334 5631 2443 5698 Bp,
2464 5626 2538 5681 al.

2231 5559 2373 5648 Ὡέὲ

2563 5627 2722 5754 έιεῗί.
