4096 6288
302 368 414 429 189

1640 375 1831 438 'VITA
1874 376 1938 437 S.
1989 376 2381 439 GREGORII.

3595 370 3712 432 190

296 501 573 584 LXXXVI.
611 505 895 576 Ingentem
943 507 1197 584 Gregorio
1235 509 1476 584 dolorem
1512 510 1661 582 parit
1716 511 1951 567 (lassarit
1980 512 2030 579 Α
2061 529 2237 584 opera
2258 509 2536 568 Basiliam
2574 510 2832 566 Caesarea
2871 508 3205 581 episcopum
3240 506 3485 564 electum
3526 506 3711 563 fuisse

359 578 558 653 [ratris
593 593 743 632 mors
769 587 874 653 ;_et
899 586 1023 650 post
1053 582 1168 653 ejus
1198 582 1410 637 obitum
1442 578 1840 639 molestissimas
1870 587 1950 638 est

364 648 593 702 obrutus
620 651 880 719 negotiis.

361 770 420 824 Si
450 770 805 827 Parentibus
837 772 1004 829 senio
1049 774 1341 846 confectis,
1374 779 1544 848 atque
1592 775 1845 846 graviter
1868 775 1955 830 in-

300 858 528 913 terdum
562 860 1013 931 mgrotantibus,
1030 879 1225 917 curam
1249 863 1821 937 sollicitudinemque
1843 864 1950 920 fre-

300 952 542 1017 quenter
593 948 936 1019 impendere
980 956 1212 1007 coactus
1252 957 1343 1007 est
1391 952 1733 1025 Gregorius;
1784 952 1953 1025 longe

301 1037 586 1107 graviores
618 1053 813 1103 curas,
844 1055 948 1093 seu
995 1039 1291 1095 molestias
1324 1041 1437 1113 ipsi
1469 1041 1700 1097 Cmsarii
1734 1041 1949 1112 fratris,

300 1124 709 1179 thesaurorum
753 1127 1049 1199 praepositi
1092 1129 1149 1183 in
1198 1130 1491 1202 Bithynia,
1523 1146 1679 1185 mors
1732 1130 1950 1185 attulit.

304 1213 438 1267 Cum
457 1213 672 1281 Nicaea,
690 1219 856 1270 terra
884 1221 1042 1271 metu
1068 1216 1235 1289 longe
1259 1227 1381 1290 post
1407 1218 1711 1275 hominum
1737 1235 1953 1274 memo-

304 1303 440 1356 riam
467 1303 751 1367 maxime,
785 1308 907 1359 tota
939 1322 1081 1377 pene
1112 1308 1391 1363 subversa
1415 1312 1503 1362 est
1530 1308 1622 1362 die
1642 1308 1952 1363 undecima

302 1390 566 1445 Octobris
598 1392 736 1447 anni
770 1392 898 1460 368,
950 1394 1111 1449 solus
1159 1411 1228 1449 ex
1255 1396 1392 1451 viris
1441 1397 1795 1469 insignibus,
1851 1400 1954 1452 aut

302 1484 447 1534 certe
480 1497 616 1535 cum
652 1481 970 1537 admodum
995 1484 1215 1554 paucis,
1242 1485 1494 1539 mirabili
1517 1486 1728 1540 divina:
1760 1485 1950 1557 provi-

302 1568 504 1622 dentiae
520 1569 803 1625 beneﬁcio
816 1571 1102 1627 Caesarius
1118 1571 1429 1628 incolumis
1454 1579 1733 1629 evaserat.
1750 1576 1822 1629 At
1836 1590 1951 1630 non

299 1655 391 1711 diu
408 1657 591 1711 vitam
616 1658 911 1729 produxit,
930 1660 1141 1732 quippe
1163 1664 1429 1715 mortuus
1450 1663 1651 1717 eodem
1675 1679 1827 1717 anno
1849 1663 1950 1717 de-

297 1744 547 1812 sinente,
579 1744 671 1800 vel
718 1746 1031 1818 incipiente
1075 1749 1358 1820 proxime,
1411 1767 1513 1805 seu
1561 1751 1634 1804 25
1687 1750 1951 1806 Januarii

298 1835 419 1899 369,
456 1839 523 1889 ut
563 1833 767 1890 volunt
815 1836 1206 1891 Bollandistaz.
1238 1838 1468 1892 Caesarii
1507 1840 1689 1908 obitu,
1733 1841 1951 1910 Grego-

296 1922 441 1987 rius,
473 1922 572 1977 cui
603 1924 685 1979 rei
717 1924 1023 1979 familiaris
1048 1926 1601 1998 curaincumbebat,
1621 1928 1825 1983 invisis
1852 1944 1952 1983 ne-

299 2012 472 2083 gotiis
501 2014 750 2067 obrutus
774 2013 901 2067 fuit.
946 2013 1087 2067 Cum
1108 2013 1265 2068 enim
1293 2031 1533 2069 munere
1558 2015 1791 2087 publice
1827 2017 1953 2071 fun-

299 2105 532 2171 geretur
552 2100 862 2170 Gaasarius,
896 2118 1013 2173 quo
1035 2106 1297 2174 tempore
1312 2110 1579 2159 mortuus
1600 2111 1707 2169 est,
1729 2122 1953 2176 suaque

299 2188 496 2242 omnia
528 2189 890 2259 pauperibus
928 2191 1216 2261 eroganda
1235 2191 1584 2262 reliquisset,
1610 2209 1742 2247 mox
1760 2197 1824 2247 ut
1855 2209 1951 2247 ex-

300 2281 550 2331 tremum
578 2276 825 2332 halitum
842 2278 1082 2347 etﬂavit,
1110 2302 1131 2328 ι
1156 2278 1475 2349 (a)Hostes,
1498 2301 1518 2329 ι
1544 2296 1752 2351 nempe
1769 2281 1954 2336 curia-

300 2365 887 2437 lesiliibarpagones,
918 2390 937 2415 ε
968 2368 1252 2439 impetum
1287 2370 1565 2436 fecerunt,
1596 2370 1838 2439 ejusque
1868 2371 1951 2424 fa-

300 2454 545 2508 cultates
592 2454 890 2510 liberrime
947 2459 1005 2510 et
1053 2455 1515 2511 insolentissime
1559 2457 1952 2529 diripuerunt.

301 2542 434 2597 Erat
462 2542 873 2598 thesaurorum
900 2548 1118 2615 custos,
1153 2566 1181 2592 n
1206 2544 1287 2599 ait
1308 2544 1622 2617 Gregorius
1642 2546 1740 2617 (b);
1774 2569 1801 2596 ‹‹
1832 2561 1952 2601 me-

298 2632 390 2685 dio
421 2637 619 2687 autem
652 2632 711 2686 in
745 2648 991 2687 munere
1009 2633 1614 2705 meritur,canumque
1637 2634 1953 2690 multitudo

299 2720 488 2775 assilit
519 2721 578 2774 in
608 2721 872 2776 defuncti
888 2722 1216 2793 pecuniam;
1240 2723 1595 2794 etquidquid
1616 2722 1954 2795 reliquerat,

300 2811 490 2864 omnia
519 2810 845 2865 dilacerant
860 2810 1089 2875 famuli,
1113 2812 1397 2882 extranei,
1420 2811 1610 2867 amici.
1638 2812 1775 2875 Quis
1798 2812 1953 2867 enim

303 2897 619 2967 collapsam
654 2915 769 2954 non
802 2899 1098 2970 praedatur
1142 2904 1510 2971 quercum?»
1533 2900 1802 2969 Basilius,
1853 2901 1955 2972 qui

303 3002 388 3041 res
419 2985 687 3059 Gregorii
709 3003 850 3041 suas
871 3003 1002 3042 esse
1041 2988 1311 3054 ducebat,
1335 2989 1598 3045 scribens
1628 2988 1955 3061 Sophronio

298 3075 839 3147 ConstantinOpolis
887 3076 1151 3148 praefecto
1182 3076 1275 3148 (ε),
1323 3083 1521 3133 narrat
1564 3077 1781 3133 mortui
1826 3094 1953 3150 pre-

303 3164 627 3219 tiosissima
659 3180 902 3235 quasque
931 3181 1128 3219 servos
1159 3165 1422 3237 aliosque
1463 3165 1732 3221 homines
1772 3165 1954 3222 servis

2061 605 2307 656 constat.
2333 601 2513 656 Nemo
2546 600 2781 672 quidem
2814 602 2976 653 tanta
2998 598 3133 652 sede
3182 597 3415 669 dignior
3442 600 3565 650 erat
3596 595 3712 649 Ba-

2060 688 2214 753 silio,
2245 691 2415 760 cujus
2433 688 2911 743 administrandas
2937 688 3055 757 jam
3089 685 3373 758 plurimas
3403 688 3597 756 partes
3637 684 3709 737 ab

2067 778 2318 834 Eusebio
2350 776 2462 832 sibi
2497 776 2842 832 commissas
2858 775 3234 831 sustinuerat.
3268 777 3494 837 Quanta
3523 772 3712 844 ipsius

2062 866 2265 937 pietas,
2301 881 2477 936 quam
2519 863 2733 919 eximia
2780 863 3066 925 doctrina,
3099 865 3319 933 quanta
3348 862 3582 916 demum
3618 874 3708 914 es-

2062 957 2192 1009 sent
2222 954 2429 1009 merita
2457 953 2516 1007 in
2566 952 2882 1007 Ecclesiam
2932 949 3364 1019 Caesariensem,
3414 947 3707 1002 neminem

2062 1040 2300 1097 latebat.
2334 1041 2747 1096 Verumtamen
2793 1039 3354 1112 plurimaobstitere,
3380 1037 3579 1108 quani
3604 1053 3711 1091 sua

2062 1130 2374 1202 Gregorius
2426 1129 2737 1201 prudentia
2794 1129 3155 1195 removisset,
3200 1128 3257 1182 in
3314 1127 3547 1181 irritum
3613 1141 3708 1179 res

2061 1221 2352 1274 cessisset.
2386 1218 2805 1288 Basiliusipse,
2833 1234 2964 1273 cum
3007 1217 3200 1272 media
3220 1217 3338 1288 jam
3375 1219 3560 1270 morte
3591 1216 3713 1269 Euv

2060 1308 2258 1362 sebius
2291 1310 2604 1375 teneretur,
2632 1323 2701 1361 ne
2738 1306 3070 1376 suspicatus
3099 1305 3331 1376 quidem
3364 1305 3420 1357 in
3454 1319 3515 1358 se
3566 1320 3706 1358 ocu-

2059 1395 2147 1451 los
2180 1397 2509 1465 conjectum
2543 1395 2635 1459 iri,
2670 1394 2924 1449 amicum
2949 1410 3121 1449 suum
3145 1393 3486 1464 Gregorium
3518 1408 3709 1447 accer-

2059 1483 2213 1551 sivit,
2256 1483 2349 1538 his
2379 1483 2570 1538 verbis
2610 1483 2894 1552 scribens,
2940 1499 3006 1538 ac
3047 1480 3225 1537 veluti
3256 1482 3380 1554 ipse
3422 1485 3712 1537 extremos

2061 1572 2308 1642 spiritus
2331 1575 2546 1644 ageret,
2580 1575 2755 1643 atque
2772 1587 3113 1642 supremum
3136 1569 3262 1626 vale
3285 1570 3539 1625 moriens
3561 1570 3703 1625 ami-

2061 1676 2127 1716 co
2159 1661 2349 1715 dicere
2379 1664 2631 1733 cuperet.
2671 1660 3006 1732 Gregorius,
3031 1659 3281 1732 acceptis
3316 1658 3547 1725 litteris,
3592 1658 3707 1713 vim

2060 1749 2453 1821 lacrymarum
2507 1748 2785 1821 profudit,
2827 1748 3134 1822 ingemuit,
3168 1753 3225 1803 et
3262 1748 3332 1803 ad
3383 1748 3493 1803 iter
3522 1764 3583 1802 se
3614 1765 3708 1803 ac-

2062 1838 2260 1894 cinxit.
2292 1838 2508 1893 Verum
2539 1854 2673 1894 cum
2707 1842 2906 1910 postea
2934 1838 3238 1910 episcopos
3269 1838 3339 1892 ad
3376 1838 3579 1892 urbem
3612 1854 3705 1892 ac-

2061 1943 2261 1982 curere
2291 1928 2594 1997 sensisset,
2642 1927 2838 1981 Basilii
2872 1927 3182 1982 consilium
3241 1926 3548 1992 intellexit,
3604 1944 3710 1982 na-

2059 2015 2196 2087 vigii
2247 2032 2477 2086 proram
2530 2015 2831 2084 convertit,
2881 2032 2948 2071 ac
3005 2015 3286 2087 proficisci
3349 2016 3708 2071 detrectavit.

2062 2105 2208 2159 Tum
2246 2105 2398 2159 datis
2430 2105 2499 2158 ad
2533 2104 2814 2159 Basilium
2870 2104 3100 2168 litteris,
3134 2121 3309 2175 quam
3358 2103 3593 2160 incaute
3648 2120 3710 2159 se

2063 2198 2289 2263 gereret
2319 2192 2496 2247 libere
2529 2192 2898 2264 significavit.
2924 2214 2945 2239 ι
2970 2191 3198 2247 Videris
3228 2197 3287 2246 tu
3322 2192 3559 2263 quidem
3594 2191 3707 2246 mi-

2061 2280 2144 2349 hi,
2177 2280 2367 2350 inquit
2394 2281 2493 2350 (d),
2535 2280 2641 2334 viri
2670 2280 2992 2335 constantis
3024 2286 3079 2333 et
3107 2279 3277 2335 solidi
3313 2283 3487 2351 atque
3527 2280 3707 2335 animi

2062 2369 2337 2424 ﬁrmitate
2397 2369 2620 2441 preediti
2669 2368 3156 2424 existimationem
3207 2369 3419 2423 habere
3466 2385 3480 2423 :
3524 2369 3709 2424 multa

2061 2460 2255 2512 tamen
2289 2457 2630 2528 simpliciter
2658 2457 2846 2529 magis
2874 2474 3049 2528 quam
3069 2461 3234 2513 caute
3259 2463 3319 2513 et
3337 2457 3708 2513 circumscri-

2062 2549 2158 2615 pte
2188 2545 2517 2600 consultare
2566 2551 2741 2617 atque
2780 2546 3038 2617 exsequi.
3084 2550 3231 2601 Nam
3274 2545 3372 2619 qui
3415 2564 3446 2601 a
3475 2546 3613 2602 vitio
3644 2546 3710 2601 li-

2065 2632 2167 2687 ber
2196 2638 2304 2700 est,
2334 2632 2386 2688 is
2417 2650 2649 2705 quoque
2679 2635 2750 2689 ad
2784 2634 3220 2705 suspiciendum
3247 2635 3454 2690 vitium
3476 2636 3711 2706 segnior

2063 2736 2192 2776 esse
2219 2722 2539 2777 consuevit.
2568 2722 2911 2793 Cujusmodi
2958 2722 3241 2794 quiddam
3272 2740 3427 2779 nunc
3476 2740 3711 2794 quoque

2064 2809 2326 2881 contigit.
2358 2810 2443 2865 Ad
2475 2810 2981 2882 metropolitanam
3034 2812 3236 2867 urbem
3272 2829 3376 2868 nos
3429 2812 3709 2883 accivisti,

2064 2913 2199 2953 cum
2231 2899 2302 2952 de
2330 2898 2606 2970 episcopo
2637 2901 2886 2956 creando
2915 2900 3267 2956 consultatio
3300 2903 3599 2972 proposita
3626 2919 3714 2957 es—

2064 2990 2170 3041 set.
2216 3009 2236 3034 ι
2273 2987 2493 3050 Quibus
2538 2989 2878 3059 praemissis,
2930 2988 3013 3043 sic
3056 2990 3429 3060 prosequitur
3467 3007 3711 3060 carpens

2064 3075 2215 3144 quod
2246 3075 2478 3129 incaute
2504 3092 2538 3131 a
2568 3076 2779 3131 Basilio
2802 3080 2996 3131 actum
3024 3078 3400 3133 videbatur:«
3431 3078 3709 3133 Demirari

2066 3163 2231 3234 coepi,
2279 3164 2532 3235 primum
2564 3165 2614 3219 si
2646 3165 2785 3237 quid
2816 3166 3043 3220 deceret
3072 3171 3246 3237 atque
3278 3166 3587 3222 honestum
3622 3181 3712 3223 es-

299 3269 411 3307 nen
446 3251 719 3307 meliores
760 3252 1097 3324 diripuisse,
1135 3259 1193 3309 et
1222 3254 1578 3326 paucissima
1608 3255 1952 3325 parentibus
1984 3242 2026 3308 C
2066 3257 2153 3307 set
2185 3270 2297 3308 non
2333 3253 2746 3325 perspiciebas,
2782 3271 2884 3309 nec
2914 3255 3314 3326 improborum
3366 3255 3583 3327 linguis
3613 3272 3711 3311 oc-

297 3344 610 3405 reservata,
627 3357 753 3412 quae
768 3340 967 3395 statim
991 3342 1345 3413 pauperibus
1366 3348 1599 3413 erogata
1621 3344 1858 3399 fuerunt
1887 3360 1957 3399 ex

298 3430 509 3484 mortui
543 3429 861 3493 voluntate,
888 3430 985 3500 qui
1015 3431 1271 3486 moriens
1305 3432 1532 3487 dixerat
1558 3448 1571 3487 :
1602 3452 1629 3485 σι
1659 3432 1783 3487 Mea
1824 3448 1954 3489 om-

294 3516 389 3573 nia
415 3516 549 3572 volo
580 3533 710 3573 esse
727 3534 1075 3588 pauperum.
1107 3540 1135 3569 »
1168 3520 1347 3574 Addit
1377 3520 1955 3592 Basilius,plurimos

295 3606 588 3675 prodiisse
621 3606 1056 3662 commentitios
1089 3607 1423 3676 creditores,
1456 3610 1556 3680 qui
1584 3610 1897 3665 Caesarium
1919 3626 1953 3665 a

294 3710 352 3749 se
384 3693 695 3766 pecuniam
727 3695 1021 3767 accepisse
1040 3695 1317 3763 dicerent;
1340 3696 1555 3769 quibus
1577 3703 1951 3754 numeratum

294 3784 481 3839 fuerat
512 3783 801 3854 quidquid
838 3785 1130 3854 petebant,
1157 3786 1312 3840 unde
1334 3785 1650 3843 nonnullos
1669 3788 1955 3858 paenitue-

308 3876 394 3928 rat
453 3872 614 3944 quod
663 3871 799 3944 plus
828 3889 944 3928 non
992 3873 1303 3945 petiissent
1333 3891 1347 3930 :
1381 3880 1439 3930 at
1472 3880 1768 3931 crescente
1797 3877 1952 3947 ejus-

296 3962 443 4017 modi
460 3959 957 4033 schphantarum
980 3978 1245 4031 numero,
1267 3979 1477 4036 negare
1501 3965 1658 4035 quod
1673 3964 1954 4035 petebant

295 4066 531 4106 necesse
585 4049 808 4114 fuisse;
857 4050 1152 4122 repulsam
1202 4068 1409 4123 passos
1465 4052 1597 4109 lites
1656 4052 1949 4122 intulisse,

298 4155 360 4193 ac
409 4138 759 4211 Gregorium
810 4140 871 4194 in
929 4139 1214 4196 maximas
1259 4157 1551 4197 erumnas
1598 4143 1952 4212 conjectum,

307 4245 336 4282 ιι
363 4227 584 4299 quibus
618 4230 683 4281 ut
711 4227 1027 4296 eximatur,
1062 4228 1455 4300 Sophronium
1479 4234 1646 4303 rogat
1677 4230 1951 4287 Basilius.

293 4315 369 4371 De
414 4316 649 4371 Caesarii
709 4317 946 4387 pietate,
980 4318 1153 4372 rebus
1192 4318 1393 4389 gestis,
1428 4320 1775 4388 eruditione,
1811 4324 1946 4391 etc.,

298 4404 526 4459 dicendi
561 4405 756 4460 forsan
790 4406 883 4460 hic
912 4404 1078 4461 locus
1125 4412 1315 4474 esset;
1368 4408 1468 4462 sed
1531 4408 1602 4463 de
1652 4408 1743 4463 his
1802 4410 1952 4464 satis

296 4492 604 4565 Gregorius
637 4494 696 4549 in
718 4494 981 4550 oratione
1012 4511 1189 4567 quam
1212 4496 1283 4551 de
1303 4512 1370 4551 eo
1400 4495 1609 4552 habuit
1631 4513 1826 4553 coram
1857 4513 1953 4569 pa-

302 4582 584 4678 rentibus.
607 4582 769 4638 Hanc
799 4581 957 4655 legat
986 4582 1276 4678 lector,-si
1294 4583 1451 4640 velit.
1476 4586 1951 4659 Gorgoniassoro-
1983 4614 2029 4678 Β

298 4672 408 4735 ris,
465 4670 770 4742 aliquanto
829 4675 964 4743 post
1008 4672 1317 4729 Cresarium
1380 4690 1411 4729 θ
1456 4674 1598 4730 vivis
1665 4674 1949 4743 sublata,

306 4759 820 4829 prastantissimas
842 4760 1088 4817 virtutes
1136 4762 1397 4819 oratione
1423 4763 1650 4819 funebri
1682 4763 1953 4820 similiter

302 4849 540 4905 ornavit.

301 5008 600 5066 LXXXVII.
637 5009 933 5079 Gregorius
960 5012 1232 5066 Basiliam
1258 5015 1446 5068 minus
1492 5022 1648 5069 caute
1695 5015 1952 5071 electiom'

364 5083 722 5140 Caesariensis
752 5084 995 5153 episcopi
1016 5084 1393 5154 providentem
1430 5086 1806 5157 reprehendit.

365 5226 528 5280 Anno
552 5224 681 5295 370,
714 5223 1029 5296 Gregorius
1062 5224 1421 5296 singularem
1479 5227 1539 5281 in
1592 5242 1651 5283 re
1710 5228 1951 5284 maximi

296 5313 566 5369 momenti
600 5311 978 5384 prudentiam
1011 5312 1313 5386 animique
1331 5313 1735 5373 fortitudinem
1764 5321 1952 5373 osten-

295 5400 393 5467 dit,
420 5418 483 5457 ac
516 5399 814 5474 perruptis
847 5400 1125 5457 omnibus
1167 5417 1294 5473 quae
1340 5403 1671 5474 obstabant,
1705 5405 1775 5460 ad
1834 5405 1953 5460 feli-

297 5504 410 5544 cem
433 5490 653 5546 exitum
686 5506 810 5544 rem
844 5489 1131 5561 perduxit.
1170 5493 1362 5563 Ipsius
1391 5493 1547 5549 enim
1575 5493 1951 5567 potissimum

360 5632 436 5772 ἔα)
466 5636 637 5705 Greg.
670 5647 766 5759 εὖ».
804 5631 891 5714 tt}.

384 5706 432 5777 ὁ)
463 5706 657 5761 Carm.
741 5718 771 5759 e
798 5707 917 5759 vita
945 5719 1065 5773 sua,
1098 5720 1151 5760 v.
1184 5706 1289 5763 370
1316 5711 1373 5765 et
1402 5725 1521 5782 seq.

2064 3342 2421 3397 currendum
2456 3343 2726 3414 putabas,
2745 3360 2869 3414 quae
2901 3343 3359 3415 simplicissimis
3379 3344 3714 3416 quibusque

2065 3430 2365 3487 celerrime
2418 3431 2774 3487 calumniam
2833 3437 3089 3488 struunt.
3124 3434 3353 3502 Deinde,
3393 3434 3440 3488 si
3475 3451 3589 3488 non
3620 3450 3715 3488 eo-

2063 3520 2194 3575 dem
2228 3520 2333 3575 tibi
2366 3537 2433 3576 ac
2465 3520 2635 3576 nobis
2683 3537 2991 3577 convenire
3024 3521 3345 3591 existimas,
3397 3523 3612 3595 quibus
3658 3526 3715 3577 et

2061 3608 2181 3664 vita
2209 3613 2267 3663 et
2296 3608 2581 3675 doctrina,
2613 3614 2671 3665 et
2714 3610 2941 3683 reliqua
2982 3611 3179 3666 omnia
3210 3613 3503 3667 commnia
3552 3616 3712 3676 sunt,

2063 3697 2340 3752 nimirum
2374 3715 2408 3752 a
2440 3700 2551 3754 Deo
2585 3699 2666 3753 ita
2690 3699 2820 3770 jam
2861 3700 2994 3755 inde
3024 3718 3058 3755 a
3088 3700 3276 3771 prima
3306 3704 3472 3756 (aetate
3503 3717 3716 3757 conso-

2062 3786 2249 3842 ciatis.
2291 3787 2502 3857 Tertio,
2553 3786 2724 3843 liceat
2765 3788 2922 3843 enim
2953 3788 3060 3844 hoc
3109 3805 3342 3860 quoque
3396 3788 3604 3860 dicere,
3665 3790 3714 3843 si

2062 3874 2291 3946 piorum
2324 3875 2542 3946 Deique
2574 3880 2731 3931 metu
2766 3877 3136 3948 praeditorum
3169 3877 3474 3931 hominum
3506 3877 3714 3948 hujus-

2063 3963 2220 4018 modi
2253 3962 2565 4019 electiones
2615 3980 2744 4019 esse
2784 3965 3089 4035 judicasti,
3122 3981 3238 4020 non
3272 3969 3467 4019 autem
3516 3970 3715 4036 poten-

2063 4052 2212 4108 tium
2243 4056 2301 4107 et
2329 4053 2482 4124 apud
2514 4053 2729 4125 vulgus
2758 4054 3171 4125 gratiosorum.
3210 4075 3237 4102 η
3281 4055 3379 4108 His
3411 4053 3481 4107 de
3520 4053 3714 4110 causis

2062 4141 2376 4213 Gregorius
2408 4158 2470 4197 se
2491 4142 2705 4214 navigii
2739 4158 2967 4211 proram
2998 4141 3373 4207 convertisse,
3405 4146 3463 4197 et
3484 4143 3712 4215 profici-

2063 4230 2146 4285 sci
2177 4230 2533 4285 detrectasse
2568 4230 2860 4303 signiﬁcat
2894 4229 3129 4301 Basilio,
3163 4231 3253 4287 cui
3287 4235 3488 4286 auctor
3516 4237 3606 4287 est
3651 4236 3714 4287 ut

2062 4319 2334 4389 prudenti
2365 4335 2595 4374 secessu
2645 4319 2937 4374 tumultus
2981 4325 3039 4375 et
3088 4336 3292 4392 pravas
3349 4321 3712 4391 suspiciones

2062 4407 2267 4479 fugiat.
2299 4408 2443 4463 Huic
2468 4407 2712 4463 consilio
2744 4408 3011 4481 paruisse
3043 4408 3434 4478 Basilium,ac
3457 4409 3713 4465 latebras

2063 4496 2383 4568 quassiisse,
2417 4498 2557 4553 dum
2588 4496 2792 4553 electio
2825 4504 3216 4571 perageretur,
3248 4498 3563 4554 verisimile
3596 4502 3706 4553 est.

2062 4664 2702 4739 LXXXVIII-LXXXIX.
2757 4665 3047 4737 Gregorius
3093 4675 3319 4739 uterque
3347 4682 3574 4735 operam
3600 4682 3710 4719 na-

2129 4741 2238 4801 vat,
2288 4742 2351 4792 ut
2402 4738 2634 4792 Basilius
2685 4739 2943 4794 Ecclesiae
2983 4738 3313 4793 Gesarieusi
3356 4738 3709 4808 prwﬁciatur.

2128 4810 2288 4935 Nithil
2333 4808 2400 4864 ab
2450 4810 2519 4863 iis
2562 4811 2995 4881 praetermissum
3045 4815 3105 4865 ut
3154 4826 3245 4866 res
3286 4824 3515 4881 propere
3561 4810 3711 4865 cede-

2130 4896 2189 4935 re
2220 4922 2232 4935 .

2131 5030 2247 5085 Nec
2279 5030 2477 5086 minus
2507 5030 2729 5086 interea
2782 5031 3095 5103 Gregorius
3148 5035 3393 5102 uterque
3422 5030 3709 5100 nituntur,

2060 5123 2125 5175 ut
2154 5118 2213 5173 in
2232 5120 2461 5175 Eusebii
2483 5119 2674 5175 locum
2699 5121 3052 5191 subrogetur
3072 5118 3342 5175 Basilius.
3368 5119 3711 5192 Gregorium

2060 5208 2396 5280 episcopum
2428 5208 2749 5264 Caesaream
2781 5208 3103 5263 invitarunt
3134 5207 3428 5278 praesules,
3462 5208 3561 5280 qui
3584 5209 3711 5280 jam

2060 5297 2119 5350 in
2154 5297 2358 5351 urbem
2387 5313 2513 5352 sese
2543 5297 2945 5367 contulerant;
2979 5297 3076 5351 sed
3111 5298 3253 5351 adeo
3299 5296 3605 5351 invenuste
3645 5312 3711 5351 ac

2059 5384 2345 5457 impolite,
2368 5390 2433 5441 ut
2454 5402 2559 5441 nec
2583 5386 2746 5441 illum
2774 5387 2980 5442 adesse
3000 5390 3283 5458 oportere,
3308 5401 3414 5442 nec
3436 5402 3609 5457 quam
3637 5386 3708 5441 ob

2060 5491 2321 5543 causam,
2356 5491 2459 5530 nec
2502 5492 2617 5546 quo
2647 5480 2909 5547 tempore
2956 5474 3430 5549 signiﬁcaverint.
3482 5474 3707 5534 Rescri-

2131 5636 2205 5708 (c)
2231 5637 2331 5708 Ep.
2365 5637 2435 5691 32
2466 5653 2594 5692 nov.
2616 5637 2767 5708 edit.

2133 5707 2211 5780 (ἀ)
2242 5707 2343 5781 Ep.
2380 5709 2546 5778 Greg.
2577 5707 2650 5765 al.
2680 5709 2770 5765 21.
