4096 6288
398 360 498 423 191

1727 368 1909 432 VITA
1955 369 2017 430 S.
2067 370 2466 433 GREGORII.

3678 367 3793 431 192

390 491 535 551 bene
563 490 637 569 (a)
670 494 956 569 episc0pis
987 499 1351 554 venerandus
1370 516 1543 556 senex
1568 499 1776 558 factam
1814 501 2034 559 sibiin-
2064 505 2116 573 Α
2147 519 2253 576 ope
2283 505 2456 575 atque
2478 500 2690 559 auxilio
2731 502 2932 558 fretus.
2965 520 2990 555 ιδ
3029 499 3421 559 Proﬁciscenti
3471 499 3620 573 patri
3653 499 3794 558 Gre-

387 585 607 657 juriam
643 603 753 640 non
785 586 1194 656 dissimulavit,
1230 606 1333 645 nec
1366 595 1557 648 tamen
1611 593 1814 648 adesse
1847 594 2035 648 detre-

393 677 584 730 ctavit.
617 677 685 728 At
717 693 848 730 cum
883 677 1039 732 varia
1072 679 1188 734 fore
1244 679 1547 736 hominum
1595 682 1790 737 studia
1835 683 1890 737 in
1936 681 2036 738 eli-

396 763 583 834 gendo
611 764 880 836 episcopo
913 783 1023 819 non
1059 769 1368 835 dubitaret,
1403 775 1600 824 notum
1655 772 1784 826 fecit
1814 772 2035 844 episco-

397 851 488 924 pis
521 854 812 909 neminem
848 871 908 910 se
932 856 1141 912 habere
1165 874 1337 928 quem
1377 860 1610 928 Basilio,
1648 860 1718 914 ob
1753 861 1880 930 ejus
1910 861 2037 915 vita:

395 943 764 996 sanctitatem
795 961 860 998 ac
891 944 1161 1000 doctrina:
1187 949 1600 1019 praestantiam,
1624 951 1886 1020 praeferre
1905 966 2036 1020 pos-

393 1029 490 1098 sit;
513 1048 615 1085 nec
640 1049 771 1086 vero
797 1032 951 1088 illius
975 1037 1230 1106 corporis
1249 1037 1600 1092 delibitatem
1624 1039 2036 1110 impedimento

390 1135 518 1175 esse
541 1120 771 1188 debere,
795 1138 926 1178 cum
952 1124 1275 1196 episcopus,
1302 1143 1417 1180 non
1463 1127 1679 1182 athleta
1724 1131 2034 1198 quaeratur.

392 1209 684 1264 Promittit
714 1227 774 1265 se
805 1211 1169 1278 adfuturum,
1203 1214 1249 1268 si
1296 1217 1640 1288 suffragium
1691 1217 1848 1271 istud
1899 1217 2035 1272 reci-

393 1298 577 1371 piant,
603 1315 667 1354 ac
689 1315 920 1371 operam
953 1302 1036 1357 eis
1067 1303 1341 1358 daturum
1375 1305 1457 1360 vel
1492 1305 1701 1377 spiritu
1726 1306 1810 1360 vel
1843 1323 2040 1377 corpo-

395 1403 477 1454 re;
512 1388 601 1443 sin
629 1393 822 1444 autem
855 1391 1027 1445 certis
1059 1393 1492 1449 conditionibus
1540 1395 1631 1449 via
1684 1397 2040 1466 capessenda

396 1477 492 1544 sit,
516 1494 579 1532 ac
612 1478 888 1534 factiones
919 1484 1119 1534 contra
1140 1482 1471 1553 aequitatem
1505 1484 1846 1551 conﬂentur,
1882 1484 2037 1555 gavi-

392 1583 599 1622 surum
625 1583 686 1620 se
718 1569 870 1638 quod
907 1568 1079 1623 fuerit
1101 1573 1708 1641 contemptus.Eadem
1731 1573 2041 1644 episcopus

391 1656 789 1711 Nazianzenus
813 1657 882 1710 de
923 1657 1156 1725 Basilio,
1184 1676 1355 1730 quem
1382 1677 1494 1731 praa
1523 1662 1741 1716 caleris
1765 1663 2039 1717 omnibus

388 1743 723 1817 eligendum
754 1745 1032 1816 decernit,
1052 1749 1313 1802 Ecclesiae
1331 1750 1665 1805 Caesariensi
1691 1750 2035 1822 scripsit(b),

393 1850 519 1906 quae
549 1833 864 1889 honoriﬁce
895 1851 1027 1890 eum
1069 1835 1356 1892 irivitarat.
1390 1838 1545 1894 Nihil
1577 1839 2037 1911 praetermissum

391 1922 463 1978 ab
495 1921 715 1993 optimo
741 1939 897 1993 sene,
923 1927 987 1978 ut
1011 1941 1279 1997 prospere
1314 1943 1405 1982 res
1437 1928 1683 1983 cederet.
1721 1950 1748 1978 ‹‹
1802 1929 2040 1983 Litteras

394 2011 685 2066 scribebat
717 2012 893 2082 (quod
929 2019 1272 2084 argumento
1304 2021 1392 2069 est
1423 2016 1621 2086 plures
1666 2018 1737 2070 ab
1760 2032 1824 2071 eo
1861 2017 2040 2071 fuisse

396 2100 850 2171 scriptas,quam
876 2103 1235 2175 supersunt),
1257 2092 1917 2174 monebat,oonciliabat
1948 2123 2042 2178 po-

397 2188 624 2261 pulum,
661 2190 1012 2259 sacerdotes,
1047 2196 1102 2246 et
1123 2192 1398 2264 reliquos,
1425 2199 1709 2266 quotquot
1732 2199 1895 2250 erant
1926 2195 2038 2250 cle-

391 2275 515 2344 rici,
560 2279 978 2347 obtestabatur,
1040 2281 1383 2354 suffragium
1444 2283 1677 2350 ferebat,
1734 2283 2040 2338 ordinabat

388 2365 564 2420 etiam
621 2367 811 2422 adhuc
855 2368 1088 2433 absens,
1139 2369 1372 2425 canitiei
1425 2388 1541 2425 sum
1583 2372 1691 2426 hoc
1745 2372 1938 2442 dabat,
1977 2375 2041 2425 ut

386 2455 539 2525 apud
565 2454 808 2527 alienos,
840 2461 1121 2528 tanquam
1156 2459 1308 2530 apud
1345 2477 1502 2526 suos,
1539 2461 1880 2516 auctoritate
1911 2464 2040 2515 ute-

389 2545 550 2598 retur
579 2543 669 2614 (c).
708 2567 726 2592 n
765 2548 923 2600 Hanc
971 2546 1426 2603 sollicitudinem
1460 2567 1492 2604 a
1540 2549 1813 2621 Gregorio
1846 2553 2040 2620 postu-

392 2629 515 2686 lare
572 2632 874 2688 videbatur
924 2635 1190 2690 Ecclesiae
1257 2635 1627 2692 Cezsariensis
1681 2641 1906 2706 status,
1977 2637 2037 2691 in

395 2738 514 2794 qua
567 2722 897 2777 animorum
949 2740 1161 2796 magna
1217 2729 1339 2780 erat
1387 2726 1696 2781 dissensio.
1750 2726 2037 2781 Omnibus

395 2811 782 2884 praeferebant
832 2812 1128 2881 Basilium,
1189 2815 1386 2886 populi
1436 2833 1569 2886 pars
1633 2815 2035 2881 selcctissima,

391 2901 699 2955 universus
724 2900 941 2970 clerus,
975 2908 1201 2957 ascetze.
1235 2904 1442 2959 Verum
1483 2904 1818 2959 invidebant
1863 2908 1914 2958 et
1943 2905 2038 2959 Ol)-

388 2989 728 3044 nitebantur
758 2989 1162 3062 magistratus,
1198 3009 1262 3046 ac
1304 2993 1517 3047 inﬁmae
1549 2993 1734 3064 plebis
1766 2992 2035 3064 perditis-

384 3078 519 3135 simi
552 3079 770 3150 quique
802 3096 932 3134 cum
971 3080 1411 3152 magistratibus
1443 3082 1758 3152 conjuncti,
1782 3082 1899 3136 imo
1922 3081 2034 3153 ipsi

385 3167 662 3238 episcopi,
697 3169 846 3239 quod
873 3169 1110 3238 jocandi
1155 3169 1456 3224 materiam
1507 3170 1806 3242 religionis
1859 3170 2037 3226 hosti-

391 3256 504 3310 bus
535 3256 843 3326 praebebat.

427 3343 535 3398 XC.
569 3343 860 3398 Eusebium
887 3345 1318 3402 Samosatensem
1349 3352 1635 3403 accersunt
1664 3348 1731 3403 ab
1764 3347 2003 3403 Oriente.

467 3435 750 3486 Praeterea
779 3449 912 3487 cum
942 3434 1013 3487 ab
1044 3435 1273 3490 Arianis
1304 3437 1630 3508 periculum
1662 3441 1834 3506 esset,
1868 3437 2041 3491 nela-

396 3521 698 3575 borantem
732 3521 994 3576 dissidiis
1025 3523 1337 3578 Ecclesiam
1369 3525 1780 3580 Caesariensem
1805 3541 2047 3594 occupa-

396 3613 528 3663 rent
572 3614 746 3680 atque
775 3614 1114 3678 everterent,
1161 3612 1473 3684 Gregorius
1503 3614 1600 3684 (ά),
1648 3613 1743 3685 qui
1780 3614 2038 3668 nondum

393 3699 599 3754 adesse
633 3703 876 3769 poterat,
903 3715 1182 3770 magnum
1207 3719 1274 3755 ex
1304 3702 1534 3757 Oriente
1567 3703 1762 3757 lumen
1801 3703 2043 3758 accersit

394 3789 663 3841 sanctum
696 3787 1010 3842 Eusebium
1044 3789 1535 3852 Samosatensem,
1571 3791 1768 3846 missis
1801 3807 1900 3861 per
1931 3793 2040 3845 Eu-

397 3875 682 3930 stathium
716 3876 1025 3932 diaconum
1059 3877 1286 3945 litteris,
1313 3879 1372 3933 in
1403 3880 1616 3949 quibus
1656 3885 1877 3950 quanto
1925 3897 2043 3934 ver-

398 3971 626 4020 saretur
653 3966 711 4019 in
743 3965 1000 4036 periculo
1020 3968 1390 4022 Caesariensis
1416 3969 1664 4044 Ecclesia
1686 3969 2038 4024 declarabat.

394 4053 664 4108 Accurrit
693 4058 932 4110 sanctus
963 4060 1184 4126 martyr
1212 4055 1271 4111 in
1301 4057 1746 4127 Cappadociam,
1781 4059 1934 4128 quod
1955 4074 2044 4113 as-

397 4142 539 4196 serit
583 4142 831 4198 Basilius
882 4143 972 4214 (e),
1023 4148 1078 4198 et
1109 4145 1418 4199 conﬁrmat
1464 4145 1779 4215 Gregorius
1810 4147 1899 4216 (Γ),
1945 4146 2039 4217 qui

397 4229 680 4299 Spiritum
720 4235 989 4286 sanctum
1022 4233 1092 4286 ab
1134 4233 1343 4286 exteris
1376 4234 1709 4303 regionibus
1738 4234 1892 4289 viros
1923 4235 2042 4305 pie-

395 4323 512 4373 tate
543 4318 806 4390 insignes
833 4319 1072 4390 zeloque
1103 4320 1414 4390 ﬂagrantes
1446 4322 1516 4376 ad
1559 4325 1900 4393 ungendum
1938 4323 2042 4378 Ba-

394 4408 590 4461 silium
623 4408 908 4464 excitasse
947 4413 1214 4464 testatur.

400 4516 540 4567 XCI.
578 4514 819 4568 Basilius
849 4513 1054 4567 electus
1092 4519 1169 4568 est
1197 4517 1552 4570 Caesariensis
1581 4519 1880 4588 episcopus,
1915 4517 2043 4572 Gre-

894 4588 1036 4654 gorii
1056 4588 1345 4657 utriusque
1364 4604 1546 4658 opera.

471 4673 617 4736 Quid
669 4672 864 4744 plura?
911 4675 1054 4729 Cum
1103 4691 1304 4729 eorum
1335 4691 1575 4730 numero
1608 4676 2036 4748 episcoporum,

401 4763 501 4834 qui
534 4763 816 4816 Basilium
848 4767 1013 4816 erant
1055 4763 1490 4834 proclamaturi,
1520 4782 1673 4820 unus
1717 4766 1942 4821 deesset
1968 4767 2039 4821 ad

397 4850 735 4905 canonicam
785 4849 1168 4917 electionem;
1222 4853 1487 4906 Nazianzi
1535 4853 1862 4923 episcopus,
1899 4878 1924 4903 ‹‹
1961 4855 2038 4926 (9)

396 4956 510 4994 non
544 4939 733 4994 solum
766 4944 1083 5007 senectute,
1113 4941 1213 4994 sed
1240 4941 1414 4996 etiam
1464 4943 1665 4996 morbo
1697 4943 1938 5008 fractus,
1975 4959 2039 4997 ac

394 5044 542 5101 pene
573 5029 832 5082 animam
864 5044 1062 5098 agens,
1090 5029 1199 5082 iter
1215 5031 1446 5101 aggredi
1479 5047 1592 5084 non
1620 5030 1929 5092 dubitavit,
1977 5043 2041 5084 ut

396 5115 619 5171 calculo
651 5133 757 5170 suo
787 5117 1124 5172 electionem
1169 5118 1420 5187 juvaret,
1471 5118 1723 5190 Spiritus
1772 5119 2040 5174 videlicet

469 5259 546 5329 (a)
577 5258 743 5328 Greg.
780 5257 881 5328 Ep.
920 5257 992 5312 al.
1024 5260 1114 5312 23.

471 5331 547 5400 (ὁ)
579 5329 672 5383 Or.
712 5329 796 5398 18,
831 5345 886 5383 n.
919 5329 1007 5383 3e.

473 5401 540 5470 (ε)
572 5401 666 5456 Or.
699 5401 788 5468 43,
822 5416 880 5454 n.
913 5401 1000 5454 37.

492 5471 546 5536 ἀ)
577 5473 680 5542 Ep.
713 5473 803 5538 47,
834 5471 987 5527 inter
1014 5471 1358 5542 Basilianas,
1392 5489 1448 5544 p.
1482 5473 1602 5528 140.

492 5543 541 5612 e)
571 5543 671 5612 Ep.
707 5542 794 5596 48.

493 5559 520 5596 e
571 5543 671 5612 Ep.
707 5543 794 5596 48.

493 5615 524 5683 f
587 5613 681 5668 0r.
717 5614 802 5682 43,
834 5630 890 5666 n.
922 5614 1011 5666 37.

493 5543 546 5755 gi
577 5683 670 5741 0r.
707 5685 793 5755 18,
817 5701 874 5740 n.
907 5685 1004 5755 36;

476 5683 546 5755 ig)
577 5683 670 5741 Or.
707 5685 793 5756 18,
817 5701 874 5740 n.
907 5685 1004 5756 36;
1039 5701 1104 5740 or
1133 5685 1221 5756 43,
1252 5703 1309 5743 n.
1339 5687 1427 5742 37.

2147 593 2344 665 gorius
2378 598 2574 648 noster
2603 592 2825 648 litteras
2848 592 2926 665 (ἡ)
2959 593 3028 647 ad
3064 599 3332 647 sanctum
3351 591 3670 646 Eusebium
3695 591 3797 644 de-

2148 683 2250 752 dit,
2275 684 2442 754 cujus
2465 682 2675 748 zelum,
2691 683 2954 750 sudores,
2972 687 3316 754 gratamque
3331 681 3445 736 Deo
3467 679 3798 735 libertatem

2146 772 2364 840 laudat,
2399 778 2568 842 atque
2595 771 2644 826 ei
2678 775 2972 842 acceptam
3009 771 3182 825 refert
3227 775 3560 824 renovatam
3615 769 3801 841 patris

2148 865 2524 930 senectutem,
2559 861 2712 915 unde
2742 862 2915 915 etiam
2943 876 3061 913 rem
3097 876 3164 913 ex
3187 859 3474 915 sententia
3496 875 3802 914 successu-

2150 967 2271 1004 ram
2306 955 2516 1021 sperat.
2555 973 2581 997 «
2614 951 2895 1004 Senectus
2927 954 3256 1014 renovatur,
3291 948 3530 1002 mortus
3566 965 3804 1018 snpera-

2151 1043 2267 1104 tur,
2297 1037 2444 1092 lecto
2478 1038 2662 1092 allecti
2697 1037 3183 1108 exiliunt,inﬁrmi
3205 1035 3461 1108 potentia
3494 1037 3808 1108 accingun-

2149 1129 2262 1181 tur.
2318 1129 2450 1192 Quae
2484 1143 2574 1180 res
2624 1125 2765 1179 mihi
2811 1127 3205 1196 conjecturam
3265 1125 3533 1192 afferunt,
3569 1126 3806 1197 negotia

2151 1219 2347 1270 nostra
2379 1232 2445 1269 ex
2476 1214 2652 1269 animi
2683 1215 2977 1269 sententia
3017 1230 3364 1269 successura
3410 1228 3558 1268 esse.
3592 1215 3670 1267 Ac
3702 1230 3802 1285 pa-

2148 1308 2292 1359 trem
2326 1304 2730 1374 quidem,tum
2763 1320 2889 1370 suo,
2923 1307 3047 1357 tum
3099 1306 3299 1358 nostro
3328 1303 3563 1358 nomine
3598 1301 3803 1370 babes,

2152 1392 2463 1464 pulchrum
2483 1393 2762 1447 universae
2786 1392 2913 1447 vitae
2936 1397 2992 1446 et
3006 1393 3344 1446 veneranda:
3363 1391 3592 1446 canitiei
3629 1391 3803 1444 ﬁnem

2153 1481 2591 1553 impositurum,
2617 1481 2888 1536 nimirum
2923 1483 3265 1551 praesentem
3299 1480 3447 1534 banc
3473 1496 3575 1552 pro
3609 1480 3803 1534 Eccle-

2151 1570 2236 1626 sia
2269 1569 2723 1625 dimicationem.
2753 1573 2824 1624 At
2860 1574 3082 1625 certum
3116 1569 3300 1624 habeo
3341 1568 3479 1639 fore,
3513 1573 3579 1623 ut
3610 1568 3798 1639 preci-

2149 1659 2260 1714 bus
2300 1659 2526 1718 vestris.
2574 1658 2790 1729 quibus
2829 1659 3009 1713 fretus
3068 1674 3234 1712 nemo
3283 1674 3396 1712 non
3429 1656 3543 1712 sibi
3575 1656 3809 1728 quidvis

2151 1747 2408 1820 polliceri
2454 1748 2644 1817 debet,
2677 1747 2991 1802 ﬁrmiorem
3026 1762 3157 1801 eum
3183 1745 3684 1816 valentioremque
3715 1761 3805 1799 re-

2152 1836 2458 1908 cipiamus.
2496 1859 2522 1886 »
2555 1838 2697 1908 Spes
2728 1835 2986 1907 Gregorii
3039 1836 3200 1891 irrita
3253 1852 3368 1889 non
3418 1835 3546 1890 fuit.
3597 1855 3622 1886 u
3658 1834 3804 1889 Fieri

2150 1925 2317 1980 aliter
2348 1943 2460 1981 non
2516 1929 2761 1998 poterat,
2794 1929 2858 1979 ut
2914 1925 3040 1996 ipse
3098 1926 3178 1978 ait
3223 1924 3308 1996 (ἰ),
3344 1923 3486 1996 quin
3547 1923 3807 1994 Spiritus

2149 2018 2385 2069 sanctus
2416 2015 2667 2069 vinceret
2693 2039 2706 2082 ;
2731 2017 2903 2085 atque
2935 2014 3075 2068 adeo
3121 2013 3350 2068 abunde
3383 2013 3537 2068 vicit.
3575 2036 3596 2063 ι)
3635 2011 3798 2066 Basi-

2149 2101 2319 2157 silius
2350 2101 2565 2157 electus
2589 2103 2698 2157 fuit
2723 2102 3094 2157 Gmsariensis
3128 2102 3797 2174 episcopus,ordinatus,

2154 2195 2209 2247 et
2241 2191 2297 2245 in
2322 2192 2530 2246 throno
2581 2191 2915 2246 collocatus.
2940 2191 3162 2254 Quibus
3186 2191 3457 2262 peractis,
3476 2188 3796 2260 Gregorius

2149 2281 2247 2351 qui
2272 2281 2562 2349 profectus
2582 2281 2786 2350 fuerat,
2804 2303 2828 2330 «
2852 2281 2917 2351 (ᾔ)
2935 2280 3194 2335 vehiculo
3221 2297 3334 2334 non
3359 2295 3528 2334 secus
3551 2295 3616 2333 ac
3638 2295 3794 2332 mor-

2148 2373 2289 2424 tuus
2321 2369 2525 2423 feretro
2559 2369 3145 2440 impositus,juvcnis
3183 2367 3350 2435 redit,
3378 2367 3585 2422 ﬁrmus
3613 2383 3679 2423 ac
3713 2383 3806 2420 va-

2146 2456 2294 2527 lens,
2327 2457 2526 2512 oculos
2557 2462 2775 2512 erectos
2796 2458 3033 2523 habens,
3059 2475 3090 2510 a
3123 2473 3402 2511 manuum
3425 2455 3808 2527 impositione

2147 2551 2203 2601 et
2235 2547 2528 2612 unctione,
2568 2547 2717 2601 addo
2759 2547 2956 2611 etiam,
2990 2551 3044 2599 et
3076 2546 3148 2599 ab
3183 2544 3360 2610 illius,
3405 2546 3504 2616 qui
3539 2546 3804 2616 ungeba-

2146 2639 2260 2701 tur,
2296 2636 2482 2705 capite
2523 2636 2847 2690 roboratus.
2883 2636 2998 2690 Hoc
3028 2635 3206 2705 igitur
3236 2635 3308 2688 ad
3341 2634 3562 2704 priscas
3595 2651 3803 2688 narra-

2145 2724 2334 2779 tiones
2376 2725 2628 2790 accedat,
2655 2725 2808 2794 quod
2844 2723 3007 2778 labor
3032 2723 3344 2779 sanitatem
3376 2724 3562 2790 aﬁ'ert,
3597 2729 3654 2776 et
3677 2722 3806 2776 ani-

2146 2812 2225 2866 mi
2259 2812 2528 2867 alacritas
2563 2817 2790 2867 mortuo
2822 2814 3123 2877 excitat,et
3179 2811 3340 2866 exilit
3384 2817 3654 2865 senectus
3674 2811 3804 2881 Spi-

2144 2901 2259 2955 ritu
2293 2901 2574 2965 delibuta,
2608 2921 2636 2951 »
2665 2901 2757 2956 Sic
2792 2901 3060 2966 Basilius,
3095 2900 3355 2970 Gregorii
3396 2900 3702 2968 utriusque
3743 2904 3805 2953 et

2146 2990 2341 3045 sancti
2381 2990 2613 3044 Eusebii
2636 2990 3064 3045 Samosatensis
3102 3005 3298 3060 opera,
3325 2987 3591 3043 Ecclesia
3613 2993 3801 3042 (lissa-

2144 3078 2355 3134 riensis
2380 3079 2781 3149 episcopatum
2825 3077 3085 3149 suscepit
3121 3095 3272 3133 anno
3303 3079 3428 3144 2‘170,
3478 3081 3541 3131 ut
3593 3075 3802 3130 multis

2145 3167 2507 3238 argumentis
2540 3170 2846 3222 conﬁrmat
2880 3174 3077 3222 noster
3103 3167 3456 3222 Prudentius
3490 3166 3688 3220 Maran
3721 3164 3804 3235 (Ic)

2067 3243 2110 3309 C
2150 3261 2281 3326 post
2313 3256 2610 3310 Petavium
2641 3261 2697 3310 et
2728 3256 3161 3310 'l‘illemontium
3188 3270 3201 3309 :
3230 3272 3333 3310 nec
3357 3254 3628 3309 audiendi
3660 3258 3806 3308 sunt

2151 3344 2518 3399 Bollandistze
2567 3349 2623 3399 et
2661 3344 2964 3409 Baronius,
3011 3343 3111 3415 qui
3165 3343 3446 3398 Basilium
3493 3359 3647 3398 anno
3695 3342 3806 3396 369

2151 3434 2486 3489 ordinatum
2519 3433 2787 3487 scribunt
2817 3432 3000 3488 multo
3034 3436 3224 3487 autem
3269 3433 3458 3503 magis
3514 3429 3803 3501 repellen-

2151 3522 2263 3579 dus
2294 3527 2382 3578 est
2411 3523 2644 3596 Pagius,
2687 3522 2786 3592 qui
2835 3523 2963 3592 ejus
3009 3521 3438 3577 ordinationem
3471 3521 3543 3575 ad
3575 3536 3803 3574 annum

2151 3627 2340 3681 usque
2370 3612 2468 3664 371
2505 3610 2718 3666 differt.

2150 3718 2312 3772 XCll.
2350 3717 2635 3786 Gregorius
2691 3733 2788 3770 nec
2833 3717 3081 3772 elrcn'oni
3131 3717 3336 3770 Basilii
3382 3715 3653 3784 interfuit,
3703 3730 3805 3769 nec

2221 3806 2346 3844 eum
2375 3794 2490 3859 post
2519 3789 2832 3843 electionem
2863 3791 3089 3854 invisit,-
3111 3789 3318 3844 Basilio
3338 3789 3588 3857 querenti
3607 3803 3662 3841 se
3692 3802 3800 3840 ne-

2220 3862 2456 3932 glectum
2485 3861 2778 3931 respondit.

2221 3966 2448 4021 Nemini
2471 3967 2716 4022 dubium
2751 3967 2877 4032 fuit,
2895 3965 3033 4037 quin
3057 3964 3500 4035 Gregorius,qui
3533 3963 3806 4020 electioni

2151 4054 2347 4109 Basilii
2399 4071 2510 4108 non
2542 4053 2904 4122 interfuerat,
2957 4054 3138 4108 electo
3187 4053 3589 4123 gratulaturus
3619 4053 3807 4106 Caesa-

2153 4160 2310 4199 ream
2336 4147 2685 4198 occurreret.
2707 4142 2920 4196 Verum
2961 4142 3299 4196 Christianae
3333 4141 3628 4196 modestiae
3660 4157 3802 4194 con-

2154 4231 2377 4299 sulens,
2402 4237 2575 4302 atque
2616 4231 2821 4286 borum
2870 4228 3498 4301 temporuminvidiam
3547 4227 3803 4299 fugiens,

2154 4335 2418 4391 represso
2441 4320 2696 4374 amicum
2717 4319 2951 4374 videndi
2990 4319 3296 4387 desiderio,
3331 4319 3484 4372 domi
3519 4334 3581 4371 se
3620 4317 3806 4372 conti-

2153 4409 2304 4477 nuit,
2337 4409 2486 4463 datis
2529 4408 2742 4463 interea
2792 4407 3002 4462 litteris
3035 4407 3250 4476 quibus
3297 4423 3358 4460 se
3407 4421 3642 4461 summa
3671 4422 3802 4476 per-

2153 4499 2353 4552 fusum
2403 4496 2600 4552 laetitia
2657 4497 2840 4550 fuisse
2898 4496 3108 4550 fatetur
3138 4495 3223 4564 (ἰ),
3260 4511 3389 4549 cum
3438 4494 3734 4548 lucernam
3768 4511 3805 4549 a

2073 4602 2120 4666 D
2154 4586 2373 4658 Spiritu
2407 4592 2610 4642 sancto
2644 4586 2854 4640 victore
2885 4601 3066 4655 supra
3095 4584 3511 4639 candelabrum
3545 4583 3803 4654 positam

2151 4675 2468 4743 intellexit;
2519 4676 2812 4746 simulque
2860 4690 3067 4728 causas
3121 4690 3223 4727 cur
3271 4673 3466 4726 statim
3499 4673 3569 4726 ad
3603 4674 3800 4743 ipsum

2149 4781 2262 4819 non
2310 4764 2683 4830 advolaverit,
2727 4762 2978 4834 exponit.
3016 4779 3081 4816 ac
3133 4778 3202 4816 ne
3252 4761 3305 4815 id
3349 4778 3381 4815 a
3429 4777 3491 4815 se
3523 4765 3807 4831 exposcat

2147 4861 2437 4926 precatur.
2473 4854 2733 4927 Gregorii
2763 4854 3078 4919 orationes,
3113 4867 3211 4906 seu
3255 4851 3656 4906 excusationes
3684 4868 3804 4905 non

2151 4945 2375 5014 accepit
2397 4942 2671 5006 Basilius,
2709 4959 2885 5011 seque
2911 4942 2981 4994 ab
3008 4957 3073 4994 eo
3108 4940 3444 5009 parvipendi
3477 4955 3542 4993 ac
3584 4939 3804 5010 negligi

2152 5037 2510 5100 conquestus
2533 5030 2840 5085 est.Basilii
2869 5029 3123 5099 querelis
3157 5027 3241 5081 sic
3275 5031 3548 5098 peracute
3566 5043 3811 5097 respon-

2148 5118 2350 5190 dit(m)
2379 5135 2391 5174 :
2420 5141 2448 5169 «
2480 5119 2536 5173 Si
2572 5119 2738 5173 nobis
2799 5123 3100 5188 propterea
3156 5131 3485 5185 succenses,
3539 5116 3694 5186 quod
3749 5121 3809 5172 te

2221 5262 2300 5334 (Ιι)
2331 5263 2430 5332 Ep.
2465 5261 2536 5315 al.
2569 5261 2658 5315 29.

2244 5337 2263 5388 ἱ
2316 5334 2411 5387 Or.
2445 5334 2532 5400 48,
2567 5351 2623 5387 n.
2657 5334 2744 5388 37.

2314 5404 2460 5458 lbid.
2502 5474 2520 5476 ξ

2316 5336 2411 5387 0r.
2445 5336 2460 5386 1.

2267 5336 2284 5475 ζ
2314 5404 2460 5458 lbid.

2221 5473 2296 5545 (li)
2333 5477 2466 5530 Vita
2495 5474 2620 5530 Bas.
2655 5489 2704 5530 ο.
2740 5473 2827 5542 13,

2219 5545 2680 5689 ﬁliisfiliis

2859 5488 2915 5546 p.
2947 5473 3035 5528 83.
