4096 6288
275 414 384 471 193

1616 398 1802 469 VITA
1848 406 1913 465 s.
1962 404 2355 465 GBEGURII.

3579 407 3691 465 194

274 544 484 609 minus,
509 558 691 614 quam
722 544 829 597 tua
858 540 1043 597 virtus
1057 544 1333 605 meretur,
1363 538 1723 611 suspicimus
1754 540 1811 592 et
1825 537 1929 593 ad-
1960 541 2015 604 Α
2044 538 2287 607 ejusque
2314 553 2481 593 voces
2514 539 2749 593 audisse
2771 553 2917 608 quas
2947 559 2974 585 «
3011 536 3111 593 Dei
3140 551 3308 593 voces
3343 560 3362 586 ι
3400 537 3693 609 appellare

273 633 580 699 miramur,
613 631 900 686 omnibus
931 646 1162 701 quoque
1205 627 1554 684 mortalibus
1588 642 1934 683 succenseas

273 725 515 795 oportet.
539 720 748 792 Neque
780 719 940 775 enim
974 718 1124 775 alius
1145 718 1458 789 quisquam
1492 716 1637 772 satis
1657 720 1711 770 te
1742 715 1918 771 lauda

276 812 370 879 vit,
392 815 497 865 aut
529 808 893 864 laudaturus
920 811 1032 874 est,
1064 812 1269 879 praeter
1325 811 1380 862 te
1436 810 1716 877 tuamque
1765 805 1823 859 in
1855 803 1938 859 di-

277 900 455 956 cendo
486 897 927 953 sublimitatem
955 896 1283 967 ;siquidem
1317 895 1439 951 ﬁeri
1472 898 1669 967 posset
1699 893 1936 965 utquis-

278 989 431 1062 piam
458 1003 606 1043 suas
635 985 765 1058 ipse
794 986 1001 1041 laudes
1031 984 1568 1057 praedicaretﬁdque
1597 999 1936 1039 sermonum

281 1078 369 1133 lex
414 1077 619 1132 ferret.
654 1075 819 1140 Quod
877 1075 927 1130 si
959 1077 1358 1145 contemptum
1389 1073 1478 1128 tui
1508 1072 1678 1129 nobis
1708 1072 1934 1142 objicis,

284 1167 416 1238 quin
453 1166 620 1238 prius
643 1164 985 1219 insaniam?
1016 1168 1089 1219 At
1119 1163 1273 1235 quod
1299 1159 1937 1234 philisophamurindi-

284 1257 482 1329 gnaris
528 1255 558 1309 ?
612 1255 839 1310 Liceret
897 1252 1041 1309 mihi
1099 1269 1233 1309 cum
1300 1252 1453 1308 bona
1506 1251 1674 1307 venia
1723 1250 1935 1315 dicere,

282 1346 384 1401 hoc
417 1360 613 1399 unum
634 1342 902 1399 doctrina
932 1359 1164 1415 quoque
1193 1345 1296 1397 tua
1314 1344 1369 1397 et
1396 1340 1720 1397 eruditione
1751 1337 1934 1395 subli-

285 1434 437 1489 mius
471 1436 564 1489 est
596 1436 653 1489 et
681 1431 1078 1503 praestantius.
1115 1453 1143 1482 »
1176 1430 1361 1487 Cessit
1393 1430 1630 1485 tandem
1661 1426 1935 1498 Basilius,

285 1529 340 1579 et
371 1522 549 1578 amici
610 1520 989 1593 prudentiam
1039 1519 1263 1592 judicio
1324 1536 1430 1575 suo
1490 1516 1934 1591 comprobavit;

282 1611 784 1683 quemadmodum
816 1625 952 1666 cum
974 1613 1178 1683 postea
1189 1610 1510 1667 Caesaream
1530 1607 1783 1664 venisset
1800 1608 1936 1662 Gre-

276 1700 477 1774 gorius
506 1700 609 1772 (a),
642 1698 1081 1771 atqueoblatam
1097 1698 1205 1754 sibi
1220 1698 1291 1754 ad
1335 1697 1522 1753 amico
1552 1695 1935 1769 insigniorem

278 1792 426 1845 inter
457 1788 832 1860 presbyteros
863 1788 1062 1843 sedem
1119 1787 1504 1859 repudiasset,
1562 1784 1671 1841 hoc
1722 1784 1935 1840 factum

279 1896 389 1934 non
424 1877 753 1943 accusavit,
784 1877 885 1931 sed
910 1876 1166 1931 laudavit
1189 1875 1458 1931 Basilius.

280 1987 467 2043 XCIII.
506 1988 586 2041 De
622 1986 853 2038 Valente
898 1983 1157 2038 adversus
1198 1984 1504 2039 Ecclesiam
1532 1983 1942 2036 Nazianzenam

352 2061 625 2127 impetum
671 2058 938 2125 faciente,
982 2071 1091 2109 una
1132 2071 1257 2109 eum
1306 2056 1469 2125 patre
1512 2054 1807 2108 victoriam
1849 2068 1939 2107 re-

346 2132 551 2201 portat.

350 2236 473 2291 Sub
510 2234 690 2288 (inem
724 2231 861 2287 anni
891 2232 991 2286 371
1042 2232 1274 2286 videtur
1320 2229 1653 2300 contigisse,
1687 2230 1836 2300 quod
1871 2230 1943 2283 de

286 2323 467 2396 patris
500 2322 625 2377 zelo
658 2325 859 2377 narrat
891 2319 1204 2392 Gregorius
1252 2321 1353 2391 (ὁ),
1392 2318 1492 2389 qui
1527 2334 1739 2389 magna
1761 2317 1941 2373 animi

286 2411 616 2467 constantia
648 2433 675 2459 ‹‹
712 2425 841 2465 sese
885 2408 1175 2463 haereticis
1218 2406 1510 2479 opposuit,
1545 2423 1676 2461 cum
1708 2406 1791 2460 illi
1826 2423 1944 2462 una

291 2518 421 2555 cum
453 2497 839 2571 imperatoria
871 2497 1162 2568 impietate
1210 2495 1631 2568 expeditionem
1663 2495 1943 2550 adversus

292 2589 715 2644 Nazianzenam
742 2584 1059 2641 Ecclesiam
1092 2586 1497 2655 susceperunt,
1530 2587 1809 2655 tanquam
1838 2600 1945 2638 nos

292 2692 546 2749 quoque,
583 2675 778 2747 inquit
805 2673 1137 2745 Gregorius,
1182 2673 1240 2727 in
1276 2675 1621 2743 potestatem
1654 2688 1824 2726 suam
1856 2689 1943 2726 re-

292 2764 941 2834 dacturi,aliisquejam
958 2763 1075 2817 fere
1104 2761 1377 2817 omnibus
1399 2761 1675 2815 servitute
1706 2776 1945 2831 oppres-

293 2856 370 2911 sis
391 2852 899 2923 adjuncturi.»—-«
918 2850 1357 2922 Imperatoriam
1371 2848 1945 2921 impietatem»intel-

294 2943 415 3015 ligit
441 2941 773 3006 Valentem,
809 2939 929 3011 qui,
962 2938 1281 3009 composita
1310 2954 1444 2993 cum
1461 2936 1665 2992 Gothis
1695 2938 1944 3008 pace,ad

294 3030 759 3104 impugnandam
794 3026 1141 3083 catholicam
1165 3027 1338 3082 fidem
1361 3024 1589 3097 imperii
1629 3025 1779 3081 vires
1810 3042 1945 3081 con-

294 3121 483 3180 vertit.
590 3123 650 3173 et
726 3115 994 3172 haeretico
1088 3116 1320 3188 agmine
1377 3117 1603 3170 cinctus
1685 3113 1746 3169 in
1802 3118 1946 3187 Cap-

292 3209 603 3281 padociam
662 3223 726 3262 se
756 3205 1027 3261 contulit.
1090 3205 1354 3260 Intentus
1398 3204 1772 3276 potissimum
1824 3208 1948 3260 erat

289 3298 557 3354 Valentis
603 3312 776 3351 arcus
834 3295 895 3350 in
953 3292 1227 3350 Basilium
1267 3310 1280 3361 ;
1333 3294 1435 3349 sed
1493 3296 1809 3349 Cessaream
1845 3310 1945 3365 pe-
1976 3281 2019 3348 C

290 3393 441 3455 tens,
504 3389 754 3442 exeunte
812 3401 967 3439 anno
1023 3383 1148 3450 37l,
1200 3382 1285 3438 vel
1345 3382 1481 3438 inde
1529 3383 1724 3437 forsan
1756 3382 1945 3438 disce-

288 3477 432 3532 dens
467 3491 626 3530 anno
669 3473 962 3544 sequenti,
1024 3472 1307 3528 Nazianzo
1370 3471 1480 3527 iter
1534 3470 1759 3539 habuit,
1810 3489 1945 3527 con-

286 3564 629 3633 fectumque
659 3560 823 3616 senio
852 3576 1166 3631 aggressus
1197 3563 1287 3614 est
1315 3559 1676 3631 episcopum,
1712 3558 1947 3631 quiglo-

294 3655 521 3707 riosum
544 3651 619 3705 de
648 3665 715 3705 eo
737 3647 1109 3719 triumphum
1142 3648 1480 3719 reportavit.
1514 3648 1792 3719 Magnam
1817 3665 1948 3719 pro-

295 3742 442 3797 fecto
479 3742 539 3795 in
573 3755 641 3794 eo
671 3737 971 3808 triumpho
1004 3741 1223 3809 partem
1264 3736 1469 3792 habuit
1499 3736 1811 3808 Gregorius
1844 3755 1950 3793 no-

302 3839 440 3897 ster,
478 3828 639 3900 quod
672 3827 911 3900 quidem
959 3826 1105 3898 ipse,
1153 3825 1241 3881 vir
1294 3825 1428 3881 licet
1459 3826 1953 3897 modestissimus,

302 3920 471 3973 fateri
506 3922 744 3973 coactus
766 3921 1027 3983 est,cum
1043 3917 1122 3970 ait
1151 3915 1491 3987 Gregorium
1524 3918 1748 3986 patrem
1779 3932 1953 3971 suum

301 4028 329 4058 ι
365 4022 584 4077 magno
607 4006 947 4075 adjumento
975 4026 1002 4052 »
1035 4002 1215 4058 fuisse
1246 4002 1676 4058 decertantibus
1712 4003 1953 4060 Nazian-

299 4097 461 4151 chis
486 4094 554 4149 ad
567 4112 767 4148 versus
792 4091 1629 4165 imperatoriamimpietatem,
1659 4116 1678 4139 α
1715 4097 1839 4147 tum
1856 4109 1958 4165 per

302 4200 361 4239 se
394 4184 545 4255 ipse,
570 4188 696 4236 tum
714 4197 818 4252 per
846 4198 949 4236 nos
970 4180 1143 4236 etiam
1170 4180 1955 4253 fortasse,inquitGregorius

304 4273 395 4342 (ε),
427 4274 502 4325 de
533 4272 729 4342 seipse
762 4270 1032 4341 loquens,
1083 4285 1251 4339 quos,
1282 4267 1444 4323 velut
1473 4285 1587 4324 non
1620 4268 1860 4341 ignavos
1890 4284 1955 4325 ac

303 4360 623 4433 degeneres
652 4359 903 4428 catulos,
933 4357 994 4412 in
1027 4356 1155 4412 illos
1205 4357 1504 4413 haereticos
1546 4357 1701 4413 velut
1758 4357 1816 4413 in
1849 4375 1953 4413 sas-

310 4450 576 4505 vissimas
612 4450 764 4503 feras
798 4447 1111 4516 imittebat,
1141 4448 1211 4503 ad
1241 4446 1518 4519 pietatem
1535 4447 1814 4503 nimirum
1846 4448 1955 4505 hac

310 4539 528 4593 ratione
560 4555 667 4593 nos
697 4553 994 4592 exercens.
1032 4558 1052 4585 ι

1970 1912 2017 1978 Β

2046 642 2161 680 non
2193 625 2441 692 dubitat,
2474 625 3019 698 cumalloqueretur
3047 624 3457 696 imperatorem
3473 625 3571 697 qui
3605 642 3693 681 se-

2048 712 2162 768 mel
2194 718 2250 769 et
2280 713 2492 769 iterum
2526 714 2582 769 in
2617 733 2744 770 eam
2778 732 2841 770 se
2872 714 3212 782 contulerat,
3252 720 3315 770 ut
3346 714 3542 770 Basilii
3574 714 3691 771 col-

2046 801 2266 873 loquio,
2303 804 2453 874 quod
2480 805 2603 875 jam
2630 804 2854 875 pridem
2888 804 3212 875 expetebat,
3238 803 3544 859 frueretur.
3578 804 3694 859 Nec

2045 908 2177 947 vero
2207 896 2435 947 tantum
2470 892 2665 947 Basilii
2698 892 3004 963 colloquiis
3026 910 3159 949 cum
3191 892 3559 965 imperatore,
3594 910 3693 949 vc-

2047 998 2177 1035 rum
2208 980 2382 1037 etiam
2413 981 2631 1037 habitis
2664 986 2833 1038 antea
2850 998 2983 1037 cum
3008 983 3271 1052 prafecto
3304 986 3360 1039 et
3386 983 3693 1055 praeposito

2045 1085 2387 1141 coquorum,
2422 1070 2680 1142 quiartis
2702 1070 3058 1142 sucegladios
3091 1072 3446 1141 minabatur,
3471 1094 3499 1122 «
3518 1075 3691 1144 atque

2046 1159 2117 1214 ad
2139 1159 2333 1230 ignem
2363 1159 2476 1214 sibi
2534 1163 2951 1231 congruentem
3007 1161 3392 1217 transmissus
3425 1184 3453 1211 »
3476 1166 3585 1233 est,
3626 1165 3692 1217 ut

2047 1247 2249 1303 festive
2272 1250 2503 1320 jocatur
2533 1249 2847 1322 Gregorius
2877 1249 2971 1322 (e),
2993 1252 3523 1308 concertationibus
3553 1268 3689 1308 eum

2044 1336 2380 1394 interfuisse
2410 1341 2633 1394 certum
2667 1338 2835 1394 nobis
2864 1338 3110 1395 videtur.
3174 1341 3320 1397 Eum
3352 1341 3694 1398 invitaverat

2045 1425 2317 1496 Basilius,
2346 1432 2412 1483 ut
2438 1427 2551 1483 sibi
2577 1428 2807 1483 adesset
2838 1428 2910 1483 ad
2960 1430 3321 1501 propositum
3372 1434 3688 1498 certamen,

2044 1521 2354 1573 venturum
2385 1532 2448 1571 se
2478 1516 2827 1588 promiserat
2860 1534 2873 1585 ;
2906 1516 3105 1588 itaque
3154 1534 3287 1573 eum
3329 1519 3557 1575 venisse
3586 1535 3690 1590 pro

2046 1609 2202 1661 certo
2234 1605 2593 1661 habendum.
2654 1604 2983 1661 Arbitratur
3028 1604 3437 1663 Tillemontius
3488 1607 3691 1663 matris

2046 1693 2301 1765 Gregorii
2338 1696 2605 1750 morbum
2636 1692 2902 1750 attulisse
2935 1710 3148 1761 moras,
3180 1699 3236 1750 et
3256 1712 3492 1751 causam
3514 1696 3695 1753 fuisse

2045 1800 2148 1838 cur
2176 1801 2208 1838 a
2230 1783 2440 1839 Basilio
2471 1788 2712 1839 vocatus
2742 1783 2941 1839 statim
2986 1800 3100 1838 non
3159 1785 3397 1840 venerit.
3456 1786 3690 1852 Verum,

2046 1876 2111 1927 ut
2142 1873 2407 1928 omittam
2422 1873 2746 1927 chariorem
2778 1873 2957 1928 fuisse
2981 1872 3253 1944 Gregorio
3283 1874 3547 1929 Ecclesiae
3581 1876 3694 1930 uti-

2048 1961 2291 2029 litatem,
2325 1978 2502 2033 quam
2539 1967 2621 2027 ut,
2654 1980 2719 2016 ea
2763 1962 3119 2033 posthabita,
3170 1964 3471 2034 aegrotanti
3523 1965 3695 2020 matri

2050 2050 2352 2121 assideret,
2385 2055 2559 2123 atque
2582 2051 2653 2105 ad
2686 2051 3111 2106 defendendam
3144 2052 3459 2108 Ecclesiam
3494 2071 3694 2109 accur-

2051 2156 2173 2193 rere
2195 2140 2576 2210 detrectaret;
2605 2144 2758 2194 certe
2778 2138 2837 2194 in
2886 2138 2980 2194 bis
3009 2139 3241 2208 litteris,
3292 2143 3507 2212 quibus
3558 2144 3691 2197 niti-

2048 2230 2145 2282 tur
2174 2227 2602 2294 Tillemontius,
2660 2226 2806 2282 nihil
2862 2227 3075 2299 legitur
3117 2246 3187 2283 ne
3215 2230 3578 2300 gravissimis
3608 2248 3698 2287 ve-

2054 2317 2247 2372 niendi
2280 2317 2495 2386 causis,
2531 2315 2676 2372 nihil
2708 2316 3049 2388 deGregorii
3072 2317 3397 2386 promissis,
3431 2320 3532 2391 qui
3564 2335 3697 2376 cum

2051 2405 2352 2477 pugnandi
2383 2410 2613 2476 tempus
2639 2406 2888 2471 adesset,
2933 2405 3275 2462 adfuturum
3308 2423 3370 2463 se
3402 2407 3696 2479 pollicitus

2053 2493 2277 2559 fuerat;
2311 2493 2412 2547 sed
2444 2497 2672 2547 tantum
2706 2493 2991 2549 desiderio
3047 2494 3279 2549 videndi
3322 2496 3603 2551 Basiliam
3636 2514 3699 2553 se

2051 2581 2235 2637 teneri
2264 2580 2579 2653 significat,
2620 2582 2710 2637 cui
2733 2581 3174 2638 satisfacturum
3195 2600 3258 2639 se
3288 2585 3370 2640 ait
3390 2584 3486 2657 (Γ),
3510 2586 3558 2640 si
3590 2603 3699 2641 sua

2054 2675 2240 2725 mater
2270 2670 2469 2725 Basilii
2504 2671 2773 2743 precibus
2795 2677 3052 2728 sanetur.
3085 2673 3271 2737 Quare
3303 2674 3421 2729 haac
3448 2676 3519 2730 ad
3552 2675 3695 2731 illud

2053 2764 2285 2831 tempus
2324 2761 2579 2831 pertinet
2635 2760 2917 2832 epistola;
2973 2766 3030 2816 et
3072 2779 3457 2835 quaecumque
3503 2770 3702 2822 narrat

2056 2848 2369 2920 Gregorius
2401 2848 2477 2920 (g)
2502 2849 2570 2904 de
2603 2850 2799 2905 Basilii
2834 2850 3053 2921 prolixa
3084 2856 3139 2905 et
3185 2854 3302 2907 acri
3334 2870 3469 2908 cum
3498 2855 3703 2926 praefe-

2058 2941 2149 2992 cto
2196 2936 2457 2992 Modesto
2494 2938 2942 3005 concertatione,
2975 2938 3098 2994 suis
3128 2940 3253 3011 ipse
3305 2942 3546 2998 auribus
3578 2960 3700 3000 cre-

2055 3026 2281 3081 dendus
2309 3028 2398 3080 est
2420 3024 2711 3081 hausisse.

2185 3185 2341 3241 XCV.
2368 3188 2424 3241 In
2456 3186 2584 3241 aliis
2618 3187 2816 3264 Basilii
2842 3189 3057 3264 praeliis
3079 3198 3261 3261 partes
3291 3206 3422 3247 sua:
3456 3194 3568 3264 agit

2725 3258 3030 3330 Gregorius.

2127 3383 2284 3438 Idem
2316 3382 2493 3438 etiam
2525 3382 2837 3439 dicendum
2870 3385 2939 3440 de
2986 3386 3161 3442 variis
3207 3388 3407 3444 Basilii
3465 3389 3697 3461 praediis

2056 3488 2187 3527 cum
2218 3471 2438 3527 caeteris
2495 3474 2566 3529 ab
2626 3473 2977 3545 imperatore
3039 3477 3380 3546 praemissis,
3420 3477 3540 3533 sive
3570 3501 3598 3528 ‹‹
3631 3495 3701 3534 ex

2048 3561 2316 3631 judicum
2341 3560 2547 3628 classe,
2574 3584 2601 3612 »
2633 3563 2754 3619 sive
2790 3583 2817 3616 ι
2864 3579 2933 3619 ex
2969 3564 3205 3619 militari
3254 3567 3476 3635 ordine,
3506 3588 3532 3619 η
3578 3568 3701 3624 sive

2060 3670 2089 3702 ‹‹
2120 3666 2188 3705 ex
2217 3666 2504 3721 gynzeceo.
2543 3674 2568 3700 ››
2600 3650 2662 3706 Ῑῑι
2695 3651 2785 3707 liis
2817 3652 3088 3708 omnibus
3122 3653 3319 3709 Basilii
3368 3657 3562 3711 socius
3594 3656 3705 3711 fuit

2061 3739 2395 3810 Gregorius,
2427 3740 2524 3810 qui
2556 3738 2720 3796 laetus
2752 3745 2807 3796 et
2835 3741 3286 3815 alacer‘victoris
3315 3743 3471 3800 latus
3503 3746 3704 3816 cinge-

2062 3828 2176 3894 bat,
2208 3831 2445 3883 strenue
2471 3829 2814 3885 commissas
2836 3830 2944 3885 sibi
2976 3848 3010 3885 a
3040 3830 3248 3886 Basilio
3278 3837 3476 3904 partes
3500 3851 3703 3906 agens.

2060 3918 2220 3972 Hanc
2254 3934 2524 3988 namque,
2558 3923 2796 3989 propter
2822 3919 3103 3990 temporis
3143 3923 3469 3992 angustias,
3529 3922 3705 3979 ratio-

2065 4023 2195 4061 nem
2228 4005 2437 4059 inierat
2479 4005 2750 4074 Basilius,
2807 4011 2871 4061 ut
2918 4006 3044 4079 ipse
3087 4007 3320 4078 quidem
3376 4010 3487 4065 sibi
3546 4010 3707 4066 verbi

2064 4094 2554 4166 dispensationem
2582 4094 2901 4149 vindicaret
2934 4114 2947 4163 ;
2975 4097 3246 4168 Gregorio
3278 4103 3496 4170 autem,
3531 4116 3705 4171 quem

2064 4185 2133 4240 ob
2168 4182 2421 4238 nominis
2452 4183 2867 4238 obscuritatem
2910 4185 3037 4255 [(sie
3086 4185 3347 4257 loquitur
3392 4187 3477 4242 vir
3508 4190 3706 4246 mode-

2066 4280 2192 4327 stus
2224 4271 2347 4342 (h)],
2380 4288 2545 4325 nemo
2601 4276 2755 4326 esset
2801 4277 3180 4330 accusaturus
3213 4281 3270 4331 et
3328 4276 3389 4333 in
3437 4277 3709 4334 exsilium

2068 4361 2379 4431 ejecturus,
2411 4354 2683 4431 loquendi
2717 4361 3038 4417 libertatem
3064 4365 3473 4423 committeret.
3523 4370 3711 4440 Atque

2065 4449 2166 4519 ita,
2194 4448 2403 4519 inquit,
2434 4447 2811 4520 Evangelium
2840 4456 3105 4507 nostrum
3137 4452 3374 4510 ﬁrmum
3424 4455 3711 4511 validum-

2066 4554 2177 4609 que
2207 4541 2350 4605 erat,
2386 4536 2598 4592 auxilio
2629 4537 2932 4611 utriusque
2991 4540 3318 4599 sull'ultum.
3370 4545 3452 4599 Ex
3500 4544 3591 4600 his
3621 4544 3713 4599 in-

315 4643 486 4700 XCIV.
554 4644 827 4700 Adversus
875 4643 1123 4697 eumdem
1168 4643 1442 4699 Valentem
1486 4646 1723 4700 cerlanli
1751 4645 1962 4700 Basilio
1990 4648 2037 4712 Ι)
2070 4626 2218 4681 tueri
2244 4625 2378 4681 licet
2409 4631 2661 4697 quantos
2684 4625 2931 4697 labores:
2968 4647 3144 4702 quam
3176 4631 3436 4689 (“meum
3464 4650 3532 4689 ³ο
3562 4632 3712 4706 Ρθτί“

798 4715 979 4769 socius
1025 4718 1107 4768 est
1155 4714 1472 4783 Gregorius.

386 4806 442 4859 In
489 4804 723 4877 egregio
772 4819 1008 4875 quoque
1062 4802 1259 4857 Basilii
1311 4803 1625 4858 certamine
1682 4804 1960 4859 adversus

316 4894 580 4949 eumdem
613 4893 1027 4965 imperatorem
1058 4892 1251 4947 socius
1286 4891 1393 4946 fuit
1428 4892 1761 4963 Gregorius,
1810 4894 1961 4963 ejus-

315 4998 416 5051 que
445 4998 687 5037 consors
721 4982 777 5036 in
830 4979 1011 5036 nobili
1044 4980 1345 5052 triumpho
1402 4997 1575 5051 quem
1617 4981 1688 5035 de
1719 4981 1961 5036 devictis

314 5076 363 5122 et
392 5070 739 5142 expugnatis
754 5069 1057 5125 catholicae
1077 5069 1207 5123 ﬁdei
1226 5068 1496 5124 hostibus
1510 5069 1703 5124 retulit
1717 5073 1962 5125 exeunte

318 5180 458 5217 anno
472 5164 571 5216 371
591 5166 648 5216 et
663 5162 906 5216 ineunte
920 5177 1074 5215 anno
1088 5161 1210 5213 372.
1237 5160 1337 5215 His
1352 5160 1770 5216 certaminibus
1784 5160 1961 5217 inter-

320 5248 487 5303 fuisse
519 5248 866 5321 Gregorium
902 5264 971 5303 ex
1019 5246 1146 5319 ipso
1184 5247 1487 5302 discimus.
1539 5248 1765 5303 Etenim
1809 5265 1870 5304 se
1903 5249 1960 5303 in

319 5337 613 5394 ecclesiam
634 5354 757 5395 una
794 5353 931 5392 cum
964 5334 1175 5391 Basilio
1222 5335 1553 5409 ingressum
1584 5341 1835 5394 testatur
1862 5337 1961 5410 (ἀ),

382 5518 457 5587 (a)
484 5517 581 5573 Or.
614 5518 707 5585 43,
742 5533 802 5573 n.
838 5514 933 5572 45.

378 5588 447 5671 ςὺ)
465 5589 677 5671 Qr:_18,
714 5606 774 5645 n.
809 5587 904 5642 37.

395 5662 442 5727 c)
475 5661 622 5717 Ibid.

392 5731 445 5809 ά)
475 5731 567 5793 0r.
592 5732 684 5811 43,
704 5747 766 5791 n.
799 5728 894 5790 53.

2070 4714 2269 4771 culosa
2303 4731 2480 4770 onera
2533 4715 2882 4772 sustinuerit
2912 4717 3245 4792 Gregorius,
3278 4737 3412 4776 cum
3445 4723 3714 4779 adversa-

2070 4804 2187 4858 rios
2218 4803 2483 4858 cominus
2516 4805 2754 4860 adortus
2785 4822 3111 4879 manusque
3167 4826 3300 4865 cum
3332 4810 3448 4866 illis
3506 4828 3715 4867 conse-

2070 4910 2224 4963 rens,
2254 4892 2445 4947 acrius
2478 4892 2709 4948 illorum
2732 4893 2788 4949 in
2824 4912 2884 4951 se
2907 4897 3105 4952 odium
3138 4899 3614 4956 excitavit.Plura
3643 4902 3714 4957 de

2069 4982 2162 5035 his
2186 4980 2373 5035 dicere
2396 4998 2885 5053 supervacaneum
2949 4986 3141 5055 fuerit,
3173 5004 3306 5043 cum
3339 4988 3539 5045 nullus
3571 5006 3714 5059 pene

2069 5070 2145 5125 sit
2175 5071 2422 5139 scriptor
2452 5071 2754 5142 antiquus,
2780 5073 2878 5145 qui
2912 5074 3187 5146 praeclara
3214 5076 3334 5133 haec
3365 5078 3558 5133 Basilii
3594 5096 3715 5134 cer-

2072 5159 2314 5223 tamina,
2338 5160 2748 5232 egregiamque
2796 5162 2905 5235 ipsi
2932 5182 2965 5219 a
2994 5167 3266 5236 Gregorio
3308 5167 3625 5239 praestitam
3655 5168 3713 5223 in

2071 5248 2164 5303 his
2195 5246 2613 5303 certaminibus
2644 5266 2902 5320 operam,
2923 5268 3039 5306 non
3056 5251 3287 5323 longius
3304 5259 3712 5329 prosequatur.

2070 5336 2288 5393 Verum
2319 5334 2590 5392 lectorem
2617 5340 2905 5396 monitum
2934 5340 3226 5413 volumus,
3262 5343 3630 5414 recentiores,
3652 5343 3715 5398 in

2166 5515 2217 5580 ρ)
2252 5512 2421 5579 Ibid.,
2446 5530 2503 5569 n.
2528 5515 2616 5570 47.

2166 5586 2215 5655 f)
2247 5584 2347 5655 Ep.
2381 5584 2432 5639 4ο

2144 5654 2218 5781 (ﬁ)
2380 5656 2467 5727 43,
2491 5673 2551 5712 n.
2582 5658 2651 5713 48
2679 5660 2736 5716 et
2766 5673 2891 5735 seq.

2144 5729 2165 5801 (
2202 5726 2416 5803 )1b1d.,
2449 5743 2509 5788 n.
2532 5728 2620 5789 47.
