4096 6288
380 386 492 443 195

1715 379 1896 440 Vl'l‘A
1943 383 2007 440 S.
2057 380 2453 440 GREGUBll.

3673 384 3788 446 196

378 515 740 586 disponenda
767 515 974 568 barum
1010 529 1201 568 rerum
1255 512 1425 578 serie,
1467 529 1890 583 nonnunquam
1918 513 2017 567 ab-
2050 512 2312 579 ΑΧΟνΙ.
2362 513 2592 587 Operam
2614 531 2770 570 suam
2825 517 2980 588 offert
3025 517 3230 572 Basilio
3283 517 3538 574 adversus
3585 518 3784 574 Anthi-

377 621 591 661 errare.
616 604 694 658 Ne
717 603 1122 658 'l‘illemontius
1152 602 1408 672 quidem,
1433 619 1546 672 quo
1573 619 1686 656 non
1713 601 1858 656 alter
1887 619 2023 656 cau-

378 695 490 750 tior
516 711 581 749 ac
612 693 947 764 diligentior
990 692 1060 746 ab
1127 691 1287 745 omni
1344 707 1536 746 errore
1595 691 1880 745 immunis
1911 695 2019 745 est.

377 785 564 839 Locus
596 784 835 854 quidam
866 781 1126 851 Gregorii
1161 783 1343 834 nostri
1376 780 1572 834 minus
1610 787 1764 834 recte
1795 779 2020 834 intelle-

377 881 507 928 ctus
538 874 592 926 in
629 872 912 926 maximas
942 870 1246 940 angustias
1267 869 1458 923 virum
1495 870 1727 923 doctum
1752 869 2019 938 conjecit.

373 963 687 1032 Postquam
719 960 1031 1030 Gregorius
1061 959 1258 1013 retulit
1288 959 1587 1012 Valentem
1623 957 1815 1012 Basilii
1839 957 2023 1012 admi-

370 1051 591 1105 ratione
624 1049 978 1119 perculsnm,
1014 1047 1266 1101 vetuisse
1298 1065 1369 1101 ne
1395 1047 1480 1101 vis
1531 1047 1581 1100 ei
1613 1047 1943 1114 inferretur,
1967 1050 2024 1099 et

372 1140 512 1194 dum
545 1140 698 1192 dona
729 1137 958 1192 olferret
980 1136 1265 1189 mirnmin
1289 1136 1523 1189 modum
1556 1135 2024 1202 titabasse,cum-

372 1245 482 1298 que
513 1245 717 1282 rursus
747 1227 808 1280 in
841 1224 1143 1280 ecclesiam
1179 1225 1447 1287 venisset,
1483 1224 1634 1277 intra
1657 1223 1844 1277 velum
1877 1223 2020 1276 divi-

373 1335 478 1372 nas
511 1316 707 1371 Basilii
727 1331 890 1369 voces
914 1314 1244 1377 audivisse;
1270 1318 1600 1382 postquam,
1632 1311 2022 1380 inquam,hac

372 1407 629 1461 narravit
657 1405 992 1475 Gregorius,
1025 1403 1109 1456 sic
1145 1403 1519 1471 prosequitur
1550 1402 1626 1470 (α)
1663 1417 1674 1452 ;
1709 1396 1856 1466 Αὐτὴ
1879 1398 2019 1472 γίνε-

366 1514 453 1548 ται
484 1499 584 1561 τῆς
615 1496 709 1545 τοῦ
745 1488 1012 1566 βασιλέως
1061 1489 1186 1564 περὶ
1216 1491 1362 1559 ἡμᾶς
1410 1486 1816 1565 φίλανθρωπίας
1849 1487 2017 1561 ἀρχὴ,

368 1583 458 1637 καὶ
516 1582 834 1640 κατάστασις
883 1578 1102 1654 πρώτη,
1158 1582 1318 1631 τοῦτο
1368 1577 1431 1630 τὸ
1489 1574 1690 1647 λῆμμα
1747 1581 1844 1644 τῆς
1897 1575 2020 1630 τότε

369 1670 705 1746 διοχλοῦσης
759 1667 1014 1742 ἐπηρείας
1069 1667 1132 1720 τὸ
1189 1665 1464 1735 πλεῖστον,
1526 1664 1704 1739 ὥσπερ
1747 1685 1800 1717 τι
1848 1662 2020 1739 ῥεῦμα

369 1758 611 1814 διέλυσεν
647 1778 658 1815 :
689 1783 715 1811 ‹‹
754 1761 867 1814 Hoc
889 1758 1112 1813 exstitit
1143 1756 1527 1828 imperatoria
1585 1772 1722 1825 erga
1774 1772 1876 1809 nos
1909 1755 2015 1808 hu-

373 1849 669 1905 manitatis
699 1855 756 1902 et
779 1847 1100 1903 clementia
1127 1846 1513 1916 principium;
1548 1845 1666 1899 hac
1697 1844 1886 1915 prima
1925 1861 2013 1899 re-

369 1957 500 1994 rum
527 1937 768 2003 sedatio,
805 1936 921 1990 hac
961 1937 1186 1990 occasio
1247 1934 1562 1989 maximam
1613 1933 2016 2003 impressionis

365 2029 544 2093 illius,
580 2045 694 2098 qua
725 2034 846 2079 tum
873 2031 1246 2091 vexabamur,
1293 2029 1533 2093 partem,
1582 2040 1692 2076 non
1727 2039 1896 2076 secus
1947 2038 2012 2076 ac

365 2118 577 2172 fluctus
608 2116 916 2186 quosdam,
945 2113 1115 2184 fregit
1144 2130 1208 2167 ac
1239 2111 1522 2166 dissolvit.
1559 2132 1586 2160 »
1620 2111 1747 2164 Hac
1797 2112 1869 2164 ad
1927 2129 2013 2166 se-

363 2207 622 2260 cundum
660 2203 987 2259 Valentisin
1011 2201 1315 2256 ecclesiam
1339 2201 1668 2271 ingressum
1704 2201 1874 2254 refert
1894 2200 2008 2254 Til-

365 2293 961 2362 lemontins,indeque
981 2290 1203 2361 colligit
1219 2289 1492 2344 Basiliam
1529 2306 1592 2342 ac
1615 2305 1816 2343 omnes
1834 2289 2011 2344 etiam

363 2383 739 2454 Cappadocia
771 2381 1057 2435 Ecclesiae
1089 2379 1309 2448 reliquo
1352 2377 1611 2431 Valentis
1644 2377 2012 2448 imperatoris

363 2479 648 2542 tempore,
682 2471 768 2524 vel
801 2469 1008 2523 saltem
1042 2468 1141 2520 diu
1186 2466 1329 2520 satis
1385 2472 1516 2535 post
1573 2465 1826 2520 Valentis
1875 2482 2010 2519 cum

368 2559 580 2614 Basilio
612 2557 989 2627 colloquium,
1016 2571 1216 2626 pacem
1259 2553 1590 2608 retinuisse.
1650 2553 1866 2608 Veram
1902 2571 2012 2624 pax

365 2650 462 2704 illa
497 2664 867 2720 nequaquam
891 2643 1186 2700 conciliari
1217 2647 1405 2713 potest
1427 2659 1556 2696 cum
1585 2643 2009 2712 persecutione,

365 2755 543 2809 quam
578 2742 707 2806 post
733 2734 1058 2790 secundum
1080 2730 1338 2786 Valentis
1359 2729 1416 2784 in
1449 2730 1751 2784 ecclesiam
1783 2729 2006 2800 ingres-

361 2842 494 2882 sum
527 2829 898 2880 consecutam
928 2839 1055 2877 esse
1085 2827 1286 2874 auctor
1314 2823 1403 2873 est
1443 2818 1775 2889 Gregorius.
1807 2819 2008 2887 Conje-

363 2915 545 2970 cturis
573 2912 981 2968 Tillemontins
1011 2911 1161 2965 hanc
1190 2908 1590 2964 difﬁcultatem
1623 2906 1843 2964 solvere
1875 2908 2006 2962 niti-

360 3009 481 3060 tur.
523 3003 634 3058 Sed
655 3003 792 3073 quid
824 2999 1173 3071 conjecturis
1200 3015 1346 3069 Opus
1392 3001 1498 3064 est,
1533 3013 1667 3051 cum
1701 3014 1791 3051 res
1818 3013 1917 3068 per
1947 3013 2009 3052 se

360 3095 536 3166 plana
565 3092 640 3147 sit
669 3097 725 3146 et
749 3091 1016 3162 expedita
1036 3090 1063 3144 ‘I
1093 3089 1222 3144 Hac
1275 3086 1431 3142 enim
1486 3089 1656 3141 verba
1695 3085 1957 3157 Gregorii
1989 3102 2004 3141 :

366 3203 388 3230 ι
423 3182 538 3237 Hoc
555 3181 661 3235 fuit
682 3178 1053 3250 imperatoris
1075 3195 1212 3248 erga
1225 3194 1329 3232 nos
1343 3173 1728 3229 humanitatis
1747 3174 2003 3242 initium,

2702 605 2855 642 mum
2877 589 3224 659 Tgunensem.

2208 693 2307 747 Hic
2327 693 2500 749 etiam
2533 695 2720 768 legere
2746 695 2938 750 licebit
2968 698 3194 770 egregie
3226 702 3470 754 tractata
3499 698 3559 754 in
3592 697 3783 770 capite

2130 781 2219 849 23,
2245 797 2627 855 quacumque
2658 789 2922 856 spectant
2951 791 3094 853 orta,
3129 791 3261 858 post
3288 787 3550 843 Valentis
3564 787 3784 842 disces-

2134 885 2286 938 sum,
2310 870 2461 926 inter
2491 879 2756 927 sanctum
2779 873 3478 930 BasiliumetAnthimum
3510 877 3778 947 Tyaneu-

2133 974 2256 1013 sem
2289 960 2625 1031 episcopum
2658 962 2916 1029 dissidia,
2950 981 3018 1017 ex
3065 963 3346 1018 divisione
3401 964 3779 1036 Cappadocia

2134 1047 2192 1101 in
2236 1049 2383 1103 duas
2442 1051 2768 1119 provmcias
2802 1069 2815 1118 ;
2849 1056 2906 1106 et
2949 1068 3074 1122 qua
3116 1054 3298 1124 gessit
3348 1054 3682 1125 Gregorius,
3717 1056 3783 1107 ut

2133 1137 2304 1191 amici
2339 1144 2532 1209 partes
2563 1144 2904 1205 tueretur,et
2926 1142 3064 1211 jura
3092 1141 3426 1197 defenderet
3446 1146 3649 1196 contra
3664 1147 3778 1196 An-

2133 1226 2406 1282 thimnm.
2443 1227 2544 1282 Ubi
2582 1229 2837 1299 primum
2867 1230 3178 1302 Gregorius
3210 1231 3394 1285 audiit
3424 1231 3636 1286 Basilio
3653 1246 3777 1286 mo-

2133 1314 2333 1371 lestias
2359 1315 2637 1381 exhiberi,
2670 1333 2838 1372 suam
2868 1317 2916 1373 ei
2942 1323 3148 1389 sponte
3169 1334 3406 1390 operam
3434 1317 3648 1374 obtulit
3678 1318 3778 1389 (b),

2132 1419 2311 1473 seque
2341 1401 2660 1458 Casaream
2697 1405 2994 1475 pollicitus
3034 1411 3122 1461 est
3177 1412 3508 1474 venturum,
3539 1411 3664 1460 tum
3720 1409 3784 1461 ut

2131 1506 2263 1545 eum
2299 1492 2542 1547 consilio
2567 1496 2820 1562 juvaret,
2855 1499 2980 1549 tum
3015 1500 3077 1549 ut
3107 1494 3494 1550 contumelias
3544 1511 3676 1550 cum
3712 1510 3780 1550 eo

2131 1580 2465 1649 partiretur,
2499 1581 2765 1651 quamvis
2798 1599 2898 1654 pro
2930 1589 3083 1638 certo
3114 1584 3354 1639 haberet
3385 1583 3660 1638 Basiliam
3687 1583 3777 1637 ni-

2130 1667 2210 1720 hil
2228 1685 2467 1739 prorsns
2484 1672 2772 1725 facturum
2801 1673 2953 1742 quod
2971 1672 3338 1743 philosophia
3351 1674 3426 1727 sit
3441 1673 3774 1744 indignum.

2128 1756 2260 1818 Qua
2285 1758 2456 1811 verba
2489 1759 2630 1813 satis
2660 1759 2918 1814 indicant
2948 1759 3255 1830 epistolam
3271 1761 3342 1814 a1.
3370 1762 3458 1830 25,
3493 1760 3774 1831 scriptam

2128 1845 2307 1900 fuisse
2339 1846 2516 1915 hujus
2548 1848 2929 1902 dissensionis
2954 1865 3150 1917 causa,
3193 1849 3250 1902 in
3284 1867 3401 1914 qua
3431 1867 3544 1904 non
3577 1849 3648 1904 de
3664 1850 3776 1906 fide

2127 1941 2227 1988 aut
2258 1935 2519 1990 doctrina
2549 1938 2846 2007 agebatur,
2873 1939 2972 1992 sed
2996 1939 3065 1991 de
3088 1938 3274 1992 reditu
3301 1943 3355 1992 et
3388 1939 3543 1994 sedis
3565 1937 3775 2009 ampli-

2124 2023 2348 2077 tudine.
2397 2023 2748 2078 Divlsionem
2810 2025 3036 2080 civilem
3078 2027 3471 2098 Cappadocia,
3507 2043 3629 2098 qua
3663 2029 3774 2082 sub

2125 2111 2359 2165 initium
2393 2111 2603 2167 hiemis
2635 2114 2770 2166 anni
2802 2115 2906 2167 372
2952 2115 3220 2170 instituta
3271 2116 3397 2181 fuit,
3431 2133 3545 2170 non
3573 2117 3772 2170 statim

2123 2205 2323 2255 secuta
2355 2208 2443 2255 est
2473 2203 2877 2257 ecclesiastica
2919 2204 3227 2274 provincia
3258 2204 3482 2269 divisio,
3515 2221 3639 2275 qua
3656 2222 3771 2258 non

2123 2289 2234 2343 nisi
2270 2293 2398 2360 post
2415 2290 2664 2346 Valentis
2686 2291 3032 2356 discessum,
3049 2292 3200 2346 circa
3215 2309 3474 2348 mensem
3495 2293 3770 2348 Martium

2125 2377 2301 2447 hujus
2334 2379 2492 2442 anni,
2523 2379 2752 2434 videtur
2768 2381 3404 2450 contigisse.Tumvero
3425 2382 3764 2447 Anthimus,

2121 2466 2486 2537 Tyanensem
2511 2467 2824 2535 civitatem,
2886 2485 3012 2538 quae
3072 2470 3339 2524 secunda
3389 2470 3768 2541 Cappadocia

2121 2555 2459 2625 metropolis
2485 2556 2634 2610 facta
2666 2557 2870 2621 fuerat,
2903 2558 3103 2612 eodem
3132 2559 3263 2626 jure
3292 2557 3351 2611 in
3385 2561 3558 2613 rebus
3581 2561 3768 2614 eccle-

2121 2641 2374 2696 siasticis
2410 2659 2538 2697 esse
2588 2643 2795 2697 debere
2851 2646 3165 2715 contendit,
3215 2663 3429 2717 easque
3460 2648 3766 2718 paracias,

2119 2745 2246 2800 qua
2276 2747 2430 2784 nova
2452 2731 2757 2802 provincia
2782 2749 2965 2804 nuper
2987 2734 3272 2801 adjuncta
3303 2735 3763 2806 fuerant,utjam

2119 2818 2232 2872 sibi
2266 2820 2580 2875 attinentes
2613 2825 2668 2874 et
2697 2837 2731 2874 a
2775 2821 2988 2876 Basilio
3047 2823 3378 2892 distractae,
3430 2825 3766 2880 vindicavit.

2118 2912 2320 2962 contra
2348 2907 2599 2963 Basilius
2630 2910 2806 2963 veteri
2834 2911 3266 2974 consuetudini,
3300 2917 3473 2982 atque
3504 2913 3638 2967 huic
3679 2915 3768 2969 di-

2117 2994 2348 3061 visioni,
2382 3011 2510 3066 quae
2537 2996 2674 3050 olim
2691 2997 3006 3052 aPatribus
3033 3000 3182 3052 facta
3213 3000 3765 3063 fuerat,inharebat.

2119 3083 2312 3138 Partes
2345 3084 2603 3138 Anthimi
2637 3087 3035 3155 sequebantur
3092 3087 3350 3158 plerique
3391 3090 3766 3159 Cappadocia

2117 3173 2371 3243 episcopi
2412 3190 2422 3226 :
2461 3194 2487 3221 ι(
2522 3174 2660 3228 Tres
2687 3174 2926 3244 quidem
2962 3182 3127 3229 erant
3156 3193 3364 3238 causa,
3402 3178 3593 3248 inquit
3624 3179 3764 3235 Gre-

358 3271 480 3326 hac
513 3269 701 3340 prima
734 3283 930 3321 rerum
963 3265 1207 3331 sedatio,
1242 3286 1270 3312 »
1315 3281 1427 3318 non
1459 3264 1531 3318 ad
1567 3262 1824 3318 Valentis
1853 3263 2008 3317 intra
2037 3255 2080 3322 C
2118 3262 2318 3332 gorius
2349 3262 2435 3332 (ο),
2470 3278 2574 3316 cur
2633 3261 2802 3316 multi
2860 3263 3036 3318 etiam
3088 3269 3218 3319 ante
3274 3282 3480 3336 parum
3539 3266 3655 3321 leni
3707 3272 3767 3324 et

358 3359 551 3415 velum
583 3373 716 3410 cum
747 3353 961 3409 Basilio
994 3351 1370 3422 colloquium,
1393 3353 1490 3406 sed
1517 3352 1588 3406 ad
1613 3351 1771 3406 illam
1805 3352 2003 3406 Basilii

356 3447 592 3503 virtutis
623 3443 1088 3507 admirationem,
1121 3457 1238 3510 qua
1269 3439 1572 3511 perculsus
1604 3439 2005 3495 Valensvetuit

358 3537 410 3592 ei
441 3535 556 3590 vim
588 3532 798 3598 afferri,
825 3529 1125 3586 referenda
1154 3535 1329 3584 sunt:
1364 3529 1515 3599 quod
1542 3529 1776 3599 quidem
1797 3545 1863 3583 ex
1886 3534 2004 3584 tota

359 3642 552 3680 rerum
586 3622 733 3679 serie
767 3624 938 3692 patet.
973 3618 1198 3673 Etenim
1228 3617 1538 3688 Gregorius
1569 3618 1649 3672 ait
1677 3617 1999 3686 Valentem,

356 3714 575 3769 auditis
597 3729 723 3782 qua
754 3715 1014 3782 gesserat
1047 3706 1312 3775 Basilius,
1330 3707 1621 3760 intantam
1644 3705 1803 3760 illius
1823 3707 2002 3761 virtu-

355 3805 430 3858 tis
462 3801 908 3858 admirationem
939 3795 1392 3862 venisse,utvim
1424 3795 1474 3849 ei
1505 3795 1700 3850 inferri
1733 3796 2000 3862 vetuerit,

352 3893 520 3963 eique
552 3890 946 3946 satisfaciendi
981 3903 1158 3942 causa
1207 3886 1264 3938 in
1295 3884 1596 3940 ecclesiam
1630 3885 1867 3954 venerit,
1903 3886 2001 3940 ubi

351 3984 420 4037 ad
443 3981 634 4036 solum
669 3977 867 4032 Basilii
897 3981 1278 4048 conspectum
1308 3975 1681 4039 contremuit,
1714 3991 1779 4028 ac
1806 3983 2004 4045 postea

353 4070 583 4124 rediens
613 4069 852 4138 longum
885 4064 1114 4120 videndi
1142 4063 1788 4118 Basiliumdesideriam
1809 4063 1999 4134 exple-

351 4159 450 4213 vit.
484 4159 642 4221 Qnod
659 4173 793 4227 ergo
819 4154 1017 4210 statim
1045 4153 1208 4208 addit
1225 4152 1718 4224 Gregorius,hanc
1753 4153 1999 4222 primam

354 4247 534 4300 fuisse
558 4243 920 4314 tempestatis
951 4242 1340 4307 sedationem,
1363 4241 1560 4295 referri
1594 4240 1763 4294 debet
1794 4241 1999 4310 adjus-

351 4352 484 4390 sum
517 4333 798 4396 Valentis,
822 4331 922 4403 qui
946 4331 1190 4384 miratus
1213 4345 1506 4384 summam
1525 4323 1716 4383 lhsilii
1738 4333 2004 4384 constan-

347 4424 491 4479 tiam
525 4421 582 4475 in
617 4421 934 4476 certamine
965 4420 1245 4473 adversus
1279 4418 1637 4489 praefectum,
1677 4435 1802 4487 qua
1836 4419 1942 4488 ipsi
1968 4436 2002 4474 a

349 4512 615 4585 praefecto
641 4513 873 4563 narrata
906 4509 1113 4574 fuerat,
1150 4523 1220 4561 ne
1245 4507 1332 4561 vis
1365 4506 1443 4560 illi
1472 4507 1998 4574 inferreturvetnit,

2115 3351 2363 3405 candido
2386 3368 2523 3422 erga
2553 3367 2686 3406 eum
2718 3351 3041 3424 (Basiliam)
3073 3353 3270 3408 animo
3303 3361 3518 3410 essent.
3547 3356 3766 3420 Prima,

2115 3440 2268 3511 quod
2300 3440 2357 3492 in
2393 3439 2523 3492 fidei
2553 3441 2781 3511 negotio
2799 3457 2932 3496 cum
2947 3458 3012 3496 eo
3042 3442 3282 3498 minime
3296 3445 3763 3516 consentiebant,

2114 3528 2224 3583 nisi
2257 3532 2542 3599 quantum
2576 3527 2631 3581 id
2657 3529 2825 3600 ipsis,
2851 3535 3090 3601 cogente
3131 3531 3530 3601 multitudine,
3564 3550 3764 3590 neces-

2113 3617 2266 3671 sario
2301 3616 2629 3671 faciendum
2662 3623 2803 3672 erat.
2853 3617 3064 3684 Altera,
3099 3621 3251 3690 quod
3285 3620 3545 3676 dolorem
3573 3639 3640 3677 ex
3675 3623 3760 3694 ip-

2112 3706 2235 3761 sius
2267 3706 2548 3760 electione
2571 3712 2912 3778 conceptum
2938 3709 3198 3763 nondum
3218 3710 3456 3764 omnino
3475 3713 3768 3767 exanimis

2111 3796 2420 3864 ejecerant.
2456 3795 2776 3862 Postrema,
2811 3797 2964 3865 quod
2997 3813 3058 3851 se
3087 3798 3255 3868 longe
3289 3798 3661 3872 multumque
3693 3802 3766 3856 ab

2112 3899 2177 3938 eo
2208 3883 2394 3954 gloria
2431 3885 2692 3955 superari
2728 3885 3103 3940 acerbissime
3151 3888 3366 3941 ferrent
3395 3905 3408 3954 ;
3442 3891 3672 3944 tametsi
3707 3891 3766 3946 id

2112 3973 2373 4027 conﬁteri
2405 3973 2815 4044 turpissimum
2847 3979 3093 4031 esset....
3148 3975 3225 4029 Ex
3258 3976 3365 4030 hac
3391 3980 3765 4035 contentione

2113 4061 2405 4132 permulta
2436 4060 2591 4116 mala
2621 4062 2832 4132 partim
2857 4063 2982 4133 jam
3007 4064 3370 4131 accidebant,
3406 4066 3613 4136 partim
3648 4068 3760 4122 im-

2112 4151 2460 4221 pendebant.
2484 4151 2987 4205 Subtrahebantnr
3025 4158 3342 4208 conventus
3375 4171 3409 4208 a
3457 4171 3603 4209 novo
3638 4172 3757 4211 me-

2111 4239 2404 4310 tropolita,
2442 4243 2752 4309 proventus
2780 4239 3227 4311 diripiebantur,
3267 4263 3288 4290 ι
3328 4246 3435 4297 etc.

2111 4345 2323 4399 XCVII.
2361 4345 2652 4413 Gregorius
2681 4345 2983 4399 Caesaream
3039 4349 3202 4401 venit.
3261 4349 3471 4404 Basilio
3524 4349 3679 4403 addit
3706 4367 3764 4406 se

2180 4419 2407 4539 spcium,
2439 4421 2491 4471 et
2522 4420 2747 4471 interest
2769 4433 2966 4488 pugna
2995 4435 3160 4489 prope
3190 4420 3408 4474 Sasima
3436 4423 3624 4476 contra
3656 4425 3763 4475 An-

2184 4497 2439 4539 nimum.

2184 4497 2439 4542 Humum.

348 4606 522 4672 atque
559 4599 613 4651 in
649 4596 955 4652 ecclesiam
987 4611 1048 4650 se
1080 4594 1338 4648 conferre
1361 4599 1416 4648 et
1447 4593 1724 4685 cumipso
1749 4593 2006 4666 colloqui
2037 4621 2083 4685 D
2152 4593 2285 4685 _His
2302 4594 2539 4660 auditis,
2569 4593 2879 4685 Gregorius
2909 4595 3169 4651 debitum
3202 4596 3336 4652 huic
3357 4599 3605 4671 tempori
3627 4601 3763 4654 offi-

347 4689 572 4745 statuit.
609 4691 888 4740 Praeterea
919 4685 1070 4738 idem
1093 4682 1474 4754 probanthac
1494 4683 1666 4737 verba
1695 4683 1988 4755 Gregorii:

339 4780 427 4833 καὶ
460 4776 775 4834 κατάστασις
806 4773 1021 4848 πρώτη,
1053 4797 1080 4823 ‹‹
1145 4774 1264 4828 hac
1295 4774 1485 4843 prima
1527 4773 1768 4840 sedatio,
1807 4798 1833 4823 ››
1866 4793 1991 4846 qua

339 4869 546 4924 Billius
571 4885 686 4921 non
717 4865 988 4920 reddidit.
1013 4863 1244 4918 Certum
1278 4879 1530 4932 namque
1554 4868 1659 4926 est,
1697 4869 1835 4917 tunc
1869 4866 1989 4934 pri-

331 4973 490 5013 mum
524 4958 785 5012 sedatam
809 4953 985 5007 fuisse
1001 4955 1502 5023 tempestatem,cu
1517 4968 1567 5003 ll]
1583 4950 1789 5004 Valens
1809 4955 1988 5007 vetuit

331 5064 403 5102 ne
436 5046 518 5100 vis
543 5044 756 5099 Basilio
791 5044 1123 5109 inferretur,
1142 5041 1294 5110 quod
1323 5039 1576 5110 profecto
1599 5041 1776 5093 vetuit
1801 5040 1988 5110 prius-

339 5151 515 5208 quam
549 5135 606 5188 in
630 5132 935 5189 ecclesiam
967 5148 1028 5185 se
1060 5132 1365 5184 conferret.
1409 5129 1538 5182 Hac
1572 5129 1872 5183 monuisse
1901 5134 1993 5185 sat

339 5230 444 5282 est.
479 5223 583 5289 Qui
605 5222 773 5294 plura
802 5220 973 5287 volet,
1007 5218 1162 5289 legat
1220 5220 1399 5272 Vitam
1436 5217 1632 5272 Basilii
1663 5234 1819 5272 nova
1851 5234 1990 5289 ope-

338 5331 471 5370 rnm
503 5312 690 5370 sancti
727 5309 988 5372 doctoris
1036 5308 1274 5365 editioni
1307 5306 1620 5380 pralixain,
1649 5321 1774 5379 cap.
1804 5305 1896 5378 20,
1928 5323 1986 5380 p.

345 5404 467 5471 104,
504 5422 560 5460 n.
585 5406 638 5460 8.

405 5635 483 5708 (α)
506 5635 604 5692 0r.
638 5637 724 5699 43,
763 5652 820 5690 n.
853 5634 941 5690 53.

408 5710 486 5785 (ὁ)
516 5709 616 5782 Ep.
651 5708 724 5766 al.
755 5708 847 5768 25.

2113 4682 2269 4738 cium
2302 4699 2415 4736 non
2450 4684 2858 4753 pratermittit,
2900 4700 3189 4756 suamque
3219 4687 3508 4756 protinus,
3543 4693 3607 4742 ut
3631 4689 3758 4760 jam

2103 4771 2349 4840 dictum,
2373 4771 2580 4826 Basilio
2603 4787 2836 4842 operam
2863 4774 3201 4843 proﬁtetur;
3235 4776 3390 4845 quod
3423 4777 3609 4831 amico
3630 4795 3757 4848 per-

2103 4864 2335 4931 gratum
2371 4859 2497 4914 fuit.
2528 4859 2640 4915 Nec
2664 4877 2848 4926 mora,
2876 4862 3118 4917 Basilius
3143 4868 3308 4935 rogat
3325 4865 3667 4936 Gregorium
3695 4872 3760 4921 ut

2103 4949 2452 5019 quantocius
2484 4949 2552 5002 ad
2580 4965 2641 5003 se
2672 4950 2901 5013 veniat;
2929 4952 3027 5021 qui
3069 4969 3203 5006 cum
3257 4953 3532 5024 venisset,
3584 4958 3758 5010 ambo

2101 5037 2277 5091 simul
2303 5037 2538 5107 profecti
2573 5044 2709 5092 sunt
2756 5040 2826 5092 ad
2864 5045 3120 5094 montem
3155 5042 3433 5109 Taurum,
3470 5043 3568 5096 ubi
3592 5043 3756 5098 locus

2100 5126 2340 5195 quidam
2372 5126 2900 5196 erat,siveecclesia
2913 5128 3024 5182 sub
3043 5130 3228 5184 sancti
3261 5129 3483 5186 Orestis
3499 5133 3754 5198 nomine,

2099 5219 2491 5270 undeannuos
2504 5214 2727 5270 reditas
2745 5216 3008 5286 capiebat
3024 5216 3396 5273 Casariensis
3413 5219 3750 5291 episcopus.

2099 5302 2248 5358 Dum
2295 5303 2569 5372 redirent,
2616 5304 2955 5372 Anthimus,
3009 5323 3185 5377 quem
3239 5307 3468 5363 Taurici
3527 5309 3753 5368 reditus

2099 5391 2352 5449 maxime
2383 5393 2441 5448 in
2473 5393 2730 5451 furorem
2763 5395 3033 5468 agebant,
3059 5395 3275 5472 quippe
3297 5413 3445 5472 quos
3476 5398 3534 5455 in
3558 5403 3756 5458 trans-

2168 5625 2238 5707 (ε)
2269 5624 2364 5683 Or.
2398 5626 2485 5701 43,
2522 5643 2580 5684 n.
2621 5627 2713 5686 58.
