4096 6288
288 365 396 423 £97

1623 352 1805 416 VITA
1851 356 1914 414 S.
1966 354 2360 416 GllEGORII.

3581 361 3696 421 198

284 496 365 552 itu
393 493 708 549 Casurum
742 489 964 563 portari
1006 487 1208 559 iniquo
1239 486 1433 542 animo
1466 487 1760 556 cernebat,
1794 503 1930 542 cum
1963 497 2015 560 Α
2047 506 2183 544 seno
2211 488 2433 554 habuit,
2467 489 2578 543 sibi
2608 488 2865 542 amicum
2887 488 2958 542 ab
2983 486 3167 544 amico
3191 489 3383 546 venire
3416 491 3584 561 dixit,
3618 495 3688 550 ab

286 581 624 657 praedatoria
655 597 841 636 manu
874 577 1176 651 angustias
1221 580 1465 648 occupat
1514 595 1527 645 ;
1577 577 1938 632 transeuntis

289 673 480 729 Basilii
516 670 715 737 mulis,
752 669 854 741 qui
879 669 1055 724 rebus
1080 684 1146 722 ex
1177 667 1390 723 Sancto
1423 665 1626 722 Oreste
1650 666 1937 738 perceptis

289 763 478 820 onusti
503 765 690 827 erant,
715 760 831 815 iter
846 757 1280 824 intercludit,ne
1302 755 1455 811 ultra
1468 756 1934 828 progrediantur.

291 851 611 910 Commissa
641 849 766 903 haec
800 863 1000 920 pugna
1030 863 1205 918 prope
1235 845 1480 901 Sazima.
1527 845 1671 900 Nam
1730 845 1941 917 Grego-

293 943 411 997 rius
439 943 510 1012 (α)
536 957 652 994 non
675 938 803 993 sine
826 936 1375 1007 stomacbojocatur
1397 935 1454 988 in
1472 934 1936 1005 Basilium,quod

295 1051 349 1088 se
362 1030 726 1087 Sasimorum
741 1027 1083 1099 episcopum
1099 1023 1940 1091 constituisset,utcumAnthi-

297 1139 384 1177 mo
416 1119 633 1175 bellum
658 1120 908 1191 gereret,
935 1115 983 1170 si
1006 1115 1237 1186 quando
1264 1114 1314 1168 is
1341 1112 1539 1168 Basilii
1564 1112 1755 1168 mulos
1789 1112 1937 1167 arri-

298 1215 446 1282 peret
475 1207 786 1280 angustias
817 1209 1043 1275 tenens,
1077 1207 1130 1258 et
1181 1202 1335 1258 velut
1383 1201 1615 1257 Amalec
1664 1201 1937 1257 Israelem

298 1314 581 1355 coercens.
617 1300 827 1351 Datum
863 1309 926 1349 se
958 1293 1132 1348 etiam
1164 1290 1410 1347 Sasimis
1443 1291 1526 1346 ait
1570 1290 1628 1345 in
1680 1290 1940 1346 carmine

296 1390 364 1443 De
392 1389 498 1442 vita
531 1403 653 1453 sua,
688 1384 832 1456 quia
859 1381 1132 1439 bellicam
1177 1379 1576 1436 fortitudinem
1610 1381 1679 1436 ad
1737 1379 1938 1436 Basilii

298 1493 481 1532 causae
503 1473 906 1530 defensionem
922 1471 1289 1527 ostenderat:
1311 1469 1463 1541 quod
1484 1474 1828 1543 argumento
1851 1473 1940 1526 est

296 1582 424 1620 eum
456 1580 669 1636 pugnae
696 1578 875 1634 prope
904 1561 1133 1617 Sasima
1165 1559 1526 1615 interfuisse.

295 1671 535 1728 XCthI.
558 1670 848 1737 Gregorius
883 1667 1222 1722 Sasimorum
1261 1668 1546 1738 episcopus
1589 1674 1941 1723 consecratur

576 1742 877 1806 Nam‘ansi,
908 1756 1017 1795 non
1051 1739 1329 1803 Caesareae,
1355 1755 1501 1792 anno
1521 1739 1647 1792 372.

363 1832 527 1886 Istud
553 1834 747 1885 tamen
769 1829 1083 1883 dissidium
1107 1829 1176 1883 ad
1193 1827 1460 1883 Ecclesiae
1481 1826 1787 1882 utilitatem
1809 1844 1939 1883 con-

291 1921 463 1975 vertit
490 1919 738 1974 Basilius
763 1917 1206 1988 multiplicando
1231 1916 1626 1988 episcopatus:
1647 1937 1675 1966 ‹‹
1699 1917 1776 1970 Ex
1799 1933 1936 1987 quo,

295 2010 485 2080 inquit
533 2007 845 2079 Gregorius
879 2006 976 2075 (b),
1010 2011 1124 2060 tres
1157 2005 1614 2076 praeclarissimas
1649 2022 1738 2060 res
1771 2022 1938 2060 secu-

293 2098 688 2152 taesunt.l\'am
722 2104 779 2149 et
803 2095 1130 2150 animarum
1157 2112 1296 2148 cura
1317 2095 1787 2166 majorsuscepta
1810 2099 1934 2162 est;

295 2193 346 2242 et
378 2187 657 2258 quaelibet
686 2185 887 2241 civitas
921 2188 1233 2253 proventus
1267 2199 1405 2238 suos
1436 2183 1678 2248 habuit;
1722 2188 1778 2238 et
1819 2183 1940 2238 bel-

297 2277 412 2330 lum
448 2276 559 2330 hac
591 2274 817 2330 ratione
847 2289 1249 2344 compressum
1283 2275 1338 2326 et
1370 2271 1719 2326 exstinctum
1776 2276 1884 2327 est.
1911 2293 1939 2320 »

296 2365 514 2420 Harum
539 2363 597 2417 in
627 2379 868 2417 numero
895 2361 1121 2416 aedium
1145 2360 1737 2432 epiSGOpalium,quas
1761 2361 1942 2415 erexit

302 2453 570 2521 Basilius,
597 2452 756 2507 fuere
773 2451 1021 2521 Sasima,
1048 2449 1319 2521 ignobilis
1351 2448 1587 2520 quidem
1621 2448 1806 2513 locus,
1849 2449 1941 2504 cui

299 2543 642 2616 Gregorium
675 2546 943 2596 nostrum
975 2539 1264 2611 praeﬁcere
1295 2555 1637 2610 episcopum
1699 2540 1940 2607 statuit;

302 2648 552 2704 eumque
576 2630 984 2694 reluctantem,
1009 2633 1180 2699 atque
1204 2626 1532 2700 episcopale
1573 2643 1721 2682 onus
1764 2628 1942 2682 refor-

304 2723 622 2778 midantem
650 2736 712 2774 ac
728 2735 968 2791 prorsus
986 2718 1302 2789 fugientem
1324 2717 1547 2780 cedere,
1573 2721 1647 2784 et,
1673 2717 1721 2772 si
1747 2719 1944 2774 minus

302 2813 588 2876 animum,
613 2808 823 2864 saltem
851 2806 1388 2878 caputordinationi
1409 2805 1944 2877 submittere,adju-

303 2909 464 2956 vante
487 2898 748 2969 Gregorii
774 2902 958 2968 patre,
983 2894 1282 2966 compulit.
1319 2894 1448 2949 Haec
1494 2895 1784 2950 ordinatio
1829 2913 1944 2951 non

303 2991 590 3057 Caesareae,
619 2991 680 3040 ut
714 2985 830 3040 vult
857 2983 1235 3038 doctissimus
1259 2982 1691 3050 Tillemontius,
1717 2984 1816 3039 sed
1841 2989 1948 3039 Na-

303 3078 474 3132 zianzi
500 3079 732 3148 peracta
753 3077 862 3143 est,
893 3072 1092 3142 utipse
1110 3076 1358 3126 testatur
1386 3072 1700 3142 Gregorius
1721 3073 1812 3145 (ε),
1846 3074 1945 3145 qui

299 3166 582 3222 Basiliam
643 3163 873 3217 venisse
931 3160 1282 3215 Nazianzum
1343 3159 1653 3216 manifeste
1698 3162 1942 3219 asserit:

300 3256 450 3310 «Sed
479 3253 629 3308 venit
653 3251 722 3307 ad
745 3268 850 3306 nos
867 3249 1187 3305 amicorum
1202 3248 1586 3304 charissimus
1619 3250 1941 3318 Basilius,»
1976 3236 2018 3302 C

297 3353 401 3400 etc.
443 3340 604 3395 Ἀλλ’
632 3340 762 3409 ἧκεν
794 3341 931 3412 ἡμῖν
964 3341 1068 3391 τῶν
1104 3335 1277 3413 φίλων
1308 3337 1334 3391 ὁ
1367 3334 1621 3414 φίλτατος
1653 3335 1944 3401 Βασιλέως.

298 3435 446 3488 Tum
481 3436 704 3499 narrat,
738 3430 1055 3500 quomodo,
1088 3433 1248 3498 patre
1280 3427 1558 3482 Basilium
1613 3429 1945 3498 adjuvante,

296 3525 581 3592 deceptus
615 3519 808 3574 fuerit.
845 3517 1148 3583 Praeterea,
1183 3533 1296 3587 quo
1351 3515 1442 3571 die
1481 3516 1786 3573 ordinatus
1837 3526 1948 3587 est,

297 3613 627 3667 orationem
653 3624 847 3662 coram
871 3612 1035 3677 patre
1052 3610 1108 3660 et
1127 3604 1334 3659 Basilio
1359 3605 1605 3676 aliisque
1637 3607 1946 3678 episcopis,

295 3703 393 3772 qui
427 3716 571 3754 eum
604 3697 1035 3763 ordinaverunt,
1069 3694 1297 3750 habuit.
1340 3695 1480 3760 Quis
1507 3695 1705 3750 credat
1735 3695 1948 3767 Grego-

295 3794 449 3844 rium
485 3792 711 3858 patrem
764 3784 926 3840 scnio
977 3785 1304 3838 confectum
1356 3783 1674 3839 Caesaream
1721 3786 1950 3841 venisse

294 3880 475 3948 hujus
494 3874 888 3931 ordinationis
910 3889 1118 3940 causa;
1160 3877 1259 3926 aut
1282 3873 1331 3927 si
1358 3873 1594 3942 venerit,
1631 3873 1684 3928 id
1719 3873 1950 3930 silentio

295 3964 838 4038 praetermissurum
864 3962 1042 4016 fuisse
1057 3960 1424 4033 Gregorium,
1441 3962 1540 4032 qui
1557 3961 1747 4017 simile
1770 3963 1950 4034 patris

292 4054 635 4121 iter,Basilii
661 4069 838 4107 causa
862 4054 1223 4122 susceptum,
1251 4055 1314 4105 ut
1345 4067 1589 4105 summae
1625 4051 1803 4106 animi
1836 4053 1949 4106 for-

293 4145 576 4200 titudinis
595 4142 652 4197 in
677 4141 845 4196 eﬁ‘eto
869 4157 1107 4210 corpore
1139 4139 1434 4210 specimen
1468 4140 1796 4195 admiratur
1817 4141 1952 4196 ?Or-

294 4237 538 4289 diuatus
569 4237 659 4287 est
688 4231 1001 4302 Gregorius
1051 4228 1415 4284 Sasimorum
1465 4229 1774 4302 episcopus
1819 4235 1951 4287 ante

295 4323 543 4387 Pascha,
571 4323 726 4392 quod
751 4335 904 4373 anno
921 4318 1025 4371 372
1046 4317 1256 4372 Incidit
1279 4319 1336 4372 in
1359 4319 1511 4373 diem
1551 4335 1652 4372 vm
1695 4318 1944 4390 Aprilis:

299 4413 596 4484 siquidem
630 4413 870 4464 sanctus
902 4406 1191 4461 Eusebius
1233 4408 1684 4475 Samosatensis,
1739 4407 1948 4464 litteris

301 4500 470 4572 paulo
497 4504 628 4571 post
650 4497 872 4552 Pascha
891 4496 1030 4550 anni
1054 4494 1210 4549 illius
1235 4495 1387 4550 datis
1408 4497 1947 4566 respondens,hanc

303 4590 408 4643 sibi
442 4585 872 4643 ordinationem
907 4600 1020 4638 non
1057 4582 1346 4655 placuisse
1377 4583 1686 4656 signiﬁcat.

304 4695 485 4750 XCIX.
537 4695 810 4749 Invisitur
855 4709 892 4746 a
944 4689 1207 4761 Gregorio
1255 4693 1523 4761 Nysscno,
1573 4708 1732 4763 quem
1800 4694 1952 4749 misit

1002 4763 1257 4816 Basilius.

371 4854 688 4927 Perpaucis
721 4856 852 4924 post
884 4850 1312 4906 ordinationem
1346 4849 1572 4920 diebus,
1606 4850 1947 4923 Gregorium

306 4954 567 5001 nostrum
596 4943 795 4997 invisit
816 4938 1126 5011 Gregorius
1141 4940 1460 5012 Nyssenus,
1484 4940 1555 4994 ab
1584 4940 1770 4994 amico
1814 4941 1949 4994 mis-

309 5053 422 5099 sus,
451 5041 511 5089 ut
538 5031 950 5104 cognominem
971 5046 1139 5083 suum
1176 5027 1480 5084 solaretur.
1508 5029 1673 5084 Hunc
1694 5030 1949 5085 amicum

307 5142 424 5179 esse
454 5128 730 5179 senatum
754 5118 1071 5174 Eusebium
1091 5122 1534 5173 Samosatenum
1555 5123 1656 5173 aut
1680 5123 1949 5174 sanctum

308 5213 600 5268 Meletium
633 5209 953 5265 arbitratur
975 5205 1399 5262 Tillemontius:
1433 5223 1633 5261 verum
1657 5207 1707 5263 is
1726 5208 1951 5262 amicus

307 5321 411 5358 non
436 5303 591 5359 alius
613 5303 704 5355 est
733 5313 912 5369 quam
945 5296 1072 5366 ipse
1102 5295 1368 5350 Basilius.
1431 5295 1745 5367 Postquam
1793 5297 1951 5352 enim

305 5391 616 5466 Gregorius
643 5388 703 5444 in
734 5383 1020 5444 orationis
1050 5385 1303 5454 exordio,
1337 5401 1514 5456 quam
1561 5401 1756 5442 coram
1803 5385 1952 5460 Nys-

367 5559 441 5625 (α)
474 5556 574 5612 Or.
611 5553 702 5624 43,
735 5569 794 5607 n.
819 5551 920 5625 58.

367 5564 418 5625 (α
474 5559 574 5612 Or.
611 5559 702 5624 43,
735 5569 794 5607 n.
827 5559 866 5605 5

365 5559 441 5704 (b3
470 5628 650 5694 Ibid.,
683 5642 740 5704 ᾳ..
772 5623 866 5704 59⁵

463 5690 662 5760 Carm.
690 5698 766 5756 De
793 5695 919 5754 vita
945 5706 1066 5765 sua,
1098 5706 1154 5764 ν,
1185 5690 1312 5752 389.

2049 576 2416 632 auditoribus
2446 573 2704 648 postulat
2735 591 2876 629 num
2906 590 3023 629 rem
3082 574 3297 632 clarius
3348 579 3554 650 exponi
3603 598 3692 636 ve-

2048 666 2178 736 lint,
2202 665 2464 721 etstatim
2491 665 2722 737 Moysen
2745 668 2800 718 et
2821 665 3007 719 Aaron
3034 664 3092 719 in
3135 666 3394 722 medium
3432 668 3689 738 profert;

2046 753 2237 824 iisque
2269 758 2538 824 peracute
2564 753 2713 807 inter
2743 769 2804 808 se
2835 753 3207 824 comparatis,
3243 753 3455 810 iterum
3488 765 3692 828 postu-

2051 841 2152 911 lat,
2171 860 2364 898 annon
2387 842 2692 914 perspicue
2715 842 3121 914 cognominem
3144 861 3339 916 suum,
3363 845 3420 900 id
3448 852 3533 901 est
3557 847 3691 902 Gre-

2054 932 2303 1005 gorium,
2338 937 2393 986 et
2418 931 2779 999 unanimem,
2814 932 2869 986 id
2913 937 3001 987 est
3033 932 3335 1001 Basilium,
3383 936 3563 991 oratio
3612 938 3693 992 ef-

2049 1023 2314 1077 ﬁnxerit:
2346 1045 2372 1071 ‹‹
2407 1021 2624 1076 Horum
2655 1019 2816 1091 alter,
2865 1020 3057 1092 inquit
3104 1022 3202 1094 (ἀ),
3250 1040 3353 1079 nos
3403 1026 3586 1092 unxit,
3637 1032 3695 1082 et

2047 1111 2293 1167 latentes
2322 1111 2380 1165 in
2412 1109 2665 1165 medium
2693 1110 3026 1180 produxit...
3057 1129 3170 1166 non
3193 1117 3255 1167 ut
3280 1114 3523 1185 dignum
3549 1120 3691 1188 erat,

2047 1217 2112 1256 eo
2136 1200 2347 1272 spiritu
2371 1199 2467 1271 qui
2494 1199 2552 1253 in
2577 1199 2704 1271 ipso
2728 1203 2883 1255 est...
2925 1199 3081 1257 Alter
3129 1203 3283 1258 venit
3331 1209 3392 1258 ut
3419 1221 3524 1260 nos
3552 1221 3694 1260 con-

2049 1290 2286 1359 soletur,
2306 1307 2370 1345 ac
2386 1288 3068 1362 conﬁrmet,spirituique
3084 1299 3473 1349 mansuescat.
3500 1317 3525 1343 »
3549 1294 3693 1351 Cum

2047 1396 2182 1453 ergo
2210 1379 2428 1435 missus
2453 1378 2528 1433 sit
2559 1396 2592 1434 a
2623 1377 2836 1434 Basilio
2859 1381 3171 1452 Gregorius
3192 1380 3508 1454 Nyssenus,
3537 1385 3692 1456 quod

2048 1469 2426 1524 manifestum
2457 1472 2546 1524 est
2576 1485 2643 1523 ex
2674 1467 2868 1539 dictis,
2900 1469 3170 1526 advenire
3202 1489 3316 1527 non
3349 1474 3542 1544 potuit
3591 1491 3692 1547 po-

2047 1557 2249 1614 stridie
2280 1556 2685 1626 ordinationis,
2724 1561 2786 1612 ut
2828 1558 3074 1614 Baronio
3123 1560 3313 1615 visum
3356 1568 3464 1634 est,
3519 1569 3694 1635 atque

2046 1664 2344 1720 perperam
2376 1646 2591 1719 legitur
2628 1647 2782 1718 apud
2842 1647 3071 1702 Billium
3103 1648 3160 1703 in
3215 1649 3691 1722 interpretatione

2045 1736 2202 1794 tituli
2228 1737 2505 1792 orationis
2524 1736 3290 1795 undecimaezverumtamen
3316 1742 3690 1811 paucioribus

2048 1833 2180 1900 post
2211 1828 2634 1884 ordinationem
2667 1828 2875 1883 diebus
2907 1829 3154 1884 advenit.
3190 1832 3254 1886 In
3280 1831 3389 1887 ista
3409 1834 3688 1902 oratione,

2050 1923 2113 1972 ut
2137 1918 2192 1972 in
2221 1934 2286 1972 ea
2301 1934 2478 1988 quam
2502 1922 2633 1972 ante
2655 1934 2850 1972 coram
2875 1917 3089 1974 Basilio
3113 1919 3413 1986 habuerat,
3443 1925 3556 1977 vim
3583 1923 3694 1979 sibi

2049 2007 2271 2062 illatam
2307 2007 2704 2077 conqueritur,
2739 2007 2838 2060 sed
2871 2011 3066 2062 tamen
3120 2010 3469 2082 obsequium
3517 2029 3692 2068 suum

2051 2096 2376 2167 proﬁtetur.
2407 2095 2566 2149 Dolet
2588 2096 2737 2166 quod
2760 2095 3058 2167 Nyssenus
3081 2097 3266 2153 serius
3291 2101 3526 2169 venerit,
3579 2101 3693 2156 vel-

2051 2185 2136 2239 uti
2164 2190 2296 2256 post
2328 2183 2549 2239 cladem
2581 2183 2884 2253 auxilium,
2915 2190 3045 2254 post
3066 2190 3465 2256 tempestatem
3488 2190 3695 2260 guber-

2052 2278 2238 2341 nator,
2274 2277 2404 2345 post
2439 2272 2765 2328 cicatricem
2811 2273 3126 2329 medicina:
3184 2291 3380 2330 verum
3431 2293 3490 2332 se
3538 2294 3694 2333 nunc

2053 2364 2254 2419 cedere
2275 2368 2330 2418 et
2362 2362 2635 2416 ﬁduciam
2669 2362 2966 2433 concipere
2998 2364 3273 2432 declarat,
3326 2367 3479 2437 quod
3531 2383 3699 2439 argu-

2055 2456 2249 2507 mento
2270 2456 2358 2506 est
2388 2452 2536 2506 hanc
2559 2451 2818 2507 habitam
2842 2452 3160 2507 orationem
3181 2454 3529 2527 priusquam
3560 2457 3698 2530 fuga

2054 2540 2288 2612 elapsus
2322 2541 2381 2594 in
2410 2539 2787 2596 solitudinem
2823 2557 2884 2596 se
2915 2540 3248 2598 contulerit.
3405 2604 3407 2606 η

2053 2649 2111 2704 C.
2165 2647 2412 2715 Querelw
2452 2647 2661 2703 Basilii
2709 2653 2906 2703 contra
2951 2647 3290 2724 Gregorium,
3339 2660 3388 2706 et
3455 2651 3702 2724 Gregorii

2614 2729 2806 2773 contra
2840 2721 3136 2774 Basiliam.

2123 2808 2231 2862 Vix
2256 2808 2556 2880 Nyssenus
2581 2808 2865 2861 Nazianzo
2899 2807 3269 2876 discesserat,
3307 2828 3440 2865 cum
3483 2813 3694 2885 Grego-

2056 2897 2178 2952 rius
2203 2898 2507 2968 deceptum
2529 2914 2588 2951 se
2621 2913 2748 2951 esse
2781 2896 3058 2964 sentiens,
3095 2896 3241 2969 fugit
3273 2899 3508 2968 iterum,
3558 2901 3696 2956 soli-

2056 2986 2398 3056 tudinisquc
2428 2984 2653 3040 deliciis
2689 2985 3029 3057 perfruitur.
3049 2985 3299 3042 Basilius
3322 2989 3565 3044 consilia
3591 3007 3700 3046 sua

2057 3075 2420 3146 conspiciens
2455 3075 2710 3144 Gregorii
2765 3076 2900 3146 fuga
2951 3076 3183 3144 penitus
3224 3092 3512 3146 corruere,
3564 3095 3698 3134 cum

2056 3182 2122 3220 eo
2155 3165 2406 3236 graviter
2435 3162 2840 3235 expostulavit.
2870 3165 2941 3217 At
2980 3164 3291 3236 Gregorius
3342 3166 3466 3236 jam
3515 3167 3700 3223 altum

2058 3271 2268 3326 gerens
2316 3253 2473 3308 cordi
2531 3251 2820 3308 inﬂictum
2871 3251 3105 3323 vulnus,
3151 3269 3220 3308 ex
3268 3270 3384 3325 quo
3434 3272 3535 3327 per
3583 3257 3701 3313 vim

2059 3342 2362 3398 ordinatus
2397 3342 2583 3397 fuerat
2614 3359 2647 3396 a
2678 3339 2910 3411 Basilio,
2944 3358 3058 3397 non
3102 3341 3299 3398 minus
3360 3345 3565 3400 acriter
3614 3363 3700 3402 re-

2058 3432 2314 3503 spondit.
2353 3431 2491 3485 llinc
2525 3430 2632 3485 illis
2665 3429 2889 3497 litteris,
2926 3431 3081 3486 haud
3117 3433 3348 3503 quidem
3374 3435 3585 3506 jocosaa
3639 3440 3703 3492 ut

2060 3531 2243 3592 anter,
2268 3522 2366 3575 sed
2409 3520 2792 3575 stomachosa:
2826 3538 2891 3575 ac
2921 3520 3313 3588 vehementes,
3347 3523 3500 3580 ultro
3533 3525 3701 3580 citro-

2061 3626 2173 3680 que
2204 3610 2369 3679 datae,
2405 3609 2639 3680 quibus,
2673 3610 2813 3664 dum
2845 3627 3013 3664 suam
3047 3611 3295 3682 quisque
3312 3629 3550 3667 causam
3573 3619 3699 3670 tue-

2062 3701 2175 3766 tur,
2203 3714 2341 3754 suas
2361 3698 2536 3752 etiam
2561 3697 2775 3752 animis
2794 3697 3130 3754 coelestibus
3153 3716 3282 3754 esse
3314 3701 3431 3755 iras
3463 3702 3702 3774 docent;

2063 3804 2190 3859 quas
2223 3788 2269 3840 si
2303 3786 2535 3858 longius
2569 3787 3012 3858 processissent,
3050 3804 3164 3842 non
3209 3792 3328 3843 tam
3381 3792 3700 3860 perfectum

2062 3875 2397 3931 Christianae
2430 3875 2699 3930 amicitias
2730 3875 3024 3948 exemplar
3056 3876 3112 3930 in
3146 3876 3356 3931 Basilio
3387 3883 3460 3948 et,
3487 3878 3702 3952 Grego-

2062 3966 2146 4020 rio
2177 3964 2548 4019 haberemus.

2062 4073 2146 4141 (ΖΙ,
2198 4073 2308 4128 CII.
2363 4071 2962 4150 QueriturnGregorius
3008 4072 3261 4150 fraudem
3307 4075 3418 4131 sibi
3470 4078 3698 4150 factum,

2425 4144 2465 4198 A
2491 4144 2747 4214 pluribus
2776 4145 3039 4214 culpatur
3067 4146 3326 4202 Basilius.

2130 4232 2394 4304 Acceptis
2427 4233 2622 4287 Basilii
2657 4232 2886 4301 litteris,
2920 4235 3221 4305 rescripsit
3253 4241 3425 4307 atque
3455 4237 3548 4294 his
3579 4257 3704 4295 ver-

2062 4321 2150 4376 bis
2181 4338 2423 4376 exorsus
2453 4326 2536 4374 est
2567 4320 2879 4392 Gregorius
2910 4322 2978 4392 (ε)
3005 4339 3016 4376 :
3053 4347 3078 4372 ι(
3114 4323 3428 4381 Desinesne
3466 4329 3704 4384 tandem

2061 4428 2166 4465 nos
2200 4409 2522 4465 maledictis
2546 4409 2856 4480 incessere,
2891 4417 2954 4464 ut
2984 4410 3240 4466 insulsos
3272 4429 3337 4469 ac
3361 4417 3709 4484 rusticos,ct

2059 4501 2130 4555 ab
2163 4499 2367 4554 amicis
2400 4499 2621 4570 inopes,
2641 4503 2696 4552 et
2717 4515 2785 4553 ne
2799 4498 2914 4553 vita
2933 4500 3169 4571 quidem
3194 4501 3704 4574 dignos,quoniam

1981 4609 2024 4670 ι)
2059 4605 2144 4657 ea,
2179 4605 2305 4659 quae
2339 4587 2493 4659 passi
2528 4604 2757 4654 sumus,
2792 4587 3116 4661 intelligere
3146 4607 3211 4645 ac
3233 4594 3552 4662 persentire
3575 4596 3706 4652 ausi

2060 4695 2266 4732 sumus
2284 4676 2377 4731 ?...
2413 4677 2697 4731 Fraudem
2731 4676 2788 4730 in
2824 4693 2998 4748 quam
3025 4677 3494 4748 inductisumus,
3515 4685 3703 4742 serius

2060 4766 2297 4838 quidem
2330 4783 2506 4838 quam
2535 4765 2811 4837 oportuit,
2847 4767 2945 4822 sed
2971 4771 3165 4823 tamen
3189 4768 3503 4841 aliquando
3530 4791 3703 4845 agno-

2058 4856 2267 4911 vimus.
2308 4858 2489 4926 Atque
2537 4855 2716 4924 hujus
2774 4855 2852 4910 rei
2911 4855 3143 4928 culpam
3196 4858 3254 4912 in
3313 4861 3700 4932 episcopalem

2060 4945 2336 4998 thronum
2369 4944 2746 5015 conferimus,
2782 4947 2980 5016 utpote
3013 4945 3111 5016 qui
3153 4950 3206 5002 te
3238 4954 3472 5016 repente
3523 4967 3703 5025 supra

2061 5051 2166 5088 nos
2189 5033 2501 5088 evexerit...
2536 5032 2651 5087 Hoc
2673 5033 2957 5100 omnium,
2984 5050 3111 5105 quae
3135 5036 3411 5107 patimur,
3449 5042 3702 5101 maxime

2060 5122 2372 5178 ridiculum
2406 5129 2513 5187 est,
2558 5121 2643 5176 vel
2695 5122 2889 5192 potius
2946 5123 3367 5193 miserandum,
3419 5128 3699 5192 nimirum

2061 5211 2211 5280 quod
2250 5210 2424 5264 iidem
2456 5214 2512 5264 et
2541 5209 2754 5279 injuria
2781 5209 3137 5274 afﬁciuntur,
3163 5217 3219 5266 et
3267 5228 3640 5279 accusantur.
3670 5245 3699 5275 »

2060 5298 2559 5371 Vituperationem
2593 5315 2708 5354 non
2741 5298 2943 5370 effugit
2974 5298 3245 5369 Basilius,
3273 5305 3428 5374 quod
3474 5308 3698 5366 ﬁdissi-

2062 5404 2226 5444 mum
2259 5388 2513 5444 amicum
2545 5404 2611 5444 ac
2641 5387 2858 5460 Optime
2889 5389 2961 5445 de
2991 5405 3052 5446 se
3082 5390 3352 5450 meritum
3387 5394 3446 5452 in
3479 5399 3703 5472 episco-

2134 5548 2210 5620 (a)
2242 5547 2337 5602 Or.
2372 5549 2459 5620 11,
2493 5566 2549 5605 n.
2581 5550 2633 5605 3.

2133 5620 2203 5691 (ε)
2236 5620 2337 5691 Ep.
2370 5619 2443 5675 al.
2477 5621 2564 5677 31.
