4096 6288
415 364 528 421 199

1740 356 1922 423 VITA
1970 364 2034 421 S.
2082 357 2453 423 GBEGORII

3695 365 3814 428 200

408 494 571 567 pales
601 512 793 559 curus,
826 497 1030 565 praeter
1060 492 1244 564 ipsius
1270 492 1652 565 voluntatem,
1674 495 2049 566 eonjecisset:
2082 496 2136 561 Α
2165 493 2308 550 CUI.
2338 494 2637 563 Gregorius
2668 495 2732 549 de
2758 494 3053 551 solitudine
3100 501 3380 552 revocatus
3422 515 3457 553 a
3496 502 3679 568 patre,
3712 501 3816 555 Ba-

408 583 647 655 etquod
708 582 903 638 minus
957 582 1328 638 excusatione
1368 582 1609 653 dignum
1664 591 1810 652 erat,
1861 582 2047 638 virum

409 672 621 744 pietate
650 676 706 726 et
738 669 1073 741 eloquentia
1101 670 1415 742 insignem,
1447 673 1543 742 qui
1576 671 1841 728 Ecclesiaa
1888 688 2050 743 egre-

407 760 564 832 giam
624 760 760 814 dare
817 775 1053 830 Operam
1112 765 1355 829 poterat,
1428 760 1487 815 in
1560 760 2049 816 obscurissimum

407 848 689 921 angulum
720 866 785 903 ac
817 848 1090 903 omnibus
1144 849 1270 902 vita:
1328 849 1652 903 commodis
1702 848 2049 903 destitutum

405 938 740 1011 relegasset.
776 935 1139 1009 Objiciebant
1169 936 1266 991 alii
1298 936 1454 992 aliud
1497 936 1823 1008 quidpiam,
1877 940 2050 1007 prout

402 1027 487 1083 vel
524 1026 784 1081 moribus
816 1026 1136 1098 comparati
1197 1032 1383 1094 erant,
1431 1026 1516 1081 vel
1561 1027 1818 1097 Gregorii
1871 1041 2049 1080 causa

404 1113 834 1169 irascebantur:
853 1136 879 1162 «ι
904 1112 1312 1184 benignissimi
1328 1117 1519 1167 autem
1541 1135 1567 1161 »
1582 1112 1841 1183 quidque
1859 1111 2048 1183 negle-

404 1208 561 1258 ctum
593 1206 651 1257 et
681 1206 1082 1274 contemptum
1111 1220 1143 1256 a
1162 1201 1375 1256 Basilio
1401 1202 1584 1257 fuisse
1605 1201 1967 1272 Gregorium,
1994 1204 2050 1256 et

403 1297 714 1364 postquam
746 1290 933 1363 ipsius
966 1307 1138 1362 Opera
1159 1308 1299 1345 usus
1321 1291 1529 1356 fuerat,
1554 1290 1731 1346 veluti
1758 1307 1855 1345 vas
1869 1289 2048 1361 quod-

402 1382 537 1436 dam
569 1380 825 1453 ignobile
857 1381 1200 1451 projectum.
1238 1378 1500 1434 Declarat
1533 1378 1847 1451 Gregorius
1876 1378 1951 1449 (a)
1984 1394 2047 1434 se

401 1486 566 1525 arma
586 1469 732 1525 ferre
753 1485 865 1525 non
892 1474 1203 1540 posse,et«
1232 1485 1333 1538 pro
1355 1466 1707 1524 lactentibus
1750 1473 1807 1523 et
1840 1468 2045 1523 avibus

403 1564 682 1630 tanquam
720 1575 820 1628 pro
854 1557 1161 1611 animabus
1192 1560 1246 1612 et
1286 1556 1610 1611 canonibus
1660 1555 1988 1627 digladiari.
2013 1575 2042 1605 ››

403 1647 586 1718 Rogat
619 1654 681 1701 ut
710 1646 833 1715 ipse
863 1662 995 1700 cum
1029 1644 1304 1699 Anthimo
1336 1644 1554 1699 bellum
1588 1649 1770 1715 gerat,
1816 1660 1882 1699 ac
1932 1642 2043 1697 sibi

401 1736 666 1791 omnium
699 1750 892 1789 rerum
929 1734 1049 1788 loco
1082 1734 1337 1804 quietem
1357 1732 1654 1788 concedat.
1682 1732 1927 1787 Demum
1949 1730 2042 1787 his

400 1824 613 1894 verbis,
648 1841 777 1895 quae
806 1824 933 1894 ejus
964 1822 1221 1877 dolorem
1260 1821 1509 1876 maxime
1532 1821 1811 1886 indicant,
1837 1821 2042 1891 episto-

400 1913 517 1968 lam
549 1912 799 1967 claudit:
833 1936 859 1961 ‹‹
894 1912 1173 1975 Quocirca
1223 1915 1285 1966 tu
1340 1910 1579 1981 quidem
1631 1909 1871 1964 viriliter
1915 1926 2040 1981 age,

399 2007 455 2058 et
486 2002 833 2069 contortare,
866 2000 1179 2072 omniaque
1210 2000 1279 2054 ad
1315 2005 1471 2053 tuam
1536 1998 1724 2070 ipsius
1770 1997 2038 2070 gloriam,

398 2091 895 2165 quemadmodum
929 2089 1083 2144 ﬂuvii
1118 2092 1425 2158 torrentes,
1461 2088 1655 2153 trahe;
1691 2104 1792 2143 nec
1845 2087 2044 2142 amici-

399 2184 563 2246 tiam,
600 2197 701 2236 nec
733 2181 860 2234 vitae
918 2179 1401 2233 consuetudinem
1461 2182 1516 2233 et
1577 2176 2037 2232 familiaritatem

398 2272 610 2325 virtute
633 2287 697 2324 ac
723 2268 931 2340 pietate
957 2267 1235 2341 potiorem
1274 2266 1517 2333 habens,
1555 2282 1658 2321 nec
1695 2282 1820 2336 qua:
1852 2283 1919 2321 ex
1950 2265 2042 2322 his

399 2361 573 2415 rebus
604 2358 907 2414 hominum
940 2357 1010 2413 de
1042 2360 1094 2411 te
1125 2355 1318 2428 opinio
1350 2356 1547 2409 futura
1578 2355 1673 2424 sit,
1716 2355 2039 2426 quidquam

399 2465 632 2513 curans,
667 2465 768 2502 seu
802 2446 901 2501 uni
933 2446 1214 2499 duntaxat
1244 2451 1299 2499 te
1329 2444 1574 2514 Spiritui
1594 2444 1890 2499 addiceus.
1924 2450 2041 2500 Nos

398 2555 529 2593 vero
560 2536 615 2591 id
649 2538 926 2590 duntaxat
960 2532 1105 2588 lucri
1134 2549 1199 2588 ex
1250 2532 1511 2587 amicitia
1558 2537 1661 2587 tua
1717 2532 2037 2603 capiemus,

398 2630 462 2682 ut
491 2624 695 2681 amicis
729 2623 966 2696 posthac
998 2621 1239 2676 minime
1272 2622 1545 2687 ﬁdamus,
1581 2636 1683 2676 nec
1718 2626 1827 2675 Deo
1869 2621 2040 2693 quid-

394 2732 573 2787 quam
605 2713 1006 2788 prazl'eramus.
1034 2732 1061 2761 ››
1094 2710 1261 2765 Haud
1293 2710 1563 2780 equidem
1592 2710 1941 2765 crediderim
1974 2727 2041 2766 ea

399 2803 718 2876 ingessisse
750 2799 1029 2855 Basilium
1046 2798 1510 2870 maledicta,quae
1525 2798 1818 2869 prioribus
1832 2800 2043 2871 episto-

396 2892 464 2948 las
476 2891 668 2948 verbis
690 2891 1099 2958 continentur;
1125 2888 1223 2943 sed
1244 2904 1312 2943 ea
1332 2904 1399 2944 ex
1415 2888 1542 2958 ejus
1561 2888 1734 2944 dictis
1760 2887 2037 2960 consequi

396 2981 709 3053 Gregorius
738 2996 857 3052 pra:
887 2977 1069 3034 nimio
1110 2976 1307 3033 dolore
1331 2976 1703 3033 existimavit.
1751 2977 2039 3049 Scriptam

395 3070 546 3128 hanc
561 3068 893 3143 epistolam,
915 3085 1029 3123 non
1061 3070 1291 3122 tantum
1314 3070 1447 3138 post
1477 3065 2036 3135 ordinationem,scd

395 3161 570 3217 etiam
604 3165 733 3232 post
765 3159 962 3230 fugam
994 3156 1129 3212 inde
1162 3159 1339 3228 patet,
1373 3155 1523 3227 quod
1548 3156 1859 3227 Gregorius
1880 3155 2033 3210 frau-

393 3250 527 3304 dem
560 3248 666 3304 sibi
703 3250 912 3303 factam
944 3263 1006 3302 se
1035 3246 1291 3301 sensisse
1321 3244 1496 3311 dicat,
1544 3251 1719 3317 atque
1768 3244 2033 3300 omnium
2067 3225 2109 3291 C

393 3353 589 3393 rerum
624 3337 746 3393 loco
777 3335 1032 3407 quietem
1063 3333 1173 3388 sibi
1206 3350 1239 3389 a
1269 3332 1481 3389 Basilio
1504 3334 1735 3389 concedi
1759 3333 2030 3405 postulet.

393 3427 526 3499 Ipsa
555 3425 729 3480 etiam
765 3422 1095 3490 maledicta,
1128 3422 1345 3494 quibus
1378 3440 1438 3477 se
1481 3422 1725 3494 petitum
1759 3441 1788 3477 a
1820 3422 2034 3478 Basilio

392 3513 676 3588 queritur,
706 3530 839 3569 eum
862 3513 988 3583 jam
1024 3511 1242 3583 fugisse
1265 3512 1532 3583 probant.
1558 3512 1785 3583 Scripta
1801 3528 2033 3584 quoque

389 3605 450 3659 in
483 3621 716 3659 secessu
750 3602 997 3673 epistola
1027 3602 1324 3657 tricesima
1356 3601 1614 3656 secunda
1645 3601 1740 3672 (b),
1804 3601 1858 3654 in
1918 3618 2034 3671 qua

390 3694 731 3765 indignatur
758 3691 1070 3763 Gregorius
1101 3707 1163 3745 se
1196 3690 1429 3746 inertiae
1450 3690 1712 3745 accusari
1744 3690 1882 3762 quia
1929 3695 2028 3746 Sa-

390 3785 540 3840 sima
572 3799 684 3837 non
719 3780 958 3854 accepit,
990 3780 1105 3836 otio
1137 3784 1193 3835 et
1222 3779 1417 3850 quiete
1449 3780 1617 3835 unice
1677 3796 1738 3834 se
1795 3779 2031 3851 gloriari

388 3872 717 3953 proﬁtetur.

463 3999 617 4053 Inter
644 3994 973 4067 haecjurgia
990 3995 1268 4065 scriptam
1282 3993 1598 4049 arbitratur
1619 3991 2031 4049 Tillemontius

382 4086 690 4160 epistolam
724 4084 984 4155 Gregorii
1014 4084 1086 4138 ad
1120 4081 1468 4140 Nicobulum
1500 4084 1611 4151 (c);
1657 4086 1756 4135 sed
1820 4083 2029 4135 imme-

383 4179 515 4232 rito.
538 4174 1099 4245 MittensGregorius
1113 4171 1394 4227 Nicobulo
1414 4170 1637 4225 litteras
1663 4170 1859 4223 Basilii
1893 4186 2028 4225 cum

385 4266 531 4324 suis.
565 4264 658 4317 his
686 4279 813 4332 quae
846 4261 1044 4316 Basilii
1073 4265 1240 4314 erant
1271 4260 1460 4329 priore
1491 4258 1614 4312 loco
1638 4259 1865 4327 positis,
1890 4276 2029 4314 suas

383 4354 710 4423 subjunxit,
745 4368 872 4405 sese
902 4350 1137 4421 quidem
1168 4364 1302 4402 cum
1354 4347 1567 4401 Basilio
1623 4347 1837 4417 ubique
1890 4364 2027 4402 con-

376 4442 551 4515 jungi
581 4440 798 4506 volens,
832 4439 932 4493 sed
966 4454 1097 4492 eum
1119 4436 1231 4490 sibi
1254 4440 1636 4506 anteponens.
1660 4436 1853 4489 Minus
1874 4436 2029 4491 vide-

382 4537 479 4584 tur
511 4529 864 4584 intellexisse
895 4525 1304 4581 Tillemontius
1332 4524 1410 4595 (ιι)
1442 4524 1564 4580 haac
1596 4526 1795 4579 verba:
1833 4545 1861 4574 (ι
1883 4530 2024 4579 Cum

2289 567 2413 621 sitio
2441 568 2695 637 instante,
2719 583 2902 621 coram
2921 576 3153 640 utroque
3175 568 3343 625 habet
3367 567 3697 628 orationem.

2231 691 2272 745 E
2296 690 2633 758 solitudine,
2654 690 2710 745 in
2754 707 2930 761 quam
2962 708 3022 746 se
3046 694 3625 763 postordinationem
3663 712 3818 752 rece-

2160 785 2325 849 perat
2344 778 2678 849 Gregorius,
2713 780 2827 833 cito
2859 786 3143 835 retractus
3175 782 3529 852 estjubente
3564 788 3730 855 patre
3759 789 3815 840 et

2158 865 2417 922 instante
2451 867 2690 933 Basilio;
2725 876 3085 939 quapropter
3110 871 3169 923 in
3213 872 3475 926 oratione
3505 873 3599 941 (e).
3637 888 3812 944 quam

2159 961 2291 1026 post
2321 956 2572 1011 reditum
2606 974 2801 1011 coram
2837 962 3079 1030 utroque
3103 959 3331 1024 habuit,
3348 976 3415 1014 eo
3441 962 3627 1015 utitur
3648 977 3811 1016 exor-

2157 1044 2289 1098 dio:
2312 1067 2339 1093 ‹‹
2373 1044 2529 1100 Nihil
2560 1051 2856 1100 senectute
2888 1046 3115 1102 fortius:
3150 1047 3295 1103 nihil
3322 1048 3583 1104 amicitia
3628 1066 3808 1105 vene-

2157 1134 2423 1189 rabilius.
2459 1135 2539 1188 Ab
2571 1135 2662 1189 his
2692 1151 2796 1206 ego
2828 1136 2901 1190 ad
2932 1152 3032 1191 vos
3062 1136 3274 1191 ductus
3306 1153 3463 1205 sum,
3495 1138 3729 1194 vinctus
3751 1139 3808 1193 in

2156 1222 2407 1291 Christo,
2444 1239 2557 1277 non
2581 1224 2785 1278 ferreis
2805 1224 3049 1291 catenis,
3068 1226 3167 1279 sed
3191 1225 3588 1282 tenacissimis
3626 1227 3810 1300 Spiri-

2156 1314 2252 1366 tus
2280 1310 2528 1366 vinculis
2575 1312 2950 1368 constrictus.
2977 1335 3005 1363 »
3034 1314 3313 1370 Alicunde
3342 1331 3405 1370 se
3471 1316 3668 1372 venire
3716 1316 3807 1373 his

2154 1399 2346 1454 verbis
2378 1399 2633 1455 declarat
2661 1400 3008 1471 Gregorius;
3036 1402 3279 1472 proinde
3311 1404 3431 1459 hinc
3462 1406 3648 1459 oratio
3686 1422 3801 1461 non

2154 1488 2351 1543 statim
2383 1496 2512 1559 post
2528 1489 2980 1555 ordinationem,
3001 1496 3065 1546 ut
3087 1491 3277 1547 visum
3293 1498 3383 1547 est
3403 1493 3800 1565 Tillemontio,

2154 1577 2373 1646 habita,
2406 1579 2507 1632 sed
2540 1583 2669 1648 post
2701 1579 2953 1633 reditum
2985 1596 3054 1635 ex
3086 1580 3239 1649 fuga.
3274 1581 3493 1637 Deinde
3526 1583 3688 1637 addit
3738 1600 3801 1640 se

2153 1671 2323 1721 antea
2352 1666 2483 1721 aliis
2513 1666 2710 1721 omnia
2741 1666 3067 1739 reliquisse,
3100 1674 3167 1724 ut
3194 1686 3394 1724 secum
3428 1670 3807 1742 philosopha-

2153 1761 2333 1819 retur,
2357 1762 2413 1810 et
2436 1756 2567 1810 Elite
2592 1757 2922 1811 Carmelum
2947 1773 3011 1811 ac
3032 1758 3280 1812 Joannis
3325 1760 3621 1814 desertum
3652 1762 3803 1832 cogi-

2074 1861 2119 1923 B
2153 1850 2343 1908 tasse;
2375 1846 2526 1915 quod
2561 1846 2609 1898 ei
2642 1845 2833 1899 dicere
2864 1862 2977 1899 non
3009 1844 3176 1901 licuit
3211 1864 3326 1917 quo
3358 1848 3448 1903 die
3497 1849 3803 1904 ordinatus

2152 1932 2263 1988 fuit
2293 1934 2655 1988 Sasimorum
2687 1934 3019 2005 episcopus.
3052 1936 3356 2005 siquidem
3391 1937 3541 1991 hanc
3565 1938 3801 1993 ordina-

2151 2023 2368 2077 tionem
2397 2039 2513 2075 nnn
2536 2022 2811 2086 solitudo,
2831 2024 2928 2077 sed
2957 2024 3261 2093 impensus
3285 2026 3621 2095 injuvando
3639 2034 3799 2097 patre

2152 2111 2457 2166 sacerdotii
2490 2111 2654 2165 labor
2684 2112 3036 2166 subsecutus
3066 2119 3174 2166 est.
3243 2114 3521 2169 Praeterea
3565 2116 3802 2171 disertis

2151 2200 2345 2254 verbis
2375 2199 2775 2264 solitudinem,
2808 2200 2867 2254 in
2898 2217 3073 2271 quam
3108 2218 3171 2256 se
3202 2208 3518 2272 receperat,
3554 2204 3797 2275 indicat,

2151 2305 2285 2345 cum
2308 2288 2476 2358 ait(/)
2498 2304 2579 2354 se,
2606 2311 2633 2337 ‹‹
2668 2304 2742 2342 ne
2763 2287 2854 2343 his
2885 2288 3122 2359 quidem
3155 2292 3245 2345 sui
3276 2292 3704 2348 amantissimis
3736 2310 3805 2349 ac

2153 2377 2432 2432 fratribus
2479 2393 2783 2433 sermones
2834 2376 3132 2448 impertire
3183 2380 3562 2447 sustinuisse,
3612 2388 3679 2436 ut
3728 2382 3804 2436 ab

2150 2465 2310 2521 omni
2362 2466 2591 2537 negotio
2652 2466 2894 2521 feriatus
2951 2482 3149 2521 secum
3214 2467 3799 2539 philosOpbaretur.»

2150 2554 2294 2617 Quid
2328 2554 2495 2625 plura
2516 2554 2543 2608 ?
2574 2555 2856 2609 Recantat
2885 2554 2964 2625 [g]
2995 2556 3282 2626 quidquid
3318 2562 3447 2627 post
3472 2557 3795 2613 ordinatio-

2150 2660 2282 2699 nem
2308 2660 2423 2713 prie
2446 2642 2642 2697 dolore
2666 2642 2722 2696 in
2744 2643 3024 2697 Basilium
3048 2644 3314 2715 asperius
3334 2646 3587 2713 dixerat;
3615 2669 3641 2696 ‹‹
3664 2634 3796 2703 {lam

2150 2732 2303 2787 enim
2338 2732 2482 2786 iram
2518 2731 2748 2801 abjicio,
2780 2731 3015 2786 audiant
3044 2735 3323 2787 mansueti
3350 2737 3403 2787 et
3433 2735 3693 2790 lmientur
3711 2738 3796 2804 5‘;

2152 2836 2511 2891 manumque
2543 2819 2713 2889 hanc,
2748 2836 2875 2891 quae
2934 2820 3078 2874 mihi
3130 2821 3246 2876 vim
3298 2822 3512 2890 attulit,
3563 2823 3797 2894 placido

2146 2909 2312 2965 vultu
2345 2908 2660 2979 conspicio,
2687 2925 2752 2962 ac
2784 2907 3023 2978 Spiritui
3052 2910 3302 2976 arrideo,
3337 2910 3601 2982 mihique
3641 2928 3801 2968 com-

2148 3004 2372 3054 motum
2408 3003 2609 3069 pectus
2639 2998 2897 3061 sedatur,
2930 2998 3194 3067 reditque
3224 3001 3369 3053 ratio
3397 3018 3409 3064 ;
3446 3006 3618 3071 atque
3649 3002 3799 3056 ami-

2146 3089 2304 3155 citia,
2335 3088 2521 3141 instar
2552 3086 2800 3140 ﬂammas
2832 3087 3143 3157 consopitus
3175 3091 3565 3153 etexstinctas,
3587 3106 3798 3147 rursus

2147 3194 2216 3233 ex
2246 3193 2420 3247 parvo
2450 3176 2707 3247 igniculo
2739 3175 3028 3229 reviviscit
3066 3183 3122 3230 et
3156 3178 3460 3235 excitatur.
3505 3179 3801 3235 Benuerat

2147 3265 2434 3321 consolari
2462 3264 2660 3319 anima
2692 3280 2835 3330 mea,
2889 3268 2944 3318 et
2991 3264 3278 3319 anxietate
3327 3267 3693 3322 afficiebatur
3733 3269 3794 3324 in

2148 3372 2239 3410 me
2268 3355 2513 3425 spiritus
2544 3369 2713 3408 meus
2749 3353 2812 3406 ⁸⁸.
2846 3352 2994 3416 Dixi,
3026 3369 3332 3423 nunquam
3382 3354 3441 3409 in
3492 3362 3795 3426 posterum

2145 3445 2413 3500 amicitiis
2447 3444 2621 3497 fidem
2648 3441 2893 3496 habebo.
2916 3459 2942 3490 ι
2975 3440 3147 3495 Nulla
3175 3457 3317 3496 sane
3379 3446 3513 3497 ante
3560 3444 3796 3500 ordina-

2142 3534 2359 3587 tionem
2390 3530 2571 3602 jurgii
2606 3546 2784 3585 causa
2815 3530 3095 3585 Basilium
3128 3530 3284 3586 inter
3340 3535 3397 3587 et
3440 3534 3788 3605 Gregorium

2144 3622 2397 3688 exstitit;
2431 3620 2555 3675 sola
2593 3620 2881 3674 ordinatio
2941 3618 3094 3673 rixas
3144 3620 3354 3675 movit:
3417 3620 3537 3676 haec
3586 3623 3784 3691 verba,

2142 3729 2269 3783 qua:
2301 3712 2517 3765 fatetur
2546 3725 2607 3763 se
2637 3708 2857 3763 dixisse
2912 3708 3249 3778 Gregorius,
3295 3732 3323 3759 «
3368 3726 3673 3781 nunquam
3724 3712 3783 3766 in

2141 3806 2437 3873 posterum
2470 3798 2738 3853 amicitiis
2764 3796 2940 3851 fidem
2960 3796 3205 3864 habebo,
3224 3820 3251 3847 »
3278 3797 3553 3868 leguntur
3569 3800 3639 3854 ad
3663 3799 3784 3855 cal-

2140 3907 2263 3945 cem
2282 3888 2538 3959 epistolae
2558 3887 2859 3941 tricesiuiea
2884 3886 3104 3956 primas,
3125 3903 3300 3958 quam
3327 3893 3458 3958 post
3486 3890 3783 3959 abjectum

2141 3982 2402 4049 regendae
2434 3977 2797 4030 Sasimorum
2843 3974 3105 4029 Ecclesiae
3165 3976 3474 4031 consilium
3522 3978 3783 4049 scripsit.

2140 4069 2272 4132 Quae
2285 4065 2521 4136 quidem
2550 4063 2769 4129 omnia,
2791 4064 3115 4118 orationem
3140 4082 3295 4120 nunc
3311 4065 3599 4121 decimam
3620 4067 3787 4122 babi-

2138 4163 2258 4212 tam
2280 4173 2391 4211 non
2421 4156 2600 4210 fuisse
2634 4160 2764 4226 post
2794 4153 3244 4223 ordinationem,
3278 4157 3379 4211 sed
3411 4164 3723 4228 postquam
3757 4175 3789 4213 e

2139 4246 2277 4317 fuga
2305 4244 2476 4301 rediit
2504 4243 2839 4315 Gregorius,
2874 4244 3183 4299 manifeste
3214 4244 3635 4301 demonstrant.

2141 4370 2280 4425 CIV.
2316 4368 2607 4438 Gregorius
2651 4369 2711 4422 in
2744 4368 3006 4441 oratione
3050 4383 3153 4423 sua
3194 4374 3466 4441 mutatum
3514 4386 3570 4425 se
3611 4373 3787 4441 proﬂ-

2206 4446 2367 4497 tetur.
2406 4441 2702 4494 Ant/timus
2728 4440 2785 4493 in
2815 4454 2940 4493 suas
2966 4444 3149 4511 partes
3189 4439 3510 4509 Gregorium
3560 4439 3786 4513 pertra-

2207 4513 2333 4568 here
2359 4514 2580 4582 frustra
2602 4520 2854 4565 conatur.

382 4618 663 4673 Basilium
692 4617 967 4686 Magnum
995 4615 1391 4684 mihisemper
1414 4612 2032 4685 prmtulerimﬁametsi
2064 4589 2109 4654 D
2212 4621 2271 4674 In
2305 4634 2373 4673 ea
2401 4617 2662 4673 oratione
2695 4618 2982 4672 sinceram
3046 4618 3429 4673 mutationem
3480 4620 3794 4691 proﬁtetur

382 4707 465 4760 illi
499 4706 854 4761 contrarium
887 4704 1187 4758 videatur:
1223 4706 1344 4756 tum
1391 4718 1546 4756 nunc
1597 4718 1827 4773 quoque
1880 4719 2028 4773 pras-

383 4796 525 4866 fero,
553 4802 729 4859 netc.,
755 4794 809 4847 id
836 4793 1162 4862 est,inquit
1208 4790 1427 4857 Billius,
1473 4792 1759 4845 «tametsi
1796 4792 1891 4845 ille
1938 4808 2029 4845 me

382 4885 495 4939 sibi
524 4883 830 4938 anteferat.
868 4903 893 4928 ››
917 4881 1039 4934 Non
1063 4881 1214 4933 enim
1242 4881 1361 4933 haec
1385 4880 1556 4934 verba
1590 4880 1666 4933 ita
1694 4880 2030 4948 accipienda

382 4978 541 5035 sunt,
576 4989 743 5042 quasr
773 4968 1051 5024 Basilium
1082 4968 1374 5023 existimet
1399 4968 1715 5039 Gregorius
1752 4968 1883 5039 plus
1916 4968 2028 5023 sibi

382 5062 637 5118 tribuere
669 5075 843 5131 quam
880 5058 1015 5130 ipsi.

450 5256 495 5291 ⁸⁸
527 5254 676 5311 Psal.
708 5268 907 5323 χχχιιι,
941 5254 995 5311 3.
1072 5254 1117 5289 ⁸⁸
1147 5252 1300 5310 Psal.
1337 5271 1522 5321 Lxxw,
1554 5255 1609 5311 3.

477 5523 529 5594 b)
560 5521 659 5594 Ep.
694 5521 769 5594 al.
803 5524 889 5577 32.

477 5524 506 5577 b
560 5523 659 5594 Ep.
694 5523 769 5577 sl.
803 5524 858 5576 3‘2

475 5610 503 5650 ε
557 5594 656 5667 Ep.
692 5593 769 5649 al.
803 5594 858 5648 2.

475 5523 529 5743 (ἐξ
557 5666 619 5723 In
652 5665 797 5735 Bas.,
828 5681 858 5741 p

474 5453 528 5519 a)
564 5450 745 5523 Epist.
780 5451 856 5507 al.
889 5450 978 5507 31.

477 5524 506 5577 b
560 5523 659 5594 Ep.
694 5521 769 5577 sl.
803 5524 889 5577 32.

449 5453 529 5668 ge;
557 5593 769 5668 Ep._al.
803 5594 858 5648 2.
935 5666 970 5668 __

557 5665 619 5723 In
652 5665 797 5735 Bas.,
828 5681 887 5741 p.
924 5666 1045 5723 179.

450 5666 507 5742 (ά

2138 4708 2473 4779 Gregorius,
2508 4711 2751 4776 rataque
2779 4706 2979 4761 omnia
3010 4705 3209 4772 habet,
3241 4724 3307 4762 ac
3337 4708 3576 4763 tandem
3598 4709 3793 4764 Eccle-

2138 4799 2235 4853 sia:
2250 4796 2359 4852 sibi
2376 4794 2702 4850 commissae
2719 4796 3113 4866 gubernacula
3130 4813 3433 4869 capescere
3448 4798 3502 4851 in
3520 4799 3792 4853 animum

2138 4886 2701 4940 videturinduxisse.
2733 4886 2926 4954 Itaque
2948 4885 3175 4939 Sasima
3198 4887 3279 4941 ire
3324 4887 3650 4952 constituit,
3684 4889 3794 4942 sed

2139 4976 2481 5047 priusquam
2516 4973 2587 5027 ad
2622 4974 2729 5027 iter
2754 4990 2813 5027 se
2837 4973 3181 5045 accingeret,
3212 4976 3431 5045 Doaris,
3468 4994 3593 5047 quae
3626 4994 3792 5032 novae

2137 5064 2509 5139 Cappadocia
2541 5062 2744 5118 civitas
2775 5068 2917 5130 erat,
2951 5062 3245 5120 Eulalium
3277 5066 3623 5138 episcopum
3668 5083 3798 5124 una

2233 5459 2281 5528 ε)
2304 5455 2399 5511 Or.
2430 5456 2511 5525 lO,
2547 5475 2604 5513 n.
2640 5456 2688 5511 1.

2230 5534 2276 5599 ί)
2310 5528 2455 5583 Ibid.

2231 5603 2287 5671 ρ)
2322 5599 2494 5672 lbid.,
2526 5616 2584 5657 n.
2616 5600 2672 5656 2.
