4096 6288
1570 387 1753 455 YH'A
1796 387 1866 455 8.
1908 386 2311 461 IREGWI-

218 537 356 580 cum
398 518 677 591 (Iugario
728 521 899 590 patre
946 516 1195 589 aliisque
1246 515 1545 578 nonnullis
1590 518 1884 598 episcopip
1914 519 1964 595 Δ
1994 521 2162 591 gent.
2197 538 2227 585 μ
2256 514 2473 593 neipde
2520 514 2771 587 breviter
2814 514 3053 588 exponit
3093 513 3236 586 quid
3284 515 3414 592 ejus
3462 532 3646 585 Vcausa

216 611 799 679 ordinavit,tumque
824 608 1144 664 orationem
1170 606 1377 664 habuit
1395 624 1518 677 qua:
1538 623 1693 664 nunc
1715 608 1885 669 tertia

214 700 444 756 decima
474 702 581 754 est.
632 696 766 753 Haec
804 712 935 752 vero
966 711 1098 751 cum
1133 696 1345 753 tierent
1372 697 1609 755 absente
1641 712 1706 753 ac
1737 696 1883 755 torte

216 789 393 845 etiam
427 788 742 860 ignorante
776 784 1015 855 Basilio,
1043 786 1142 856 qui
1172 801 1235 841 se
1279 801 1379 856 pro
1430 784 1799 856 metropolita
1827 788 1885 847 et

216 878 403 950 capite
442 875 758 947 utriusque
790 874 1171 946 Cappadociae
1219 874 1500 935 adversus
1532 873 1881 939 Anthimum

221 967 481 1040 gerebat,
516 965 768 1023 necdum
824 964 989 1019 finita
1028 967 1184 1021 esset
1229 962 1645 1031 controversia,
1680 978 1881 1027 Veron,-

220 1058 355 1113 dum
390 1058 518 1113 erat
547 1070 621 1111 ne
651 1052 1085 1111 ordinationem
1112 1053 1287 1111 istam
1314 1050 1472 1109 velut
1496 1050 1551 1107 in
1584 1055 1881 1111 contume.

221 1145 358 1203 liam
395 1144 483 1201 sui
518 1143 733 1201 factam
768 1141 929 1197 haud
961 1157 1126 1212 aequo
1159 1139 1257 1201 ille
1289 1141 1486 1198 animo
1532 1140 1879 1212 interpreta-

218 1240 393 1290 retur.
428 1231 697 1289 Occurrit
748 1230 930 1288 amici
966 1228 1223 1301 querelis
1270 1229 1587 1301 Gregorius
1629 1228 1720 1287 bis
1753 1246 1882 1289 ser-

219 1324 302 1381 bis
332 1324 415 1393 (al
449 1340 465 1378 :
506 1341 533 1371 α
590 1338 606 1377 ς
650 1320 777 1377 Non
813 1318 1081 1377 venimus
1112 1318 1171 1375 in
1203 1318 1401 1390 magni
1432 1317 1594 1375 illius
1624 1317 1880 1389 pastoris

221 1415 627 1482 contemptum
658 1414 716 1465 et
745 1408 1158 1479 ignominiam,
1183 1406 1283 1478 qui
1313 1407 1633 1479 splendida
1663 1406 1880 1467 civitati

223 1496 943 1573 prasidetﬁonorabilem
969 1496 1398 1569 scimus,caput
1431 1496 1877 1569 agnoscimus...

220 1590 567 1647 Sacerdotes
624 1594 684 1645 et
741 1586 1024 1659 praesules
1075 1602 1290 1658 augere
1349 1586 1711 1655 studuimus,
1764 1602 1878 1645 non

225 1679 571 1735 subtraham
612 1695 626 1745 ;
675 1676 982 1733 hereticos
1048 1682 1292 1744 vertere,
1346 1692 1455 1731 non
1523 1674 1880 1735 orthodoxos

223 1769 599 1825 imminuere.
620 1789 650 1817 η
681 1768 826 1824 Cum
859 1764 1173 1839 Gregorius
1208 1764 1439 1822 Sasima
1468 1770 1570 1822 aut
1601 1765 1879 1834 venisset,

218 1865 314 1914 aut
344 1857 546 1914 venire
578 1862 829 1929 pararet,
881 1873 991 1912 sua
1038 1857 1167 1925 ejus
1208 1854 1519 1911 consilium
1574 1853 1882 1925 diligentia

221 1948 608 2020 praripucrat
632 1946 969 2012 Anthimus,
992 1951 1050 2000 et
1079 1945 1443 2002 Sasimorum
1478 1943 1719 2016 paludes
1739 1949 1876 2001 ante

220 2042 626 2109 occupaverat.
657 2036 989 2100 Quinetiam
1043 2034 1373 2107 prohibenti
1406 2038 1463 2089 et
1492 2034 1875 2091 comminanti

220 2128 529 2200 Gregorio,
575 2124 853 2191 conviciis
903 2125 1247 2197 probrisque
1296 2125 1568 2180 refertam
1643 2122 1880 2194 scripsit

219 2218 551 2289 epistolam,
599 2214 778 2271 veluti
830 2214 1196 2285 triumphum
1245 2213 1303 2269 in
1355 2212 1573 2269 victum
1637 2228 1875 2281 canens.

222 2330 248 2356 ιι
280 2304 670 2363 Fortissimus
720 2303 1037 2360 Anthimus
1068 2303 1138 2359 ad
1198 2319 1325 2372 nos,
1376 2324 1406 2355 ιι
1434 2302 1629 2374 inquit
1664 2308 1877 2373 Grego-

223 2397 343 2451 rius
375 2396 476 2467 (b),
498 2418 531 2446 α
568 2410 702 2449 cum
733 2392 1029 2466 episcOpis
1061 2392 1415 2464 quibusdam
1442 2392 1639 2459 venit;
1669 2392 1790 2448 sive
1819 2396 1881 2446 ut

224 2490 445 2557 patrem
495 2500 698 2540 meum
755 2481 1033 2539 inviseret
1078 2482 1238 2553 (nam
1293 2481 1349 2536 id
1414 2497 1653 2553 quoque
1687 2498 1799 2551 prae
1818 2497 1883 2543 se

226 2575 492 2642 ferebat),
524 2573 649 2628 sive
683 2576 747 2627 ut
800 2588 927 2643 quae
976 2571 1095 2643 egit
1135 2575 1352 2643 ageret.
1385 2574 1642 2642 Cumque
1684 2568 1885 2625 multis

230 2665 360 2720 mod
369 2664 422 2718 is
442 2662 711 2717 animum
736 2668 1003 2721 nostrum
1031 2659 1613 2731 tentasset,paraacias
1633 2676 1758 2715 com
1770 2675 1886 2715 me-

232 2769 495 2819 morans,
530 2756 588 2806 et
617 2750 985 2806 Sasimenses
1017 2749 1342 2821 paludes,et
1361 2753 1620 2804 nostram
1645 2748 1881 2804 ordina-

232 2844 475 2905 tionem,
512 2858 672 2897 nunc
709 2839 925 2895 blande
972 2838 1301 2911 alloquens,
1356 2856 1511 2895 nunc
1560 2839 1885 2911 postulans,

239 2950 391 2988 nunc
442 2931 639 2987 minas
701 2930 1020 2997 intentans,
1068 2946 1223 2985 nunc
1284 2928 1682 3000 expostulans,
1732 2944 1888 2984 nunc

244 3022 513 3087 laudans,
550 3037 708 3076 nunc
737 3019 1099 3090 vituperans,
1124 3018 1299 3073 variis
1330 3018 1581 3089 denique
1607 3018 1889 3074 orationis

232 3110 492 3175 circulis,
516 3109 784 3181 strophis
806 3117 983 3181 atque
1006 3108 1356 3180 ambagibus
1394 3112 1587 3167 utens.
1606 3112 1889 3179 tanquam

229 3200 348 3272 ipse
403 3200 572 3255 solus
620 3199 792 3254 nobis
845 3199 922 3253 ob
982 3196 1181 3253 oculos
1254 3198 1667 3268 proponendus
1716 3201 1890 3261 esset,

227 3271 492 3361 novaque
523 3287 1100 3359 metropolis.utpote
1131 3288 1320 3355 major
1348 3303 1415 3343 ac
1448 3286 1834 3358 praestantior.
1862 3309 1882 3335 ι
1920 3271 1963 3347 C

225 3377 349 3433 Haec
382 3376 732 3444 Anthimus,
764 3374 1038 3446 qui,cum
1071 3374 1231 3429 nulla
1259 3374 1320 3429 in
1352 3390 1411 3429 re
1443 3377 1643 3430 cedere
1673 3375 1885 3444 Grego-

224 3468 373 3523 rium
408 3465 841 3537 conspexisset,
877 3465 1054 3520 rebus
1084 3463 1316 3519 int‘ectis
1361 3463 1548 3519 iratus
1578 3463 1887 3525 abscessit,

218 3558 597 3612 Basilicarum
610 3557 665 3609 ei
692 3554 873 3609 veluti
896 3553 1326 3627 Philippismum
1348 3553 1662 3625 quemdam
1682 3570 1888 3623 expro-

230 3646 429 3704 brans.
481 3644 613 3700 Non
656 3642 841 3698 multo
888 3650 1041 3714 post,
1086 3641 1429 3713 Gregorium
1480 3643 1549 3696 ad
1599 3642 1886 3714 synodum

233 3735 459 3792 vocavit
521 3732 883 3799 Anthimus;
943 3732 1097 3804 quod
1146 3748 1280 3787 cum
1324 3731 1602 3805 Gregorio
1661 3748 1889 3803 permo-

236 3822 451 3879 lestum
484 3827 667 3886 esset,
691 3827 869 3893 atque
896 3819 1175 3890 injuriam
1211 3820 1334 3876 ﬁeri
1365 3821 1667 3887 clamaret,
1690 3820 1891 3875 Anthi-

236 3929 363 3971 mus
395 3928 545 3967 eum
582 3908 823 3983 rogavit,
876 3914 941 3965 ut
987 3908 1194 3966 saltem
1248 3910 1379 3981 ejus
1426 3926 1602 3981 opera
1646 3909 1894 3965 Basilius

240 4003 301 4056 sd
334 4000 801 4058 deliberandum
836 4014 904 4054 ea
932 3997 1004 4053 de
1036 4015 1095 4054 re
1123 4014 1324 4054 secum
1370 3998 1771 4054 adduceretur.
1833 3998 1893 4053 Id

236 4090 529 4161 pollicitus
580 4094 671 4143 est
719 4088 1054 4160 Gregorius,
1107 4091 1166 4142 et
1211 4087 1447 4158 scripsit
1478 4087 1713 4155 Basilio,
1772 4102 1894 4143 rem

236 4183 409 4234 totam
446 4178 585 4249 ejus
608 4176 833 4244 judicio
880 4176 1241 4246 permittens.
1273 4180 1369 4232 Hie
1398 4176 1658 4249 Gregorii
1691 4176 1898 4231 litteras

241 4268 301 4322 sd
336 4283 452 4323 nos
483 4281 607 4321 non
634 4269 1041 4336 pervenerunt.

245 4428 342 4493 εν.
372 4432 566 4497 Nova:
597 4427 799 4499 Basilii
827 4426 1255 4559 quere‘lasuatlii:
1294 4427 1622 4499 Gregorium
1662 4426 1902 4500 quergli:

948 4516 980 4555 r
1008 4516 1078 4559 pe
1126 4517 1143 4554 ι
1176 4540 1187 4554 .

948 4516 1187 4569 repetiit.

1993 606 2259 679 gesserit,
2292 620 2645 676 equumque
2676 620 2789 659 non
2834 619 2964 660 esse
2993 604 3373 674 demonstrat,
3408 610 3473 671 ut
3504 623 3641 662 cum

1993 695 2187 750 Basilii
2216 711 2395 749 causa
2412 693 2469 747 in
2493 693 2871 748 offensionem
2889 691 3169 747 Anthimo
3184 694 3645 760 venerit,Basilio

1992 782 2303 855 displiceat
2328 781 2506 843 .veluti
2538 783 2594 837 in
2626 781 2973 851 Anthimum
2998 782 3360 854 propensior.
3387 784 3646 857 Denique

1993 870 2079 941 sic
2107 870 2416 944 epistolam
2446 870 2667 929 claudit
2698 888 2711 926 :
2749 893 2777 929 ᾳ
2811 871 2971 938 Quod
3002 870 3055 928 si
3086 871 3500 943 ostentationis
3527 872 3646 945 glo—

1992 959 2211 1033 riaque
2240 961 2423 1031 nimio
2452 960 2649 1027 studio
2677 960 2917 1031 teneris,
2945 964 3123 1032 atque
3143 977 3174 1017 e
3197 960 3322 1029 loco
3347 962 3645 1034 superiore

1991 1066 2098 1117 nos
2128 1049 2461 1121 alloqueris,
2485 1049 2641 1113 velut
2662 1049 3155 1122 metropolitanus
3178 1067 3364 1123 parvas
3394 1050 3645 1123 civitatis

1992 1138 2236 1210 incolas,
2268 1138 2354 1203 vel
2414 1138 2591 1209 etiam
2623 1137 2866 1208 nullius,
2900 1139 3071 1195 nobis
3124 1155 3358 1211 quoque
3386 1141 3647 1212 superci-

1992 1227 2136 1295 lium
2170 1234 2281 1298 est,
2313 1229 2469 1300 quod
2503 1244 2892 1301 opponamus.
2924 1227 3043 1293 Hoc
3076 1227 3232 1297 enim
3262 1229 3539 1299 omnibus
3570 1232 3649 1299 fa,-

1992 1317 2278 1387 pillimum
2310 1322 2421 1389 est,
2454 1333 2521 1387 ac
2553 1320 2801 1381 fortasse
2826 1316 3076 1387 aequius.
3106 1340 3137 1385 ξ)

2061 1451 2199 1519 CVI.
2242 1451 2481 1523 Abjectis
2511 1451 2745 1507 Sasimis
2776 1450 3069 1521 Gregorius
3096 1454 3291 1524 repetit
3327 1453 3575 1509 sotitudi-

2739 1539 2886 1578 nem.

2063 1622 2348 1680 Caeterum
2381 1622 2747 1695 propositum
2778 1622 2852 1678 ab
2895 1623 3174 1680 Anthimo
3219 1624 3647 1695 conditionem,

1990 1716 2057 1766 ut
2088 1712 2160 1766 de
2194 1712 2498 1766 restuenda
2544 1727 2687 1783 pace
2732 1712 3065 1767 communis
3114 1712 3364 1769 iniretur
3416 1714 3639 1771 delibe-

1993 1799 2160 1871 ratio,
2187 1816 2300 1855 non
2326 1799 2653 1871 repudiavit
2675 1799 2952 1865 Basilius,
2976 1801 3095 1857 imo
3117 1801 3371 1858 libenter
3398 1804 3645 1877 accepit.

1911 1896 1959 1977 Β
1990 1888 2214 1946 Interea
2234 1890 2710 1961 Gregorius,cum
2739 1889 2969 1946 nullum
2990 1890 3100 1946 sibi
3124 1893 3196 1947 ad
3222 1895 3644 1964 capessendam

1994 1982 2216 2055 sedem,
2249 1996 2427 2052 quam
2458 1986 2843 2052 occupaverat
2872 1986 3048 2053 atque
3078 1982 3322 2038 armatis
3354 1982 3643 2040 militibus

1988 2070 2261 2125 tuebatur
2308 2070 2644 2137 Anthimus,
2678 2086 2983 2125 accessum
3040 2075 3239 2142 patere
3269 2078 3548 2144 cerneret,
3581 2090 3648 2129 ac

1990 2157 2170 2214 nollet
2212 2158 2463 2213 obscura
2512 2174 2616 2230 spe
2670 2162 2729 2213 et
2778 2174 2930 2213 caeca
2978 2160 3410 2231 exspeclatione
3457 2162 3647 2242 exitus

1990 2246 2423 2303 deliberationis
2455 2247 2525 2302 de
2559 2262 2697 2318 pace
2729 2248 3135 2319 componenda
3164 2250 3438 2320 pendere,
3472 2267 3642 2305 ama-

1991 2340 2111 2392 tam
2139 2337 2357 2407 diuque
2384 2340 2643 2408 optatam
2671 2334 3048 2391 solitudinem
3081 2339 3310 2409 repetit,
3330 2340 3641 2410 Gregorius

1992 2427 2297 2499 presbyter
2321 2425 2379 2480 in
2412 2425 2599 2497 ipsius
2625 2429 2757 2481 Vita
2787 2426 2992 2481 scribit
3021 2442 3155 2481 eum
3188 2428 3256 2482 ad
3290 2434 3642 2499 aegrotorum

1995 2513 2359 2569 domicilium
2420 2514 2774 2586 confugisse,
2824 2512 2900 2575 εἷς
2949 2516 3363 2591 φροντιστήριον
3411 2516 3644 2578 ἀσθενῶν

1994 2600 2339 2681 καταφεύγει.
2372 2603 2523 2658 Tum
2559 2604 2720 2658 addit
2753 2621 2766 2659 :
2800 2627 2827 2653 ‹‹
2864 2603 3080 2659 Ferunt
3122 2611 3316 2661 autem
3348 2622 3508 2672 eum,
3541 2622 3647 2661 nec

1999 2694 2375 2761 oblationem,
2402 2709 2508 2748 nec
2537 2693 2990 2757 ordinationem,
3018 2709 3122 2748 nec
3143 2694 3461 2765 quidquam
3488 2693 3647 2748 aliud

2001 2800 2201 2839 eorum
2236 2800 2361 2854 qua
2404 2783 2557 2853 apud
2609 2782 2911 2853 episcopos
2957 2781 3017 2837 in
3064 2799 3225 2838 more
3274 2789 3331 2838 et
3379 2784 3649 2839 instituto

2004 2873 2195 2944 posita
2218 2871 2633 2936 sunt,Sasimis
2667 2871 2996 2943 peregisse;
3028 2886 3230 2927 verum
3262 2872 3439 2927 simul
3473 2878 3651 2945 atque

2001 2961 2312 3033 episcopus
2362 2960 2666 3015 ordinatus
2724 2961 2866 3028 fuit,
2929 2961 3125 3033 fugam
3188 2961 3383 3016 animo
3440 2978 3649 3017 conce-

2002 3052 2180 3123 pisse.
2217 3072 2243 3100 ››

2074 3139 2166 3195 Sic
2197 3145 2315 3193 tam
2340 3154 2512 3211 grave
2533 3154 2683 3193 onus
2712 3137 2972 3193 excussit
3000 3137 3336 3208 Gregorius,
3359 3138 3443 3195 sic
3462 3137 3651 3196 invisa

2004 3229 2217 3299 abjecit
2247 3228 2495 3293 Sasima,
2530 3244 2656 3299 qua
2684 3232 2773 3282 tot
2800 3227 2852 3295 ei
2885 3227 3205 3299 molestias,
3224 3235 3281 3283 et
3310 3246 3460 3301 quas
3488 3229 3651 3285 nulla

2004 3333 2265 3389 unquam
2300 3315 2443 3386 dies,
2475 3317 2667 3388 quoad
2698 3316 2859 3381 vixit,
2893 3316 3200 3373 exhaurire
3229 3323 3436 3390 potuit,
3471 3335 3649 3393 pepe—

1997 3412 2199 3460 rerunt
2232 3422 2245 3459 :
2277 3406 2527 3473 Sasima,
2576 3405 2843 3477 inquam,
2876 3422 2944 3461 ex
2994 3407 3208 3488 quibus
3254 3407 3551 3482 Gregorio,
3585 3413 3652 3463 ut

2004 3495 2193 3565 ipsius
2224 3494 2415 3549 verbis
2447 3500 2574 3549 utar
2618 3494 2715 3565 (d),
2766 3516 2792 3547 ιι
2813 3495 3007 3550 omnis
3029 3496 3157 3551 vitae
3180 3497 3577 3553 inconstantia
3597 3502 3653 3553 et

2001 3583 2360 3657 perturbatio
2394 3583 2664 3639 manavit.
2687 3605 2715 3632 »
2746 3583 2887 3648 Quis
2917 3590 2974 3639 et
3000 3584 3193 3657 qualis
3218 3585 3315 3641 ille
3346 3586 3425 3642 sit
3453 3586 3651 3655 locus,

1999 3672 2254 3743 Gregorii
2299 3671 2755 3736 calamitatibus,
2790 3690 3041 3744 quarum
3078 3676 3206 3729 fons
3237 3681 3293 3729 et
3322 3675 3484 3745 origo
3522 3675 3651 3745 fuit,

2002 3767 2179 3834 atque
2208 3760 2384 3817 etiam
2416 3761 2781 3818 carminibus
2806 3768 2924 3817 tam
2960 3765 3240 3828 l'omosus,
3261 3780 3328 3819 ex
3362 3764 3492 3835 ipso
3508 3762 3655 3819 Gre-

2002 3867 2169 3925 gorio
2201 3848 2509 3906 discimus.

2389 3965 2553 4021 CVII.
2584 3968 2931 4021 Sasimorum
2960 3964 3267 4037 descriptio.

2006 4074 2178 4130 Statio
2203 4073 2455 4145 quaedam
2481 4078 2559 4145 est
2588 4073 2647 4127 in
2678 4072 2857 4127 medio
2886 4073 3222 4145 peruutgatae
3249 4075 3376 4141 vix,

2008 4149 2069 4219 ζη
2099 4143 2252 4200 terra
2285 4143 2679 4219 Cappadocum,
2711 4160 2830 4219 quae
2859 4144 3134 4219 scinditur
3159 4146 3445 4219 triplicem
3477 4147 3653 4203 viam.

2006 4218 2138 4272 Sine
2167 4233 2332 4287 aqua,
2358 4214 2481 4271 sine
2509 4214 2889 4277 virore,’nihit
2919 4214 3120 4270 habens
3151 4214 3401 4287 liberate,

2010 4289 2287 4345 Horridus
2316 4287 2474 4342 valde
2498 4292 2548 4342 et
2577 4291 2842 4355 angustus
2874 4304 3065 4358 pagus.

2012 4361 2211 4427 Omnia
2240 4361 2331 4418 hic
2358 4361 2554 4427 pulvis.
2584 4362 2636 4418 et
2672 4360 2951 4428 strepitus,
2981 4366 3035 4412 et
3062 4375 3276 4429 currus,

2011 4436 2291 4497 Lamenta,
2326 4430 2591 4499 ejulatus,
2624 4435 2922 4495 exactores,
2952 4434 3253 4506 tormenta,
3283 4434 3599 4506 compedes;

2011 4506 2251 4573 Papulas
2282 4519 2439 4563 vero.
2459 4504 2710 4573 quotqubt
2738 4503 3026 4573 peregrini
3052 4507 3104 4558 et
3135 4500 3379 4561 errones.
3400 4500 3414 4506 ’
3538 4500 3543 4509 ’

2012 4577 2137 4631 Ηειηο
2160 4584 2277 4631 erat
2307 4574 2645 4629 Savimorum
2672 4589 2917 4629 meorum
2946 4575 3302 4632 Ecclesia.....

315 4624 613 4719 Quamvis
632 4622 836 4719 Basilii
858 4640 1099 4719 causam
1123 4628 1360 4695 strenue
1378 4624 1547 4719 satis,
1568 4627 1636 4719 ut
1654 4623 1902 4719 ivi—detur,
1936 4647 1984 4718 Β
3342 4650 3452 4718 fuit
3471 4653 3497 4703 γ

257 4714 622 4769 defendisset
638 4712 980 4784 Gregorius,
1004 4712 1161 4769 illius
1185 4719 1380 4770 tamen
1410 4712 1621 4767 litteris
1649 4713 1910 4767 oli‘ensus

261 4811 340 4857 est
392 4802 679 4869 Basilius,
733 4806 789 4855 et
837 4818 970 4856 cum
1023 4819 1088 4857 eo
1130 4802 1391 4873 jurgavit
1433 4801 1597 4873 quasi
1629 4800 1909 4855 Anthimo

265 4892 491 4949 faveret.
527 4891 636 4948 His
664 4890 859 4946 verbis
890 4892 1189 4964 respondit
1218 4890 1531 4962 Gregorius
1556 4890 1910 4963 (c,,jocando

265 4983 520 5053 quidem,
558 4981 663 5035 sed
696 4981 910 5035 acriter
941 4981 1230 5055 carpendo
1275 4980 1555 5036 Basilium
1589 4998 1603 5036 :
1648 5002 1676 5029 (ι
1726 4983 1910 5055 Quam

263 5071 550 5140 terociter,
584 5073 645 5125 et
672 5069 1023 5141 equinorum
1057 5069 1350 5143 pullorum
1396 5084 1577 5143 more,
1625 5068 1823 5125 exsilis
1853 5068 1912 5127 in

268 5161 378 5216 tuis
408 5157 631 5215 litteris
653 5157 668 5212 ι
694 5153 819 5231 ,Nec
852 5156 1065 5219 mirum
1094 5164 1150 5215 te
1178 5159 1251 5215 ad
1294 5156 1539 5233 gloriam
1574 5174 1760 5230 nuper
1787 5173 1914 5235 eve-

265 5254 410 5305 ctum
443 5253 747 5305 ostentare
778 5247 949 5303 nobis
993 5246 1138 5304 velle
1187 5265 1365 5321 quam
1414 5246 1663 5321 gloriam
1710 5253 1918 5323 nactus

267 5340 357 5404 sis,
404 5345 472 5394 ut
503 5339 619 5394 hac
666 5338 891 5393 ratione
940 5338 1192 5411 teipsum
1243 5337 1642 5411 augustiorem
1686 5337 1916 5407 reddas,

269 5428 765 5502 quemadmodum
797 5428 1179 5502 pictores,qui
1209 5428 1453 5485 eximias
1476 5430 1691 5484 formas
1722 5428 1922 5503 depin-

328 5590 406 5730 (αξ
434 5590 535 5647 0r.
574 5588 665 5657 13,
698 5606 757 5645 u.
788 5591 847 5646 2.

334 5662 384 5730 (ὁ
434 5660 622 5730 Epist.
656 5659 735 5719 al.
763 5662 847 5721 33.

334 5659 406 5736 (bl
432 5660 622 5736 Epist
656 5659 735 5736 3.1-
763 5662 859 5736 $-

338 5729 403 5801 (ε)
431 5729 619 5806 Epist.
643 5731 725 5790 al.
754 5733 849 5791 ss.

594 5850 853 5922 Pirum.
910 5828 1024 5921 (is.
1073 5828 1312 5920 XXXV.

2016 4722 2339 4775 Contrntum
2370 4719 2524 4771 esse?
2551 4717 2827 4789 malorum
2854 4719 3108 4789 excipere
3138 4717 3413 4789 incursus,

2019 4792 2165 4845 Ense
2190 4788 2655 4861 feriri,suﬂ"ocari
2681 4788 2795 4843 luto
2818 4791 2843 4841 .9
2962 4788 2985 4861 ς
3346 4788 3349 4791 ’

2020 4865 2129 4919 Nec
2157 4861 2353 4915 habere
2378 4862 2475 4914 ubi
2514 4860 2611 4914 hoc
2638 4861 2853 4914 senium
2883 4860 3165 4930 collncrm,

2021 4934 2162 4989 Dum
2193 4947 2448 5002 sempere
2480 4934 2614 4986 tecto
2642 4947 2741 5001 per
2767 4934 2878 4985 vim
2907 4934 3205 4988 exturbor.’

2022 5006 2130 5062 Nec
2172 5019 2375 5078 panem
2419 5002 2711 5059 habiturus
2750 5018 2924 5075 eram,
2985 5020 3144 5075 quem
3197 5003 3403 5075 hospiti
3444 5005 3671 5148 franjqe-

2380 5096 2391 5101 κ
3313 5090 3569 5131 rem......

2024 5146 2234 5202 Rursus
2260 5146 2536 5216 fugitivus
2565 5142 2791 5216 quidam
2818 5149 2871 5200 et
2898 5161 3088 5201 cursor
3113 5144 3174 5200 in
3200 5149 3461 5215 montem,

2025 5217 2347 5288 Burripiens
2377 5218 2620 5272 amicum
2644 5217 2768 5271 vitae
2795 5233 2983 5285 genus,
3014 5216 3238 5272 delicia:
3266 5231 3439 5272 meas.

2024 5289 2130 5347 Sed
2157 5290 2289 5361 quid
2316 5305 2439 5345 sum
2480 5288 2725 5361 lucratus
2745 5289 2772 5341 ν
2797 5304 2908 5344 non
2935 5291 3087 5343 enim
3119 5292 3373 5344 constans
3402 5288 3675 5356 fugitivus

2030 5359 2213 5427 Eram,
2250 5365 2305 5417 ut
2333 5364 2581 5432 apparet.
2617 5359 2716 5415 Sed
2744 5375 2863 5415 cum
2892 5362 3077 5416 omnia
3106 5362 3354 5431 perferre
3373 5362 3572 5432 sciam,

2030 5436 2093 5491 In
2123 5433 2221 5490 hoc
2250 5450 2358 5489 uno
2382 5436 2609 5505 ignavus
2637 5448 2758 5487 sum
2771 5450 2791 5487 :
2804 5435 2980 5504 patris
3010 5435 3154 5489 iram
3182 5448 3292 5489 non
3316 5434 3438 5501 fero
3469 5431 3562 5504 (e),
3586 5435 3677 5486 etc

2125 5593 2181 5663 d)
2208 5594 2304 5649 Or.
2337 5592 2424 5648 43.
2461 5609 2518 5648 n.
2547 5591 2639 5646 59.

2125 5596 2181 5663 α)
2208 5596 2304 5649 Or.
2337 5596 2424 5648 43.
2461 5609 2518 5648 n.
2547 5596 2639 5646 59.

2102 5596 2175 5739 is)
2202 5664 2394 5735 Carm.
2428 5663 2501 5721 De
2527 5664 2641 5721 vita
2667 5678 2787 5735 sua,
2821 5679 2871 5719 ν.
2907 5662 3013 5721 489
3040 5669 3096 5723 et
3124 5681 3255 5746 peq.
