4096 6288
387 418 506 480 203

389 542 871 613 CVlIl.Gregorius
901 538 1278 613 Nazianzena
1295 531 1566 613 Ecclesia
1594 526 1839 613 regimen
1868 519 2035 613 sachi-
2070 521 2116 584 Α

463 592 565 691 pit,
586 592 1016 691 Euaeii'teﬁﬁpalre,
1048 623 1114 662 ea
1142 606 1404 661 condione
1443 611 1503 656 ut
1553 616 1611 654 eo
1658 592 1868 652 inortuo
1900 592 2037 646 liber

466 682 538 745 sit
566 682 723 743 abire
751 700 858 756 quo
887 682 1042 749 velit,

470 816 673 884 Itaque
702 806 1035 880 Gregorius,
1069 804 1315 872 abjectis
1363 794 1631 861 Sasimis,
1677 794 1737 847 in
1769 786 2040 846 solitudi-

401 921 535 960 nem
570 916 697 957 sese
730 896 989 969 recepit;
1025 893 1125 949 sed
1163 891 1319 946 aliud
1375 888 1484 960 ipsi
1526 882 1900 963 subeundum
1934 875 2046 930 fuit

404 999 697 1049 certamen
730 1004 861 1042 cum
911 991 1091 1052 patre,
1126 982 1221 1052 qui
1258 995 1388 1034 cum
1424 977 1495 1031 ab
1525 991 1591 1029 eo
1615 958 1678 1027 ut
1706 970 1935 1025 Sasima
1960 970 2045 1019 te-

405 1088 568 1139 neret
586 1080 847 1135 obtinere
872 1072 1204 1129 nullatenus
1228 1067 1531 1140 potuisset,
1551 1063 1758 1117 saltem
1780 1055 2049 1129 precibus

401 1171 707 1243 jussisque
755 1170 845 1220 est
892 1167 1238 1217 consecutus
1290 1162 1356 1210 ut
1402 1153 1755 1209 Nazianzum
1815 1144 2047 1206 rediret,

408 1242 653 1330 eamque
685 1253 1019 1318 Ecclesium,
1052 1248 1145 1304 cui
1176 1245 1442 1317 regenda
1473 1258 1573 1313 per
1602 1242 1829 1293 atatem
1862 1247 2054 1302 impar

409 1356 554 1411 erat,
588 1341 1113 1401 administrandam
1164 1334 1506 1405 susciperet.
1560 1330 1636 1383 Ea
1683 1332 1878 1381 autem
1930 1322 2054 1391 lege

422 1792 615 1847 vellet.
649 1789 745 1842 llis
778 1790 899 1857 ipse
944 1787 1193 1837 testatur
1243 1777 1433 1831 verbis
1482 1776 1537 1828 in
1574 1772 1852 1831 oratione,
1886 1781 2062 1838 quam

424 1881 492 1935 ad
531 1853 813 1950 populum
842 1873 1227 1928 Naziazenum
1264 1866 1468 1919 habuit
1512 1863 1587 1933 (a)
1620 1878 1633 1914 :
1668 1884 1694 1909 ‹‹
1737 1859 1901 1913 Nunc
1933 1853 2063 1925 qui—

426 1970 559 2023 dem
592 1983 723 2020 cum
759 1961 1033 2034 praelaro
1068 1961 1302 2029 parente
1334 1969 1532 2008 curam
1581 1950 1730 2004 hanc
1771 1945 2069 2014 suscipere

429 2075 540 2112 non
580 2051 961 2117 recuso,velut
990 2063 1212 2119 magna
1232 2042 1445 2115 aquila
1468 2046 1525 2095 et
1546 2038 1832 2092 altissime
1850 2030 2067 2088 volanti

430 2338 666 2395 quoquo
702 2322 870 2373 modo
898 2311 1371 2371 volet.ferendam
1405 2306 1585 2367 jabo;
1623 2320 1725 2357 nec
1757 2299 2073 2372 quisquam

431 2416 561 2472 erit,
584 2410 680 2479 qui
716 2424 806 2462 me
838 2421 1062 2475 cogere.
1086 2407 1188 2455 aut
1218 2398 1500 2453 aliorsum
1537 2394 1837 2448 traducere
1872 2386 2073 2458 possit,

435 2518 566 2556 cum
601 2515 667 2552 eo
698 2494 1217 2551 consultantem....
1265 2487 1395 2541 Hac
1427 2482 1651 2542 habuit,
1684 2480 1789 2533 viri
1840 2478 2054 2531 NaZIan

437 2588 584 2657 zeni,
610 2603 735 2658 qua
763 2581 1013 2652 simplici
1038 2579 1233 2633 animo
1258 2572 1785 2639 benevolentiaque
1816 2566 1983 2637 pleno
2007 2563 2079 2617 ad

440 2696 541 2732 vos
571 2676 1023 2740 dicerem,atque
1054 2668 1163 2721 hoc
1193 2673 1281 2720 est
1314 2662 1491 2718 animi
1528 2659 1639 2714 mei
1672 2657 2081 2712 arcanum.»ln

441 2767 701 2822 carmine
752 2764 822 2816 De
868 2764 978 2814 vita
1027 2774 1128 2812 sua
1187 2753 1605 2808 Nazianzenam
1659 2745 1970 2801 Ecclesium
2022 2758 2083 2795 se

445 2852 780 2926 suscepisse
804 2852 972 2920 jussu
998 2844 1254 2918 parentis
1277 2840 1553 2906 declarat,
1581 2839 1660 2892 ita
1690 2851 1887 2892 secum
1916 2848 2083 2903 repu-

448 2952 665 3001 tantem
699 2958 764 2995 ac
796 2942 1080 2993 dicentem
1112 2936 1187 3005 (b)
1222 2950 1235 2988 :

518 3062 701 3131 Neque
722 3060 867 3131 enim
903 3069 985 3131 res
1004 3054 1114 3131 isla
1144 3050 1384 3131 invitum
1412 3061 1500 3131 me
1518 3042 1882 3131 constringet,

450 3136 554 3204 Qui
569 3113 682 3186 nec
711 3130 857 3183 ultra
879 3122 1422 3184 denuntiatione,nec
1442 3115 1561 3170 ullo
1582 3118 1846 3183 promissa
1867 3113 2052 3163 teneor
2075 3122 2088 3160 :

521 3238 598 3294 Οὐ
630 3235 732 3308 γᾴρ
763 3232 967 3302 καθέξει
998 3228 1167 3308 τοῦτ’ἐ
1198 3219 1354 3308 Etim,
1383 3218 1579 3274 ἄκοντά
1614 3238 1698 3290 με,

520 3310 616 3365 Ὃν
645 3292 768 3375 ὗῖέτε
796 3292 1073 3375 κῆρῖογμα,
1107 3296 1220 3359 οὗθ’
1239 3292 1535 3375 ’ὑπόσχεσις
1565 3292 1769 3365 κρατεῖ·

524 3321 616 3365 ”υν
646 3321 768 3360 ουτε
796 3321 937 3375 κηρυ
980 3321 1073 3372 μα,
1107 3321 1203 3359 ουυ
1245 3321 1534 3366 υποσχισις

524 3379 705 3438 Οὕτως
729 3321 973 3448 ἀνήγαγέ
998 3391 1062 3443 με
1103 3370 1326 3437 νικήσας
1360 3354 1550 3441 φόϐος.

525 3469 615 3524 Sic
644 3482 729 3522 me
754 3465 957 3520 victrix
984 3458 1222 3534 formido
1246 3457 1494 3511 reduxit.

527 3585 608 3639 Ex
643 3583 751 3636 hac
782 3575 1041 3648 Gregorii
1074 3573 1433 3644 praefectura,
1468 3584 1603 3639 qua,
1638 3569 1799 3636 patre
1829 3561 2101 3616 adniten-

459 3680 537 3743 te,
569 3670 784 3725 invitus
815 3660 1295 3722 administranda
1317 3658 1584 3713 Ecclesia
1601 3654 1975 3708 Nazianzena
2002 3666 2099 3702 cu-

460 3780 584 3819 ram
618 3757 897 3828 suscepit,
932 3770 1043 3807 non
1078 3750 1243 3823 pauci
1276 3764 1409 3802 eum
1444 3745 1619 3815 hujus
1652 3740 1916 3795 Ecclesia
1947 3736 2100 3791 ordi-

466 3858 665 3907 natum
702 3825 880 3902 fuisse
910 3841 1247 3914 episcopum
1282 3834 1543 3891 arbitrati
1589 3837 1745 3885 sunt.
1779 3829 1888 3883 Sed
1940 3825 2103 3896 quid-
2163 3850 2169 3856 -

461 3941 600 4012 quid
629 3954 696 3993 ea
726 3936 797 3990 de
828 3951 887 3989 re
919 3928 1267 4001 scripserint
1297 3932 1515 3979 veteres
1549 3937 1614 3974 ac
1643 3914 2101 3979 recentiores,lo-

461 4026 749 4099 cupletior
777 4039 891 4077 non
925 4024 1015 4076 est
1055 4017 1209 4072 alius
1232 4014 1398 4070 testis
1420 4026 1595 4082 quam
1617 4007 1965 4076 Gregorius:
2000 4018 2103 4057 nec

461 4096 558 4173 alii
602 4114 707 4170 ulli
732 4113 926 4183 maior
968 4123 1153 4179 quam
1182 4103 1291 4175 ipsi
1326 4102 1472 4156 ﬁdes
1520 4096 1787 4152 habenda
1834 4099 1940 4148 est.
1974 4096 2105 4146 Hac

457 4204 646 4276 ipsius
696 4210 833 4256 sunt
889 4198 959 4252 ad
1010 4193 1348 4265 Gregoriam
1400 4188 1725 4260 Nyssenum
1793 4180 2102 4237 scribentis

457 4295 631 4347 verba
659 4290 729 4361 (e)
760 4306 774 4343 :
812 4309 839 4338 «
874 4287 1029 4341 Inter
1069 4296 1272 4337 omnes
1302 4278 1521 4332 etenim
1571 4276 1820 4333 constat,
1862 4286 1953 4324 me
1986 4284 2101 4323 non

456 4377 748 4442 Nazianzi,
769 4375 871 4431 sed
885 4372 1248 4429 Sasimorum
1273 4365 1595 4420 antistitem
1610 4368 1870 4416 creatum
1901 4358 2100 4425 fuisse,

456 4467 685 4525 tametsi
718 4482 776 4520 in
830 4460 1014 4535 patris
1056 4458 1461 4517 reverentiam,
1497 4457 1553 4506 et
1584 4465 1785 4505 eorum
1819 4446 1913 4515 qui
1964 4462 2099 4517 sup-

458 4559 638 4631 plices
686 4556 795 4611 hoc
843 4570 876 4607 a
910 4566 1005 4605 me
1051 4545 1496 4607 contenderunt,
1531 4540 1601 4594 ad
1650 4540 2100 4607 breve.tei-.pus

457 4650 848 4719 prel'ecturam
880 4636 1045 4710 quasi
1077 4632 1337 4705 hospites
1368 4628 1760 4699 suscepimus,
1798 4647 1819 4673 ι»
1852 4630 1962 4679 etc.

454 4768 589 4826 CIX.
634 4764 923 4837 Greqorius
974 4761 1246 4837 Basilina}
1272 4755 1530 4837 defendit,
1564 4770 1598 4807 a
1633 4749 1876 4837 quodam
1903 4765 2095 4804 mona-

522 4823 619 4897 cho
649 4823 984 4901 accasalum,
1016 4834 1163 4904 quod
1196 4823 1464 4901 Spiritum
1491 4834 1747 4880 sanctum
1792 4823 1959 4876 Deum
1988 4835 2094 4875 non

524 4911 870 4984 appellasset.

524 5037 661 5091 Post
691 5034 1022 5102 susceptam
1064 5044 1097 5081 a
1126 5022 1400 5096 Gregorio
1436 5019 1698 5076 Ecclesia
1731 5016 2097 5071 Nazianzena

453 5120 1045 5184 administrationem,
1078 5115 1458 5182 habitumque
1502 5108 1820 5163 orationem
1878 5106 2096 5159 duode-

453 5209 1010 5281 cimam,contigisse
1031 5204 1260 5259 videtur
1277 5201 1529 5271 iurgium
1556 5197 1707 5268 quod
1727 5195 1882 5249 inter
1903 5198 2096 5265 ipsum

453 5309 511 5359 et
541 5301 856 5374 quemdam
883 5292 1234 5351 monachum
1259 5288 1484 5345 exstitit
1514 5288 1584 5341 de
1609 5283 1987 5339 Basilithem
2014 5283 2099 5337 sic

453 5397 651 5447 narrat
664 5387 976 5459 Gregorius
995 5385 1054 5437 in
1078 5378 1325 5451 epistola
1338 5376 1547 5431 al.26zu
1566 5372 1838 5430 Conviviu
1851 5390 1901 5425 m
1921 5372 2097 5443 quod-

452 5482 584 5535 dam
619 5484 761 5545 erat,
795 5476 853 5529 in
887 5490 1001 5543 quo
1056 5466 1291 5541 plurimi
1332 5463 1644 5520 clarissimi
1678 5462 1784 5517 viri
1812 5461 2100 5530 nobisque

451 5568 708 5622 amicitia
738 5559 1032 5635 conjuncti
1062 5555 1687 5623 accumbebant,atque
1714 5551 1864 5606 inter
1894 5566 1993 5605 eos
2016 5548 2101 5603 vir

1724 388 1913 454 VITA
1957 387 2023 448 S.
2070 374 2470 445 GREGOBJI.

2150 509 2393 582 quidam
2426 501 2660 576 pietatis
2688 513 2898 555 nomen
2921 492 3312 561 habitumque
3341 505 3458 560 pra
3489 502 3553 541 se
3584 484 3800 539 ferens.

2148 600 2417 655 Nondum
2462 593 2529 647 ad
2567 588 2771 661 pocula
2802 589 3038 641 ventum
3070 588 3214 646 erat,
3247 595 3405 645 cum,
3457 582 3523 630 ut
3573 574 3630 627 in
3664 590 3801 628 con-

2149 688 2319 742 viviis
2354 682 2474 739 lieri
2509 680 2676 741 solet,
2711 679 2783 732 de
2815 673 2982 730 nobis
3028 686 3220 727 sermo
3260 667 3566 722 excitatur.
3602 662 3805 718 Omni-

2152 779 2263 832 bus
2296 788 2465 846 porro
2496 771 2740 823 virtutes
2770 771 2904 820 tuas
2931 757 3318 831 amplissimis
3348 754 3628 809 laudibus
3667 751 3805 806 ell‘e-

2155 840 2441 931 rentibus,
2481 872 2705 928 nosque
2732 853 2931 921 etiam,
2965 856 3030 905 ut
3057 848 3267 904 iisdem
3302 850 3431 899 vita
3463 841 3677 897 studiis
3707 840 3809 894 de-

2155 955 2328 1017 ditos,
2362 946 2835 1019 adjungentibus.
2873 983 2884 995 .
2923 982 2935 995 .
2968 938 3209 1009 indigne
3254 934 3389 989 tulit
3421 932 3515 986 hic
3550 930 3807 1001 philoso-

3677 354 3798 414 2οι

2159 1042 2328 1113 phus.
2352 1040 2418 1094 Et
2438 1018 2728 1109 quidnam
2762 1033 2870 1086 hoc
2900 1022 3555 1097 est,inquit,admoduni
3593 1018 3809 1073 furiose

2160 1130 2516 1191 exclamans,
2548 1141 2579 1179 o
2626 1122 2755 1185 viri,
2791 1134 2967 1190 quam
3000 1116 3166 1169 valde
3217 1111 3529 1166 mendaces
3572 1113 3630 1162 et
3659 1107 3808 1161 adu-

2160 1220 2374 1275 latores
2402 1213 2579 1270 estisl
2617 1211 2833 1265 Catera
2873 1206 3109 1278 quidem
3156 1201 3473 1256 laudentur
3515 1212 3655 1251 sane
3702 1192 3812 1248 viri

2165 1307 2267 1371 illi,
2300 1323 2363 1361 se
2390 1304 2471 1358 ita
2501 1302 2681 1370 lubet,
2711 1296 2854 1352 nihil
2887 1307 3185 1365 repugno:
3220 1305 3417 1344 verum
3444 1286 3594 1358 quod
3625 1282 3812 1338 maxi-

2132 1394 2328 1452 ‘mum
2359 1398 2467 1457 est,
2513 1389 2631 1445 illis
2664 1404 2776 1442 non
2811 1383 3145 1439 concedam.
3181 1377 3543 1434 Ortbodoxia
3577 1373 3817 1429 nomine

2168 1488 2385 1540 frustra
2417 1481 2690 1535 laudatus
2721 1473 2995 1535 Basilius,
3047 1471 3265 1523 frustra
3294 1464 3609 1536 Gregorius
3638 1479 3652 1526 ;
3696 1460 3814 1524 ille,

2170 1576 2310 1646 quia
2341 1568 2711 1626 sermonibus
2742 1563 2866 1619 suis
2894 1560 3195 1615 veritatem
3248 1555 3478 1627 prodit;
3531 1552 3649 1613 hic,
3683 1549 3821 1619 quia

2174 1638 2455 1736 patientia
2502 1674 2610 1712 sua
2658 1654 2921 1710 eamdem
2971 1646 3148 1705 simul
3201 1644 3415 1717 prodit.
3465 1664 3485 1690 ι
3541 1641 3691 1695 Tum
3726 1638 3820 1692 his

2173 1750 2485 1822 Gregorius
2515 1742 2958 1801 conviciatorem
2987 1737 3180 1792 verbis
3212 1730 3511 1803 redarguit
3543 1747 3556 1785 :
3597 1752 3617 1777 ι
3657 1728 3822 1783 Unde

2176 1843 2303 1905 hoc,
2338 1856 2369 1893 ο
2402 1837 2574 1891 homo
2605 1848 2769 1895 vane,
2801 1840 2971 1900 atque
3002 1824 3345 1895 arrogantia
3391 1818 3644 1883 nomine,
3679 1832 3824 1870 nove

2179 1904 2405 1985 Dalhan
2438 1932 2495 1980 et
2526 1921 2785 1978 Abiron?
2815 1919 2978 1975 Unde
3003 1915 3169 1971 nobis
3192 1916 3531 1983 dogmatum
3570 1904 3827 1979 promul-

2181 2024 2346 2093 gatur
2402 2016 2561 2070 venis
2604 2013 2632 2067 ‘l
2698 2008 2919 2063 Siccine
2976 2008 3269 2059 tantarum
3333 2014 3525 2053 rerum
3560 1994 3826 2065 judicem

2180 2082 2433 2178 leipsum
2459 2102 2676 2158 efficies
2695 2099 2722 2153 Ἰ
2742 2098 2889 2152 Tum
2919 2094 3053 2148 ille:
3085 2114 3111 2141 ‹‹
3132 2109 3200 2146 ex
3221 2090 3299 2143 Eu
3312 2085 3535 2160 psychii
3557 2082 3829 2155 martyris

2183 2197 2403 2268 synodo
2437 2208 2593 2247 nunc
2612 2187 3054 2254 venio,eamque
3083 2180 3224 2234 dicti
3252 2178 3361 2231 mei
3399 2183 3608 2230 testem
3646 2172 3831 2225 habeo

2186 2261 2291 2356 (sic
2323 2283 2477 2337 enim
2513 2295 2604 2333 res
2635 2294 2728 2331 ses
2757 2292 2818 2328 se
2845 2270 3139 2339 habebat),
3174 2272 3349 2337 atque
3382 2264 3501 2318 illic
3550 2261 3833 2316 Basilium

2193 2350 2462 2444 Magnum
2497 2365 2789 2429 audivi,de
2822 2362 2987 2416 Patre
3022 2358 3255 2429 quidem
3289 2361 3345 2408 et
3374 2353 3515 2408 Filio
3536 2350 3757 2421 Optime
3778 2353 3839 2402 et

2191 2458 2632 2533 perfectissime,
2666 2458 2841 2522 atque
2874 2454 2949 2515 ut
2967 2447 3061 2501 vix
3097 2444 3408 2515 quisquam
3461 2439 3612 2495 alius
3669 2436 3840 2491 facile

2191 2555 2385 2623 queat,
2419 2547 2799 2601 disserentem
2828 2536 3144 2608 :Spiritum
3179 2537 3445 2587 sanctum
3480 2534 3673 2583 autem
3699 2542 3838 2580 con-

2192 2614 2497 2694 vellentem
2533 2650 2596 2687 ac
2628 2630 3113 2698 distorquentem,
3150 2644 3177 2670 »
3207 2627 3316 2676 etc.
3359 2619 3541 2689 Igitur
3582 2614 3844 2687 philoso—

2196 2729 2348 2801 phus
2378 2724 2472 2778 ille
2505 2719 2783 2776 Basilium
2830 2712 3197 2783 vituperabat
3243 2725 3310 2764 eo
3351 2708 3501 2778 quod
3555 2704 3843 2776 Spiritum

2196 2820 2465 2872 sarctum
2500 2816 2678 2864 Deum
2713 2823 2825 2861 non
2872 2801 3224 2874 appellasset
3262 2795 3659 2851 concionando
3703 2809 3716 2854 ;
3776 2808 3847 2846 ac

2196 2903 2371 2959 veluti
2408 2919 2441 2955 a
2471 2899 2708 2954 veritate
2735 2892 3071 2955 declinaret,
3115 2902 3362 2956 eamque
3396 2883 3626 2955 politice
3659 2879 3851 2951 magis

2200 3009 2375 3065 quam
2402 2989 2492 3060 pie
2527 2977 3085 3058 pradicaret.Basilii
3108 2982 3305 3047 partes
3326 2980 3565 3027 strenue
3587 2967 3852 3024 defendit

2202 3079 2538 3153 Gregorius,
2572 3087 2898 3142 causasque
2945 3065 3196 3122 reddidit
3237 3080 3341 3118 cur
3383 3059 3664 3131 Spiritum
3708 3073 3853 3111 san-

2204 3177 2359 3225 ctum
2383 3180 2653 3236 expresse
2669 3168 2725 3216 et
2743 3158 2935 3231 palam
2963 3160 3139 3209 Deum
3166 3169 3279 3207 non
3303 3151 3520 3203 diceret
3542 3190 3555 3213 ,
3581 3145 3856 3218 quamvis

2124 3272 2167 3337 ρ
2205 3275 2336 3314 eum
2369 3271 2496 3311 esse
2527 3253 2732 3314 Deum,
2766 3264 2879 3302 non
2910 3260 3079 3301 secus
3110 3258 3175 3296 ac
3212 3240 3440 3304 l-‘ilium,
3473 3236 3752 3301 crederet,
3786 3249 3856 3287 ac

2208 3344 2400 3401 verbis
2445 3342 2620 3397 etiam
2673 3336 3028 3397 ostenderet,
3059 3328 3339 3385 nimirum
3372 3327 3430 3380 in
3462 3324 3694 3379 insidiis
3725 3337 3858 3376 esse

2209 3433 2532 3494 haereticos,
2557 3429 2933 3482 observantes
2955 3422 3003 3477 si
3036 3435 3213 3491 quam
3246 3434 3315 3471 ex
3345 3416 3474 3485 ejus
3502 3427 3600 3468 ore
3632 3412 3857 3465 nudam

2209 3538 2408 3577 vocem
2430 3521 2667 3590 possent
2686 3512 2796 3567 arri
2806 3526 2959 3582 pere,
2984 3514 3051 3562 ut
3070 3523 3135 3561 eo
3158 3507 3339 3573 ejecto
3354 3501 3665 3557 Ecclesium
3692 3514 3861 3553 occu-

2213 3587 2446 3683 parent,
2472 3611 2821 3671 caterasque
2852 3596 3137 3654 Ecclesiae
3171 3591 3623 3666 popularentur;
3655 3587 3859 3658 itaque

2212 3699 2398 3756 satius
2430 3712 2560 3751 esse
2591 3707 2769 3747 unam
2801 3704 3022 3752 vocem,
3066 3682 3355 3739 sententia
3393 3681 3450 3734 in
3483 3684 3608 3733 tuto
3642 3676 3857 3747 posita,

2215 3786 2670 3862 pratermittere,
2706 3795 2881 3850 quam
2917 3773 3233 3830 Ecclesium
3268 3772 3323 3824 in
3362 3773 3594 3823 tantum
3645 3762 3861 3819 discri-

2214 3854 2343 3932 meo
2378 3874 2684 3930 adducere.
2719 3868 3271 3937 Temperamentum
3317 3858 3500 3922 istud,
3531 3854 3685 3927 quod
3723 3870 3865 3925 pro-

2213 3965 2370 4020 bavit
2399 3966 2597 4033 postea
2646 3957 2895 4028 Magnus
2939 3949 3315 4014 Athanasius,
3361 3947 3431 4000 iis
3483 3944 3581 4016 qui
3614 3942 3868 3997 aderant

2213 4030 2535 4125 displicuit,
2569 4050 2883 4119 ipsumque
2924 4040 3269 4111 Gregorium
3320 4032 3675 4090 clamoribus
3707 4030 3867 4085 inse-

2213 4121 2347 4198 ctati
2382 4144 2539 4205 sunt,
2573 4142 2637 4191 ut
2665 4132 2908 4206 ignavia
2942 4129 3130 4201 magis
3160 4141 3339 4198 quam
3394 4138 3551 4179 sana
3579 4121 3864 4175 doctrina

2211 4228 2635 4287 consulentem.

2212 4355 2320 4417 CX,
2352 4353 2484 4409 CXI.
2530 4350 2817 4418 Gregorius
2850 4345 3058 4402 Basilio
3087 4340 3517 4418 controversiam
3545 4336 3664 4418 ejus
3692 4348 3867 4387 causa

2281 4411 2589 4490 sasceptam
2615 4411 2908 4490 signiﬁcat.
2944 4431 3155 4490 rogans
3191 4422 3251 4467 ut
3301 4411 3630 4490 ipse_doce_at
3659 4420 3867 4490 queas:

2281 4513 2385 4568 que
2425 4476 2588 4550 liceat
2610 4476 2713 4568 _uli
2740 4476 3066 4568 antinomia,
3100 4476 3644 4568 uluconlrudiceates
3663 4476 3869 4546 'possit

2282 4554 2567 4637 repellere.
2602 4563 2899 4637 Epistolam
2946 4554 3191 4626 Gregorii
3237 4556 3482 4626 pejorem
3526 4554 3590 4605 in
3633 4556 3867 4621 partem

2128 4639 2176 4703 D
2277 4633 2476 4708 accipit
2524 4633 2797 4691 Basilius.

2284 4744 2439 4800 Datis
2470 4744 2541 4798 ad
2596 4740 2876 4796 Basilium
2915 4734 3150 4802 litteris,
3202 4749 3326 4788 rem
3357 4734 3543 4786 totam
3599 4726 3865 4782 narravit

2204 4832 2539 4905 Gregorius,
2572 4845 2784 4901 rogans
2820 4832 2885 4881 ut
2914 4826 3144 4880 doceret
3192 4835 3458 4893 quosque
3499 4818 3555 4872 in
3589 4817 3869 4889 disputa-

2204 4924 2363 4979 tione
2393 4922 2461 4976 de
2489 4921 2743 4991 Spiritus
2770 4914 2954 4972 sancti
2977 4912 3283 4987 divinitate
3305 4906 3869 4983 progredi,quasque

2205 5029 2376 5069 voces
2410 5024 2716 5081 usurpare,
2736 5012 2791 5062 et
2823 5018 3130 5077 quousque
3152 4999 3478 5056 meonomia
3505 4997 3590 5052 uti
3626 4994 3866 5062 liceret;

2206 5103 2362 5157 haud
2396 5099 2667 5171 equidem
2692 5113 2802 5151 sua
2831 5110 3029 5158 causa,
3052 5090 3153 5162 qui
3174 5088 3441 5145 omnium
3461 5090 3619 5142 esset
3650 5084 3862 5138 miser-

2208 5192 2395 5247 rimus
2425 5195 2480 5243 et
2514 5184 2962 5247 stolidissimus,
2995 5180 3045 5237 si
3078 5179 3374 5235 dubitaret
3398 5177 3468 5231 de
3500 5172 3697 5230 Basilii
3726 5188 3867 5228 sen-

2209 5280 2410 5349 tentia,
2463 5278 2564 5333 sed
2615 5281 2680 5330 ut
2725 5270 3261 5330 contradicentibus
3310 5264 3706 5337 responderet.
3742 5261 3868 5317 Has

2208 5368 2467 5439 Gregorii
2503 5365 2752 5424 litteras.
2786 5360 3020 5418 tametsi
3072 5357 3337 5413 adhibita
3382 5353 3650 5409 cautione
3679 5367 3865 5422 quam

2209 5454 2887 5524 maxima,omnibusque
2919 5448 3156 5504 honoris
3182 5438 3359 5515 atque
3389 5440 3606 5498 amoris
3637 5440 3875 5510 signifi-

2211 5546 2543 5602 cationibus
2575 5547 2837 5608 refertas,
2872 5539 3122 5611 priorem
3157 5537 3215 5592 in
3242 5539 3469 5608 partem
3502 5538 3722 5602 accepit
3760 5529 3872 5583 Ba-

521 5709 594 5780 (a)
628 5706 722 5794 0r.
757 5706 843 5772 12,
876 5719 934 5759 n.
966 5702 1003 5755 5
1033 5704 1090 5756 et
1129 5700 1184 5755 6.
1262 5697 1335 5767 (b)
1364 5696 1430 5751 V.
1459 5696 1587 5752 523.
1664 5693 1735 5766 (c)
1782 5693 1968 5766 Epist.
2013 5689 2090 5748 al.
2122 5690 2212 5746 42.
