4096 6288
286 366 406 429 205

1628 369 1811 428 VITA
1854 367 1920 426 S.
1966 364 2362 427 GREGORII.

3543 368 3546 370 ⁷
3579 362 3700 422 206

286 499 491 564 silius;
519 497 617 568 qui
640 497 820 552 etiam
846 497 1119 569 Gregorio
1140 499 1520 569 respondens,
1553 499 1750 554 mirari
1779 516 1840 555 se
1862 498 1943 554 ait
1971 499 2024 564 Α
2061 516 2088 548 α
2117 496 2227 551 Sed
2261 512 2376 550 non
2406 493 2920 564 video,inquit,cur
2938 493 3190 549 Basilius
3219 494 3395 548 etiam
3428 497 3562 565 post
3580 498 3703 549 tur-

287 604 396 641 non
414 587 567 656 quod
591 584 914 638 monachus
931 585 1034 639 hoc
1051 586 1310 650 dixisset,
1329 588 1423 640 sed
1447 587 1598 657 quod
1617 587 1938 656 germanis-

283 680 464 730 simos
485 690 627 729 suos
654 674 884 736 fratres,
906 691 1045 727 suos
1062 678 1116 727 et
1139 675 1357 728 amicos
1382 675 1677 728 auditores
1709 674 1941 728 habuis-

286 772 374 819 set
404 781 470 818 ac
501 763 957 833 discipulos.His
981 764 1328 833 respondere
1348 763 1782 834 dedignatur,et
1807 781 1938 818 cum

286 851 562 924 Gregorio
594 849 1106 921 expostulat,quod
1131 852 1200 905 ad
1227 868 1287 905 se
1307 868 1417 905 non
1452 853 1680 917 veniat;
1717 853 1938 906 aditum

287 943 441 996 enim
505 958 619 995 non
663 939 968 994 habituras
1017 939 1362 1006 calumnias,
1418 941 1464 995 si
1498 957 1769 1011 magnam
1803 941 1940 995 anni

287 1036 509 1101 partem
545 1027 723 1083 simul
775 1029 1165 1083 traducerent.
1189 1029 1413 1092 Quanto
1444 1029 1500 1082 in
1542 1029 1760 1085 honore
1789 1034 1942 1085 esset

288 1120 438 1189 apud
473 1116 753 1172 Basilium
790 1117 1104 1186 Gregorius
1137 1133 1203 1171 ex
1234 1118 1341 1172 hac
1365 1119 1783 1188 perhonorifica
1805 1135 1939 1172 eum

290 1206 569 1261 invitandi
627 1206 855 1260 ratione
905 1205 1123 1276 liquet:
1166 1230 1185 1254 ι
1221 1207 1278 1260 Si
1313 1207 1466 1261 enim
1498 1213 1724 1261 tantum
1758 1224 1940 1278 appa-

292 1312 434 1363 reas,
485 1295 700 1364 inquit,
753 1295 1087 1364 supprimes
1139 1294 1326 1365 ipsius
1370 1296 1675 1366 impetum,
1725 1312 1942 1366 eosque

293 1386 386 1455 qui
420 1385 490 1437 ad
524 1383 722 1454 patrias
755 1400 847 1438 res
873 1385 1214 1438 evertendas
1245 1384 1938 1455 conspirantdissipabis,

295 1473 388 1526 ubi
421 1473 563 1542 ipsis
614 1478 818 1526 notum
871 1472 1044 1526 fuerit
1093 1476 1150 1526 te
1192 1472 1290 1526 Dei
1323 1472 1510 1542 gratia
1544 1474 1723 1527 nostri
1757 1480 1942 1528 coetus

294 1562 493 1615 ducem
530 1577 679 1629 esse,
714 1584 736 1611 ι
771 1565 878 1614 etc.

290 1668 446 1722 CXII.
485 1667 774 1738 Gregorius
805 1667 1014 1721 Basilio
1042 1667 1233 1721 scribit
1263 1683 1382 1721 eum
1435 1669 1710 1723 immerito
1742 1669 1944 1724 litteris

891 1741 1007 1792 suis
1044 1739 1334 1808 offensum.

2055 586 2155 638 bas
2206 586 2571 638 Sasimenses
2632 583 2782 638 hanc
2840 583 3108 637 amicitia:
3146 599 3444 653 nunquam
3477 583 3700 638 violatae

2052 673 2283 727 laudem
2319 673 2427 728 sibi
2465 672 2757 727 vindicare
2790 688 2900 726 non
2933 671 3353 740 potuerit,cum
3380 673 3702 743 prasertim

2051 762 2364 833 Gregorius
2396 761 2661 832 pluribus
2687 760 2830 816 locis
2869 761 3029 815 dicat
3065 761 3382 816 amicitiam
3415 761 3523 816 hac
3555 762 3611 816 in
3645 779 3707 817 re

2051 850 2330 904 Basilium
2366 850 2598 921 spiritui
2632 849 3066 920 posthabuisse.
3099 872 3127 898 ››
3154 850 3246 905 Sic
3269 850 3328 903 in
3353 850 3612 905 oratione
3637 852 3709 906 De

2051 938 2315 993 laudibus
2363 940 2567 994 Basilii
2616 939 2864 1010 loquens
2911 940 2983 994 de
3025 939 3215 994 turbis
3245 939 3707 1007 Sasimensibus,

2051 1043 2199 1098 quas
2229 1026 2486 1080 nondum
2543 1038 2772 1097 pectore
2818 1031 3190 1081 excusserat:
3232 1050 3251 1073 α
3305 1025 3427 1082 Nisi
3459 1026 3587 1096 quis
3619 1031 3710 1081 ta-

2053 1132 2208 1184 men,
2242 1115 2433 1186 inquit
2464 1115 2552 1185 (f).
2587 1115 2692 1170 hoc
2725 1132 2759 1169 a
2791 1131 2881 1170 me
2932 1132 3033 1186 pro
3074 1114 3231 1170 illius
3263 1114 3528 1186 apologis
3557 1115 3707 1170 acci-

2055 1203 2356 1275 piat,quod
2382 1203 2928 1275 sublimiora,quam
2952 1220 3053 1275 pro
3077 1203 3332 1258 hominis
3353 1204 3706 1274 conditione,

2055 1293 2520 1364 sentiens,atque
2550 1292 2686 1346 hinc
2712 1293 2873 1364 prius
2904 1294 3077 1348 etiam
3113 1310 3289 1364 quam
3323 1293 3438 1347 vita
3467 1294 3706 1348 excede-

2054 1389 2160 1450 ret,
2192 1385 2514 1456 digressus,
2548 1384 2746 1440 omnia
2775 1385 2845 1438 ad
2872 1384 3154 1455 Spiritum
3189 1384 3511 1452 referebat;
3537 1391 3708 1456 atque

2054 1471 2322 1527 amicitia
2373 1471 2584 1535 officia,
2639 1488 2767 1542 quae
2820 1470 3036 1543 alioqui
3087 1479 3284 1528 sancte
3335 1472 3579 1540 colebat,
3615 1473 3710 1527 hic

2055 1559 2245 1614 solum
2263 1560 2705 1631 aspernabatur,
2722 1559 2818 1614 ubi
2834 1560 3016 1615 Deum
3035 1560 3309 1632 anteponi
3326 1562 3645 1632 oportebat.
3683 1583 3709 1610 υ

2053 1649 2114 1702 In
2148 1647 2331 1702 altera
2360 1648 2619 1703 oratione
2641 1664 2834 1703 coram
2865 1648 3078 1703 Basilio
3106 1670 3169 1705 εκ
3199 1649 3711 1719 Quandoquidem,

2050 1737 2242 1808 inquit
2273 1737 2588 1808 Gregorius
2621 1738 2721 1810 (α),
2768 1743 2832 1791 ut
2882 1753 2988 1791 nos
3021 1737 3203 1808 pluris
3235 1739 3500 1805 fortasse,
3537 1755 3710 1809 quam

352 1828 564 1883 Basilio
597 1828 903 1899 rescripsit
935 1827 1268 1899 Gregorius,
1302 1827 1494 1899 ipsum
1531 1828 1824 1884 immerito
1856 1830 1941 1884 of-
1975 1863 2020 1927 Β
2056 1829 2201 1883 alios
2231 1845 2432 1884 omnes
2453 1829 2655 1894 ducis;
2682 1828 2761 1883 ita
2783 1844 3020 1884 rursum
3045 1829 3328 1900 Spiritum
3355 1830 3523 1884 nobis
3545 1828 3715 1900 longe

287 1918 516 1972 fensum
553 1919 732 1972 fuisse
764 1916 972 1971 litteris
1004 1918 1147 1986 suis,
1200 1934 1314 1971 non
1363 1917 1513 1972 malo
1567 1922 1623 1971 et
1671 1918 1940 1986 subdolo,

287 2010 380 2061 sed
417 2007 675 2077 simplici
710 2007 928 2072 animo,
959 2011 1013 2060 et
1044 2022 1110 2059 ea
1141 2022 1256 2076 qua
1288 2005 1511 2061 solebat
1541 2007 1944 2062 benevolentia

287 2096 561 2164 scriptis;
595 2111 850 2165 eumque
880 2094 1187 2148 admonuit
1209 2095 1395 2148 satius
1420 2095 1600 2149 fuisse
1625 2095 1943 2150 incommo-

291 2185 376 2237 dis
412 2183 767 2238 medicinam
802 2184 1024 2248 ati'erre,
1060 2200 1234 2253 quam
1268 2183 1577 2237 consilium
1610 2185 1771 2238 danti
1807 2201 1946 2239 suo-

291 2289 542 2326 censere.
570 2273 856 2327 Caeterum
887 2288 948 2326 se
979 2277 1284 2326 venturum
1309 2272 1612 2341 promittit,
1647 2279 1704 2327 et
1735 2272 1948 2328 Basilio

294 2363 434 2415 duce
467 2361 718 2416 libenter
748 2361 1164 2414 dimicaturum
1190 2377 1202 2414 :
1230 2383 1257 2409 ‹‹
1281 2361 1420 2425 Quis
1443 2361 1819 2430 euim,inquit
1848 2363 1950 2445 (α),

291 2450 585 2522 langueat,
650 2451 769 2504 imo
827 2449 961 2520 quis
1007 2465 1118 2503 non
1181 2465 1393 2520 magno
1425 2454 1482 2503 et
1516 2449 1718 2504 fidenti
1751 2451 1949 2506 animo

294 2539 527 2592 futurus
560 2539 658 2601 sit,
693 2544 746 2592 te
780 2537 927 2592 duce
958 2554 1023 2592 ac
1054 2537 1207 2592 socio
1239 2539 1310 2591 de
1342 2538 1582 2593 veritate
1615 2538 1948 2610 disputans,

297 2637 463 2701 atque
493 2629 902 2684 contendens?
933 2651 961 2677 »

365 2736 561 2790 CXIII.
596 2737 730 2803 Quis
762 2735 865 2790 ille
892 2737 962 2789 sit
994 2737 1182 2797 hostis,
1213 2743 1404 2791 contra
1434 2751 1594 2806 quem
1635 2745 1790 2806 rogat
1821 2737 1948 2792 Gre-

445 2811 667 2877 gorium
699 2809 936 2861 Basilius
968 2811 1027 2860 ut
1054 2809 1236 2860 veniat
1265 2808 1547 2861 auxilium
1577 2808 1811 2863 laturus.

365 2897 676 2951 Existimat
706 2896 794 2948 vir
822 2895 1190 2951 clarissimus
1217 2895 1828 2966 Tillemontius,quem
1864 2913 1956 2952 se-

307 2987 500 3055 quitur
523 2991 722 3039 noster
752 2983 1103 3038 Prudentius
1119 2988 1388 3037 Maranus
1409 2984 1501 3053 (b).
1529 2985 1956 3040 contentionem

305 3073 639 3145 Gregorium
675 3073 826 3126 inter
854 3078 910 3127 et
936 3072 1285 3126 monachum
1320 3072 1532 3126 Basilio
1563 3075 1783 3128 crimen
1827 3091 1957 3145 pro-

314 3164 438 3216 dita:
453 3161 716 3216 veritatis
739 3162 1430 3232 inferentem,contigisse
1451 3177 1602 3215 anno
1624 3162 1723 3215 371
1748 3179 1760 3216 :
1791 3179 1958 3217 suam

305 3252 575 3305 viiidocti
596 3250 929 3321 opinionem
955 3230 1306 3304 conﬁrmant
1341 3248 1430 3303 his
1459 3249 1652 3304 Basilii
1678 3252 1868 3305 verbis
1891 3253 1959 3322 (ε)
1991 3230 2033 3296 C

305 3341 516 3411 quibus
547 3339 894 3410 Gregorium
930 3343 1093 3409 rogat
1126 3343 1187 3392 ut
1218 3338 1407 3392 veniat
1430 3337 1710 3392 auxilium
1735 3339 1962 3394 laturus

305 3437 509 3483 contra
542 3430 775 3482 hostem
823 3426 924 3497 qui
974 3426 1191 3480 bellum
1246 3425 1570 3481 inferebat:
1606 3449 1632 3475 ‹‹
1671 3429 1798 3498 lpse
1832 3445 1963 3483 vero

305 3520 528 3574 exorari
563 3524 619 3572 te
653 3517 802 3582 sine,
839 3522 906 3571 ut
937 3517 1241 3571 nobiscum
1275 3517 1344 3570 ad
1381 3517 1742 3588 propositum
1777 3525 1964 3574 certa-

308 3626 437 3664 men
470 3608 785 3669 allabores,
819 3622 882 3660 ac
907 3605 1206 3660 nobiscum
1240 3622 1477 3660 occuras
1511 3605 1581 3675 ei,
1616 3606 1715 3678 qui
1748 3607 1963 3663 bellum

308 3698 479 3752 nobis
502 3695 700 3749 infert.
753 3695 810 3749 Si
851 3695 1008 3748 enim
1036 3699 1264 3748 tantum
1298 3711 1599 3766 appareas,
1633 3696 1967 3766 supprimes

309 3787 500 3854 ipsius
533 3785 877 3854 impetum,»
912 3783 1272 3838 etc.Iiostem
1307 3783 1460 3837 hunc
1492 3801 1603 3838 non
1638 3784 1815 3839 alium
1841 3801 1968 3841 esse

310 3891 488 3946 quam
522 3872 826 3927 Valentem
861 3873 1241 3927 contendunt.
1282 3892 1308 3920 α
1353 3871 1588 3927 Nullum
1623 3873 1776 3927 enim
1810 3874 1968 3929 aliud

311 3971 553 4035 tempus
586 3961 854 4023 occurrit,
897 3961 1088 4031 inquit
1139 3966 1336 4015 noster
1369 3961 1737 4025 Prudentius,
1767 3963 1822 4017 in
1857 3980 1970 4035 quo

314 4055 638 4108 instantem
664 4051 889 4105 hostem
909 4051 1327 4120 exspectaverit
1351 4049 1681 4115 Basilius,et
1702 4051 1970 4107 exsulium

315 4149 416 4196 aut
451 4139 676 4210 aliquid
711 4141 947 4210 gravius
975 4155 1043 4193 ex
1076 4137 1269 4210 prmlio
1301 4139 1974 4211 speraverit.Appropin-

316 4236 600 4303 quantum
633 4227 895 4283 Valentis
928 4229 1240 4282 adventum
1265 4227 1533 4298 designat
1562 4227 1875 4298 Gregorius
1898 4229 1974 4298 (d)

319 4338 451 4375 cum
486 4319 568 4372 ait
603 4317 660 4371 in
716 4317 996 4381 convivio,
1051 4340 1071 4365 ι
1109 4317 1314 4386 ingens
1344 4315 1498 4370 circa
1539 4315 1817 4370 Basilium
1851 4333 1978 4372 esse

321 4406 788 4470 bellum,vicinis
820 4406 1093 4460 omnibus
1115 4405 1299 4476 captis
1321 4409 1377 4459 et
1395 4405 1747 4475 subjugatis.
1768 4428 1793 4452 ››
1827 4405 1978 4459 Prte-

324 4505 498 4560 terea,
534 4495 584 4549 si
612 4496 738 4565 jarr.
773 4494 1024 4548 Basilius
1055 4510 1184 4547 cum
1216 4492 1458 4547 Valente
1492 4497 1975 4564 pugnasset,num

2056 1917 2386 1990 anteponis.
2429 1917 2550 1972 Non
2598 1934 2810 1989 passus
2840 1935 2902 1972 es
2937 1917 3223 1972 talentum
3258 1919 3312 1972 in
3347 1925 3501 1972 terra
3532 1919 3716 1973 defos-

2054 2023 2185 2062 sum
2218 2011 2395 2076 atque
2425 2007 2704 2060 obrutum
2738 2005 2936 2073 latere,
2975 2029 3000 2054 ››
3027 2012 3134 2061 etc.
3167 2007 3362 2062 Potuit
3392 2024 3527 2079 ergo
3561 2007 3715 2066 Basi.

2057 2094 2191 2156 lius,
2225 2095 2399 2149 etiam
2436 2100 2564 2165 post
2592 2095 2958 2150 Sasimenses
2988 2095 3213 2164 turbas,
3268 2097 3456 2150 dicere
3501 2114 3560 2151 se
3593 2096 3715 2151 nul-

2056 2183 2171 2238 lius
2203 2184 2313 2238 sibi
2347 2186 2404 2238 in
2437 2184 2799 2252 Gregorium,
2826 2206 2852 2233 ‹‹
2887 2200 3072 2255 neque
3104 2185 3484 2255 parvi,neque
3515 2201 3714 2256 magni

2059 2272 2251 2327 delicti
2312 2289 2441 2328 esse
2490 2273 2805 2327 conscium.
2863 2295 2883 2320 ι
2947 2273 3017 2327 Et
3058 2278 3212 2328 certe
3242 2273 3298 2327 id
3331 2274 3521 2336 dicere
3551 2274 3719 2328 licuit

2061 2361 2334 2430 Gregorio
2366 2361 2458 2416 cui
2491 2361 2786 2416 acerbiora
2816 2361 2874 2415 in
2908 2360 3189 2416 Basilium
3220 2363 3394 2417 verba
3416 2363 3714 2418 excidere:

2061 2455 2279 2520 quanto
2313 2450 2496 2520 magis
2530 2449 2743 2504 Basilio
2765 2449 2792 2504 ‘l

2428 2538 2611 2593 CXIV.
2644 2539 2742 2593 Ille
2773 2538 2964 2604 hostis,
2997 2555 3102 2594 non
3139 2541 3347 2595 Valens.

2133 2633 2298 2683 Nunc
2328 2644 2458 2682 vero
2506 2628 2976 2698 expendendum,
3029 2645 3102 2683 an
3151 2629 3334 2684 hostis
3366 2629 3466 2700 qui
3500 2628 3720 2684 bellum

2065 2717 2349 2772 inferebat
2408 2714 2643 2778 Basilio,
2698 2715 2749 2770 is
2789 2715 3002 2770 Valens
3063 2717 3379 2788 imperator
3422 2723 3615 2783 esset;
3650 2735 3720 2772 an

2066 2811 2382 2866 certamen,
2412 2805 2482 2859 ad
2516 2805 2667 2875 quod
2704 2804 2956 2859 Basilius
2987 2805 3330 2876 Gregorium
3364 2809 3720 2870 accersebat,

2067 2901 2131 2949 ut
2191 2911 2308 2948 una
2366 2909 2562 2948 secum
2625 2898 2930 2964 pugnaret,
2991 2892 3135 2947 illud
3182 2895 3356 2949 fuerit
3404 2901 3719 2962 certamen,

2069 2983 2222 3054 quod
2286 2982 2594 3036 imminere
2651 2980 2760 3035 sibi
2811 2999 2878 3036 ex
2908 2982 3228 3037 adventuro
3258 2988 3574 3038 Carsaream
3610 2982 3720 3037 Va-

2069 3071 2224 3126 lente
2254 3071 2666 3125 arbitrabatur.
2719 3070 2778 3124 ld
2831 3072 3064 3141 quidem
3109 3071 3312 3126 volunt
3341 3072 3721 3126 doctissimus

2069 3159 2476 3214 Tillemontius
2525 3163 2582 3213 et
2627 3166 2825 3214 noster
2848 3162 3220 3225 Prudentius,
3254 3178 3422 3232 quos,
3454 3161 3526 3215 ob
3559 3177 3722 3230 egre-

2073 3248 2199 3320 gias
2231 3248 2469 3302 virlutes
2500 3253 2558 3302 et
2588 3248 2889 3303 scientiam
2940 3249 3319 3320 singularem,
3355 3249 3725 3304 observantia

2072 3355 2249 3409 quam
2283 3340 2538 3393 maxima
2567 3338 2835 3394 colimus.
2871 3339 2973 3394 Hic
3005 3346 3197 3395 tamen
3232 3341 3303 3394 ab
3337 3357 3538 3395 eorum
3599 3342 3725 3411 opi-

2073 3431 2245 3486 nione
2276 3431 2672 3497 discedimus;
2705 3447 2892 3502 neque
2923 3431 3076 3486 enim
3122 3432 3383 3503 Gregorii
3415 3439 3472 3488 et
3528 3431 3727 3486 Basilii

2073 3521 2248 3575 verba
2277 3520 2348 3574 de
2384 3519 2617 3574 Valente
2648 3521 2856 3575 debere
2901 3520 3149 3592 intelligi
3207 3522 3377 3576 nobis
3434 3521 3726 3576 videntur.

2076 3608 2327 3664 Basilius
2360 3609 2426 3662 ad
2462 3615 2753 3663 certamen
2789 3614 2988 3663 contra
3020 3609 3249 3663 hostem
3283 3610 3570 3664 advocans
3596 3609 3732 3663 Gre-

2077 3698 2330 3770 gorium,
2373 3698 2464 3752 his
2495 3714 2626 3752 eum
2663 3698 2854 3752 verbis
2884 3697 3214 3768 compellat.
3261 3721 3288 3747 «
3323 3699 3378 3753 Si
3414 3699 3569 3752 enim
3601 3703 3727 3752 tan-

2078 3791 2202 3841 tum
2237 3802 2538 3857 appareas,
2572 3785 2758 3856 ipsius
2807 3787 3138 3855 supprimes
3170 3786 3478 3857 impetum.
3511 3803 3727 3856 eosque

2079 3875 2175 3945 qui
2208 3875 2281 3929 ad
2319 3873 2514 3945 patriae
2547 3891 2638 3928 res
2669 3876 3008 3930 evertendas
3026 3874 3727 3946 consPirant,dissipabis,

2081 3963 2179 4018 ubi
2212 3963 2356 4034 ipsis
2387 3968 2588 4017 notum
2651 3962 2825 4015 fuerit
2873 3968 2926 4015 te
2972 3964 3065 4017 Dei
3117 3965 3302 4033 gratia
3334 3963 3512 4017 nostri
3547 3969 3730 4017 coetus

2083 4053 2289 4106 ducem
2320 4068 2468 4106 esse.
2506 4073 2534 4099 »
2570 4052 2743 4117 Itane,
2777 4051 3002 4113 amabo,
3055 4052 3330 4115 scribere,
3389 4057 3445 4105 et
3501 4051 3618 4105 haec
3659 4053 3730 4107 de

2081 4140 2344 4194 Valentis
2373 4141 2594 4211 impetu
2625 4140 2816 4193 dicere
2860 4138 3025 4194 licuit
3056 4140 3266 4194 Basilio
3288 4141 3314 4195 ?
3344 4143 3427 4195 An
3459 4158 3590 4195 vero
3623 4142 3730 4196 Ba-

2086 4227 2253 4282 silius
2286 4244 2544 4298 unquam
2576 4227 2929 4281 existimavit
2959 4227 3322 4298 Gregorium,
3355 4229 3441 4283 vel
3481 4228 3732 4301 impera-

2086 4317 2216 4382 tori,
2275 4316 2360 4370 vel
2408 4318 2696 4387 prasfucto,
2747 4315 2831 4369 vel
2880 4332 3198 4386 coquorum
3234 4317 3533 4389 magistro,
3594 4318 3736 4372 adeo

2088 4411 2190 4460 aut
2218 4405 2538 4459 terribilem
2566 4410 2668 4458 aut
2698 4411 2996 4475 acceptum
3031 4412 3251 4468 esse,ut
3281 4407 3365 4462 vel
3395 4406 3741 4462 auctoritate

2088 4497 2173 4547 vel
2208 4494 2414 4564 gratia,
2445 4492 2564 4547 imo
2610 4493 2732 4548 sola
2781 4493 2872 4548 sui
2919 4497 3246 4565 praesentia,
3278 4501 3331 4550 et
3364 4513 3494 4550 cum
3527 4495 3741 4550 Basilio

327 4586 569 4657 ignaviae
627 4583 845 4638 crimen
899 4583 1074 4637 futuri
1138 4581 1315 4654 praelii
1350 4581 1737 4652 promissione
1769 4581 1982 4637 ret‘elle-
2014 4591 2059 4654 Ι)
2092 4581 2387 4649 societate,
2420 4587 2616 4636 tantos
2664 4583 2972 4638 confestim
3023 4584 3280 4655 impetus
3325 4585 3643 4650 retardare,
3674 4600 3746 4639 ne

331 4681 413 4728 ret
446 4676 516 4743 (e)
540 4673 569 4727 ?
603 4673 829 4734 Quibus
860 4676 1016 4727 enim
1048 4671 1206 4726 illius
1249 4671 1417 4725 fidem
1454 4670 1744 4742 praeterita
1801 4675 1982 4726 certa-

335 4764 492 4817 mina
508 4779 622 4816 non
641 4762 1069 4833 approbassent
1126 4759 1304 4814 multo
1329 4759 1524 4814 minus
1547 4759 1806 4814 nondum
1830 4777 1988 4816 com-

337 4854 519 4906 missa
554 4849 1165 4922 approbarent.Aliam
1190 4849 1468 4903 rationem
1491 4848 1654 4902 addit
1672 4848 1989 4904 Tillemon-

337 4943 473 5006 tius,
509 4939 739 4996 scilicet
791 4939 1072 4994 Basilium
1137 4941 1267 5009 post
1298 4937 1663 4992 Sasimenses
1695 4937 1993 4993 molestias

338 5031 526 5085 dicere
567 5046 682 5084 non
721 5028 1021 5100 potuisse:
1056 5043 1118 5082 se
1150 5025 1370 5081 nullius
1401 5025 1510 5081 sibi
1544 5026 1598 5079 in
1627 5026 1993 5096 Gregorium,

346 5143 369 5167 ιι
395 5135 588 5190 neque
622 5116 1006 5188 parvi,neque
1040 5116 1233 5188 magni
1271 5114 1463 5169 delicti
1488 5131 1614 5170 esse
1637 5115 1993 5169 conscium.»

343 5208 554 5262 Verum
620 5207 772 5261 hanc
836 5205 1116 5261 rationem
1179 5205 1301 5276 ipse
1363 5209 1558 5258 noster
1626 5203 1998 5271 Prudentius,

346 5296 610 5367 quamvis
669 5296 829 5351 idem
885 5295 1101 5350 sentiat
1158 5309 1223 5349 ac
1280 5291 1708 5359 Tillemontius,
1743 5291 1998 5346 refellit°

413 5478 486 5547 (α)
518 5477 706 5548 Epist.
743 5475 831 5548 al.
863 5475 955 5530 2'7.

415 5545 487 5614 ib)
530 5545 642 5604 Vita
676 5547 879 5614 Basil.,
914 5564 966 5617 p.

419 5622 483 5691 {ci
516 5622 643 5676 Bas.
674 5637 770 5691 ep.
804 5615 1004 5691 71,121
1024 5615 1146 5669 164.

421 5643 464 5688 κε
516 5643 643 5676 Das.
674 5643 770 5691 8p.
817 5643 896 5685 ll,
934 5643 986 5686 Po
1024 5643 1034 5669 1

421 5643 493 5762 (εί)
531 5694 650 5749 Vita
679 5693 812 5748 Bas.
848 5706 908 5760 p.
940 5689 1034 5741 96.

2097 4670 2284 4724 dicam
2319 4693 2345 4718 «
2379 4669 2664 4741 dissipare
2698 4691 2725 4718 »
2749 4671 2980 4741 penitus
3008 4674 3250 4742 posset?
3280 4674 3428 4737 Quin
3453 4674 3546 4728 his
3569 4677 3750 4728 certa-

2099 4757 2356 4812 minibus
2387 4773 2520 4811 cum
2573 4758 2860 4827 praefectis
2913 4759 2985 4814 ab
3026 4761 3375 4832 imperatore
3408 4760 3748 4831 praemissis,

2100 4852 2156 4903 et
2185 4862 2317 4900 cum
2352 4846 2476 4916 ipso
2495 4845 2734 4900 Valente
2765 4847 2948 4901 adfuit
2978 4851 3327 4919 Gregorius:
3389 4849 3528 4919 quid
3583 4863 3752 4918 porro

2103 4934 2217 4990 tale
2246 4934 2532 5006 praestitit,
2567 4934 2738 5005 quale
2770 4936 3163 5006 praastiturum
3197 4936 3438 4991 confidit
3463 4934 3758 4990 Basilius?

2106 5041 2266 5096 CXV.
2331 5040 2647 5096 Eustathius
2697 5042 3012 5097 Sebaslenus
3055 5043 3444 5112 intelligendus
3489 5050 3565 5096 est
3613 5043 3762 5096 Basi-

2744 5114 2816 5166 lio
2853 5117 3114 5183 infensus.

2180 5206 2304 5256 Non
2355 5217 2490 5272 ergo
2539 5201 2608 5255 de
2659 5201 2899 5256 Valente
2952 5201 3329 5273 intelligenda
3377 5208 3520 5256 sunt
3564 5199 3761 5256 Basilii

2114 5293 2310 5357 verba,
2343 5290 2442 5345 sed
2476 5290 2546 5343 de
2579 5290 2706 5359 ejus
2739 5291 3124 5362 suifraganeis
3167 5291 3414 5362 aliisque
3453 5289 3764 5360 episc0pis.

2189 5470 2261 5541 (θ)
2293 5468 2480 5541 EPiSl:
2501 5466 2574 5520 al“

2213 5538 2260 5612 Γ)
2292 5538 2388 5612 or.
2421 5539 2510 5612 4,3,,
2543 5555 2599 5592 ιι-
2622 5539 2713 5612 59-

2213 5544 2260 5612 f)
2292 5541 2388 5594 Or.
2421 5541 2510 5608 43,
2543 5555 2599 5592 n.
2622 5541 2692 5592 59

2191 5541 2271 5682 lg)
2302 5611 2397 5666 0r.
2432 5611 2520 5675 10,
2553 5627 2611 5664 n.
2643 5610 2697 5664 3.
