4096 6288
394 373 516 433 θϐτ

1726 358 1917 420 WA
1956 358 2028 418 Β.
2069 356 2469 418 GREGOMI.

3688 354 3805 417 ΜΒ

401 498 698 573 imprimis
725 494 994 553 Eustathi
1022 491 1476 573 Sebasteno,qui
1512 489 1747 547 Sabellii
1775 493 1835 545 et
1863 487 2043 560 Apol-
2074 489 2126 555 Α
2153 485 2367 573 CXXII.
2400 489 2461 543 In
2489 487 2717 573 epistola
2765 488 2845 573 26Δ
2878 486 3125 573 Gregorii
3178 484 3242 553 ﬁt
3286 486 3494 573 mentio
3533 488 3805 571 orationis

397 572 603 647 linaris
633 602 857 643 errores
881 583 1095 639 Basilio
1118 572 1451 654 effingebat.
1488 581 1768 637 Prester-ea
1796 579 1870 634 ob
1901 594 2056 649 eam,

395 697 514 753 qua
540 679 611 733 de
632 674 852 746 Spiritu
885 678 1087 729 sancto
1118 672 1293 727 verba
1326 670 1542 725 faciens
1583 671 1857 724 utebatur
1886 665 2055 722 Basi-

393 768 531 830 lius,
562 764 968 825 eeconomiam,
1001 761 1099 815 alii
1141 759 1501 829 timiditatis,
1534 758 1633 814 alii
1672 756 1912 828 proditas
1951 759 2055 809 aut

392 856 570 915 etiam
609 855 898 911 innovatae
942 851 1074 906 fidei
1109 855 1305 905 notam
1346 848 1700 913 inurebant;
1731 860 1911 917 quam
1944 844 2052 899 ad-

392 951 568 1001 ventu
600 960 707 1000 suo
754 940 1071 1011 Gregorius
1118 944 1176 994 et
1223 937 1638 995 communione
1670 951 1804 991 cum
1836 932 2050 989 Basilio

392 1035 724 1106 abstergere
774 1031 1007 1104 penitus
1037 1034 1094 1084 et
1121 1029 1316 1085 eluere
1344 1031 1590 1100 poterat,
1625 1025 1844 1096 quippe
1873 1038 2050 1094 quem

392 1122 715 1182 divinitatis
743 1121 999 1193 Spiritus
1028 1117 1211 1175 sancti
1240 1117 1605 1180 liberrimum
1639 1120 1697 1170 et
1740 1130 1853 1185 prae
1885 1118 2049 1167 caete-

396 1214 476 1270 ris
507 1228 710 1269 omnes
741 1213 1233 1283 propugnatorem
1277 1207 1692 1279 agnoscebant.
1743 1203 2051 1271 Propterea

399 1302 647 1359 Basilius
679 1298 1022 1371 Gregorium
1073 1298 1339 1361 advocat,
1374 1295 1465 1350 his
1495 1292 1721 1349 verbis:
1754 1315 1783 1342 α
1808 1291 1871 1347 Si
1920 1296 2047 1345 tan-

424 1408 519 1447 um
552 1404 857 1461 appareas.
890 1388 1075 1459 ipsius
1106 1385 1440 1457 supprimas
1468 1383 1775 1454 impetum,
1834 1394 2050 1450 eosque

405 1480 491 1552 ~[ui
543 1480 612 1535 ad
664 1495 755 1535 res
804 1475 1006 1549 patriae
1036 1475 1375 1531 evertendas
1405 1472 1766 1544 conspirant,
1798 1469 2048 1540 dissipa-

398 1569 508 1631 bis,
543 1590 571 1618 »
604 1573 714 1623 etc.

466 1658 581 1713 Nec
613 1672 744 1710 vero
772 1671 841 1711 ex
873 1653 1252 1723 sequentibus
1290 1651 1531 1724 colligas
1580 1648 1844 1705 Valentis
1874 1670 1902 1698 α
1936 1647 2046 1702 im-

397 1753 593 1820 petum
641 1767 669 1795 ››
718 1744 1058 1817 signiﬁcari.
1121 1747 1463 1814 Exspectare
1494 1754 1748 1811 namque
1799 1735 2047 1792 Basilius

391 1836 565 1892 etiam
624 1840 748 1889 tum
782 1833 990 1905 potuit,
1033 1836 1097 1886 ut
1129 1832 1202 1886 ab
1228 1828 1478 1886 ecclesia
1508 1828 1879 1900 paternisque
1908 1824 2045 1880 sedi-

391 1925 502 1979 bus
532 1923 858 1993 ejiceretur,
893 1937 1005 1975 non
1040 1925 1270 1975 tantum
1320 1921 1393 1974 ab
1430 1917 1685 1983 Arianis,
1720 1914 1818 1985 qui
1852 1914 1909 1969 id
1939 1930 2041 1969 an-

389 2030 464 2069 no
494 2014 619 2077 372,
672 2011 1002 2081 iterumque
1048 2024 1200 2064 anno
1249 2008 1355 2062 376
1399 2009 1739 2079 tentarunt;
1780 2018 1978 2059 verum
2008 2018 2045 2057 a

388 2099 700 2157 Catholicis
753 2098 929 2154 etiam
982 2097 1272 2168 pluribus,
1326 2095 1428 2167 qui
1483 2099 1540 2149 et
1582 2093 1695 2165 ipsi
1743 2108 1891 2148 cmco
1922 2090 2044 2146 zelo

389 2189 615 2261 abrepti
684 2187 897 2243 Basilio
960 2186 1441 2241 adversabantur.
1502 2183 1781 2237 Praeterea
1836 2180 2043 2235 Eusta-

389 2280 551 2335 thius
583 2278 956 2341 Sehastenus,
990 2274 1165 2331 homo
1199 2271 1542 2345 versipellis,
1595 2271 1695 2342 qui
1727 2286 1859 2325 cum
1887 2268 2043 2322 Aria-

389 2368 482 2425 nis
512 2373 637 2425 erat
668 2372 792 2422 tum
816 2365 1227 2421 communione
1257 2370 1314 2418 et
1340 2364 1400 2417 in
1432 2359 1715 2416 Basilium
1748 2358 1880 2414 odio
1913 2372 2045 2412 con-

383 2452 1314 2533 junctissimus,Eu.stathianique
1345 2449 1583 2506 famosis
1617 2447 1830 2504 libellis
1859 2450 2041 2501 Cresa-

391 2546 643 2601 riensem
692 2543 1033 2615 episcopum
1084 2541 1453 2607 lacerabant;
1499 2540 1643 2595 adeo
1683 2542 1810 2591 uta
1840 2534 2043 2590 multis

390 2635 544 2691 male
572 2634 820 2700 audiret,
871 2631 1046 2687 etiam
1094 2628 1451 2697 orthodoxis,
1475 2632 1649 2700 atque
1678 2627 1808 2697 ej-us
1836 2625 1897 2679 in
1931 2624 2043 2679 ﬁde

388 2723 569 2779 dubia
598 2728 754 2779 esset
785 2720 1117 2793 integritas.

437 2973 617 3030 CXV].
649 2973 983 3045 Episcopum
1013 2977 1146 3027 tunc
1171 2971 1344 3040 fuisse
1375 2968 1706 3041 Gregorium
1735 2971 1981 3025 constat.

454 3154 603 3218 Quin
634 3153 809 3209 etiam
841 3150 1183 3223 Gregorium
1222 3154 1493 3206 nostrum
1526 3150 1666 3203 tunc
1696 3145 2035 3217 episcopum

2240 560 2430 684 112211110
2476 558 2681 617 constat
2724 566 2847 630 post
2891 559 3198 613 orationem
3244 558 3507 628 scriptam
3547 574 3662 614 esse
3693 560 3806 630 epi-

2240 648 2260 684 s
2288 646 2316 684 o
2381 649 2453 684 m.

2235 646 2453 687 srowm.

2235 737 2475 808 Hisjam
2506 738 2578 791 ad
2610 736 2914 792 cumulum
2940 736 3180 792 accedat
3199 736 3377 807 (quod
3401 735 3660 807 Opinioni
3688 755 3805 793 suae

2162 826 2599 887 incommodare
2632 844 2745 882 non
2776 824 3111 881 dissimulat
3134 825 3805 896 Tillemontius),oratie-

2162 933 2294 972 nem
2345 915 2617 988 Theologi
2652 916 2910 975 habitam.
2957 931 3110 972 anno
3139 916 3264 981 372,
3298 920 3681 987 posteaquam
3713 916 3806 972 ab-

2151 1004 2325 1075 jectis
2358 1004 2603 1063 Sasimis
2642 1004 3013 1061 Nazianzenus
3048 1002 3313 1063 Ecclesiae
3341 1004 3800 1062 administratio-

2160 1111 2315 1160 nem,
2337 1095 2585 1165 jubente
2614 1099 2795 1165 patre,
2827 1093 3089 1165 suscepit
3118 1093 3453 1164 Gregorius,
3487 1093 3714 1150 laudari
3745 1094 3803 1149 in

2158 1185 2406 1257 epistola
2458 1185 2550 1251 26,
2606 1184 2679 1240 de
2749 1200 2867 1254 qua
2942 1183 3172 1253 agitur:
3244 1204 3273 1236 ι(
3333 1182 3657 1253 Simulque,
3718 1185 3804 1239 in-

2157 1274 2284 1345 quit
2328 1274 2429 1344 (b),
2479 1288 2676 1330 vocem
2730 1272 3047 1344 quamdam
3083 1287 3274 1327 meam
3331 1274 3807 1329 commemoravit

2159 1362 2505 1433 (monachus
2533 1361 2634 1434 qui
2663 1361 2721 1418 in
2754 1361 3035 1421 Basiliam
3070 1360 3338 1417 atrociter
3378 1360 3802 1433 invehebatur),

2158 1469 2292 1509 cum
2338 1469 2463 1525 ego,
2506 1457 2571 1508 ut
2598 1452 2657 1507 in
2692 1450 3165 1523 frequentissimo
3195 1454 3366 1519 cmtu,
3398 1451 3470 1507 de
3500 1450 3803 1507 divinitate

2157 1545 2335 1599 verba
2367 1542 2585 1596 faciens
2615 1540 3022 1612 pervulgatum
3068 1539 3211 1594 illud
3249 1539 3321 1595 de
3350 1539 3567 1611 Spiritu
3602 1545 3803 1597 sancto

2158 1631 2467 1688 interfatus
2497 1646 2725 1686 essem:
2772 1631 3088 1701 Quousque
3138 1627 3437 1685 lucernam
3483 1630 3802 1686 absconde-

2158 1737 2292 1776 mus
2323 1720 2432 1775 sub
2466 1719 2658 1775 modio
2678 1718 2706 1772 ?
2737 1740 2766 1777 ››
2789 1718 2927 1782 Quae
2955 1718 3201 1774 totidem
3232 1718 3426 1773 verbis
3456 1718 3513 1773 in
3544 1719 3804 1775 oratione

2158 1809 2467 1865 habentur.
2519 1809 2598 1865 Ex
2640 1824 2754 1879 quo
2799 1807 3063 1875 sequitur
3118 1807 3240 1863 haec
3297 1807 3618 1879 contigisse
3672 1813 3804 1880 post

2155 1899 2495 1966 orationem,
2547 1915 2674 1970 quae
2726 1896 2925 1953 habita
2959 1902 3050 1953 est
3079 1913 3232 1952 anno
3262 1898 3408 1961 372;
3444 1897 3803 1970 proindeque

2152 1988 2459 2060 epistolam
2506 1988 2576 2043 26
2625 2003 2738 2043 non
2784 2003 2937 2042 anno
2995 1987 3119 2053 371,
3169 1987 3271 2042 sed
3317 2003 3473 2042 anno
3513 1988 3619 2043 372
3664 1988 3804 2043 scri-

2155 2084 2315 2151 ptam
2345 2094 2494 2142 esse,
2525 2077 2701 2148 idque
2725 2082 2853 2147 post
2882 2076 3490 2148 Septembrem,quem
3524 2077 3580 2131 in
3624 2094 3805 2134 mem-

2153 2185 2277 2225 sem
2309 2167 2516 2224 incidit
2548 2166 2699 2222 beati
2724 2166 2995 2237 martyris
3016 2165 3326 2237 Eupsychii
3354 2167 3473 2221 sive
3496 2168 3799 2237 memoria,

2150 2257 2273 2315 sive
2302 2261 2644 2321 conventus,
2692 2256 2846 2313 unde
2884 2254 3282 2310 calumniandi
3317 2256 3600 2311 Basilium
3633 2274 3802 2313 occa-

2153 2349 2379 2404 sionem
2426 2345 2749 2403 monachus
2797 2345 3141 2417 arripuerat.
3187 2344 3385 2414 quue
3414 2346 3590 2401 etiam
3628 2347 3803 2403 citius

2152 2437 2262 2494 hoc
2311 2454 2462 2494 anno
2517 2434 2832 2498 Hellenius,
2883 2434 2982 2505 qui
3031 2434 3288 2506 Gregorii
3329 2434 3551 2491 litteras
3584 2435 3799 2493 Basilio

2152 2528 2423 2593 reddidit,
2454 2524 2832 2597 exaequandis
2861 2524 3129 2579 Naeianzi
3161 2524 3399 2580 tributis
3430 2526 3800 2600 praepositus,

2151 2620 2467 2674 Caesaream
2501 2616 2793 2686 profectus
2817 2618 2926 2669 est.

2219 2710 2501 2762 Caeterum
2534 2720 2650 2776 quo
2678 2708 2940 2775 tempore
2970 2702 3286 2775 Gregorius
3314 2720 3434 2762 una
3461 2720 3595 2763 cum
3628 2708 3794 2776 patre

2148 2797 2569 2852 Nazianzenam
2618 2793 2934 2849 Ecciesiam
2983 2792 3453 2860 administrabat,
3488 2794 3609 2849 sive
3639 2800 3794 2867 ante,

2148 2887 2266 2944 sive
2278 2889 2679 2959 postexortam
2692 2901 2822 2941 cum
2840 2885 3126 2941 monacho
3144 2886 3213 2940 de
3228 2884 3444 2941 Basilio
3466 2889 3798 2940 controver-

2144 2978 2640 3041 siam,Cessaream
2675 2992 2737 3031 se
2782 2975 3052 3041 contulit,
3086 2975 3286 3046 ibique
3316 2974 3587 3030 eximiam
3624 2973 3792 3029 illam

2145 3072 2467 3122 orationem
2499 3066 2568 3137 (c)
2616 3065 2823 3120 habuit
2868 3081 2995 3135 quas
3044 3065 3118 3119 De
3151 3080 3457 3135 pauperum
3489 3080 3675 3119 amore
3702 3063 3795 3118 in-

2145 3156 2439 3212 scribitur.
2474 3155 2684 3210 Eorum
2717 3171 2897 3210 causa
2927 3152 3299 3225 potissimum
3332 3152 3533 3208 habita
3553 3158 3663 3220 est,
3688 3153 3791 3224 qui

386 3243 587 3309 fuisse,
639 3258 707 3297 ex
747 3241 839 3295 his
885 3239 1151 3310 eiusdem
1208 3236 1490 3309 θρίεῐοιδο
1547 3251 1721 3306 quam
1770 3236 1841 3293 ad
1899 3250 2035 3290 eum
2066 3234 2111 3300 C
2147 3245 2205 3300 in
2256 3244 2531 3315 hospitali
2577 3244 2773 3312 domo,
2824 3242 3051 3298 alendis
3102 3242 3457 3314 pauperibus
3508 3242 3790 3299 aBasilio

388 3330 620 3402 scripsit
652 3328 904 3386 Basilius
935 3329 1033 3399 (a),
1084 3326 1277 3383 verbis
1321 3332 1476 3382 certo
1507 3324 1697 3396 colligi
1734 3340 1904 3396 posse
1935 3340 2035 3380 no-

388 3422 479 3477 bis
538 3419 814 3474 videtur:
856 3415 920 3471 Ei
978 3415 1081 3489 γὰρ
1130 3415 1265 3468 κατᾶ
1313 3414 1404 3472 τὰς
1463 3411 1693 3487 ἀρχαίας
1742 3412 2034 3482 συνθήκας,

387 3507 475 3564 καὶ
525 3507 660 3561 κατὰ
706 3506 803 3573 τὴν
857 3502 1219 3580 ὀφειλομένην
1268 3506 1379 3573 νῦν,
1409 3506 1528 3562 ταῖς
1568 3498 1882 3568 ἐκκλησίαις
1911 3499 2037 3571 παρ’

386 3599 546 3669 ἡμῶν
576 3593 913 3667 ἐπιμέλειαν,
945 3592 1012 3647 τὰ
1042 3590 1228 3647 πολλὰ
1267 3594 1366 3645 τοῦ
1418 3589 1661 3644 ἐνιαυτοῦ
1712 3590 1825 3661 μετ’
1858 3586 2035 3659 ἀλλή-

387 3684 499 3742 λων
533 3681 816 3760 διήγομεν·
851 3708 878 3733 ‹‹
913 3682 968 3737 Si
1023 3681 1178 3737 enim
1225 3698 1294 3743 ex
1340 3680 1516 3735 veteri
1560 3686 1746 3751 pacto,
1778 3696 1845 3735 ac
1868 3681 2038 3748 juxta

379 3793 508 3831 eam
543 3791 717 3847 quam
750 3789 907 3828 nunc
939 3772 1221 3826 debemus
1252 3768 1535 3828 ecclesiis.
1560 3785 1758 3824 curam
1790 3773 1848 3823 et
1878 3767 2036 3824 solli-

378 3863 946 3935 citudinem.saepius
979 3877 1080 3933 per
1110 3875 1330 3919 annum
1362 3859 1891 3913 convenissemus.»
1920 3862 2031 3914 etc.

371 3954 502 4010 Haec
534 3956 687 4009 certe
721 3952 899 4007 verba
931 3948 1271 4022 Gregorium
1306 3964 1419 4003 non
1449 3964 1617 4004 secus
1641 3964 1704 4005 ac
1750 3947 2032 4003 Basilium

371 4043 553 4099 fuisse
612 4043 952 4113 episcopum
1003 4040 1309 4102 denotant,
1359 4054 1685 4105 novamque
1734 4053 1800 4091 ac
1830 4051 2029 4107 parem

364 4133 487 4203 jam
524 4148 679 4186 nunc
709 4130 1150 4185 incumbentem
1184 4127 1473 4182 ambobus
1514 4124 1894 4180 Ecclesiarum
1930 4141 2029 4179 cu-

370 4236 517 4277 ram.
552 4218 715 4275 Unde
772 4219 1060 4289 sequitur,
1111 4214 1178 4270 τᾶ
1234 4210 1422 4269 πολλὰ
1478 4216 1575 4267 τοῦ
1627 4211 1870 4268 ἐνιαυτοῦ
1920 4229 2031 4285 μετ’

368 4304 634 4377 ἀλλήλων
684 4302 975 4380 διήγομεν,
1026 4321 1152 4377 quae
1202 4309 1354 4360 recte
1400 4308 1570 4360 vetus
1617 4303 1901 4376 interpres
1947 4303 2032 4359 sic

371 4398 570 4453 Latine
602 4395 902 4452 reddidit:
933 4414 953 4442 σ
1010 4391 1234 4463 Saepius
1285 4409 1387 4465 per
1416 4409 1635 4449 annum
1669 4390 2032 4448 convenisse-

369 4504 522 4555 mus,
554 4511 576 4539 ι
617 4486 774 4559 quod
809 4484 1120 4557 episcopos
1154 4483 1402 4538 maxime
1422 4482 1613 4553 juvat,
1663 4482 2030 4554 probautque

368 4577 703 4647 frequentes
742 4573 970 4647 synodi.
1024 4576 1387 4644 Quapropter
1434 4571 1687 4627 Basilius
1738 4571 2025 4627 malorum
2059 4609 2103 4673 Β

366 4682 606 4722 causam
638 4664 772 4720 inde
804 4663 1031 4735 repetit,
1078 4662 1233 4733 quod
1288 4678 1401 4716 non
1465 4678 1582 4717 una
1639 4661 2021 4716 conveniant:

363 4751 569 4808 τούτων
628 4750 687 4807 δὲ
742 4750 911 4807 αἷίςιον
972 4749 1165 4805 ἐκεῖνο.
1220 4792 1233 4807 .
1290 4792 1304 4807 .
1361 4749 1423 4803 τὸ
1505 4749 1581 4821 μὴ
1642 4749 2022 4823 συντυγχάνειν

2146 3334 2355 3405 Magno
2380 3337 2913 3398 constructa,sacro
2947 3333 3148 3387 morbo
3178 3331 3540 3388 laborabant.
3572 3332 3653 3385 Ad
3680 3331 3792 3387 hoc

2143 3423 2317 3478 etiam
2350 3428 2584 3491 tempus
2616 3422 2908 3492 pertinent
2941 3422 3232 3476 orationes
3254 3426 3604 3489 sequentes;
3639 3420 3796 3475 vide-

2144 3510 2280 3567 licet
2308 3511 2535 3566 decima
2565 3509 2769 3581 quinta
2811 3512 2869 3563 in
2903 3508 3122 3565 laudem
3154 3509 3607 3572 Machabaeorum,
3643 3526 3793 3580 quo-

2145 3617 2274 3655 rum
2306 3600 2610 3672 passiones
2642 3616 2755 3654 non
2786 3615 2855 3653 ex
2883 3598 3050 3653 libris
3082 3599 3267 3653 sacris
3299 3598 3399 3669 qui
3436 3598 3796 3652 Machabseo-

2143 3706 2273 3744 rum
2324 3706 2535 3744 nomen
2586 3688 2824 3754 habent,
2876 3688 2975 3743 sed
3023 3704 3091 3742 ex
3136 3686 3371 3758 Josephi
3404 3687 3551 3741 libro
3582 3688 3657 3742 De
3685 3690 3793 3741 im-

2141 3780 2417 3850 peratrice
2447 3777 2918 3844 ratione,exponit
2947 3783 3006 3833 et
3035 3776 3379 3848 eloquentiae
3406 3794 3524 3831 suae
3546 3776 3797 3831 ﬂoribus

2143 3873 2403 3923 exornat.
2464 3866 2696 3922 Decima
2744 3871 2924 3934 sexta,
2981 3867 3042 3920 in
3089 3874 3309 3936 patrem
3362 3869 3627 3921 tacentem
3665 3882 3796 3935 pro-

2141 3960 2265 4024 pter
2308 3958 2530 4027 plagam
2577 3955 2888 4024 grandinis,
2940 3971 3058 4026 qua
3105 3955 3383 4010 Tiberina
3431 3955 3608 4025 regio,
3652 3953 3795 4009 Gre-

2141 4046 2286 4116 gorii
2339 4046 2531 4100 natale
2576 4044 2794 4112 solum,
2828 4061 2982 4099 anno
3012 4044 3246 4099 circiter
3275 4043 3380 4098 373
3412 4043 3625 4099 afflicta
3661 4042 3795 4097 fuit.

2144 4135 2373 4191 Decima
2403 4134 2675 4206 septima,
2708 4134 2778 4189 ad
2824 4136 2965 4189 cives
2999 4137 3378 4190 Nazianzenos
3405 4135 3568 4205 gravi
3597 4134 3798 4187 timore

2138 4226 2433 4295 percuLsos,
2466 4225 2539 4278 ob
2569 4222 2846 4278 delictum
2879 4223 3027 4279 alias
3058 4223 3446 4295 incognitum,
3479 4231 3528 4278 et
3550 4223 3628 4277 ad
3644 4236 3798 4293 pree-

2136 4316 2341 4384 fectum
2369 4314 2722 4368 irascentem.

2138 4474 2375 4531 CXVIII.
2422 4479 2573 4533 Mor:
2623 4473 2898 4558 Gregorii.
2924 4474 3158 4557 seaioris
3187 4476 3240 4529 et
3267 4473 3484 4531 Nonae
3512 4472 3630 4544 ejus
3657 4487 3792 4528 coa-

2865 4561 3044 4618 Jugis.

2204 4670 2529 4736 Quomodo,
2580 4670 2824 4740 abjectis
2872 4669 3134 4738 Sasimis,
3168 4668 3482 4740 Gregorius
3513 4667 3795 4724 solitudi-

2132 4775 2263 4814 nem
2299 4759 2507 4813 iterato
2540 4758 2793 4829 petierit.
2827 4774 3011 4829 eaque
3042 4764 3328 4812 retractus
3362 4756 3631 4811 Ecclesia:
3676 4755 3790 4810 Na-

364 4844 534 4915 ἡμᾶς.
566 4845 812 4901 Domum
843 4844 963 4899 haec
993 4842 1257 4913 ejusdem
1287 4839 1549 4912 epistolae
1579 4841 1774 4909 verba,
1797 4841 2026 4910 cpisco-

2155 4848 2415 4903 ianzenaa
2471 4864 2673 4903 curam
2720 4848 3065 4919 susceperit.
3119 4852 3360 4919 rogante
3410 4845 3495 4901 vel
3539 4846 3793 4916 jubente

367 4950 506 5004 pum
541 4932 720 4988 fuisse
750 4938 888 4987 tunc
921 4930 1263 5003 Gregorium
1305 4930 1697 4984 confirmant:
1731 4926 1816 4981 ὅτι
1866 4926 2024 4989 αὐτὸς

365 5024 435 5094 τῇ
482 5023 579 5074 τοῦ
626 5023 759 5074 Θεοῦ
808 5018 993 5096 χάριτι
1044 5021 1141 5072 τοῦ
1195 5016 1313 5081 καθ’
1343 5017 1490 5087 ἡμᾶς
1524 5012 1800 5089 συλλόγου
1829 5016 2025 5091 κατάρ-

2133 4942 2315 5010 patre,
2353 4938 2479 5007 jam
2530 4937 2919 4993 narravimus.
2971 4938 3049 4992 Ea
3093 4942 3315 5004 autem,
3350 4935 3663 4992 utdictum
3699 4940 3795 4991 est

2133 5026 2465 5081 conditione
2494 5025 2767 5081 vicariam
2803 5026 3206 5098 praefecturam
3242 5024 3521 5095 suscepit,
3546 5027 3793 5091 ut,mor-

368 5128 512 5184 χείς,
563 5110 649 5165 vel
701 5115 762 5165 ut
806 5115 970 5165 vetus
1038 5108 1217 5163 editio
1266 5105 1564 5179 κατάρξας·
1619 5127 1647 5155 ‹‹
1708 5106 2025 5161 Conventui

2158 5132 2187 5169 e
2217 5113 2447 5169 sublato
2478 5120 2661 5185 patre,
2718 5114 3016 5171 discedere
3046 5119 3103 5169 et
3133 5131 3249 5186 quo
3283 5112 3449 5169 vellet
3479 5113 3639 5168 abire
3672 5114 3788 5169 sibi

370 5204 588 5262 nostro.
625 5217 723 5255 seu
758 5200 998 5272 synodo,
1029 5196 1403 5269 praesidebis;
1449 5219 1476 5244 ››
1509 5194 1592 5250 vel
1621 5202 1683 5250 ut
1714 5194 2024 5250 Tillemon-

368 5292 506 5356 tius,
547 5313 572 5342 α
604 5290 866 5346 Ecclesia:
902 5298 1111 5345 nostra:
1159 5293 1335 5359 caput
1382 5292 1437 5341 te
1471 5288 1727 5357 praebeas
1761 5305 1825 5342 ac
1858 5305 2022 5343 com-

370 5389 696 5437 monstres:
734 5404 758 5429 »
791 5382 943 5452 quod
977 5379 1267 5450 episcopis
1299 5379 1581 5431 duntaxat
1621 5378 1850 5448 proprie
1882 5395 2020 5433 con-

370 5471 565 5524 venire
600 5488 767 5525 nemo
801 5469 1003 5525 nescit.

434 5625 509 5704 (α)
540 5628 728 5704 Epist.
755 5630 908 5703 71,1).
979 5631 1097 5685 165,

431 5702 507 5772 go)
541 5701 634 5758 oe.
671 5701 753 5770 12,
791 5701 915 5757 nis

2133 5203 2353 5259 liceret.

2203 5294 2324 5347 Non
2378 5293 2459 5347 ita
2506 5292 2679 5365 longo
2731 5299 2860 5365 post
2905 5300 3168 5366 tempore
3197 5291 3511 5364 Gregorius
3564 5297 3789 5359 noster,

2132 5378 2389 5453 paren‘is
2437 5382 2745 5454 utriusque
2784 5383 2967 5453 obitu,
2995 5383 3368 5438 Nazianzenae
3400 5381 3664 5437 Ecclesia:
3696 5400 3786 5438 re-

2131 5472 2325 5543 gimen
2358 5470 2615 5526 excussit
2645 5488 2823 5543 seque
2854 5472 2967 5528 sibi
2998 5472 3331 5528 vindicavit.
3375 5473 3539 5527 Anno
3586 5470 3785 5542 siqui-

2204 5629 2274 5703 (ε)
2305 5632 2400 5686 Or.
2436 5632 2525 5688 14.
