4096 6288
286 433 406 496 209

1626 419 1813 492 VITA
1856 419 1921 490 Β.
1968 418 2366 491 GREGORII.

3586 410 3706 478 210

288 572 420 625 dem
453 568 580 633 374,
614 566 771 621 circa
798 573 1043 620 vernum
1072 561 1687 636 tempus,Gregorium
1717 563 1943 636 patrem
1974 565 2029 631 Α
2129 553 2284 617 CXX.
2317 555 2518 615 Basilii
2544 563 2717 615 morte
2743 555 2997 636 cantatus
3038 552 3246 610 accedit
3283 551 3354 608 ad
3383 551 3635 623 Gregorii

290 668 470 715 annos
506 661 710 711 natum
745 667 895 726 pene
914 658 1309 718 centum,cum
1343 665 1411 709 ex
1443 654 1514 708 iis
1545 653 1941 725 quadraginta

287 748 546 819 quinque
579 744 958 800 Nazianzenas
981 742 1246 799 Ecclesiae
1276 743 1788 813 praefuisset,mors
1811 741 1940 796 absa

288 836 568 890 tulit.Nec
604 833 792 888 multo
828 838 974 901 post,
1008 833 1214 887 Nonna
1243 832 1504 902 Gregorii
1537 831 1784 886 senioris
1804 845 1944 886 con-

283 926 410 994 jux,
442 923 706 992 ejusdem
741 937 888 992 pene
919 922 1119 986 aetatis,
1158 922 1344 975 morte
1384 920 1619 975 sublata
1649 924 1754 974 est.
1795 919 1946 973 Licet

291 1013 443 1067 enim
475 1011 741 1082 quandlu
773 1015 1071 1082 superstes
1104 1010 1275 1064 fuerit
1307 1011 1669 1080 compertum”
1704 1023 1817 1063 non
1846 1008 1942 1062 ha-

291 1102 515 1166 beatur,
540 1095 641 1155 diu
671 1105 873 1154 tamen
907 1113 1034 1153 eam
1065 1097 1440 1169 superstitem
1460 1111 1572 1152 non
1610 1095 1788 1152 fuisse
1808 1095 1944 1150 inde

295 1190 384 1245 fas
412 1195 496 1244 est
521 1190 829 1257 conjicere,
867 1189 1020 1258 quod
1052 1185 1387 1258 Theologus
1418 1199 1478 1241 se
1509 1185 1619 1240 cito
1652 1190 1782 1257 post
1812 1197 1940 1241 sus-

295 1286 513 1350 ceptam
570 1278 945 1332 Nazianzenus
999 1276 1266 1331 Ecclesiae.
1335 1291 1536 1330 curam
1601 1275 1942 1339 parentibus

292 1369 554 1423 orbatum
605 1368 792 1423 fuisse
846 1366 1066 1423 scribat
1106 1368 1208 1437 (ω).
1272 1365 1487 1420 Forsan
1545 1364 1637 1419 die
1695 1364 1941 1435 Augusti

291 1460 513 1529 quinto,
552 1475 664 1527 quo
689 1459 818 1526 ejus
872 1457 1156 1511 memoria
1187 1459 1310 1509 tum
1344 1455 1497 1525 apud
1532 1453 1782 1522 Graecos,
1814 1457 1941 1508 tum

294 1549 442 1618 apud
475 1548 712 1602 Latinos
763 1544 993 1610 colitur,
1046 1545 1213 1600 obiit.
1254 1544 1394 1600 Eam
1447 1547 1602 1598 certe
1651 1558 1803 1597 anno
1852 1551 1942 1598 se-

290 1636 485 1707 quenti
510 1639 636 1705 jam
685 1638 981 1690 mortuam
1029 1633 1279 1701 constat,
1314 1649 1446 1688 cum
1490 1630 1812 1688 Seleuciam
1844 1647 1942 1704 ρει

288 1726 374 1780 tiit
399 1725 740 1797 Gregorius.

288 1887 476 1945 CXIX.
511 1889 841 1943 Parentibus
870 1885 1093 1941 orbatus
1135 1885 1442 1967 Seleuciam
1473 1897 1532 1939 se
1557 1885 1766 1954 confert
1797 1885 1942 1939 Gre-

1021 1971 1226 2026 genus.

361 2085 587 2140 Asserit
617 2084 905 2138 Baronius
938 2099 965 2132 ‹‹
1011 2080 1355 2153 Gregorium
1406 2079 1744 2152 parentibus
1777 2077 1943 2135 orba-

291 2179 417 2228 tum
448 2173 786 2228 nullatenus
810 2171 1021 2226 adduci
1048 2171 1433 2241 potuisse,«ut
1462 2169 1549 2224 vel
1581 2169 1732 2225 diem
1759 2183 1944 2224 unum

289 2263 347 2318 in
374 2261 890 2318 administratione
916 2259 1184 2316 Ecclesiae
1216 2259 1584 2315 Nazianzenaa
1616 2275 1944 2330 persevera-

291 2356 398 2412 ret.
430 2375 458 2401 η
487 2354 730 2423 rogante
760 2351 897 2405 licet
945 2349 1176 2417 Basilio,
1224 2349 1354 2404 aliis
1409 2347 1584 2404 simul
1634 2349 1944 2420 episcopis,

292 2446 344 2497 et
375 2440 598 2497 civibus
633 2437 1280 2512 precibusimportunis
1304 2438 1361 2492 id
1396 2437 1586 2509 ipsum
1621 2437 1945 2510 elflagitan-

290 2532 488 2596 tibus;
522 2549 556 2584 τι
586 2529 802 2601 quibus
835 2526 1130 2589 omnibus,
1165 2532 1391 2598 captata
1426 2529 1580 2599 fuga,
1599 2543 1660 2582 se
1694 2527 1948 2598 abripuit

295 2620 585 2692 profectus
639 2615 968 2673 Seleuciam
1025 2614 1258 2687 pietatis
1316 2631 1450 2687 ergo
1485 2617 1555 2670 ad
1601 2617 1945 2671 memoriam

295 2713 506 2764 sancta:
543 2705 791 2772 Tbeclaa,
827 2721 941 2777 quo
983 2707 1252 2776 frequens
1305 2702 1563 2759 fidelium
1613 2706 1945 2777 peregrina-

295 2799 371 2853 tio
404 2815 534 2853 esse
565 2795 809 2852 solebat.
847 2817 874 2844 ι)
909 2793 1146 2850 Rectius
1194 2811 1328 2849 vero
1377 2794 1582 2848 scribit
1629 2793 1945 2849 Tillemon-

298 2888 412 2942 tius
444 2885 730 2956 (b),hujus
757 2881 1027 2940 Ecclesiae
1061 2881 1546 2955 regimen,Basilii
1580 2881 1949 2956 aliorumque

298 2977 702 3046 episcoporum
735 2991 800 3029 ac
824 2975 1041 3029 civium
1069 2973 1334 3044 precibus
1361 2973 1578 3027 victum
1617 2974 1949 3044 suscepisse

298 3064 660 3136 Gregorium,
694 3070 751 3117 et
807 3062 866 3116 in
902 3078 967 3117 eo
1017 3061 1358 3133 aliquandiu
1419 3076 1822 3133 perseverasse
1854 3061 1942 3132 (c).

296 3153 404 3208 Nec
440 3160 636 3207 tamen
685 3151 906 3207 interea
965 3153 1228 3207 cessabat
1287 3163 1484 3222 rogare
1529 3152 1852 3223 episcopos,
1886 3153 1948 3205 ut

297 3241 428 3296 huic
450 3240 722 3296 Ecclesiae
748 3246 1037 3311 pastorem
1077 3241 1454 3311 przelicerent,
1490 3255 1665 3312 quam
1707 3241 1830 3311 ipse
1858 3256 1944 3294 re-

292 3330 810 3401 gendam,nonnisi
847 3331 1230 3400 quoadusque
1263 3330 1608 3401 praepositus
1638 3334 1793 3384 esset
1821 3346 1890 3400 ep

291 3431 526 3490 secpus,
563 3424 902 3489 susceperat
951 3415 1048 3487 (ά).
1084 3419 1222 3472 Cum
1281 3425 1473 3472 autem
1521 3416 1779 3490 Gregorii
1817 3424 1942 3490 pre-

289 3510 453 3564 cibus
481 3523 600 3563 non
638 3509 1149 3569 moverentur,nec
1181 3507 1332 3576 quod
1367 3507 1609 3577 rogabat
1639 3507 1945 3574 obtineret,

289 3599 427 3668 iuga
456 3598 698 3667 elapsus
727 3593 1054 3650 Seleuciam
1087 3611 1148 3649 se
1178 3591 1443 3659 contulit,
1465 3611 1598 3650 cum
1634 3595 1946 3651 Ecclesiam

287 3688 717 3743 Nazianzenam
750 3685 942 3740 tribus
971 3689 1201 3739 tantum
1255 3681 1482 3739 circiter
1531 3683 1702 3740 annis
1735 3690 1866 3740 ante
1897 3690 1953 3741 et

291 3779 423 3849 post
450 3779 701 3830 mortem
747 3773 929 3846 patris
962 3773 1223 3829 rexisset.

357 3865 642 3921 Seleucia
691 3881 804 3918 non
855 3862 1060 3934 exiguo
1121 3869 1380 3935 tempore
1429 3867 1823 3919 commoratus
1864 3856 1954 3918 est

292 3955 634 4025 Gregorius,
670 3957 736 4007 ut
765 3952 890 4025 ipse
917 3957 1168 4007 testatur
1196 3945 1307 4022 (e);
1341 3952 1619 4008 nimirum
1661 3969 1846 4024 usque
1881 3951 1952 4007 ad

290 4041 556 4098 Valentis
587 4039 835 4108 obitum,
870 4041 968 4112 qui
999 4041 1188 4096 victus
1221 4058 1254 4096 a
1299 4041 1523 4105 Gothis,
1566 4042 1778 4112 sagitta
1824 4056 1952 4112 per-

292 4148 524 4201 cussus,
561 4132 802 4186 incensa
831 4131 1046 4202 agresti
1079 4145 1233 4194 casa,
1268 4131 1328 4184 in
1367 4147 1543 4201 quam
1575 4130 1802 4186 delatus
1827 4131 1954 4185 fue-

292 4229 398 4286 rat,
435 4219 754 4276 ultricibi‘Js
805 4220 1060 4274 flammis
1110 4213 1463 4290 absumptus
1506 4218 1611 4273 fuit
1659 4214 1750 4273 die
1799 4231 1954 4273 nona

293 4310 546 4380 Augusti
579 4309 719 4362 anni
776 4309 901 4362 378.
927 4306 1050 4362 Illic
1082 4311 1278 4362 tamen
1329 4309 1527 4378 optata
1573 4323 1708 4377 pace
1739 4309 1797 4360 et
1839 4307 1953 4362 otio

296 4401 446 4472 quod
481 4399 842 4470 speraverat,
877 4396 989 4450 frui
1022 4413 1135 4451 non
1167 4394 1363 4450 licuit:
1401 4419 1428 4444 ‹‹
1461 4391 1617 4450 Nihil
1652 4395 1809 4459 boni,
1834 4415 1861 4445 »
1889 4395 1955 4450 ut

297 4491 422 4560 ejus
448 4485 646 4542 verbis
679 4491 812 4539 utar
841 4485 963 4556 (f),u
996 4499 1235 4556 prorsus
1266 4484 1516 4556 reperit;
1552 4485 1660 4538 imo
1700 4483 1952 4555 negotia,

302 4583 427 4649 Quae
457 4577 716 4647 effugere
741 4575 799 4628 in
828 4573 1021 4629 animo
1047 4571 1512 4642 habuerat,velut
1533 4587 1600 4627 ex
1631 4575 1951 4644 composito

2699 631 3062 684 calamitates.

2125 728 2294 776 Anno
2326 720 2592 790 sequenti
2653 719 2779 782 379,
2821 717 3134 788 Gregorius
3195 715 3388 768 adhuc
3435 713 3707 770 Seleucia:

2056 809 2422 874 concedebat,
2456 813 2515 863 et
2544 808 2781 879 quidem
2832 805 2991 878 gravi
3045 820 3109 859 ac
3155 803 3478 875 periculoso
3510 804 3708 858 morbo

2055 900 2346 965 detentus,
2380 914 2512 952 cum
2547 895 2742 950 Basilii
2768 896 2962 967 Magni
2998 892 3286 964 morsipsi
3311 892 3578 946 nuntiata
3599 897 3706 947 est.

2055 989 2347 1052 Quantum
2379 987 2438 1040 in
2470 985 2735 1040 deﬂenda
2766 989 2886 1038 tam
2918 983 3076 1038 chari
3102 981 3310 1053 capitis
3333 985 3519 1035 morte
3549 979 3708 1034 dolo-

2054 1094 2174 1132 rem
2207 1074 2536 1146 conceperit
2565 1073 2899 1145 Gregorius,
2934 1073 3060 1144 ipse
3092 1070 3254 1126 solus
3284 1085 3554 1125 enarrare
3585 1069 3708 1124 suf~

2053 1165 2192 1220 ﬁcit.
2226 1165 2301 1219 Ex
2339 1169 2525 1218 morte
2557 1162 2755 1216 Basilii
2780 1161 3056 1216 cumulus
3079 1159 3150 1214 ad
3175 1175 3314 1215 suae
3344 1158 3707 1214 calamitates

2052 1253 2164 1325 ipsi
2198 1253 2518 1308 accessisse
2549 1252 2710 1307 visus
2741 1254 2848 1306 est.
2879 1272 2905 1299 ‹‹
2935 1251 3053 1304 Hoc
3085 1264 3336 1320 quoque,
3360 1269 3389 1297 »
3420 1247 3706 1304 exclamat

2052 1343 2110 1398 in
2142 1341 2407 1414 epistola,
2441 1357 2554 1413 qua
2585 1342 2655 1396 de
2685 1338 2882 1396 Basilii
2913 1339 3070 1395 obitu
3115 1338 3353 1393 fratrem
3393 1338 3522 1407 ejus
3565 1336 3705 1391 Grec

2053 1433 2281 1504 gorium
2326 1437 2653 1504 Nyssenu'm
2713 1427 3046 1485 consolatur
3093 1429 3188 1499 (g),
3241 1441 3270 1477 ιι
3320 1426 3428 1482 hoc
3471 1440 3704 1496 quoque

2052 1537 2393 1578 mrumnoss
2426 1521 2560 1576 huic
2590 1521 2720 1574 vitae
2754 1518 3043 1589 reliquum
3077 1521 3221 1581 erat,
3241 1521 3306 1571 ut
3334 1515 3530 1571 Basilii
3553 1529 3704 1570 mor.

2056 1617 2169 1666 tem
2202 1612 2488 1674 audirem,
2522 1627 2551 1659 ιι
2585 1614 2690 1664 etc.
2729 1607 2793 1663 In
2840 1607 2954 1663 alia
3001 1606 3285 1678 epistola:
3325 1624 3352 1654 σι
3391 1604 3634 1668 Quaeris,
3672 1624 3701 1654 »ι

2053 1699 2268 1772 inquit,
2305 1699 2626 1755 Eudocium
2655 1695 3014 1768 aiioquens,«
3049 1711 3164 1766 quo
3195 1697 3352 1749 statu
3375 1709 3470 1749 res
3492 1697 3704 1748 nostra»

2053 1789 2208 1844 sint?
2238 1790 2569 1844 Admodum
2601 1788 2829 1842 acerbo.
2868 1785 3148 1840 Basilium
3183 1800 3298 1838 non
3331 1783 3554 1849 habeo;
3587 1781 3706 1836 Cac-

2054 1877 2274 1933 sarium
2308 1894 2424 1932 non
2456 1877 2664 1945 habeo,
2698 1875 2935 1930 fratrem
2969 1889 3166 1929 meum
3217 1872 3542 1928 secundum
3578 1887 3708 1924 car-

2056 1985 2187 2024 nem
2219 1973 2275 2022 et
2306 1967 2577 2039 spiritum
2605 1979 2618 2022 :
2650 1966 2814 2036 pater
2843 1979 3011 2019 meus
3059 1967 3117 2019 et
3170 1966 3356 2017 mater
3385 1977 3514 2017 mea
3544 1960 3709 2015 dere-

2053 2058 2353 2129 liquerunt
2381 2072 2493 2125 me,
2525 2058 2592 2109 ut
2640 2069 2772 2108 cum
2826 2051 3034 2107 Davide
3091 2051 3317 2122 loquar.
3350 2054 3568 2121 Corpus
3613 2049 3711 2103 ad-

2052 2163 2219 2202 versa
2248 2143 2581 2200 valetudine
2632 2141 2880 2208 laborat,
2921 2145 3190 2195 senectus
3239 2141 3413 2210 caput
3461 2138 3705 2208 premit:

2055 2253 2209 2291 curae
2238 2235 2362 2290 alia:
2394 2233 2524 2288 aliis
2553 2231 3236 2287 intexuntur.lncursant
3268 2226 3519 2299 negotia,
3539 2225 3705 2280 infidi

2055 2324 2249 2389 amici,
2282 2322 2548 2377 Ecclesiae
2579 2337 2671 2375 res
2705 2323 2935 2391 pastore
2965 2322 3022 2372 et
3069 2317 3455 2387 gubernatore
3485 2319 3704 2370 carent.

2057 2415 2303 2469 Pereunt
2329 2413 2500 2478 bona,
2532 2410 2690 2464 nuda
2719 2413 2775 2464 et
2804 2411 3006 2479 aperta
3035 2409 3176 2462 sunt
3206 2403 3380 2470 mala,
3412 2403 3705 2475 navigatio

2056 2504 2112 2558 in
2149 2507 2336 2570 nocte,
2372 2501 2463 2556 fax
2514 2515 2828 2570 nusquam,
2861 2496 3129 2551 Christus
3162 2495 3394 2549 dormit.
3430 2494 3578 2560 Quid
3622 2494 3704 2546 fa-

2057 2593 2206 2648 ciam
2228 2592 2254 2646 ?
2287 2590 2410 2647 Una
2442 2589 2584 2644 mihi
2635 2587 2924 2642 malorum
2975 2585 3266 2657 depulsio,
3298 2599 3477 2639 mors.
3510 2586 3583 2636 At
3612 2598 3706 2637 res

2057 2682 2230 2737 etiam
2263 2679 2505 2735 alterius
2537 2677 2664 2732 vitae
2713 2675 2856 2730 mihi
2895 2672 3278 2729 formidolosae
3311 2676 3467 2736 sunt,
3498 2687 3566 2725 ex
3598 2670 3708 2725 hu-

2052 2772 2151 2842 jus
2171 2770 2302 2824 vitae
2323 2770 2496 2824 rebus
2517 2767 2911 2835 conjecturam
2939 2760 3712 2833 ducenti(h).»Morbus,quo

2056 2859 2358 2913 laborabat
2404 2855 2740 2927 Gregorius,
2774 2852 2883 2908 luit
2931 2851 3350 2922 impedimento
3395 2847 3714 2920 quominus

2058 2948 2115 3002 in
2151 2949 2255 3002 hoc
2285 2945 2441 3001 tristi
2472 2949 2679 3000 eventu
2707 2941 3118 2998 communibus
3153 2938 3358 2994 amicis
3390 2939 3716 3000 adesset,et

2057 3043 2290 3093 sanctos
2325 3033 2519 3090 Basilii
2569 3034 2793 3088 cineres
2839 3028 3295 3085 exoscularetur.
3337 3025 3710 3081 Cmsariensis

2058 3127 2343 3193 Ecclesia,
2377 3129 2538 3178 tanto
2564 3125 2907 3176 ornamento
2953 3117 3236 3189 spoliatae,
3269 3115 3546 3179 solitudo,
3579 3131 3716 3184 spe-

2058 3214 2350 3271 ctaculum
2385 3217 2507 3267 erat
2553 3208 2829 3280 Gregorio
2884 3220 3123 3278 prorsus
3163 3203 3546 3258 Intolerabile.
3582 3203 3711 3273 Ipse

1897 3292 1942 3383 ί,
1977 3304 2018 3369 C
2058 3304 2303 3359 dimidia
2333 3302 2422 3356 sui
2457 3305 2618 3371 parte
2651 3303 2918 3352 mortuus
2949 3302 3004 3350 et
3030 3296 3320 3349 dissectus
3343 3292 3451 3348 sibi
3485 3292 3692 3346 videba

2053 3399 2170 3457 tur,
2203 3391 2419 3447 amisso
2450 3389 2552 3444 tali
2584 3387 2740 3443 socio
2766 3405 2778 3454 ;
2807 3403 2839 3439 a
2882 3402 2997 3456 quo
3025 3385 3200 3439 etiam
3246 3399 3350 3454 per
3381 3386 3700 3437 nocturnas

2056 3483 2333 3546 visiones,
2394 3484 2451 3533 ut
2513 3477 2651 3532 olim
2712 3493 2845 3530 cum
2905 3473 3138 3537 viveret,
3184 3471 3612 3526 admonebatur
3663 3473 3720 3525 et

2060 3570 2477 3641 castigabatur,
2517 3566 2563 3622 si
2605 3565 2742 3633 quid
2781 3563 3011 3619 iecisset
3042 3561 3238 3616 minus
3269 3559 3714 3616 decore.Basilii

2062 3663 2240 3715 funus
2271 3658 2475 3713 stricta
2521 3661 2578 3711 et
2626 3654 2879 3726 pedestri
2935 3652 3196 3708 oratione
3246 3657 3591 3722 prosecutus
3626 3653 3728 3704 est

2062 3749 2397 3820 Gregorius.
2432 3745 2656 3800 Etenim
2691 3759 2924 3798 carmen
2951 3741 3214 3805 funebre,
3251 3739 3559 3793 duodecim
3589 3737 3708 3809 epis

2063 3835 2432 3910 grammatiis
2482 3837 2780 3898 constans,
2815 3832 2904 3887 sui
2950 3831 3006 3884 in
3068 3827 3350 3884 Basilium
3411 3826 3629 3882 amoris
3659 3830 3719 3881 et

2065 3925 2337 3981 desiderii
2372 3928 2818 3978 monumentum
2853 3935 2980 3974 esse
3009 3917 3192 3972 voluit
3216 3916 3338 3984 ;sed
3367 3915 3548 3969 multo
3580 3915 3718 3969 ube-

2065 4017 2206 4080 rius,
2243 4031 2374 4069 cum
2434 4008 2930 4080 Constaniinopoli
2989 4022 3255 4061 reversus
3311 4003 3582 4059 eximiam
3645 4003 3716 4058 de

2065 4104 2260 4159 Basilii
2312 4103 2584 4156 laudibus
2631 4098 2838 4152 habuit
2889 4097 3231 4165 orationem,
3265 4093 3321 4148 in
3356 4106 3471 4165 qua
3511 4104 3716 4148 omnes

2063 4192 2280 4263 ingenii
2311 4193 2460 4244 vires
2492 4194 2548 4242 et
2579 4186 2923 4257 eloquentiae
2946 4185 3115 4240 ﬂores
3147 4182 3500 4256 profudit.8i
3534 4183 3714 4238 Baro-

2065 4282 2159 4335 nio
2190 4283 2253 4349 (ἱ)
2287 4279 2431 4333 lides
2482 4278 2537 4331 in
2578 4278 2695 4330 Vita
2743 4273 3015 4343 Gregorii,
3050 4273 3101 4328 is
3157 4296 3184 4321 «
3246 4285 3377 4328 cum
3435 4273 3506 4327 de
3547 4271 3713 4326 inﬁro

2064 4370 2285 4438 mitate,
2335 4377 2451 4436 qua
2502 4364 2888 4433 detinebatur,
2943 4360 3368 4432 aliqUantulum
3431 4359 3730 4414 allevatus

2063 4464 2237 4525 esset,
2286 4453 2712 4510 nobilissimam
2759 4451 2919 4505 illam
2963 4450 3300 4522 panegyrim
3361 4449 3418 4502 in
3477 4448 3710 4501 laudem

2062 4546 2260 4602 Basilii
2293 4543 2662 4611 conscripsit,
2697 4551 2813 4612 qna
2855 4541 3034 4594 vitam
3083 4539 3210 4609 ejus
3259 4543 3455 4593 exacte
3500 4549 3709 4590 monu-

308 4629 423 4649 γη
466 4629 613 4647 τηνυ
1335 4629 1346 4642 ι
1767 4629 1781 4644 .
2231 4635 2240 4644 .
2561 4631 2571 4644 .
2785 4630 2794 4640 .

301 4666 702 4731 incurrerunt,
735 4664 970 4731 vimque
1003 4662 1347 4717 attulerunt.
1370 4666 1677 4728 iiQurenam
1711 4661 1812 4715 illa
1836 4663 1954 4716 fue-
1985 4665 2030 4737 Β
2066 4637 2277 4690 ment‘s
2313 4637 2607 4704 perpetu”
2638 4629 3023 4700 cons‘gnavn'
3059 4650 3086 4676 ”

302 4757 415 4810 rint
446 4755 686 4824 negotia
735 4751 979 4806 delinire
1027 4768 1140 4805 non
1190 4750 1360 4806 licet:
1397 4752 1635 4806 forsitan
1699 4751 1789 4805 his
1829 4767 1952 4806 ver-

303 4843 388 4898 bis
420 4843 720 4914 significat
750 4857 812 4895 se
843 4839 914 4894 ab
946 4837 1233 4894 haereticis
1280 4846 1546 4895 vexatum
1576 4839 1773 4894 fuisse.
1810 4837 1951 4895 Gre-

301 4933 443 5003 gorii
475 4933 608 4984 vitae
663 4929 912 4999 scriptor
957 4925 1315 4999 Tbeologum
1364 4930 1566 4984 scribit
1603 4918 1953 4983 Nazianzum

301 5021 567 5085 rediisse,
601 5029 707 5073 nec
740 5017 876 5072 ullis
907 5017 1120 5072 civium
1153 5017 1422 5088 precibus
1475 5015 1624 5072 [lecti
1659 5017 1952 5090 potuisse;

303 5111 449 5180 quod
485 5124 557 5164 ex
589 5108 664 5161 iis
694 5105 886 5161 verbis
917 5105 1157 5177 colligit,
1192 5111 1257 5160 ut
1296 5106 1543 5171 videtur,
1575 5108 1786 5177 quibus
1817 5107 1953 5161 Gre-

301 5198 499 5270 gorius
532 5199 591 5250 in
626 5213 690 5250 se
722 5194 924 5250 solitas
958 5195 1231 5250 recidisse
1253 5195 1954 5268 Calamitates,postquam

301 5287 435 5360 fuga
463 5285 795 5342 Seleuciam
829 5283 1016 5356 petiit,
1048 5283 1296 5356 ipsemet
1326 5285 1557 5338 fatetur.

372 5487 455 5556 (a)
485 5487 681 5539 Carm.
716 5485 794 5537 De
827 5484 1101 5556 Vitasaa,
1135 5499 1200 5556 vi
1220 5482 1344 5556 527.

373 5552 446 5627 (ὁ)
476 5557 560 5610 Ad
597 5573 691 5627 an.
725 5556 852 5621 37-2,
885 5559 926 5608 t.
965 5552 1054 5627 Iv,
1089 5569 1143 5624 p.
1177 5553 1300 5627 3331.

369 5621 439 5698 (vc),
476 5629 594 5682 Vita
628 5626 810 5697 Greg.,
845 5630 959 5698 art.
992 5621 1172 5695 39,_p.
1333 5649 1347 5691 ;
1378 5626 1483 5678 art.
1519 5623 1606 5688 42,
1643 5641 1698 5695 p.
1735 5621 1856 5678 404.

373 5696 445 5770 (d)
473 5701 664 5770 Carm.
702 5696 782 5770 Qa
816 5697 937 5770 ifita
961 5711 1172 5770 sua,_v.
1203 5696 1328 5770 550.

475 5768 574 5822 Καὶ
609 5789 701 5840 μοι
733 5765 962 5836 διῆλθεν
991 5764 1051 5819 οὐ
1075 5761 1296 5842 ’βραχὺς
1329 5761 1458 5837 τῇδε
1483 5763 1701 5838 χρόνος.

2063 4737 2247 4798 CXXI.
2286 4737 2574 4806 Gregorius
2624 4735 2994 4807 proﬁciscitur
3038 4732 3588 4802 Co-iistantinopclim,
3615 4731 3712 4785 ab:

2233 4812 2474 4866 Thracia?
2501 4806 2766 4878 epis-scpis
2799 4813 2847 4861 et
2877 4807 3186 4861 orthodoxis
3216 4806 3526 4859 accersitus.

2137 4917 2411 4984 Quamvis
2445 4912 2719 4986 praeclara
2750 4913 2868 4967 sint
2917 4927 3274 4982 quaecunque
3322 4909 3604 4963 hactenus
3644 4906 3715 4962 de

2063 5005 2336 5078 Gregorio
2369 5003 2752 5068 narravimus,
2788 5001 2956 5072 longe
3003 4999 3366 5071 praeclariora
3398 4997 3718 5067 supersunt

2069 5096 2335 5158 dicenda,
2367 5111 2434 5148 ea
2466 5092 2686 5147 scilicet
2717 5108 2840 5161 quae
2891 5089 3120 5142 duobus
3177 5085 3264 5141 vel
3311 5084 3499 5140 tribus
3547 5083 3720 5139 annis

2065 5185 2246 5256 gessit
2270 5178 2776 5250 Constantinopoli
2804 5197 2816 5246 ;
2850 5175 2969 5232 sive
3003 5173 3143 5229 illnc
3193 5187 3226 5228 ο.
3269 5174 3490 5245 synodo
3523 5175 3717 5227 Antio-

2067 5273 2268 5338 chena,
2305 5275 2368 5326 ut
2411 5269 2654 5323 Baronio
2686 5261 2933 5332 videtur,
2970 5265 3188 5318 missus
3237 5257 3430 5329 fuerit,
3464 5262 3585 5318 sive
3628 5276 3720 5316 ro-

2140 5469 2204 5539 (f')
2235 5468 2424 5539 Carm.
2456 5466 2528 5539 De
2563 5463 2686 5539 lita
2715 5466 2837 5530 sud,
2864 5475 2919 5515 v.
2953 5453 3077 5510 553.

2161 5535 2212 5608 ρ’)
2248 5537 2428 5607 Epist.
2463 5535 2538 5608 al.

2164 5605 2218 5678 ἢ)
2251 5605 2432 5679 Epist.
2468 5606 2554 5679 al._
2575 5605 2664 5658 39.

2141 5667 2213 5750 (1'),
2238 5667 2404 5752 Apud
2439 5676 2603 5745 Boll.,
2641 5673 2707 5730 ad
2742 5672 2892 5727 diem
2925 5671 2959 5723 9
2990 5669 3144 5741 Maii,
3178 5680 3232 5743 p.
3267 5667 3389 5723 3'38.
