4096 6288
291 380 408 458 zu

1627 375 1815 438 Vl'l‘A
1860 377 1928 437 S.
1973 375 2368 436 GBEGOBII.

3578 375 3700 434 212

297 510 579 582 gantibus
608 508 1262 580 ConstantinOpolitanis
1293 522 1354 562 se
1398 507 1726 564 contulerit.
1762 507 1942 564 Credo
1974 509 2026 575 Α
2055 506 2148 563 lus
2181 507 2298 574 ille,
2333 508 2582 563 obscura
2628 509 2686 562 et
2733 503 2976 575 ignobili
3027 504 3214 575 patria
3263 509 3459 568 natus,
3487 507 3553 560 ad
3601 525 3704 563 vos

298 600 568 671 equidem
619 598 922 668 episcopos
980 597 1237 652 veritatis
1289 597 1638 659 defensores,
1701 597 1936 667 quibus,

299 695 606 760 postquam
643 687 772 740 fidei
804 685 1118 757 perduellis
1147 685 1469 741 exstinctus
1500 691 1589 740 est
1617 685 1937 744 Valens.ad

297 794 436 832 suas
468 773 744 829 ecclesias
777 775 1096 829 revertendi
1149 775 1480 829 facultatem
1521 775 1681 828 dedit
1709 774 1938 829 Gratia-

297 883 430 926 nus.
464 862 709 918 consilia
738 863 960 927 iniisse,
995 868 1058 918 ut
1088 862 1282 918 illatas
1331 863 1604 918 Ecclesiis
1637 863 1837 935 plagas
1869 862 1940 916 ab

293 954 525 1011 Arianis
583 959 880 1023 sanarent,
930 953 1246 1024 tristesque
1301 970 1502 1008 ruinas
1567 958 1940 1024 repararent:

294 1044 466 1099 credo
497 1043 673 1097 etiam
721 1041 780 1096 in
829 1058 954 1097 eam
1006 1057 1127 1096 rem
1180 1041 1414 1096 habitas
1461 1041 1641 1096 fuisse
1668 1041 1942 1113 synodos.

299 1132 462 1188 Haud
491 1136 686 1186 tamen
719 1131 1062 1185 crediderim
1088 1146 1219 1184 cum
1253 1130 1497 1184 Baronio
1518 1129 1945 1201 (a)Gregorium

299 1209 590 1280 nostrum.
639 1217 1010 1273 Antiochenaa
1058 1216 1264 1289 synodi
1323 1217 1575 1282 decreto,
1624 1217 1827 1272 eadem
1876 1217 1948 1270 de

299 1325 482 1365 causa
501 1309 738 1378 jussum
762 1323 890 1361 esse
909 1305 1473 1378 Constantinopolim
1506 1305 1823 1377 proficisci;
1847 1306 1948 1361 sed

302 1396 648 1454 accersitum
682 1396 754 1450 ab
779 1395 1070 1467 episcOpis
1114 1395 1372 1450 Thracias
1403 1401 1459 1450 et
1489 1395 1560 1449 ab
1592 1394 1947 1464 orthodoxis,

305 1488 405 1559 qui
437 1487 494 1540 in
528 1487 671 1541 urbe
701 1486 859 1553 regia
887 1486 1355 1540 versabanturJd
1391 1484 1513 1555 ipse
1544 1489 1793 1539 testatur
1813 1484 1949 1539 Gre-

305 1577 527 1648 gorius.
562 1576 730 1644 cujus
759 1574 934 1628 verba
966 1589 1078 1627 non
1112 1573 1448 1644 significant
1478 1589 1610 1628 eum
1636 1573 1808 1642 jussu
1843 1575 1953 1628 An-

305 1665 587 1720 tiochenaa
617 1663 821 1735 synodi
851 1661 1417 1733 Constantinopolim
1461 1661 1721 1734 petiisse,
1756 1667 1818 1717 ut
1848 1662 1952 1716 Ba-

308 1755 470 1809 ronio
505 1753 711 1822 placet.

379 1841 649 1913 Ἐπὲμψεν
683 1841 833 1913 ἡμᾶς
865 1840 899 1906 ἡ
933 1837 1095 1913 χάρις
1125 1842 1226 1913 τοῦ
1260 1838 1597 1913 Πνερματος,

379 1909 612 1985 Πολλῶν
643 1909 1264 1985 καλούντῳὲξῖΐοιμὲνῳν
1295 1910 1384 1985 καὶ
1410 1909 1767 1985 θρεμμάτων,

379 1987 524 2037 Λαοῦ
560 1982 798 2057 βοηθοὺς
827 1982 916 2034 καὶ
948 1979 1115 2056 λόγον)
1145 1979 1550 2055 ωλλήπτοραά.

417 2073 494 2128 Ad
523 2074 616 2126 hos
646 2075 828 2140 gratia
855 2072 1114 2141 Spiritus,
1145 2073 1334 2126 multis
1365 2071 1756 2128 advocantibus

419 2145 483 2199 Et
510 2144 819 2215 pastoribus
846 2156 897 2197 et
926 2145 1130 2215 ovibus,
1164 2159 1262 2196 nos
1291 2145 1463 2215 misit,

419 2214 620 2286 Populi
647 2215 922 2283 adiutore:
951 2225 1002 2268 et
1021 2214 1288 2270 doctrinae
1317 2214 1622 2284 defensores
1651 2215 1747 2285 (b).

313 2303 571 2377 Gregorii
605 2302 957 2375 biographus
986 2303 1188 2357 eodem
1241 2319 1355 2372 quo
1406 2320 1513 2357 nos
1572 2319 1748 2359 sensu
1791 2303 1966 2359 verba

313 2392 474 2448 illius
504 2393 940 2464 interpretatur,
974 2391 1242 2461 quamvis
1289 2395 1440 2445 erret
1485 2392 1542 2445 in
1601 2391 1812 2447 Basilio
1863 2393 1963 2464 qui

313 2483 441 2553 jam
475 2487 601 2535 tum
633 2481 1018 2545 obierat,cum
1051 2479 1322 2546 ait,nu|la
1351 2480 1556 2551 synodi
1599 2481 1968 2536 Antiochense

325 2571 477 2625 facta
507 2568 824 2631 mentione,
857 2583 988 2621 eum
1028 2567 1587 2638 Constantinopolim
1637 2571 1833 2624 statim
1867 2571 1966 2624 ad-

324 2659 528 2725 fuisse,
561 2678 590 2705 ‹‹
623 2655 836 2711 Basilio
870 2655 1146 2710 luminari
1181 2671 1414 2727 magno,
1445 2657 1633 2728 ipsius
1664 2659 1968 2729 cupiditati

323 2745 733 2816 alacritatique
763 2745 931 2816 quasi
965 2744 1118 2799 faces
1149 2747 1431 2813 quasdam
1465 2747 1771 2813 subdente,
1794 2753 1970 2818 atque

325 2836 396 2891 ad
429 2833 762 2905 spiritualia
791 2833 1112 2888 certamina
1139 2833 1334 2904 ipsum
1369 2834 1970 2908 inungente,aliisque

324 2922 728 2994 compluribus
757 2918 1073 2993 episcopis,
1111 2922 1508 2993 principisque
1539 2924 1699 2979 urbis
1721 2925 1970 2995 civibus,

325 3011 458 3068 ﬁdei
496 3011 706 3083 pietate
737 3010 1095 3082 prmditis,ab
1125 3026 1191 3065 eo
1222 3011 1431 3066 obnixe
1462 3013 1970 3081 contendentibus,

326 3107 392 3156 ut
420 3099 565 3171 ipsis
595 3099 807 3154 auxilio
839 3099 1145 3170 egentibus
1178 3099 1467 3155 malorum
1507 3117 1570 3156 se
1599 3101 1970 3173 depulsorem

327 3189 627 3263 praeberet.
666 3211 687 3236 ιι
724 3187 782 3242 ld
815 3188 938 3259 ipse
981 3189 1294 3258 Gregorius
1340 3188 1399 3243 in
1450 3190 1706 3245 carmine
1755 3193 1828 3246 De
1864 3202 1973 3246 vita

1988 1877 2037 1943 B

2048 597 2287 664 accessi,
2319 597 2496 668 idque
2545 613 2657 650 non
2693 594 2869 663 ultro,
2902 611 3007 649 nec
3052 610 3138 648 me
3185 594 3378 664 ipsum
3432 595 3703 663 offerens,

2051 690 2113 739 ut
2145 686 2320 740 moris
2351 691 2439 740 est
2469 686 2638 740 hodie
2672 683 2985 756 plerisque,
3021 684 3121 753 qui
3173 684 3244 737 ad
3300 683 3564 738 Ecclesiae
3597 702 3703 756 gu-

2051 773 2366 828 bernacula
2396 780 2611 829 temere
2644 771 2972 844 prosiliunt,
2998 773 3098 826 sed
3123 773 3344 826 accitus
3376 789 3442 827 ac
3478 774 3528 825 vi
3553 789 3708 827 com-

2053 862 2281 933 pulsus,
2313 867 2370 917 et
2399 862 2594 917 timori
2655 861 3015 933 Spirituique
3075 861 3411 916 obsecutus.
3466 862 3628 926 Quod
3658 861 3706 915 si

2053 949 2200 1005 falsa
2231 949 2455 1021 loquor,
2475 951 2584 1005 hoc
2616 949 2760 1004 mihi
2796 966 2896 1020 pro
2929 949 3164 1004 sceleris
3195 966 3362 1020 pcena
3395 950 3707 1020 imprecor,

2053 1044 2118 1094 ut
2148 1039 2371 1093 diutius
2404 1039 2496 1094 hic
2524 1039 2656 1094 belli
2691 1038 2992 1093 molestias
3025 1039 3323 1092 incassum
3357 1039 3708 1109 sustineam,

2057 1143 2161 1182 nec
2193 1143 2546 1199 quamquam
2561 1143 2756 1182 errore
2773 1126 3142 1194 liberem,sed
3161 1126 3272 1180 voti
3298 1127 3389 1180 sui
3412 1133 3711 1197 compotes

2057 1216 2220 1281 fiant,
2252 1216 2352 1286 qui
2383 1217 2591 1271 anima
2625 1232 2763 1271 meas
2815 1215 3183 1271 sterilitatem
3230 1215 3649 1286 imprecantur.
3682 1238 3710 1264 »

2128 1322 2340 1378 CXXII.
2375 1324 2692 1394 Deploratus
2732 1322 3356 1447 Cgsfantinopotitanw
3384 1322 3641 1379 Ecclesia?

2831 1412 2863 1447 α
2894 1410 2976 1447 us.

2831 1401 2976 1448 atus.

2131 1483 2420 1537 Luctuosa
2451 1487 2590 1537 tunc
2623 1482 2886 1536 omnium
2939 1480 3324 1537 Ecclesiarum
3373 1482 3575 1548 facies,
3607 1484 3712 1538 sed

2062 1571 2281 1642 nullius
2331 1571 2653 1627 luctuosior
2701 1587 2878 1641 quam
2923 1570 3607 1641 Constantinopolitania,
3655 1571 3715 1626 in

2063 1663 2315 1731 quajam
2340 1662 2410 1715 ab
2425 1660 2594 1715 annis
2607 1660 2996 1731 quadraginta
3012 1665 3279 1731 grassata
3297 1661 3483 1714 fuerat
3505 1659 3719 1715 Ariana

2063 1747 2211 1814 lues,
2241 1751 2349 1803 sub
2397 1749 2772 1819 pontificibus
2833 1747 3234 1803 haereticorum
3290 1749 3717 1819 antesignanis,

2064 1841 2237 1907 atque
2255 1837 2427 1891 etiam
2452 1837 2596 1908 ipsis
2620 1853 2898 1891 novorum
2923 1836 3264 1906 dogmatum
3290 1835 3719 1898 conditoribus;

2065 1927 2176 1980 sub
2209 1924 2801 1996 principibus,quales
2825 1923 2984 1978 fuere
3005 1924 3384 1979 Constantius
3407 1931 3463 1978 et
3486 1925 3720 1997 Valens,

2067 2016 2166 2085 qui
2198 2015 2598 2068 haereticorum
2633 2022 2822 2085 partes
2854 2013 3531 2075 tuebantur,Catholicos
3550 2031 3721 2069 vexa-

2067 2103 2229 2171 bant,
2261 2107 2316 2157 et
2351 2118 2450 2174 pro
2499 2118 2690 2156 errore
2746 2107 2949 2156 contra
3004 2103 3304 2156 veritatem
3356 2107 3500 2166 toto,
3535 2108 3598 2156 ut
3647 2103 3729 2158 ita

2071 2191 2284 2252 dicam,
2317 2191 2547 2262 imperii
2581 2207 2820 2261 corpore
2847 2190 3360 2252 certabant.Quam
3389 2190 3730 2262 deploratus

2071 2286 2225 2336 esset
2271 2279 2535 2335 Ecclesiaa
2587 2278 3239 2350 Constantinopolitanae
3292 2284 3500 2346 status,
3535 2281 3731 2350 quivis

2073 2368 2239 2424 facile
2261 2368 2497 2439 colliget
2521 2368 2740 2422 auditis
2770 2374 2998 2422 tantum
3031 2384 3230 2422 eorum
3261 2369 3734 2439 nominibus,qui

2075 2458 2273 2513 sedem
2307 2457 2467 2511 illam
2518 2462 2835 2511 tenuerunt
2864 2457 2935 2511 ab
2975 2472 3128 2511 anno
3157 2457 3282 2525 339,
3317 2473 3431 2527 quo
3473 2457 3732 2523 Arianis,

2077 2561 2224 2600 casso
2256 2545 2478 2599 vindice
2528 2545 2659 2598 fidei
2709 2544 3042 2599 orthodoxae
3093 2545 3364 2615 pontifice
3398 2545 3597 2609 Paulo,
3631 2546 3736 2599 im-

2077 2651 2230 2706 pune
2261 2633 2318 2687 in
2351 2650 2418 2688 ea
2447 2633 2700 2704 grassari
2736 2632 2960 2687 licitum
3002 2638 3109 2688 est.
3145 2633 3323 2699 Hanc,
3360 2633 3559 2688 relicta
3593 2635 3734 2688 sede

2077 2721 2725 2784 Nicomediensi,Ariani
2750 2722 2866 2776 dux
2880 2721 3132 2792 agminis
3154 2722 3460 2777 confestim
3484 2739 3549 2777 eo
3570 2739 3725 2777 anno

2079 2813 2290 2865 invasit
2322 2811 2628 2878 Eusebius,
2665 2815 2794 2880 post
2843 2827 3016 2882 quem
3051 2811 3110 2865 in
3171 2811 3490 2866 Macedonii
3525 2828 3742 2866 manus

2079 2886 2280 2954 inl‘elix
2313 2899 2433 2954 haec
2463 2899 2714 2955 Ecclesia
2760 2899 3012 2954 devenit.
3047 2898 3298 2970 Expulso
3349 2901 3422 2954 ab
3469 2900 3744 2971 ipsismet

2079 2989 2330 3052 Arianis,
2364 3004 2519 3042 anno
2549 2989 2672 3054 360,
2707 2989 2778 3042 ob
2827 2988 3151 3042 inauditam
3197 2989 3604 3042 crudelitatem
3635 2990 3740 3043 do~

2080 3080 2398 3148 ctrinaaque
2428 3077 2885 3131 inconstantiam
2917 3077 3273 3144 Macedonio,
3310 3077 3602 3132 Eudoxius
3637 3078 3745 3131 faex

2085 3164 2512 3229 haereticorum,
2555 3165 2828 3234 idemque
2860 3165 3299 3234 perditissimus
3331 3165 3743 3234 baeresiarcba,

328 3241 536 3347 gilii—(ei
560 3241 896 3336 ὲὸηῆέῷεἶξ
920 3241 1019 3331 ubi
1070 3241 1970 3350 silebitcaisigi‘iigtboiilaggl
2005 3241 2048 3307 (ἶ
2085 3254 2232 3350 Astii
2263 3254 2606 3350 Arianorum
2643 3253 2810 3350 ιερβρ
2840 3251 3177 3350 impiissimi
3212 3252 3744 3350 discipulussnire-

333 3383 463 3423 rum
497 3365 556 3419 in
590 3381 652 3420 se
698 3365 912 3419 civium
961 3381 1218 3419 amorem
1268 3366 1401 3420 inde
1454 3373 1681 3432 natum,
1719 3369 1874 3439 quod
1906 3369 1978 3424 ab

333 3456 481 3529 ipsis
513 3453 756 3516 accitus,
789 3458 846 3508 et
874 3476 901 3501 «
935 3469 1136 3507 eorum
1170 3470 1316 3524 opus
1350 3460 1534 3509 esset:
1569 3474 1598 3506 ιι

407 3539 471 3596 Οἵ
502 3538 546 3595 δ’
579 3541 652 3601 ὡς
683 3541 883 3594 ἑαυτῶν
917 3536 1072 3614 ἔργον
1106 3539 1255 3615 εἶχον
1288 3541 1554 3614 ἀσμένως.

336 3633 399 3688 In
435 3631 613 3687 altero
644 3634 839 3684 autem
871 3629 1151 3695 carmine,
1188 3647 1433 3686 narrans
1476 3634 1768 3701 quomodo
1797 3651 1831 3689 a
1861 3635 1985 3690 suis

338 3721 564 3777 deliciis
596 3718 880 3789 bonisque
909 3718 1182 3773 omnibus
1212 3719 1490 3790 abreptus
1519 3726 1576 3775 et
1605 3721 1774 3794 longe
1804 3723 1984 3778 abdu-

339 3806 1065 3877 ctus,Constantin0polim
1081 3823 1142 3861 se
1159 3807 1418 3862 conferre
1431 3815 1666 3864 coactus
1680 3810 1988 3875 sit,memi-

341 3899 428 3955 nit
457 3898 691 3969 quidem
722 3895 1068 3967 Gregorius«
1091 3903 1487 3952 conventuum
1511 3900 1938 3970 episcOporum:
1961 3921 1987 3949 ››

411 3982 560 4057 Τὸ-ὃί
592 3984 684 4057 οὗν
711 3980 1017 4057 πρόδηλον,
1051 3981 1318 4057 σύλλογοι
1345 4004 1404 4038 τε
1432 3986 1730 4056 ποιμένων,

411 4055 510 4111 Καὶ
543 4053 675 4116 λαὸς
701 4053 1062 4129 ὀρθόδοξος...

342 4146 558 4201 Verum
591 4143 736 4199 nihil
769 4161 917 4215 opus
947 4148 1035 4199 est
1062 4143 1183 4199 haec
1207 4146 1404 4212 verba,
1436 4151 1502 4200 ut
1547 4151 1698 4202 recte
1728 4147 1996 4202 observat

343 4232 755 4290 Tillemontius
789 4233 889 4303 (ά),
921 4233 990 4286 de
1034 4233 1256 4303 synodo
1307 4233 1686 4301 Antiochena,
1720 4251 1844 4307 quae
1879 4253 1993 4292 non

348 4322 462 4379 nisi
483 4325 727 4377 exeunte
745 4337 895 4375 anno
907 4320 1012 4374 379
1025 4327 1222 4375 coacta
1237 4327 1345 4386 est,
1365 4321 1754 4394 interpretari,
1769 4341 1898 4379 cum
1925 4325 1998 4379 de

350 4410 610 4467 Thraciae
629 4408 1034 4478 episcoporum
1061 4409 1444 4464 conventibus
1459 4412 1760 4466 commode
1777 4417 1835 4466 et
1848 4418 1998 4467 recte

354 4500 583 4574 possint
613 4507 786 4567 atque
815 4495 990 4550 etiam
1024 4495 1271 4550 debeant
1318 4497 1583 4569 intelligi.
1634 4499 1879 4554 Demum
1929 4502 1999 4554 ab

2089 3348 2218 3397 ctus
2248 3347 2354 3396 est.
2389 3341 2443 3396 Is
2477 3358 2626 3396 anno
2657 3341 2760 3394 370
2792 3340 3109 3410 impietatis
3141 3356 3378 3396 cursum
3415 3341 3684 3396 absolvit.

2160 3447 2398 3502 CXXIII.
2423 3448 2619 3501 Ariani
2651 3448 2758 3502 late
2785 3446 3142 3501 dominantur
3171 3449 3232 3500 in
3263 3447 3398 3501 urbe
3425 3466 3444 3501 :
3475 3450 3678 3519 tempta

2319 3527 2621 3588 occupant:
2653 3519 2768 3572 alia
2797 3523 3128 3573 commutata
3159 3521 3216 3571 in
3245 3520 3522 3588 sepulcra.

2161 3617 2309 3670 Tum
2341 3633 2474 3671 vero
2508 3618 2792 3686 respirare
2817 3614 3122 3685 paululum
3148 3615 3251 3670 visi
3280 3621 3422 3669 sunt
3444 3615 3753 3682 Catholici,

2095 3705 2325 3776 sibique
2356 3704 2664 3776 Evagrium
2697 3705 3039 3775 episcopum
3066 3707 3190 3772 jam
3242 3708 3606 3774 coaptarant.
3642 3704 3750 3758 Sed

2097 3811 2230 3849 mox
2289 3793 2502 3847 Valens
2559 3793 2898 3864 imperator,
2948 3793 3170 3847 Arianae
3231 3792 3413 3862 tutela
3474 3792 3753 3863 perfidiae,

2099 3883 2268 3955 pulso
2299 3883 2356 3935 in
2389 3881 2657 3936 exsilium
2712 3882 2952 3952 Evagrio
3002 3897 3133 3935 cum
3170 3880 3474 3935 Eustathio
3517 3883 3757 3951 presby-

2099 3977 2243 4040 tero,
2273 3971 2371 4041 qui
2404 3971 2591 4042 ipsius
2640 3969 2940 4024 electionis
2999 3974 3204 4024 auctor
3256 3970 3464 4034 fuerat,
3500 3969 3757 4024 Eudoxio

2101 4058 2510 4130 Demophilum
2540 4075 2703 4129 aeque
2724 4058 2972 4129 impium
2998 4075 3063 4112 ac
3085 4059 3400 4113 nefandum
3426 4057 3757 4113 substituit.

2105 4149 2191 4203 Ita
2219 4147 2414 4202 Ariani
2447 4163 2681 4201 summa
2733 4163 2924 4202 rerum
2977 4147 3243 4201 Ecclesiae
3294 4146 3484 4216 potiti,
3516 4146 3608 4199 vix
3642 4146 3762 4215 pie-

2104 4237 2244 4292 tatis
2277 4259 2304 4284 «
2340 4236 2639 4306 reliquias,
2678 4259 2700 4287 ι
2760 4242 2818 4290 et
2870 4236 3184 4289 excitandas
3236 4252 3268 4289 a
3319 4234 3594 4305 Gregorio
3626 4232 3763 4287 fidei

2111 4347 2138 4375 «
2169 4324 2394 4380 semina
2416 4324 3216 4395 »reliquerant.Templorum
3239 4323 3353 4377 alia
3382 4325 3452 4378 ab
3481 4321 3763 4376 haereticis

2108 4415 2588 4481 occupata,atque
2613 4411 2668 4463 in
2695 4409 2901 4480 primis
2919 4409 3353 4481 amplissimum
3376 4409 3767 4480 illud(g),«So-

2113 4499 2248 4571 phia
2280 4498 2776 4567 cognominatum,
2813 4519 2840 4546 ››
2871 4483 3010 4552 tunc
3042 4521 3068 4547 ‹‹
3105 4499 3318 4553 diaboli
3356 4514 3764 4568 propugnacu-

355 4587 559 4643 amicis
588 4583 783 4649 etiam,
818 4585 967 4638 inter
1018 4601 1184 4654 quos.
1237 4591 1442 4656 praeter
1491 4587 1792 4657 Basilium,
1844 4589 2002 4644 fuere
2035 4605 2078 4669 ῃ
2110 4588 2286 4642 lum»
2330 4587 2517 4658 magis
2549 4603 2723 4657 quam
2757 4586 3022 4650 ecclesia,
3052 4588 3150 4641 ubi
3185 4610 3211 4637 «
3247 4604 3384 4642 suos
3419 4587 3514 4640 ille
3550 4586 3768 4640 milites

355 4675 644 4740 Meletius,
681 4673 1009 4744 Bosphoros
1037 4673 1287 4728 Colonia;
1312 4675 1716 4746 episcopus,et
1746 4677 1843 4731 alii
1878 4677 2004 4749 plu-

355 4761 1145 4831 res,Constantinopolitanis
1178 4764 1459 4818 auxilium
1494 4765 1641 4820 ferre
1664 4767 2008 4837 compulsus

356 4855 467 4910 fuit
497 4851 829 4924 Gregorius.
851 4851 940 4904 Sic
975 4853 1266 4922 profectus
1314 4852 1613 4923 aliquanto
1645 4859 1779 4922 post
1814 4843 2008 4908 Basilii

359 4952 604 5000 mortem
636 4947 916 5010 tempore,
958 4959 980 4986 ι
1017 4957 1131 4994 non
1162 4957 1269 4994 sua
1300 4949 1525 5011 sponte,
1563 4943 1662 4995 sed
1696 4944 1950 5010 coacius,
1980 4965 2007 4991 »

358 5037 424 5088 ut
445 5031 570 5103 ipse
599 5033 852 5084 testatur
882 5029 952 5098 (ε)
977 5045 989 5082 :

430 5116 584 5171 Οὕτω
619 5114 712 5188 μὶν
743 5113 912 5182 ἦλθον
946 5113 1053 5188 οὐχ
1083 5114 1244 5184 ἑκών,
1277 5121 1388 5171 etc.

363 5209 574 5266 Eadem
607 5205 826 5278 passim
858 5204 1084 5276 repetit,
1118 5205 1370 5259 maxime
1411 5206 1470 5259 in
1531 5205 1791 5261 oratione
1831 5223 2009 5277 quam

364 5303 494 5355 tum
525 5296 596 5350 ad
629 5293 870 5349 Arianos
900 5292 1142 5347 habuit:
1175 5315 1202 5342 «
1238 5293 1374 5365 Ego,
1418 5293 1612 5364 inquit
1656 5296 1746 5366 (γ’),
1802 5312 2011 5367 parvu-

463 5403 518 5472 a)
547 5403 695 5463 Bar.,
728 5400 834 5472 ib;,
867 5398 1080 5472 p.399,
1112 5400 1221 5453 col.
1257 5401 1308 5453 1.

471 5470 526 5542 ὁ)
557 5472 748 5525 Carm.
780 5470 853 5523 De
889 5471 1005 5542 Vita
1032 5486 1160 5525 sua.
1195 5486 1247 5525 v.
1275 5470 1400 5524 598.

471 5545 522 5668 3
557 5543 724 5606 Ibid.,
755 5541 1000 5621 ν.,4131.

520 5614 536 5668 l
564 5613 706 5666 Adv.
737 5626 918 5668 emsc.

520 5614 536 5680 )
564 5613 706 5666 Adv.
737 5613 918 5680 episc.

475 5685 526 5756 ο)
553 5683 745 5739 Carm.
774 5682 850 5736 De
885 5682 1002 5738 Vita
1027 5696 1149 5753 sua,
1179 5697 1233 5738 v.
1260 5682 1387 5739 610.

2116 4691 2182 4730 ac
2213 4675 2547 4729 defensores
2595 4674 2942 4740 collocarat;
2979 4697 3004 4721 ››
3057 4676 3175 4729 imo
3227 4675 3322 4729 ubi
3362 4699 3381 4722 ιι
3434 4676 3766 4728 όωιηοηυω

2116 4764 2424 4826 exercitus,
2461 4762 2859 4832 furiarumque
2890 4779 2955 4816 ac
2987 4762 3299 4833 spirituum
3335 4761 3592 4834 legiones
3635 4764 3770 4817 ade-

2117 4859 2248 4906 rant
2278 4851 2774 4905 immundorum.»
2806 4849 2932 4904 Alia
2962 4851 3098 4921 (h),«
3133 4868 3200 4906 ex
3230 4851 3465 4921 templis
3499 4852 3552 4904 in
3577 4850 3773 4921 sepul-

2117 4957 2215 4995 cra
2263 4945 2643 5004 commutata,
2705 4939 2817 4993 alia
2876 4955 3080 4993 cruore
3134 4945 3472 4993 sanctorum
3533 4957 3776 5009 aspersa

2118 5029 2535 5101 profanataque
2560 5043 2573 5081 :
2601 5027 2921 5098 presbyteri
2954 5027 3142 5081 exusti
3170 5045 3182 5093 ;
3210 5049 3235 5075 ›>
3268 5027 3548 5082 Catholici
3582 5051 3607 5075 ‹‹
3635 5044 3775 5082 con-

2117 5116 2378 5171 tumeliis
2412 5138 2439 5164 »
2473 5115 2679 5181 vexati,
2714 5137 2742 5164 «
2795 5116 3084 5170 bonorum
3144 5115 3492 5186 direptione,
3527 5115 3732 5170 exsilio
3762 5134 3776 5183 ;

2119 5204 2398 5270 ecclesiis,
2458 5203 2750 5270 domibus,
2783 5202 2929 5274 ipsis
2987 5204 3163 5258 etiam
3226 5203 3382 5275 pulsi
3440 5203 3779 5257 solitudini-

2121 5295 2302 5350 bus...
2337 5294 2403 5363 (ἱ)
2434 5309 2573 5363 grex
2603 5291 2848 5362 exiguus
2879 5308 2945 5346 ac
2975 5308 3045 5347 ne
3085 5308 3220 5362 grex
3241 5293 3503 5363 quidem,
3528 5292 3626 5346 sed
3651 5308 3784 5361 par-

2216 5401 2263 5469 f)
2295 5398 2389 5453 0r.
2424 5397 2514 5462 33,
2543 5414 2600 5450 η.
2636 5397 2722 5469 13.

2218 5468 2271 5539 g)
2302 5472 2398 5523 ()r.
2430 5470 2519 5535 35,
2555 5485 2611 5521 ο.
2644 5468 2697 5521 3.

2199 5539 2279 5613 (h)
2311 5540 2417 5613 ομ
2439 5540 2531 5610 42,
2563 5556 2621 5613 ιιζ
2653 5539 2743 5593 23.

2202 5609 2268 5685 (ἰ)
2297 5611 2472 5682 lbid.,
2501 5609 2556 5664 ιι.
2592 5609 2647 5663 2.
