4096 6288
304 327 428 387 213

1660 326 1846 387 VITA
1893 327 1961 388 S.
2008 327 2403 390 GREGORII.

3607 338 3761 397 214-

302 473 443 514 vum
476 457 774 529 quoddam
806 460 867 512 et
896 461 1068 512 tenue
1098 456 1292 529 gregis
1324 456 1659 529 vestigium,
1690 463 1793 513 aut
1828 457 1959 513 reli-
1994 466 2039 526 Α
2077 462 2205 516 dem
2243 463 2743 534 persecutionibus
2773 471 3032 522 vexatam
3067 472 3240 540 atque
3271 469 3548 525 afﬂictam
3575 471 3720 529 bau-

302 549 490 619 quiie;
527 545 805 618 praeclare
856 563 1056 601 secum
1106 547 1196 617 agi
1250 547 1553 618 putabant,
1603 548 1659 603 si
1708 546 1960 602 salutem

305 652 470 691 suam
507 635 804 705 surripere
839 634 1058 690 liceret.
1094 656 1121 683 »
1506 694 1509 697 ν

302 741 547 799 CXXIV.
600 742 785 798 Varie
835 741 1062 797 haereses
1123 741 1595 815 Constantinopoli
1637 743 1964 815 grassaban-

808 818 907 868 tur
934 818 1140 884 praeter
1166 815 1461 869 Arianam.

376 903 451 973 (α)
500 902 704 973 Neque
765 900 961 956 solum
1015 902 1228 957 Ariana
1276 902 1401 957 lues
1458 902 1959 975 Constantinopoli

302 992 707 1065 grassabatur,
739 1006 947 1045 verum
975 990 1052 1045 ibi
1084 1008 1314 1063 quoque
1343 991 1671 1055 Novatiani,
1697 992 1957 1047 Macedo-

306 1080 487 1143 niani,
536 1079 893 1143 Pbotiniani,
948 1079 1326 1147 Marcelliani,
1373 1080 1709 1144 Sabelliani,
1761 1082 1957 1136 Euno—

308 1169 505 1223 miani:
538 1170 905 1239 jamjamque
934 1168 1358 1239 Apollinaristae
1403 1168 1782 1239 pullulantes,
1816 1170 1957 1225 veri-

309 1261 412 1313 tati
440 1274 504 1312 ac
540 1258 671 1313 ﬁdei
706 1274 825 1311 una
872 1273 1004 1311 cum
1050 1257 1361 1312 Catholicis
1404 1257 1692 1312 exsulanti
1734 1258 1954 1314 bellum

305 1346 650 1401 indixerant.
687 1345 789 1400 His
822 1346 1058 1411 etenim,
1095 1346 1287 1417 inquit
1318 1345 1600 1401 Baronius
1630 1346 1730 1418 (ὁ),
1762 1364 1792 1401 e
1824 1365 1954 1419 por-

299 1436 376 1489 tis
425 1434 590 1488 iuferi
639 1435 871 1490 eductis
926 1433 1283 1505 legionibus,
1350 1440 1408 1490 et
1455 1436 1954 1508 Constantinopoli

302 1524 457 1578 velut
488 1523 547 1577 in
579 1523 809 1577 stativis
858 1522 1174 1593 collocatis,
1228 1523 1509 1594 antiquus
1561 1524 1746 1580 hostis
1780 1525 1951 1580 fidem

300 1612 650 1667 catholicam
677 1612 1075 1683 oppugnabat.

364 1700 513 1755 Tam
546 1701 692 1768 tisti,
727 1706 904 1771 atque
934 1700 1108 1755 etiam
1141 1723 1169 1750 «
1205 1700 1447 1756 tristiori
1475 1705 1653 1770 statu,
1689 1725 1717 1751 »
1750 1702 1796 1757 si
1820 1707 1953 1757 Gre-

293 1790 526 1862 gorium
560 1806 750 1861 ipsum
781 1790 989 1844 audias
1020 1790 1113 1861 (e),
1158 1790 1816 1860 Constantinopolitanae
1849 1792 1944 1845 Ec-

293 1880 486 1935 clesiae
522 1895 614 1934 res
644 1883 829 1947 erant,
863 1895 997 1934 cum
1034 1880 1104 1933 ab
1135 1878 1425 1950 episcopis
1456 1888 1511 1933 et
1547 1898 1577 1933 a
1608 1881 1839 1951 populis
1870 1882 1942 1935 ob

294 1985 445 2033 eam,
482 1984 612 2039 quas
647 1984 806 2023 mare
836 1968 1165 2032 transierat,
1202 1969 1457 2023 scientiae
1505 1985 1569 2022 ac
1608 1970 1943 2025 sanctitatis

292 2061 535 2122 famam,
570 2075 687 2127 qua
724 2057 1016 2128 precibus,
1037 2074 1153 2128 qua
1182 2057 1674 2113 obtestationibus
1707 2065 1943 2114 vocatus

292 2147 659 2213 accitusque,
679 2145 1245 2216 ConstantinOpolim
1272 2147 1524 2217 antiquas
1548 2164 1783 2203 rursum
1811 2149 1941 2203 fidei

293 2235 562 2291 conditor
591 2234 929 2306 Tteologus
958 2236 1131 2290 venit.

294 2340 507 2395 CXXV.
559 2341 768 2409 Quibus
816 2342 989 2395 armis
1049 2345 1396 2411 pugnaturus
1432 2345 1623 2396 contra
1665 2341 1944 2398 haereticos

716 2415 1017 2467 instructus
1038 2416 1183 2467 venit
1216 2413 1523 2483 Gregorius.

366 2500 539 2555 Venit
572 2504 767 2555 autem
797 2522 825 2549 «
861 2516 991 2554 cum
1027 2506 1310 2571 potestate
1359 2500 1599 2556 minime
1630 2518 1769 2557 sane
1803 2519 1944 2558 con-

294 2591 664 2651 temnenda,»
696 2606 952 2660 cumque
982 2589 1260 2660 ipsius,ut
1288 2590 1527 2661 quidam
1562 2591 1946 2661 interpretan-

289 2679 755 2742 tur,auctoritate
778 2677 855 2732 im
869 2680 1207 2750 peratoris;q
1219 2696 1535 2749 numquam
1555 2681 1781 2734 Uavidis
1806 2698 1944 2735 nos-

290 2768 359 2822 tri
391 2775 593 2822 contra
622 2766 850 2821 Goliatb
885 2774 941 2820 et
966 2767 1332 2821 Pbilisthaaos
1355 2784 1520 2822 arma
1548 2783 1655 2822 non
1690 2772 1943 2825 carnalia

291 2857 377 2912 sed
401 2858 648 2928 potentia
670 2862 775 2911 Deo
795 2856 988 2910 5".Nec
1001 2857 1156 2909 enim
1179 2857 1938 2929 prazsentiacorporisquid-

294 2962 457 3016 quam
486 2946 781 2999 infirmius
804 2945 879 3017 (εἰ)
910 2962 974 2998 ;‹‹
1011 2946 1355 3016 Peregrinus
1382 2963 1565 3014 praeco
1597 2952 1653 3000 et
1684 2954 1936 3015 exteras;

294 3051 463 3105 parva
507 3034 739 3089 civilate
788 3050 854 3087 ac
906 3048 975 3087 ne
1022 3032 1252 3087 civitate
1306 3034 1564 3105 quidem,
1620 3036 1718 3089 sed
1752 3036 1934 3094 arido.

289 3122 963 3192 inamceno,infrequenti
996 3121 1119 3176 loco
1155 3123 1613 3189 natus,obscurn
1645 3129 1932 3178 terrarum

2074 553 2249 616 riret;
2286 569 2653 625 nequaquam
2690 556 2869 611 libere
2903 573 3006 611 nec
3038 558 3163 612 sine
3194 558 3504 627 periculo.»

2071 639 2339 695 CXXVII.
2393 646 2647 715 Exiguus
2712 646 2810 699 itte
2859 640 3028 709 locus,
3079 647 3143 700 ob
3195 650 3507 703 restitutam
3551 650 3719 718 ﬁdem

2511 718 2698 770 dictus
2725 723 2914 787 postea
2953 720 3269 773 Anastasio.

2141 800 2400 873 Exiguus
2429 809 2554 859 erat
2582 803 2681 858 ille
2712 804 2895 876 locus,
2929 806 3026 861 ubi
3059 813 3197 862 tunc
3230 808 3487 878 primum
3522 808 3727 866 conve—‘

2070 889 2159 943 nit
2199 891 2473 963 p0pulus,
2506 899 2563 948 et
2592 893 2650 948 in
2683 894 2929 951 ecclesia
2987 901 3276 962 mutatus;
3322 889 3595 968 idemque
3625 904 3715 954 est

2069 978 2168 1049 qui
2200 979 2446 1051 laxatus,
2480 983 2552 1036 ob
2589 984 2918 1038 restitutam
2952 1001 3016 1039 ac
3040 985 3245 1039 veluta
3278 986 3527 1041 mortuis
3557 990 3712 1043 exci-

2067 1072 2247 1123 tatam
2280 1069 2337 1123 in
2368 1086 2436 1124 ea
2474 1072 2820 1127 catholicam
2872 1073 3068 1140 ﬁdem,
3120 1074 3425 1130 Anastasis
3464 1078 3713 1132 subinde

2066 1163 2154 1211 est
2184 1158 2533 1229 appellatus.

2134 1246 2483 1321 :Avaqtuaia,
2502 1251 2642 1301 ναῶν
2677 1248 2704 1302 ὁ
2735 1249 3089 1321 τᾲιμιώτατος,

2135 1316 2202 1369 Ἦ
2232 1316 2409 1371 πίστιν
2443 1318 2723 1394 ὲξήγειρας
2757 1316 2809 1375 ἐν
2840 1324 2908 1394 τῇ
2940 1319 3218 1395 κειμένην.

2203 1410 2525 1483 ᾼηιιδιᾳεία,
2555 1411 2883 1479 templorum
2909 1414 3152 1468 maxime
3170 1414 3501 1483 venerabile,

2209 1479 2337 1545 Quae
2353 1481 2635 1550 jucentem
2664 1484 2819 1537 humi
2846 1483 3003 1553 ﬁdem
3028 1488 3379 1540 exsuscitusti
3394 1479 3495 1557 (Γ).
3691 1551 3700 1560 _

2063 1568 2245 1631 Quam
2280 1568 2458 1623 etiam
2490 1570 2936 1640 appellationem
2983 1575 3386 1628 conﬁrmatam
3440 1574 3706 1629 nonnulli

2059 1655 2281 1722 volunt,
2336 1660 2490 1728 apud
2549 1660 2960 1726 Sozomenum,
3011 1664 3435 1717 resurrectione
3474 1664 3702 1717 feminae

2061 1747 2307 1815 ejusque
2338 1744 2692 1818 fetus,quem
2728 1758 2892 1804 utero
2923 1751 3272 1821 gestabat,et
3302 1759 3514 1805 sanctas
3547 1769 3700 1806 mar-

1978 1830 2024 1894 B
2056 1835 2196 1906 tyris
2233 1836 2549 1889 Anastasiaa
2583 1837 2842 1908 reliquiis
2872 1846 3071 1908 postea
3098 1840 3379 1911 depasitis
3419 1840 3489 1894 ad
3523 1852 3702 1895 rostra

2054 1925 2301 1985 Domini,
2336 1925 2475 1990 sive,
2512 1930 2574 1979 ut
2603 1925 2734 1979 aliis
2762 1925 2964 1996 placet,
2999 1930 3293 1993 porticum,
3327 1927 3426 1982 ubi
3460 1934 3697 1983 Anasta-

2050 2013 2151 2067 siae
2170 2012 2449 2083 templum
2474 2014 2545 2067 ab
2564 2013 2807 2068 eruditis
2824 2014 3379 2071 collocatur.Verum
3406 2017 3691 2088 quidquid

2052 2103 2132 2156 sit
2162 2104 2230 2156 de
2287 2104 2707 2159 resurrectione
2755 2104 2983 2158 feminas
3026 2106 3271 2176 ejusque
3318 2108 3489 2171 fetus,
3523 2111 3580 2160 et
3624 2109 3695 2161 de.

2051 2191 2334 2261 depositis
2365 2211 2397 2245 ιι
2428 2191 2727 2246 Gennadio
2779 2193 3109 2264 patriarcha
3151 2192 3208 2246 in
3263 2194 3369 2248 hac
3404 2196 3525 2249 inde
3558 2196 3696 2250 reli-

2053 2281 2239 2348 quiis;
2265 2285 2496 2334 constat
2529 2281 2896 2334 Anastasiam
2931 2280 3067 2334 inde
3107 2281 3325 2335 dictam
3357 2299 3508 2347 esse,
3542 2286 3693 2353 quod

2052 2368 2312 2440 collapsa
2344 2369 2485 2423 lides
2520 2368 2633 2423 illic
2667 2370 2912 2424 excitata
2941 2376 3065 2433 est;
3103 2373 3255 2440 quod
3284 2371 3493 2425 iterum
3525 2381 3696 2439 atque

2053 2458 2264 2512 iterum
2298 2463 2544 2513 testatur
2573 2459 2911 2528 Gregorius,
2945 2465 2999 2512 et
3040 2464 3156 2513 tam
3216 2460 3448 2522 diserte,
3482 2467 3543 2514 ut
3577 2462 3699 2515 nul-

2053 2546 2174 2603 lum
2199 2565 2323 2602 esse
2338 2549 2524 2618 possit
2544 2548 2947 2603 dubiumJam
2969 2565 3122 2603 nunc
3148 2566 3238 2603 res
3260 2549 3387 2619 ejus
3423 2550 3697 2621 prazclare

2053 2642 2246 2707 gestas
2276 2636 2777 2708 ConstantinOpoli
2808 2655 3195 2708 prosequamu
3209 2656 3250 2692 r.

2052 2726 2344 2781 CXXVIII.
2382 2728 2459 2780 Ita
2490 2728 2685 2780 crescit
2712 2728 3018 2786 Andalusia.
3053 2737 3110 2780 ut
3144 2729 3292 2781 brevi
3342 2743 3528 2781 omnes
3557 2729 3691 2782 Con-

2120 2800 2639 2866 stantinOpolitanas
2670 2799 3045 2866 amplitudine
3072 2808 3121 2851 et
3170 2801 3577 2867 magniﬁcentia
3609 2817 3696 2853 su-

2118 2873 2270 2938 peret
2297 2870 2634 2923 erctesiaan
2663 2870 2765 2922 hac
2794 2885 2929 2923 nova
2960 2870 3271 2922 Bethlehem
3300 2887 3485 2925 omnes
3517 2872 3695 2927 haere-

2120 2945 2248 2994 ticos
2279 2950 2560 3011 Oppugnat
2590 2941 2857 3010 fugatque
2886 2940 3202 3007 Gregorius.

2121 3029 2395 3099 Exiguus,
2449 3035 2510 3081 ut
2545 3030 2670 3098 jam
2738 3030 3016 3093 diximus,
3066 3028 3318 3098 primum
3372 3028 3535 3084 locus
3587 3030 3695 3084 fuit

2046 3118 2355 3201 Anastasis
2381 3117 2509 3181 ιερὰ
2544 3117 2877 3171 mutatusin
2902 3116 3207 3171 ecclesiam
3233 3118 3313 3171 ita
3336 3119 3512 3172 crevit
3536 3120 3693 3174 brevi

286 3212 500 3283 angulo
561 3191 800 3266 abditus
857 3211 1205 3281 hucusque;
1255 3210 1567 3265 contractis
1637 3219 1932 3269 senectute
1967 3191 2009 3255 (ἶ
2049 3191 2401 3278 temporemt
2422 3210 2547 3276 jam
2583 3206 2655 3259 ab
2689 3223 2841 3281 anno
2882 3206 2984 3259 398
3016 3223 3327 3274 marmora,
3361 3208 3574 3276 quibus
3601 3225 3691 3263 or-

288 3301 589 3367 membris,
622 3310 671 3354 el
707 3305 945 3354 curvato
978 3298 1140 3353 humi
1171 3299 1595 3370 corpore,vultu
1631 3300 1785 3355 haud
1817 3301 1927 3357 ele-

284 3388 465 3459 ganti,
502 3389 665 3446 rugis
698 3393 920 3451 aratus,
956 3386 1091 3441 ﬂetu
1124 3388 1361 3442 tabidus
1405 3394 1463 3442 et
1514 3390 1682 3454 fame,
1718 3391 1931 3461 agresti

283 3492 414 3531 voce
466 3482 526 3530 et
574 3491 803 3546 aspera,
848 3474 1038 3528 viliori
1111 3481 1303 3542 veste;
1342 3476 1774 3548 pauperrimus,
1830 3495 1932 3533 nec

282 3564 532 3634 pecunia
562 3579 738 3632 quam
772 3562 883 3617 alis
914 3563 1310 3618 instructior.»
1348 3564 1442 3619 Sic
1472 3581 1534 3618 se
1566 3565 1690 3634 ipse
1722 3566 1778 3618 in
1804 3574 1929 3620 car‘-

280 3654 544 3707 minibus
570 3656 630 3705 et
658 3652 1023 3706 orationibus
1054 3652 1319 3723 depingit
1345 3652 1933 3725 Gregorius.Corpore

276 3742 361 3795 vir
389 3740 687 3805 tantulus,
719 3742 820 3795 sed
852 3740 1073 3811 Spiritu
1109 3745 1315 3810 potens
1345 3758 1520 3812 opere
1551 3746 1607 3796 et
1638 3759 1928 3812 sermone,

282 3831 617 3901 principum
646 3829 822 3899 hujus
850 3829 1043 3884 saeculi
1073 3834 1546 3900 potestatumque
1575 3832 1932 3885 munitiones

283 3918 555 3981 consilia,
587 3922 645 3971 et
675 3933 801 3987 qua
847 3917 1128 3971 adversus
1180 3918 1480 3971 scientiam
1534 3919 1629 3973 Dei
1662 3935 1722 3973 se
1753 3918 1931 3972 extol-

281 4004 460 4071 lebat,
497 4004 871 4059 altitudinem
914 4022 1145 4060 omnem
1196 4006 1603 4061 destructurus
1636 4008 1932 4078 progredi—

282 4095 499 4163 ἴοι-δεμ(
535 4094 817 4165 Tbeologi
850 4094 1162 4166 triumpale
1207 4112 1463 4158 nomem,
1499 4100 1563 4149 ut
1592 4112 1722 4150 cum
1759 4097 1931 4151 Baro-

284 4182 377 4236 nio
412 4183 642 4252 loquar,
672 4181 810 4236 inde
842 4182 1049 4236 merito
1080 4181 1190 4237 sibi
1223 4189 1690 4254 comparaturus.

286 4286 518 4343 CXXVI.
551 4288 591 4342 .4
632 4289 878 4357 cognalz's
926 4288 1158 4357 hospitio
1209 4298 1486 4356 exceptus.
1538 4291 1642 4344 Pia
1687 4299 1804 4345 erat
1833 4290 1932 4345 do-

502 4374 645 4429 mus,
680 4361 744 4413 in
773 4375 940 4430 quam
980 4361 1376 4414 conveniebant
1406 4360 1711 4416 orthodoxi.

352 4447 921 4518 Constantinopolim
956 4447 1137 4519 igitur
1166 4448 1405 4502 veniens
1437 4448 1750 4521 Gregorius
1780 4466 1933 4505 anno

2043 3303 2305 3364 naretur,
2357 3301 2645 3366 quaereret
2691 3295 3016 3362 Nectarius,
3058 3303 3233 3359 atque
3286 3300 3459 3351 etiam
3495 3313 3693 3353 sacras

2040 3386 2188 3439 aedes
2218 3384 2900 3454 Constantinopolitanas
2935 3384 3369 3455 magniﬁcentia
3399 3392 3456 3441 et
3486 3387 3692 3458 ampli-

2040 3474 2265 3539 tudine,
2298 3472 2554 3528 Socratis
2585 3478 2644 3526 et
2670 3472 2971 3527 Sozomeni
2995 3478 3255 3543 tempore
3286 3474 3692 3544 (g).superaret

2043 3562 2103 3617 ln
2138 3562 2244 3616 hac
2274 3564 2467 3631 itaque
2492 3583 2519 3610 ‹‹
2553 3577 2696 3615 nova
2726 3560 3118 3624 Betblebem,»
3145 3578 3259 3632 quo
3293 3564 3527 3618 nomine
3559 3581 3687 3618 eam

2040 3650 2294 3721 appellat
2323 3650 2735 3721 Gregorius,ob
2754 3656 3033 3721 angustos
3056 3650 3163 3705 loci
3178 3652 3683 3711 ambitus.Cbristi

2042 3742 2283 3810 antiqua
2313 3740 2456 3793 fides
2488 3739 2781 3805 revixit,et
2814 3740 3269 3793 «intermortua.
3308 3741 3376 3793 ad
3402 3740 3573 3795 vitam
3598 3758 3685 3795 re-

2041 3829 2169 3883 diit.
2207 3833 2445 3881 Demum
2480 3830 2536 3881 in
2575 3828 2682 3881 hac
2715 3851 2742 3876 u
2773 3828 2912 3889 Silo,
2948 3828 3334 3897 quadraginta
3367 3830 3538 3882 annis
3568 3829 3684 3883 cir-

2047 3923 2314 3971 cumacta
2356 3916 2413 3969 in
2481 3917 2732 3979 deserto,
2760 3915 3117 3986 incertisque
3169 3922 3374 3985 vagata
3420 3918 3682 3984 sedibus,

2042 4022 2172 4060 arca
2217 4006 2327 4058 fixa
2366 4009 2476 4071 est,
2527 4020 2593 4057 ac
2656 4002 2938 4073 requievit
2986 4018 3119 4056 arca
3167 4003 3283 4056 Noe
3320 4004 3520 4068 altera,
3555 4006 3684 4059 novi

2043 4093 2318 4148 mundiet
2338 4092 2787 4146 orthodoxorum
2804 4090 3185 4145 seminarium
3214 4093 3405 4145 ferens
3432 4115 3457 4140 η
3481 4100 3536 4146 et
3558 4111 3686 4147 con-

2043 4200 2301 4238 servans.
2338 4203 2361 4233 «
2397 4183 2541 4236 Tam
2575 4187 2824 4252 angusto
2858 4181 3235 4248 foramine,ut
3264 4182 3482 4251 optime
3513 4187 3684 4238 Baro-

2042 4272 2178 4326 nius
2202 4271 2282 4339 (h)
2316 4271 2554 4341 perinde
2585 4287 2651 4325 ac
2674 4269 2723 4323 si
2755 4271 2810 4323 in
2839 4268 3125 4325 latissimo
3153 4286 3380 4341 campo,
3406 4272 3689 4326 adversus

2044 4360 2177 4415 fidei
2210 4360 2405 4414 hostes
2435 4359 2695 4413 certabat
2727 4358 3058 4427 Theologus
3094 4384 3107 4424 ;
3142 4376 3256 4413 uno
3290 4367 3478 4413 rotatu
3512 4360 3690 4433 gladii

2045 4448 2197 4503 circu
2210 4448 2422 4502 mcirca
2456 4447 2673 4517 positos
2707 4447 3302 4511 haereticos,Arianos.
3320 4448 3689 4504 Macedonia-

284 4534 401 4599 370,
426 4552 460 4601 a_
491 4534 757 4607 cognatis
787 4536 1147 4607 quibusdam
1193 4536 1318 4592 suis
1350 4536 1605 4609 hospitio
1654 4545 1932 4610 exceptus
1964 4558 2009 4620 Ι)
2044 4554 2172 4601 nos,
2206 4537 2612 4604 Photinianos,
2663 4536 3047 4600 Sabellianos,
3082 4536 3587 4607 Appollinaristas,
3622 4554 3689 4593 ac

285 4630 385 4676 est.
412 4623 587 4678 Nulla
617 4624 772 4678 enim
808 4628 935 4677 tum
970 4623 1283 4678 Catholicis
1314 4628 1371 4678 in
1412 4642 1479 4679 ea
1511 4627 1652 4681 urbe
1683 4633 1809 4681 erat
1836 4643 1931 4681 ec-

290 4707 477 4779 clesia,
512 4710 657 4764 adeo
689 4710 1043 4764 Arianorum
1080 4711 1249 4765 tactio
1272 4691 1705 4769 invaluerat.De
1736 4715 1930 4779 domo,

290 4812 409 4867 qua:
442 4798 807 4870 Theologum
834 4799 1078 4870 excepit,
1110 4799 1231 4853 haec
1264 4800 1468 4855 scribit
1496 4802 1569 4873 (e)
1602 4818 1615 4857 :
1652 4825 1680 4852 «
1718 4809 1933 4859 Domus

291 4888 553 4956 quaedam
589 4888 703 4957 pia,
738 4903 939 4941 amore
970 4886 1064 4941 Dei
1112 4887 1385 4959 ﬂagrans,
1413 4907 1526 4945 non
1561 4908 1730 4946 secus
1759 4898 1935 4962 atque

289 4974 539 5031 Eliseum
574 4976 969 5031 Sunamitidis
998 4975 1209 5031 domus
1230 4977 1409 5041 “,nos
1442 4979 1812 5049 refucillavit;
1838 4983 1934 5036 do-

290 5063 1032 5136 mus,inquam,hominum
1053 5066 1312 5136 corporis
1326 5066 1688 5139 spiritusque
1703 5086 1933 5124 mecum

289 5154 629 5225 cognatione
660 5155 1110 5224 conjunctorum
1137 5170 1152 5219 ;
1186 5154 1341 5224 apud
1372 5171 1519 5225 quos
1562 5157 1815 5228 populus
1840 5158 1935 5213 hic

290 5257 515 5314 quoque
546 5247 894 5313 compactus
924 5245 1033 5305 est,
1065 5256 1200 5295 cum
1233 5243 1432 5297 furtim
1454 5244 1831 5301 orthodoxam
1868 5247 1933 5301 ﬁ-

347 5339 389 5374 ετ
421 5338 471 5395 ιι
503 5340 633 5395 ρον,
667 5356 722 5407 χ,
764 5340 817 5393 4,
899 5338 943 5372 ⁸⁸
977 5338 1117 5394 ibid.
1147 5339 1202 5392 5.
1279 5340 1324 5373 ⁶⁹
1347 5340 1420 5393 IV
1442 5341 1581 5413 Reg.
1617 5361 1693 5411 Iv,
1727 5345 1776 5413 1,
1811 5360 1973 5416 seqq.

373 5452 428 5513 α)
456 5447 587 5518 Socr.
619 5445 755 5518 1.711,
778 5462 840 5518 7c.
877 5444 967 5500 38.
1004 5444 1254 5518 Sosom.,
1288 5463 1345 5518 p.
1378 5446 1503 5501 571.

376 5520 425 5587 b)
459 5517 630 5585 Boll.,
662 5517 698 5569 9
729 5517 892 5583 Maii,
929 5516 1145 5588 p.403.

374 5596 425 5732 (ei;
680 5588 756 5645 al.
792 5590 928 5715 11,3“
963 5587 1089 5643 591.

505 5678 555 5717 ι·.
661 5702 677 5729 ,
708 5678 771 5717 n.
885 5697 902 5715 .

2044 4626 2396 4681 Novatianos
2430 4625 2779 4696 perurgebat
2806 4625 3334 4696 proﬂigabutque...
3370 4625 3684 4681 Erantma-

2042 4732 2153 4769 nus
2183 4715 2309 4785 ejus
2340 4719 2537 4767 contra
2568 4729 2795 4776 omnes,
2831 4729 2897 4767 ac
2948 4730 3157 4768 manus
3188 4714 3451 4768 omnium
3486 4720 3688 4771 contra

2041 4820 2216 4870 eum;
2249 4804 2450 4875 sicque
2481 4802 2735 4856 exaltata
2768 4807 2907 4855 sunt
2940 4817 3113 4872 opera
3146 4801 3263 4868 Dei,
3297 4808 3360 4857 ut
3390 4820 3540 4857 unus
3573 4821 3686 4858 non

2041 4897 2270 4946 tantum
2304 4891 2460 4945 mille
2484 4893 2729 4961 fugaret,
2763 4891 2862 4944 sed
2887 4896 2943 4944 et
2974 4891 3174 4944 decem
3210 4890 3690 4947 niillia7°.Exstat
3740 4896 3743 4901 ’

2041 4979 2450 5050 adhuc,pergit
2476 4978 2985 5033 eminentissimus
3016 4979 3267 5048 scriptor
3308 4986 3690 5049 appensusin

2042 5067 2289 5123 ecclesia
2319 5067 2488 5136 pallio
2532 5067 2829 5122 involutus
2881 5072 3011 5137 post
3062 5067 3257 5137 prod
3307 5067 3539 5139 gladius
3571 5071 3690 5137 ille,

2042 5174 2157 5229 quo
2189 5164 2388 5212 noster
2416 5158 2755 5229 coryphaeus
2788 5172 2962 5209 manu
3001 5155 3164 5209 fortis
3198 5155 3688 5215 Philistbinnrum

2044 5254 2267 5301 turmas
2298 5246 2356 5299 in
2388 5245 2588 5317 fugam
2619 5244 2813 5299 vertit.
2848 5241 3381 5314 Exstant,inquam,
3406 5247 3689 5303 sublimes

2051 5344 2140 5399 ⁷⁰Ι
2172 5344 2311 5413 Reg.
2348 5360 2511 5408 xvm,
2538 5343 2593 5396 7.

2139 5454 2188 5516 ε)
2221 5448 2317 5504 Or.
2348 5449 2441 5513 26,
2474 5464 2531 5502 n.
2573 5448 2658 5501 17.

2132 5516 2182 5590 γ)
2212 5520 2405 5574 Carm.
2437 5520 2514 5574 De
2545 5522 2656 5575 vita
2684 5534 2805 5583 sua,
2837 5516 3079 5590 γηῇοδς.
3193 5586 3208 5590 _
3554 5578 3555 5581 η

2177 5592 2194 5652 )
2224 5592 2404 5655 Socr.,
2434 5592 2471 5645 Ι.
2501 5606 2555 5657 ν,
2590 5606 2638 5645 c.
2671 5590 2736 5661 7,,
2759 5606 2817 5660 p.
2850 5588 2977 5661 263,
3010 5587 3164 5655 Soz.,
3193 5586 3233 5643 l.
3266 5604 3368 5661 vn,
3399 5606 3449 5649 ο.
3480 5592 3537 5650 5.

2137 5606 2194 5717 il
2224 5606 2404 5655 soon,
2434 5606 2471 5645 ι.
2501 5606 2555 5657 ν,
2590 5606 2638 5645 c.
2682 5606 2728 5653 ι,
2759 5606 2817 5660 p.
2850 5606 3012 5656 me,

2177 5663 2195 5732 )
2225 5667 2334 5734 Ap.
2364 5662 2512 5730 Bol.,
2541 5662 2578 5716 9
2606 5659 2764 5717 Maii.
2797 5676 2855 5734 p.
2886 5659 3012 5716 400.
