4096 6288
267 360 384 421 m

1606 353 1790 424 VITA
1840 350 1910 423 σε
1953 347 2355 424 GREGGMI.

3554 350 3681 430 ﬁli

268 493 464 552 ctrina
494 491 976 559 ostentationem,
1011 494 1110 548 sed
1143 492 1213 548 ad
1245 493 1517 565 pietatem
1549 494 1913 550 sicitaudat‘n‘
1948 487 2000 562 Α
2034 494 2359 568 lacessitus,
2373 498 2573 553 verum
2588 494 2761 553 etiam
2786 490 3429 569 adiudiciumtribunal
3444 500 3677 573 raptus,

270 583 613 656 plebemque
648 583 1099 655 permovendam
1124 585 1411 639 tractabat
1439 583 1681 639 minime
1712 585 1918 639 fucata!

268 673 610 745 eloquentiae
639 673 713 727 Vi.
763 677 898 729 Haec
946 682 1067 728 erat
1106 672 1367 746 Gregorii
1416 673 1569 728 circa
1599 673 1918 729 institutio-

269 772 398 818 nem
434 771 665 818 morum
699 763 848 817 ratio
880 761 1110 817 dicendi
1155 768 1212 817 et
1241 753 1524 818 docendi:
1556 770 1625 818 ex
1656 779 1773 835 quo
1797 763 1919 819 col:-

270 852 363 923 ligi
398 854 592 924 potest
625 851 948 921 permultas
978 852 1153 922 hujus
1187 852 1419 925 generis
1449 852 1741 909 orationes
1770 853 1918 910 Con;

269 940 645 1013 stantinopoli
677 935 912 997 habitas
945 940 1202 1013 periisse.

267 1064 549 1126 CXXXIV,
626 1064 890 1120 CXXXV.
964 1064 1039 1118 Ad
1114 1065 1273 1121 verba
1344 1069 1578 1122 oratoris
1642 1067 1920 1122 accedente

335 1138 597 1205 exempto,
628 1144 681 1191 et
712 1134 786 1190 ad
814 1138 1095 1192 orationes
1125 1142 1254 1193 vitae
1281 1140 1585 1202 sanctitate,
1618 1138 1792 1194 Μίνω
1826 1139 1919 1193 ιιαέ

344 1210 422 1264 bet
445 1211 677 1282 fructus.
724 1209 830 1263 Hos
858 1222 914 1263 se
956 1209 1538 1282 fructusﬁab‘iturum
1583 1215 1915 1282 speraverat,

336 1282 549 1352 ἱμείρω
582 1281 718 1336 Deus
747 1282 982 1350 forsitan
1013 1279 1347 1337 ostenderat.

338 1387 480 1442 Cum
514 1392 708 1442 autem
754 1388 824 1441 ad
880 1388 1053 1442 verba
1100 1387 1459 1459 exemplum,
1510 1380 1581 1443 ad
1624 1390 1916 1445 orationes

265 1477 390 1531 vitae
416 1476 698 1532 sanctitas
729 1476 1047 1543 accederet,
1099 1477 1391 1548 dictisque
1441 1478 1593 1534 facta
1634 1490 1917 1551 congrue-

266 1572 411 1627 rent.
465 1566 681 1637 mirum
734 1571 988 1638 quantos
1032 1582 1341 1622 successus
1389 1566 1662 1623 habuerit
1702 1572 1916 1638 Grego-

266 1656 382 1711 rius
408 1674 423 1723 ;
457 1672 638 1726 quam
673 1655 893 1711 multos
914 1671 945 1710 e
969 1655 1281 1712 Catholicis
1307 1656 1376 1711 ad
1407 1656 1703 1713 meliorem
1739 1656 1916 1713 vitam

263 1750 314 1801 et
344 1745 653 1801 hareticos
686 1744 759 1801 ab
799 1761 993 1801 errore
1031 1747 1103 1802 ad
1135 1762 1338 1802 sanam
1388 1746 1713 1802 doctrinam
1746 1748 1918 1803 redu-

258 1834 447 1901 xerit;
500 1839 645 1905 quot
691 1850 829 1890 oves
880 1834 1139 1906 perditas
1195 1836 1268 1891 ad
1317 1834 1467 1891 ovile
1514 1836 1915 1908 reportaverit,

259 1931 400 1997 quot
434 1924 607 1995 lupos
638 1924 908 1995 deposita
939 1924 1152 1981 saevitis
1184 1925 1337 1981 inter
1364 1943 1499 1982 oves
1536 1926 1917 1995 recensuerit,

260 2031 435 2087 quam
473 2015 834 2069 immensum
870 2014 1121 2085 denique
1163 2031 1398 2087 gregem
1450 2033 1518 2071 ex
1547 2015 1753 2083 exiguo
1784 2032 1919 2071 con-

260 2104 535 2175 spexerit.
578 2105 637 2159 Id
685 2104 949 2175 quidem,
1000 2104 1342 2175 priusquam
1379 2105 1686 2172 accideret,
1721 2122 1922 2178 spera-

259 2199 437 2261 verat,
470 2210 609 2249 cum
649 2193 899 2249 Arianos
940 2193 1445 2266 Constantinopoli
1492 2194 1604 2250 late
1633 2195 1922 2250 dominari

262 2288 560 2339 cerneret:
599 2296 799 2338 secum
850 2283 1007 2337 enim
1060 2284 1346 2355 cogitans,
1397 2284 1487 2338 bis
1529 2300 1591 2338 se
1637 2284 1829 2339 verbis
1868 2289 1925 2339 et

266 2389 367 2445 spe
398 2372 661 2428 melioris
690 2372 971 2443 temporis
993 2371 1292 2427 solabatur
1321 2372 1400 2445 (α)
1422 2390 1436 2429 :
1462 2390 1491 2423 «
1523 2372 1734 2427 Domos
1765 2374 1926 2429 Aria—

267 2462 325 2518 ni
356 2462 596 2530 habent,
621 2478 728 2517 nos
754 2461 1045 2533 hospitem
1074 2486 1088 2527 ;
1114 2461 1171 2515 hi
1202 2460 1445 2532 templa,
1476 2477 1583 2517 nos
1605 2462 1810 2527 Deum,
1835 2462 1921 2518 id—‘

268 2568 379 2624 que
414 2556 693 2621 praeterea
740 2551 897 2621 quod
951 2550 1076 2605 viva
1122 2550 1219 2605 Dei
1272 2550 1383 2604 vivi
1434 2552 1653 2622 templa
1690 2567 1920 2619 sumus,

271 2640 515 2695 victimas
554 2640 760 2694 vive...
814 2640 883 2693 Hi
918 2637 1162 2710 populos
1210 2638 1446 2707 habent,
1496 2656 1601 2695 nos
1645 2640 1923 2712 angelos;

270 2728 327 2783 hi
358 2729 749 2784 temeritatem
783 2733 839 2783 et
871 2728 1199 2793 audaciam,
1233 2745 1337 2783 nos
1369 2728 1581 2784 fidem:
1616 2728 1674 2783 hi
1708 2729 1923 2798 minas,

272 2824 371 2874 nos
404 2828 604 2889 preces
632 2822 689 2873 et
733 2817 1065 2883 orationes;
1117 2817 1176 2872 bi
1230 2816 1471 2873 feriendi
1522 2818 1922 2883 insolentiam,

271 2924 369 2962 nos
394 2907 770 2980 patientiam;
807 2907 863 2961 hi
898 2923 1108 2961 aurum
1138 2913 1195 2961 et
1224 2916 1553 2977 argentum,
1578 2920 1684 2963 nos
1718 2920 1925 2980 purga-

274 3002 382 3052 tam
417 2999 551 3053 ﬁdei
583 2998 981 3055 doctrinam...
1028 2999 1101 3055 At
1133 2998 1274 3053 mihi
1306 3014 1445 3069 grex
1489 2997 1781 3069 exiguus?
1811 3000 1921 3054 Sed

269 3086 335 3140 ad
370 3087 684 3158 praecipitia
718 3101 831 3141 non
886 3088 1086 3141 tertur.
1128 3089 1199 3141 At
1243 3092 1495 3157 angusta
1535 3086 1679 3141 mihi
1711 3087 1924 3142 caule?

268 3175 373 3230 Sed
408 3176 565 3245 lupis
616 3176 985 3231 inaccessa...
1034 3175 1149 3230 Nec
1189 3172 1392 3230 dubito
1443 3176 1583 3246 quin
1617 3191 1742 3230 eam
1777 3188 1921 3247 quo;

265 3281 376 3335 que
411 3242 734 3335 aliquando
786 3264 1050 3320 latiorem
1105 3242 1522 3336 prospecturus
1569 3265 1702 3321 sim.
1755 3242 1922 3320 Multi
1953 3242 1997 3310 (ἶ

264 3355 420 3408 enim
455 3369 522 3409 ex
553 3354 625 3409 iis
660 3355 758 3426 qui
793 3370 948 3408 nunc
994 3355 1051 3408 in
1084 3353 1356 3425 loporum
1408 3365 1653 3408 numero
1699 3359 1858 3424 sunt,
1890 3369 1925 3409 α

265 3459 355 3498 me
391 3443 544 3499 inter
576 3459 707 3499 oves
741 3442 1222 3511 recensebantur,
1256 3458 1322 3497 ac
1356 3440 1602 3497 fortasse
1632 3443 1806 3497 etiam
1838 3444 1923 3497 in-'

264 3536 350 3587 ter
380 3539 668 3604 pastores.
704 3552 732 3580 ι»
782 3531 959 3587 Addit
1004 3531 1358 3603 Gregorius:
1396 3546 1423 3579 ιι
1470 3531 1588 3585 Hoc
1637 3531 1781 3586 mihi
1821 3540 1924 3586 an-

266 3621 502 3676 nuntiat
531 3619 782 3676 feliciter
830 3620 1018 3675 bonus
1064 3617 1163 3673 ille
1216 3618 1439 3685 Pastor,
1489 3624 1725 3691 propter
1754 3634 1923 3689 quem

266 3725 368 3783 ego
401 3711 666 3764 animam
702 3724 891 3764 meam
926 3724 1027 3779 pro
1066 3709 1271 3764 ovibus
1304 3724 1476 3779 pono.
1511 3728 1539 3757 »
1590 3708 1812 3774 Quibus
1846 3708 1923 3764 si-

266 3799 549 3871 gnitiCare
580 3799 810 3853 videtur
841 3814 902 3854 se
923 3796 1023 3853 Dei
1052 3797 1351 3868 beneﬂcio,
1376 3799 1768 3868 quorumdam
1802 3811 1925 3868 qum

268 3889 468 3944 futura
496 3893 700 3944 essent
730 3889 1013 3943 bonorum
1061 3887 1281 3943 visione
1311 3902 1376 3942 ac
1420 3885 1807 3958 promissione
1837 3900 1925 3943 re-

268 3985 533 4033 creatum
566 3977 774 4034 fuisse.

267 4092 549 4159 CXXXVI.
615 4092 685 4157 Hi
737 4103 951 4171 fructus
1000 4117 1112 4156 non
1168 4101 1512 4171 eloquentiw,
1570 4117 1688 4171 quae
1742 4103 1928 4155 tamen

336 4176 597 4229 maxima
620 4183 735 4228 erat
763 4172 857 4227 sed
885 4174 1117 4227 oratoris
1161 4174 1359 4243 pietati
1402 4174 1452 4225 et
1480 4174 1775 4241 patientiae
1822 4172 1925 4225 tri-

342 4246 566 4301 bsendi.
601 4245 748 4298 Tales
769 4246 979 4313 fructus
998 4247 1165 4298 unius
1193 4244 1334 4309 justi
1351 4244 1722 4313 persecutione
1741 4244 1929 4297 vexati

338 4319 598 4387 precibus
625 4315 924 4387 aliquando
953 4316 1092 4371 Deus
1120 4314 1378 4371 concedit.

344 4423 486 4478 Tam
520 4422 719 4478 felices
747 4421 935 4478 exitus
966 4438 1083 4476 non
1112 4426 1232 4475 tam
1274 4420 1620 4492 eloquentiae
1647 4419 1925 4491 Gregorii,

278 4522 397 4581 qua:
428 4522 687 4567 maxima
711 4515 854 4575 erat,
888 4526 1066 4581 quam
1096 4509 1284 4580 ipsius
1318 4510 1516 4580 pietati
1548 4514 1605 4564 et
1638 4509 1926 4581 patientiae;

2032 588 2097 642 ac
2118 585 2289 642 veluti
2315 586 2489 642 cadis
2512 588 2911 651 reus,demum
2936 586 3428 658 saxisimpetitus,
3452 591 3673 660 patien-

2028 679 2117 731 ter
2144 674 2299 745 tulit,
2351 674 2552 732 dicens
2598 686 2728 732 cum
2782 670 3112 745 Stephano:
3165 674 3410 745 Domine,
3448 690 3516 734 ne
3557 686 3677 735 sta-

2028 768 2149 819 tuas
2179 763 2301 819 illis
2331 766 2429 821 hoc
2465 764 2745 836 peccatum
2769 760 2832 831 ⁷³,
2876 764 3085 820 uberes
3117 762 3549 822 benedictiones
3573 780 3675 839 pro

2028 851 2360 909 maledictis
2379 853 2663 925 rependit,
2679 866 2781 925 pro
2801 854 3151 924 persecutori
3161 852 3267 909 bus
3290 862 3485 926 preces
3503 854 3673 914 fudit.

2027 943 2214 997 Tanta
2262 943 2544 1015 patientia
2590 943 2981 1014 complurium
3033 945 3391 1015 perditorum
3443 934 3674 1003 animos

2027 1031 2136 1087 sibi
2170 1031 2523 1102 conciliavit,
2555 1032 2733 1105 idque
2764 1038 3117 1089 consecutus
3147 1039 3235 1089 est
3271 1039 3336 1089 ut
3363 1034 3544 1091 victos
3567 1035 3673 1092 ho-

2027 1124 2144 1176 stes
2168 1122 2238 1176 ad
2263 1121 2608 1178 catholicam
2628 1122 2799 1178 fidem
2824 1122 3288 1195 amplectendam
3314 1130 3672 1194 provocarat.

2025 1211 2160 1275 Quae
2192 1212 2446 1281 profecto
2471 1229 2561 1267 res
2581 1212 2918 1267 hominibus
2943 1214 3162 1267 nostris
3182 1208 3532 1268 documento
3546 1228 3674 1270 esse

2026 1300 2217 1366 debet,
2251 1300 2386 1356 licet
2425 1302 2493 1356 ad
2543 1303 2957 1358 convertendus
3005 1303 3076 1357 ad
3117 1302 3411 1357 Christum
3446 1303 3674 1360 animas

2026 1388 2246 1461 ingenii
2292 1406 2358 1445 ac
2406 1390 2679 1446 doctrinae
2732 1390 3001 1462 praesidia
3041 1396 3439 1463 requirantur,
3477 1396 3671 1448 tamen

2027 1483 2336 1550 conspecta
2365 1479 2492 1534 vitae
2526 1496 2874 1551 morumque
2921 1481 3259 1535 innocentia
3308 1486 3364 1535 et
3393 1482 3674 1552 patientia

2026 1568 2158 1638 plus
2189 1567 2373 1625 multo
2405 1585 2580 1640 quam
2611 1570 2823 1625 litteris
2845 1574 2946 1625 aut
2970 1568 3502 1625 concertationibus
3540 1582 3669 1641 pro-

2026 1655 2142 1711 ﬁci.

2029 1805 2335 1874 CXXXVII.
2390 1816 2671 1875 Permotus
2722 1819 2967 1886 Gregorii
3006 1822 3161 1890 fama
3206 1820 3591 1890 Hieronymus,
3640 1835 3678 1890 _a

2098 1892 2266 2016 Syria
2315 1891 2841 1963 Constantinopolim
2887 1887 3055 1961 venit,
3107 1900 3166 1945 ut
3206 1892 3325 1963 ejus
3375 1887 3470 1946 ﬁat
3511 1887 3674 1944 disci-

2100 1979 2173 2034 pu
2202 1977 2279 2017 us.

2101 2108 2209 2161 Tot
2239 2110 2297 2162 et
2323 2110 2445 2163 tam
2472 2106 2742 2179 praeclare
2792 2105 3000 2178 pieque
3031 2104 3207 2161 rebus
3249 2104 3429 2176 gestis
3460 2105 3676 2175 Grego-

2032 2196 2102 2251 rii
2138 2197 2291 2252 fama
2314 2196 2482 2269 longe
2514 2196 2744 2268 lateque
2766 2196 2979 2251 diffusa
3008 2200 3117 2257 est,
3140 2194 3283 2249 adeo
3308 2200 3370 2249 ut
3402 2193 3678 2265 Hierony-

2036 2302 2167 2343 mus
2198 2304 2228 2341 e
2257 2287 2439 2359 Syria,
2470 2292 2590 2341 tam
2622 2285 2939 2358 longinquo
2969 2290 3255 2340 terrarum
3289 2283 3499 2352 spatio,
3529 2286 3676 2337 Con-

2033 2375 2473 2449 stantinopolim
2488 2391 2551 2431 se
2572 2375 2903 2432 contulerit.
2928 2397 2952 2424 «
2982 2374 3093 2429 Res
3106 2372 3276 2444 plane
3292 2372 3359 2426 ad
3373 2371 3680 2427 miratione

2032 2466 2211 2538 digna
2235 2471 2345 2533 est,
2381 2488 2407 2514 »
2435 2471 2501 2519 ut
2529 2482 2658 2520 cum
2685 2464 2925 2519 Baronio
2948 2464 3155 2534 loquar
3182 2466 3274 2533 (ε),
3306 2483 3333 2514 α
3354 2461 3675 2531 hominem,

2034 2570 2205 2626 quem
2237 2556 2309 2609 ob
2341 2555 2634 2626 insignem
2685 2553 3067 2608 eruditionem
3114 2550 3486 2607 consulerent
3514 2549 3676 2605 Occi-

2033 2644 2293 2699 dentales
2322 2643 2600 2715 episcopi,
2635 2647 2732 2714 qui
2765 2644 2963 2698 orbem
2995 2642 3246 2707 doceret,
3273 2646 3396 2695 tam
3419 2640 3592 2711 longa
3621 2642 3679 2694 et

2034 2728 2293 2789 difficilia
2323 2730 2533 2788 itinera
2564 2748 2921 2804 peragrasse,
2956 2735 3021 2786 ut
3051 2729 3307 2802 Gregorii
3335 2733 3673 2796 mereretur,

2032 2839 2161 2879 esse
2192 2822 2442 2891 auditor;
2475 2838 2541 2879 ac
2563 2823 2673 2877 sub
2698 2826 2860 2876 tanto
2891 2819 3171 2892 magistro
3206 2823 3401 2889 posset
3423 2815 3677 2889 proﬁteri

2034 2911 2428 2982 discipulum:
2464 2911 2598 2965 inde
2629 2909 2739 2964 sibi
2771 2924 3072 2963 summum
3108 2907 3303 2977 gloriae
3336 2908 3515 2960 decus
3540 2921 3676 2960 con-

2033 2999 2369 3056 ciliaturum
2388 2997 2730 3053 existimans
2744 3010 2875 3051 cum
2899 2996 3228 3051 accessione
3242 2992 3538 3049 doctrinae.
3558 2982 3678 3047 imo

2034 3107 2100 3144 eo
2131 3088 2389 3155 nomine,
2423 3093 2488 3142 ut
2517 3087 2811 3158 regalibus
2844 3084 3199 3156 quibusdam
3249 3082 3581 3153 insignibus
3613 3097 3679 3136 ac

1982 3224 1996 3251 ε
2032 3176 2479 3251 praiclarissinio
2503 3178 2755 3247 quodam
2780 3177 3145 3235 ornamento,
3171 3170 3407 3243 gloriari
3440 3176 3681 3251 consue-

2033 3248 2132 3324 vit.
2170 3288 2197 3318 ‹‹
2220 3268 2336 3338 Ego
2353 3283 2419 3322 eo
2444 3264 2723 3337 magistro
2745 3263 2960 3335 gloriOr
2980 3267 3035 3316 et
3056 3260 3301 3330 exsulto,
3330 3282 3355 3310 ››
3383 3260 3591 3331 inquit.
3612 3248 3682 3313 Et

2034 3359 2105 3413 ad
2138 3355 2575 3412 Pammachium
2609 3354 2870 3409 scribens
2900 3349 2999 3424 (ά),
3033 3367 3094 3406 se
3134 3364 3199 3406 eo
3231 3348 3557 3421 explicante
3589 3358 3680 3403 sa-

2036 3451 2162 3502 cras
2192 3442 2467 3501 didicisse
2499 3444 2831 3515 Scripturas
2862 3442 3138 3507 afﬁrmat,
3168 3452 3422 3511 eumque
3467 3450 3684 3510 praes;

2036 3538 2260 3608 ptorem
2294 3549 2468 3589 suum
2501 3528 2773 3604 appellat.
2810 3528 3133 3601 Praeceptor
3163 3528 3458 3600 quondam
3494 3534 3680 3592 meus,

2036 3624 2349 3696 Gregorius
2398 3621 2816 3686 Nazianzenus,
2867 3619 3059 3690 inquit
3107 3624 3343 3688 rogatus
3389 3632 3422 3669 a
3468 3628 3561 3668 me
3619 3610 3683 3667 ut

2035 3718 2345 3785 exponeret
2370 3711 2509 3783 quid
2543 3710 2652 3764 sibi
2695 3707 2869 3763 vellet
2906 3706 2963 3761 in
2995 3707 3149 3761 Luca
3196 3706 3268 3775 (ε)
3313 3700 3685 3776 δευτερόπρω-

2032 3822 2123 3855 τον
2159 3799 2455 3873 eleganter
2484 3798 2661 3866 lusit;
2695 3818 2722 3848 u
2757 3797 2985 3852 Docebo
3017 3800 3091 3864 te,
3127 3816 3150 3843 ι)
3188 3792 3483 3864 inquiens,
3524 3802 3550 3842 δι
3579 3802 3682 3873 su-

2038 3907 2139 3963 per
2169 3870 2279 3944 hac
2304 3906 2364 3944 re
2410 3888 2470 3943 in
2500 3886 2764 3950 ecclesia,
2814 3886 2873 3940 in
2919 3898 3032 3956 qua
3082 3876 3225 3937 mihi
3260 3879 3418 3936 omni
3467 3870 3683 3950 papula

2038 3978 2414 4046 aeclamante,
2448 3976 2671 4049 Cogeris
2701 3974 2918 4030 invitus
2949 3973 3098 4028 scire
3128 3970 3282 4043 quod
3318 3966 3547 4024 nescis:
3583 3965 3685 4020 aut

2036 4074 2189 4126 certe
2219 4068 2268 4123 si
2299 4066 2459 4123 solus
2490 4064 2762 4130 tacueris,
2797 4062 2957 4117 solus
2989 4062 3060 4116 ab
3101 4059 3374 4115 omnibus
3424 4053 3683 4112 stultitiae

2036 4154 2536 4215 candemnaberis.
2570 4178 2590 4203 ιι
2617 4156 2739 4219 Quo
2771 4158 3031 4222 tempore
3054 4149 3385 4204 adhaerebat
3406 4144 3683 4216 Gregorio

2034 4248 2442 4319 Hieronymus,
2461 4242 2621 4299 tanto
2644 4243 2788 4296 duce
2810 4256 2875 4295 ac
2902 4239 3181 4310 magistro
3204 4234 3685 4292 obscurissimam

2036 4337 2315 4393 visionem
2344 4335 2505 4389 illam
2540 4333 2694 4388 Isaiae
2726 4331 2796 4386 de
2825 4329 3124 4401 Seraphim
3157 4340 3462 4397 exponere,
3494 4327 3685 4376 tenta—

2035 4426 2135 4493 vit,
2168 4430 2232 4480 ut
2259 4425 2309 4479 is
2340 4423 2465 4495 ipse
2494 4418 2685 4477 verbis
2720 4423 2969 4475 testatur
2997 4417 3099 4487 (f):
3145 4438 3173 4466 «
3206 4416 3282 4469 De
3315 4414 3420 4467 bac
3467 4410 3685 4464 visione

2038 4516 2171 4571 ante
2202 4520 2387 4568 annos
2411 4511 2639 4567 circiter
2670 4508 2928 4581 triginta,
2961 4523 3093 4561 cum
3136 4519 3325 4559 essem
3354 4497 3686 4556 Constanti-

280 4600 601 4655 ascribendi
632 4605 794 4656 sunt.
829 4599 945 4655 Hos
979 4599 1304 4653 uberrimos
1337 4599 1768 4670 praedicationis
1808 4599 1928 4653 fru-
1959 4600 2007 4680 D
2038 4602 2253 4676 ηυροιι,
2288 4605 2344 4657 et
2373 4602 2525 4673 apud
2547 4600 2736 4655 virum
2764 4596 3310 4668 eloquentissimum
3343 4587 3687 4662 Gregorium

281 4694 401 4743 ctus
437 4691 715 4761 percepit,
745 4687 843 4743 illo
884 4688 1059 4743 dante
1106 4687 1532 4742 incrementum
1552 4689 1620 4741 τί.
1652 4710 1679 4736 ‹‹
1713 4688 1791 4759 (b)
1826 4689 1925 4759 qui

279 4794 589 4850 pauperem
616 4778 757 4833 facit
780 4783 837 4833 et
857 4777 1026 4844 ditat,
1050 4777 1147 4848 qui
1183 4778 1492 4831 mo‘rtiiicat
1511 4781 1567 4831 et
1588 4776 1837 4831 viviﬁcat
1856 4777 1925 4843 ⁷³,

280 4868 374 4938 qui
406 4866 533 4923 sola
561 4867 862 4922 voluntate
891 4866 1089 4921 omnia
1122 4866 1256 4919 facit
1287 4869 1345 4919 et
1376 4866 1717 4920 immutat...
1751 4864 1926 4936 idque

278 4956 619 5029 plerumque
643 4953 987 5025 uniusjusti
1010 4955 1294 5009 diuturna
1318 4954 1719 5024 persecutione
1742 4953 1926 5008 vexati

274 5048 539 5117 precibus
574 5055 898 5117 permotus.
934 5054 962 5092 ››
994 5041 1093 5097 Vir
1136 5041 1234 5098 ille
1265 5044 1388 5114 ipse
1436 5042 1547 5097 fuit
1575 5042 1926 5115 Theologus,

276 5136 368 5206 qui
398 5136 683 5191 diuturna
712 5132 1065 5188 Arianorum
1096 5130 1499 5202 persecutione
1520 5132 1791 5196 Vexatus;
1826 5131 1926 5202 qui

275 5240 379 5278 non
395 5225 567 5280 mddo
581 5221 871 5288 dicteriis,
888 5221 1335 5291 soommatibus,
1352 5220 1928 5291 calumniis,injuriis

337 5334 378 5387 ᾗ
410 5351 429 5406 l
460 5350 590 5406 Cor.
637 5365 693 5417 ν,
724 5348 779 5402 6.
859 5346 906 5380 τ’
952 5345 973 5400 Ι
1005 5349 1142 5417 Reg.
1206 5362 1267 5413 ιι,
1300 5346 1353 5401 7.
1431 5344 1477 5380 ⁷³
1506 5348 1634 5400 Act.
1684 5361 1807 5412 VIII,
1837 5346 1928 5402 59.

360 5498 419 5561 α)
449 5493 543 5548 Or.
577 5492 673 5557 33,
708 5502 769 5543 n.
807 5488 899 5543 15.

363 5560 411 5631 b)
444 5565 537 5621 Or.
572 5565 662 5625 42,
699 5579 757 5616 n.
794 5560 851 5613 5.

431 5637 597 5708 Apud
630 5632 814 5709 Βοῌ2
840 5630 879 5684 9
910 5628 1071 5709 Maii,
1098 5645 1153 5700 p.
1186 5629 1312 5686 402.

342 5700 417 5781 (ἆ)
442 5700 628 5782 Epist.
661 5706 742 5762 ad
775 5700 1117 5759 Pammach.

2035 4695 2486 4755 Naz'ianzenum,
2517 4694 2656 4743 tunc
2678 4689 2804 4758 ejus
2836 4685 2998 4739 urbis
3020 4684 3359 4755 episcopum
3394 4684 3685 4745 sanctum,

2034 4784 2469 4856 ScripturarUm
2502 4777 2714 4831 studiis
2747 4774 3029 4840 erudirer,
3063 4771 3184 4827 scio
3219 4786 3310 4824 me
3344 4768 3571 4823 brevem
3601 4765 3688 4819 di-

2038 4880 2225 4930 ctasse
2256 4868 2637 4937 subitumque
2662 4869 2996 4927 tractatum,
3023 4866 3087 4915 ut
3108 4860 3568 4930 experimentum
3602 4864 3687 4907 ca-

2038 4970 2234 5036 perem
2278 4952 2557 5028 ingenioli
2610 4954 2744 5016 mei,
2795 4956 2851 5007 et
2908 4949 3113 5005 amicis
3153 4945 3500 5036 jurbentibus
3554 4944 3688 5036 phe-

2040 5028 2246 5107 direm.
2281 5068 2312 5102 »
2364 5047 2686 5117 Episcopus
2717 5056 2852 5113 ergo
2885 5047 3023 5094 tunc
3054 5040 3177 5093 erat
3207 5034 3521 5105 Gregorius
3552 5028 3693 5086 Con-

2038 5136 2464 5210 stantinopolis,
2508 5142 2641 5189 cum
2676 5148 2741 5185 eo
2778 5129 3056 5200 magistro
3098 5141 3241 5179 usus
3273 5129 3362 5177 est
3410 5121 3688 5193 Hierony-

2040 5246 2192 5297 mus,
2228 5234 2291 5284 ut
2346 5226 2472 5297 ipse
2528 5219 2777 5286 asserit;
2837 5218 2936 5290 qui
2970 5217 3018 5271 si
3069 5213 3127 5268 in
3180 5213 3330 5267 hanc
3378 5212 3579 5265 urbem
3634 5219 3694 5265 se

2037 5316 2351 5375 contulerit
2383 5331 2535 5369 anno
2567 5310 2691 5377 379,
2725 5312 2790 5362 ut
2822 5311 2986 5378 putat
3016 5300 3324 5367 Baronius,
3349 5308 3586 5355 necesse
3606 5301 3696 5353 est

2111 5481 2181 5561 (ε)
2209 5476 2470 5561 Ιξςὶιῃυη)
2524 5480 2557 5526 a
2586 5465 2999 5561 ndipLsecun_do
3047 5459 3569 5561 azpmkohrluAmina‘bm
3587 5457 3695 5561 hoc

2040 5532 2195 5607 enim
2220 5549 2313 5601 die
2341 5548 2561 5615 septem
2586 5541 2856 5605 Sabbata,
2880 5538 3000 5592 sive
3020 5532 3166 5606 sapt.
3192 5532 3569 5589 hebdomadas
3595 5544 3696 5585 nu-

2042 5620 2333 5678 meranda:
2365 5620 2550 5672 erant.

2113 5694 2179 5765 (1)
2212 5693 2433 5748 Comm.
2458 5688 2518 5741 in
2546 5687 2678 5754 1311.,
2714 5696 2764 5736 c.
2796 5681 2851 5735 6.
