4096 6288
378 362 498 424 219

1707 361 1894 422 VITA
1941 363 2029 428 8.,
2057 360 2457 422 GREGORII.

3667 354 3789 415 220

379 495 445 547 ut
473 491 662 547 tribus
712 491 828 546 fere
859 492 1027 545 annis
1076 490 1131 543 in
1165 490 1272 545 hac
1321 491 1462 546 urbe
1509 495 1802 546 versatum
1837 491 2018 546 fuisse
2047 492 2365 557 A-teretur.
2401 490 2608 545 Redux
2655 506 2723 545 ex
2771 488 2997 552 itinere,
3039 484 3461 556 benignissime
3502 484 3715 539 iterum
3759 503 3792 541 a

381 583 765 652 Hieronymus
837 581 1262 634 concedamus:
1344 597 1494 634 anno
1574 581 1862 651 siquidem
1915 580 2013 634 381

374 671 686 741 Gregorius
719 669 896 738 hujus
927 669 1088 722 urbis
1126 669 1385 724 Ecclesiae
1432 669 1735 740 praefectus
1780 675 1868 724 est
1897 670 2016 740 epi-

370 776 600 830 sOOpus.
639 759 700 812 ld
737 775 850 812 non
882 775 1031 830 agre
1065 757 1308 813 Baronio
1327 761 1801 828 concederemus,
1828 760 1874 813 si
1901 776 2016 813 suae

371 848 660 919 opinionis
709 848 908 902 ﬁrmas
959 847 1189 903 afferret
1239 849 1529 916 rationes;
1583 865 1783 903 verum
1827 848 2017 903 nullas

369 937 554 994 affert.

436 1071 768 1130 CXXXVIII.
805 1071 925 1126 Ortt
950 1074 1095 1126 inter
1123 1071 1451 1126 orthodoxos
1481 1071 1698 1127 dissidii
1716 1074 2016 1142 occasione,

438 1144 690 1216 haeretici
743 1145 872 1216 ipsis
906 1144 1238 1216 insultandi
1280 1161 1470 1198 ansam
1515 1146 1828 1214 arripiunt,
1890 1161 2019 1216 quos

442 1214 737 1284 Gregorius
766 1214 1003 1287 refellit.

442 1342 668 1394 Interea
696 1338 1007 1393 dissidium
1043 1339 1192 1394 inter
1221 1339 1571 1394 orthodoxos
1601 1338 2016 1394 Constantino-

370 1428 487 1500 poli
519 1434 781 1483 exortum
813 1433 921 1490 est,
950 1429 1101 1482 unde
1123 1429 1267 1500 ipsis
1301 1428 1624 1483 insultandi
1651 1445 1851 1483 ansam
1873 1428 2017 1482 arri-

368 1518 609 1589 piebant
660 1517 934 1586 haeretici,
987 1534 1132 1588 quos
1182 1519 1410 1588 gemina
1459 1520 1714 1572 oratione
1769 1519 1841 1572 De
1883 1533 2017 1588 pace

367 1606 576 1660 refellit
603 1605 954 1676 Theologus.
982 1606 1300 1660 Dissidium
1338 1606 1478 1660 illud
1511 1624 1622 1662 non
1654 1606 1811 1661 aliud
1847 1607 2015 1661 nobis

365 1695 598 1750 videtur
629 1694 828 1762 fuisse,
875 1711 1048 1764 quam
1099 1695 1310 1749 Meletii
1359 1701 1416 1750 et
1449 1695 1670 1749 Paulini
1720 1697 1788 1750 de
1818 1695 2013 1750 Antio-

369 1785 552 1839 cheno
584 1783 920 1854 episcopatu
954 1783 1268 1849 contentio,
1319 1786 1486 1854 cujus
1518 1802 1696 1839 causa
1727 1802 1837 1839 non
1877 1786 2014 1839 urbs

2129 579 2402 651 Gregorio
2452 579 2790 649 suscipitur,
2843 578 2992 630 inter
3047 576 3267 630 amicos
3330 579 3674 627 numeratur
3735 581 3794 630 et

2133 669 2432 723 beneficiis
2464 667 2811 722 cumulatur.
2858 665 3098 719 Fallitur
3129 670 3320 718 tamen
3375 661 3632 734 Gregorii
3661 667 3789 718 vita

2129 759 2535 829 scriptor,cum
2551 758 2631 812 ait
2648 756 2855 811 Maxim
2869 771 2964 809 um
2980 755 3050 809 ab
3065 771 3130 808 eo
3144 754 3201 808 in
3221 752 3439 807 clerum
3460 753 3785 822 ascriptum

2129 847 2330 902 fuisse.
2363 847 2527 900 Tunc
2557 846 2714 901 enim
2743 845 2998 916 primum
3033 844 3318 914 prolixam
3350 859 3581 898 comam
3615 842 3788 912 depo-

2129 936 2267 1004 suit,
2300 953 2432 991 cum
2464 934 2774 1007 episcopus
2805 950 2838 988 a
2869 932 2993 987 suis
3023 933 3131 986 fuit
3165 931 3499 987 ordinatus.

2129 1132 2287 1197 CXL,
2320 1131 2501 1187 CXLI.
2537 1131 2867 1202 Gregorium
2897 1146 2925 1184 e
2954 1145 3052 1182 sua
3070 1127 3198 1202 sede
3231 1128 3534 1202 deturbare
3563 1144 3792 1202 eamque

2200 1204 2456 1258 invadere
2489 1198 2659 1257 tental
2706 1202 3003 1255 Maximus.
3053 1199 3185 1253 Cum
3215 1216 3374 1253 suum
3413 1198 3592 1254 scelus
3623 1200 3787 1268 perﬁ-

2197 1285 2338 1330 ceret
2365 1275 2654 1338 Maximus,
2696 1274 2957 1343 operique
3004 1271 3361 1336 incumberet,
3397 1270 3786 1342 deprehensus,

2197 1348 2395 1416 ejectus
2425 1351 2504 1402 est
2535 1347 2781 1400 civitate.

2197 1489 2418 1552 Quibus
2448 1488 2596 1542 dolis
2627 1492 2683 1542 et
2727 1487 3031 1540 fraudibus
3075 1486 3364 1540 nefarium
3399 1485 3551 1539 istud
3588 1483 3781 1538 consi-

2127 1577 2297 1641 lium,
2330 1577 2482 1648 quod
2518 1578 2641 1646 jam
2695 1575 2793 1630 diu
2847 1579 3039 1628 mente
3090 1581 3452 1644 conceperat,
3507 1572 3786 1643 perficere

2127 1672 2371 1722 conatus
2403 1666 2476 1720 sit
2509 1665 2684 1720 homo
2718 1664 3139 1734 nequissimus,
3174 1662 3343 1733 longe
3385 1661 3618 1731 lateque
3651 1677 3784 1731 pro-

2127 1756 2394 1826 sequitur
2424 1755 2736 1825 Gregorius
2783 1754 2841 1806 in
2874 1751 3130 1806 carmine
3173 1752 3247 1804 De
3297 1752 3413 1805 vita
3441 1765 3544 1803 sua
3568 1767 3586 1801 :
3615 1748 3785 1803 nobis

372 1873 544 1927 modo
575 1871 1236 1943 Constantinopolitana,
1267 1891 1467 1927 verum
1502 1875 1675 1928 etiam
1709 1875 1866 1929 orbis
1899 1877 2024 1929 uni-
2052 1864 2095 1927 Β
2126 1852 2207 1943 fit“
2247 1849 2357 1943 εἶτα
2407 1859 2635 1943 “Tum
2694 1857 2887 1943 refum
2943 1857 3104 1943 se_qu'
3165 1841 3418 1943 fasuﬁa'
3473 1839 3785 1943 Ῑῖοδηυῗφ

371 1977 573 2016 versus
607 1961 894 2015 contraria
925 1961 982 2015 in
1015 1963 1206 2016 studia
1250 1963 1640 2017 scindebatur.
1678 1965 1756 2018 De
1805 1964 1896 2019 his
1929 1964 2016 2017 di-

374 2055 532 2105 ctum
552 2049 694 2104 satis
712 2049 770 2103 in
797 2051 1013 2105 monito
1031 2052 1099 2105 ad
1127 2057 1434 2122 utramque
1451 2053 1805 2119 orationem;
1831 2070 1920 2107 am
1933 2056 2018 2107 bze

370 2139 525 2193 enim
551 2144 689 2192 sant
710 2139 779 2193 de
796 2140 997 2193 eodem
1022 2147 1386 2211 argumento.
1405 2142 1598 2196 Altera
1620 2141 1924 2213 theologus
1945 2143 2016 2196 ad

370 2244 569 2300 pacem
620 2228 1032 2283 dissentientes
1082 2229 1367 2295 hortatur,
1415 2231 1595 2286 altera
1634 2233 2015 2302 compositam

370 2334 568 2389 pacem
625 2317 968 2387 gratulatur.
1019 2318 1176 2373 Alias
1224 2320 1515 2375 orationes
1569 2321 1775 2375 habuit
1813 2321 2016 2375 eodem

371 2422 523 2460 anno
553 2406 657 2458 379
689 2408 775 2460 Gr:
801 2407 1022 2476 gorius,
1058 2409 1158 2462 sed
1191 2410 1261 2463 de
1293 2409 1381 2463 his
1413 2411 1780 2464 commodius
1810 2410 1868 2464 in
1903 2427 2020 2465 mo-

370 2494 511 2549 nitis
541 2495 750 2563 cuique
782 2495 1027 2565 praeviis.

373 2635 767 2713 CXXX_IX.‘——j
800 2641 1080 2713 Maximus
1107 2641 1455 2710 philosophus
1497 2642 2018 2713 Constantinopolim

447 2710 612 2783 venit.
651 2708 883 2783 Quis_et
917 2708 1114 2779 qualis
1146 2708 1441 2766 Maximus.
1493 2708 1889 2783 Benigmssinie
1919 2732 2017 2769 ex-

446 2781 651 2848 cipitur
697 2797 729 2831 a
780 2780 1053 2849 Gregorio,
1105 2800 1265 2849 quem
1314 2785 1459 2838 dolis
1502 2795 1551 2839 et
1600 2780 1903 2839 mendaciis
1943 2789 2020 2840 ita

444 2849 664 2920 decipit,
697 2853 848 2924 utin
869 2853 983 2922 ejus
1016 2853 1232 2908 laudem
1264 2856 1515 2910 habuerit
1544 2860 1865 2912 oralionem.

443 2987 582 3038 Acto
611 2990 696 3039 tot
721 2988 1167 3056 tempestatibus
1200 2988 1473 3060 Gregorio
1523 2988 1636 3044 alia
1667 2989 1858 3044 adhuc
1889 3006 2021 3060 gra-

375 3073 498 3127 vior
526 3079 582 3128 et
613 3074 913 3130 molestior
959 3077 1327 3145 supervenit:
1382 3080 1451 3132 de
1484 3080 1873 3133 turbamentis
1914 3079 2021 3132 Ec-

378 3163 567 3218 clesiaa
623 3165 1270 3236 ConstantinOpolitana
1338 3185 1370 3221 a
1446 3169 1693 3223 Maximo
1761 3168 2023 3223 excitatis

378 3269 531 3306 anno
561 3253 665 3305 380
697 3228 1019 3323 loquimur:
1051 3257 1374 3310 Laetissima
1407 3258 1642 3328 quidem
1676 3258 1709 3311 h
1740 3260 1852 3328 'jus
1884 3258 2019 3311 anni
2053 3228 2095 3293 C

383 3342 616 3394 fuerant
649 3342 832 3396 initia.
875 3345 948 3413 (α)
975 3345 1340 3400 Theodosius
1387 3347 1724 3416 imperator,
1763 3348 1887 3416 jam
1920 3347 2023 3400 de—

381 3429 612 3484 bellatis
661 3429 932 3485 hostibus
980 3433 1326 3504 firmatoque
1371 3436 1536 3503 solio,
1591 3436 1915 3506 baptizatus
1954 3435 2024 3490 ab

378 3520 650 3574 Ascholio
694 3520 1196 3576 Thessalonicensi
1245 3525 1516 3594 episcopo
1564 3525 1868 3585 catholico.
1902 3525 2026 3596 lege

379 3610 518 3663 data
545 3611 616 3664 28
650 3609 965 3675 Februarii,
1024 3612 1194 3665 fidem
1246 3629 1420 3683 quam
1473 3614 1761 3668 Damasus
1812 3615 2024 3681 Romae,

384 3699 588 3752 Petrus
618 3699 974 3752 Alexandriae
1008 3701 1434 3770 profiterentur,
1476 3704 1787 3756 tenendam
1823 3720 2027 3758 sanxe-

380 3793 490 3841 rat.
531 3789 766 3841 Mutatis
795 3787 853 3841 in
889 3788 1098 3843 melius
1131 3789 1559 3844 Catholicorum
1606 3793 1797 3862 rebus,
1833 3792 2028 3862 aliqua

379 3876 653 3947 Gregorio
680 3893 814 3946 spes
845 3884 969 3930 erat
999 3894 1059 3932 se
1090 3880 1323 3932 tandem
1352 3896 1487 3949 pace
1520 3879 1858 3946 fruiturum,
1894 3897 2025 3934 cum

383 3967 670 4021 Maximus
705 3983 909 4020 novam
949 3973 1005 4021 et
1047 3969 1517 4038 periculosiorem
1566 3969 1774 4023 excitat
1807 3977 2025 4040 tempe-

383 4063 612 4110 statem.
649 4056 840 4109 Patria
884 4055 933 4109 is
977 4057 1396 4111 Alexandrinus
1445 4062 1585 4126 erat,
1623 4058 2026 4129 philosophus,

382 4152 541 4199 secta
593 4144 853 4214 cynicus,
928 4145 1304 4212 professione,
1367 4147 1566 4202 habitu
1632 4154 1689 4202 et
1747 4148 2026 4205 moribus.

383 4232 946 4302 Constantinopolim
976 4242 1227 4299 venerat,
1250 4235 1455 4290 habitu
1486 4236 1764 4307 corporis,
1801 4236 2026 4303 baculo,

384 4320 582 4392 pallio,
619 4319 798 4372 barba
845 4326 900 4373 et
946 4321 1164 4390 prolixa
1212 4339 1378 4377 coma
1424 4329 1723 4378 ostentans
1775 4324 2030 4395 philoso-

387 4409 590 4481 phum,
641 4408 832 4462 verbis
880 4415 1073 4463 autem
1117 4411 1553 4478 Christianum;
1602 4420 1922 4484 martyrum
1965 4413 2029 4466 fi-

385 4497 554 4563 lium,
604 4514 783 4567 seque
833 4503 1142 4569 martyrem
1184 4499 1502 4568 jactitans;
1555 4502 1846 4556 catholicae
1897 4501 2028 4556 fidei

2128 1934 2443 1998 Maximus,
2474 1932 2549 2003 (b)
2584 1954 2611 1981 ‹‹
2644 1931 2867 2002 peritus
2900 1930 3184 1984 scelerum
3222 1929 3430 1982 artifex
3466 1932 3525 1981 et
3558 1925 3788 1979 machi-

2129 2029 2318 2090 nator,
2365 2044 2392 2070 »
2438 2022 2562 2075 suis
2618 2018 2939 2074 mendaciis
2987 2017 3368 2073 circumvenit
3399 2015 3787 2085 Theologum.

2125 2112 2315 2166 virum
2374 2111 2713 2176 candidum,
2776 2108 3017 2162 minime
3091 2107 3478 2177 suspicacem,
3536 2104 3790 2174 aliisque

2126 2200 2298 2270 longe
2340 2200 2563 2254 artibus
2615 2205 2961 2268 occupatum
3015 2201 3072 2249 et
3117 2201 3439 2263 assuetum,
3493 2210 3601 2247 sua
3650 2209 3785 2246 eum

2128 2290 2262 2344 sede
2294 2288 2624 2349 deturbare,
2671 2293 2729 2340 et
2761 2302 2888 2340 eam
2937 2284 3208 2338 invadere
3247 2282 3601 2353 aggreditur.
3637 2281 3783 2334 Huic

2128 2398 2189 2436 se
2246 2378 2486 2433 facinori
2549 2381 2862 2448 aptaverat,
2923 2375 3231 2429 avertendo
3291 2373 3572 2443 paulatim
3634 2388 3777 2425 non-

2128 2468 2322 2524 nullos
2353 2486 2385 2522 a
2414 2465 2708 2537 Gregorio,
2759 2481 2906 2535 quos
2939 2465 3009 2518 ab
3060 2464 3186 2533 ipso
3236 2462 3455 2516 alienos
3499 2465 3777 2528 noverat;

2129 2557 2468 2613 asciscendo
2500 2555 2611 2609 sibi
2662 2553 2898 2608 sceleris
2948 2558 3275 2606 consortem
3309 2568 3339 2605 e
3388 2551 3647 2621 Gregorii
3684 2567 3777 2604 sa-

2128 2647 2461 2702 cerdotibus
2494 2660 2699 2705 unum,
2754 2642 2987 2696 natione
3037 2642 3352 2694 barbarum
3398 2644 3455 2693 et
3489 2638 3781 2704 moribus,

2130 2736 2227 2806 qui
2283 2733 2412 2787 licet
2464 2731 2758 2786 beneficiis
2807 2747 2838 2784 a
2889 2728 3162 2799 Gregorio
3207 2727 3563 2789 cumulatus,
3607 2726 3782 2780 veteri

2130 2824 2186 2878 in
2220 2839 2350 2876 eum
2384 2822 2515 2875 odio
2547 2826 2603 2874 et
2653 2818 2870 2873 invidia
2917 2819 3211 2872 urebatur.
3246 2817 3311 2870 Hi
3367 2817 3536 2871 ambo
3570 2815 3786 2887 ingrati

2130 2918 2332 2967 contra
2363 2910 2703 2979 Gregorium
2747 2925 2862 2961 una
2898 2911 3244 2975 conjurunt;
3280 2906 3431 2959 viros
3480 2905 3789 2958 seditiosos

2131 3006 2189 3056 et
2228 3001 2298 3054 ad
2333 2998 2632 3069 quodlibet
2677 2997 2867 3052 scelus
2902 3003 3156 3066 paratos,
3187 3003 3516 3065 nautasque
3561 2999 3790 3064 emptos

2133 3088 2380 3161 pecunia
2426 3088 2494 3141 ad
2536 3103 2599 3140 se
2649 3093 2985 3139 convocant.
3039 3083 3349 3138 Pecuniam
3398 3081 3794 3152 suiipeditavit

2135 3178 2372 3248 quidam
2409 3176 2729 3246 presbyter,
2765 3175 2862 3244 qui
2915 3190 2981 3227 ex
3029 3174 3186 3228 Naxo
3219 3171 3412 3227 insula
3461 3170 3792 3226 Constanti-

2137 3264 2394 3337 n0polim
2429 3269 2663 3318 venerat
2694 3263 2762 3315 ad
2796 3263 3074 3316 emendas
3106 3279 3207 3332 pro
3238 3261 3493 3315 ecclesiae
3527 3277 3641 3314 suas
3677 3276 3788 3314 usu

2135 3353 2446 3408 marmoris
2481 3351 2808 3406 Proconesii
2869 3351 3121 3404 tabulas.
3157 3350 3391 3404 Petrum
3439 3348 3788 3403 Alexandri-

2135 3461 2274 3497 num
2319 3459 2351 3495 a
2382 3440 2655 3510 Gregorio
2688 3439 2992 3505 divellunt,
3031 3445 3086 3492 et
3130 3439 3186 3491 in
3236 3456 3402 3492 suam
3437 3439 3787 3492 sententiam

2135 3532 2509 3605 pertrahunt;
2557 3533 2808 3594 Petrum,
2858 3528 3122 3598 inquam,
3175 3528 3495 3594 abducunt,
3548 3527 3793 3595 suisque

2137 3621 2443 3676 fraudibus
2505 3617 2836 3688 perficiunt,
2889 3621 2955 3669 ut
3012 3617 3108 3685 qui
3163 3633 3264 3687 per
3319 3614 3546 3668 litteras
3607 3630 3794 3684 nuper

2135 3710 2477 3780 Gregorium
2501 3705 2765 3761 Ecclesia:
2779 3703 3434 3774 Constantinopolitanae
3449 3705 3792 3773 episcopum

2138 3797 2492 3870 prazfecerat,
2530 3795 2664 3849 huic
2699 3794 2963 3848 Ecclesiae
3010 3793 3348 3855 Maximum,
3381 3793 3605 3860 abjecto
3651 3791 3794 3845 Gre-

2137 3887 2319 3958 gorio,
2359 3886 2648 3956 praeficere
2681 3883 2925 3945 laboret,
2951 3884 3260 3952 mittatque
3293 3881 3595 3951 episcopos
3625 3880 3794 3951 {Egy-

2140 3975 2315 4046 ptios,
2350 3974 2450 4044 qui
2481 3975 2882 4042 episcopatum
2933 3970 3015 4023 illi
3056 3971 3390 4024 decernant.
3431 3971 3526 4022 His
3579 3969 3658 4022 ita
3693 3985 3793 4038 pa-

2140 4064 2298 4127 ratis,
2326 4065 2450 4131 jam
2487 4062 2634 4114 facto
2667 4077 2814 4131 opus
2863 4065 3004 4126 erat,
3039 4065 3096 4114 et
3125 4065 3383 4113 extrema
3432 4057 3656 4125 sceleri,
3691 4072 3792 4110 seu

2140 4151 2358 4221 iniquas
2391 4148 2702 4211 molitioni,
2737 4165 2949 4202 manus
2975 4147 3356 4202 admovenda.
3393 4147 3531 4199 Rem
3569 4160 3798 4215 'aggre-

2140 4239 2382 4293 diuntur
2427 4255 2530 4308 per
2579 4237 2796 4292 amicas
2847 4238 3034 4291 noctis
3073 4236 3367 4302 tenebras,
3402 4240 3796 4305 Opportunum

2141 4328 2295 4392 nacti
2330 4326 2718 4388 occasionem,
2752 4341 2884 4379 cum
2909 4324 3222 4395 Gregorius
3253 4323 3310 4376 in
3349 4324 3617 4376 morbum
3652 4322 3798 4375 inci-

2141 4416 2344 4470 disset.
2377 4413 2693 4468 Ecclesiam
2746 4413 3048 4478 invadunt,
3092 4411 3410 4466 Maximum
3460 4426 3800 4464 consecrare

2142 4508 2198 4558 et
2225 4504 2283 4556 in
2316 4502 2528 4557 solium
2560 4501 2842 4556 collocare
2877 4501 3170 4556 festinant.
3199 4500 3362 4554 Prius
3394 4506 3588 4553 tamen
3623 4516 3800 4570 quam

386 4603 564 4641 causa
594 4587 929 4640 verberibus
980 4603 1215 4651 caesum,
1257 4595 1430 4659 atque
1479 4591 1535 4642 in
1581 4592 1763 4644 oasim
1806 4597 2026 4645 vastam
2063 4589 2104 4652 ὃ
2139 4591 2542 4656 absolvissent,
2579 4607 2670 4645 res
2708 4596 2828 4644 tam
2875 4589 3094 4644 nefaria
3143 4589 3419 4654 innotuit,
3454 4604 3798 4658 omnesque,

385 4675 548 4729 illam
592 4675 967 4730 solitudinem
1019 4693 1081 4729 se
1130 4677 1444 4748 relegatum
1501 4679 1678 4732 fuisse
1730 4679 2030 4746 mentitus,

387 4781 519 4819 cum
583 4781 777 4818 revera
835 4765 908 4818 ob
975 4765 1295 4820 foedissima
1361 4766 1578 4821 scelera
1644 4768 1701 4820 in
1761 4767 2032 4821 exsilium

387 4855 607 4909 missus
638 4859 811 4916 esset,
848 4860 910 4907 ut
956 4854 1265 4921 Gregorius
1317 4861 1584 4910 testatur.
1637 4856 1782 4918 Quid
1819 4856 2033 4926 plura?

383 4944 696 5014 Gregorius
728 4942 878 4996 dolis
922 4949 979 4998 et
1028 4944 1347 4998 mendaciis
1396 4946 1673 5014 deceptus
1725 4944 1880 4997 hunc
1922 4945 2033 4997 hu-

388 5032 730 5086 manissime
781 5039 1101 5102 exceperat,
1155 5049 1358 5087 mensa
1414 5037 1470 5085 et
1528 5038 1676 5086 tecto
1735 5033 2034 5102 dignatus,

387 5125 698 5174 veneratus
745 5125 808 5173 ut
849 5127 1183 5192 martyrem,
1234 5126 1290 5174 et
1320 5121 1555 5174 demum
1610 5138 1710 5190 pro
1759 5121 2034 5175 concione

388 5206 692 5263 laudaret:
745 5209 888 5262 dixit
933 5210 1087 5262 enim
1138 5209 1196 5261 in
1247 5208 1479 5262 laudem
1529 5209 1655 5277 ejus
1714 5210 2034 5264 orationem

389 5295 571 5366 illam,
606 5297 696 5349 cui
751 5298 956 5351 titulus
1004 5300 1063 5351 in
1112 5298 1336 5352 laudem
1380 5299 1623 5361 Heronis,
1672 5315 1799 5369 quae
1843 5299 2035 5353 forsan

389 5391 634 5439 exeunte
665 5401 816 5438 anno
847 5386 950 5438 379
1000 5387 1198 5440 habita
1225 5393 1314 5440 est
1385 5386 1549 5440 Hunc
1581 5386 1692 5440 alio
1745 5387 2036 5457 profectu-

391 5489 522 5526 rum
557 5473 780 5544 rogavit
808 5473 1142 5544 Gregorius,
1176 5479 1240 5529 ut
1262 5474 1826 5546 Constantinopolim
1851 5491 2036 5530 rever-

464 5668 522 5742 a)
548 5667 678 5726 God.
716 5667 909 5725 Iheod.
941 5685 1054 5736 xu,
1083 5668 1138 5725 4.
1171 5667 1210 5724 l.
1237 5672 1292 5724 2.
1324 5685 1382 5741 p.
1415 5670 1504 5726 45.

2142 4698 2257 4735 non
2287 4681 2456 4734 modo
2489 4679 2861 4740 orthodoxos,
2903 4695 3103 4732 verum
3141 4678 3299 4748 ipsos
3341 4677 3515 4730 etiam
3555 4678 3801 4732 Arianos

2143 4768 2381 4823 horrore
2430 4768 2639 4821 affecit.
2691 4767 3045 4821 Concurrere
3094 4781 3298 4819 omnes
3347 4765 3418 4819 ad
3467 4766 3797 4830 ecclesiam,

2141 4856 2588 4927 deprehendunt
2645 4855 2704 4908 in
2762 4871 2910 4926 Opus
2981 4855 3315 4925 peregrinos
3393 4852 3802 4907 incumbentes

2141 4947 2468 5015 episcOpos,
2505 4944 2560 4996 in
2611 4960 2709 4998 eos
2743 4943 3135 4998 conclamant.
3171 4943 3394 5008 Quibus
3427 4941 3804 4996 conclaman-

2146 5034 2329 5099 tibus,
2365 5032 2657 5086 Maximus
2678 5049 2810 5086 cum
2845 5032 2970 5086 suis
2992 5031 3195 5103 effugit
3223 5030 3505 5102 Egyptiis
3535 5049 3547 5083 :
3583 5036 3708 5084 tum
3741 5030 3802 5085 in

2142 5122 2440 5177 sordidam
2472 5120 2770 5175 Choraulaa
2799 5119 3216 5174 domunculam
3256 5118 3526 5191 ingressi,
3563 5118 3805 5173 clancu-

2145 5211 2267 5265 lum
2300 5210 2489 5265 scelus
2521 5210 2860 5264 inchoatum
2895 5209 3225 5263 absolvunt.
3264 5209 3388 5262 Hac
3427 5209 3534 5261 fuit
3565 5209 3804 5263 Maximi

2144 5298 2452 5362 ordinatio,
2487 5298 2588 5369 qui
2619 5299 2846 5353 furente
2879 5298 3064 5368 plebe,
3103 5302 3340 5368 totaque
3384 5297 3441 5350 in
3474 5313 3608 5352 eum
3640 5297 3807 5367 plau-

2144 5394 2264 5443 stro
2296 5387 2688 5442 conviciorum
2742 5387 3096 5454 eli‘undente,
3147 5386 3365 5455 ejectus
3411 5391 3502 5440 est
3549 5385 3806 5441 civitate.

2145 5476 2462 5548 Repulsam
2496 5492 2728 5546 quoque
2776 5492 2810 5530 α
2849 5473 3175 5529 Theodosio
3226 5491 3437 5545 passus
3487 5478 3594 5540 est,
3624 5491 3802 5544 quem

2217 5671 2292 5746 (b)
2324 5671 2515 5728 Carm.
2547 5672 2623 5729 De
2652 5671 2772 5729 Vita
2797 5687 2915 5743 sua,
2949 5685 3005 5727 v.
3039 5671 3200 5726 1000.
