4096 6288
239 352 355 410 221

1583 355 1771 417 VITA
1818 355 1883 416 S.
1931 354 2332 427 GREGORII.

3537 324 3659 421 2122

243 500 384 540 cum
417 484 541 541 suis
562 485 852 557 episcopis
901 486 1207 555 Maximus,
1242 505 1410 560 opem
1462 489 1897 560 imploraturus,
1932 492 1981 557 Α
2016 489 2299 548 Chronico.
2335 493 2463 548 Mox
2516 494 2832 564 imperator
2888 510 3006 548 una
3059 509 3191 548 cum
3224 493 3499 564 Gregorio
3530 510 3655 549 ma-

245 573 393 629 adiit
422 574 849 629 Thessalonicae
906 576 1057 630 circa
1109 593 1365 632 mensem
1397 584 1726 649 Augustum
1761 576 1898 631 anni
1999 580 2190 649 jorem
2226 581 2525 637 basilicam
2568 583 2927 654 ingreditur:
2966 599 3078 653 quo
3110 582 3284 635 simul
3317 588 3380 636 ut
3410 583 3655 649 ingressi

244 662 368 718 380.
411 662 558 716 Tum
621 663 1022 719 Alexandriam
1080 666 1240 736 petit,
1298 666 1609 737 ipsumque
1669 667 1900 721 Petrum

248 750 429 821 hujus
465 752 627 806 urbis
659 753 1002 824 episcopum
1033 754 1390 826 aggreditur,
1422 760 1480 810 et
1501 756 1574 809 ab
1603 772 1668 810 eo
1702 761 1896 826 postu-

252 838 352 908 lat,
389 846 457 894 ut
496 839 579 894 vel
640 842 838 896 sedem
900 842 1602 915 Constantinopolitanam
1660 843 1901 913 adipisci

251 928 446 994 faciat,
480 927 569 983 vel
629 946 805 984 suum
868 931 980 1002 ipsi
1033 933 1246 987 solium
1282 934 1512 1000 tradat;
1547 933 1646 988 sed
1698 937 1905 1003 praetor

250 1032 379 1071 cum
416 1032 593 1071 manu
654 1018 898 1074 militari
954 1021 1369 1092 superveniens
1427 1020 1746 1076 Maximum
1803 1036 1903 1076 ex-

251 1104 422 1175 pulit.

251 1211 456 1265 CXLII.
508 1214 827 1287 Pcrculsus
868 1215 1051 1271 dolore
1104 1219 1423 1287 Gregorius,
1481 1217 1759 1272 solabatur
1812 1231 1906 1287 spe

540 1284 857 1340 discedendi
882 1289 1094 1358 copiam
1121 1304 1179 1343 se
1210 1284 1652 1343 consecuturum.

318 1375 546 1427 Interea
596 1372 936 1445 Gregorius,
970 1392 1141 1443 quam
1186 1377 1440 1431 maximo
1471 1375 1775 1448 perculsus
1800 1375 1906 1429 do-

245 1459 386 1525 lore,
417 1461 474 1514 id
536 1466 734 1517 tamen
794 1463 987 1517 solatii
1020 1464 1292 1529 habebat,
1325 1465 1482 1536 quod
1544 1482 1678 1536 spes
1710 1464 1909 1535 aliqua

246 1548 563 1619 atl'ulgebat
623 1551 679 1605 id
734 1567 797 1606 se
853 1558 1328 1621 consecuturum,
1367 1558 1430 1608 ut
1481 1553 1590 1609 sibi
1652 1554 1723 1608 ab
1766 1554 1909 1608 urbe

245 1637 585 1691 discedendi
646 1641 811 1709 copia
868 1640 1125 1695 daretur.
1173 1641 1355 1712 Cujus
1405 1641 1715 1697 consilium
1774 1658 1908 1696 cum

242 1724 498 1797 populus
545 1728 921 1798 cognovisset
951 1746 1020 1784 ex
1078 1729 1437 1801 quibusdam
1497 1730 1710 1797 verbis,
1743 1729 1909 1801 queis

241 1821 303 1869 ut
337 1831 588 1869 suorum
617 1832 906 1872 memores
959 1822 1153 1873 essent
1210 1818 1477 1874 laborum
1521 1820 1904 1885 hortabatur;

240 1902 315 1973 (a)
343 1908 474 1958 tum
512 1906 662 1959 facto
693 1906 948 1977 agmine,
984 1906 1110 1973 viri,
1167 1908 1752 1979 mulieres,juvenes,
1803 1906 1909 1961 vir-

238 1990 428 2062 gines,
483 2008 676 2059 senes,
760 1994 1009 2061 nobiles,
1085 1995 1393 2067 ignobiles,
1456 1997 1909 2051 circumstantes

240 2085 594 2150 queruntur,
616 2081 730 2135 vim
768 2098 914 2153 pene
946 2082 1221 2149 inferunt,
1254 2101 1425 2139 suum
1459 2084 1732 2155 ejulando
1766 2102 1907 2155 pras-

242 2168 426 2223 sulem
457 2185 493 2223 a
527 2170 821 2224 sententia
880 2171 1183 2226 demovere
1243 2174 1530 2228 nituntur.
1579 2173 1739 2236 Quod
1774 2190 1907 2227 cum

241 2263 579 2312 constanter
637 2264 952 2327 recusaret,
990 2260 1255 2329 precibus
1315 2266 1553 2316 exorant
1608 2266 1673 2315 ut
1702 2260 1908 2315 saltem

245 2354 500 2414 maneat,
537 2363 642 2401 nec
683 2348 950 2403 trucibus
1004 2347 1160 2420 lupis
1191 2365 1426 2421 gregem
1486 2349 1755 2404 addicat:
1791 2349 1909 2404 sic-

246 2451 358 2506 que
386 2435 502 2505 ipsi
558 2451 903 2490 concessum
957 2441 1044 2491 est
1103 2438 1245 2491 urbe
1274 2437 1493 2509 egredi,
1528 2443 1592 2492 ut
1648 2438 1910 2509 corporis

249 2524 552 2594 animique
609 2524 765 2578 vires
824 2541 891 2579 ea
923 2530 1270 2596 tempestate
1327 2525 1595 2580 nonnihil
1651 2525 1816 2580 lassas
1847 2526 1905 2579 in

246 2612 382 2666 villa
410 2612 853 2683 aliquantulum
906 2618 1280 2669 restauraret.
1313 2614 1438 2670 Non
1462 2615 1542 2669 ita
1573 2615 1759 2669 multo
1782 2618 1915 2686 post

253 2703 429 2755 redux
492 2702 841 2766 orationem,
920 2702 1055 2757 olim
1114 2720 1315 2770 xxvm,
1374 2720 1529 2758 nunc
1603 2721 1754 2767 xxw,
1813 2703 1913 2757 ha-

254 2789 556 2861 buit,qum
614 2791 826 2845 miram
886 2791 1140 2862 pastoris
1198 2807 1336 2863 ergo
1393 2807 1528 2846 oves
1559 2791 1909 2847 charitatem

260 2878 455 2949 spirat.

262 2965 709 3022 CXLIII-CXLV.
775 2968 1093 3023 Theodosius
1152 2968 1686 3037 Constantinopolim
1740 2968 1910 3023 venit.

327 3038 629 3107 Honori/iac
659 3038 979 3108 Gregorium
1035 3042 1274 3109 excipit:
1314 3041 1690 3109 DemOphilum
1721 3042 1911 3109 ejicit:

325 3110 577 3163 ecclesias
651 3112 946 3164 Catholicis
995 3113 1253 3165 restituit.
1313 3112 1573 3180 Majorem
1628 3112 1913 3164 basilicam

322 3181 630 3249 ingreditur
659 3179 955 3249 Gregorius
1007 3198 1119 3236 una
1177 3198 1300 3236 cum
1332 3179 1619 3237 Theodosio
1640 3199 1658 3234 :
1692 3183 1908 3242 caelum,

358 3252 461 3305 uod
490 3255 656 3305 antea
688 3254 947 3306 nubilum
1002 3258 1140 3323 erat,
1172 3256 1458 3308 serenatur
1511 3253 1580 3307 ad
1609 3256 1909 3323 ingressum

368 3324 573 3392 regorii
604 3326 663 3377 in
696 3324 983 3394 templum.
1728 3388 1737 3396 ,

317 3409 422 3465 Hic
453 3417 581 3465 erat
613 3428 810 3465 rerum
844 3415 1058 3477 status,
1091 3428 1224 3467 cum
1268 3411 1632 3467 Theodosius
1663 3412 1913 3467 Thessa-

244 3496 437 3553 Ionica
494 3500 1062 3571 Constantinopolim
1095 3502 1255 3555 venit
1302 3502 1395 3555 die
1448 3501 1794 3556 Novembris
1822 3502 1914 3566 24,

248 3588 385 3640 anni
415 3587 545 3641 380.
577 3588 663 3641 Ab
692 3587 818 3658 ipso
852 3587 1082 3659 imperii
1116 3589 1208 3643 sui
1240 3588 1407 3644 initio
1438 3588 1580 3643 nihil
1615 3589 1916 3660 antiquius

250 3674 539 3729 habuerat
586 3691 765 3744 quam
817 3676 888 3729 de
945 3675 1057 3728 [ide
1117 3676 1401 3730 catholica
1456 3675 1603 3730 bene
1664 3675 1912 3731 mereri:

253 3785 277 3811 α
309 3763 677 3818 Justissimis
706 3770 763 3818 et
813 3764 1384 3823 misericordissimis
1416 3762 1669 3836 legibus,
1705 3768 1769 3819 ut
1800 3766 1916 3818 Au-

250 3853 471 3922 gustini
506 3852 699 3907 verbis
721 3858 852 3906 utar
877 3853 980 3923 (b),
1016 3874 1043 3900 «
1067 3854 1348 3907 adversus
1377 3852 1590 3924 impios
1624 3837 1917 3907 laboranti

251 3940 524 3995 Ecclesiae
556 3941 866 3995 subvenire
900 3962 928 3989 »
953 3957 1067 3995 non
1099 3945 1446 4005 cessaverat,
1480 3956 1659 4012 quam
1708 3940 1917 3996 Valens

249 4027 580 4094 hereticus,
643 4029 909 4099 impense
983 4030 1180 4085 favens
1238 4030 1487 4097 Arianis,
1542 4030 1919 4084 vehementer

251 4118 579 4179 atilixerat;
611 4119 781 4187 cujus
816 4115 1080 4171 Ecclesiae
1117 4140 1137 4164 α
1175 4118 1507 4172 membrum
1538 4134 1688 4184 esse,
1725 4117 1914 4188 magis

255 4222 429 4276 quam
482 4206 544 4258 in
609 4207 778 4260 terris
841 4221 1081 4276 regnare
1138 4206 1519 4276 gaudebat.»
1573 4207 1916 4276 Gregorium

257 4310 429 4364 quam
460 4293 1056 4347 honoriﬁcentissime
1102 4293 1467 4348 Theodosius
1524 4293 1755 4363 excipit,
1788 4310 1918 4347 am-

261 4383 541 4451 plexatur,
575 4381 825 4452 benigne
868 4380 1205 4451 alloquitur,
1242 4382 1595 4453 praecipuam
1630 4382 1792 4436 urbis
1823 4399 1916 4437 ec-

263 4468 514 4535 clesiam,
566 4469 852 4524 nimirum
927 4469 1145 4524 Sanctae
1204 4469 1455 4541 Sophim,
1512 4486 1688 4541 quam
1747 4471 1919 4525 annis

266 4562 648 4632 quadraginta
673 4565 1098 4631 occupaverant
1140 4560 1358 4626 Ariani,
1393 4560 1574 4614 tradit
1610 4560 1702 4615 his
1729 4562 1920 4615 verbis

266 4666 388 4704 eum
422 4650 876 4722 compellans(c)
904 4666 916 4702 :
981 4670 1008 4697 ‹‹
1043 4655 1145 4703 Dat
1177 4650 1280 4704 tibi
1314 4649 1467 4703 Deus
1517 4655 1573 4704 et
1603 4650 1721 4703 tuis
1758 4650 1920 4705 labo-

266 4740 423 4794 ribus
456 4757 557 4810 per
588 4754 694 4792 nos
726 4737 1012 4809 templum
1045 4738 1223 4807 istud,
1258 4760 1287 4787 »
1339 4743 1448 4793 etc.
1482 4738 1919 4810 DemOphiIum,

267 4828 357 4897 qui
392 4828 650 4883 Eudoxio
707 4826 921 4881 Ariano
978 4826 1231 4881 Arianus
1288 4826 1413 4897 ipse
1468 4832 1831 4881 successerat
1860 4813 1919 4881 in

265 4914 910 4986 CoiistantinOpolitana
1014 4916 1171 4982 sede,
1251 4916 1496 4970 accersit
1578 4915 1920 4986 imperator,

267 5012 454 5060 monet
490 5010 552 5059 ut
610 5004 879 5058 abdicata
910 5002 1111 5058 heresi
1174 5003 1347 5058 ﬁdem
1411 5004 1756 5059 catholicam
1787 5021 1920 5059 cum

264 5096 378 5148 suis
411 5094 795 5166 proﬁteatur;
831 5093 984 5162 quod
1038 5108 1103 5147 eo
1136 5098 1404 5163 negante,
1430 5092 1614 5163 jussit
1655 5093 1920 5149 Theodo-

264 5184 377 5238 sius
408 5180 720 5237 haereticos
752 5179 1016 5234 ecclesiis
1051 5180 1347 5249 excedere,
1382 5198 1529 5252 quas
1579 5181 1919 5237 orthodoxis

260 5272 529 5326 restituit.
568 5271 696 5323 llaec
744 5270 816 5321 26
870 5268 1203 5323 Novembris
1254 5270 1570 5340 contigisse
1602 5276 1806 5324 auctor
1829 5277 1919 5326 est

262 5361 559 5427 Socrates;
624 5373 827 5413 mense
880 5374 1016 5412 vero
1073 5357 1378 5412 Decembri
1426 5358 1802 5413 Marcellinus
1860 5360 1918 5414 in

322 5522 397 5592 (α)
448 5518 555 5575 Καὶ
632 5520 741 5571 τῶν
802 5514 950 5586 ἐμῶν
1015 5484 1317 5592 μᾷμγησθες
1380 5513 1654 5592 φίλτατοι,
1712 5516 1915 5575 πόνων.

266 5589 445 5649 Carm.
479 5594 558 5648 De
593 5593 730 5645 Vita
758 5605 885 5654 sua,
920 5604 973 5642 ν.
1012 5589 1164 5642 1064.

320 5666 392 5738 (b)
426 5665 558 5721 Lib.
593 5679 626 5718 v
654 5662 732 5717 De
760 5661 944 5728 civit,
977 5674 1028 5713 ο.
1048 5659 1137 5716 se.

2009 668 2187 738 fuere,
2222 670 2331 737 sol,
2366 672 2462 742 qui
2497 672 2659 743 prius
2689 677 2811 725 erat
2842 673 2898 725 in
2934 671 3156 735 nubilo,
3189 670 3433 725 refulsit.
3461 693 3488 721 «
3514 670 3656 732 lbi,»

2008 759 2201 830 inquit
2232 761 2563 832 Gregorius,
2596 787 2624 814 ‹‹
2657 780 2788 817 cum
2849 763 2959 817 hoc
3006 763 3337 834 spectaculo
3377 762 3659 818 subiisset

2010 850 2238 907 animos
2271 851 2499 919 ﬁducia,
2534 869 2659 924 qua
2691 854 2892 907 aderat
2922 852 3238 907 multitudo
3269 852 3515 919 infinita,
3544 851 3659 907 cla-

2011 955 2171 994 mare
2203 941 2341 995 totis
2370 941 2591 995 viribus
2626 957 2692 996 ac
2748 943 3062 1011 deposcere
3093 958 3196 995 nos
3241 940 3667 1012 impraesentia-

2012 1044 2141 1082 rum
2174 1028 2330 1083 haud
2363 1029 2530 1084 aliter
2561 1046 2627 1085 ac
2675 1030 2724 1084 si
2756 1029 2864 1085 hoc
2923 1045 3104 1083 unum
3162 1030 3464 1097 defuisset,
3500 1028 3661 1100 prin-

2012 1133 2264 1187 cepsque
2295 1133 2360 1172 ac
2391 1118 2710 1172 maximum
2739 1134 2771 1171 a
2821 1134 3055 1171 summo
3096 1116 3353 1189 principe
3384 1116 3494 1171 hoc
3523 1115 3665 1171 civi-

2012 1206 2116 1259 tati
2148 1205 2374 1259 thronis
2407 1206 2551 1276 ipsis
2609 1208 3077 1277 anteponendum
3134 1222 3373 1274 munus,
3406 1204 3456 1260 si
3504 1205 3671 1259 urbis

2015 1292 2159 1349 solio
2192 1293 2553 1366 (episcopali)
2583 1296 2654 1351 ab
2702 1295 2829 1367 ipso
2860 1296 3231 1349 donaremur.
3268 1294 3385 1348 Hoc
3435 1293 3541 1347 viri
3576 1293 3669 1346 di-

2016 1382 2236 1454 gnitate
2294 1383 2590 1454 praecipui,
2622 1384 2728 1438 boc
2786 1384 3056 1437 intimum
3114 1382 3324 1453 vulgus
3380 1381 3663 1451 agitabat.

2015 1470 2229 1525 Omnes
2260 1488 2329 1526 ex
2382 1488 2545 1543 sequo
2577 1488 2698 1527 rem
2756 1472 3182 1527 desiderabant.
3237 1470 3353 1525 Hoc
3383 1469 3502 1525 alta
3530 1486 3668 1525 voce

2018 1560 2292 1615 mulieres
2323 1561 2738 1629 inclamabant,
2774 1578 2918 1632 pene
2966 1560 3215 1631 amplius
3246 1576 3423 1630 quam
3459 1558 3666 1613 mulie-

2018 1666 2110 1704 res
2136 1651 2382 1704 deceret.
2406 1649 2751 1705 Incredibile
2767 1650 3061 1721 quoddam
3081 1664 3420 1721 repercusso
3441 1649 3666 1718 fragore

2019 1738 2234 1793 tonitru
2268 1739 2635 1793 audiebatur.
2672 1759 2700 1787 »

2020 1826 2336 1882 CXLVI-CX
2348 1827 2511 1881 LVII.
2544 1828 2875 1898 EpiscOpale
2927 1828 3129 1883 solium
3152 1831 3212 1881 ut
3267 1825 3670 1898 conscenderet,

2088 1901 2337 1969 quamvis
2368 1915 2552 1953 omnes
2600 1896 2865 1969 peterent,
2897 1902 3020 1969 cogi
3071 1916 3183 1952 non
3230 1906 3433 1969 potest.
3466 1898 3530 1951 In
3548 1896 3674 1951 sede

2090 1968 2695 2040 Gonstantimpolitana
2718 1968 3006 2037 Gregorius
3026 1968 3341 2024 collocatur.

2088 2059 2252 2113 Tunc
2286 2059 2521 2129 quidem
2546 2058 2749 2112 victrix
2777 2059 2885 2112 fuit
2913 2058 3189 2129 Theologi
3224 2056 3530 2123 modestia,
3564 2072 3668 2110 nec

2017 2146 2141 2217 cogi
2203 2146 2394 2218 potuit
2450 2151 2515 2200 ut
2569 2146 2895 2217 episcopale
2953 2146 3162 2201 solium
3210 2146 3665 2201 conscenderet:

2017 2250 2217 2288 verum
2250 2235 2320 2288 ad
2354 2235 2608 2305 agendas
2665 2235 2780 2290 Deo
2813 2237 3031 2306 gratias
3064 2234 3257 2306 pepuli
3291 2234 3487 2288 studia
3517 2256 3545 2282 ‹‹
3576 2233 3666 2286 vir

2018 2322 2271 2393 divinus,
2298 2324 2639 2379 Theodoreti
2688 2326 2861 2378 verba
2903 2330 3040 2378 sunt
3063 2325 3160 2394 (ά),
3206 2323 3446 2395 provida
3474 2323 3668 2376 dexte-

2019 2411 2189 2464 ritate
2245 2412 2548 2466 convertit.
2586 2412 2953 2466 Frendebant
3007 2411 3227 2479 Ariani,
3261 2411 3359 2465 sed
3420 2411 3671 2465 circum-

2019 2504 2242 2554 stantes
2275 2499 2491 2555 milites
2549 2501 2656 2555 hos
2687 2501 2743 2555 in
2805 2501 2996 2555 officio
3028 2503 3401 2555 continuere:
3448 2521 3474 2547 ‹ι
3509 2498 3671 2553 Unus

2018 2592 2248 2643 tantum
2304 2590 2464 2644 ensis
2498 2590 2750 2645 nudatus
2810 2590 2921 2644 fuit
2952 2596 3010 2644 et
3063 2594 3264 2661 postea
3312 2588 3669 2653 reconditus,

2020 2677 2317 2748 fractaque
2335 2678 2519 2749 plebis
2538 2678 2801 2734 audacia.
2830 2701 2857 2727 n
2882 2678 3194 2749 Aliquanto
3228 2684 3357 2749 post
3388 2684 3671 2747 tempore,

2020 2783 2149 2821 cum
2188 2767 2449 2821 unanimi
2480 2768 2742 2822 omnium
2783 2768 3053 2821 ordinum
3088 2768 3487 2839 postulationi,
3521 2765 3670 2819 votis

2020 2859 2077 2909 et
2104 2855 2483 2922 clamoribus,
2516 2856 2795 2927 suffragia
2845 2856 3249 2928 episcoporum
3285 2855 3665 2927 plenariique,

2020 2960 2132 2998 non
2165 2944 2469 3014 provincias
2496 2947 2710 3009 solum,
2736 2945 2836 2999 sed
2894 2944 3147 2999 Orientis
3207 2944 3383 2997 etiam
3418 2959 3561 3013 pene
3592 2948 3673 2997 to-

2020 3034 2140 3087 tius
2171 3037 2227 3087 et
2269 3032 2608 3087 oecumenici
2661 3033 2889 3088 concilii
2923 3034 3076 3104 quod
3127 3032 3489 3087 Theodosius
3529 3047 3671 3084 con-

2021 3126 2272 3180 vocarat.
2300 3121 2655 3176 renuntiatio
2686 3121 3023 3176 solemniter
3053 3120 3416 3183 accessisset,
3449 3120 3506 3173 in
3539 3118 3675 3173 sede

1940 3222 1983 3288 C
2020 3208 2665 3280 Constantinopolitana
2685 3210 3021 3265 clamanset
3071 3226 3310 3282 gemens
3356 3208 3675 3263 collocatus

2021 3305 2112 3352 est
2134 3298 2465 3369 Gregorius.
2484 3298 2808 3369 «Quidquid
2834 3300 3089 3368 Oriens,»
3118 3299 3310 3369 inquit
3329 3299 3417 3367 (e),
3449 3319 3475 3346 α
3500 3296 3674 3351 habe-

2022 3387 2140 3450 bat,
2175 3392 2416 3457 excepta
2446 3388 2708 3459 IEgypto,
2741 3387 2937 3458 p0puli
2969 3388 3296 3441 antistitum
3330 3388 3400 3440 ad
3425 3386 3668 3440 Romam

2024 3492 2212 3546 usque
2239 3476 2581 3543 secundum,
2614 3482 2777 3530 terrea
2811 3480 3104 3547 marisque
3129 3493 3196 3531 ex
3228 3475 3452 3530 intimis
3484 3490 3671 3529 reces-

2025 3565 2190 3619 sibus
2221 3565 2576 3619 concitatum
2608 3565 2760 3619 coiit.
2796 3565 2895 3620 His
2945 3565 3290 3636 praesidebat
3328 3564 3417 3617 vir
3465 3564 3673 3632 pietate

2028 3653 2387 3709 maximus...
2424 3653 2685 3708 moribus
2736 3654 2946 3708 melius
2997 3658 3053 3708 et
3087 3655 3323 3707 nomine
3354 3650 3672 3723 (Meletium

2027 3744 2362 3817 significat).
2394 3744 2459 3798 Hi
2496 3760 2586 3799 me
2634 3742 2919 3798 collocant
2950 3744 3302 3812 ﬁrmantque
3333 3741 3390 3794 in
3426 3744 3678 3811 augusta

2027 3834 2164 3889 sede
2189 3833 2538 3887 clamantem
2571 3838 2627 3886 et
2647 3837 2996 3903 gementem,
3035 3848 3151 3885 una
3180 3836 3374 3884 tamen
3405 3830 3477 3884 de
3506 3845 3682 3883 causa

2027 3939 2139 3976 non
2176 3921 2343 3991 plane
2383 3924 2825 3992 repugnantem.

2025 4009 2308 4065 CXLVIII.
2338 4008 2558 4063 Summo
2613 4024 2875 4063 consensu
2916 4008 3200 4075 Gregorius
3255 4010 3313 4061 in
3358 4006 3479 4062 sede
3508 4006 3673 4061 Cons-

2096 4082 2557 4222 liai;ti_rlzopolitana
2579 4081 2895 4148 collocatus,
2946 4081 3155 4133 nullius
3180 4095 3320 4151 pene
3346 4078 3677 4149 suﬂragium

2134 4168 2162 4206 e
2190 4170 2245 4206 ui
2278 4194 2290 4206 .

2097 4240 2177 4294 Ne
2208 4240 2441 4311 quidem
2477 4240 2874 4311 [Egyptiorum
2933 4255 3256 4294 consensus
3293 4238 3520 4293 videtur
3574 4237 3676 4291 de-

2029 4330 2240 4394 fuisse;
2265 4346 2413 4399 quos
2445 4329 2688 4393 scilicet,
2722 4330 2971 4382 maxime
3004 4328 3096 4382 his
3129 4327 3337 4396 verbis,
3365 4326 3683 4397 alloquitur

2029 4418 2375 4488 Gregorius:
2437 4440 2463 4466 «
2518 4416 2646 4471 Heri
2681 4416 3072 4480 inthronistaa,
3127 4416 3297 4471 hodie
3357 4420 3685 4487 persecuto-

2032 4523 2157 4561 res:
2195 4530 2216 4556 ι
2256 4513 2312 4560 et
2343 4505 2553 4559 throno
2588 4505 2885 4575 nimirum,
2919 4506 2974 4559 in
3038 4522 3153 4575 quo
3184 4522 3283 4559 vos
3312 4503 3422 4575 ipsi
3452 4520 3543 4557 me
3575 4503 3683 4557 col-

1953 4584 1997 4648 Ι)
2026 4594 2262 4650 locastis
2296 4594 2443 4656 heri,
2476 4594 2645 4648 hodie
2677 4594 3034 4663 dejicientes.
3067 4594 3267 4663 Itaque
3299 4591 3521 4647 nullius
3551 4608 3680 4662 pro-

2029 4685 2343 4755 pemodum
2376 4683 2433 4736 in
2476 4688 2594 4737 toto
2626 4682 2870 4736 concilio
2901 4683 3153 4753 generali
3201 4698 3524 4737 consensus
3556 4680 3677 4734 suf-

2033 4772 2354 4841 lragiumve
2385 4771 2588 4824 defuit.
2623 4770 2869 4825 Demum
2932 4788 3045 4825 non
3081 4771 3265 4825 defuit
3312 4770 3498 4839 ipsius
3545 4768 3681 4823 Gre-

2029 4860 2176 4932 gorii
2208 4876 2550 4923 consensus,
2589 4882 2608 4905 ι
2647 4876 2761 4912 una
2793 4866 2986 4913 tamen
3012 4861 3082 4913 de
3113 4876 3291 4914 causa
3322 4875 3434 4912 non
3472 4872 3678 4927 repug-

2031 4948 2245 5003 nantis.
2274 4948 2415 5002 Hinc
2466 4950 2705 5017 apparet
2766 4965 2941 5018 quam
2984 4948 3241 5019 legitime
3272 4952 3327 5001 et
3357 4944 3648 5000 canonibu

2029 5037 2442 5095 convenienter
2472 5036 3128 5107 Constantinopolitanae
3159 5035 3431 5089 Ecclesiae
3460 5033 3683 5105 episco-

2030 5144 2141 5199 pus
2172 5132 2404 5181 creatus
2428 5124 2504 5178 sit
2529 5124 2867 5195 Gregorius,
2903 5130 3077 5195 atque
3109 5123 3434 5177 habendus.

2029 5215 2267 5271 CXLIX.
2306 5212 2527 5268 Gemens
2558 5223 2613 5266 et
2638 5214 2904 5277 clamans,
2938 5229 3053 5266 non
3100 5221 3283 5266 tamen
3319 5212 3489 5279 plane
3517 5228 3685 5282 repu-

2429 5301 2606 5354 gnans
2643 5284 2939 5339 collocatur
2969 5282 3276 5351 Gregorius.

2099 5376 2372 5439 Quasnam
2407 5379 2600 5428 autem
2644 5372 2743 5426 illa
2775 5390 2889 5427 una
2923 5373 3030 5428 fuit
3078 5388 3276 5441 causa,
3300 5387 3405 5425 cur
3443 5370 3529 5425 vir
3556 5374 3675 5425 tam

2098 5519 2169 5589 (ε)
2202 5518 2399 5589 Germ,
2427 5515 2560 5589 1,_v.
2595 5514 2717 5589 3l§.

2162 5594 2179 5657 )
2207 5586 2449 5652 Theod.,
2484 5584 2615 5657 Lux,
2647 5586 2897 5657 Hist.,c._
2925 5584 2961 5638 5
2988 5588 3045 5640 et
3072 5584 3127 5639 6.

2122 5592 2179 5657 ἀ)
2207 5592 2449 5652 Theod.,
2484 5592 2521 5639 ι.
2558 5601 2615 5650 x,
2647 5592 2809 5653 Hist.,
2842 5600 2892 5637 c.
2925 5592 2931 5636 ἐ

2098 5592 2170 5730 ξε)
2195 5661 2385 5715 Carm.
2418 5658 2493 5712 De
2521 5655 2650 5723 Vit.,
2682 5672 2737 5711 v.
2771 5655 2931 5710 1517.
