  <div class='ocr_page' id='page_1' title='image "/cluster/home/n/w/nwhite01/storage/ocr_20150623/35/mdp.39015012934389/115.png"; bbox 0 0 4096 6288; ppageno 0'>
   <div class='ocr_carea' id='block_1_1' title="bbox 1692 362 2436 444">
    <p class='ocr_par' dir='ltr' id='par_1_1' title="bbox 1692 362 2436 444">
     <span class='ocr_line' id='line_1_1' title="bbox 1692 362 2436 444; baseline -0.011 0"><span class='ocrx_word' id='word_1_1' title='bbox 1692 368 1879 444; x_wconf 73' lang='lat' dir='ltr'><strong>VITA</strong></span> <span class='ocrx_word' id='word_1_2' title='bbox 1922 366 1989 440; x_wconf 70' lang='grc' dir='ltr'><strong>ἐς</strong></span> <span class='ocrx_word' id='word_1_3' title='bbox 2035 362 2436 441; x_wconf 67' lang='lat' dir='ltr'><strong>GREGORII.</strong></span> 
     </span>
    </p>
   </div>
   <div class='ocr_carea' id='block_1_2' title="bbox 3656 364 3779 432">
    <p class='ocr_par' dir='ltr' id='par_1_2' title="bbox 3656 364 3779 432">
     <span class='ocr_line' id='line_1_2' title="bbox 3656 364 3779 432; baseline -0.016 0"><span class='ocrx_word' id='word_1_4' title='bbox 3656 364 3779 432; x_wconf 60' lang='lat' dir='ltr'><strong>22b</strong></span> 
     </span>
    </p>
   </div>
   <div class='ocr_carea' id='block_1_3' title="bbox 366 498 3783 589">
    <p class='ocr_par' dir='ltr' id='par_1_3' title="bbox 366 498 3783 589">
     <span class='ocr_line' id='line_1_3' title="bbox 366 498 3783 589; baseline -0.004 -14"><span class='ocrx_word' id='word_1_5' title='bbox 366 520 673 575; x_wconf 83' lang='lat' dir='ltr'><strong>modestus</strong></span> <span class='ocrx_word' id='word_1_6' title='bbox 718 517 979 589; x_wconf 80' lang='lat' dir='ltr'><strong>regenda</strong></span> <span class='ocrx_word' id='word_1_7' title='bbox 1034 515 1299 571; x_wconf 76' lang='lat' dir='ltr'><strong>Ecclesia</strong></span> <span class='ocrx_word' id='word_1_8' title='bbox 1346 524 1569 579; x_wconf 84' lang='lat' dir='ltr'><strong>curam,</strong></span> <span class='ocrx_word' id='word_1_9' title='bbox 1622 514 1776 585; x_wconf 88' lang='lat' dir='ltr'><strong>quod</strong></span> <span class='ocrx_word' id='word_1_10' title='bbox 1834 512 2010 568; x_wconf 87' lang='lat' dir='ltr'><strong>toties</strong></span> <span class='ocrx_word' id='word_1_11' title='bbox 2038 511 2090 578; x_wconf 74' lang='grc' dir='ltr'><strong>Α</strong></span> <span class='ocrx_word' id='word_1_12' title='bbox 2124 511 2241 565; x_wconf 80' lang='lat' dir='ltr'><strong>Hoc</strong></span> <span class='ocrx_word' id='word_1_13' title='bbox 2272 508 2471 564; x_wconf 88' lang='lat' dir='ltr'><strong>audito</strong></span> <span class='ocrx_word' id='word_1_14' title='bbox 2521 507 2726 563; x_wconf 84' lang='lat' dir='ltr'><strong>civitas</strong></span> <span class='ocrx_word' id='word_1_15' title='bbox 2783 505 2977 563; x_wconf 79' lang='lat' dir='ltr'><strong>Omnis</strong></span> <span class='ocrx_word' id='word_1_16' title='bbox 3032 508 3179 576; x_wconf 73' lang='lat' dir='ltr'><strong>qua,</strong></span> <span class='ocrx_word' id='word_1_17' title='bbox 3210 504 3285 561; x_wconf 82' lang='lat' dir='ltr'><strong>ob</strong></span> <span class='ocrx_word' id='word_1_18' title='bbox 3342 498 3559 577; x_wconf 74' lang='lat' dir='ltr'><strong>tradita</strong></span> <span class='ocrx_word' id='word_1_19' title='bbox 3589 498 3783 560; x_wconf 49' lang='lat' dir='ltr'><strong>Orthoé</strong></span> 
     </span>
    </p>
   </div>
   <div class='ocr_carea' id='block_1_4' title="bbox 366 603 2018 677">
    <p class='ocr_par' dir='ltr' id='par_1_4' title="bbox 366 603 2018 677">
     <span class='ocr_line' id='line_1_4' title="bbox 366 603 2018 677; baseline -0.004 -12"><span class='ocrx_word' id='word_1_20' title='bbox 366 611 801 674; x_wconf 70' lang='lat' dir='ltr'><strong>detrectaVerat,</strong></span> <span class='ocrx_word' id='word_1_21' title='bbox 862 607 1158 677; x_wconf 77' lang='lat' dir='ltr'><strong>shscipere</strong></span> <span class='ocrx_word' id='word_1_22' title='bbox 1218 620 1330 661; x_wconf 87' lang='lat' dir='ltr'><strong>non</strong></span> <span class='ocrx_word' id='word_1_23' title='bbox 1387 604 1787 660; x_wconf 78' lang='lat' dir='ltr'><strong>recusaverit?</strong></span> <span class='ocrx_word' id='word_1_24' title='bbox 1850 603 2018 659; x_wconf 64' lang='lat' dir='ltr'><strong>Pacis</strong></span> 
     </span>
    </p>
   </div>
   <div class='ocr_carea' id='block_1_5' title="bbox 368 693 2021 766">
    <p class='ocr_par' dir='ltr' id='par_1_5' title="bbox 368 693 2021 766">
     <span class='ocr_line' id='line_1_5' title="bbox 368 693 2021 766; baseline -0.003 -14"><span class='ocrx_word' id='word_1_25' title='bbox 368 697 650 753; x_wconf 88' lang='lat' dir='ltr'><strong>studium.</strong></span> <span class='ocrx_word' id='word_1_26' title='bbox 679 696 799 758; x_wconf 85' lang='lat' dir='ltr'><strong>Quo</strong></span> <span class='ocrx_word' id='word_1_27' title='bbox 822 696 978 749; x_wconf 88' lang='lat' dir='ltr'><strong>enim</strong></span> <span class='ocrx_word' id='word_1_28' title='bbox 1012 694 1409 749; x_wconf 85' lang='lat' dir='ltr'><strong>Sasimensem</strong></span> <span class='ocrx_word' id='word_1_29' title='bbox 1445 694 1695 766; x_wconf 90' lang='lat' dir='ltr'><strong>primum</strong></span> <span class='ocrx_word' id='word_1_30' title='bbox 1736 693 1884 765; x_wconf 91' lang='lat' dir='ltr'><strong>fugit</strong></span> <span class='ocrx_word' id='word_1_31' title='bbox 1905 693 2021 764; x_wconf 86' lang='lat' dir='ltr'><strong>epi-</strong></span> 
     </span>
    </p>
   </div>
   <div class='ocr_carea' id='block_1_6' title="bbox 368 785 2018 859">
    <p class='ocr_par' dir='ltr' id='par_1_6' title="bbox 368 785 2018 859">
     <span class='ocr_line' id='line_1_6' title="bbox 368 785 2018 859; baseline -0.004 -15"><span class='ocrx_word' id='word_1_32' title='bbox 368 793 694 859; x_wconf 87' lang='lat' dir='ltr'><strong>sccpatum,</strong></span> <span class='ocrx_word' id='word_1_33' title='bbox 727 786 937 841; x_wconf 89' lang='lat' dir='ltr'><strong>deinde</strong></span> <span class='ocrx_word' id='word_1_34' title='bbox 983 785 1431 852; x_wconf 88' lang='lat' dir='ltr'><strong>Nazianzenum,</strong></span> <span class='ocrx_word' id='word_1_35' title='bbox 1469 786 1579 841; x_wconf 90' lang='lat' dir='ltr'><strong>hoc</strong></span> <span class='ocrx_word' id='word_1_36' title='bbox 1624 786 1825 839; x_wconf 88' lang='lat' dir='ltr'><strong>eodem</strong></span> <span class='ocrx_word' id='word_1_37' title='bbox 1861 785 2018 855; x_wconf 84' lang='lat' dir='ltr'><strong>pacis</strong></span> 
     </span>
    </p>
   </div>
   <div class='ocr_carea' id='block_1_7' title="bbox 368 874 2021 946">
    <p class='ocr_par' dir='ltr' id='par_1_7' title="bbox 368 874 2021 946">
     <span class='ocr_line' id='line_1_7' title="bbox 368 874 2021 946; baseline -0.002 -15"><span class='ocrx_word' id='word_1_38' title='bbox 368 890 566 932; x_wconf 89' lang='lat' dir='ltr'><strong>amore</strong></span> <span class='ocrx_word' id='word_1_39' title='bbox 621 875 1330 946; x_wconf 71' lang='lat' dir='ltr'><strong>Constantinopolitanum</strong></span> <span class='ocrx_word' id='word_1_40' title='bbox 1388 875 1666 946; x_wconf 83' lang='lat' dir='ltr'><strong>suscepit.</strong></span> <span class='ocrx_word' id='word_1_41' title='bbox 1720 874 1865 945; x_wconf 85' lang='lat' dir='ltr'><strong>Spes</strong></span> <span class='ocrx_word' id='word_1_42' title='bbox 1896 877 2021 928; x_wconf 88' lang='lat' dir='ltr'><strong>erat</strong></span> 
     </span>
    </p>
   </div>
   <div class='ocr_carea' id='block_1_8' title="bbox 368 966 2018 1039">
    <p class='ocr_par' dir='ltr' id='par_1_8' title="bbox 368 966 2018 1039">
     <span class='ocr_line' id='line_1_8' title="bbox 368 966 2018 1039; baseline -0.001 -17"><span class='ocrx_word' id='word_1_43' title='bbox 368 968 452 1022; x_wconf 92' lang='lat' dir='ltr'><strong>illi</strong></span> <span class='ocrx_word' id='word_1_44' title='bbox 486 968 703 1039; x_wconf 80' lang='lat' dir='ltr'><strong>quippe</strong></span> <span class='ocrx_word' id='word_1_45' title='bbox 732 966 1230 1021; x_wconf 76' lang='lat' dir='ltr'><strong>conciliandorum</strong></span> <span class='ocrx_word' id='word_1_46' title='bbox 1256 967 1412 1037; x_wconf 85' lang='lat' dir='ltr'><strong>regia</strong></span> <span class='ocrx_word' id='word_1_47' title='bbox 1437 968 1495 1021; x_wconf 90' lang='lat' dir='ltr'><strong>in</strong></span> <span class='ocrx_word' id='word_1_48' title='bbox 1522 966 1663 1021; x_wconf 83' lang='lat' dir='ltr'><strong>urbe</strong></span> <span class='ocrx_word' id='word_1_49' title='bbox 1687 966 2018 1021; x_wconf 85' lang='lat' dir='ltr'><strong>animorum</strong></span> 
     </span>
    </p>
   </div>
   <div class='ocr_carea' id='block_1_9' title="bbox 368 1055 2020 1126">
    <p class='ocr_par' dir='ltr' id='par_1_9' title="bbox 368 1055 2020 1126">
     <span class='ocr_line' id='line_1_9' title="bbox 368 1055 2020 1126; baseline -0.002 -14"><span class='ocrx_word' id='word_1_50' title='bbox 368 1062 426 1112; x_wconf 90' lang='lat' dir='ltr'><strong>et</strong></span> <span class='ocrx_word' id='word_1_51' title='bbox 453 1056 891 1126; x_wconf 78' lang='lat' dir='ltr'><strong>exstinguenda</strong></span> <span class='ocrx_word' id='word_1_52' title='bbox 922 1055 1243 1120; x_wconf 84' lang='lat' dir='ltr'><strong>discordia,</strong></span> <span class='ocrx_word' id='word_1_53' title='bbox 1279 1072 1406 1126; x_wconf 91' lang='lat' dir='ltr'><strong>qua</strong></span> <span class='ocrx_word' id='word_1_54' title='bbox 1453 1058 1652 1110; x_wconf 86' lang='lat' dir='ltr'><strong>exorta</strong></span> <span class='ocrx_word' id='word_1_55' title='bbox 1688 1056 1812 1109; x_wconf 86' lang='lat' dir='ltr'><strong>erat</strong></span> <span class='ocrx_word' id='word_1_56' title='bbox 1854 1068 2020 1109; x_wconf 89' lang='lat' dir='ltr'><strong>occa-</strong></span> 
     </span>
    </p>
   </div>
   <div class='ocr_carea' id='block_1_10' title="bbox 370 1145 2022 1217">
    <p class='ocr_par' dir='ltr' id='par_1_10' title="bbox 370 1145 2022 1217">
     <span class='ocr_line' id='line_1_10' title="bbox 370 1145 2022 1217; baseline -0.002 -15"><span class='ocrx_word' id='word_1_57' title='bbox 370 1148 535 1203; x_wconf 87' lang='lat' dir='ltr'><strong>sione</strong></span> <span class='ocrx_word' id='word_1_58' title='bbox 556 1147 893 1202; x_wconf 86' lang='lat' dir='ltr'><strong>schismatis</strong></span> <span class='ocrx_word' id='word_1_59' title='bbox 921 1146 1287 1202; x_wconf 80' lang='lat' dir='ltr'><strong>Antiochena</strong></span> <span class='ocrx_word' id='word_1_60' title='bbox 1311 1145 1752 1211; x_wconf 88' lang='lat' dir='ltr'><strong>Ecclesia.Quid</strong></span> <span class='ocrx_word' id='word_1_61' title='bbox 1774 1145 2022 1217; x_wconf 77' lang='lat' dir='ltr'><strong>gesserit</strong></span> 
     </span>
    </p>
   </div>
   <div class='ocr_carea' id='block_1_11' title="bbox 372 1232 2022 1308">
    <p class='ocr_par' dir='ltr' id='par_1_11' title="bbox 372 1232 2022 1308">
     <span class='ocr_line' id='line_1_11' title="bbox 372 1232 2022 1308; baseline -0.001 -17"><span class='ocrx_word' id='word_1_62' title='bbox 372 1236 706 1308; x_wconf 77' lang='lat' dir='ltr'><strong>Gregorius,</strong></span> <span class='ocrx_word' id='word_1_63' title='bbox 767 1235 905 1307; x_wconf 90' lang='lat' dir='ltr'><strong>quid</strong></span> <span class='ocrx_word' id='word_1_64' title='bbox 968 1236 1298 1307; x_wconf 74' lang='lat' dir='ltr'><strong>praestiterit</strong></span> <span class='ocrx_word' id='word_1_65' title='bbox 1362 1232 1887 1306; x_wconf 74' lang='lat' dir='ltr'><strong>Constantinopoli.</strong></span> <span class='ocrx_word' id='word_1_66' title='bbox 1955 1244 2022 1290; x_wconf 77' lang='lat' dir='ltr'><strong>ex</strong></span> 
     </span>
    </p>
   </div>
   <div class='ocr_carea' id='block_1_12' title="bbox 370 1324 2020 1397">
    <p class='ocr_par' dir='ltr' id='par_1_12' title="bbox 370 1324 2020 1397">
     <span class='ocr_line' id='line_1_12' title="bbox 370 1324 2020 1397; baseline -0.001 -18"><span class='ocrx_word' id='word_1_67' title='bbox 370 1325 500 1397; x_wconf 89' lang='lat' dir='ltr'><strong>ipso</strong></span> <span class='ocrx_word' id='word_1_68' title='bbox 540 1324 709 1395; x_wconf 90' lang='lat' dir='ltr'><strong>juvat</strong></span> <span class='ocrx_word' id='word_1_69' title='bbox 766 1324 968 1379; x_wconf 87' lang='lat' dir='ltr'><strong>audire</strong></span> <span class='ocrx_word' id='word_1_70' title='bbox 1022 1325 1136 1396; x_wconf 77' lang='lat' dir='ltr'><strong>(a):</strong></span> <span class='ocrx_word' id='word_1_71' title='bbox 1203 1346 1231 1374; x_wconf 83' lang='grc'><strong>‹‹</strong></span> <span class='ocrx_word' id='word_1_72' title='bbox 1265 1324 1563 1390; x_wconf 88' lang='lat' dir='ltr'><strong>Laboravi,</strong></span> <span class='ocrx_word' id='word_1_73' title='bbox 1620 1325 1900 1394; x_wconf 89' lang='lat' dir='ltr'><strong>populum</strong></span> <span class='ocrx_word' id='word_1_74' title='bbox 1961 1324 2020 1378; x_wconf 91' lang='lat' dir='ltr'><strong>in</strong></span> 
     </span>
    </p>
   </div>
   <div class='ocr_carea' id='block_1_13' title="bbox 372 1412 2022 1488">
    <p class='ocr_par' dir='ltr' id='par_1_13' title="bbox 372 1412 2022 1488">
     <span class='ocr_line' id='line_1_13' title="bbox 372 1412 2022 1488; baseline 0 -17"><span class='ocrx_word' id='word_1_75' title='bbox 372 1412 565 1471; x_wconf 88' lang='lat' dir='ltr'><strong>medio</strong></span> <span class='ocrx_word' id='word_1_76' title='bbox 596 1413 866 1487; x_wconf 78' lang='lat' dir='ltr'><strong>luporum</strong></span> <span class='ocrx_word' id='word_1_77' title='bbox 900 1415 1122 1487; x_wconf 82' lang='lat' dir='ltr'><strong>collegi,</strong></span> <span class='ocrx_word' id='word_1_78' title='bbox 1156 1418 1312 1488; x_wconf 85' lang='lat' dir='ltr'><strong>gregi</strong></span> <span class='ocrx_word' id='word_1_79' title='bbox 1346 1428 1499 1486; x_wconf 88' lang='lat' dir='ltr'><strong>aqua</strong></span> <span class='ocrx_word' id='word_1_80' title='bbox 1528 1416 1747 1470; x_wconf 79' lang='lat' dir='ltr'><strong>carenti</strong></span> <span class='ocrx_word' id='word_1_81' title='bbox 1779 1417 1851 1471; x_wconf 92' lang='lat' dir='ltr'><strong>de</strong></span> <span class='ocrx_word' id='word_1_82' title='bbox 1881 1424 2022 1471; x_wconf 84' lang='lat' dir='ltr'><strong>mea</strong></span> 
     </span>
    </p>
   </div>
   <div class='ocr_carea' id='block_1_14' title="bbox 370 1503 2021 1576">
    <p class='ocr_par' dir='ltr' id='par_1_14' title="bbox 370 1503 2021 1576">
     <span class='ocr_line' id='line_1_14' title="bbox 370 1503 2021 1576; baseline 0 -17"><span class='ocrx_word' id='word_1_83' title='bbox 370 1504 632 1559; x_wconf 77' lang='lat' dir='ltr'><strong>doctrina</strong></span> <span class='ocrx_word' id='word_1_84' title='bbox 663 1503 817 1559; x_wconf 86' lang='lat' dir='ltr'><strong>fonte</strong></span> <span class='ocrx_word' id='word_1_85' title='bbox 848 1508 1049 1576; x_wconf 89' lang='lat' dir='ltr'><strong>potum</strong></span> <span class='ocrx_word' id='word_1_86' title='bbox 1086 1503 1324 1575; x_wconf 89' lang='lat' dir='ltr'><strong>prabui,</strong></span> <span class='ocrx_word' id='word_1_87' title='bbox 1358 1503 1463 1557; x_wconf 87' lang='lat' dir='ltr'><strong>feci</strong></span> <span class='ocrx_word' id='word_1_88' title='bbox 1512 1510 1834 1559; x_wconf 78' lang='lat' dir='ltr'><strong>sementem</strong></span> <span class='ocrx_word' id='word_1_89' title='bbox 1893 1508 2021 1571; x_wconf 88' lang='lat' dir='ltr'><strong>ejus</strong></span> 
     </span>
    </p>
   </div>
   <div class='ocr_carea' id='block_1_15' title="bbox 372 1590 2022 1665">
    <p class='ocr_par' dir='ltr' id='par_1_15' title="bbox 372 1590 2022 1665">
     <span class='ocr_line' id='line_1_15' title="bbox 372 1590 2022 1665; baseline 0.001 -17"><span class='ocrx_word' id='word_1_90' title='bbox 372 1592 528 1657; x_wconf 80' lang='lat' dir='ltr'><strong>ﬁdei,</strong></span> <span class='ocrx_word' id='word_1_91' title='bbox 552 1604 681 1665; x_wconf 76' lang='lat' dir='ltr'><strong>qua</strong></span> <span class='ocrx_word' id='word_1_92' title='bbox 712 1592 801 1649; x_wconf 88' lang='lat' dir='ltr'><strong>est</strong></span> <span class='ocrx_word' id='word_1_93' title='bbox 825 1594 883 1647; x_wconf 90' lang='lat' dir='ltr'><strong>in</strong></span> <span class='ocrx_word' id='word_1_94' title='bbox 920 1598 1029 1648; x_wconf 88' lang='lat' dir='ltr'><strong>er</strong></span> <span class='ocrx_word' id='word_1_95' title='bbox 1055 1592 1317 1647; x_wconf 80' lang='lat' dir='ltr'><strong>fundata.</strong></span> <span class='ocrx_word' id='word_1_96' title='bbox 1352 1590 1655 1649; x_wconf 81' lang='lat' dir='ltr'><strong>Trinitatis</strong></span> <span class='ocrx_word' id='word_1_97' title='bbox 1687 1592 1881 1648; x_wconf 87' lang='lat' dir='ltr'><strong>lumen</strong></span> <span class='ocrx_word' id='word_1_98' title='bbox 1910 1592 2022 1649; x_wconf 82' lang='lat' dir='ltr'><strong>illis</strong></span> 
     </span>
    </p>
   </div>
   <div class='ocr_carea' id='block_1_16' title="bbox 374 1678 2024 1754">
    <p class='ocr_par' dir='ltr' id='par_1_16' title="bbox 374 1678 2024 1754">
     <span class='ocr_line' id='line_1_16' title="bbox 374 1678 2024 1754; baseline 0.001 -18"><span class='ocrx_word' id='word_1_99' title='bbox 374 1680 641 1754; x_wconf 76' lang='lat' dir='ltr'><strong>patefeci,</strong></span> <span class='ocrx_word' id='word_1_100' title='bbox 683 1680 781 1753; x_wconf 88' lang='lat' dir='ltr'><strong>qui</strong></span> <span class='ocrx_word' id='word_1_101' title='bbox 816 1680 980 1753; x_wconf 90' lang='lat' dir='ltr'><strong>prius</strong></span> <span class='ocrx_word' id='word_1_102' title='bbox 1008 1682 1065 1736; x_wconf 92' lang='lat' dir='ltr'><strong>in</strong></span> <span class='ocrx_word' id='word_1_103' title='bbox 1098 1682 1351 1736; x_wconf 86' lang='lat' dir='ltr'><strong>tenebris</strong></span> <span class='ocrx_word' id='word_1_104' title='bbox 1399 1682 1801 1737; x_wconf 86' lang='lat' dir='ltr'><strong>versabantur.</strong></span> <span class='ocrx_word' id='word_1_105' title='bbox 1844 1678 2024 1738; x_wconf 86' lang='lat' dir='ltr'><strong>Adeo-</strong></span> 
     </span>
    </p>
   </div>
   <div class='ocr_carea' id='block_1_17' title="bbox 374 1770 2019 1842">
    <p class='ocr_par' dir='ltr' id='par_1_17' title="bbox 374 1770 2019 1842">
     <span class='ocr_line' id='line_1_17' title="bbox 374 1770 2019 1842; baseline 0 -17"><span class='ocrx_word' id='word_1_106' title='bbox 374 1787 487 1842; x_wconf 89' lang='lat' dir='ltr'><strong>que</strong></span> <span class='ocrx_word' id='word_1_107' title='bbox 519 1770 687 1841; x_wconf 91' lang='lat' dir='ltr'><strong>quasi</strong></span> <span class='ocrx_word' id='word_1_108' title='bbox 746 1770 1054 1841; x_wconf 82' lang='lat' dir='ltr'><strong>coagulum</strong></span> <span class='ocrx_word' id='word_1_109' title='bbox 1090 1772 1384 1842; x_wconf 86' lang='lat' dir='ltr'><strong>quoddam</strong></span> <span class='ocrx_word' id='word_1_110' title='bbox 1426 1787 1584 1826; x_wconf 89' lang='lat' dir='ltr'><strong>eram</strong></span> <span class='ocrx_word' id='word_1_111' title='bbox 1618 1771 1675 1826; x_wconf 90' lang='lat' dir='ltr'><strong>in</strong></span> <span class='ocrx_word' id='word_1_112' title='bbox 1710 1772 1856 1827; x_wconf 88' lang='lat' dir='ltr'><strong>lacte</strong></span> <span class='ocrx_word' id='word_1_113' title='bbox 1888 1778 2019 1842; x_wconf 73' lang='lat' dir='ltr'><strong>per-</strong></span> 
     </span>
    </p>
   </div>
   <div class='ocr_carea' id='block_1_18' title="bbox 2126 592 3783 669">
    <p class='ocr_par' dir='ltr' id='par_1_18' title="bbox 2126 592 3783 669">
     <span class='ocr_line' id='line_1_18' title="bbox 2126 592 3783 669; baseline -0.007 -15"><span class='ocrx_word' id='word_1_114' title='bbox 2126 600 2291 654; x_wconf 69' lang='lat' dir='ltr'><strong>dox‘is</strong></span> <span class='ocrx_word' id='word_1_115' title='bbox 2314 598 2530 669; x_wconf 86' lang='lat' dir='ltr'><strong>templa</strong></span> <span class='ocrx_word' id='word_1_116' title='bbox 2560 601 2616 652; x_wconf 86' lang='lat' dir='ltr'><strong>et</strong></span> <span class='ocrx_word' id='word_1_117' title='bbox 2646 598 2859 665; x_wconf 84' lang='lat' dir='ltr'><strong>ejec‘tos</strong></span> <span class='ocrx_word' id='word_1_118' title='bbox 2890 593 3235 665; x_wconf 79' lang='lat' dir='ltr'><strong>Arianos,(e)</strong></span> <span class='ocrx_word' id='word_1_119' title='bbox 3265 615 3292 644; x_wconf 88' lang='grc'><strong>‹‹</strong></span> <span class='ocrx_word' id='word_1_120' title='bbox 3322 592 3783 665; x_wconf 70' lang='lat' dir='ltr'><strong>ingemiscebatn</strong></span> 
     </span>
    </p>
   </div>
   <div class='ocr_carea' id='block_1_19' title="bbox 2127 681 3785 759">
    <p class='ocr_par' dir='ltr' id='par_1_19' title="bbox 2127 681 3785 759">
     <span class='ocr_line' id='line_1_19' title="bbox 2127 681 3785 759; baseline -0.003 -16"><span class='ocrx_word' id='word_1_121' title='bbox 2127 693 2185 743; x_wconf 92' lang='lat' dir='ltr'><strong>et</strong></span> <span class='ocrx_word' id='word_1_122' title='bbox 2216 690 2281 741; x_wconf 85' lang='lat' dir='ltr'><strong>ut</strong></span> <span class='ocrx_word' id='word_1_123' title='bbox 2312 689 2476 759; x_wconf 82' lang='lat' dir='ltr'><strong>gigas</strong></span> <span class='ocrx_word' id='word_1_124' title='bbox 2509 686 2602 741; x_wconf 90' lang='lat' dir='ltr'><strong>ille</strong></span> <span class='ocrx_word' id='word_1_125' title='bbox 2649 686 2828 741; x_wconf 81' lang='lat' dir='ltr'><strong>fertur</strong></span> <span class='ocrx_word' id='word_1_126' title='bbox 2868 685 2967 756; x_wconf 90' lang='lat' dir='ltr'><strong>qui</strong></span> <span class='ocrx_word' id='word_1_127' title='bbox 3002 681 3245 739; x_wconf 82' lang='lat' dir='ltr'><strong>fulmine</strong></span> <span class='ocrx_word' id='word_1_128' title='bbox 3294 683 3446 737; x_wconf 90' lang='lat' dir='ltr'><strong>ictus</strong></span> <span class='ocrx_word' id='word_1_129' title='bbox 3494 683 3550 737; x_wconf 89' lang='lat' dir='ltr'><strong>in</strong></span> <span class='ocrx_word' id='word_1_130' title='bbox 3586 688 3785 738; x_wconf 88' lang='lat' dir='ltr'><strong>monte</strong></span> 
     </span>
    </p>
   </div>
   <div class='ocr_carea' id='block_1_20' title="bbox 2127 771 3783 847">
    <p class='ocr_par' dir='ltr' id='par_1_20' title="bbox 2127 771 3783 847">
     <span class='ocr_line' id='line_1_20' title="bbox 2127 771 3783 847; baseline -0.002 -16"><span class='ocrx_word' id='word_1_131' title='bbox 2127 778 2295 831; x_wconf 69' lang='lat' dir='ltr'><strong>Eine</strong></span> <span class='ocrx_word' id='word_1_132' title='bbox 2327 780 2551 830; x_wconf 80' lang='lat' dir='ltr'><strong>turnum</strong></span> <span class='ocrx_word' id='word_1_133' title='bbox 2583 780 2640 830; x_wconf 92' lang='lat' dir='ltr'><strong>et</strong></span> <span class='ocrx_word' id='word_1_134' title='bbox 2670 776 2862 847; x_wconf 83' lang='lat' dir='ltr'><strong>ignem</strong></span> <span class='ocrx_word' id='word_1_135' title='bbox 2898 782 2929 828; x_wconf 91' lang='lat' dir='ltr'><strong>e&#39;</strong></span> <span class='ocrx_word' id='word_1_136' title='bbox 2960 772 3246 845; x_wconf 85' lang='lat' dir='ltr'><strong>profundo</strong></span> <span class='ocrx_word' id='word_1_137' title='bbox 3309 771 3630 837; x_wconf 83' lang='lat' dir='ltr'><strong>emiltebat,</strong></span> <span class='ocrx_word' id='word_1_138' title='bbox 3665 774 3783 827; x_wconf 85' lang='lat' dir='ltr'><strong>sta-</strong></span> 
     </span>
    </p>
   </div>
   <div class='ocr_carea' id='block_1_21' title="bbox 2128 860 3583 931">
    <p class='ocr_par' dir='ltr' id='par_1_21' title="bbox 2128 860 3583 931">
     <span class='ocr_line' id='line_1_21' title="bbox 2128 860 3583 931; baseline -0.008 -10"><span class='ocrx_word' id='word_1_139' title='bbox 2128 865 2235 921; x_wconf 91' lang='lat' dir='ltr'><strong>tim</strong></span> <span class='ocrx_word' id='word_1_140' title='bbox 2260 864 2520 921; x_wconf 85' lang='lat' dir='ltr'><strong>emollita</strong></span> <span class='ocrx_word' id='word_1_141' title='bbox 2549 869 2657 928; x_wconf 90' lang='lat' dir='ltr'><strong>est,</strong></span> <span class='ocrx_word' id='word_1_142' title='bbox 2690 874 2756 919; x_wconf 84' lang='lat' dir='ltr'><strong>ut</strong></span> <span class='ocrx_word' id='word_1_143' title='bbox 2786 863 3004 919; x_wconf 90' lang='lat' dir='ltr'><strong>ferrum</strong></span> <span class='ocrx_word' id='word_1_144' title='bbox 3037 862 3189 931; x_wconf 75' lang='lat' dir='ltr'><strong>ignis</strong></span> <span class='ocrx_word' id='word_1_145' title='bbox 3220 860 3512 917; x_wconf 76' lang='lat' dir='ltr'><strong>violentia.</strong></span> <span class='ocrx_word' id='word_1_146' title='bbox 3555 884 3583 911; x_wconf 69' lang='grc' dir='ltr'><strong>η</strong></span> 
     </span>
    </p>
   </div>
   <div class='ocr_carea' id='block_1_22' title="bbox 2200 967 3787 1044">
    <p class='ocr_par' dir='ltr' id='par_1_22' title="bbox 2200 967 3787 1044">
     <span class='ocr_line' id='line_1_22' title="bbox 2200 967 3787 1044; baseline -0.004 -15"><span class='ocrx_word' id='word_1_147' title='bbox 2200 968 2398 1029; x_wconf 85' lang='lat' dir='ltr'><strong>Tanta</strong></span> <span class='ocrx_word' id='word_1_148' title='bbox 2432 980 2600 1044; x_wconf 85' lang='lat' dir='ltr'><strong>porro</strong></span> <span class='ocrx_word' id='word_1_149' title='bbox 2633 970 2897 1027; x_wconf 88' lang='lat' dir='ltr'><strong>Ecclesia</strong></span> <span class='ocrx_word' id='word_1_150' title='bbox 2923 968 3134 1043; x_wconf 88' lang='lat' dir='ltr'><strong>prasul</strong></span> <span class='ocrx_word' id='word_1_151' title='bbox 3168 967 3497 1036; x_wconf 89' lang='lat' dir='ltr'><strong>institutus,</strong></span> <span class='ocrx_word' id='word_1_152' title='bbox 3540 984 3787 1040; x_wconf 90' lang='lat' dir='ltr'><strong>proven-</strong></span> 
     </span>
    </p>
   </div>
   <div class='ocr_carea' id='block_1_23' title="bbox 2129 1054 3786 1133">
    <p class='ocr_par' dir='ltr' id='par_1_23' title="bbox 2129 1054 3786 1133">
     <span class='ocr_line' id='line_1_23' title="bbox 2129 1054 3786 1133; baseline -0.003 -16"><span class='ocrx_word' id='word_1_153' title='bbox 2129 1066 2345 1133; x_wconf 90' lang='lat' dir='ltr'><strong>tusque</strong></span> <span class='ocrx_word' id='word_1_154' title='bbox 2392 1066 2447 1116; x_wconf 89' lang='lat' dir='ltr'><strong>et</strong></span> <span class='ocrx_word' id='word_1_155' title='bbox 2504 1060 2795 1116; x_wconf 86' lang='lat' dir='ltr'><strong>inﬁnitam</strong></span> <span class='ocrx_word' id='word_1_156' title='bbox 2849 1058 3041 1115; x_wconf 91' lang='lat' dir='ltr'><strong>omnis</strong></span> <span class='ocrx_word' id='word_1_157' title='bbox 3098 1058 3330 1131; x_wconf 87' lang='lat' dir='ltr'><strong>generis</strong></span> <span class='ocrx_word' id='word_1_158' title='bbox 3389 1054 3786 1128; x_wconf 79' lang='lat' dir='ltr'><strong>eximiamque</strong></span> 
     </span>
    </p>
   </div>
   <div class='ocr_carea' id='block_1_24' title="bbox 2130 1142 3791 1222">
    <p class='ocr_par' dir='ltr' id='par_1_24' title="bbox 2130 1142 3791 1222">
     <span class='ocr_line' id='line_1_24' title="bbox 2130 1142 3791 1222; baseline -0.003 -17"><span class='ocrx_word' id='word_1_159' title='bbox 2130 1150 2548 1222; x_wconf 80' lang='lat' dir='ltr'><strong>supellectilem</strong></span> <span class='ocrx_word' id='word_1_160' title='bbox 2565 1156 2936 1216; x_wconf 87' lang='lat' dir='ltr'><strong>consecutus,</strong></span> <span class='ocrx_word' id='word_1_161' title='bbox 2954 1166 3025 1204; x_wconf 91' lang='lat' dir='ltr'><strong>ne</strong></span> <span class='ocrx_word' id='word_1_162' title='bbox 3048 1148 3223 1203; x_wconf 89' lang='lat' dir='ltr'><strong>unica</strong></span> <span class='ocrx_word' id='word_1_163' title='bbox 3245 1147 3483 1218; x_wconf 86' lang='lat' dir='ltr'><strong>quidem</strong></span> <span class='ocrx_word' id='word_1_164' title='bbox 3507 1142 3791 1201; x_wconf 84' lang='lat' dir='ltr'><strong>drachma</strong></span> 
     </span>
    </p>
   </div>
   <div class='ocr_carea' id='block_1_25' title="bbox 2131 1236 3789 1306">
    <p class='ocr_par' dir='ltr' id='par_1_25' title="bbox 2131 1236 3789 1306">
     <span class='ocr_line' id='line_1_25' title="bbox 2131 1236 3789 1306; baseline -0.004 -11"><span class='ocrx_word' id='word_1_165' title='bbox 2131 1241 2268 1295; x_wconf 88' lang='lat' dir='ltr'><strong>hinc</strong></span> <span class='ocrx_word' id='word_1_166' title='bbox 2301 1238 2604 1295; x_wconf 81' lang='lat' dir='ltr'><strong>facultates</strong></span> <span class='ocrx_word' id='word_1_167' title='bbox 2632 1252 2770 1295; x_wconf 85' lang='lat' dir='ltr'><strong>suas</strong></span> <span class='ocrx_word' id='word_1_168' title='bbox 2802 1239 3002 1306; x_wconf 81' lang='lat' dir='ltr'><strong>auxit;</strong></span> <span class='ocrx_word' id='word_1_169' title='bbox 3054 1250 3187 1293; x_wconf 89' lang='lat' dir='ltr'><strong>cum</strong></span> <span class='ocrx_word' id='word_1_170' title='bbox 3240 1243 3434 1291; x_wconf 84' lang='lat' dir='ltr'><strong>tamen</strong></span> <span class='ocrx_word' id='word_1_171' title='bbox 3469 1236 3789 1290; x_wconf 82' lang='lat' dir='ltr'><strong>maximam</strong></span> 
     </span>
    </p>
   </div>
   <div class='ocr_carea' id='block_1_26' title="bbox 2129 1322 3799 1399">
    <p class='ocr_par' dir='ltr' id='par_1_26' title="bbox 2129 1322 3799 1399">
     <span class='ocr_line' id='line_1_26' title="bbox 2129 1322 3799 1399; baseline -0.004 -15"><span class='ocrx_word' id='word_1_172' title='bbox 2129 1330 2481 1384; x_wconf 80' lang='lat' dir='ltr'><strong>talentorum</strong></span> <span class='ocrx_word' id='word_1_173' title='bbox 2511 1328 2760 1398; x_wconf 91' lang='lat' dir='ltr'><strong>copiam,</strong></span> <span class='ocrx_word' id='word_1_174' title='bbox 2808 1322 2857 1382; x_wconf 89' lang='lat' dir='ltr'><strong>si</strong></span> <span class='ocrx_word' id='word_1_175' title='bbox 2909 1327 2989 1382; x_wconf 88' lang='lat' dir='ltr'><strong>ita</strong></span> <span class='ocrx_word' id='word_1_176' title='bbox 3019 1326 3207 1399; x_wconf 86' lang='lat' dir='ltr'><strong>ipsius</strong></span> <span class='ocrx_word' id='word_1_177' title='bbox 3248 1322 3521 1380; x_wconf 82' lang='lat' dir='ltr'><strong>voluntas</strong></span> <span class='ocrx_word' id='word_1_178' title='bbox 3561 1324 3799 1378; x_wconf 86' lang='lat' dir='ltr'><strong>tulisset</strong></span> 
     </span>
    </p>
   </div>
   <div class='ocr_carea' id='block_1_27' title="bbox 2130 1410 3799 1490">
    <p class='ocr_par' dir='ltr' id='par_1_27' title="bbox 2130 1410 3799 1490">
     <span class='ocr_line' id='line_1_27' title="bbox 2130 1410 3799 1490; baseline -0.005 -15"><span class='ocrx_word' id='word_1_179' title='bbox 2130 1416 2399 1490; x_wconf 90' lang='lat' dir='ltr'><strong>colligere</strong></span> <span class='ocrx_word' id='word_1_180' title='bbox 2430 1417 2734 1490; x_wconf 89' lang='lat' dir='ltr'><strong>potuisset.</strong></span> <span class='ocrx_word' id='word_1_181' title='bbox 2766 1410 2846 1471; x_wconf 92' lang='lat' dir='ltr'><strong>Ne</strong></span> <span class='ocrx_word' id='word_1_182' title='bbox 2869 1416 3163 1471; x_wconf 89' lang='lat' dir='ltr'><strong>redituum</strong></span> <span class='ocrx_word' id='word_1_183' title='bbox 3196 1413 3430 1486; x_wconf 83' lang='lat' dir='ltr'><strong>quidem</strong></span> <span class='ocrx_word' id='word_1_184' title='bbox 3462 1416 3520 1467; x_wconf 90' lang='lat' dir='ltr'><strong>et</strong></span> <span class='ocrx_word' id='word_1_185' title='bbox 3551 1411 3799 1467; x_wconf 88' lang='lat' dir='ltr'><strong>admini-</strong></span> 
     </span>
    </p>
   </div>
   <div class='ocr_carea' id='block_1_28' title="bbox 2130 1501 3792 1576">
    <p class='ocr_par' dir='ltr' id='par_1_28' title="bbox 2130 1501 3792 1576">
     <span class='ocr_line' id='line_1_28' title="bbox 2130 1501 3792 1576; baseline -0.005 -11"><span class='ocrx_word' id='word_1_186' title='bbox 2130 1506 2431 1565; x_wconf 82' lang='lat' dir='ltr'><strong>strationis</strong></span> <span class='ocrx_word' id='word_1_187' title='bbox 2483 1506 2768 1561; x_wconf 90' lang='lat' dir='ltr'><strong>rationem</strong></span> <span class='ocrx_word' id='word_1_188' title='bbox 2830 1506 2901 1560; x_wconf 87' lang='lat' dir='ltr'><strong>ab</strong></span> <span class='ocrx_word' id='word_1_189' title='bbox 2946 1503 3040 1570; x_wconf 93' lang='lat' dir='ltr'><strong>iis,</strong></span> <span class='ocrx_word' id='word_1_190' title='bbox 3065 1502 3165 1576; x_wconf 89' lang='lat' dir='ltr'><strong>qui</strong></span> <span class='ocrx_word' id='word_1_191' title='bbox 3226 1502 3493 1558; x_wconf 88' lang='lat' dir='ltr'><strong>Ecclesia</strong></span> <span class='ocrx_word' id='word_1_192' title='bbox 3553 1501 3792 1573; x_wconf 88' lang='lat' dir='ltr'><strong>negotia</strong></span> 
     </span>
    </p>
   </div>
   <div class='ocr_carea' id='block_1_29' title="bbox 2131 1587 3795 1669">
    <p class='ocr_par' dir='ltr' id='par_1_29' title="bbox 2131 1587 3795 1669">
     <span class='ocr_line' id='line_1_29' title="bbox 2131 1587 3795 1669; baseline -0.004 -18"><span class='ocrx_word' id='word_1_193' title='bbox 2131 1599 2567 1669; x_wconf 81' lang='lat' dir='ltr'><strong>procurassent,</strong></span> <span class='ocrx_word' id='word_1_194' title='bbox 2601 1593 2898 1665; x_wconf 85' lang='lat' dir='ltr'><strong>repetivit;</strong></span> <span class='ocrx_word' id='word_1_195' title='bbox 2946 1592 3099 1647; x_wconf 91' lang='lat' dir='ltr'><strong>haud</strong></span> <span class='ocrx_word' id='word_1_196' title='bbox 3136 1598 3329 1647; x_wconf 90' lang='lat' dir='ltr'><strong>tamen</strong></span> <span class='ocrx_word' id='word_1_197' title='bbox 3365 1591 3609 1663; x_wconf 77' lang='lat' dir='ltr'><strong>ignarus</strong></span> <span class='ocrx_word' id='word_1_198' title='bbox 3638 1589 3693 1644; x_wconf 92' lang='lat' dir='ltr'><strong>id</strong></span> <span class='ocrx_word' id='word_1_199' title='bbox 3721 1587 3795 1645; x_wconf 90' lang='lat' dir='ltr'><strong>ab</strong></span> 
     </span>
    </p>
   </div>
   <div class='ocr_carea' id='block_1_30' title="bbox 2130 1678 3798 1755">
    <p class='ocr_par' dir='ltr' id='par_1_30' title="bbox 2130 1678 3798 1755">
     <span class='ocr_line' id='line_1_30' title="bbox 2130 1678 3798 1755; baseline -0.004 -16"><span class='ocrx_word' id='word_1_200' title='bbox 2130 1684 2204 1741; x_wconf 91' lang='lat' dir='ltr'><strong>iis</strong></span> <span class='ocrx_word' id='word_1_201' title='bbox 2237 1682 2636 1755; x_wconf 88' lang='lat' dir='ltr'><strong>improbatum</strong></span> <span class='ocrx_word' id='word_1_202' title='bbox 2670 1682 2739 1736; x_wconf 92' lang='lat' dir='ltr'><strong>iri</strong></span> <span class='ocrx_word' id='word_1_203' title='bbox 2773 1681 2874 1754; x_wconf 89' lang='lat' dir='ltr'><strong>qui</strong></span> <span class='ocrx_word' id='word_1_204' title='bbox 2908 1678 3175 1754; x_wconf 81' lang='lat' dir='ltr'><strong>pecuniis</strong></span> <span class='ocrx_word' id='word_1_205' title='bbox 3204 1680 3510 1735; x_wconf 87' lang='lat' dir='ltr'><strong>inferiores</strong></span> <span class='ocrx_word' id='word_1_206' title='bbox 3543 1683 3703 1743; x_wconf 88' lang='lat' dir='ltr'><strong>sunt,</strong></span> <span class='ocrx_word' id='word_1_207' title='bbox 3739 1681 3798 1734; x_wconf 89' lang='lat' dir='ltr'><strong>et</strong></span> 
     </span>
    </p>
   </div>
   <div class='ocr_carea' id='block_1_31' title="bbox 2131 1768 3796 1845">
    <p class='ocr_par' dir='ltr' id='par_1_31' title="bbox 2131 1768 3796 1845">
     <span class='ocr_line' id='line_1_31' title="bbox 2131 1768 3796 1845; baseline -0.003 -17"><span class='ocrx_word' id='word_1_208' title='bbox 2131 1789 2304 1845; x_wconf 92' lang='lat' dir='ltr'><strong>quam</strong></span> <span class='ocrx_word' id='word_1_209' title='bbox 2338 1771 2611 1827; x_wconf 89' lang='lat' dir='ltr'><strong>indecora</strong></span> <span class='ocrx_word' id='word_1_210' title='bbox 2660 1772 2736 1826; x_wconf 92' lang='lat' dir='ltr'><strong>sit</strong></span> <span class='ocrx_word' id='word_1_211' title='bbox 2764 1770 2822 1826; x_wconf 89' lang='lat' dir='ltr'><strong>in</strong></span> <span class='ocrx_word' id='word_1_212' title='bbox 2884 1770 3148 1825; x_wconf 89' lang='lat' dir='ltr'><strong>Ecclesia</strong></span> <span class='ocrx_word' id='word_1_213' title='bbox 3199 1768 3489 1824; x_wconf 87' lang='lat' dir='ltr'><strong>ministris</strong></span> <span class='ocrx_word' id='word_1_214' title='bbox 3538 1768 3796 1823; x_wconf 84' lang='lat' dir='ltr'><strong>avaritia</strong></span> 
     </span>
    </p>
   </div>
   <div class='ocr_carea' id='block_1_32' title="bbox 373 1855 3789 1949">
    <p class='ocr_par' dir='ltr' id='par_1_32' title="bbox 373 1855 3789 1949">
     <span class='ocr_line' id='line_1_32' title="bbox 373 1855 3789 1949; baseline -0.001 -34"><span class='ocrx_word' id='word_1_215' title='bbox 373 1860 670 1915; x_wconf 86' lang='lat' dir='ltr'><strong>suasionis</strong></span> <span class='ocrx_word' id='word_1_216' title='bbox 700 1858 754 1912; x_wconf 89' lang='lat' dir='ltr'><strong>vi</strong></span> <span class='ocrx_word' id='word_1_217' title='bbox 785 1859 1044 1930; x_wconf 86' lang='lat' dir='ltr'><strong>cogentis</strong></span> <span class='ocrx_word' id='word_1_218' title='bbox 1069 1859 1472 1928; x_wconf 89' lang='lat' dir='ltr'><strong>pharmacum.</strong></span> <span class='ocrx_word' id='word_1_219' title='bbox 1508 1861 1576 1913; x_wconf 85' lang='lat' dir='ltr'><strong>Et</strong></span> <span class='ocrx_word' id='word_1_220' title='bbox 1605 1858 1751 1915; x_wconf 80' lang='lat' dir='ltr'><strong>alios</strong></span> <span class='ocrx_word' id='word_1_221' title='bbox 1783 1860 2017 1941; x_wconf 88' lang='lat' dir='ltr'><strong>quidem</strong></span> <span class='ocrx_word' id='word_1_222' title='bbox 2052 1878 2098 1949; x_wconf 78' lang='grc' dir='ltr'><strong>Β</strong></span> <span class='ocrx_word' id='word_1_223' title='bbox 2132 1862 2409 1936; x_wconf 89' lang='lat' dir='ltr'><strong>suspicio,</strong></span> <span class='ocrx_word' id='word_1_224' title='bbox 2442 1878 2555 1916; x_wconf 93' lang='lat' dir='ltr'><strong>non</strong></span> <span class='ocrx_word' id='word_1_225' title='bbox 2615 1856 2969 1934; x_wconf 84' lang='lat' dir='ltr'><strong>intelligunt.</strong></span> <span class='ocrx_word' id='word_1_226' title='bbox 3021 1858 3137 1931; x_wconf 86' lang='lat' dir='ltr'><strong>Ipsi</strong></span> <span class='ocrx_word' id='word_1_227' title='bbox 3196 1855 3372 1913; x_wconf 90' lang='lat' dir='ltr'><strong>etiam</strong></span> <span class='ocrx_word' id='word_1_228' title='bbox 3404 1856 3789 1930; x_wconf 83' lang='lat' dir='ltr'><strong>exprobatum</strong></span> 
     </span>
    </p>
   </div>
   <div class='ocr_carea' id='block_1_33' title="bbox 365 1948 2020 2021">
    <p class='ocr_par' dir='ltr' id='par_1_33' title="bbox 365 1948 2020 2021">
     <span class='ocr_line' id='line_1_33' title="bbox 365 1948 2020 2021; baseline 0.001 -19"><span class='ocrx_word' id='word_1_229' title='bbox 365 1948 492 2019; x_wconf 90' lang='lat' dir='ltr'><strong>jam</strong></span> <span class='ocrx_word' id='word_1_230' title='bbox 524 1948 869 2003; x_wconf 87' lang='lat' dir='ltr'><strong>constrictos</strong></span> <span class='ocrx_word' id='word_1_231' title='bbox 926 1948 1217 2015; x_wconf 83' lang='lat' dir='ltr'><strong>tenebam,</strong></span> <span class='ocrx_word' id='word_1_232' title='bbox 1251 1948 1346 2003; x_wconf 90' lang='lat' dir='ltr'><strong>alii</strong></span> <span class='ocrx_word' id='word_1_233' title='bbox 1407 1965 1584 2021; x_wconf 90' lang='lat' dir='ltr'><strong>prope</strong></span> <span class='ocrx_word' id='word_1_234' title='bbox 1628 1948 1889 2017; x_wconf 88' lang='lat' dir='ltr'><strong>aberant,</strong></span> <span class='ocrx_word' id='word_1_235' title='bbox 1923 1948 2020 2005; x_wconf 89' lang='lat' dir='ltr'><strong>alii</strong></span> 
     </span>
    </p>
   </div>
   <div class='ocr_carea' id='block_1_34' title="bbox 374 2033 2036 2093">
    <p class='ocr_par' dir='ltr' id='par_1_34' title="bbox 374 2033 2036 2093">
     <span class='ocr_line' id='line_1_34' title="bbox 374 2033 2036 2093; baseline 0.001 -2"><span class='ocrx_word' id='word_1_236' title='bbox 374 2036 571 2092; x_wconf 87' lang='lat' dir='ltr'><strong>statim</strong></span> <span class='ocrx_word' id='word_1_237' title='bbox 605 2036 757 2091; x_wconf 90' lang='lat' dir='ltr'><strong>idem</strong></span> <span class='ocrx_word' id='word_1_238' title='bbox 791 2037 995 2091; x_wconf 86' lang='lat' dir='ltr'><strong>facturi</strong></span> <span class='ocrx_word' id='word_1_239' title='bbox 1028 2042 1232 2093; x_wconf 87' lang='lat' dir='ltr'><strong>erant:</strong></span> <span class='ocrx_word' id='word_1_240' title='bbox 1268 2038 1324 2091; x_wconf 90' lang='lat' dir='ltr'><strong>in</strong></span> <span class='ocrx_word' id='word_1_241' title='bbox 1372 2038 1647 2092; x_wconf 89' lang='lat' dir='ltr'><strong>omnibus</strong></span> <span class='ocrx_word' id='word_1_242' title='bbox 1679 2044 1873 2093; x_wconf 91' lang='lat' dir='ltr'><strong>autem</strong></span> <span class='ocrx_word' id='word_1_243' title='bbox 1905 2033 2036 2093; x_wconf 10' lang='lat' dir='ltr'><strong>ira-l</strong></span> 
     </span>
    </p>
   </div>
   <div class='ocr_carea' id='block_1_35' title="bbox 374 2125 2024 2197">
    <p class='ocr_par' dir='ltr' id='par_1_35' title="bbox 374 2125 2024 2197">
     <span class='ocr_line' id='line_1_35' title="bbox 374 2125 2024 2197; baseline 0.001 -16"><span class='ocrx_word' id='word_1_244' title='bbox 374 2126 590 2181; x_wconf 89' lang='lat' dir='ltr'><strong>cundia</strong></span> <span class='ocrx_word' id='word_1_245' title='bbox 620 2125 983 2193; x_wconf 88' lang='lat' dir='ltr'><strong>ﬂectebatur,</strong></span> <span class='ocrx_word' id='word_1_246' title='bbox 1018 2143 1146 2197; x_wconf 85' lang='lat' dir='ltr'><strong>qua</strong></span> <span class='ocrx_word' id='word_1_247' title='bbox 1205 2128 1366 2197; x_wconf 79' lang='lat' dir='ltr'><strong>prius</strong></span> <span class='ocrx_word' id='word_1_248' title='bbox 1424 2129 1482 2180; x_wconf 91' lang='lat' dir='ltr'><strong>in</strong></span> <span class='ocrx_word' id='word_1_249' title='bbox 1514 2128 1598 2181; x_wconf 85' lang='lat' dir='ltr'><strong>eis</strong></span> <span class='ocrx_word' id='word_1_250' title='bbox 1652 2129 1925 2195; x_wconf 83' lang='lat' dir='ltr'><strong>fervebat,</strong></span> <span class='ocrx_word' id='word_1_251' title='bbox 1967 2133 2024 2183; x_wconf 89' lang='lat' dir='ltr'><strong>et</strong></span> 
     </span>
    </p>
   </div>
   <div class='ocr_carea' id='block_1_36' title="bbox 373 2204 2024 2287">
    <p class='ocr_par' dir='ltr' id='par_1_36' title="bbox 373 2204 2024 2287">
     <span class='ocr_line' id='line_1_36' title="bbox 373 2204 2024 2287; baseline 0.001 -18"><span class='ocrx_word' id='word_1_252' title='bbox 373 2204 639 2269; x_wconf 86' lang='lat' dir='ltr'><strong>doctrina</strong></span> <span class='ocrx_word' id='word_1_253' title='bbox 671 2231 799 2269; x_wconf 83' lang='lat' dir='ltr'><strong>mea</strong></span> <span class='ocrx_word' id='word_1_254' title='bbox 819 2217 945 2285; x_wconf 89' lang='lat' dir='ltr'><strong>jam</strong></span> <span class='ocrx_word' id='word_1_255' title='bbox 996 2215 1390 2270; x_wconf 89' lang='lat' dir='ltr'><strong>benevolentia</strong></span> <span class='ocrx_word' id='word_1_256' title='bbox 1437 2216 1690 2287; x_wconf 88' lang='lat' dir='ltr'><strong>quadam</strong></span> <span class='ocrx_word' id='word_1_257' title='bbox 1722 2223 1847 2271; x_wconf 86' lang='lat' dir='ltr'><strong>erat</strong></span> <span class='ocrx_word' id='word_1_258' title='bbox 1883 2222 2024 2272; x_wconf 90' lang='lat' dir='ltr'><strong>tem-</strong></span> 
     </span>
    </p>
   </div>
   <div class='ocr_carea' id='block_1_37' title="bbox 371 2304 2023 2377">
    <p class='ocr_par' dir='ltr' id='par_1_37' title="bbox 371 2304 2023 2377">
     <span class='ocr_line' id='line_1_37' title="bbox 371 2304 2023 2377; baseline 0.002 -19"><span class='ocrx_word' id='word_1_259' title='bbox 371 2309 590 2377; x_wconf 88' lang='lat' dir='ltr'><strong>perata.</strong></span> <span class='ocrx_word' id='word_1_260' title='bbox 626 2305 785 2360; x_wconf 87' lang='lat' dir='ltr'><strong>Idem</strong></span> <span class='ocrx_word' id='word_1_261' title='bbox 839 2305 909 2359; x_wconf 91' lang='lat' dir='ltr'><strong>de</strong></span> <span class='ocrx_word' id='word_1_262' title='bbox 963 2308 1082 2358; x_wconf 91' lang='lat' dir='ltr'><strong>toto</strong></span> <span class='ocrx_word' id='word_1_263' title='bbox 1116 2304 1326 2376; x_wconf 91' lang='lat' dir='ltr'><strong>populo</strong></span> <span class='ocrx_word' id='word_1_264' title='bbox 1373 2306 1729 2377; x_wconf 89' lang='lat' dir='ltr'><strong>sperandum</strong></span> <span class='ocrx_word' id='word_1_265' title='bbox 1788 2306 2023 2362; x_wconf 84' lang='lat' dir='ltr'><strong>videba-</strong></span> 
     </span>
    </p>
   </div>
   <div class='ocr_carea' id='block_1_38' title="bbox 371 2392 2022 2464">
    <p class='ocr_par' dir='ltr' id='par_1_38' title="bbox 371 2392 2022 2464">
     <span class='ocr_line' id='line_1_38' title="bbox 371 2392 2022 2464; baseline 0.001 -16"><span class='ocrx_word' id='word_1_266' title='bbox 371 2399 488 2457; x_wconf 86' lang='lat' dir='ltr'><strong>tur,</strong></span> <span class='ocrx_word' id='word_1_267' title='bbox 520 2400 629 2448; x_wconf 90' lang='lat' dir='ltr'><strong>etc.</strong></span> <span class='ocrx_word' id='word_1_268' title='bbox 666 2414 694 2442; x_wconf 84' lang='lat'><strong>»</strong></span> <span class='ocrx_word' id='word_1_269' title='bbox 729 2393 796 2447; x_wconf 89' lang='lat' dir='ltr'><strong>Hi</strong></span> <span class='ocrx_word' id='word_1_270' title='bbox 830 2392 988 2447; x_wconf 85' lang='lat' dir='ltr'><strong>fuere</strong></span> <span class='ocrx_word' id='word_1_271' title='bbox 1038 2393 1296 2464; x_wconf 87' lang='lat' dir='ltr'><strong>Gregorii</strong></span> <span class='ocrx_word' id='word_1_272' title='bbox 1356 2411 1665 2449; x_wconf 87' lang='lat' dir='ltr'><strong>successus</strong></span> <span class='ocrx_word' id='word_1_273' title='bbox 1691 2395 2022 2451; x_wconf 83' lang='lat' dir='ltr'><strong>Constanti-</strong></span> 
     </span>
    </p>
   </div>
   <div class='ocr_carea' id='block_1_39' title="bbox 374 2480 2025 2555">
    <p class='ocr_par' dir='ltr' id='par_1_39' title="bbox 374 2480 2025 2555">
     <span class='ocr_line' id='line_1_39' title="bbox 374 2480 2025 2555; baseline 0.002 -18"><span class='ocrx_word' id='word_1_274' title='bbox 374 2482 607 2551; x_wconf 86' lang='lat' dir='ltr'><strong>nopoli;</strong></span> <span class='ocrx_word' id='word_1_275' title='bbox 648 2481 770 2535; x_wconf 86' lang='lat' dir='ltr'><strong>hac</strong></span> <span class='ocrx_word' id='word_1_276' title='bbox 822 2480 954 2534; x_wconf 84' lang='lat' dir='ltr'><strong>felix</strong></span> <span class='ocrx_word' id='word_1_277' title='bbox 1013 2497 1204 2535; x_wconf 91' lang='lat' dir='ltr'><strong>rerum</strong></span> <span class='ocrx_word' id='word_1_278' title='bbox 1256 2484 1497 2539; x_wconf 89' lang='lat' dir='ltr'><strong>mutatio</strong></span> <span class='ocrx_word' id='word_1_279' title='bbox 1552 2485 1740 2555; x_wconf 84' lang='lat' dir='ltr'><strong>ipsius</strong></span> <span class='ocrx_word' id='word_1_280' title='bbox 1778 2485 1936 2540; x_wconf 89' lang='lat' dir='ltr'><strong>curis</strong></span> <span class='ocrx_word' id='word_1_281' title='bbox 1967 2490 2025 2540; x_wconf 89' lang='lat' dir='ltr'><strong>et</strong></span> 
     </span>
    </p>
   </div>
   <div class='ocr_carea' id='block_1_40' title="bbox 378 2568 2023 2642">
    <p class='ocr_par' dir='ltr' id='par_1_40' title="bbox 378 2568 2023 2642">
     <span class='ocr_line' id='line_1_40' title="bbox 378 2568 2023 2642; baseline 0.003 -19"><span class='ocrx_word' id='word_1_282' title='bbox 378 2568 680 2624; x_wconf 90' lang='lat' dir='ltr'><strong>laboribus</strong></span> <span class='ocrx_word' id='word_1_283' title='bbox 716 2575 909 2639; x_wconf 89' lang='lat' dir='ltr'><strong>parta;</strong></span> <span class='ocrx_word' id='word_1_284' title='bbox 936 2568 1055 2623; x_wconf 89' lang='lat' dir='ltr'><strong>hac</strong></span> <span class='ocrx_word' id='word_1_285' title='bbox 1089 2586 1235 2624; x_wconf 88' lang='lat' dir='ltr'><strong>nova</strong></span> <span class='ocrx_word' id='word_1_286' title='bbox 1264 2576 1321 2625; x_wconf 91' lang='lat' dir='ltr'><strong>et</strong></span> <span class='ocrx_word' id='word_1_287' title='bbox 1348 2572 1656 2642; x_wconf 88' lang='lat' dir='ltr'><strong>splendida</strong></span> <span class='ocrx_word' id='word_1_288' title='bbox 1684 2572 1817 2626; x_wconf 76' lang='lat' dir='ltr'><strong>fidei</strong></span> <span class='ocrx_word' id='word_1_289' title='bbox 1848 2579 1907 2627; x_wconf 92' lang='lat' dir='ltr'><strong>et</strong></span> <span class='ocrx_word' id='word_1_290' title='bbox 1936 2590 2023 2628; x_wconf 87' lang='lat' dir='ltr'><strong>re-</strong></span> 
     </span>
    </p>
   </div>
   <div class='ocr_carea' id='block_1_41' title="bbox 378 2656 2025 2728">
    <p class='ocr_par' dir='ltr' id='par_1_41' title="bbox 378 2656 2025 2728">
     <span class='ocr_line' id='line_1_41' title="bbox 378 2656 2025 2728; baseline 0.004 -17"><span class='ocrx_word' id='word_1_291' title='bbox 378 2656 613 2728; x_wconf 89' lang='lat' dir='ltr'><strong>ligionis</strong></span> <span class='ocrx_word' id='word_1_292' title='bbox 647 2657 841 2725; x_wconf 89' lang='lat' dir='ltr'><strong>facies,</strong></span> <span class='ocrx_word' id='word_1_293' title='bbox 874 2674 1000 2728; x_wconf 84' lang='lat' dir='ltr'><strong>qua</strong></span> <span class='ocrx_word' id='word_1_294' title='bbox 1049 2657 1285 2713; x_wconf 88' lang='lat' dir='ltr'><strong>horrida</strong></span> <span class='ocrx_word' id='word_1_295' title='bbox 1314 2665 1595 2715; x_wconf 85' lang='lat' dir='ltr'><strong>eratcum</strong></span> <span class='ocrx_word' id='word_1_296' title='bbox 1621 2660 1677 2715; x_wconf 89' lang='lat' dir='ltr'><strong>in</strong></span> <span class='ocrx_word' id='word_1_297' title='bbox 1714 2662 1913 2716; x_wconf 86' lang='lat' dir='ltr'><strong>urbem</strong></span> <span class='ocrx_word' id='word_1_298' title='bbox 1964 2678 2025 2717; x_wconf 90' lang='lat' dir='ltr'><strong>se</strong></span> 
     </span>
    </p>
   </div>
   <div class='ocr_carea' id='block_1_42' title="bbox 378 2744 2027 2822">
    <p class='ocr_par' dir='ltr' id='par_1_42' title="bbox 378 2744 2027 2822">
     <span class='ocr_line' id='line_1_42' title="bbox 378 2744 2027 2822; baseline 0.004 -22"><span class='ocrx_word' id='word_1_299' title='bbox 378 2744 646 2810; x_wconf 89' lang='lat' dir='ltr'><strong>contulit,</strong></span> <span class='ocrx_word' id='word_1_300' title='bbox 687 2747 855 2815; x_wconf 88' lang='lat' dir='ltr'><strong>cujus</strong></span> <span class='ocrx_word' id='word_1_301' title='bbox 905 2762 1109 2801; x_wconf 87' lang='lat' dir='ltr'><strong>omnes</strong></span> <span class='ocrx_word' id='word_1_302' title='bbox 1160 2748 1433 2803; x_wconf 87' lang='lat' dir='ltr'><strong>ecclesias</strong></span> <span class='ocrx_word' id='word_1_303' title='bbox 1492 2765 1592 2819; x_wconf 90' lang='lat' dir='ltr'><strong>per</strong></span> <span class='ocrx_word' id='word_1_304' title='bbox 1639 2750 2027 2822; x_wconf 86' lang='lat' dir='ltr'><strong>quadraginta</strong></span> 
     </span>
    </p>
   </div>
   <div class='ocr_carea' id='block_1_43' title="bbox 379 2835 2026 2909">
    <p class='ocr_par' dir='ltr' id='par_1_43' title="bbox 379 2835 2026 2909">
     <span class='ocr_line' id='line_1_43' title="bbox 379 2835 2026 2909; baseline 0.002 -20"><span class='ocrx_word' id='word_1_305' title='bbox 379 2850 565 2889; x_wconf 88' lang='lat' dir='ltr'><strong>annos</strong></span> <span class='ocrx_word' id='word_1_306' title='bbox 610 2838 1035 2905; x_wconf 89' lang='lat' dir='ltr'><strong>occupaverant</strong></span> <span class='ocrx_word' id='word_1_307' title='bbox 1085 2835 1429 2891; x_wconf 65' lang='lat' dir='ltr'><strong>Arianorum</strong></span> <span class='ocrx_word' id='word_1_308' title='bbox 1476 2837 1867 2909; x_wconf 86' lang='lat' dir='ltr'><strong>antesignani,</strong></span> <span class='ocrx_word' id='word_1_309' title='bbox 1917 2840 2026 2893; x_wconf 90' lang='lat' dir='ltr'><strong>im-</strong></span> 
     </span>
    </p>
   </div>
   <div class='ocr_carea' id='block_1_44' title="bbox 381 2926 2029 2996">
    <p class='ocr_par' dir='ltr' id='par_1_44' title="bbox 381 2926 2029 2996">
     <span class='ocr_line' id='line_1_44' title="bbox 381 2926 2029 2996; baseline 0.003 -17"><span class='ocrx_word' id='word_1_310' title='bbox 381 2929 712 2996; x_wconf 88' lang='lat' dir='ltr'><strong>peratorum</strong></span> <span class='ocrx_word' id='word_1_311' title='bbox 748 2926 876 2979; x_wconf 84' lang='lat' dir='ltr'><strong>freti</strong></span> <span class='ocrx_word' id='word_1_312' title='bbox 909 2926 1185 2996; x_wconf 90' lang='lat' dir='ltr'><strong>potentia.</strong></span> <span class='ocrx_word' id='word_1_313' title='bbox 1218 2927 1345 2981; x_wconf 83' lang='lat' dir='ltr'><strong>Hac</strong></span> <span class='ocrx_word' id='word_1_314' title='bbox 1377 2944 1507 2983; x_wconf 92' lang='lat' dir='ltr'><strong>vero</strong></span> <span class='ocrx_word' id='word_1_315' title='bbox 1540 2944 1672 2983; x_wconf 92' lang='lat' dir='ltr'><strong>cum</strong></span> <span class='ocrx_word' id='word_1_316' title='bbox 1710 2936 1868 2984; x_wconf 88' lang='lat' dir='ltr'><strong>certa</strong></span> <span class='ocrx_word' id='word_1_317' title='bbox 1909 2930 2029 2985; x_wconf 88' lang='lat' dir='ltr'><strong>sint</strong></span> 
     </span>
    </p>
   </div>
   <div class='ocr_carea' id='block_1_45' title="bbox 378 3012 2026 3084">
    <p class='ocr_par' dir='ltr' id='par_1_45' title="bbox 378 3012 2026 3084">
     <span class='ocr_line' id='line_1_45' title="bbox 378 3012 2026 3084; baseline 0.004 -16"><span class='ocrx_word' id='word_1_318' title='bbox 378 3028 447 3068; x_wconf 82' lang='lat' dir='ltr'><strong>ex</strong></span> <span class='ocrx_word' id='word_1_319' title='bbox 479 3013 769 3069; x_wconf 89' lang='lat' dir='ltr'><strong>nisloricis</strong></span> <span class='ocrx_word' id='word_1_320' title='bbox 800 3012 1034 3084; x_wconf 83' lang='lat' dir='ltr'><strong>Gracia,</strong></span> <span class='ocrx_word' id='word_1_321' title='bbox 1076 3015 1248 3069; x_wconf 89' lang='lat' dir='ltr'><strong>etiam</strong></span> <span class='ocrx_word' id='word_1_322' title='bbox 1282 3016 1617 3072; x_wconf 66' lang='lat' dir='ltr'><strong>tesnimonio</strong></span> <span class='ocrx_word' id='word_1_323' title='bbox 1648 3034 1753 3073; x_wconf 90' lang='lat' dir='ltr'><strong>suo</strong></span> <span class='ocrx_word' id='word_1_324' title='bbox 1781 3019 2026 3074; x_wconf 87' lang='lat' dir='ltr'><strong>Ambro-</strong></span> 
     </span>
    </p>
   </div>
   <div class='ocr_carea' id='block_1_46' title="bbox 382 3101 1703 3173">
    <p class='ocr_par' dir='ltr' id='par_1_46' title="bbox 382 3101 1703 3173">
     <span class='ocr_line' id='line_1_46' title="bbox 382 3101 1703 3173; baseline 0.004 -16"><span class='ocrx_word' id='word_1_325' title='bbox 382 3101 507 3157; x_wconf 88' lang='lat' dir='ltr'><strong>sius</strong></span> <span class='ocrx_word' id='word_1_326' title='bbox 540 3102 599 3157; x_wconf 92' lang='lat' dir='ltr'><strong>in</strong></span> <span class='ocrx_word' id='word_1_327' title='bbox 631 3101 780 3157; x_wconf 90' lang='lat' dir='ltr'><strong>libro</strong></span> <span class='ocrx_word' id='word_1_328' title='bbox 812 3107 889 3158; x_wconf 85' lang='lat' dir='ltr'><strong>De</strong></span> <span class='ocrx_word' id='word_1_329' title='bbox 919 3102 1132 3173; x_wconf 81' lang='lat' dir='ltr'><strong>Spiritu</strong></span> <span class='ocrx_word' id='word_1_330' title='bbox 1159 3114 1348 3159; x_wconf 81' lang='lat' dir='ltr'><strong>saneto</strong></span> <span class='ocrx_word' id='word_1_331' title='bbox 1378 3107 1703 3162; x_wconf 81' lang='lat' dir='ltr'><strong>confirmat.</strong></span> 
     </span>
    </p>
   </div>
   <div class='ocr_carea' id='block_1_47' title="bbox 380 3217 2025 3294">
    <p class='ocr_par' dir='ltr' id='par_1_47' title="bbox 380 3217 2025 3294">
     <span class='ocr_line' id='line_1_47' title="bbox 380 3217 2025 3294; baseline 0.003 -22"><span class='ocrx_word' id='word_1_332' title='bbox 380 3217 485 3273; x_wconf 86' lang='lat' dir='ltr'><strong>CL.</strong></span> <span class='ocrx_word' id='word_1_333' title='bbox 520 3217 856 3288; x_wconf 83' lang='lat' dir='ltr'><strong>Gregoriana</strong></span> <span class='ocrx_word' id='word_1_334' title='bbox 907 3229 1055 3289; x_wconf 70' lang='lat' dir='ltr'><strong>gesta</strong></span> <span class='ocrx_word' id='word_1_335' title='bbox 1099 3221 1160 3274; x_wconf 80' lang='lat' dir='ltr'><strong>in</strong></span> <span class='ocrx_word' id='word_1_336' title='bbox 1216 3222 1355 3276; x_wconf 86' lang='lat' dir='ltr'><strong>urbe</strong></span> <span class='ocrx_word' id='word_1_337' title='bbox 1405 3221 2025 3294; x_wconf 72' lang='lat' dir='ltr'><strong>ConstantinOpolitann.</strong></span> 
     </span>
    </p>
   </div>
   <div class='ocr_carea' id='block_1_48' title="bbox 452 3316 2027 3389">
    <p class='ocr_par' dir='ltr' id='par_1_48' title="bbox 452 3316 2027 3389">
     <span class='ocr_line' id='line_1_48' title="bbox 452 3316 2027 3389; baseline 0.003 -20"><span class='ocrx_word' id='word_1_338' title='bbox 452 3317 586 3379; x_wconf 85' lang='lat' dir='ltr'><strong>Qua</strong></span> <span class='ocrx_word' id='word_1_339' title='bbox 616 3316 891 3387; x_wconf 83' lang='lat' dir='ltr'><strong>Gregorio</strong></span> <span class='ocrx_word' id='word_1_340' title='bbox 922 3317 980 3370; x_wconf 93' lang='lat' dir='ltr'><strong>in</strong></span> <span class='ocrx_word' id='word_1_341' title='bbox 1013 3318 1156 3372; x_wconf 89' lang='lat' dir='ltr'><strong>urbe</strong></span> <span class='ocrx_word' id='word_1_342' title='bbox 1185 3319 1343 3389; x_wconf 90' lang='lat' dir='ltr'><strong>regia</strong></span> <span class='ocrx_word' id='word_1_343' title='bbox 1380 3318 1607 3374; x_wconf 86' lang='lat' dir='ltr'><strong>vivendi</strong></span> <span class='ocrx_word' id='word_1_344' title='bbox 1660 3322 1804 3374; x_wconf 85' lang='lat' dir='ltr'><strong>ratio</strong></span> <span class='ocrx_word' id='word_1_345' title='bbox 1834 3320 2027 3385; x_wconf 84' lang='lat' dir='ltr'><strong>fuerit,</strong></span> 
     </span>
    </p>
   </div>
   <div class='ocr_carea' id='block_1_49' title="bbox 383 3404 2029 3479">
    <p class='ocr_par' dir='ltr' id='par_1_49' title="bbox 383 3404 2029 3479">
     <span class='ocr_line' id='line_1_49' title="bbox 383 3404 2029 3479; baseline 0.005 -22"><span class='ocrx_word' id='word_1_346' title='bbox 383 3418 511 3475; x_wconf 85' lang='lat' dir='ltr'><strong>qua</strong></span> <span class='ocrx_word' id='word_1_347' title='bbox 566 3404 627 3458; x_wconf 85' lang='lat' dir='ltr'><strong>in</strong></span> <span class='ocrx_word' id='word_1_348' title='bbox 654 3416 788 3459; x_wconf 85' lang='lat' dir='ltr'><strong>eum</strong></span> <span class='ocrx_word' id='word_1_349' title='bbox 844 3410 1055 3476; x_wconf 87' lang='lat' dir='ltr'><strong>parata</strong></span> <span class='ocrx_word' id='word_1_350' title='bbox 1101 3406 1350 3473; x_wconf 85' lang='lat' dir='ltr'><strong>insidia,</strong></span> <span class='ocrx_word' id='word_1_351' title='bbox 1384 3424 1511 3479; x_wconf 86' lang='lat' dir='ltr'><strong>qua</strong></span> <span class='ocrx_word' id='word_1_352' title='bbox 1566 3409 2029 3465; x_wconf 81' lang='lat' dir='ltr'><strong>adversariorum</strong></span> 
     </span>
    </p>
   </div>
   <div class='ocr_carea' id='block_1_50' title="bbox 382 3495 2034 3567">
    <p class='ocr_par' dir='ltr' id='par_1_50' title="bbox 382 3495 2034 3567">
     <span class='ocr_line' id='line_1_50' title="bbox 382 3495 2034 3567; baseline 0.003 -18"><span class='ocrx_word' id='word_1_353' title='bbox 382 3495 511 3563; x_wconf 86' lang='lat' dir='ltr'><strong>ejus</strong></span> <span class='ocrx_word' id='word_1_354' title='bbox 543 3495 613 3548; x_wconf 90' lang='lat' dir='ltr'><strong>de</strong></span> <span class='ocrx_word' id='word_1_355' title='bbox 642 3504 708 3549; x_wconf 85' lang='lat' dir='ltr'><strong>eo</strong></span> <span class='ocrx_word' id='word_1_356' title='bbox 740 3496 1137 3566; x_wconf 88' lang='lat' dir='ltr'><strong>querimonia,</strong></span> <span class='ocrx_word' id='word_1_357' title='bbox 1163 3512 1288 3566; x_wconf 88' lang='lat' dir='ltr'><strong>qua</strong></span> <span class='ocrx_word' id='word_1_358' title='bbox 1319 3497 1557 3551; x_wconf 84' lang='lat' dir='ltr'><strong>domum</strong></span> <span class='ocrx_word' id='word_1_359' title='bbox 1588 3499 1719 3567; x_wconf 83' lang='lat' dir='ltr'><strong>ejus</strong></span> <span class='ocrx_word' id='word_1_360' title='bbox 1749 3498 2034 3554; x_wconf 85' lang='lat' dir='ltr'><strong>defensio-</strong></span> 
     </span>
    </p>
   </div>
   <div class='ocr_carea' id='block_1_51' title="bbox 384 3582 2035 3654">
    <p class='ocr_par' dir='ltr' id='par_1_51' title="bbox 384 3582 2035 3654">
     <span class='ocr_line' id='line_1_51' title="bbox 384 3582 2035 3654; baseline 0.003 -17"><span class='ocrx_word' id='word_1_361' title='bbox 384 3598 510 3652; x_wconf 87' lang='lat' dir='ltr'><strong>nes,</strong></span> <span class='ocrx_word' id='word_1_362' title='bbox 542 3582 855 3653; x_wconf 81' lang='lat' dir='ltr'><strong>Gregorius</strong></span> <span class='ocrx_word' id='word_1_363' title='bbox 878 3584 1001 3654; x_wconf 88' lang='lat' dir='ltr'><strong>ipse</strong></span> <span class='ocrx_word' id='word_1_364' title='bbox 1032 3592 1156 3638; x_wconf 88' lang='lat' dir='ltr'><strong>tum</strong></span> <span class='ocrx_word' id='word_1_365' title='bbox 1179 3584 1237 3639; x_wconf 90' lang='lat' dir='ltr'><strong>in</strong></span> <span class='ocrx_word' id='word_1_366' title='bbox 1271 3586 1651 3654; x_wconf 88' lang='lat' dir='ltr'><strong>carminibus,</strong></span> <span class='ocrx_word' id='word_1_367' title='bbox 1672 3592 1797 3641; x_wconf 91' lang='lat' dir='ltr'><strong>tum</strong></span> <span class='ocrx_word' id='word_1_368' title='bbox 1831 3587 1891 3641; x_wconf 92' lang='lat' dir='ltr'><strong>in</strong></span> <span class='ocrx_word' id='word_1_369' title='bbox 1908 3598 2035 3643; x_wconf 87' lang='lat' dir='ltr'><strong>ora-</strong></span> 
     </span>
    </p>
   </div>
   <div class='ocr_carea' id='block_1_52' title="bbox 383 3670 1484 3745">
    <p class='ocr_par' dir='ltr' id='par_1_52' title="bbox 383 3670 1484 3745">
     <span class='ocr_line' id='line_1_52' title="bbox 383 3670 1484 3745; baseline 0.002 -18"><span class='ocrx_word' id='word_1_370' title='bbox 383 3670 645 3727; x_wconf 89' lang='lat' dir='ltr'><strong>tionibus</strong></span> <span class='ocrx_word' id='word_1_371' title='bbox 675 3682 947 3727; x_wconf 85' lang='lat' dir='ltr'><strong>enarrare</strong></span> <span class='ocrx_word' id='word_1_372' title='bbox 986 3673 1325 3745; x_wconf 88' lang='lat' dir='ltr'><strong>compulsus</strong></span> <span class='ocrx_word' id='word_1_373' title='bbox 1357 3680 1484 3729; x_wconf 91' lang='lat' dir='ltr'><strong>est:</strong></span> 
     </span>
    </p>
   </div>
   <div class='ocr_carea' id='block_1_53' title="bbox 386 3762 2037 3839">
    <p class='ocr_par' dir='ltr' id='par_1_53' title="bbox 386 3762 2037 3839">
     <span class='ocr_line' id='line_1_53' title="bbox 386 3762 2037 3839; baseline 0.005 -22"><span class='ocrx_word' id='word_1_374' title='bbox 386 3762 542 3818; x_wconf 82' lang='lat' dir='ltr'><strong>Haud</strong></span> <span class='ocrx_word' id='word_1_375' title='bbox 560 3764 690 3829; x_wconf 74' lang='lat' dir='ltr'><strong>scio,</strong></span> <span class='ocrx_word' id='word_1_376' title='bbox 718 3764 931 3834; x_wconf 88' lang='lat' dir='ltr'><strong>inquit,</strong></span> <span class='ocrx_word' id='word_1_377' title='bbox 962 3766 1159 3835; x_wconf 69' lang='lat' dir='ltr'><strong>quibus</strong></span> <span class='ocrx_word' id='word_1_378' title='bbox 1206 3766 1384 3820; x_wconf 72' lang='lat' dir='ltr'><strong>verbis</strong></span> <span class='ocrx_word' id='word_1_379' title='bbox 1413 3779 1669 3821; x_wconf 78' lang='lat' dir='ltr'><strong>enarrem</strong></span> <span class='ocrx_word' id='word_1_380' title='bbox 1706 3782 1830 3839; x_wconf 70' lang='lat' dir='ltr'><strong>qua</strong></span> <span class='ocrx_word' id='word_1_381' title='bbox 1856 3778 2037 3825; x_wconf 76' lang='lat' dir='ltr'><strong>secuta</strong></span> 
     </span>
    </p>
   </div>
   <div class='ocr_carea' id='block_1_54' title="bbox 1778 3846 1929 3897">
    <p class='ocr_par' dir='ltr' id='par_1_54' title="bbox 1778 3846 1929 3897">
     <span class='ocr_line' id='line_1_54' title="bbox 1778 3846 1929 3897; baseline 0.026 -4"><span class='ocrx_word' id='word_1_382' title='bbox 1778 3846 1906 3893; x_wconf 73' lang='lat' dir='ltr'><strong>sunt</strong></span> <span class='ocrx_word' id='word_1_383' title='bbox 1916 3883 1929 3897; x_wconf 95' lang='lat'><strong>.</strong></span> 
     </span>
    </p>
   </div>
   <div class='ocr_carea' id='block_1_55' title="bbox 390 3840 2038 3979">
    <p class='ocr_par' dir='ltr' id='par_1_55' title="bbox 390 3840 2038 3979">
     <span class='ocr_line' id='line_1_55' title="bbox 1778 3846 1929 3897; baseline 0.026 -4"><span class='ocrx_word' id='word_1_384' title='bbox 1778 3846 1929 3897; x_wconf 74' lang='lat' dir='ltr'><strong>sunt.</strong></span> 
     </span>
     <span class='ocr_line' id='line_1_56' title="bbox 390 3840 2038 3979; baseline 0.005 -20"><span class='ocrx_word' id='word_1_385' title='bbox 390 3904 524 3960; x_wconf 85' lang='lat' dir='ltr'><strong>Cum</strong></span> <span class='ocrx_word' id='word_1_386' title='bbox 548 3907 825 3975; x_wconf 76' lang='lat' dir='ltr'><strong>ingentem</strong></span> <span class='ocrx_word' id='word_1_387' title='bbox 857 3924 1046 3963; x_wconf 86' lang='lat' dir='ltr'><strong>rerum</strong></span> <span class='ocrx_word' id='word_1_388' title='bbox 1101 3923 1166 3962; x_wconf 88' lang='lat' dir='ltr'><strong>ac</strong></span> <span class='ocrx_word' id='word_1_389' title='bbox 1223 3911 1569 3979; x_wconf 76' lang='lat' dir='ltr'><strong>negotiorum</strong></span> <span class='ocrx_word' id='word_1_390' title='bbox 1624 3840 1824 3965; x_wconf 45' lang='lat' dir='ltr'><strong>malim</strong></span> <span class='ocrx_word' id='word_1_391' title='bbox 1850 3928 2038 3968; x_wconf 79' lang='lat' dir='ltr'><strong>secum</strong></span> 
     </span>
    </p>
   </div>
   <div class='ocr_carea' id='block_1_56' title="bbox 389 3980 1930 4124">
    <p class='ocr_par' dir='ltr' id='par_1_56' title="bbox 389 3980 1930 4124">
     <span class='ocr_line' id='line_1_57' title="bbox 389 3980 1930 4124; baseline -0.032 25"><span class='ocrx_word' id='word_1_392' title='bbox 389 4048 576 4103; x_wconf 58' lang='lat' dir='ltr'><strong>meum</strong></span> <span class='ocrx_word' id='word_1_393' title='bbox 594 4048 779 4104; x_wconf 59' lang='lat' dir='ltr'><strong><em>tamen</em></strong></span> <span class='ocrx_word' id='word_1_394' title='bbox 799 4065 963 4120; x_wconf 71' lang='lat' dir='ltr'><strong>quam</strong></span> <span class='ocrx_word' id='word_1_395' title='bbox 990 4055 1177 4121; x_wconf 70' lang='grc' dir='ltr'><strong>Ροίϐνο</strong></span> <span class='ocrx_word' id='word_1_396' title='bbox 1207 3980 1930 4124; x_wconf 43' lang='lat' dir='ltr'><strong>moderatissimyggmmm</strong></span> 
     </span>
    </p>
   </div>
   <div class='ocr_carea' id='block_1_57' title="bbox 390 4132 2042 4213">
    <p class='ocr_par' dir='ltr' id='par_1_57' title="bbox 390 4132 2042 4213">
     <span class='ocr_line' id='line_1_58' title="bbox 390 4132 2042 4213; baseline 0.005 -25"><span class='ocrx_word' id='word_1_397' title='bbox 390 4132 583 4189; x_wconf 90' lang='lat' dir='ltr'><strong>Primo</strong></span> <span class='ocrx_word' id='word_1_398' title='bbox 614 4136 765 4207; x_wconf 90' lang='lat' dir='ltr'><strong>apud</strong></span> <span class='ocrx_word' id='word_1_399' title='bbox 802 4154 864 4192; x_wconf 90' lang='lat' dir='ltr'><strong>se</strong></span> <span class='ocrx_word' id='word_1_400' title='bbox 896 4139 1106 4192; x_wconf 89' lang='lat' dir='ltr'><strong>statuit</strong></span> <span class='ocrx_word' id='word_1_401' title='bbox 1136 4141 1206 4210; x_wconf 78' lang='grc' dir='ltr'><strong>(ε)</strong></span> <span class='ocrx_word' id='word_1_402' title='bbox 1244 4157 1354 4195; x_wconf 92' lang='lat' dir='ltr'><strong>non</strong></span> <span class='ocrx_word' id='word_1_403' title='bbox 1414 4157 1513 4195; x_wconf 89' lang='lat' dir='ltr'><strong>eos</strong></span> <span class='ocrx_word' id='word_1_404' title='bbox 1556 4141 1795 4204; x_wconf 89' lang='lat' dir='ltr'><strong>imitari,</strong></span> <span class='ocrx_word' id='word_1_405' title='bbox 1820 4143 1919 4213; x_wconf 90' lang='lat' dir='ltr'><strong>qui</strong></span> <span class='ocrx_word' id='word_1_406' title='bbox 1953 4158 2042 4197; x_wconf 89' lang='lat' dir='ltr'><strong>re-</strong></span> 
     </span>
    </p>
   </div>
   <div class='ocr_carea' id='block_1_58' title="bbox 389 4227 2042 4299">
    <p class='ocr_par' dir='ltr' id='par_1_58' title="bbox 389 4227 2042 4299">
     <span class='ocr_line' id='line_1_59' title="bbox 389 4227 2042 4299; baseline 0.005 -22"><span class='ocrx_word' id='word_1_407' title='bbox 389 4241 529 4295; x_wconf 88' lang='lat' dir='ltr'><strong>gum</strong></span> <span class='ocrx_word' id='word_1_408' title='bbox 552 4230 608 4279; x_wconf 90' lang='lat' dir='ltr'><strong>et</strong></span> <span class='ocrx_word' id='word_1_409' title='bbox 631 4233 967 4296; x_wconf 89' lang='lat' dir='ltr'><strong>magnatum</strong></span> <span class='ocrx_word' id='word_1_410' title='bbox 986 4227 1188 4297; x_wconf 88' lang='lat' dir='ltr'><strong>januis</strong></span> <span class='ocrx_word' id='word_1_411' title='bbox 1205 4230 1544 4283; x_wconf 87' lang='lat' dir='ltr'><strong>assidebant</strong></span> <span class='ocrx_word' id='word_1_412' title='bbox 1567 4249 1581 4297; x_wconf 69' lang='grc' dir='ltr'>ς</span> <span class='ocrx_word' id='word_1_413' title='bbox 1606 4236 1662 4284; x_wconf 91' lang='lat' dir='ltr'><strong>et</strong></span> <span class='ocrx_word' id='word_1_414' title='bbox 1695 4232 2042 4299; x_wconf 85' lang='lat' dir='ltr'><strong>accusando,</strong></span> 
     </span>
    </p>
   </div>
   <div class='ocr_carea' id='block_1_59' title="bbox 391 4310 2048 4391">
    <p class='ocr_par' dir='ltr' id='par_1_59' title="bbox 391 4310 2048 4391">
     <span class='ocr_line' id='line_1_60' title="bbox 391 4310 2048 4391; baseline 0.006 -26"><span class='ocrx_word' id='word_1_415' title='bbox 391 4310 475 4365; x_wconf 91' lang='lat' dir='ltr'><strong>vel</strong></span> <span class='ocrx_word' id='word_1_416' title='bbox 510 4312 743 4381; x_wconf 85' lang='lat' dir='ltr'><strong>pietatis</strong></span> <span class='ocrx_word' id='word_1_417' title='bbox 802 4319 1088 4383; x_wconf 89' lang='lat' dir='ltr'><strong>quastum</strong></span> <span class='ocrx_word' id='word_1_418' title='bbox 1121 4316 1432 4370; x_wconf 89' lang='lat' dir='ltr'><strong>ambiendo</strong></span> <span class='ocrx_word' id='word_1_419' title='bbox 1493 4318 1761 4374; x_wconf 89' lang='lat' dir='ltr'><strong>indecore</strong></span> <span class='ocrx_word' id='word_1_420' title='bbox 1800 4337 1862 4374; x_wconf 89' lang='lat' dir='ltr'><strong>se</strong></span> <span class='ocrx_word' id='word_1_421' title='bbox 1891 4336 2048 4391; x_wconf 75' lang='lat' dir='ltr'><strong>gere—</strong></span> 
     </span>
    </p>
   </div>
   <div class='ocr_carea' id='block_1_60' title="bbox 391 4399 2051 4496">
    <p class='ocr_par' dir='ltr' id='par_1_60' title="bbox 391 4399 2051 4496">
     <span class='ocr_line' id='line_1_61' title="bbox 391 4399 2051 4496; baseline 0.007 -43"><span class='ocrx_word' id='word_1_422' title='bbox 391 4399 533 4453; x_wconf 87' lang='lat' dir='ltr'><strong>bant</strong></span> <span class='ocrx_word' id='word_1_423' title='bbox 555 4416 570 4465; x_wconf 85' lang='lat'><strong>;</strong></span> <span class='ocrx_word' id='word_1_424' title='bbox 594 4400 923 4496; x_wconf 72' lang='lat' dir='ltr'><strong>desiderari</strong></span> <span class='ocrx_word' id='word_1_425' title='bbox 958 4402 1150 4496; x_wconf 77' lang='lat' dir='ltr'><strong>potius</strong></span> <span class='ocrx_word' id='word_1_426' title='bbox 1182 4405 1525 4496; x_wconf 70' lang='lat' dir='ltr'><strong>quampdio</strong></span> <span class='ocrx_word' id='word_1_427' title='bbox 1569 4405 1767 4461; x_wconf 88' lang='lat' dir='ltr'><strong>haberi</strong></span> <span class='ocrx_word' id='word_1_428' title='bbox 1800 4408 2051 4496; x_wconf 53' lang='lat' dir='ltr'><strong>maluit;</strong></span> 
     </span>
    </p>
   </div>
   <div class='ocr_carea' id='block_1_61' title="bbox 393 4488 2050 4559">
    <p class='ocr_par' dir='ltr' id='par_1_61' title="bbox 393 4488 2050 4559">
     <span class='ocr_line' id='line_1_62' title="bbox 393 4488 2050 4559; baseline 0.006 -16"><span class='ocrx_word' id='word_1_429' title='bbox 393 4504 461 4543; x_wconf 87' lang='lat' dir='ltr'><strong>ex</strong></span> <span class='ocrx_word' id='word_1_430' title='bbox 492 4488 730 4543; x_wconf 89' lang='lat' dir='ltr'><strong>raritate</strong></span> <span class='ocrx_word' id='word_1_431' title='bbox 789 4490 1218 4546; x_wconf 83' lang='lat' dir='ltr'><strong>venerationem</strong></span> <span class='ocrx_word' id='word_1_432' title='bbox 1276 4492 1386 4547; x_wconf 89' lang='lat' dir='ltr'><strong>sibi</strong></span> <span class='ocrx_word' id='word_1_433' title='bbox 1440 4501 1733 4551; x_wconf 89' lang='lat' dir='ltr'><strong>mercatus</strong></span> <span class='ocrx_word' id='word_1_434' title='bbox 1755 4502 1861 4551; x_wconf 92' lang='lat' dir='ltr'><strong>est.</strong></span> <span class='ocrx_word' id='word_1_435' title='bbox 1896 4488 2050 4559; x_wconf 77' lang='lat' dir='ltr'><strong>Quos</strong></span> 
     </span>
    </p>
   </div>
   <div class='ocr_carea' id='block_1_62' title="bbox 395 4575 2047 4655">
    <p class='ocr_par' dir='ltr' id='par_1_62' title="bbox 395 4575 2047 4655">
     <span class='ocr_line' id='line_1_63' title="bbox 395 4575 2047 4655; baseline 0.008 -26"><span class='ocrx_word' id='word_1_436' title='bbox 395 4576 597 4631; x_wconf 83' lang='lat' dir='ltr'><strong>anxios</strong></span> <span class='ocrx_word' id='word_1_437' title='bbox 627 4576 773 4631; x_wconf 89' lang='lat' dir='ltr'><strong>vidit</strong></span> <span class='ocrx_word' id='word_1_438' title='bbox 800 4579 872 4633; x_wconf 92' lang='lat' dir='ltr'><strong>ob</strong></span> <span class='ocrx_word' id='word_1_439' title='bbox 930 4580 1087 4634; x_wconf 87' lang='lat' dir='ltr'><strong>eain</strong></span> <span class='ocrx_word' id='word_1_440' title='bbox 1146 4596 1207 4635; x_wconf 91' lang='lat' dir='ltr'><strong>se</strong></span> <span class='ocrx_word' id='word_1_441' title='bbox 1252 4582 1591 4651; x_wconf 90' lang='lat' dir='ltr'><strong>commissa,</strong></span> <span class='ocrx_word' id='word_1_442' title='bbox 1625 4601 1874 4655; x_wconf 91' lang='lat' dir='ltr'><strong>quorum</strong></span> <span class='ocrx_word' id='word_1_443' title='bbox 1930 4575 2047 4642; x_wconf 88' lang='lat' dir='ltr'><strong>sibi</strong></span> 
     </span>
    </p>
   </div>
   <div class='ocr_carea' id='block_1_63' title="bbox 391 4665 2037 4743">
    <p class='ocr_par' dir='ltr' id='par_1_63' title="bbox 391 4665 2037 4743">
     <span class='ocr_line' id='line_1_64' title="bbox 391 4665 2037 4743; baseline 0.008 -24"><span class='ocrx_word' id='word_1_444' title='bbox 391 4665 609 4720; x_wconf 87' lang='lat' dir='ltr'><strong>conscii</strong></span> <span class='ocrx_word' id='word_1_445' title='bbox 658 4671 844 4732; x_wconf 89' lang='lat' dir='ltr'><strong>erant,</strong></span> <span class='ocrx_word' id='word_1_446' title='bbox 893 4667 1037 4723; x_wconf 89' lang='lat' dir='ltr'><strong>alios</strong></span> <span class='ocrx_word' id='word_1_447' title='bbox 1094 4669 1477 4725; x_wconf 81' lang='lat' dir='ltr'><strong>beneﬁcentia</strong></span> <span class='ocrx_word' id='word_1_448' title='bbox 1534 4681 1876 4743; x_wconf 89' lang='lat' dir='ltr'><strong>prosecutus</strong></span> <span class='ocrx_word' id='word_1_449' title='bbox 1929 4682 2037 4741; x_wconf 89' lang='lat' dir='ltr'><strong>est,</strong></span> 
     </span>
    </p>
   </div>
   <div class='ocr_carea' id='block_1_64' title="bbox 392 4753 2040 4825">
    <p class='ocr_par' dir='ltr' id='par_1_64' title="bbox 392 4753 2040 4825">
     <span class='ocr_line' id='line_1_65' title="bbox 392 4753 2040 4825; baseline 0.007 -18"><span class='ocrx_word' id='word_1_450' title='bbox 392 4753 538 4808; x_wconf 88' lang='lat' dir='ltr'><strong>alios</strong></span> <span class='ocrx_word' id='word_1_451' title='bbox 571 4755 833 4825; x_wconf 88' lang='lat' dir='ltr'><strong>pecuniis</strong></span> <span class='ocrx_word' id='word_1_452' title='bbox 852 4756 1032 4825; x_wconf 87' lang='lat' dir='ltr'><strong>juvit;</strong></span> <span class='ocrx_word' id='word_1_453' title='bbox 1058 4774 1260 4813; x_wconf 89' lang='lat' dir='ltr'><strong>omnes</strong></span> <span class='ocrx_word' id='word_1_454' title='bbox 1285 4765 1438 4813; x_wconf 90' lang='lat' dir='ltr'><strong>metu</strong></span> <span class='ocrx_word' id='word_1_455' title='bbox 1461 4759 1726 4815; x_wconf 89' lang='lat' dir='ltr'><strong>liberavit</strong></span> <span class='ocrx_word' id='word_1_456' title='bbox 1752 4762 2040 4819; x_wconf 90' lang='lat' dir='ltr'><strong>Sicarium</strong></span> 
     </span>
    </p>
   </div>
   <div class='ocr_carea' id='block_1_65' title="bbox 395 4842 2041 4917">
    <p class='ocr_par' dir='ltr' id='par_1_65' title="bbox 395 4842 2041 4917">
     <span class='ocr_line' id='line_1_66' title="bbox 395 4842 2041 4917; baseline 0.007 -21"><span class='ocrx_word' id='word_1_457' title='bbox 395 4844 452 4896; x_wconf 91' lang='lat' dir='ltr'><strong>in</strong></span> <span class='ocrx_word' id='word_1_458' title='bbox 488 4842 819 4897; x_wconf 90' lang='lat' dir='ltr'><strong>cubiculum</strong></span> <span class='ocrx_word' id='word_1_459' title='bbox 845 4845 973 4914; x_wconf 83' lang='lat' dir='ltr'><strong>ejus</strong></span> <span class='ocrx_word' id='word_1_460' title='bbox 996 4844 1348 4917; x_wconf 90' lang='lat' dir='ltr'><strong>ingressum,</strong></span> <span class='ocrx_word' id='word_1_461' title='bbox 1372 4854 1429 4902; x_wconf 89' lang='lat' dir='ltr'><strong>et</strong></span> <span class='ocrx_word' id='word_1_462' title='bbox 1449 4848 1677 4903; x_wconf 88' lang='lat' dir='ltr'><strong>consilii</strong></span> <span class='ocrx_word' id='word_1_463' title='bbox 1712 4850 1802 4903; x_wconf 85' lang='lat' dir='ltr'><strong>sui</strong></span> <span class='ocrx_word' id='word_1_464' title='bbox 1835 4852 2041 4906; x_wconf 87' lang='lat' dir='ltr'><strong>atroci-</strong></span> 
     </span>
    </p>
   </div>
   <div class='ocr_carea' id='block_1_66' title="bbox 392 4934 2041 5011">
    <p class='ocr_par' dir='ltr' id='par_1_66' title="bbox 392 4934 2041 5011">
     <span class='ocr_line' id='line_1_67' title="bbox 392 4934 2041 5011; baseline 0.007 -27"><span class='ocrx_word' id='word_1_465' title='bbox 392 4934 510 4985; x_wconf 80' lang='lat' dir='ltr'><strong>tate</strong></span> <span class='ocrx_word' id='word_1_466' title='bbox 542 4937 897 5002; x_wconf 89' lang='lat' dir='ltr'><strong>permotum,</strong></span> <span class='ocrx_word' id='word_1_467' title='bbox 932 4934 987 4986; x_wconf 90' lang='lat' dir='ltr'><strong>in</strong></span> <span class='ocrx_word' id='word_1_468' title='bbox 1010 4950 1201 5005; x_wconf 89' lang='lat' dir='ltr'><strong>genua</strong></span> <span class='ocrx_word' id='word_1_469' title='bbox 1226 4936 1596 5005; x_wconf 88' lang='lat' dir='ltr'><strong>provolutum</strong></span> <span class='ocrx_word' id='word_1_470' title='bbox 1622 4941 1680 4991; x_wconf 91' lang='lat' dir='ltr'><strong>et</strong></span> <span class='ocrx_word' id='word_1_471' title='bbox 1716 4937 2041 5011; x_wconf 80' lang='lat' dir='ltr'><strong>lacrymau-</strong></span> 
     </span>
    </p>
   </div>
   <div class='ocr_carea' id='block_1_67' title="bbox 391 5019 1805 5084">
    <p class='ocr_par' dir='ltr' id='par_1_67' title="bbox 391 5019 1805 5084">
     <span class='ocr_line' id='line_1_68' title="bbox 391 5019 1805 5084; baseline 0.006 -11"><span class='ocrx_word' id='word_1_472' title='bbox 391 5022 532 5084; x_wconf 89' lang='lat' dir='ltr'><strong>tem,</strong></span> <span class='ocrx_word' id='word_1_473' title='bbox 561 5019 651 5074; x_wconf 90' lang='lat' dir='ltr'><strong>his</strong></span> <span class='ocrx_word' id='word_1_474' title='bbox 681 5021 872 5075; x_wconf 89' lang='lat' dir='ltr'><strong>verbis</strong></span> <span class='ocrx_word' id='word_1_475' title='bbox 902 5038 1097 5076; x_wconf 87' lang='lat' dir='ltr'><strong>coram</strong></span> <span class='ocrx_word' id='word_1_476' title='bbox 1130 5026 1406 5080; x_wconf 91' lang='lat' dir='ltr'><strong>omnibus</strong></span> <span class='ocrx_word' id='word_1_477' title='bbox 1438 5026 1646 5080; x_wconf 78' lang='lat' dir='ltr'><strong>affatus</strong></span> <span class='ocrx_word' id='word_1_478' title='bbox 1679 5033 1805 5082; x_wconf 88' lang='lat' dir='ltr'><strong>est:</strong></span> 
     </span>
    </p>
   </div>
   <div class='ocr_carea' id='block_1_68' title="bbox 390 5108 1757 5183">
    <p class='ocr_par' dir='ltr' id='par_1_68' title="bbox 390 5108 1757 5183">
     <span class='ocr_line' id='line_1_69' title="bbox 390 5108 1757 5183; baseline 0.007 -23"><span class='ocrx_word' id='word_1_479' title='bbox 390 5108 582 5183; x_wconf 67' lang='lat' dir='ltr'><strong>§ervet</strong></span> <span class='ocrx_word' id='word_1_480' title='bbox 611 5118 671 5183; x_wconf 78' lang='lat' dir='ltr'><strong>te</strong></span> <span class='ocrx_word' id='word_1_481' title='bbox 693 5110 833 5183; x_wconf 76' lang='lat' dir='ltr'><strong>Deus</strong></span> <span class='ocrx_word' id='word_1_482' title='bbox 854 5126 874 5171; x_wconf 86' lang='lat'><strong><em>;</em></strong></span> <span class='ocrx_word' id='word_1_483' title='bbox 908 5127 992 5165; x_wconf 90' lang='lat' dir='ltr'><strong>me</strong></span> <span class='ocrx_word' id='word_1_484' title='bbox 1019 5116 1202 5167; x_wconf 76' lang='lat' dir='ltr'><strong>autem</strong></span> <span class='ocrx_word' id='word_1_485' title='bbox 1223 5115 1319 5183; x_wconf 86' lang='lat' dir='ltr'><strong>qui</strong></span> <span class='ocrx_word' id='word_1_486' title='bbox 1337 5124 1586 5169; x_wconf 75' lang='lat' dir='ltr'><strong>servatus</strong></span> <span class='ocrx_word' id='word_1_487' title='bbox 1614 5131 1757 5183; x_wconf 78' lang='lat' dir='ltr'><strong>sum,</strong></span> 
     </span>
    </p>
   </div>
   <div class='ocr_carea' id='block_1_69' title="bbox 392 5180 1811 5253">
    <p class='ocr_par' dir='ltr' id='par_1_69' title="bbox 392 5180 1811 5253">
     <span class='ocr_line' id='line_1_70' title="bbox 392 5180 1811 5253; baseline 0.007 -20"><span class='ocrx_word' id='word_1_488' title='bbox 392 5180 591 5233; x_wconf 84' lang='lat' dir='ltr'><strong>Lenem</strong></span> <span class='ocrx_word' id='word_1_489' title='bbox 620 5180 807 5253; x_wconf 77' lang='lat' dir='ltr'><strong>videri</strong></span> <span class='ocrx_word' id='word_1_490' title='bbox 838 5184 898 5235; x_wconf 88' lang='lat' dir='ltr'><strong>in</strong></span> <span class='ocrx_word' id='word_1_491' title='bbox 928 5184 1193 5238; x_wconf 78' lang='lat' dir='ltr'><strong>sicarium</strong></span> <span class='ocrx_word' id='word_1_492' title='bbox 1224 5180 1333 5240; x_wconf 67' lang='lat' dir='ltr'><strong>non</strong></span> <span class='ocrx_word' id='word_1_493' title='bbox 1363 5203 1566 5253; x_wconf 84' lang='lat' dir='ltr'><strong>magna</strong></span> <span class='ocrx_word' id='word_1_494' title='bbox 1594 5202 1681 5241; x_wconf 85' lang='lat' dir='ltr'><strong>res</strong></span> <span class='ocrx_word' id='word_1_495' title='bbox 1708 5180 1811 5243; x_wconf 70' lang='lat' dir='ltr'><strong>est.</strong></span> 
     </span>
    </p>
   </div>
   <div class='ocr_carea' id='block_1_70' title="bbox 395 5250 1265 5321">
    <p class='ocr_par' dir='ltr' id='par_1_70' title="bbox 395 5250 1265 5321">
     <span class='ocr_line' id='line_1_71' title="bbox 395 5250 1265 5321; baseline 0.005 -16"><span class='ocrx_word' id='word_1_496' title='bbox 395 5254 581 5305; x_wconf 84' lang='lat' dir='ltr'><strong>Meum</strong></span> <span class='ocrx_word' id='word_1_497' title='bbox 612 5260 661 5305; x_wconf 83' lang='lat' dir='ltr'><strong>te</strong></span> <span class='ocrx_word' id='word_1_498' title='bbox 688 5250 820 5321; x_wconf 80' lang='lat' dir='ltr'><strong>fecit</strong></span> <span class='ocrx_word' id='word_1_499' title='bbox 849 5256 1111 5308; x_wconf 83' lang='lat' dir='ltr'><strong>audacia:</strong></span> <span class='ocrx_word' id='word_1_500' title='bbox 1149 5254 1265 5309; x_wconf 80' lang='lat' dir='ltr'><strong>vide</strong></span> 
     </span>
    </p>
   </div>
   <div class='ocr_carea' id='block_1_71' title="bbox 394 5321 1584 5397">
    <p class='ocr_par' dir='ltr' id='par_1_71' title="bbox 394 5321 1584 5397">
     <span class='ocr_line' id='line_1_72' title="bbox 394 5321 1584 5397; baseline 0.006 -23"><span class='ocrx_word' id='word_1_501' title='bbox 394 5321 667 5391; x_wconf 83' lang='lat' dir='ltr'><strong>Quomodo</strong></span> <span class='ocrx_word' id='word_1_502' title='bbox 696 5331 746 5377; x_wconf 78' lang='lat' dir='ltr'><strong>et</strong></span> <span class='ocrx_word' id='word_1_503' title='bbox 774 5338 881 5389; x_wconf 80' lang='lat' dir='ltr'><strong>me,</strong></span> <span class='ocrx_word' id='word_1_504' title='bbox 912 5333 963 5380; x_wconf 79' lang='lat' dir='ltr'><strong>et</strong></span> <span class='ocrx_word' id='word_1_505' title='bbox 993 5326 1095 5381; x_wconf 89' lang='lat' dir='ltr'><strong>Deo</strong></span> <span class='ocrx_word' id='word_1_506' title='bbox 1124 5326 1322 5396; x_wconf 79' lang='lat' dir='ltr'><strong>dignus</strong></span> <span class='ocrx_word' id='word_1_507' title='bbox 1353 5325 1451 5395; x_wconf 71' lang='lat' dir='ltr'><strong>ﬁas</strong></span> <span class='ocrx_word' id='word_1_508' title='bbox 1483 5325 1584 5397; x_wconf 79' lang='grc' dir='ltr'><strong>(ἀ).</strong></span> 
     </span>
    </p>
   </div>
   <div class='ocr_carea' id='block_1_72' title="bbox 468 5428 1053 5501">
    <p class='ocr_par' dir='ltr' id='par_1_72' title="bbox 468 5428 1053 5501">
     <span class='ocr_line' id='line_1_73' title="bbox 468 5428 1053 5501; baseline 0.003 -18"><span class='ocrx_word' id='word_1_509' title='bbox 468 5428 544 5499; x_wconf 91' lang='lat' dir='ltr'><strong>(a)</strong></span> <span class='ocrx_word' id='word_1_510' title='bbox 574 5433 761 5484; x_wconf 89' lang='lat' dir='ltr'><strong>Carm.</strong></span> <span class='ocrx_word' id='word_1_511' title='bbox 788 5431 859 5484; x_wconf 88' lang='lat' dir='ltr'><strong>De</strong></span> <span class='ocrx_word' id='word_1_512' title='bbox 886 5433 1053 5501; x_wconf 78' lang='lat' dir='ltr'><strong>episc.</strong></span> 
     </span>
    </p>
   </div>
   <div class='ocr_carea' id='block_1_73' title="bbox 472 5501 1506 5580">
    <p class='ocr_par' dir='ltr' id='par_1_73' title="bbox 472 5501 1506 5580">
     <span class='ocr_line' id='line_1_74' title="bbox 472 5501 1506 5580; baseline 0.008 -27"><span class='ocrx_word' id='word_1_513' title='bbox 472 5501 547 5580; x_wconf 56' lang='lat' dir='ltr'><strong>to)</strong></span> <span class='ocrx_word' id='word_1_514' title='bbox 576 5502 769 5580; x_wconf 64' lang='lat' dir='ltr'><strong>Carm.</strong></span> <span class='ocrx_word' id='word_1_515' title='bbox 811 5502 884 5555; x_wconf 89' lang='lat' dir='ltr'><strong>De</strong></span> <span class='ocrx_word' id='word_1_516' title='bbox 907 5504 1024 5570; x_wconf 85' lang='lat' dir='ltr'><strong>vit.,</strong></span> <span class='ocrx_word' id='word_1_517' title='bbox 1052 5520 1104 5558; x_wconf 90' lang='lat' dir='ltr'><strong>v.</strong></span> <span class='ocrx_word' id='word_1_518' title='bbox 1132 5504 1269 5558; x_wconf 80' lang='grc'><strong>1400</strong></span> <span class='ocrx_word' id='word_1_519' title='bbox 1300 5506 1355 5558; x_wconf 88' lang='lat' dir='ltr'><strong>ct</strong></span> <span class='ocrx_word' id='word_1_520' title='bbox 1385 5520 1506 5575; x_wconf 87' lang='lat' dir='ltr'><strong>seq.</strong></span> 
     </span>
    </p>
   </div>
   <div class='ocr_carea' id='block_1_74' title="bbox 470 5571 1018 5711">
    <p class='ocr_par' dir='ltr' id='par_1_74' title="bbox 470 5571 1018 5711">
     <span class='ocr_line' id='line_1_75' title="bbox 470 5571 721 5640; baseline 0 -16"><span class='ocrx_word' id='word_1_521' title='bbox 470 5572 542 5640; x_wconf 84' lang='grc' dir='ltr'><strong>(ο)</strong></span> <span class='ocrx_word' id='word_1_522' title='bbox 576 5571 721 5624; x_wconf 83' lang='lat' dir='ltr'><strong>Ibid.</strong></span> 
     </span>
     <span class='ocr_line' id='line_1_76' title="bbox 471 5638 1018 5711; baseline 0.007 -18"><span class='ocrx_word' id='word_1_523' title='bbox 471 5641 552 5711; x_wconf 79' lang='grc' dir='ltr'><strong>(ά)</strong></span> <span class='ocrx_word' id='word_1_524' title='bbox 582 5642 824 5707; x_wconf 80' lang='lat' dir='ltr'><strong>lbid.,v.</strong></span> <span class='ocrx_word' id='word_1_525' title='bbox 861 5638 1018 5697; x_wconf 83' lang='grc'>1466.</span> 
     </span>
    </p>
   </div>
   <div class='ocr_carea' id='block_1_75' title="bbox 493 5711 718 5781">
    <p class='ocr_par' dir='ltr' id='par_1_75' title="bbox 493 5711 718 5781">
     <span class='ocr_line' id='line_1_77' title="bbox 493 5711 718 5781; baseline 0.009 -16"><span class='ocrx_word' id='word_1_526' title='bbox 493 5716 547 5781; x_wconf 85' lang='lat' dir='ltr'><strong>e)</strong></span> <span class='ocrx_word' id='word_1_527' title='bbox 573 5711 718 5767; x_wconf 85' lang='lat' dir='ltr'><strong>Ibid.</strong></span> 
     </span>
    </p>
   </div>
   <div class='ocr_carea' id='block_1_76' title="bbox 2129 1944 3794 2025">
    <p class='ocr_par' dir='ltr' id='par_1_76' title="bbox 2129 1944 3794 2025">
     <span class='ocr_line' id='line_1_78' title="bbox 2129 1944 3794 2025; baseline -0.004 -16"><span class='ocrx_word' id='word_1_528' title='bbox 2129 1958 2218 2009; x_wconf 88' lang='lat' dir='ltr'><strong>est</strong></span> <span class='ocrx_word' id='word_1_529' title='bbox 2244 1954 2395 2025; x_wconf 88' lang='lat' dir='ltr'><strong>quod</strong></span> <span class='ocrx_word' id='word_1_530' title='bbox 2428 1969 2531 2008; x_wconf 88' lang='lat' dir='ltr'><strong>nec</strong></span> <span class='ocrx_word' id='word_1_531' title='bbox 2563 1968 2767 2006; x_wconf 89' lang='lat' dir='ltr'><strong>mensa</strong></span> <span class='ocrx_word' id='word_1_532' title='bbox 2820 1944 2977 2005; x_wconf 90' lang='lat' dir='ltr'><strong>lauta</strong></span> <span class='ocrx_word' id='word_1_533' title='bbox 3007 1956 3064 2005; x_wconf 90' lang='lat' dir='ltr'><strong>et</strong></span> <span class='ocrx_word' id='word_1_534' title='bbox 3120 1951 3378 2022; x_wconf 89' lang='lat' dir='ltr'><strong>opipara,</strong></span> <span class='ocrx_word' id='word_1_535' title='bbox 3406 1964 3511 2004; x_wconf 91' lang='lat' dir='ltr'><strong>nec</strong></span> <span class='ocrx_word' id='word_1_536' title='bbox 3569 1948 3794 2021; x_wconf 90' lang='lat' dir='ltr'><strong>magni-</strong></span> 
     </span>
    </p>
   </div>
   <div class='ocr_carea' id='block_1_77' title="bbox 2132 2036 3787 2111">
    <p class='ocr_par' dir='ltr' id='par_1_77' title="bbox 2132 2036 3787 2111">
     <span class='ocr_line' id='line_1_79' title="bbox 2132 2036 3787 2111; baseline -0.002 -15"><span class='ocrx_word' id='word_1_537' title='bbox 2132 2042 2240 2097; x_wconf 82' lang='lat' dir='ltr'><strong>ﬁca</strong></span> <span class='ocrx_word' id='word_1_538' title='bbox 2268 2044 2424 2097; x_wconf 83' lang='lat' dir='ltr'><strong>veste</strong></span> <span class='ocrx_word' id='word_1_539' title='bbox 2456 2045 2736 2107; x_wconf 88' lang='lat' dir='ltr'><strong>uteretur,</strong></span> <span class='ocrx_word' id='word_1_540' title='bbox 2771 2057 2876 2096; x_wconf 91' lang='lat' dir='ltr'><strong>nec</strong></span> <span class='ocrx_word' id='word_1_541' title='bbox 2898 2039 3206 2111; x_wconf 89' lang='lat' dir='ltr'><strong>splendide</strong></span> <span class='ocrx_word' id='word_1_542' title='bbox 3232 2036 3287 2093; x_wconf 90' lang='lat' dir='ltr'><strong>in</strong></span> <span class='ocrx_word' id='word_1_543' title='bbox 3323 2037 3623 2109; x_wconf 89' lang='lat' dir='ltr'><strong>publicum</strong></span> <span class='ocrx_word' id='word_1_544' title='bbox 3661 2055 3787 2110; x_wconf 87' lang='lat' dir='ltr'><strong>pro-</strong></span> 
     </span>
    </p>
   </div>
   <div class='ocr_carea' id='block_1_78' title="bbox 2130 2129 3786 2201">
    <p class='ocr_par' dir='ltr' id='par_1_78' title="bbox 2130 2129 3786 2201">
     <span class='ocr_line' id='line_1_80' title="bbox 2130 2129 3786 2201; baseline -0.002 -16"><span class='ocrx_word' id='word_1_545' title='bbox 2130 2131 2298 2197; x_wconf 92' lang='lat' dir='ltr'><strong>diret,</strong></span> <span class='ocrx_word' id='word_1_546' title='bbox 2344 2147 2447 2186; x_wconf 91' lang='lat' dir='ltr'><strong>nec</strong></span> <span class='ocrx_word' id='word_1_547' title='bbox 2478 2146 2576 2186; x_wconf 91' lang='lat' dir='ltr'><strong>eos</strong></span> <span class='ocrx_word' id='word_1_548' title='bbox 2631 2130 2727 2201; x_wconf 91' lang='lat' dir='ltr'><strong>qui</strong></span> <span class='ocrx_word' id='word_1_549' title='bbox 2761 2146 2896 2185; x_wconf 92' lang='lat' dir='ltr'><strong>eum</strong></span> <span class='ocrx_word' id='word_1_550' title='bbox 2954 2130 3193 2185; x_wconf 83' lang='lat' dir='ltr'><strong>adibant</strong></span> <span class='ocrx_word' id='word_1_551' title='bbox 3246 2129 3497 2200; x_wconf 87' lang='lat' dir='ltr'><strong>graviter</strong></span> <span class='ocrx_word' id='word_1_552' title='bbox 3534 2133 3594 2183; x_wconf 88' lang='lat' dir='ltr'><strong>et</strong></span> <span class='ocrx_word' id='word_1_553' title='bbox 3649 2143 3786 2182; x_wconf 91' lang='lat' dir='ltr'><strong>cum</strong></span> 
     </span>
    </p>
   </div>
   <div class='ocr_carea' id='block_1_79' title="bbox 2132 2216 3786 2291">
    <p class='ocr_par' dir='ltr' id='par_1_79' title="bbox 2132 2216 3786 2291">
     <span class='ocr_line' id='line_1_81' title="bbox 2132 2216 3786 2291; baseline -0.002 -18"><span class='ocrx_word' id='word_1_554' title='bbox 2132 2221 2283 2275; x_wconf 88' lang='lat' dir='ltr'><strong>fastu</strong></span> <span class='ocrx_word' id='word_1_555' title='bbox 2333 2220 2637 2291; x_wconf 78' lang='lat' dir='ltr'><strong>exciperet.</strong></span> <span class='ocrx_word' id='word_1_556' title='bbox 2698 2223 2881 2286; x_wconf 76' lang='lat' dir='ltr'><strong>Quam</strong></span> <span class='ocrx_word' id='word_1_557' title='bbox 2939 2218 3178 2290; x_wconf 88' lang='lat' dir='ltr'><strong>quidem</strong></span> <span class='ocrx_word' id='word_1_558' title='bbox 3240 2216 3673 2274; x_wconf 86' lang='lat' dir='ltr'><strong>accusationem</strong></span> <span class='ocrx_word' id='word_1_559' title='bbox 3726 2216 3786 2270; x_wconf 91' lang='lat' dir='ltr'><strong>in</strong></span> 
     </span>
    </p>
   </div>
   <div class='ocr_carea' id='block_1_80' title="bbox 2134 2304 3793 2365">
    <p class='ocr_par' dir='ltr' id='par_1_80' title="bbox 2134 2304 3793 2365">
     <span class='ocr_line' id='line_1_82' title="bbox 2134 2304 3793 2365; baseline -0.004 0"><span class='ocrx_word' id='word_1_560' title='bbox 2134 2308 2393 2365; x_wconf 87' lang='lat' dir='ltr'><strong>oratione</strong></span> <span class='ocrx_word' id='word_1_561' title='bbox 2424 2308 2796 2363; x_wconf 82' lang='lat' dir='ltr'><strong>valedictoria</strong></span> <span class='ocrx_word' id='word_1_562' title='bbox 2841 2325 3035 2362; x_wconf 87' lang='lat' dir='ltr'><strong>coram</strong></span> <span class='ocrx_word' id='word_1_563' title='bbox 3070 2305 3383 2362; x_wconf 88' lang='lat' dir='ltr'><strong>universali</strong></span> <span class='ocrx_word' id='word_1_564' title='bbox 3432 2305 3676 2362; x_wconf 90' lang='lat' dir='ltr'><strong>concilio</strong></span> <span class='ocrx_word' id='word_1_565' title='bbox 3707 2304 3793 2360; x_wconf 87' lang='lat' dir='ltr'><strong>ita</strong></span> 
     </span>
    </p>
   </div>
   <div class='ocr_carea' id='block_1_81' title="bbox 2133 2394 3793 2470">
    <p class='ocr_par' dir='ltr' id='par_1_81' title="bbox 2133 2394 3793 2470">
     <span class='ocr_line' id='line_1_83' title="bbox 2133 2394 3793 2470; baseline -0.004 -17"><span class='ocrx_word' id='word_1_566' title='bbox 2133 2399 2303 2453; x_wconf 91' lang='lat' dir='ltr'><strong>diluit</strong></span> <span class='ocrx_word' id='word_1_567' title='bbox 2333 2396 2434 2470; x_wconf 83' lang='lat' dir='ltr'><strong>(f):</strong></span> <span class='ocrx_word' id='word_1_568' title='bbox 2498 2421 2524 2447; x_wconf 86' lang='grc'><strong>‹‹</strong></span> <span class='ocrx_word' id='word_1_569' title='bbox 2559 2396 2902 2452; x_wconf 88' lang='lat' dir='ltr'><strong>Nesciebam</strong></span> <span class='ocrx_word' id='word_1_570' title='bbox 2963 2394 3185 2451; x_wconf 87' lang='lat' dir='ltr'><strong>scilicet</strong></span> <span class='ocrx_word' id='word_1_571' title='bbox 3217 2397 3383 2451; x_wconf 90' lang='lat' dir='ltr'><strong>nobis</strong></span> <span class='ocrx_word' id='word_1_572' title='bbox 3416 2412 3550 2449; x_wconf 92' lang='lat' dir='ltr'><strong>cum</strong></span> <span class='ocrx_word' id='word_1_573' title='bbox 3585 2411 3793 2450; x_wconf 90' lang='lat' dir='ltr'><strong>consu-</strong></span> 
     </span>
    </p>
   </div>
   <div class='ocr_carea' id='block_1_82' title="bbox 2133 2476 3790 2559">
    <p class='ocr_par' dir='ltr' id='par_1_82' title="bbox 2133 2476 3790 2559">
     <span class='ocr_line' id='line_1_84' title="bbox 2133 2476 3790 2559; baseline -0.002 -18"><span class='ocrx_word' id='word_1_574' title='bbox 2133 2486 2311 2557; x_wconf 87' lang='lat' dir='ltr'><strong>libus,</strong></span> <span class='ocrx_word' id='word_1_575' title='bbox 2343 2492 2399 2541; x_wconf 92' lang='lat' dir='ltr'><strong>et</strong></span> <span class='ocrx_word' id='word_1_576' title='bbox 2456 2484 2763 2559; x_wconf 85' lang='lat' dir='ltr'><strong>prafectis,</strong></span> <span class='ocrx_word' id='word_1_577' title='bbox 2796 2485 3265 2556; x_wconf 88' lang='lat' dir='ltr'><strong>clarissimisque</strong></span> <span class='ocrx_word' id='word_1_578' title='bbox 3321 2476 3457 2539; x_wconf 87' lang='lat' dir='ltr'><strong>belli</strong></span> <span class='ocrx_word' id='word_1_579' title='bbox 3517 2483 3790 2550; x_wconf 89' lang='lat' dir='ltr'><strong>ducibus,</strong></span> 
     </span>
    </p>
   </div>
   <div class='ocr_carea' id='block_1_83' title="bbox 2134 2573 3795 2648">
    <p class='ocr_par' dir='ltr' id='par_1_83' title="bbox 2134 2573 3795 2648">
     <span class='ocr_line' id='line_1_85' title="bbox 2134 2573 3795 2648; baseline -0.001 -19"><span class='ocrx_word' id='word_1_580' title='bbox 2134 2576 2233 2648; x_wconf 92' lang='lat' dir='ltr'><strong>qui</strong></span> <span class='ocrx_word' id='word_1_581' title='bbox 2264 2574 2349 2629; x_wconf 83' lang='lat' dir='ltr'><strong>tot</strong></span> <span class='ocrx_word' id='word_1_582' title='bbox 2378 2575 2587 2647; x_wconf 93' lang='lat' dir='ltr'><strong>opibus</strong></span> <span class='ocrx_word' id='word_1_583' title='bbox 2617 2574 2918 2647; x_wconf 87' lang='lat' dir='ltr'><strong>copiisque</strong></span> <span class='ocrx_word' id='word_1_584' title='bbox 2958 2573 3398 2639; x_wconf 86' lang='lat' dir='ltr'><strong>circumfluunt,</strong></span> <span class='ocrx_word' id='word_1_585' title='bbox 3421 2579 3504 2637; x_wconf 90' lang='lat' dir='ltr'><strong>ut,</strong></span> <span class='ocrx_word' id='word_1_586' title='bbox 3534 2590 3651 2645; x_wconf 89' lang='lat' dir='ltr'><strong>quo</strong></span> <span class='ocrx_word' id='word_1_587' title='bbox 3683 2590 3795 2628; x_wconf 88' lang='lat' dir='ltr'><strong>sua</strong></span> 
     </span>
    </p>
   </div>
   <div class='ocr_carea' id='block_1_84' title="bbox 2135 2660 3793 2737">
    <p class='ocr_par' dir='ltr' id='par_1_84' title="bbox 2135 2660 3793 2737">
     <span class='ocr_line' id='line_1_86' title="bbox 2135 2660 3793 2737; baseline 0 -19"><span class='ocrx_word' id='word_1_588' title='bbox 2135 2662 2462 2737; x_wconf 89' lang='lat' dir='ltr'><strong>projiciant,</strong></span> <span class='ocrx_word' id='word_1_589' title='bbox 2497 2679 2611 2718; x_wconf 91' lang='lat' dir='ltr'><strong>non</strong></span> <span class='ocrx_word' id='word_1_590' title='bbox 2644 2663 2917 2730; x_wconf 83' lang='lat' dir='ltr'><strong>habeant,</strong></span> <span class='ocrx_word' id='word_1_591' title='bbox 2950 2660 3375 2719; x_wconf 87' lang='lat' dir='ltr'><strong>amulationem</strong></span> <span class='ocrx_word' id='word_1_592' title='bbox 3406 2668 3461 2717; x_wconf 89' lang='lat' dir='ltr'><strong>et</strong></span> <span class='ocrx_word' id='word_1_593' title='bbox 3497 2669 3793 2718; x_wconf 72' lang='lat' dir='ltr'><strong>certamen</strong></span> 
     </span>
    </p>
   </div>
   <div class='ocr_carea' id='block_1_85' title="bbox 2134 2750 3793 2824">
    <p class='ocr_par' dir='ltr' id='par_1_85' title="bbox 2134 2750 3793 2824">
     <span class='ocr_line' id='line_1_87' title="bbox 2134 2750 3793 2824; baseline -0.001 -15"><span class='ocrx_word' id='word_1_594' title='bbox 2134 2770 2299 2819; x_wconf 90' lang='lat' dir='ltr'><strong>esse;</strong></span> <span class='ocrx_word' id='word_1_595' title='bbox 2367 2750 2632 2824; x_wconf 88' lang='lat' dir='ltr'><strong>illudque</strong></span> <span class='ocrx_word' id='word_1_596' title='bbox 2686 2759 2972 2824; x_wconf 90' lang='lat' dir='ltr'><strong>oportere,</strong></span> <span class='ocrx_word' id='word_1_597' title='bbox 3008 2758 3071 2808; x_wconf 91' lang='lat' dir='ltr'><strong>ut</strong></span> <span class='ocrx_word' id='word_1_598' title='bbox 3117 2758 3175 2808; x_wconf 90' lang='lat' dir='ltr'><strong>et</strong></span> <span class='ocrx_word' id='word_1_599' title='bbox 3226 2751 3414 2818; x_wconf 90' lang='lat' dir='ltr'><strong>nobis,</strong></span> <span class='ocrx_word' id='word_1_600' title='bbox 3465 2768 3793 2824; x_wconf 88' lang='lat' dir='ltr'><strong>pauperum</strong></span> 
     </span>
    </p>
   </div>
   <div class='ocr_carea' id='block_1_86' title="bbox 2137 2840 3792 2906">
    <p class='ocr_par' dir='ltr' id='par_1_86' title="bbox 2137 2840 3792 2906">
     <span class='ocr_line' id='line_1_88' title="bbox 2137 2840 3792 2906; baseline -0.001 -7"><span class='ocrx_word' id='word_1_601' title='bbox 2137 2842 2305 2899; x_wconf 92' lang='lat' dir='ltr'><strong>bonis</strong></span> <span class='ocrx_word' id='word_1_602' title='bbox 2335 2840 2406 2897; x_wconf 91' lang='lat' dir='ltr'><strong>ad</strong></span> <span class='ocrx_word' id='word_1_603' title='bbox 2442 2840 2642 2896; x_wconf 88' lang='lat' dir='ltr'><strong>luxum</strong></span> <span class='ocrx_word' id='word_1_604' title='bbox 2674 2848 2733 2896; x_wconf 91' lang='lat' dir='ltr'><strong>et</strong></span> <span class='ocrx_word' id='word_1_605' title='bbox 2754 2841 2994 2897; x_wconf 87' lang='lat' dir='ltr'><strong>delicias</strong></span> <span class='ocrx_word' id='word_1_606' title='bbox 3026 2843 3650 2906; x_wconf 86' lang='lat' dir='ltr'><strong>abutentibus,venter</strong></span> <span class='ocrx_word' id='word_1_607' title='bbox 3682 2859 3792 2897; x_wconf 91' lang='lat' dir='ltr'><strong>un-</strong></span> 
     </span>
    </p>
   </div>
   <div class='ocr_carea' id='block_1_87' title="bbox 2137 2930 3795 3003">
    <p class='ocr_par' dir='ltr' id='par_1_87' title="bbox 2137 2930 3795 3003">
     <span class='ocr_line' id='line_1_89' title="bbox 2137 2930 3795 3003; baseline 0 -17"><span class='ocrx_word' id='word_1_608' title='bbox 2137 2933 2315 3003; x_wconf 91' lang='lat' dir='ltr'><strong>dique</strong></span> <span class='ocrx_word' id='word_1_609' title='bbox 2341 2932 2856 3003; x_wconf 88' lang='lat' dir='ltr'><strong>comprimatur,et</strong></span> <span class='ocrx_word' id='word_1_610' title='bbox 2884 2931 3215 2986; x_wconf 90' lang='lat' dir='ltr'><strong>necessaria</strong></span> <span class='ocrx_word' id='word_1_611' title='bbox 3247 2931 3305 2986; x_wconf 91' lang='lat' dir='ltr'><strong>in</strong></span> <span class='ocrx_word' id='word_1_612' title='bbox 3340 2947 3431 2985; x_wconf 90' lang='lat' dir='ltr'><strong>res</strong></span> <span class='ocrx_word' id='word_1_613' title='bbox 3462 2930 3795 3001; x_wconf 82' lang='lat' dir='ltr'><strong>superfluas</strong></span> 
     </span>
    </p>
   </div>
   <div class='ocr_carea' id='block_1_88' title="bbox 2137 3019 3795 3093">
    <p class='ocr_par' dir='ltr' id='par_1_88' title="bbox 2137 3019 3795 3093">
     <span class='ocr_line' id='line_1_90' title="bbox 2137 3019 3795 3093; baseline -0.002 -16"><span class='ocrx_word' id='word_1_614' title='bbox 2137 3022 2717 3093; x_wconf 76' lang='lat' dir='ltr'><strong>eil‘undantur,atque</strong></span> <span class='ocrx_word' id='word_1_615' title='bbox 2739 3019 2947 3076; x_wconf 87' lang='lat' dir='ltr'><strong>altaria</strong></span> <span class='ocrx_word' id='word_1_616' title='bbox 2977 3021 3105 3092; x_wconf 89' lang='lat' dir='ltr'><strong>ipsa</strong></span> <span class='ocrx_word' id='word_1_617' title='bbox 3128 3021 3393 3076; x_wconf 90' lang='lat' dir='ltr'><strong>ructibus</strong></span> <span class='ocrx_word' id='word_1_618' title='bbox 3420 3021 3637 3075; x_wconf 87' lang='lat' dir='ltr'><strong>nostris</strong></span> <span class='ocrx_word' id='word_1_619' title='bbox 3658 3034 3795 3075; x_wconf 89' lang='lat' dir='ltr'><strong>con-</strong></span> 
     </span>
    </p>
   </div>
   <div class='ocr_carea' id='block_1_89' title="bbox 2137 3109 3793 3182">
    <p class='ocr_par' dir='ltr' id='par_1_89' title="bbox 2137 3109 3793 3182">
     <span class='ocr_line' id='line_1_91' title="bbox 2137 3109 3793 3182; baseline -0.002 -16"><span class='ocrx_word' id='word_1_620' title='bbox 2137 3112 2518 3166; x_wconf 88' lang='lat' dir='ltr'><strong>taminentur.</strong></span> <span class='ocrx_word' id='word_1_621' title='bbox 2558 3110 2897 3165; x_wconf 88' lang='lat' dir='ltr'><strong>Nesciebam</strong></span> <span class='ocrx_word' id='word_1_622' title='bbox 2934 3126 3039 3166; x_wconf 92' lang='lat' dir='ltr'><strong>nos</strong></span> <span class='ocrx_word' id='word_1_623' title='bbox 3078 3111 3247 3181; x_wconf 90' lang='lat' dir='ltr'><strong>equis</strong></span> <span class='ocrx_word' id='word_1_624' title='bbox 3278 3110 3612 3182; x_wconf 89' lang='lat' dir='ltr'><strong>insignibus</strong></span> <span class='ocrx_word' id='word_1_625' title='bbox 3633 3114 3689 3163; x_wconf 89' lang='lat' dir='ltr'><strong>et</strong></span> <span class='ocrx_word' id='word_1_626' title='bbox 3709 3109 3793 3164; x_wconf 89' lang='lat' dir='ltr'><strong>ia-</strong></span> 
     </span>
    </p>
   </div>
   <div class='ocr_carea' id='block_1_90' title="bbox 2141 3196 3794 3271">
    <p class='ocr_par' dir='ltr' id='par_1_90' title="bbox 2141 3196 3794 3271">
     <span class='ocr_line' id='line_1_92' title="bbox 2141 3196 3794 3271; baseline -0.002 -16"><span class='ocrx_word' id='word_1_627' title='bbox 2141 3202 2313 3255; x_wconf 84' lang='lat' dir='ltr'><strong>scivis</strong></span> <span class='ocrx_word' id='word_1_628' title='bbox 2345 3200 2503 3264; x_wconf 86' lang='lat' dir='ltr'><strong>ferri,</strong></span> <span class='ocrx_word' id='word_1_629' title='bbox 2537 3199 2813 3271; x_wconf 87' lang='lat' dir='ltr'><strong>sellisque</strong></span> <span class='ocrx_word' id='word_1_630' title='bbox 2845 3203 2901 3253; x_wconf 87' lang='lat' dir='ltr'><strong>et</strong></span> <span class='ocrx_word' id='word_1_631' title='bbox 2931 3198 3201 3254; x_wconf 90' lang='lat' dir='ltr'><strong>curribus</strong></span> <span class='ocrx_word' id='word_1_632' title='bbox 3239 3198 3552 3270; x_wconf 85' lang='lat' dir='ltr'><strong>magnifice</strong></span> <span class='ocrx_word' id='word_1_633' title='bbox 3584 3196 3794 3261; x_wconf 87' lang='lat' dir='ltr'><strong>attolli,</strong></span> 
     </span>
    </p>
   </div>
   <div class='ocr_carea' id='block_1_91' title="bbox 2122 3285 3801 3358">
    <p class='ocr_par' dir='ltr' id='par_1_91' title="bbox 2122 3285 3801 3358">
     <span class='ocr_line' id='line_1_93' title="bbox 2122 3285 3801 3358; baseline -0.003 -13"><span class='ocrx_word' id='word_1_634' title='bbox 2122 3306 2207 3346; x_wconf 82' lang='lat' dir='ltr'><strong>ac</strong></span> <span class='ocrx_word' id='word_1_635' title='bbox 2239 3300 2373 3343; x_wconf 91' lang='lat' dir='ltr'><strong>cum</strong></span> <span class='ocrx_word' id='word_1_636' title='bbox 2408 3287 2558 3343; x_wconf 86' lang='lat' dir='ltr'><strong>fastu</strong></span> <span class='ocrx_word' id='word_1_637' title='bbox 2610 3292 2665 3343; x_wconf 91' lang='lat' dir='ltr'><strong>et</strong></span> <span class='ocrx_word' id='word_1_638' title='bbox 2723 3304 2937 3358; x_wconf 91' lang='lat' dir='ltr'><strong>pompa</strong></span> <span class='ocrx_word' id='word_1_639' title='bbox 2986 3287 3217 3354; x_wconf 90' lang='lat' dir='ltr'><strong>deduci,</strong></span> <span class='ocrx_word' id='word_1_640' title='bbox 3262 3288 3534 3357; x_wconf 91' lang='lat' dir='ltr'><strong>velutque</strong></span> <span class='ocrx_word' id='word_1_641' title='bbox 3584 3285 3801 3341; x_wconf 86' lang='lat' dir='ltr'><strong>blanda</strong></span> 
     </span>
    </p>
   </div>
   <div class='ocr_carea' id='block_1_92' title="bbox 2142 3376 3799 3447">
    <p class='ocr_par' dir='ltr' id='par_1_92' title="bbox 2142 3376 3799 3447">
     <span class='ocr_line' id='line_1_94' title="bbox 2142 3376 3799 3447; baseline -0.003 -14"><span class='ocrx_word' id='word_1_642' title='bbox 2142 3396 2320 3433; x_wconf 89' lang='lat' dir='ltr'><strong>manu</strong></span> <span class='ocrx_word' id='word_1_643' title='bbox 2352 3376 2669 3433; x_wconf 88' lang='lat' dir='ltr'><strong>demulceri</strong></span> <span class='ocrx_word' id='word_1_644' title='bbox 2710 3381 2998 3447; x_wconf 89' lang='lat' dir='ltr'><strong>oportere,</strong></span> <span class='ocrx_word' id='word_1_645' title='bbox 3030 3381 3205 3447; x_wconf 87' lang='lat' dir='ltr'><strong>atque</strong></span> <span class='ocrx_word' id='word_1_646' title='bbox 3228 3393 3430 3432; x_wconf 91' lang='lat' dir='ltr'><strong>omnes</strong></span> <span class='ocrx_word' id='word_1_647' title='bbox 3462 3376 3799 3447; x_wconf 81' lang='lat' dir='ltr'><strong>nobis,per-</strong></span> 
     </span>
    </p>
   </div>
   <div class='ocr_carea' id='block_1_93' title="bbox 2141 3463 3799 3536">
    <p class='ocr_par' dir='ltr' id='par_1_93' title="bbox 2141 3463 3799 3536">
     <span class='ocr_line' id='line_1_95' title="bbox 2141 3463 3799 3536; baseline -0.002 -15"><span class='ocrx_word' id='word_1_648' title='bbox 2141 3467 2277 3521; x_wconf 91' lang='lat' dir='ltr'><strong>inde</strong></span> <span class='ocrx_word' id='word_1_649' title='bbox 2305 3482 2372 3521; x_wconf 88' lang='lat' dir='ltr'><strong>ac</strong></span> <span class='ocrx_word' id='word_1_650' title='bbox 2402 3466 2635 3525; x_wconf 79' lang='lat' dir='ltr'><strong>belluis,</strong></span> <span class='ocrx_word' id='word_1_651' title='bbox 2660 3465 2729 3519; x_wconf 94' lang='lat' dir='ltr'><strong>de</strong></span> <span class='ocrx_word' id='word_1_652' title='bbox 2752 3465 2842 3519; x_wconf 90' lang='lat' dir='ltr'><strong>via</strong></span> <span class='ocrx_word' id='word_1_653' title='bbox 2871 3465 3170 3535; x_wconf 86' lang='lat' dir='ltr'><strong>decedere,</strong></span> <span class='ocrx_word' id='word_1_654' title='bbox 3196 3470 3253 3520; x_wconf 92' lang='lat' dir='ltr'><strong>et</strong></span> <span class='ocrx_word' id='word_1_655' title='bbox 3282 3464 3340 3520; x_wconf 91' lang='lat' dir='ltr'><strong>in</strong></span> <span class='ocrx_word' id='word_1_656' title='bbox 3366 3472 3676 3536; x_wconf 87' lang='lat' dir='ltr'><strong>utramque</strong></span> <span class='ocrx_word' id='word_1_657' title='bbox 3697 3463 3799 3518; x_wconf 88' lang='lat' dir='ltr'><strong>via</strong></span> 
     </span>
    </p>
   </div>
   <div class='ocr_carea' id='block_1_94' title="bbox 2143 3552 3801 3628">
    <p class='ocr_par' dir='ltr' id='par_1_94' title="bbox 2143 3552 3801 3628">
     <span class='ocr_line' id='line_1_96' title="bbox 2143 3552 3801 3628; baseline -0.002 -18"><span class='ocrx_word' id='word_1_658' title='bbox 2143 3561 2365 3628; x_wconf 90' lang='lat' dir='ltr'><strong>partem</strong></span> <span class='ocrx_word' id='word_1_659' title='bbox 2400 3554 2585 3610; x_wconf 91' lang='lat' dir='ltr'><strong>scindi</strong></span> <span class='ocrx_word' id='word_1_660' title='bbox 2615 3558 2672 3609; x_wconf 91' lang='lat' dir='ltr'><strong>et</strong></span> <span class='ocrx_word' id='word_1_661' title='bbox 2694 3552 2959 3621; x_wconf 86' lang='lat' dir='ltr'><strong>distrahi,</strong></span> <span class='ocrx_word' id='word_1_662' title='bbox 2993 3558 3095 3609; x_wconf 89' lang='lat' dir='ltr'><strong>aut</strong></span> <span class='ocrx_word' id='word_1_663' title='bbox 3124 3554 3299 3610; x_wconf 90' lang='lat' dir='ltr'><strong>etiam</strong></span> <span class='ocrx_word' id='word_1_664' title='bbox 3323 3559 3546 3609; x_wconf 88' lang='lat' dir='ltr'><strong>tantam</strong></span> <span class='ocrx_word' id='word_1_665' title='bbox 3574 3570 3801 3624; x_wconf 86' lang='lat' dir='ltr'><strong>praun-</strong></span> 
     </span>
    </p>
   </div>
   <div class='ocr_carea' id='block_1_95' title="bbox 2144 3641 3801 3714">
    <p class='ocr_par' dir='ltr' id='par_1_95' title="bbox 2144 3641 3801 3714">
     <span class='ocr_line' id='line_1_97' title="bbox 2144 3641 3801 3714; baseline -0.002 -15"><span class='ocrx_word' id='word_1_666' title='bbox 2144 3646 2294 3699; x_wconf 87' lang='lat' dir='ltr'><strong>tium</strong></span> <span class='ocrx_word' id='word_1_667' title='bbox 2327 3645 2559 3699; x_wconf 88' lang='lat' dir='ltr'><strong>turbam</strong></span> <span class='ocrx_word' id='word_1_668' title='bbox 2593 3659 2741 3711; x_wconf 87' lang='lat' dir='ltr'><strong>esse,</strong></span> <span class='ocrx_word' id='word_1_669' title='bbox 2779 3648 2845 3697; x_wconf 91' lang='lat' dir='ltr'><strong>ut</strong></span> <span class='ocrx_word' id='word_1_670' title='bbox 2877 3641 3077 3714; x_wconf 88' lang='lat' dir='ltr'><strong>procul</strong></span> <span class='ocrx_word' id='word_1_671' title='bbox 3116 3646 3378 3698; x_wconf 88' lang='lat' dir='ltr'><strong>incessus</strong></span> <span class='ocrx_word' id='word_1_672' title='bbox 3435 3648 3632 3697; x_wconf 89' lang='lat' dir='ltr'><strong>noster</strong></span> <span class='ocrx_word' id='word_1_673' title='bbox 3662 3659 3801 3697; x_wconf 91' lang='lat' dir='ltr'><strong>con-</strong></span> 
     </span>
    </p>
   </div>
   <div class='ocr_carea' id='block_1_96' title="bbox 2146 3730 3802 3803">
    <p class='ocr_par' dir='ltr' id='par_1_96' title="bbox 2146 3730 3802 3803">
     <span class='ocr_line' id='line_1_98' title="bbox 2146 3730 3802 3803; baseline -0.002 -15"><span class='ocrx_word' id='word_1_674' title='bbox 2146 3732 2706 3803; x_wconf 74' lang='lat' dir='ltr'><strong>spicuusappareat.</strong></span> <span class='ocrx_word' id='word_1_675' title='bbox 2754 3752 2775 3781; x_wconf 77' lang='grc' dir='ltr'><strong><em>ι</em></strong></span> <span class='ocrx_word' id='word_1_676' title='bbox 2812 3732 2957 3787; x_wconf 90' lang='lat' dir='ltr'><strong>Cum</strong></span> <span class='ocrx_word' id='word_1_677' title='bbox 2992 3735 3189 3786; x_wconf 86' lang='lat' dir='ltr'><strong>autem</strong></span> <span class='ocrx_word' id='word_1_678' title='bbox 3222 3730 3391 3786; x_wconf 87' lang='lat' dir='ltr'><strong>multi</strong></span> <span class='ocrx_word' id='word_1_679' title='bbox 3424 3736 3623 3786; x_wconf 88' lang='lat' dir='ltr'><strong>essent</strong></span> <span class='ocrx_word' id='word_1_680' title='bbox 3653 3747 3802 3802; x_wconf 88' lang='lat' dir='ltr'><strong>quos</strong></span> 
     </span>
    </p>
   </div>
   <div class='ocr_carea' id='block_1_97' title="bbox 2147 3810 3804 3892">
    <p class='ocr_par' dir='ltr' id='par_1_97' title="bbox 2147 3810 3804 3892">
     <span class='ocr_line' id='line_1_99' title="bbox 2147 3810 3804 3892; baseline -0.002 -15"><span class='ocrx_word' id='word_1_681' title='bbox 2147 3822 2267 3877; x_wconf 88' lang='lat' dir='ltr'><strong>hac</strong></span> <span class='ocrx_word' id='word_1_682' title='bbox 2290 3810 2558 3892; x_wconf 88' lang='lat' dir='ltr'><strong>apologia</strong></span> <span class='ocrx_word' id='word_1_683' title='bbox 2581 3820 3162 3892; x_wconf 78' lang='lat' dir='ltr'><strong>perstringeret,inde</strong></span> <span class='ocrx_word' id='word_1_684' title='bbox 3184 3824 3273 3874; x_wconf 87' lang='lat' dir='ltr'><strong>est</strong></span> <span class='ocrx_word' id='word_1_685' title='bbox 3302 3820 3456 3891; x_wconf 92' lang='lat' dir='ltr'><strong>quod</strong></span> <span class='ocrx_word' id='word_1_686' title='bbox 3490 3819 3804 3891; x_wconf 89' lang='lat' dir='ltr'><strong>Gregorius</strong></span> 
     </span>
    </p>
   </div>
   <div class='ocr_carea' id='block_1_98' title="bbox 2149 3907 3803 3980">
    <p class='ocr_par' dir='ltr' id='par_1_98' title="bbox 2149 3907 3803 3980">
     <span class='ocr_line' id='line_1_100' title="bbox 2149 3907 3803 3980; baseline -0.002 -14"><span class='ocrx_word' id='word_1_687' title='bbox 2149 3927 2211 3966; x_wconf 85' lang='lat' dir='ltr'><strong>se</strong></span> <span class='ocrx_word' id='word_1_688' title='bbox 2242 3928 2275 3965; x_wconf 90' lang='lat' dir='ltr'><strong>a</strong></span> <span class='ocrx_word' id='word_1_689' title='bbox 2306 3908 2626 3964; x_wconf 90' lang='lat' dir='ltr'><strong>multorum</strong></span> <span class='ocrx_word' id='word_1_690' title='bbox 2678 3910 2939 3964; x_wconf 89' lang='lat' dir='ltr'><strong>moribus</strong></span> <span class='ocrx_word' id='word_1_691' title='bbox 2967 3907 3221 3964; x_wconf 90' lang='lat' dir='ltr'><strong>alienum</strong></span> <span class='ocrx_word' id='word_1_692' title='bbox 3278 3925 3405 3964; x_wconf 90' lang='lat' dir='ltr'><strong>esse</strong></span> <span class='ocrx_word' id='word_1_693' title='bbox 3437 3908 3803 3980; x_wconf 83' lang='lat' dir='ltr'><strong>proﬁteatur,</strong></span> 
     </span>
    </p>
   </div>
   <div class='ocr_carea' id='block_1_99' title="bbox 2150 3996 3804 4069">
    <p class='ocr_par' dir='ltr' id='par_1_99' title="bbox 2150 3996 3804 4069">
     <span class='ocr_line' id='line_1_101' title="bbox 2150 3996 3804 4069; baseline -0.001 -15"><span class='ocrx_word' id='word_1_694' title='bbox 2150 4015 2257 4054; x_wconf 89' lang='lat' dir='ltr'><strong>nec</strong></span> <span class='ocrx_word' id='word_1_695' title='bbox 2286 4015 2349 4054; x_wconf 91' lang='lat' dir='ltr'><strong>se</strong></span> <span class='ocrx_word' id='word_1_696' title='bbox 2381 3998 2754 4063; x_wconf 87' lang='lat' dir='ltr'><strong>miraturum,</strong></span> <span class='ocrx_word' id='word_1_697' title='bbox 2778 3998 2827 4053; x_wconf 91' lang='lat' dir='ltr'><strong>si</strong></span> <span class='ocrx_word' id='word_1_698' title='bbox 2852 3998 3083 4069; x_wconf 85' lang='lat' dir='ltr'><strong>quando</strong></span> <span class='ocrx_word' id='word_1_699' title='bbox 3114 3996 3362 4052; x_wconf 91' lang='lat' dir='ltr'><strong>vinculis</strong></span> <span class='ocrx_word' id='word_1_700' title='bbox 3386 4003 3449 4052; x_wconf 92' lang='lat' dir='ltr'><strong>ut</strong></span> <span class='ocrx_word' id='word_1_701' title='bbox 3478 3996 3804 4053; x_wconf 86' lang='lat' dir='ltr'><strong>incommo-</strong></span> 
     </span>
    </p>
   </div>
   <div class='ocr_carea' id='block_1_100' title="bbox 2152 4085 3803 4158">
    <p class='ocr_par' dir='ltr' id='par_1_100' title="bbox 2152 4085 3803 4158">
     <span class='ocr_line' id='line_1_102' title="bbox 2152 4085 3803 4158; baseline -0.002 -15"><span class='ocrx_word' id='word_1_702' title='bbox 2152 4089 2263 4143; x_wconf 90' lang='lat' dir='ltr'><strong>dus</strong></span> <span class='ocrx_word' id='word_1_703' title='bbox 2292 4092 2350 4142; x_wconf 91' lang='lat' dir='ltr'><strong>et</strong></span> <span class='ocrx_word' id='word_1_704' title='bbox 2381 4104 2649 4142; x_wconf 88' lang='lat' dir='ltr'><strong>morosus</strong></span> <span class='ocrx_word' id='word_1_705' title='bbox 2682 4087 3060 4158; x_wconf 68' lang='lat' dir='ltr'><strong>astringat’ur,</strong></span> <span class='ocrx_word' id='word_1_706' title='bbox 3095 4092 3195 4141; x_wconf 91' lang='lat' dir='ltr'><strong>aut</strong></span> <span class='ocrx_word' id='word_1_707' title='bbox 3224 4087 3400 4142; x_wconf 89' lang='lat' dir='ltr'><strong>etiam</strong></span> <span class='ocrx_word' id='word_1_708' title='bbox 3453 4091 3648 4141; x_wconf 89' lang='lat' dir='ltr'><strong>musto</strong></span> <span class='ocrx_word' id='word_1_709' title='bbox 3683 4085 3803 4157; x_wconf 86' lang='lat' dir='ltr'><strong>ple-</strong></span> 
     </span>
    </p>
   </div>
   <div class='ocr_carea' id='block_1_101' title="bbox 2156 4172 3807 4247">
    <p class='ocr_par' dir='ltr' id='par_1_101' title="bbox 2156 4172 3807 4247">
     <span class='ocr_line' id='line_1_103' title="bbox 2156 4172 3807 4247; baseline -0.002 -15"><span class='ocrx_word' id='word_1_710' title='bbox 2156 4194 2266 4233; x_wconf 91' lang='lat' dir='ltr'><strong>nus</strong></span> <span class='ocrx_word' id='word_1_711' title='bbox 2289 4180 2613 4241; x_wconf 87' lang='lat' dir='ltr'><strong>censeatur,</strong></span> <span class='ocrx_word' id='word_1_712' title='bbox 2648 4179 2711 4229; x_wconf 88' lang='lat' dir='ltr'><strong>ut</strong></span> <span class='ocrx_word' id='word_1_713' title='bbox 2741 4174 2956 4229; x_wconf 83' lang='lat' dir='ltr'><strong>Christi</strong></span> <span class='ocrx_word' id='word_1_714' title='bbox 2986 4174 3257 4247; x_wconf 90' lang='lat' dir='ltr'><strong>discipuli</strong></span> <span class='ocrx_word' id='word_1_715' title='bbox 3290 4191 3425 4230; x_wconf 89' lang='lat' dir='ltr'><strong>cum</strong></span> <span class='ocrx_word' id='word_1_716' title='bbox 3456 4174 3673 4246; x_wconf 85' lang='lat' dir='ltr'><strong>linguis</strong></span> <span class='ocrx_word' id='word_1_717' title='bbox 3722 4172 3807 4228; x_wconf 57' lang='lat' dir='ltr'><strong>lo-</strong></span> 
     </span>
    </p>
   </div>
   <div class='ocr_carea' id='block_1_102' title="bbox 2156 4252 3807 4337">
    <p class='ocr_par' dir='ltr' id='par_1_102' title="bbox 2156 4252 3807 4337">
     <span class='ocr_line' id='line_1_104' title="bbox 2156 4252 3807 4337; baseline -0.003 -17"><span class='ocrx_word' id='word_1_718' title='bbox 2156 4266 2501 4337; x_wconf 86' lang='lat' dir='ltr'><strong>querentur:</strong></span> <span class='ocrx_word' id='word_1_719' title='bbox 2553 4264 2628 4334; x_wconf 85' lang='lat' dir='ltr'><strong>(g)</strong></span> <span class='ocrx_word' id='word_1_720' title='bbox 2656 4287 2682 4314; x_wconf 89' lang='grc'><em>‹‹</em></span> <span class='ocrx_word' id='word_1_721' title='bbox 2720 4264 3030 4335; x_wconf 86' lang='lat' dir='ltr'><strong>ignorante</strong></span> <span class='ocrx_word' id='word_1_722' title='bbox 3080 4262 3303 4319; x_wconf 89' lang='lat' dir='ltr'><strong>scilicet</strong></span> <span class='ocrx_word' id='word_1_723' title='bbox 3336 4263 3715 4318; x_wconf 88' lang='lat' dir='ltr'><strong>multitudine</strong></span> <span class='ocrx_word' id='word_1_724' title='bbox 3748 4252 3807 4316; x_wconf 87' lang='lat' dir='ltr'><strong>id</strong></span> 
     </span>
    </p>
   </div>
   <div class='ocr_carea' id='block_1_103' title="bbox 2157 4351 3811 4424">
    <p class='ocr_par' dir='ltr' id='par_1_103' title="bbox 2157 4351 3811 4424">
     <span class='ocr_line' id='line_1_105' title="bbox 2157 4351 3811 4424; baseline -0.002 -15"><span class='ocrx_word' id='word_1_725' title='bbox 2157 4353 2410 4424; x_wconf 88' lang='lat' dir='ltr'><strong>Spiritus</strong></span> <span class='ocrx_word' id='word_1_726' title='bbox 2440 4352 2493 4406; x_wconf 91' lang='lat' dir='ltr'><strong>vi</strong></span> <span class='ocrx_word' id='word_1_727' title='bbox 2520 4357 2575 4407; x_wconf 89' lang='lat' dir='ltr'><strong>et</strong></span> <span class='ocrx_word' id='word_1_728' title='bbox 2628 4353 2897 4406; x_wconf 87' lang='lat' dir='ltr'><strong>facultate</strong></span> <span class='ocrx_word' id='word_1_729' title='bbox 2956 4351 3102 4417; x_wconf 82' lang='lat' dir='ltr'><strong>fieri,</strong></span> <span class='ocrx_word' id='word_1_730' title='bbox 3138 4368 3249 4406; x_wconf 90' lang='lat' dir='ltr'><strong>non</strong></span> <span class='ocrx_word' id='word_1_731' title='bbox 3302 4351 3514 4406; x_wconf 91' lang='lat' dir='ltr'><strong>mentis</strong></span> <span class='ocrx_word' id='word_1_732' title='bbox 3570 4352 3811 4406; x_wconf 80' lang='lat' dir='ltr'><strong>aberra-</strong></span> 
     </span>
    </p>
   </div>
   <div class='ocr_carea' id='block_1_104' title="bbox 2157 4439 3812 4512">
    <p class='ocr_par' dir='ltr' id='par_1_104' title="bbox 2157 4439 3812 4512">
     <span class='ocr_line' id='line_1_106' title="bbox 2157 4439 3812 4512; baseline -0.002 -15"><span class='ocrx_word' id='word_1_733' title='bbox 2157 4442 2335 4497; x_wconf 88' lang='lat' dir='ltr'><strong>tione.</strong></span> <span class='ocrx_word' id='word_1_734' title='bbox 2364 4463 2389 4490; x_wconf 83' lang='lat'>»</span> <span class='ocrx_word' id='word_1_735' title='bbox 2411 4439 2660 4496; x_wconf 87' lang='lat' dir='ltr'><strong>Aliunde</strong></span> <span class='ocrx_word' id='word_1_736' title='bbox 2683 4440 2952 4496; x_wconf 87' lang='lat' dir='ltr'><strong>novimus</strong></span> <span class='ocrx_word' id='word_1_737' title='bbox 2984 4441 3341 4512; x_wconf 88' lang='lat' dir='ltr'><strong>quibusnam</strong></span> <span class='ocrx_word' id='word_1_738' title='bbox 3366 4439 3812 4495; x_wconf 71' lang='lat' dir='ltr'><strong>obleccamentis</strong></span> 
     </span>
    </p>
   </div>
   <div class='ocr_carea' id='block_1_105' title="bbox 2161 4528 3809 4594">
    <p class='ocr_par' dir='ltr' id='par_1_105' title="bbox 2161 4528 3809 4594">
     <span class='ocr_line' id='line_1_107' title="bbox 2161 4528 3809 4594; baseline -0.002 -8"><span class='ocrx_word' id='word_1_739' title='bbox 2161 4530 2392 4587; x_wconf 91' lang='lat' dir='ltr'><strong>labores</strong></span> <span class='ocrx_word' id='word_1_740' title='bbox 2427 4546 2566 4585; x_wconf 90' lang='lat' dir='ltr'><strong>suos</strong></span> <span class='ocrx_word' id='word_1_741' title='bbox 2594 4528 2783 4585; x_wconf 90' lang='lat' dir='ltr'><strong>levare</strong></span> <span class='ocrx_word' id='word_1_742' title='bbox 2804 4528 3016 4584; x_wconf 90' lang='lat' dir='ltr'><strong>solitus</strong></span> <span class='ocrx_word' id='word_1_743' title='bbox 3041 4534 3229 4585; x_wconf 87' lang='lat' dir='ltr'><strong>esset:</strong></span> <span class='ocrx_word' id='word_1_744' title='bbox 3272 4552 3299 4577; x_wconf 75' lang='grc' dir='ltr'><strong>(ι</strong></span> <span class='ocrx_word' id='word_1_745' title='bbox 3338 4528 3809 4594; x_wconf 81' lang='lat' dir='ltr'><strong>inambulabam,</strong></span> 
     </span>
    </p>
   </div>
   <div class='ocr_carea' id='block_1_106' title="bbox 2081 4608 3813 4693">
    <p class='ocr_par' dir='ltr' id='par_1_106' title="bbox 2081 4608 3813 4693">
     <span class='ocr_line' id='line_1_108' title="bbox 2081 4608 3813 4693; baseline -0.002 -18"><span class='ocrx_word' id='word_1_746' title='bbox 2081 4608 2126 4686; x_wconf 79' lang='lat' dir='ltr'><strong>D</strong></span> <span class='ocrx_word' id='word_1_747' title='bbox 2157 4621 2351 4693; x_wconf 89' lang='lat' dir='ltr'><strong>inquit</strong></span> <span class='ocrx_word' id='word_1_748' title='bbox 2406 4620 2506 4692; x_wconf 90' lang='lat' dir='ltr'><strong>(h),</strong></span> <span class='ocrx_word' id='word_1_749' title='bbox 2540 4636 2644 4691; x_wconf 92' lang='lat' dir='ltr'><strong>ego</strong></span> <span class='ocrx_word' id='word_1_750' title='bbox 2704 4619 2885 4684; x_wconf 90' lang='lat' dir='ltr'><strong>solus,</strong></span> <span class='ocrx_word' id='word_1_751' title='bbox 2943 4623 3215 4691; x_wconf 86' lang='lat' dir='ltr'><strong>vergente</strong></span> <span class='ocrx_word' id='word_1_752' title='bbox 3256 4619 3382 4689; x_wconf 89' lang='lat' dir='ltr'><strong>jam</strong></span> <span class='ocrx_word' id='word_1_753' title='bbox 3417 4618 3488 4673; x_wconf 88' lang='lat' dir='ltr'><strong>ad</strong></span> <span class='ocrx_word' id='word_1_754' title='bbox 3535 4634 3813 4673; x_wconf 90' lang='lat' dir='ltr'><strong>occasum</strong></span> 
     </span>
    </p>
   </div>
   <div class='ocr_carea' id='block_1_107' title="bbox 2153 4707 3814 4780">
    <p class='ocr_par' dir='ltr' id='par_1_107' title="bbox 2153 4707 3814 4780">
     <span class='ocr_line' id='line_1_109' title="bbox 2153 4707 3814 4780; baseline -0.002 -15"><span class='ocrx_word' id='word_1_755' title='bbox 2153 4709 2485 4766; x_wconf 90' lang='lat' dir='ltr'><strong>sole.Locus</strong></span> <span class='ocrx_word' id='word_1_756' title='bbox 2520 4725 2689 4779; x_wconf 92' lang='lat' dir='ltr'><strong>porro</strong></span> <span class='ocrx_word' id='word_1_757' title='bbox 2710 4708 2768 4762; x_wconf 91' lang='lat' dir='ltr'><strong>in</strong></span> <span class='ocrx_word' id='word_1_758' title='bbox 2792 4726 2905 4780; x_wconf 91' lang='lat' dir='ltr'><strong>quo</strong></span> <span class='ocrx_word' id='word_1_759' title='bbox 2947 4708 3263 4779; x_wconf 82' lang='lat' dir='ltr'><strong>spatiabar,</strong></span> <span class='ocrx_word' id='word_1_760' title='bbox 3310 4707 3487 4763; x_wconf 90' lang='lat' dir='ltr'><strong>maris</strong></span> <span class='ocrx_word' id='word_1_761' title='bbox 3510 4708 3636 4779; x_wconf 87' lang='lat' dir='ltr'><strong>ripa</strong></span> <span class='ocrx_word' id='word_1_762' title='bbox 3665 4712 3814 4773; x_wconf 82' lang='lat' dir='ltr'><strong>erat,</strong></span> 
     </span>
    </p>
   </div>
   <div class='ocr_carea' id='block_1_108' title="bbox 2161 4795 3815 4869">
    <p class='ocr_par' dir='ltr' id='par_1_108' title="bbox 2161 4795 3815 4869">
     <span class='ocr_line' id='line_1_110' title="bbox 2161 4795 3815 4869; baseline -0.002 -15"><span class='ocrx_word' id='word_1_763' title='bbox 2161 4799 2403 4869; x_wconf 89' lang='lat' dir='ltr'><strong>Semper</strong></span> <span class='ocrx_word' id='word_1_764' title='bbox 2426 4797 2580 4852; x_wconf 90' lang='lat' dir='ltr'><strong>enim</strong></span> <span class='ocrx_word' id='word_1_765' title='bbox 2615 4795 2770 4852; x_wconf 91' lang='lat' dir='ltr'><strong>soleo</strong></span> <span class='ocrx_word' id='word_1_766' title='bbox 2791 4796 3078 4867; x_wconf 83' lang='lat' dir='ltr'><strong>ejusmodi</strong></span> <span class='ocrx_word' id='word_1_767' title='bbox 3109 4795 3559 4852; x_wconf 89' lang='lat' dir='ltr'><strong>oblectamentis</strong></span> <span class='ocrx_word' id='word_1_768' title='bbox 3581 4795 3815 4851; x_wconf 89' lang='lat' dir='ltr'><strong>labores</strong></span> 
     </span>
    </p>
   </div>
   <div class='ocr_carea' id='block_1_109' title="bbox 2158 4885 3808 4957">
    <p class='ocr_par' dir='ltr' id='par_1_109' title="bbox 2158 4885 3808 4957">
     <span class='ocr_line' id='line_1_111' title="bbox 2158 4885 3808 4957; baseline -0.003 -14"><span class='ocrx_word' id='word_1_769' title='bbox 2158 4887 2472 4943; x_wconf 89' lang='lat' dir='ltr'><strong>dissolvere</strong></span> <span class='ocrx_word' id='word_1_770' title='bbox 2502 4902 2567 4940; x_wconf 91' lang='lat' dir='ltr'><strong>ac</strong></span> <span class='ocrx_word' id='word_1_771' title='bbox 2602 4885 2900 4953; x_wconf 87' lang='lat' dir='ltr'><strong>relaxare;</strong></span> <span class='ocrx_word' id='word_1_772' title='bbox 2953 4885 3431 4957; x_wconf 83' lang='lat' dir='ltr'><strong>quandoquidem</strong></span> <span class='ocrx_word' id='word_1_773' title='bbox 3464 4902 3567 4941; x_wconf 85' lang='lat' dir='ltr'><strong>nec</strong></span> <span class='ocrx_word' id='word_1_774' title='bbox 3601 4901 3808 4957; x_wconf 88' lang='lat' dir='ltr'><strong>perpe—</strong></span> 
     </span>
    </p>
   </div>
   <div class='ocr_carea' id='block_1_110' title="bbox 2157 4976 3508 5047">
    <p class='ocr_par' dir='ltr' id='par_1_110' title="bbox 2157 4976 3508 5047">
     <span class='ocr_line' id='line_1_112' title="bbox 2157 4976 3508 5047; baseline -0.001 -16"><span class='ocrx_word' id='word_1_775' title='bbox 2157 4981 2322 5033; x_wconf 90' lang='lat' dir='ltr'><strong>tuam</strong></span> <span class='ocrx_word' id='word_1_776' title='bbox 2355 4976 2782 5031; x_wconf 88' lang='lat' dir='ltr'><strong>contentionem</strong></span> <span class='ocrx_word' id='word_1_777' title='bbox 2816 4992 3028 5030; x_wconf 90' lang='lat' dir='ltr'><strong>nervus</strong></span> <span class='ocrx_word' id='word_1_778' title='bbox 3062 4976 3210 5030; x_wconf 86' lang='lat' dir='ltr'><strong>ferre</strong></span> <span class='ocrx_word' id='word_1_779' title='bbox 3233 4979 3446 5047; x_wconf 88' lang='lat' dir='ltr'><strong>potest.</strong></span> <span class='ocrx_word' id='word_1_780' title='bbox 3482 4997 3508 5023; x_wconf 87' lang='grc'><strong>››</strong></span> 
     </span>
    </p>
   </div>
   <div class='ocr_carea' id='block_1_111' title="bbox 2231 5062 3821 5137">
    <p class='ocr_par' dir='ltr' id='par_1_111' title="bbox 2231 5062 3821 5137">
     <span class='ocr_line' id='line_1_113' title="bbox 2231 5062 3821 5137; baseline -0.001 -17"><span class='ocrx_word' id='word_1_781' title='bbox 2231 5068 2354 5132; x_wconf 90' lang='lat' dir='ltr'><strong>Quo</strong></span> <span class='ocrx_word' id='word_1_782' title='bbox 2386 5070 2551 5137; x_wconf 80' lang='lat' dir='ltr'><strong>pacto</strong></span> <span class='ocrx_word' id='word_1_783' title='bbox 2575 5081 2636 5119; x_wconf 89' lang='lat' dir='ltr'><strong>se</strong></span> <span class='ocrx_word' id='word_1_784' title='bbox 2659 5064 2961 5119; x_wconf 88' lang='lat' dir='ltr'><strong>adhiberet</strong></span> <span class='ocrx_word' id='word_1_785' title='bbox 2982 5080 3120 5136; x_wconf 89' lang='lat' dir='ltr'><strong>erga</strong></span> <span class='ocrx_word' id='word_1_786' title='bbox 3147 5081 3245 5119; x_wconf 91' lang='lat' dir='ltr'><strong>eos</strong></span> <span class='ocrx_word' id='word_1_787' title='bbox 3268 5064 3366 5137; x_wconf 91' lang='lat' dir='ltr'><strong>qui</strong></span> <span class='ocrx_word' id='word_1_788' title='bbox 3395 5062 3821 5135; x_wconf 88' lang='lat' dir='ltr'><strong>persecutionis</strong></span> 
     </span>
    </p>
   </div>
   <div class='ocr_carea' id='block_1_112' title="bbox 2160 5152 3822 5226">
    <p class='ocr_par' dir='ltr' id='par_1_112' title="bbox 2160 5152 3822 5226">
     <span class='ocr_line' id='line_1_114' title="bbox 2160 5152 3822 5226; baseline -0.002 -16"><span class='ocrx_word' id='word_1_789' title='bbox 2160 5159 2421 5226; x_wconf 76' lang='lat' dir='ltr'><strong>tempore</strong></span> <span class='ocrx_word' id='word_1_790' title='bbox 2440 5153 2589 5225; x_wconf 87' lang='lat' dir='ltr'><strong>lapsi</strong></span> <span class='ocrx_word' id='word_1_791' title='bbox 2623 5158 2809 5219; x_wconf 83' lang='lat' dir='ltr'><strong>erant,</strong></span> <span class='ocrx_word' id='word_1_792' title='bbox 2840 5153 2965 5225; x_wconf 90' lang='lat' dir='ltr'><strong>ipse</strong></span> <span class='ocrx_word' id='word_1_793' title='bbox 3006 5153 3320 5225; x_wconf 89' lang='lat' dir='ltr'><strong>Gregorius</strong></span> <span class='ocrx_word' id='word_1_794' title='bbox 3369 5153 3535 5207; x_wconf 90' lang='lat' dir='ltr'><strong>docet</strong></span> <span class='ocrx_word' id='word_1_795' title='bbox 3565 5152 3658 5207; x_wconf 91' lang='lat' dir='ltr'><strong>his</strong></span> <span class='ocrx_word' id='word_1_796' title='bbox 3686 5169 3822 5207; x_wconf 89' lang='lat' dir='ltr'><strong>ver-</strong></span> 
     </span>
    </p>
   </div>
   <div class='ocr_carea' id='block_1_113' title="bbox 2162 5240 3857 5315">
    <p class='ocr_par' dir='ltr' id='par_1_113' title="bbox 2162 5240 3857 5315">
     <span class='ocr_line' id='line_1_115' title="bbox 2162 5240 3857 5315; baseline -0.002 -16"><span class='ocrx_word' id='word_1_797' title='bbox 2162 5244 2254 5299; x_wconf 89' lang='lat' dir='ltr'><strong>bis</strong></span> <span class='ocrx_word' id='word_1_798' title='bbox 2286 5244 2348 5315; x_wconf 86' lang='lat' dir='ltr'><strong>(i)</strong></span> <span class='ocrx_word' id='word_1_799' title='bbox 2375 5259 2387 5299; x_wconf 90' lang='lat'><strong>:</strong></span> <span class='ocrx_word' id='word_1_800' title='bbox 2423 5266 2450 5293; x_wconf 93' lang='grc'><strong>‹‹</strong></span> <span class='ocrx_word' id='word_1_801' title='bbox 2486 5242 2565 5297; x_wconf 90' lang='lat' dir='ltr'><strong>Ne</strong></span> <span class='ocrx_word' id='word_1_802' title='bbox 2588 5242 2713 5313; x_wconf 89' lang='lat' dir='ltr'><strong>ipse</strong></span> <span class='ocrx_word' id='word_1_803' title='bbox 2743 5241 2979 5313; x_wconf 90' lang='lat' dir='ltr'><strong>quidem</strong></span> <span class='ocrx_word' id='word_1_804' title='bbox 3020 5258 3118 5298; x_wconf 91' lang='lat' dir='ltr'><strong>eos</strong></span> <span class='ocrx_word' id='word_1_805' title='bbox 3150 5241 3386 5314; x_wconf 88' lang='lat' dir='ltr'><strong>recipio,</strong></span> <span class='ocrx_word' id='word_1_806' title='bbox 3416 5240 3516 5312; x_wconf 90' lang='lat' dir='ltr'><strong>qui</strong></span> <span class='ocrx_word' id='word_1_807' title='bbox 3539 5240 3627 5295; x_wconf 87' lang='lat' dir='ltr'><strong>vel</strong></span> <span class='ocrx_word' id='word_1_808' title='bbox 3659 5240 3823 5296; x_wconf 91' lang='lat' dir='ltr'><strong>nullo</strong></span> <span class='ocrx_word' id='word_1_809' title='bbox 3850 5290 3857 5295; x_wconf 92' lang='lat'><strong>.</strong></span> 
     </span>
    </p>
   </div>
   <div class='ocr_carea' id='block_1_114' title="bbox 2162 5329 3825 5404">
    <p class='ocr_par' dir='ltr' id='par_1_114' title="bbox 2162 5329 3825 5404">
     <span class='ocr_line' id='line_1_116' title="bbox 2162 5329 3825 5404; baseline -0.002 -16"><span class='ocrx_word' id='word_1_810' title='bbox 2162 5332 2360 5398; x_wconf 90' lang='lat' dir='ltr'><strong>modo,</strong></span> <span class='ocrx_word' id='word_1_811' title='bbox 2392 5329 2478 5386; x_wconf 84' lang='lat' dir='ltr'><strong>vel</strong></span> <span class='ocrx_word' id='word_1_812' title='bbox 2511 5347 2627 5385; x_wconf 90' lang='lat' dir='ltr'><strong>non</strong></span> <span class='ocrx_word' id='word_1_813' title='bbox 2658 5330 2803 5386; x_wconf 89' lang='lat' dir='ltr'><strong>satis</strong></span> <span class='ocrx_word' id='word_1_814' title='bbox 2836 5332 3267 5404; x_wconf 89' lang='lat' dir='ltr'><strong>deprimuntur,</strong></span> <span class='ocrx_word' id='word_1_815' title='bbox 3303 5347 3407 5386; x_wconf 91' lang='lat' dir='ltr'><strong>nec</strong></span> <span class='ocrx_word' id='word_1_816' title='bbox 3452 5335 3677 5402; x_wconf 85' lang='lat' dir='ltr'><strong>patrato</strong></span> <span class='ocrx_word' id='word_1_817' title='bbox 3708 5329 3825 5384; x_wconf 87' lang='lat' dir='ltr'><strong>cri-</strong></span> 
     </span>
    </p>
   </div>
   <div class='ocr_carea' id='block_1_115' title="bbox 2254 5437 2771 5508">
    <p class='ocr_par' dir='ltr' id='par_1_115' title="bbox 2254 5437 2771 5508">
     <span class='ocr_line' id='line_1_117' title="bbox 2254 5437 2771 5508; baseline 0.002 -16"><span class='ocrx_word' id='word_1_818' title='bbox 2254 5439 2305 5508; x_wconf 81' lang='lat' dir='ltr'><strong>r)</strong></span> <span class='ocrx_word' id='word_1_819' title='bbox 2335 5437 2430 5492; x_wconf 90' lang='lat' dir='ltr'><strong>0r.</strong></span> <span class='ocrx_word' id='word_1_820' title='bbox 2468 5438 2554 5505; x_wconf 71' lang='lat'><strong>42,</strong></span> <span class='ocrx_word' id='word_1_821' title='bbox 2588 5454 2646 5493; x_wconf 74' lang='grc' dir='ltr'><strong>η.</strong></span> <span class='ocrx_word' id='word_1_822' title='bbox 2678 5438 2771 5493; x_wconf 72' lang='grc'><strong>24.</strong></span> 
     </span>
    </p>
   </div>
   <div class='ocr_carea' id='block_1_116' title="bbox 2257 5508 2730 5579">
    <p class='ocr_par' dir='ltr' id='par_1_116' title="bbox 2257 5508 2730 5579">
     <span class='ocr_line' id='line_1_118' title="bbox 2257 5508 2730 5579; baseline 0 -16"><span class='ocrx_word' id='word_1_823' title='bbox 2257 5512 2315 5579; x_wconf 78' lang='lat' dir='ltr'><strong>g)</strong></span> <span class='ocrx_word' id='word_1_824' title='bbox 2346 5508 2515 5574; x_wconf 88' lang='lat' dir='ltr'><strong>Ibid.,</strong></span> <span class='ocrx_word' id='word_1_825' title='bbox 2551 5525 2607 5562; x_wconf 89' lang='lat' dir='ltr'><strong>n.</strong></span> <span class='ocrx_word' id='word_1_826' title='bbox 2639 5510 2730 5563; x_wconf 84' lang='lat'><strong>22.</strong></span> 
     </span>
    </p>
   </div>
   <div class='ocr_carea' id='block_1_117' title="bbox 2236 5579 2745 5650">
    <p class='ocr_par' dir='ltr' id='par_1_117' title="bbox 2236 5579 2745 5650">
     <span class='ocr_line' id='line_1_119' title="bbox 2236 5579 2745 5650; baseline -0.002 -17"><span class='ocrx_word' id='word_1_827' title='bbox 2236 5581 2315 5650; x_wconf 76' lang='grc' dir='ltr'><strong>(ἡ)</strong></span> <span class='ocrx_word' id='word_1_828' title='bbox 2349 5582 2444 5650; x_wconf 75' lang='lat' dir='ltr'><strong>()r.</strong></span> <span class='ocrx_word' id='word_1_829' title='bbox 2477 5580 2569 5645; x_wconf 84' lang='lat'><strong>26,</strong></span> <span class='ocrx_word' id='word_1_830' title='bbox 2602 5595 2659 5632; x_wconf 88' lang='lat' dir='ltr'><strong>n.</strong></span> <span class='ocrx_word' id='word_1_831' title='bbox 2690 5579 2745 5650; x_wconf 10' lang='lat'><strong>78‘.</strong></span> 
     </span>
    </p>
   </div>
   <div class='ocr_carea' id='block_1_118' title="bbox 2246 5648 2767 5721">
    <p class='ocr_par' dir='ltr' id='par_1_118' title="bbox 2246 5648 2767 5721">
     <span class='ocr_line' id='line_1_120' title="bbox 2246 5648 2767 5721; baseline -0.006 -15"><span class='ocrx_word' id='word_1_832' title='bbox 2246 5648 2311 5721; x_wconf 76' lang='grc' dir='ltr'><strong>(ἰ)</strong></span> <span class='ocrx_word' id='word_1_833' title='bbox 2341 5649 2436 5705; x_wconf 92' lang='lat' dir='ltr'><strong>Or.</strong></span> <span class='ocrx_word' id='word_1_834' title='bbox 2470 5650 2558 5718; x_wconf 89' lang='lat'><strong>39,</strong></span> <span class='ocrx_word' id='word_1_835' title='bbox 2588 5666 2644 5703; x_wconf 91' lang='lat' dir='ltr'><strong>n.</strong></span> <span class='ocrx_word' id='word_1_836' title='bbox 2681 5648 2767 5703; x_wconf 76' lang='lat'><strong>19.</strong></span> 
     </span>
    </p>
   </div>
  </div>
