2048 3144
125 199 188 235 33⁵

798 201 894 232 “TA
914 201 948 231 8.
972 201 1173 233 GREGORII.

1773 207 1834 237 116

127 263 200 294 ωίηὶ
217 271 315 299 parem
330 263 400 296 vita
413 264 649 294 emendationem
665 266 790 294 atterunt
803 275 811 301 ;
827 275 954 303 cumque
968 267 996 301 Α
1010 268 1116 303 praesul
1132 268 1260 296 moriens
1270 268 1414 305 episcopis
1424 271 1829 308 commendaveratﬁregorio

127 308 243 344 recipio,
260 308 481 339 convenientem
499 310 571 345 ipsis
586 310 683 338 locum
699 311 827 348 assigno.
847 323 873 339 ».

127 379 190 408 CLI.
205 380 360 415 Concilium
374 382 505 416 generale
518 386 643 410 convocat
659 382 816 412 Theodou'us
830 392 876 412 an.
889 384 951 411 381.

163 443 313 478 Proposita
329 443 414 479 quasi
438 444 574 473 universa
589 445 720 481 Gregorii
744 445 773 473 in
797 446 869 474 urbe
883 448 953 473 Gon-

129 487 390 523 stantinopolitana
403 489 590 525 episcopatus
606 498 732 525 summa,
743 499 822 518 nunc
837 490 954 526 singula

129 540 343 561 remaneamus.
366 533 437 561 Post
452 534 604 562 restitutas
618 535 787 563 orthodoxis
803 535 952 569 ecclesias,

129 580 317 606 convocatum
343 586 362 605 a
385 578 547 606 Theodosio
565 579 722 608 concilium
747 579 885 608 diximus.
914 582 953 607 Ex

131 624 190 650 toto
203 622 321 650 Oriente
336 622 620 659 Constantinopolim
639 624 770 660 episcopi
793 632 953 652 convenere

129 675 249 694 numero
264 675 308 700 αι,
323 669 353 694 ut
371 668 458 695 ﬁdem
474 668 618 696 Nicenam
635 669 852 699 conﬁrmarent.
869 671 898 696 et
913 676 954 696 re-

126 711 181 747 gie
197 711 260 738 urbi
276 711 452 747 episcopum
470 712 657 747 praﬂcerent.
669 712 786 740 Nullum
799 713 871 740 forte
881 712 954 740 cels-

125 756 241 784 bratum
253 764 383 792 unquam
395 759 441 784 est
452 757 531 784 conci
536 757 658 789 lium,ad
669 758 748 793 quod
760 760 803 785 tot
814 757 952 793 prasules

126 800 284 828 sanctitate
300 800 433 836 insignes
448 801 608 829 converint.
617 804 674 829 Hos
694 802 771 829 inter
785 801 953 830 eminebant

125 847 247 872 sanctus
270 845 404 872 Meletius
429 846 637 878 Antiochenus,
655 849 774 874 sanctus
796 846 952 880 Gregorius

122 888 274 924 Nyssenus
286 890 410 925 ejusque
423 890 511 919 frater
520 893 639 919 sanctus
651 891 753 918 Petrus
764 891 951 924 Sebastenus,

123 936 248 961 sanctus
262 933 624 969 Amphilochius,etc.Alii
638 943 705 963 vero
716 943 773 963 non
787 935 869 971 pauci
887 936 953 962 ade-

124 980 191 1006 rant
206 977 294 1014 longe
311 978 484 1011 dissimiles,
507 982 537 1007 et
561 979 645 1007 valde
660 979 792 1007 moribus
812 980 955 1016 dispares,

125 1031 200 1058 quos
231 1022 391 1057 Gregorius
421 1026 519 1051 noster
546 1024 680 1059 asperius
709 1026 823 1052 tractat.
841 1025 881 1052 Ex
909 1024 955 1052 his

124 1070 208 1095 erant
225 1067 372 1100 nonnulli,
388 1068 438 1103 qui
454 1067 583 1096 Valentis
595 1072 737 1105 tempore,
753 1069 846 1104 pulsis
861 1069 890 1096 in
906 1077 954 1096 ex-

125 1112 226 1140 silium
251 1112 430 1147 prasulihus
454 1113 633 1148 orthodoxis,
658 1114 832 1141 Arianorum
857 1114 955 1141 favore

124 1159 263 1185 vacantes
274 1157 360 1185 sedes
369 1159 593 1193 occupaverant.
603 1158 776 1193 Hujusmodi
790 1158 952 1194 pontiﬁces,

123 1202 251 1237 tempori
271 1201 443 1235 servientes,
453 1202 508 1230 sub
527 1202 644 1230 Arianis
661 1202 841 1238 principibus
856 1203 954 1230 Ariani

124 1249 217 1279 erant,
241 1247 297 1274 sub
323 1246 493 1274 orthodoxis
508 1247 596 1274 ﬁdem
622 1247 812 1275 orthodoxam
836 1248 952 1283 profite-

125 1291 241 1318 bantur.

123 1361 202 1390 CLII.
221 1363 255 1390 In
269 1370 303 1389 eo
316 1362 434 1390 concilio
450 1362 563 1391 Maximi
577 1364 660 1391 irrita
675 1364 813 1392 ordinatio
827 1364 949 1392 declara-

157 1402 213 1430 tur,
231 1398 368 1426 Maximus
383 1399 417 1426 ab
434 1399 552 1426 Ecclesia
570 1400 679 1434 ejectus.
707 1400 806 1427 Etectio
826 1401 952 1434 Gregorii

158 1434 331 1471 conﬁrmata.
354 1435 473 1469 Prw/uit
498 1434 623 1469 conctlto,
645 1436 743 1463 saltem
767 1441 829 1471 post
845 1436 952 1464 Meletii

161 1474 284 1497 mortem.
301 1469 371 1497 Mors
388 1471 500 1498 Meletii.

163 1523 193 1549 In
209 1522 265 1550 hoc
280 1522 416 1558 concilio,
432 1524 510 1559 quod
535 1532 676 1553 secunum
695 1524 829 1560 generale
853 1526 906 1559 est,
921 1527 951 1554 et

130 1566 256 1601 primum
271 1567 524 1604 Constantinopoli
548 1568 693 1601 habitum,
717 1577 807 1599 causa
832 1569 949 1600 Maximi

127 1611 288 1647 Cynici,qui
299 1611 327 1639 in
340 1612 440 1640 sedem
457 1613 808 1649 Constantinopolitanam
824 1614 948 1650 irrepere

126 1657 297 1688 laniaverat,
314 1659 469 1693 tantasque
484 1659 585 1686 turbas
607 1658 869 1695 excitarat,agitata
892 1661 946 1687 est.
963 1656 979 1676 τ

123 1699 278 1728 Communi
291 1701 424 1729 omnium
436 1710 580 1730 consensu
594 1703 676 1730 irrita
690 1702 787 1739 Cynici
803 1703 948 1734 ordinatio

123 1744 225 1773 habita
243 1745 297 1773 fuit
310 1746 457 1774 sancitum
483 1750 528 1774 est
544 1747 703 1778 Maximum
726 1755 777 1775 nec
793 1747 884 1776 fuisse
894 1756 948 1776 nec

121 1797 185 1817 esse
200 1790 375 1826 episcopum
389 1799 396 1823 ;
414 1793 443 1818 et
464 1791 514 1827 qui
529 1791 566 1819 ab
583 1792 646 1826 ipso
661 1791 786 1819 ordinati
803 1795 902 1820 essent
916 1792 946 1821 in

121 1842 297 1869 quocunque
314 1835 448 1863 Ecclesia
463 1835 567 1871 gradu,
592 1835 711 1864 clericos
727 1840 784 1863 nOn
804 1845 868 1865 esse
896 1837 945 1865 ha-

123 1879 245 1906 lmndos.
263 1878 325 1906 Uno
341 1879 428 1907 verbo
443 1887 624 1915 quacunque
636 1880 715 1907 circa
729 1880 838 1916 ipsum,
849 1880 893 1909 vel
909 1881 945 1910 ab

116 1922 177 1958 ipso
195 1925 264 1951 acta
278 1923 405 1957 fuerant,
421 1932 439 1951 a
454 1923 576 1951 concilio
591 1923 756 1960 improbata
770 1932 803 1952 ac
823 1925 946 1955 rescissa

119 1970 198 2001 sunt,
215 1968 390 2003 eiectusque
413 1968 557 1996 Maximus
585 1968 621 2001 ab
646 1968 773 1996 Ecclesia
784 1971 813 1997 et
832 1977 850 1997 θ.
873 1969 944 1997 tide-

117 2010 189 2039 lium
207 2012 358 2039 consortio
374 2015 514 2041 remotus.
531 2012 642 2044 Quibus
657 2013 792 2048 peractis,
809 2013 945 2049 Theologi

116 2055 217 2085 electio
234 2056 385 2084 communi
403 2058 521 2084 Patrum
536 2056 649 2085 calculo
664 2058 786 2092 probata
799 2060 828 2085 et
841 2060 946 2088 conﬁr-

118 2104 207 2133 mata,
235 2100 300 2135 ipse
325 2101 354 2131 in
379 2102 448 2129 sede
472 2101 795 2137 Constantinopolitano.
819 2102 944 2131 multum

118 2145 238 2181 quidem
265 2153 400 2181 gemens,
417 2154 473 2174 non
493 2148 592 2174 tamen
608 2148 639 2174 ut
654 2148 740 2174 antea
766 2155 943 2183 repugnans,

118 2189 275 2217 collocatus
298 2192 347 2218 est
373 2198 391 2218 a
413 2193 514 2219 sancto
541 2189 657 2219 Meletio
682 2190 785 2218 conciti
812 2192 944 2227 praeside,

119 2233 167 2268 qui
185 2242 248 2268 μω
264 2233 308 2261 vel
326 2237 393 2262 ante
409 2234 565 2262 concilium
582 2235 612 2262 in
637 2235 739 2265 urbem
755 2235 871 2265 .venisse
887 2245 946 2265 cre-

120 2277 205 2310 ditur,
232 2281 268 2305 ut
310 2278 441 2315 Gregorii
480 2279 649 2307 electionem
685 2280 883 2314 confirmaret,
917 2283 946 2309 et

1006 313 1103 346 teste;
1120 313 1170 348 qui
1194 315 1222 340 et
1246 313 1307 348 ipse
1330 313 1410 349 pacis
1432 315 1679 350 studiosissimus,
1701 316 1756 344 hac
1772 325 1831 344 una

1007 364 1095 384 causa
1110 357 1139 384 in
1157 359 1224 385 sede
1239 357 1660 394 Constantinopolitanalocari
1678 368 1708 388 se
1725 369 1830 396 passus

1008 401 1112 432 fuerat.
1128 404 1161 429 ut
1174 402 1336 430 Orientales
1355 406 1383 430 et
1402 403 1612 437 Occidentales,
1629 413 1755 440 quorum
1780 405 1830 433 alii

1008 454 1060 481 pro
1075 446 1252 480 Meletio,alii
1264 455 1315 482 pro
1327 447 1448 475 Paulino
1461 449 1628 481 stabant,ad
1643 449 1830 477 concordiam

1007 493 1163 525 revocaret,
1179 493 1208 518 et
1222 491 1388 519 luctuosum
1416 492 1556 526 schisma,
1583 501 1641 529 quo
1667 493 1830 522 catholicus

1006 535 1086 563 orbis
1102 535 1302 569 scindebatur,
1318 536 1526 572 exstingueret.

1007 601 1182 630 CLIII-CLV.
1201 602 1348 637 Gregorius
1365 603 1393 630 in
1408 603 1459 630 hac
1482 607 1542 632 erat
1565 605 1713 635 sententia,
1724 607 1755 632 ut
1773 604 1827 633 Me-

1042 638 1104 665 letio
1114 646 1257 675 successor
1271 647 1326 666 non
1338 639 1525 675 ordinaretur.
1541 640 1594 667 Sed
1613 640 1680 667 adeo
1700 648 1753 667 non
1770 649 1831 675 per-

1041 674 1172 709 suasit,ut
1186 675 1309 701 ornnium
1320 674 1458 709 peneodia
1473 676 1505 702 in
1517 683 1546 702 se
1557 676 1742 704 concitaverit.
1760 674 1832 704 Vin-

1041 710 1080 736 cit
1095 710 1236 742 iuniorum
1251 711 1335 744 factio
1347 711 1553 746 episcoporum.
1575 712 1622 746 qui
1637 712 1724 738 etiam
1745 713 1830 739 senio-

1041 753 1089 772 res
1105 746 1133 773 in
1151 753 1231 772 suam
1250 745 1411 779 pertrahunt
1431 745 1598 774 sententiain
1610 755 1622 778 ;
1638 752 1663 775 et
1681 747 1832 777 Flavianus

1039 781 1183 816 prcsllylcr
1198 781 1379 809 Anticchenus
1395 782 1496 809 Meletii
1510 790 1648 811 successor
1667 783 1767 811 itectus
1781 788 1832 812 est.

1044 817 1195 853 Qrz‘cnlalcs
1208 818 1233 853 et
1244 816 1427 844 Occidentales
1441 818 1569 853 episcopi.
1587 818 1672 846 variis
1681 819 1712 846 de
1727 820 1831 851 causis,

1044 851 1171 889 Gregorio
1187 852 1277 880 sedem
1291 861 1370 881 suam
1396 851 1554 889 relinquere
1576 855 1687 882 volenti.
1709 862 1766 882 non
1781 853 1829 882 ad-

1042 888 1233 916 aduersantur.
1239 909 1246 916 .

1045 945 1164 973 Sublato
1177 945 1267 981 igitur
1281 954 1296 973 e
1310 945 1382 973 vivis
1395 945 1520 981 Meletio,
1538 946 1667 983 Gregorii
1684 947 1832 977 sententia

1010 989 1075 1022 fuit,
1093 992 1175 1024 pacta
1190 998 1254 1017 esse
1270 991 1422 1024 servanda,
1440 999 1493 1018 nec
1508 991 1622 1018 Meletio
1634 992 1830 1024 ordinandum

1009 1042 1073 1061 esse
1089 1042 1305 1068 successorem;
1323 1035 1468 1070 siquidem
1489 1038 1576 1062 antea
1598 1039 1782 1070 convenerat,
1800 1039 1833 1064 ut

1009 1078 1051 1105 illi
1067 1078 1117 1114 qui
1134 1079 1216 1114 prius
1232 1082 1403 1112 moreretur,
1421 1079 1481 1107 sive
1501 1079 1653 1114 Paulinus,
1671 1081 1731 1108 sive
1751 1081 1834 1109 Mele-

1008 1123 1068 1151 tius
1083 1123 1167 1158 foret,
1184 1123 1284 1151 nullus
1303 1125 1523 1160 subrogarctur,
1539 1127 1568 1151 et
1593 1127 1744 1160 superstes
1760 1125 1834 1154 alter

1007 1167 1220 1196 Antiochenam
1237 1169 1335 1196 sedem
1357 1172 1520 1204 occuparet.
1547 1171 1612 1197 Haec
1628 1169 1760 1207 inquam,
1779 1170 1818 1202 fui

1007 1211 1138 1250 Gregorii
1164 1213 1317 1247 sententia,
1343 1213 1389 1241 cui
1412 1214 1530 1249 quidem
1556 1214 1580 1241 si
1603 1214 1696 1241 ceteri
1714 1214 1830 1250 paruis-

1007 1260 1082 1290 sent,
1109 1266 1216 1294 magna
1244 1258 1294 1285 illa
1315 1257 1353 1286 lis
1377 1258 1539 1294 composita
1564 1258 1675 1286 fuisset.
1701 1259 1830 1288 Suadere

1007 1304 1128 1331 conatus
1143 1305 1199 1334 est.
1216 1305 1249 1330 ut
1263 1303 1408 1331 sineretur
1429 1302 1578 1335 Paulinus.
1594 1303 1657 1338 jam
1671 1302 1752 1337 senio
1766 1311 1831 1331 con-

1007 1346 1110 1381 fectus,
1128 1346 1226 1382 paucis
1241 1347 1345 1374 diebus
1362 1347 1472 1383 quibus
1496 1347 1555 1374 vita
1579 1350 1729 1384 superstes
1747 1348 1830 1384 foret,

1006 1391 1088 1419 solus
1099 1391 1308 1419 Antiochenam
1323 1392 1421 1419 sedem
1433 1399 1594 1427 occupare;
1611 1400 1669 1428 quo
1681 1392 1828 1426 detuncto,

1006 1435 1035 1462 in
1052 1436 1115 1471 ejus
1131 1437 1200 1462 tunc
1225 1435 1320 1463 locum
1348 1435 1542 1472 subrogarent
1564 1435 1726 1464 Orientales
1742 1445 1828 1472 quem

1005 1478 1120 1506 vellent.
1139 1481 1203 1506 Haec
1218 1480 1281 1514 ejus
1298 1479 1377 1507 fuere
1393 1480 1481 1507 verba
1496 1480 1530 1506 ad
1556 1480 1668 1507 concilii
1685 1480 1827 1508 Constan-

1004 1523 1188 1559 tinopolitani
1216 1524 1313 1551 Patres
1337 1523 1398 1558 (a):
1421 1535 1435 1548 ‹‹
1461 1524 1611 1551 Thronum
1637 1524 1761 1552 retineat
1776 1525 1827 1560 qui

1004 1568 1098 1595 tenuit
1113 1568 1146 1595 ad
1165 1567 1241 1595 hunc
1256 1568 1333 1595 diem
1350 1568 1465 1604 (nempe
1489 1568 1641 1604 Paulinus)
1658 1577 1664 1596 :
1683 1569 1752 1605 quid
1770 1569 1824 1597 hoc

1004 1612 1127 1640 nocebit.
1145 1623 1159 1637 »
1175 1614 1231 1645 etc,
1246 1612 1323 1639 Nihil
1339 1615 1399 1639 tam
1417 1613 1552 1648 prudenti
1576 1614 1720 1641 sententia
1732 1606 1826 1649 profe-

1003 1657 1042 1684 cit
1057 1656 1357 1693 Grcgorius,adeoque
1372 1665 1429 1683 non
1446 1658 1591 1692 persuasit
1606 1657 1684 1693 quod
1699 1657 1824 1695 volebat,

1003 1710 1054 1729 nec
1070 1702 1248 1729 dissidentes
1261 1701 1296 1728 ad
1312 1701 1498 1729 concordiam
1518 1702 1670 1735 revocavit,
1688 1704 1721 1729 ut
1736 1703 1823 1730 etiam

1001 1746 1134 1773 omnium
1150 1746 1177 1772 in
1195 1754 1226 1773 se
1241 1745 1308 1773 odia
1323 1745 1499 1773 incenderet.
1517 1746 1547 1773 In
1566 1755 1620 1774 sua
1643 1748 1741 1774 tamen
1758 1755 1823 1774 sen-

1001 1790 1103 1824 tentia,
1119 1790 1162 1817 vir
1172 1789 1246 1826 justi
1263 1790 1390 1825 rectique
1405 1792 1677 1826 tensx,constanter
1691 1799 1823 1828 perseve-

1001 1835 1084 1870 ravit,
1101 1836 1282 1863 contestatus
1295 1842 1328 1863 se
1343 1834 1448 1862 throno
1473 1834 1630 1870 episcopali
1649 1835 1746 1870 potius
1760 1843 1823 1863 ces-

1000 1887 1115 1911 surum,
1132 1887 1219 1915 quam
1237 1881 1270 1906 ut
1283 1887 1343 1914 eos,
1358 1879 1384 1906 si
1401 1887 1490 1914 prava
1504 1879 1701 1913 decernerent,
1718 1888 1823 1915 seque-

1000 1927 1089 1951 retur.
1107 1924 1173 1955 Quie
1193 1923 1323 1959 Gregorii
1344 1923 1515 1951 contestatio
1530 1923 1676 1950 indecoris
1704 1926 1824 1959 excepta

1000 1971 1045 1995 est
1060 1967 1237 1995 clamoribus
1261 1967 1298 2002 (b)
1316 1976 1322 1995 :
1342 1977 1355 1992 α
1378 1967 1533 1994 clamitant
1557 1967 1599 1994 illi
1624 1967 1764 2002 undique,
1792 1970 1824 1995 ut

1000 2011 1187 2048 graculorum
1202 2012 1298 2046 turba,
1316 2023 1330 2036 ››
1346 2011 1505 2046 etc.ltaque
1518 2011 1747 2046 vicitjuniorum
1764 2012 1823 2048 epi-

1000 2064 1156 2092 scoporum
1171 2055 1268 2089 factio,
1291 2056 1341 2091 qui
1363 2056 1490 2083 seniores
1512 2056 1540 2083 in
1556 2064 1642 2083 suam
1658 2059 1822 2092 pertraxere

1000 2101 1176 2128 sententiam
1190 2109 1197 2134 ;
1210 2103 1298 2135 atque
1313 2099 1495 2134 etiam,haud
1511 2100 1629 2135 quidem
1647 2108 1698 2135 per
1711 2108 1754 2133 se,
1770 2101 1820 2128 sed

1000 2154 1052 2182 per
1066 2145 1195 2181 Gregorii
1211 2144 1380 2180 familiares,
1396 2144 1493 2180 ipsius
1501 2144 1694 2172 constantiam
1711 2148 1823 2173 tentare

999 2190 1064 2218 ausi
1080 2192 1196 2223 sunt,ut
1210 2190 1368 2217 suaderent
1384 2189 1411 2216 id
1429 2189 1507 2225 quod
1523 2190 1559 2217 de
1571 2189 1707 2217 Flaviano
1723 2190 1753 2217 in
1768 2192 1825 2218 lte-

999 2235 1060 2262 letii
1077 2234 1173 2262 locum
1189 2233 1394 2261 substituendo
1410 2233 1586 2270 cogitabant.
1601 2234 1657 2262 Sed
1673 2234 1823 2269 repulsam

1001 2279 1078 2315 passi
1096 2280 1174 2311 sunt,
1195 2289 1208 2303 ι(
1224 2278 1298 2310 Quid
1315 2286 1433 2305 necesse
1448 2281 1493 2305 est
1518 2278 1623 2311 dicere,
1651 2278 1760 2313 quibus
1774 2286 1823 2306 vo-

123 2333 135 2345 u
152 2330 293 2358 sponsum
317 2331 432 2358 sponsa
456 2323 549 2356 daret,
565 2335 580 2348 »ι
596 2326 629 2351 ut
648 2323 781 2359 loquitur
795 2327 945 2361 Nyssenus
961 2328 983 2360 Β
1000 2324 1083 2351 cibus
1098 2324 1134 2351 ab
1149 2323 1194 2350 his
1216 2322 1319 2350 amicis
1338 2325 1438 2350 nostra
1452 2322 1574 2350 canities
1589 2323 1644 2350 luit
1659 2323 1793 2351 tentata?
1808 2334 1823 2348 ››

122 2366 167 2402 qui
186 2366 242 2395 hac
259 2367 306 2395 die
332 2368 496 2400 orationem
526 2367 637 2395 habuit.
670 2367 827 2404 Gregorius
847 2372 947 2398 noster

121 2411 233 2439 concilii
243 2420 349 2448 praeses
360 2411 454 2443 fuisse
468 2412 591 2447 videtur,
599 2412 624 2439 si
636 2412 736 2441 minus
746 2414 847 2442 statim
859 2417 947 2451 atque

122 2455 147 2483 in
156 2456 230 2484 solio
241 2457 401 2493 episcopali
414 2457 592 2487 constitutus
604 2457 775 2490 t'uit,saltem
791 2461 946 2495 postquam

121 2508 196 2529 mors
210 2501 336 2529 abstulit
353 2502 514 2536 Meletium,
542 2501 628 2529 bonis
652 2502 789 2532 omnibus
808 2502 947 2540 ﬂebilem,

121 2545 191 2573 nulli
207 2554 275 2573 vero
289 2545 464 2574 ﬂebiliorem
479 2554 568 2582 quam
587 2545 734 2583 Gregorio.
751 2546 878 2583 Insignis
895 2548 948 2575 hoc

121 2590 226 2618 secqu
239 2590 383 2626 moribus,
400 2591 519 2627 pietate,
534 2591 657 2621 scientia
671 2591 776 2627 praesul
794 2591 849 2619 fuit
860 2592 947 2620 Mele-

121 2634 188 2668 tius,
211 2636 342 2663 maxime
369 2643 436 2664 vero
461 2636 670 2664 certaminibus
695 2644 747 2671 pro
767 2636 949 2665 defendenda

119 2680 235 2708 veriiate
252 2681 395 2709 adversus
412 2680 563 2709 haereticos
577 2680 735 2716 susceptis,
752 2681 807 2708 sub
823 2681 949 2717 impera-

120 2723 230 2752 toribus
245 2723 430 2758 Co'nstantio,
444 2724 709 2757 Juliano,Valente,
723 2732 740 2752 a
754 2725 863 2760 quibus
874 2734 950 2762 siepe

121 2766 147 2795 in
170 2769 311 2797 exsilium
326 2769 434 2805 pulsus
457 2769 522 2797 fuit.
548 2768 681 2797 Ecclesiaa
705 2777 807 2806 pacem
831 2773 951 2799 sanctus

154 2869 192 2905 (ι)
208 2870 309 2897 Carm.
328 2870 366 2898 De
379 2866 438 2897 vita
453 2877 511 2902 sua,
526 2871 601 2897 ve‘rs.
619 2866 697 2903 ηπ,
715 2870 770 2898 etc.

1002 2368 1068 2395 Haec
1083 2370 1112 2395 et
1126 2366 1183 2395 alia
1207 2367 1292 2403 plura
1315 2367 1483 2403 Gregorius,
1508 2367 1557 2402 qui
1583 2367 1823 2403 indignabundus

1003 2424 1018 2438 «
1048 2421 1064 2440 ο
1092 2412 1189 2439 medio
1220 2412 1322 2447 pedem
1352 2412 1439 2447 cmpit
1466 2412 1610 2440 eximere:
1628 2423 1642 2436 (ι
1666 2411 1725 2439 imo
1753 2415 1782 2439 et
1809 2420 1825 2439 e

1002 2458 1090 2485 domo
1114 2465 1167 2484 sua
1192 2457 1222 2484 in
1247 2456 1333 2484 aliam
1359 2457 1506 2491 migravit,
1522 2456 1678 2484 extrahens
1693 2456 1824 2492 seipsum

1004 2512 1020 2529 ι
1035 2510 1052 2529 a
1067 2501 1212 2537 profundo
1226 2500 1365 2534 ecclesiis,
1384 2511 1398 2526 ››
1416 2501 1465 2528 ubi
1479 2501 1585 2528 domus
1594 2502 1659 2528 erat
1673 2500 1823 2536 episcopa-

1002 2546 1090 2580 lis,ut
1106 2545 1206 2581 procul
1221 2547 1299 2573 esset
1313 2556 1330 2570 »
1346 2554 1363 2572 a
1379 2545 1464 2573 malis
1480 2545 1666 2573 sermonibus
1679 2548 1708 2572 et
1722 2552 1825 2572 conve-

1003 2591 1113 2618 tibus.»
1130 2588 1167 2617 Ut
1181 2590 1292 2617 audivit
1303 2589 1429 2626 populus
1439 2590 1559 2617 domum
1573 2597 1590 2617 a
1599 2589 1737 2626 Gregorio
1745 2597 1824 2617 com-

1004 2638 1148 2664 mutatam
1163 2642 1237 2669 esse,
1255 2642 1328 2670 pene
1343 2634 1514 2662 incredibile
1529 2636 1573 2661 est
1588 2634 1697 2670 quibus
1711 2634 1826 2670 gemiti-

1005 2681 1070 2713 bus,
1082 2682 1154 2715 quot
1166 2681 1194 2706 et
1210 2679 1329 2714 quantis
1344 2678 1480 2714 lacrymis
1495 2680 1641 2714 pastorem
1658 2686 1746 2705 suum
1763 2687 1826 2706 om-

1005 2733 1057 2752 nes
1072 2723 1210 2752 Catholici
1227 2723 1487 2759 detlerent,quibus
1496 2723 1749 2755 orationibus,uta
1760 2731 1828 2759 pro-

1006 2769 1100 2806 posito
1111 2768 1275 2803 desisteret,
1292 2776 1359 2795 cum
1375 2776 1409 2796 eo
1420 2767 1692 2797 contenderent.His
1708 2767 1827 2804 quidem

1046 2868 1082 2903 (b)
1098 2866 1183 2900 Ibid.,
1199 2875 1273 2894 vers.
1292 2867 1370 2894 1613.
