4096 6288
281 383 405 444 329

288 603 565 670 condidit,
588 603 745 674 quod
779 602 1098 658 etiamnum
1129 609 1335 672 exstat,
1362 607 1644 677 appositis
1679 608 1937 678 plurium

289 692 693 762 episcoporum
739 691 1100 757 nominibus,
1134 694 1233 764 qui
1265 700 1404 748 tunc
1437 694 1935 768 Constantinopoli

289 780 697 834 versabantur.
771 802 799 828 «
861 780 1010 836 Sane
1062 786 1476 838 testamentum
1522 784 1649 853 hoc,
1684 807 1713 835 ››
1746 785 1942 857 inquit

292 868 643 923 Possevinus
681 868 781 939 (α),
843 868 1257 940 dignissimum
1322 877 1431 941 est,
1489 871 1547 926 in
1606 874 1759 943 quod
1828 873 1943 945 epi-

297 957 472 1027 scopi,
508 957 722 1028 quique
755 958 1079 1013 sacerdotia
1111 959 1348 1032 pinguia
1386 966 1605 1027 tenent,
1656 962 1807 1017 serio
1852 962 1941 1016 in-

295 1046 566 1117 spiciant,
614 1062 868 1117 eumque
928 1047 1253 1114 imitentur,
1311 1050 1357 1105 si
1418 1049 1598 1104 velint
1650 1050 1850 1123 procul
1910 1068 1944 1107 a

299 1152 464 1189 carne
490 1140 551 1191 et
581 1137 870 1206 sanguine
900 1136 1013 1191 sibi
1068 1142 1126 1191 et
1188 1138 1523 1194 animarum
1582 1138 1759 1195 saluti
1790 1139 1939 1195 serio

301 1222 618 1278 consulere.

436 1328 639 1385 CLXII.
673 1360 743 1368 ——
771 1330 1129 1385 Nazianzum
1158 1334 1463 1387 revertitur
1494 1333 1801 1405 Gregorius.

371 1437 703 1508 Gregorius,
739 1441 828 1491 tot
856 1436 1125 1509 gloriosis
1156 1439 1437 1493 adversus
1495 1439 1797 1494 haereticos
1848 1440 1947 1494 de-

302 1526 535 1579 functus
568 1525 909 1596 przeliis,tot
938 1526 1247 1581 exantlatis
1268 1527 1565 1583 laboribus
1587 1529 1658 1583 ad
1680 1544 1949 1599 reparan-

300 1615 429 1668 dam
460 1615 634 1669 {idem
669 1615 999 1685 antiquam,
1024 1632 1152 1685 quae
1184 1632 1329 1686 pene
1359 1615 1616 1687 collapsa
1638 1624 1763 1671 erat
1778 1621 1952 1671 Cons-

296 1702 665 1773 tantinopoli,
693 1702 947 1774 denique
978 1708 1059 1758 tot
1090 1706 1266 1759 rebus
1290 1704 1561 1774 praeclare
1591 1706 1794 1777 gestis.
1814 1721 1953 1776 gau-

296 1792 387 1845 dio
420 1791 677 1862 gestiens
710 1790 952 1861 patriam
989 1794 1216 1863 repetit,
1249 1793 1307 1847 in
1339 1810 1458 1865 qua
1480 1810 1541 1848 se
1572 1798 1687 1849 otio
1719 1810 1784 1849 ac
1815 1794 1951 1864 qui-

295 1885 384 1934 ete
417 1885 737 1949 optataque
768 1879 1086 1934 solitudine
1116 1880 1435 1935 fruiturum
1470 1884 1762 1953 sperabat.
1796 1882 1947 1937 Gau-

293 1969 386 2023 dio
420 1975 620 2022 tamen
656 1968 975 2038 permistus
1005 1974 1129 2023 erat
1161 1969 1326 2025 dolor
1355 1986 1368 2024 :
1414 1987 1528 2025 non
1576 1972 1730 2025 enim
1778 1971 1950 2027 siccis

293 2056 479 2113 oculis
510 2057 718 2112 dulces
752 2062 939 2125 natos,
964 2074 1108 2129 quos
1141 2059 1199 2113 in
1233 2058 1519 2114 catholica
1559 2060 1673 2115 fide
1730 2075 1950 2131 genue-

294 2154 400 2210 rat,
434 2153 492 2200 et
524 2146 763 2200 cbaram
800 2146 974 2216 liquit
1004 2147 1396 2202 Anastasiam.
1432 2149 1489 2202 ln
1522 2148 1713 2202 natale
1757 2148 1949 2203 solum

292 2252 443 2307 aeger
473 2233 731 2299 advenit,
766 2250 872 2288 nec
904 2234 1117 2289 idcirco
1150 2252 1317 2290 suam
1350 2236 1780 2291 abdicationem
1828 2236 1951 2308 plu-

294 2325 458 2377 ribus
518 2330 662 2376 tunc
721 2322 1085 2393 approbavit,
1145 2322 1279 2377 licet
1334 2322 1678 2394 praeclarum
1725 2325 1950 2379 facinus

298 2416 456 2465 tanta
491 2410 585 2464 sui
625 2409 916 2464 oblivione
946 2411 1268 2477 decretum,
1292 2416 1458 2466 tanta
1490 2412 1669 2466 animi
1704 2412 1950 2467 elatione

298 2504 795 2565 consummatum,
828 2515 1029 2554 omnes
1062 2499 1306 2570 posthac
1337 2499 1532 2555 mirati
1564 2501 1701 2555 sint.
1727 2501 1951 2555 Amico-

302 2605 431 2643 rum
463 2586 632 2641 ναι-ἰῶ
666 2587 737 2641 de
765 2586 872 2641 hac
906 2604 965 2643 re
996 2588 1300 2659 Opiniones
1331 2588 1673 2661 Gregorium
1707 2607 1821 2645 non
1866 2589 1949 2645 la-

299 2681 559 2731 tuerunt.
592 2676 911 2747 Philagrio,
944 2676 1065 2731 viro
1097 2677 1424 2749 spectabili,
1444 2677 1825 2749 semetipsum
1851 2693 1952 2749 per

302 2765 524 2821 litteras
558 2766 857 2819 excusanti
892 2766 1045 2836 quod
1080 2782 1211 2820 eum
1274 2783 1387 2820 non
1444 2766 1739 2830 inviseret,
1771 2784 1837 2821 ac
1876 2768 1948 2821 ti-

306 2871 457 2909 mere
488 2870 553 2908 se
584 2854 937 2925 signiﬁcanti
982 2870 1055 2908 ne
1084 2853 1260 2908 nimis
1294 2856 1726 2910 inconsiderate
1780 2871 1949 2910 suam

308 2942 427 3013 ipse
456 2941 772 3014 Gregorius
806 2941 1120 2997 Ecclesiam
1151 2942 1525 3008 deseruisset,
1567 2948 1649 2997 ita
1707 2957 1950 3013 respon-

312 3030 387 3084 dit
413 3032 530 3101 (b):
567 3053 595 3079 ‹‹
635 3030 700 3083 Et
731 3045 823 3084 me
854 3029 997 3085 scito
1025 3030 1342 3085 admodum
1376 3031 1593 3086 afﬂicta
1621 3048 1750 3087 esse
1795 3031 1950 3086 vale-

308 3118 573 3173 tudine...
608 3117 786 3173 Nobis
817 3118 1271 3189 haudquaquam
1306 3134 1480 3189 parva
1507 3116 1767 3189 levisque
1826 3134 1950 3173 mo-

306 3208 484 3261 menti
520 3215 656 3261 sun‘
690 3223 777 3270 ea,
822 3207 892 3261 de
924 3207 1140 3277 quibus
1168 3207 1494 3277 scripsisti:
1557 3207 1798 3278 proinde
1848 3222 1951 3261 nec

310 3296 416 3367 ipsi
450 3294 842 3367 perfunctorie
872 3300 929 3350 et
958 3294 1337 3366 negligenter,
1369 3296 1466 3350 sed
1517 3312 1797 3367 perquam
1855 3311 1947 3350 ac-
1980 3283 2024 3350 Ο

307 3392 526 3452 curate,
558 3384 926 3439 considerata
955 3400 1015 3438 re
1046 3389 1221 3455 atque
1252 3399 1559 3455 perpensa,
1591 3385 1663 3438 ad
1722 3384 1830 3440 hoc
1859 3385 1954 3455 ju-

304 3473 523 3528 dicium
556 3474 845 3527 venimus.
879 3472 1038 3528 Fessi
1070 3488 1135 3527 ac
1163 3471 1327 3527 fracti
1356 3489 1583 3539 sumus,
1621 3488 1753 3526 cum
1805 3472 1952 3528 invi-

302 3562 418 3625 dia,
436 3566 651 3616 etcum
672 3562 858 3616 sacris
877 3560 1168 3631 episcopis
1190 3577 1562 3616 communem
1582 3561 1952 3616 concordiam

300 3650 741 3715 dirimentibus,
762 3650 1011 3720 ﬁdeique
1033 3666 1271 3704 causam
1291 3648 1532 3720 privatis
1562 3650 1947 3705 contentioni-

298 3740 413 3795 bus
442 3739 821 3810 posteriorem
848 3737 1952 3805 habentibus,concertantes.0uocirca

298 3828 517 3898 navigii
554 3843 806 3898 proram,
840 3830 907 3882 ut
935 3827 1047 3882 dici
1080 3827 1247 3894 solet,
1281 3832 1632 3896 convertere,
1657 3844 1947 3899 nosque...

296 3917 355 3971 in
391 3933 499 3971 nos
531 3917 692 3987 ipsos
723 3915 993 3987 colligere
1026 3915 1423 3971 decrevimus:
1449 3921 1622 3987 atque
1652 3916 1796 3972 alios
1825 3917 1951 3987 qui-

296 4006 431 4061 dem
464 4005 697 4060 eminus
728 4012 992 4076 spectare
1015 4009 1223 4060 mutuo
1252 4021 1314 4060 se
1346 4005 1715 4077 impetentes.
1746 4026 1776 4055 »

364 4111 611 4167 CLXIII.
646 4115 971 4183 Episcopum
1001 4112 1273 4237 Nazitanzi
1300 4113 1628 4167 constituere
1662 4113 1878 4183 frustra

994 4199 1131 4237 cona
1155 4200 1243 4237 ur.

994 4199 1092 4239 €011
1098 4199 1243 4237 amr.

363 4293 640 4345 Attamen
672 4290 730 4344 in
765 4290 1019 4362 patriam
1050 4305 1279 4345 reverso
1336 4306 1406 4345 ea
1462 4289 1577 4345 frui
1603 4289 1824 4361 requie,
1855 4290 1948 4346 cui

300 4384 604 4451 tantopere
637 4380 931 4449 studebat,
978 4395 1083 4434 nec
1140 4378 1459 4433 domestico
1519 4380 1719 4433 statim
1784 4378 1951 4434 licuit

300 4468 489 4523 otiari.
526 4467 785 4522 Vacabat
816 4484 920 4539 per
949 4467 1007 4521 id
1040 4467 1320 4539 temporis
1354 4466 1615 4522 Ecclesiae
1643 4467 1949 4524 Nazianze-

300 4573 382 4609 na:
413 4557 603 4621 sedes,
639 4560 1031 4627 nequicquam
1060 4557 1372 4611 Sozomeno
1404 4556 1763 4611 contrarium
1796 4558 1944 4611 scri-

1625 386 1811 448 VITA
1857 387 1924 447 S.
1972 385 2369 451 GREGORII.

285 517 606 583 rogaretur.
668 513 1021 603 Priusquam
1104 514 1446 583 discederet,
1515 520 1934 573 testamentum
1967 536 2022 603 Α

3570 408 3693 470 230

2297 524 2454 598 {lane
2480 524 2663 598 enim,_
2681 541 2805 579 cum
2843 526 3124 598 defecisset

2298 595 2440 668 lfene
2470 611 2601 668 vera
2630 595 2898 668 doctrina,

2297 665 2540 720 Servavit
2570 667 2717 736 ligno

2298 740 2536 803 Magnus
2571 743 2728 806 pater
2755 756 2930 804 meus,

2298 807 2476 861 Totius
2505 813 2677 863 totam
2710 812 2989 867 Trinitatis

2299 878 2592 934 Cuttricem
2621 881 2870 937 reddens.

2298 950 2454 1028 {tunc
2477 953 2745 1028 a/ﬂietam
2775 954 2975 1028 absque
2999 959 3262 1028 praesule,

2302 1020 2457 1075 Velut
2486 1039 2682 1078 navem
2714 1025 2775 1077 in
2803 1020 2935 1091 alio,

2297 1094 2584 1147 Carentem
2609 1095 2973 1164 gubernatore

2301 1164 2573 1235 laetatam
2601 1170 2922 1235 tempestate

2310 1234 2674 1307 Maximorum
2704 1234 3003 1307 malorum,

2300 1306 2605 1361 Extra/iere
2633 1324 2662 1362 e
2690 1312 2911 1378 gurgite
2940 1306 3207 1368 volebam.

2130 1395 2271 1446 Cum
2307 1410 2437 1450 vero
2473 1397 2634 1451 navis
2666 1414 2812 1468 pene
2843 1400 3146 1456 confracta!
3180 1402 3407 1460 clavum
3467 1425 3570 1462 nec
3622 1413 3705 1466 te-

2059 1495 2194 1535 nere
2215 1480 2326 1552 ipsi
2352 1485 2584 1539 animus
2610 1490 2784 1549 esset.
2810 1504 2914 1543 nec
2940 1506 3041 1559 per
3054 1491 3447 1549 valetudinem
3472 1496 3707 1569 liceret;

2062 1587 2286 1626 memor
2322 1579 2519 1628 tamen
2552 1575 2629 1644 pii
2664 1578 2924 1646 parentis
2956 1578 3013 1632 in
3074 1580 3181 1635 hac
3231 1585 3609 1653 gubernanda
3656 1594 3713 1645 et

2061 1658 2441 1716 instauranda
2470 1662 2759 1729 laborum,
2783 1682 2911 1720 eam
2938 1668 3170 1738 penitus
3194 1674 3498 1745 naufragio
3522 1678 3708 1746 perire

2062 1764 2176 1802 non
2213 1750 2449 1805 ferebat.
2482 1757 2680 1823 Itaque
2720 1754 2910 1809 virum
2944 1756 3284 1829 frangendis
3332 1766 3708 1822 aastuanlium

2064 1838 2353 1893 undarum
2386 1839 2720 1897 incursibus
2752 1843 3023 1900 idoneum
3057 1848 3104 1901 ei
3138 1850 3429 1918 praeficere
3459 1855 3702 1921 curavit,

1979 1917 2026 1982 B
2058 1925 2246 1980 virum
2279 1928 2513 1998 quidem
2556 1931 2747 1985 adhuc
2779 1930 2993 1989 laicum
3028 1941 3203 2007 atque
3234 1941 3417 1994 aerarii
3451 1943 3704 2000 ecclesias

2060 2015 2362 2070 custodem
2396 2033 2597 2073 recens
2659 2022 3066 2083 constitutum.
3115 2032 3322 2083 caetera
3370 2029 3705 2101 virtutibus,

2061 2104 2263 2173 quales
2301 2103 2359 2158 in
2394 2106 2668 2179 episcopo
2701 2110 2984 2179 requiras,
3011 2113 3319 2186 insigniter
3347 2125 3620 2176 ornatum
3653 2127 3710 2179 et

2060 2193 2292 2247 abunde
2323 2193 2699 2249 instructum.
2722 2197 2929 2252 Verum
2964 2216 3126 2271 spem
3162 2207 3440 2262 mentitus
3466 2214 3557 2264 est
3590 2211 3706 2267 exi-

2059 2285 2177 2345 tus,
2199 2281 2482 2354 ﬂagrante
2504 2284 2723 2339 invidia
2745 2288 3215 2359 presbyterorum
3244 2294 3505 2352 Ecclesias
3529 2317 3542 2365 ;
3569 2317 3710 2371 qua-

2060 2386 2191 2459 rum
2218 2388 2349 2439 pars
2377 2389 2411 2426 a
2444 2372 2719 2445 Gregorio
2742 2374 3200 2435 Sarcolatrarum
3242 2383 3536 2455 appellata
3559 2388 3706 2459 (Til-

2060 2457 2377 2514 lemontius
2399 2460 2849 2531 Apollinaristas
2879 2465 3521 2543 interpretatur)palam
3546 2457 3707 2548 aper-

2056 2551 2230 2618 teque
2261 2550 2656 2621 repugnabat;
2690 2569 2821 2622 pars
2852 2555 3307 2615 obsecundantis
3332 2566 3523 2634 specie
3552 2565 3706 2621 clan-

2058 2635 2256 2691 culum
2288 2639 2745 2695 adversabatur:
2781 2644 3054 2714 quodque
3085 2650 3271 2721 magis
3293 2652 3521 2721 mirere,
3551 2657 3702 2711 anti-

2060 2724 2227 2779 etites
2258 2725 2451 2815 quise
2505 2727 2764 2815 Gregorii
2823 2732 3047 2787 amicos
3104 2737 3545 2808 proﬁtebantur,
3597 2744 3701 2815 qui

2059 2829 2228 2867 suam
2257 2813 2337 2866 illi
2371 2813 2480 2869 hac
2512 2814 2569 2869 in
2612 2834 2671 2871 re
2699 2834 2868 2889 opem
2900 2827 3066 2877 erant
3096 2827 3362 2897 professi,
3398 2830 3569 2886 {idem
3602 2813 3704 2888 da-

2061 2904 2178 2992 tam
2214 2900 2559 2992 fefellerunt.
2594 2905 2777 2968 Quam
2838 2925 3010 2979 porro
3066 2916 3319 2982 graviter
3375 2918 3431 2972 id
3480 2921 3701 2992 tulerit,

2060 2988 2152 3043 his
2182 2994 2353 3061 atque
2385 2991 2516 3047 aliis
2555 2994 2747 3049 verbis
2804 2997 2862 3051 in
2920 2999 3121 3055 eodem
3184 3006 3442 3062 carmine
3481 2988 3703 3081 signiﬂ;

2060 3083 2153 3133 cat
2176 3096 2190 3134 :

2312 3174 2700 3248 Iferumtamen
2732 3174 2979 3247 deceptus
3006 3188 3154 3248 sunt,
3188 3197 3217 3237 ο
3252 3184 3489 3242 Trinitas

2307 3241 2346 3295 A
2379 3258 2464 3296 me
2488 3245 2793 3313 praedicata
2813 3252 2833 3301 !

2315 3314 2486 3390 feriit
2514 3314 2648 3390 ﬁdes
2678 3320 2737 3370 in
2770 3318 2955 3390 Deum,

2307 3384 2485 3439 Periit
2510 3401 2581 3441 ea:
2606 3388 2939 3446 hominibus.

2309 3455 2423 3535 Quo
2453 3459 2576 3535 quis
2603 3474 2661 3513 se
2688 3464 2935 3529 conferat
2952 3465 2978 3516 ?
3004 3470 3057 3519 et
3083 3466 3276 3535 quibus

2305 3528 2507 3597 Jungat
2534 3544 2589 3583 se
2615 3528 2818 3585 socium
2838 3535 2863 3584 ?

2131 3612 2360 3669 CLXIV.
2394 3617 2693 3671 Arianzum
2726 3634 2782 3673 se
2811 3621 3031 3761 rec;pit,
3062 3630 3113 3677 et
3150 3624 3278 3681 inde
3321 3628 3629 3687 Caesaream

2721 3705 2776 3745 se
2802 3706 2902 3745 con
2929 3702 3032 3747 ert.

2721 3705 2776 3745 86
2802 3702 3032 3747 confert.

2128 3772 2275 3828 Tum
2305 3791 2440 3829 vero
2461 3773 2793 3847 Gregorius,
2822 3779 3138 3837 commissa
3158 3783 3429 3842 Cledonio
3458 3790 3696 3863 presby-

2056 3864 2179 3917 tero
2201 3864 2572 3919 Nazianzente
2604 3866 2869 3923 Ecclesia:
2899 3885 3057 3937 cura,
3108 3872 3444 3941 Arianzum,
3477 3878 3535 3932 in
3595 3881 3696 3935 do-

2058 3966 2221 4006 mum
2254 3959 2581 4023 paternam,
2613 3954 2963 4012 valetudinis
3020 3976 3197 4016 causa
3255 3968 3311 4018 et
3358 3965 3696 4025 solitudinis

2057 4057 2254 4096 amore
2286 4058 2347 4096 se
2379 4043 2611 4114 recepit,
2636 4059 2740 4098 nec
2768 4050 2900 4100 ante
2932 4049 3190 4104 medium
3221 4052 3450 4109 circiter
3473 4072 3696 4114 annum

2056 4128 2161 4182 382
2190 4129 2537 4185 Nazianzum
2570 4147 2835 4187 reversus
2866 4140 2973 4189 est.
2997 4135 3317 4195 Caesaream
3376 4141 3598 4200 interea
3636 4163 3701 4203 se

2056 4217 2322 4283 contulit,
2355 4224 2418 4272 ut
2451 4218 2660 4275 Basilio
2692 4220 2923 4293 Magno,
2949 4225 3139 4282 tribus
3160 4228 3375 4287 abhinc
3394 4248 3570 4305 pr0pe
3591 4252 3696 4290 an-
3794 4270 3802 4277 -

2058 4305 2148 4360 nis
2179 4307 2249 4360 ad
2283 4323 2527 4378 superos
2567 4315 2817 4379 evocato,
2872 4313 3036 4381 justa
3094 4317 3479 4385 persolveret:
3541 4324 3695 4393 quod

2057 4395 2295 4466 quidem
2330 4395 2388 4450 in
2421 4398 2680 4452 oratione
2707 4415 2862 4455 nunc
2890 4416 2997 4456 Lxu
3030 4404 3116 4458 sic
3150 4412 3461 4463 exsecutus
3491 4416 3601 4475 est,
3636 4415 3699 4466 ut

2054 4483 2112 4537 in
2149 4484 2440 4555 praeclaris
2472 4484 2642 4540 amici
2680 4487 3037 4546 facinoribus
3095 4497 3444 4551 enarrandis
3492 4514 3696 4554 omnes

2055 4571 2397 4645 eloquentiae
2452 4573 2792 4631 Christianis
2848 4594 2986 4651 Opes
3080 4584 3473 4653 profunderet,
3519 4592 3696 4660 atque

299 4644 483 4699 bente.
519 4650 681 4700 Hanc
710 4646 866 4700 enim
895 4644 1012 4701 sibi
1042 4644 1447 4700 charissimam
1485 4644 1823 4713 Ecclesiam,
1847 4662 1942 4701 na-

2060 4644 2541 4719 obtrectatoribus
2567 4665 2665 4737 qui
2699 4644 2903 4723 Basilii
2959 4644 3215 4729 indolem
3264 4644 3560 4747 accusare,
3594 4644 3698 4734 aut

297 4733 377 4788 vis
409 4736 599 4788 instar
654 4734 896 4790 ductore
956 4736 1230 4799 carentis,
1292 4732 1501 4788 mediis
1556 4733 1616 4787 in
1668 4733 1941 4790 ﬂuctibus

294 4827 608 4888 errantem,
668 4822 941 4895 procellis
993 4827 1182 4877 actam
1255 4826 1313 4877 et
1388 4820 1939 4893 Apollinaristarum

292 4911 629 4967 incursibus
683 4917 1008 4984 patentem,
1065 4929 1098 4967 a
1154 4926 1217 4966 se
1274 4910 1568 4965 inventam
1627 4911 1941 4983 Gregorius

287 5001 412 5072 ipse
440 5006 699 5056 testatur
756 5002 1010 5057 iambico
1060 4999 1318 5056 carmine
1374 4999 1515 5055 olim
1567 5016 1726 5070 χχιιι,
1785 5016 1941 5056 nunc

287 5107 385 5145 cu
417 5090 490 5161 (ε)
518 5107 533 5144 :

538 5178 672 5233 Cum
703 5182 855 5235 enim
884 5181 1171 5244 venissem,
1198 5179 1504 5249 peregrinae

534 5251 814 5323 Linquens
842 5251 1026 5306 sedem
1050 5253 1234 5315 terrae,

535 5326 876 5395 Dulcemque
902 5323 1114 5393 plebem

537 5395 599 5450 Ut
624 5395 758 5462 vidi,
779 5392 983 5449 statim
1010 5393 1182 5448 menti
1210 5392 1451 5446 occurrit

529 5468 688 5528 Area,
724 5481 853 5536 qua?
880 5466 997 5519 sola

529 5538 748 5608 bﬂ‘ugit
776 5537 1270 5592 inundationem...

346 5662 431 5746 l9.)
448 5663 664 5746 ΑΡΡΨ·
696 5677 849 5746 ξασλι
874 5677 934 5733 Ρ’
966 5661 1096 5714 6⁷1·

346 5732 418 5803 (b)
447 5732 637 5805 Epist.
668 5734 747 5790 al.
776 5734 871 5788 65.

2052 4754 2180 4824 ejus
2210 4753 2281 4807 de
2306 4752 2527 4823 Spiritu
2560 4764 2761 4809 sancto
2792 4756 3142 4827 doctrinam,
3173 4767 3229 4818 et
3258 4764 3316 4819 in
3376 4782 3444 4821 ea
3481 4767 3694 4838 praedi-

2051 4841 2238 4897 canda
2269 4858 2489 4896 morem
2520 4858 2754 4914 carpere
2811 4847 2941 4901 ausi
2999 4851 3248 4919 fuerant,
3286 4870 3351 4909 os
3380 4854 3439 4908 in
3490 4870 3695 4926 perpe-

2053 4937 2224 4985 tuum
2258 4929 2608 4985 occluderet.

2360 5017 2561 5073 CLXV.
2593 5020 2739 5089 Quid
2768 5022 2827 5077 in
2855 5025 3158 5082 solitudine
3185 5038 3385 5099 ageret.

2119 5112 2184 5163 In
2216 5106 2532 5163 solitudine
2564 5124 2679 5180 quo
2738 5116 2903 5181 pacto
2970 5131 3032 5170 se
3076 5115 3313 5172 haberet
3351 5118 3685 5189 Gregorius,

2049 5197 2267 5269 quibus
2298 5196 2472 5251 rebus
2499 5202 2748 5264 vacaret,
2773 5217 2885 5270 quo
2908 5218 3084 5259 sensu
3107 5206 3348 5277 amicos,
3372 5224 3488 5279 quo
3510 5207 3688 5264 etiam

2045 5285 2316 5341 inimicos
2347 5291 2813 5358 prosequeretur,
2855 5291 3117 5347 scribens
3170 5295 3242 5349 ad
3301 5297 3687 5352 Amazonium

1996 5372 1997 5375 “
2045 5375 2294 5446 ipsemet
2323 5373 2581 5429 declarat
2612 5375 2703 5430 his
2733 5378 2925 5434 verbis
2957 5380 3067 5453 (d):
3106 5404 3134 5433 «
3166 5383 3225 5438 Si
3256 5384 3389 5456 quis
3423 5401 3687 5440 commu-

2044 5463 2208 5517 nium
2239 5461 2585 5530 amicorum,
2618 5480 2765 5533 quos
2790 5468 3111 5535 permultos
3151 5488 3280 5527 esse
3335 5474 3590 5541 confido,
3623 5489 3693 5530 ex

2044 5556 2099 5608 te
2133 5556 2520 5624 percontetur,
2555 5551 2655 5606 ubi
2686 5569 2841 5609 nunc
2872 5555 3207 5629 Gregorius,
3232 5567 3291 5618 et
3318 5561 3462 5635 quid
3491 5577 3687 5618 rerum

2113 5658 2195 5803 lii)
2432 5672 2644 5783 21%;.
2654 5658 2710 5715 7'
