4096 6288
389 367 504 440 ³84

1721 363 1910 430 νιερΑ
1952 359 2018 424 Β.
2063 355 2466 428 GBEGORII.

398 505 553 572 agat,
585 499 775 554 dicere
806 514 876 552 ne
906 497 1139 554 dubites
1179 512 1314 554 eum
1361 495 1559 568 quiete
1605 511 1671 553 ae
1719 491 2034 582 tranquille
2064 493 2119 582 Α,
2147 489 2518 582 Theodorum
2541 489 2878 562 episcopum
2904 491 3266 558 Tyancnsem
3290 487 3576 582 scribens.
3621 508 3650 537 α
3681 491 3795 548 γο-

404 587 828 660 philosophari,
863 604 977 641 non
1011 587 1199 657 magis
1221 602 1339 656 eos,
1368 603 1402 639 a
1433 586 1650 656 quibus
1681 583 1898 655 injuria
1926 581 2033 651 ipsi

390 677 502 732 lata
538 683 640 743 est,
670 681 992 737 curantem,
1028 691 1200 745 quau:
1236 675 1446 738 eos,de
1478 673 1717 744 quibus,
1742 671 2038 726 inlucem-

391 783 462 820 ne
495 771 550 820 et
580 765 754 818 vitam
790 763 1126 834 prodierint,
1162 763 1427 834 ignotum
1488 768 1663 833 atque
1715 761 2032 817 obscurum

389 859 508 910 est:
545 855 687 908 adeo
720 853 931 907 invicto
953 857 1042 906 est
1067 852 1247 908 animi
1282 853 1508 908 robore.
1537 851 1699 916 Quod
1735 850 1781 908 si
1814 854 1870 904 te
1903 865 2034 902 rur-

390 961 492 999 sus
523 944 677 998 idem
702 947 881 1012 roget,
905 942 1197 1011 quomodo
1224 941 1547 996 amicorum
1575 938 2034 1012 disjunctionem

388 1033 557 1096 ferat,
584 1048 697 1086 non
721 1032 844 1101 jam
870 1031 1114 1085 fidenter
1134 1030 1487 1102 respondeas
1505 1046 1637 1084 eum
1661 1026 2034 1100 philosopha-

388 1121 457 1186 ri,
493 1136 692 1175 verum
728 1119 924 1174 animo
956 1136 1084 1174 esse
1119 1135 1399 1190 perquam
1433 1117 1645 1174 humili
1678 1122 1736 1172 et
1784 1116 2028 1186 abjecto.

385 1208 493 1263 Alii
526 1209 681 1263 enim
716 1208 772 1260 in
807 1208 935 1261 aliis
970 1208 1144 1264 rebus
1178 1207 1472 1266 molliores
1508 1210 1671 1276 sunt,
1694 1221 1800 1276 ego
1833 1209 2031 1258 autem

387 1296 444 1351 in
479 1297 736 1351 amicitia
766 1303 823 1350 et
848 1296 1076 1351 amicis.
1112 1317 1138 1345 »

565 1402 799 1459 CLXVI.
835 1402 1186 1458 Calamitales
1216 1403 1412 1472 quibus
1441 1410 1569 1456 tunc
1598 1401 1856 1472 temporis

878 1476 1254 1544 a/ﬂictabozur
1284 1475 1544 1528 Ecclesia.

457 1565 585 1621 Haec
615 1565 756 1619 dum
786 1569 985 1635 ageret
1015 1563 1130 1628 ille,
1181 1568 1497 1634 optatoque
1555 1562 1843 1616 frueretur
1893 1558 2031 1624 otio,

391 1653 840 1709 vehementibus
873 1651 1131 1708 Ecclesia
1173 1651 1440 1723 procellis
1498 1651 1848 1722 agitabatur.
1899 1648 2033 1702 hinc

387 1741 749 1796 Antiocheno
772 1740 1088 1796 schismate
1119 1740 1456 1804 dilacerata,
1491 1738 1652 1793 illinc
1681 1735 2032 1808 Apollinari-

387 1836 616 1886 starum
648 1830 884 1884 turbata
914 1828 1259 1896 conatibus;
1293 1829 1392 1899 qui
1426 1828 1560 1883 licet
1587 1829 1660 1882 ab
1716 1825 1946 1882 Oriente
1977 1829 2032 1880 et

389 1918 700 1974 Occidente
733 1919 954 1989 rejecti,
980 1917 1437 1973 disseminandis
1462 1933 1615 1971 nunc
1640 1915 1851 1987 palam,
1879 1931 2032 1969 nunc

388 2007 612 2064 occulte
644 2008 769 2062 suis
799 2009 1095 2063 erroribus
1117 2007 1300 2062 nihilo
1331 2006 1572 2079 segnius
1608 2005 2029 2060 allaborabant.

388 2099 470 2153 Ad
505 2097 628 2152 bac
659 2097 897 2168 cynicus
920 2096 1037 2165 ille,
1062 2096 1164 2167 qui
1187 2098 1431 2165 turpiter
1460 2111 1490 2150 θ
1521 2096 1657 2150 sede
1700 2092 2030 2150 Constanti-

390 2187 727 2258 nopolitana
757 2188 852 2245 der
874 2187 1061 2252 ulsus,
1088 2189 1143 2240 in
1170 2191 1480 2258 Aegyptum
1507 2184 1692 2256 primo
1716 2200 1778 2238 se
1809 2199 2035 2253 recepe-

387 2282 498 2341 rat,
525 2293 773 2346 eamque
804 2274 1217 2330 calumniando
1248 2292 1352 2331 sus
1381 2276 1565 2345 deque
1611 2278 1884 2341 verterat,
1921 2272 2030 2326 lta-

385 2366 523 2422 liam
556 2367 884 2422 concitabat
912 2366 1118 2421 iisdem
1144 2366 1387 2420 artibus.
1405 2365 1628 2428 Quibus
1651 2363 1822 2417 malis
1844 2378 2028 2439 quan-

384 2457 574 2511 tocius
605 2457 1031 2512 occurrendum
1065 2461 1226 2509 ratus
1259 2455 1516 2526 pontifex
1537 2454 2030 2522 Daniasus,gene-

385 2544 505 2600 rale
529 2545 843 2599 concilium
871 2545 1066 2598 Romae
1097 2544 1297 2597 haberi
1330 2543 1602 2598 decrevit.
1629 2546 1735 2596 Ast
1771 2540 2026 2610 impera-

383 2639 474 2688 tor
496 2651 614 2689 rem
640 2634 698 2687 in
716 2634 951 2688 Oriente
984 2632 1175 2704 peragi
1207 2633 1394 2688 satius
1425 2633 1666 2695 ducens,
1687 2630 2025 2685 Constanti-

383 2723 579 2794 nopoli
610 2724 897 2795 synodum
931 2723 1161 2788 indixit,
1194 2722 1287 2776 cui
1328 2720 1666 2793 Gregorium
1702 2718 2022 2790 praesertim

384 2812 668 2867 interesse
701 2829 1073 2883 summopere
1104 2811 1392 2883 cupiebat.
1417 2811 1596 2880 Cujus
1619 2809 1734 2863 voti
1766 2825 1867 2879 per
1887 2808 2022 2863 Pro-

383 2901 615 2974 copium
649 2901 860 2956 certior
892 2904 1080 2956 lactus
1106 2899 1440 2972 Gregorius,
1483 2898 1697 2953 infelici
1756 2897 2023 2952 omnium

381 2992 595 3062 quibus
619 2992 886 3046 adfuerat
917 2991 1272 3063 synodorum
1292 2990 1445 3044 exitu
1466 2989 1536 3042 ad
1561 2987 1898 3043 memoriam
1936 3003 2022 3040 re-

380 3087 602 3146 vocato,
626 3098 764 3135 suas
786 3081 1102 3150 quominus
1126 3084 1379 3150 Augusto
1402 3083 1631 3149 pareret
1653 3077 2023 3130 infirmitates

381 3171 665 3224 obtendit.
691 3193 719 3219 ‹‹
750 3175 885 3240 Ego,
913 3169 1105 3240 inquit
1129 3169 1226 3239 (a),
1245 3167 1294 3222 ei
1326 3184 1460 3222 vera
1482 3167 1734 3222 scribere
1773 3168 2020 3235 oportet,

2147 581 2286 636 cat?
2316 579 2510 651 inquit
2539 582 2630 651 (ο).
2667 584 2782 634 Nos
2815 596 2943 635 vero
2977 595 3378 650 properamus.
3404 577 3795 648 Properamus

2146 679 2368 738 autem,
2404 678 2469 728 ut
2500 673 2605 728 soli
2642 689 2774 728 cum
2825 672 2947 727 solo
3003 672 3468 743 congrediamur.
3530 672 3795 743 Synodos

2145 762 2301 818 enim
2336 767 2511 833 atque
2541 761 2830 831 colloquia
2890 761 3088 831 procul
3148 761 3518 826 salutamus;
3575 777 3644 814 ex
3675 777 3793 831 quo

2143 850 2366 906 scilicet
2396 854 2658 921 tempore
2691 850 2878 906 multa
2900 854 3204 915 eorum,ut
3234 865 3403 920 parce
3434 847 3663 920 loquar,
3686 849 3794 904 im-

2145 940 2328 1009 proba
2357 944 2416 995 et
2450 939 2741 1010 ﬂagitiosa
2770 956 2898 996 esse
2929 939 3206 1010 comperi.
3240 960 3266 988 n

2216 1028 2492 1092 Quamvis
2523 1030 2774 1100 synodos
2800 1030 3007 1084 vitaret
3037 1027 3369 1099 Gregorius,
3393 1044 3528 1083 eum
3570 1032 3788 1095 tamen,

2144 1133 2259 1173 non
2291 1135 2457 1174 secus
2483 1135 2549 1173 ac
2580 1119 2705 1174 orbi
2738 1123 3030 1190 praesset,
3073 1117 3336 1173 omnium
3397 1117 3789 1172 Ecclesiarum

2144 1207 2374 1260 tenebat
2395 1207 2750 1277 sollicitudo,
2771 1223 3004 1278 semper
3034 1208 3302 1260 intentus
3325 1206 3395 1261 iis
3420 1224 3546 1277 quae
3569 1207 3640 1261 ad
3675 1207 3793 1262 base

2144 1295 2319 1350 resim
2356 1296 2802 1352 exstinctionem
2828 1301 2929 1352 aut
2948 1295 3421 1368 propagationem
3459 1296 3590 1356 fidei
3625 1312 3789 1366 spec-

2143 1387 2286 1455 tare,
2321 1385 2697 1457 conSpiceret.
2735 1409 2761 1435 «
2798 1385 3026 1446 Omnia,
3060 1383 3529 1455 inquit(d),apud
3565 1400 3670 1440 nos
3695 1383 3793 1438 Dei

2145 1472 2424 1529 beneﬁcio
2459 1481 2611 1529 recte
2644 1492 2704 1530 se
2722 1474 3088 1535 habent,hoc
3113 1490 3225 1528 uno
3261 1474 3686 1544 excepto,quod
3721 1474 3794 1529 de

2144 1562 2420 1618 Ecclesiis
2452 1564 2605 1618 anxii
2638 1572 2694 1618 et
2718 1563 2948 1620 solliciti
2974 1580 3181 1618 sumus
3227 1567 3342 1616 tam
3385 1563 3530 1618 foede
3572 1568 3794 1634 pertur-

2142 1652 2315 1707 batis.
2351 1677 2369 1701 η
2404 1657 2515 1706 Sua
2549 1670 2681 1708 eum
2745 1652 3038 1724 imprimis
3095 1653 3345 1725 angebat
3402 1650 3789 1718 Nazianzena,

2143 1757 2318 1811 quam
2346 1759 2458 1796 non
2487 1743 2657 1797 modo
2680 1758 3069 1812 corrumpere,
3097 1742 3196 1796 sed
3225 1747 3276 1795 et
3300 1741 3570 1795 invadere
3598 1746 3789 1796 tenta-

2144 1830 2746 1902 bantApollinaristze.
2775 1836 2919 1885 Dum
2952 1831 3106 1886 enim
3141 1831 3207 1894 ad
3233 1830 3592 1886 Xanxaridas
3632 1830 3790 1886 ther-

2145 1936 2271 1974 mas
2300 1919 2530 1991 longius
2551 1921 2887 1989 Gregorium
2926 1923 3161 1975 morbus
3185 1919 3542 1990 abduxisset,
3567 1937 3683 1974 suae
3713 1921 3794 1977 fa-

2144 2008 2353 2064 ctionis
2385 2009 2745 2078 hominibus,
2776 2027 2921 2083 quos
2944 2010 3212 2065 Nazianzi
3247 2009 3561 2074 habebant,
3586 2016 3792 2078 contra

2134 2098 2238 2168 jus
2271 2099 2472 2170 fasque
2506 2098 2844 2172 episcopum
2878 2099 3232 2156 constituere
3264 2104 3788 2170 praesumpserunt.

2143 2187 2258 2242 Hos
2291 2187 2526 2243 lenitate
2553 2205 2660 2244 sua
2684 2192 3022 2244 mansuetos
3037 2187 3413 2260 placidosque
3434 2188 3672 2242 reddere
3698 2205 3792 2242 vo-

2141 2277 2336 2332 luerat
2360 2283 2416 2331 et
2448 2277 2731 2349 paulatim
2765 2276 3064 2343 emollire;
3098 2282 3155 2330 at
3180 2277 3403 2348 pejores
3427 2293 3524 2334 eos
3555 2276 3742 2332 elfccit
3776 2293 3790 2331 :

2146 2390 2165 2415 α
2204 2367 2328 2421 Non
2363 2367 2539 2430 enim,
2565 2367 2758 2438 inquit
2788 2367 2880 2434 (e),
2916 2383 3124 2437 pravos
3149 2365 3416 2420 homines
3456 2364 3668 2421 lenitas
3701 2365 3793 2420 in-

2140 2454 2340 2510 ﬂectit.
2377 2478 2404 2505 ››
2439 2460 2578 2510 Cum
2614 2462 2805 2510 autem
2845 2456 3057 2510 absens
3091 2454 3244 2509 malo
3269 2454 3482 2508 mederi
3509 2471 3622 2509 non
3642 2453 3794 2510 vale-

2138 2549 2243 2610 ret,
2271 2543 2493 2599 litteras
2524 2544 2633 2599 sibi
2666 2544 2913 2600 vicarias
2940 2543 3266 2612 substituit,
3301 2544 3563 2599 scribens
3587 2542 3787 2616 Olym-

2136 2634 2230 2706 pio
2266 2637 2527 2705 praelecto
2562 2633 2652 2688 bis
2684 2633 2997 2705 verbis(/):
3035 2656 3060 2682 ‹‹
3098 2632 3231 2687 Mali
3256 2632 3785 2704 homines,episco-

2135 2740 2240 2794 pos
2271 2723 2579 2795 quosdam,
2613 2723 2829 2794 quibus
2859 2721 3115 2791 dignitas
3147 2721 3217 2775 ab
3253 2720 3562 2774 universali
3584 2721 3777 2776 conci-

2132 2810 2211 2867 lio
2243 2813 2518 2882 abrogata
2550 2813 2758 2877 fuerat,
2792 2815 3180 2880 accercentes,
3206 2815 3306 2865 aut
3336 2810 3782 2865 transeuntibus

2134 2902 2459 2972 abutentes,
2496 2901 2898 2972 imperialibus
2939 2899 3210 2955 omnibus
3258 2899 3782 2954 constitutionibus

2133 2998 2310 3064 atque
2341 2991 2615 3048 omnibus
2637 2992 2846 3046 vestris
2874 2991 3082 3047 edictis
3113 2989 3365 3055 violatis,
3398 2989 3628 3044 cuidam
3667 2988 3784 3044 im-

2134 3080 2210 3152 pii
2230 3087 2286 3135 et
2316 3080 2628 3136 adulterini
2653 3082 2741 3136 sui
2768 3096 2962 3152 gregis
2985 3077 3466 3151 episcopinomen
3495 3078 3787 3149 imposue-

2134 3176 2291 3236 runt,
2317 3170 2482 3225 nulla
2504 3186 2583 3240 re,
2610 3176 2674 3226 ut
2693 3170 2922 3242 Opinor,
2948 3169 3185 3240 perinde
3229 3167 3376 3230 freti,
3414 3172 3588 3240 atque
3622 3185 3788 3224 sum-

379 3258 488 3312 hoc
513 3258 706 3311 animo
730 3275 884 3320 sum,
905 3263 969 3311 ut
991 3274 1223 3311 omnem
1246 3257 1656 3329 episcoporum
1679 3259 2027 3309 conventum
2059 3247 2103 3316 C
2144 3276 2237 3314 ma
2268 3276 2397 3316 mea
2426 3260 2840 3314 imbecillitate.
2879 3278 2903 3309 υ
2945 3258 3162 3313 Deinde
3196 3256 3435 3312 sceleris
3483 3256 3661 3326 hujus
3694 3255 3794 3311 ul-

380 3347 600 3415 fugiam
630 3363 641 3399 :
677 3347 952 3416 quoniam
990 3346 1208 3400 nullius
1243 3345 1470 3400 concilii
1504 3345 1681 3399 ﬁnem
1733 3344 1931 3398 laetum
1972 3348 2028 3397 et

382 3435 638 3487 faustum
671 3434 807 3499 vidi,
847 3451 950 3489 nec
979 3435 1129 3504 quod
1163 3434 1568 3503 depulsionem
1601 3431 1889 3489 malorum
1924 3448 2023 3503 po-

380 3524 702 3595 tius,quam
728 3525 1120 3579 accessionem
1148 3531 1204 3579 et
1226 3526 1652 3579 incrementum
1687 3523 2021 3577 habuerit...

381 3614 525 3668 Huic
547 3630 781 3684 quoque
815 3630 942 3668 meo
965 3615 1190 3683 judicio
1225 3619 1504 3684 patronus
1527 3611 2021 3681 morbusaccedit,

379 3703 596 3774 quippe
619 3703 719 3774 qui
745 3720 836 3757 me
869 3703 948 3757 ita
979 3703 1361 3775 distorqueat,
1388 3708 1454 3756 ut
1486 3701 1749 3774 quotidie
1781 3703 1896 3755 fere
1927 3717 2021 3755 ex-

379 3801 600 3846 tremos
632 3792 880 3862 spiritus
932 3791 1145 3855 efﬂem,
1207 3807 1311 3846 nec
1369 3790 1489 3844 ulla
1547 3807 1606 3844 re
1665 3790 1885 3858 meipso
1939 3787 2022 3841 uti

379 3899 611 3952 queam.
639 3904 666 3930 ››
689 3881 1156 3949 Excusationem,
1182 3897 1358 3951 quam
1385 3879 1577 3933 ﬁctam
1603 3877 2020 3944 arbitrabatur,

380 3971 522 4025 adeo
551 3988 664 4025 non
701 3971 940 4025 admisit
971 3971 1305 4041 imperator,
1335 3973 1395 4022 ut
1428 3968 1591 4022 novis
1637 3983 1737 4037 per
1778 3967 2021 4020 Icarium

377 4061 563 4114 virum
590 4059 876 4114 illustrem
902 4066 957 4113 et
979 4059 1310 4132 Olympium
1335 4056 1706 4128 Cappadociae
1740 4063 2022 4110 rectorem

377 4149 656 4220 Gregorio
718 4149 997 4202 institerit
1062 4147 1408 4203 mandatis:
1472 4145 1689 4217 quibus
1774 4145 2024 4216 acceptis

375 4237 644 4308 Olympio
696 4235 778 4290 sic
835 4237 1140 4307 rescripsit
1193 4237 1280 4290 vir
1338 4235 1571 4289 mentiri
1619 4234 1850 4289 nescius
1903 4234 2021 4303 (b):

379 4348 406 4374 «
435 4325 551 4380 Hoc
581 4325 725 4378 mihi
750 4325 952 4379 morbo
977 4325 1105 4396 ipso
1130 4325 1364 4396 gravius
1386 4329 1495 4388 est,
1520 4323 1673 4395 quod
1700 4339 1835 4377 cum
1877 4338 2028 4394 aeger

381 4413 514 4479 sim,
541 4419 818 4483 aegrotare
849 4417 1044 4467 tamen
1073 4431 1185 4468 non
1211 4415 1433 4480 credar,
1457 4429 1655 4466 verum
1693 4412 2026 4483 peregrina-

379 4501 598 4557 tionem
630 4501 714 4555 ita
747 4501 976 4572 longam
1003 4502 1169 4568 inire,
1192 4508 1358 4573 atque
1390 4502 1445 4554 in
1480 4500 1704 4556 medios
1735 4499 2027 4555 tumultus

379 4590 668 4662 meipsum
691 4589 1216 4662 impellerejubear
1240 4607 1252 4644 :
1278 4607 1311 4644 a
1334 4589 1548 4662 quibus
1570 4590 1882 4644 secessisse
1905 4595 2024 4643 tam
2055 4621 2104 4688 Β

380 4679 521 4735 mihi
556 4685 788 4749 gratum
827 4680 955 4746 fuit,
983 4686 1043 4735 ut
1075 4680 1181 4734 hoc
1214 4680 1449 4734 nomine
1487 4681 1736 4752 gratiam
1790 4695 2025 4749 quoque

380 4769 638 4840 corporis
671 4768 972 4822 alﬂictioni
1009 4771 1429 4840 propemodum
1466 4769 1778 4822 habeam...
1806 4767 1924 4822 Hoc
1970 4772 2027 4823 et

380 4858 783 4913 illustrissimo
807 4875 1035 4930 quoque
1060 4860 1237 4915 Icario
1272 4877 1380 4914 non
1416 4859 1497 4912 ita
1529 4858 1752 4928 pridem
1794 4858 2023 4930 scripsi,

380 4965 512 5002 cum
545 4948 698 5003 idem
730 4949 802 5002 ab
832 4965 897 5003 eo
919 4949 1159 5019 jussum
1183 4949 1573 5020 accepissem;
1609 4952 1665 5001 et
1694 4963 1849 5000 nunc
1873 4965 1905 5001 a
1925 4951 2028 5002 tua

381 5037 556 5091 animi
594 5037 1000 5110 magnitudine
1033 5043 1184 5110 peto,
1219 5043 1283 5092 ut
1333 5052 1436 5108 pro
1486 5036 1654 5089 nobis
1706 5051 1938 5106 quoque
1969 5035 2027 5090 id

381 5125 632 5180 scribere
657 5141 768 5179 non
792 5133 1126 5198 gravetur.»
1156 5126 1308 5180 Vicit
1330 5125 1564 5179 tandem
1607 5119 1867 5194 Gregorii
1903 5140 2027 5178 mo-

380 5214 545 5268 desta
576 5216 880 5278 recusatio,
907 5216 1004 5285 qui
1039 5220 1154 5284 iam
1186 5221 1357 5269 antea
1389 5217 1676 5268 statuerat
1726 5229 2028 5280 nunquam

380 5303 664 5358 interesse
694 5308 1101 5377 epiSCOporum
1133 5304 1416 5370 conciliis,
1449 5308 1510 5356 ut
1543 5302 1666 5373 ipse
1711 5301 1924 5356 fatetur
1955 5302 2026 5356 ad

454 5483 531 5553 (α)
563 5481 741 5551 Epist.
777 5482 851 5536 al.
885 5485 974 5539 55.

453 5553 531 5623 (ὁ)
564 5553 746 5623 Epist.
784 5553 858 5608 al.
889 5557 980 5610 76.

457 5623 529 5695 (ο)
562 5623 743 5695 Epist.
777 5625 853 5695 ali.
885 5627 973 5695 84.

455 5691 530 5767 (d)
564 5691 752 5765 a'piut.
797 5694 870 5750 al.
903 5691 991 5753 12.

2138 3349 2353 3405 tionem
2390 3347 2576 3420 petiit,
2610 3349 2901 3404 mitiorem
2927 3352 3122 3402 tamen
3153 3363 3326 3418 quam
3351 3352 3515 3402 tanta
3540 3345 3791 3402 audacia

2137 3447 2479 3493 mereretur.

2233 3525 2492 3581 CLXVII.
2527 3527 2781 3582 Ecclesiae
2811 3527 3186 3581 Nazianzenaz
3225 3541 3414 3586 curam
3442 3526 3605 3596 gerit.

2208 3622 2377 3672 Anno
2399 3615 2504 3669 382
2538 3614 2767 3672 circiter
2797 3621 3063 3682 exeunte,
3098 3614 3444 3685 rogantibus
3498 3613 3789 3686 episcopis

2133 3709 2190 3761 et
2209 3705 2476 3760 universo
2500 3705 2732 3776 populo,
2750 3704 2982 3776 pusillis
2997 3721 3060 3760 ac
3075 3703 3304 3776 magnis
3327 3703 3787 3760 vociferantibus

2135 3799 2192 3849 et
2213 3794 2678 3862 obsecrantibus,
2705 3799 2768 3850 ut
2790 3799 3096 3864 assumpto
3121 3792 3384 3849 Ecclesiae
3404 3792 3786 3850 Nazianzena:

2135 3885 2296 3939 clavo
2327 3901 2452 3940 eam
2481 3885 2553 3940 ab
2586 3883 2916 3939 imminenti
2948 3887 3204 3938 servaret
3235 3883 3561 3954 naufragio,
3585 3880 3782 3936 cessit.

2137 3974 2328 4027 «Tum
2362 3973 2583 4043 pietati,
2634 3996 2661 4026 υ
2716 3971 2909 4043 inquit
2965 3971 3280 4043 Gregorius
3341 3972 3438 4042 (g),
3499 3970 3651 4025 datis
3711 3970 3786 4026 ad

2134 4060 2522 4131 Bosphorium
2551 4060 2953 4116 Coloniensem
2987 4060 3217 4128 litteris,
3253 4083 3278 4109 (ί
3315 4059 3421 4114 hoc
3479 4057 3783 4126 denuntio,

2135 4165 2241 4204 nos
2270 4166 2478 4203 manus
2509 4151 2646 4204 dare
2697 4155 2753 4204 et
2797 4151 3018 4216 cedere,
3043 4155 3212 4219 atque
3256 4147 3516 4203 Ecclesia:
3558 4163 3788 4212 curam,

2135 4238 2252 4294 Deo
2283 4239 2479 4307 dante,
2513 4245 2890 4310 suscepturos
2943 4255 3096 4304 esse,
3143 4237 3622 4309 quandoquidem
3673 4235 3788 4290 hoc

2136 4328 2513 4395 contenditis,
2539 4345 2603 4383 ac
2630 4328 2952 4401 praesertim
2983 4333 3223 4400 urgente
3273 4327 3382 4383 hac
3424 4331 3792 4398 tempestate,

2136 4423 2372 4490 propter
2396 4417 2822 4485 imminentem,
2842 4422 2904 4472 ut
2927 4418 3051 4487 ipse
3073 4416 3302 4482 scribis,
3321 4417 3791 4471 adversariorum

2137 4494 2564 4572 incursionem,
2581 4507 2923 4579 humileque
2944 4506 3048 4562 hoc
3069 4522 3277 4576 corpus
3299 4505 3415 4560 Deo
3447 4505 3793 4560 commoda-

2138 4601 2302 4651 turos
2331 4612 2480 4664 esse,
2521 4596 2785 4667 quandiu
2839 4595 3093 4660 durabit,
3149 4595 3420 4664 viresque
3464 4599 3674 4650 nostris
3710 4594 3794 4650 fe-

2137 4689 2284 4756 rent,
2320 4709 2341 4738 »
2379 4691 2486 4740 etc.
2516 4686 2640 4740 llaec
2657 4685 2845 4753 verba,
2873 4707 2900 4733 «
2934 4681 3216 4754 quamdiu
3242 4682 3498 4752 durabit,
3521 4682 3794 4753 viresque

2136 4776 2391 4839 ferent,»
2419 4775 2561 4830 satis
2584 4774 2848 4828 evincent
2867 4773 3172 4844 epistolam
3200 4789 3311 4827 non
3328 4772 3397 4826 ad
3425 4771 3790 4840 annum374,

2137 4869 2203 4919 ut
2231 4864 2353 4918 vult
2384 4863 2814 4929 Tillemontius,
2847 4878 2974 4917 esse
3001 4863 3386 4930 referendam,
3421 4877 3534 4934 quo
3569 4860 3790 4936 Grego-

2139 4954 2260 5010 rius
2318 4953 2589 5008 defuncto
2656 4957 2815 5024 patre
2875 4950 3140 5007 Ecclesia:
3188 4951 3561 5006 Nazianzenae
3615 4972 3641 4998 ‹‹
3677 4965 3793 5004 cu-

2138 5059 2262 5097 ram
2296 5042 2556 5113 aliquam
2587 5042 2771 5113 gessit
2794 5059 2807 5109 ;
2832 5064 2859 5090 »
2886 5040 3176 5112 siquidem
3200 5046 3338 5094 tunc
3361 5039 3643 5111 temporis
3668 5055 3793 5098 non

2139 5131 2432 5203 pollicitus
2465 5133 2652 5186 fuerat
2681 5129 2953 5208 Nazianzi
2996 5146 3056 5186 se
3115 5145 3464 5186 mansurum
3523 5127 3794 5199 quandiu

2139 5220 2289 5276 vires
2322 5221 2558 5290 ferrent,
2584 5219 2682 5275 sed
2708 5225 2937 5274 tantum
2956 5219 3138 5277 donec
3161 5219 3470 5292 episcopus
3504 5217 3647 5276 alter
3675 5215 3787 5271 eli-

2142 5316 2396 5383 geretur.

2238 5494 2285 5564 e)
2315 5491 2500 5558 Epist.
2533 5491 2611 5547 al.
2642 5488 2732 5547 77.

2233 5567 2283 5636 ί)
2311 5565 2459 5619 lbid.

2235 5632 2290 5707 θ’)
2322 5637 2503 5708 Epist.
2540 5633 2660 5702 138,
2695 5632 2767 5689 al.
2801 5633 2887 5702 44,
2923 5635 3207 5707 Bosporio.
