4096 6288
453 418 573 479 235

1788 408 1969 467 VITA
2022 407 2085 465 Ξ.
2135 404 2531 465 CREGORI].

3749 405 3869 466 236

454 550 694 605 modum
727 552 783 603 et
812 546 1141 619 regulam...
1172 543 1360 599 inveni
1405 542 1696 614 optimum
1736 538 2094 608 remedium;
2126 538 2181 603 Α
2213 537 2383 591 tidem
2407 537 2685 591 adversus
2716 536 3865 610 hereticosautdefenditipse,autalios,

455 638 671 694 scilicet
684 636 1078 709 comprimens
1108 639 1289 689 totum
1317 647 1643 689 sermonem
1666 628 1889 684 excelso
1911 630 2105 699 pecto-

457 744 539 793 re,
563 731 625 782 ut
655 724 1058 797 discatlingua
1079 740 1201 795 quas
1226 722 1470 777 dicenda
1492 725 1547 775 et
1578 736 1704 791 quae
1730 735 1841 773 non
1861 715 2107 771 dicenda

458 816 575 872 sint
602 816 950 871 discernere.
986 836 1014 864 ››

549 938 776 995 CLXXI.
806 940 1055 995 Nectario
1092 937 1287 993 scribit
1317 935 1585 990 adversus
1614 932 2059 1004 Apollinaristas.

536 1047 652 1102 Hoc
678 1046 957 1117 temporis
1006 1049 1218 1109 tractu,
1251 1041 1503 1097 haeretici
1553 1044 1727 1111 caput
1772 1037 2106 1093 extulerunt

463 1137 521 1191 in
558 1137 702 1191 urbe
732 1136 914 1206 regia,
937 1135 1079 1189 adeo
1116 1137 1180 1187 ut
1200 1132 1379 1187 libere
1409 1133 1728 1186 conventus
1749 1131 2005 1198 agerent,
2049 1129 2105 1180 et

461 1226 734 1296 dogmata
762 1240 871 1279 sua
900 1223 1303 1294 praedicarent.
1334 1219 1449 1273 Alii
1471 1218 1709 1289 quidem
1740 1216 2103 1287 solaepisco-

460 1330 669 1385 porum
719 1318 820 1368 aut
875 1314 1275 1383 praefectorum
1336 1307 1646 1363 tolerantia
1702 1306 1761 1359 id
1812 1305 2101 1373 agebant;

456 1402 885 1473 Apollinaristze
914 1416 1047 1455 vero
1091 1400 1265 1454 tacita
1294 1399 1377 1453 vel
1412 1412 1684 1467 expressa
1722 1394 1975 1461 licentia,
2008 1409 2103 1447 se-

453 1490 613 1562 ipsos
660 1488 994 1545 orthodoxis
1023 1488 1409 1560 equiparare,
1440 1492 1498 1541 et
1541 1485 1743 1539 eadem
1793 1500 1925 1537 cum
1958 1482 2104 1553 ipsis

451 1579 720 1635 libertate
752 1578 864 1633 frui
897 1578 1258 1633 sinebantur.
1279 1575 1502 1640 Quibus
1530 1573 1743 1629 auditis
1766 1572 2101 1643 Gregorius,

453 1668 741 1734 Nectario,
766 1684 939 1738 quem
973 1666 1031 1719 in
1065 1682 1127 1721 se
1158 1664 1639 1733 benevolumjam
1657 1665 1928 1731 expertus
1957 1664 2099 1727 erat,

453 1756 763 1828 epistolam
782 1756 1179 1826 scripsit,quaa
1210 1754 1362 1807 inter
1390 1752 1680 1807 orationes
1698 1765 1940 1803 numero
1976 1765 2102 1802 XLVI

453 1847 822 1911 censebatur,
847 1850 903 1899 et
919 1846 988 1898 de
1011 1840 1731 1912 concessaApollinaristis
1755 1838 1989 1893 licentia
2002 1854 2101 1892 ve-

455 1933 898 1989 hementissime
928 1936 1285 2003 conquestus
1316 1935 1404 1985 est
1431 1946 1445 1987 :
1482 1952 1508 1979 ‹‹
1540 1928 1701 1994 Quod
1747 1933 1963 1995 autem,
2016 1926 2104 1979 in-
2137 1924 2184 1989 B

455 2022 601 2093 quit,
629 2039 695 2077 ex
726 2022 1000 2076 omnibus
1032 2019 1439 2075 ecclesiasticis
1478 2015 1911 2072 calamitatibus
1942 2030 2107 2068 acer-

454 2109 1341 2181 bissimum,Apollinaristarum
1365 2106 1597 2161 licentia
1626 2110 1733 2172 est,
1766 2104 1917 2171 quod
1947 2102 2103 2157 haud

455 2200 576 2255 scio
608 2199 903 2268 quomodo
936 2197 1120 2268 pietas
1150 2201 1251 2250 tua
1279 2200 1673 2250 conventuum
1710 2208 1872 2263 seque
1902 2208 1967 2246 ac
2000 2208 2105 2246 nos

452 2288 856 2344 habendorum
877 2285 1283 2342 auctoritatem
1299 2284 1405 2339 sibi
1423 2298 1728 2353 arrogasse
1746 2290 1917 2351 atque
1933 2297 2104 2334 usur-

452 2394 624 2449 passe
648 2393 821 2449 passa
852 2376 1046 2430 fuerit.
1075 2397 1102 2423 ››
1133 2372 1616 2439 Haereticosillos,
1648 2386 1903 2425 errorem
1926 2385 2101 2423 suum

451 2465 817 2533 occultando,
846 2463 1108 2518 Nectario
1135 2463 1329 2516 fucum
1358 2461 1565 2515 fecisse
1587 2460 1934 2528 conjicimus
1953 2475 2019 2511 ex
2036 2474 2101 2511 eo

450 2554 605 2625 quod
632 2552 946 2624 Gregorius
979 2550 1194 2605 claram
1228 2552 1566 2621 doginatum
1600 2548 1832 2602 illorum
1867 2546 2100 2617 exposi-

448 2644 669 2697 tionem
726 2639 981 2712 epistolae
1014 2655 1132 2693 suae
1184 2638 1552 2692 inserendam
1607 2635 1952 2703 crediderit;
2007 2635 2099 2688 cui

452 2729 797 2801 expositioni
829 2728 943 2783 ista
972 2727 1309 2797 subjunxit:
1341 2748 1369 2775 «
1403 2726 1461 2780 Si
1497 2725 1634 2790 illis,
1664 2728 1728 2778 ut
1758 2728 1814 2779 et
1844 2724 1936 2794 pie
1966 2739 2097 2777 sen-

450 2820 733 2875 tientibus
751 2817 1077 2888 (nimirum,
1103 2820 1300 2887 utpote
1326 2815 1425 2886 qui
1451 2814 1542 2885 pie
1566 2813 1861 2883 sentiant),
1888 2828 1953 2866 ea
1973 2828 2097 2881 quae

453 2906 717 2962 sentiunt
747 2897 950 2960 docere
989 2903 1284 2973 libereque
1318 2902 1688 2974 promulgare
1721 2901 2097 2972 permittitur,

451 2995 587 3067 quis
616 3012 731 3050 non
762 2992 1194 3048 videtEcclesise
1209 2991 1534 3046 doctrinam
1550 2989 1943 3056 condemnari,
1969 3006 2097 3059 per-

453 3086 591 3140 inde
621 3101 687 3139 ac
717 3083 956 3137 veritate
988 3082 1059 3137 ab
1080 3081 1313 3136 illorum
1349 3081 1613 3151 partibus
1636 3084 1824 3135 stante
1842 3079 2099 3149 ?_Neque

452 3176 609 3229 enim
641 3190 835 3228 rerum
870 3178 1077 3226 natura
1111 3173 1217 3225 fert
1248 3172 1393 3225 duas
1445 3169 1515 3224 de
1552 3170 1751 3223 eadem
1786 3185 1846 3223 re
1876 3175 2099 3223 contra-

453 3263 573 3317 rias
603 3262 899 3315 doctrinas
919 3277 1082 3315 veras
1100 3276 1247 3315 esse.
1273 3281 1300 3309 ››
1335 3259 1458 3312 Non
1493 3275 1560 3312 ex
1590 3274 1655 3312 eo
1686 3262 1917 3311 tantum
1941 3256 2096 3327 quod

452 3350 896 3415 tolerentur,sed
922 3365 989 3402 ex
1009 3365 1074 3403 eo
1105 3348 1259 3419 quod
1293 3346 1383 3417 pie
1412 3345 1731 3401 sentientes
1756 3345 2099 3415 judicentur

445 3438 893 3511 Apollinaristaa,
914 3436 1209 3491 concludit
1242 3436 1553 3507 Gregorius
1584 3433 1849 3489 Ecclesiae
1883 3433 2095 3488 doctri-

444 3545 580 3584 nam
614 3525 1012 3581 condemnari.
1080 3528 1203 3590 Qua
1233 3524 1466 3595 quidem
1518 3523 1915 3578 observatione
1966 3521 2091 3576 falsi

445 3615 827 3680 convincitur,
854 3616 1007 3686 quod
1049 3612 1429 3668 Barbeiracus
1459 3612 1518 3667 in
1552 3612 1657 3667 hoc
1688 3611 1872 3667 sancti
1905 3611 2097 3665 docto-

445 3706 527 3762 ris
560 3705 932 3760 ratiocinium
964 3702 1224 3775 protulit.

515 3795 673 3850 Alias
708 3795 778 3849 ad
812 3794 1144 3849 Nectarium
1194 3792 1417 3846 litteras
1449 3790 1609 3845 dedit
1637 3790 1951 3861 Gregorius
1990 3807 2092 3861 pro

441 3884 723 3956 Bosporio
754 3884 1026 3954 episcopo
1049 3879 1395 3949 Coloniensi,
1420 3880 1490 3933 de
1514 3880 1810 3934 erroribus
1841 3880 1993 3933 circa
2026 3880 2089 3933 fi-

437 3974 666 4039 dem,ac
684 3974 753 4027 de
778 3970 1039 4026 infractis
1053 3966 2089 4025 canonibusinsimulato.Verendum

437 4068 579 4129 erat,
600 4078 671 4117 ne
700 4060 1039 4130 hujusmodi
1064 4076 1242 4114 causa
1273 4059 1325 4112 in
1347 4057 1579 4129 publico
1604 4056 1868 4127 praetorio
1892 4072 2089 4127 agere-

437 4157 553 4217 tur;
578 4150 732 4221 quod
773 4166 843 4204 ne
867 4150 1050 4215 ﬁeret,
1074 4147 1281 4201 obnixe
1313 4144 1871 4217 rogavitGregorius
1906 4162 1918 4198 :
1953 4167 1979 4193 ‹‹
2015 4143 2085 4198 ll-

436 4239 537 4294 lud
563 4244 780 4304 autem,
810 4237 1004 4307 inquit
1043 4236 1144 4306 (a),
1178 4235 1419 4289 minime
1451 4233 1752 4288 ferendum
1787 4237 1897 4287 tuae
1929 4248 2083 4287 reve-

434 4327 633 4383 rentia
693 4326 978 4390 videatur,
1027 4325 1177 4393 quod
1240 4327 1439 4377 nostra
1493 4321 1742 4392 publicis
1801 4321 2086 4391 praetoriis

430 4415 835 4469 traducantur.
860 4411 1005 4465 Nam
1032 4410 1261 4464 tametsi
1298 4413 1437 4463 sunt
1466 4406 1802 4475 Christiani,
1832 4414 1895 4462 ut
1931 4414 2085 4463 certe

430 4502 531 4558 Dei
565 4500 921 4571 benignitate
952 4503 1091 4553 sunt
1118 4497 1403 4567 ejusmodi
1442 4498 2079 4567 negotiorumjudices:

429 4588 569 4661 quid
615 4601 927 4642 commune
970 4585 1162 4657 gladio
1193 4589 1250 4639 et
1288 4584 1570 4654 spiritui?
1612 4585 1772 4648 Quod
1824 4586 1871 4639 si
1903 4586 2081 4641 etiam

428 4676 913 4744 concesserimus,
936 4674 1227 4746 quomodo
1250 4673 1603 4728 autubinam
1620 4674 1871 4743 justum,
1892 4675 2088 4746 dispu'

426 4764 711 4823 tationem
734 4764 805 4819 de
820 4764 933 4818 fide
950 4778 1085 4818 cum
1105 4760 1237 4817 aliis
1253 4762 1665 4818 controversiis
1688 4762 2018 4834 implicari?
2050 4785 2080 4813 ››

422 4889 680 4946 CLXXII.
726 4887 1047 4945 Scribendis
1093 4888 1337 4953 epistolis
1383 4892 1437 4942 et
1484 4887 1787 4943 condendis
1832 4888 2079 4943 versibus

1088 4970 1415 5029 occupatur.

488 5069 579 5124 Sic
608 5067 943 5139 Gregorius,
980 5074 1107 5137 post
1152 5065 1477 5121 abdicatam
1514 5064 1776 5120 Ecclesia}
1829 5066 2075 5122 Nazian-

414 5176 572 5215 zenae
604 5175 825 5223 curam,
852 5159 933 5212 nil
979 5157 1173 5211 minus
1204 5156 1429 5211 decoris
1461 5156 1668 5210 domus
1693 5156 1791 5211 Dei
1818 5157 2074 5228 ﬂagrans

418 5247 726 5313 desiderio,
758 5246 1059 5302 catholicis
1088 5244 1441 5299 utilitatibus
1472 5248 1627 5299 totus
1654 5246 2066 5315 incumbebat;

416 5354 523 5393 nec
555 5337 799 5392 inertem
827 5336 885 5390 in
919 5333 1239 5391 solitudine
1288 5334 1463 5387 vitam
1498 5331 1659 5387 illius
1701 5334 1881 5389 fuisse
1928 5338 2069 5392 satis

413 5429 707 5482 testantur
740 5429 825 5479 tot
854 5423 1136 5489 carmina,
1168 5439 1417 5491 quorum
1450 5439 1586 5494 pars
1622 5424 1877 5479 maxima
1898 5425 1968 5479 ab
2000 5442 2066 5481 eo

411 5518 555 5573 tunc
587 5514 820 5569 condita
850 5519 1020 5581 sunt;
1054 5516 1138 5568 tot
1167 5510 1443 5583 epistolae,
1478 5512 1695 5584 quibus
1725 5514 2065 5570 innocentiae

412 5605 694 5665 adversus
726 5617 1099 5675 oppressores
1140 5601 1530 5675 patrocinium
1564 5602 1827 5677 suscipit;
1850 5604 2065 5678 quibus

485 5732 564 5807 (τι)
597 5728 694 5807 Ep.
728 5727 803 5787 al.
836 5728 958 5787 227.

2216 625 2634 691 utdefendant,
2667 624 2952 680 hortatur.
2987 626 3122 691 Quae
3153 626 3390 697 quidem
3415 642 3618 682 omnes
3649 627 3866 698 episto-

2214 712 2282 767 lae
2332 718 2675 786 argumento
2716 718 2873 783 sunt,
2907 723 3194 787 quantum
3245 715 3302 770 in
3335 731 3401 770 eo
3431 715 3561 771 fidei
3596 717 3861 772 studium

2214 802 2410 873 fuerit,
2436 808 2657 875 quanta
2691 802 3020 859 solliciludo
3042 804 3196 859 circa
3225 821 3316 859 res
3346 803 3637 873 Ecclesiae,
3670 822 3862 876 quan-

2214 896 2310 947 tus
2342 910 2507 947 amor
2536 893 2806 964 proximi,
2832 898 3117 964 quantum
3144 892 3302 964 pacis
3326 893 3611 962 studium,
3645 898 3753 949 etc.

2286 981 2545 1053 Longum
2578 988 2731 1038 esset
2760 982 2881 1037 haec
2912 999 3014 1054 per
3043 982 3274 1053 singula
3303 998 3611 1051 enarrare;
3645 986 3745 1039 sed
3785 984 3864 1040 si-

2213 1067 2391 1125 lentio
2420 1073 2864 1141 praetermittere
2913 1072 3073 1126 nefas
3130 1072 3284 1143 quod
3332 1076 3573 1126 sanctus
3605 1072 3864 1144 pontifex

2212 1158 2530 1229 egit,saluti
2556 1160 2885 1215 animarum
2903 1160 3499 1231 semperintentus,ut
3521 1161 3861 1217 Nemesium

2214 1248 2283 1301 ad
2318 1247 2611 1303 Christum
2637 1248 3032 1305 alliceret.Vir
3051 1253 3175 1304 erat
3195 1250 3350 1304 omni
3394 1249 3617 1305 liberali
3648 1251 3862 1307 doctri-

2213 1353 2287 1391 na
2321 1336 2733 1408 politissimus,
2769 1355 3015 1394 summze
3036 1338 3402 1410 eloquentiae,
3435 1344 3491 1394 et
3520 1340 3577 1394 in
3612 1340 3732 1395 foro
3765 1355 3863 1395 ce-

2212 1421 2506 1479 leberrimi
2554 1425 2827 1480 nominis.
2862 1425 2992 1481 Mox
3023 1425 3269 1480 illustris
3315 1426 3526 1491 factus,
3560 1425 3864 1498 Cappado-

2213 1511 2311 1567 ciae
2342 1514 2740 1584 praefecturam
2767 1513 3022 1584 primum
3046 1512 3383 1583 obtinuit,et
3411 1513 3639 1586 integra
3670 1518 3867 1570 mente

2213 1616 2543 1673 magnaque
2574 1604 2897 1658 reverentia
2927 1619 3020 1657 res
3050 1602 3356 1675 provinciae
3388 1603 3822 1658 administravit
3847 1622 3861 1671 ;

2213 1691 2311 1744 sed
2349 1691 2745 1761 quamtumvis
2768 1696 2823 1747 et
2862 1691 3128 1746 eruditus
3149 1696 3204 1745 et
3227 1692 3505 1761 prudens,
3530 1691 3861 1746 adhucido-

2212 1778 2401 1833 lorum
2436 1780 2617 1835 cultui
2652 1780 2922 1835 addictus
2953 1786 3097 1835 erat.
3131 1781 3379 1846 Interea,
3402 1781 3491 1834 vir
3530 1780 3861 1836 litterarum

2212 1883 2447 1935 amans,
2488 1870 2783 1924 doctorem
2817 1870 3139 1923 maximum
3174 1868 3458 1940 singulari
3481 1868 3701 1924 honore
3733 1887 3865 1941 pro-

2216 1956 2382 2027 sequi
2431 1974 2541 2012 non
2576 1958 2818 2023 destitit,
2851 1957 3080 2029 ipsique
3119 1957 3447 2013 necessaria
3478 1956 3733 2013 levandae
3766 1976 3865 2014 se-

2215 2044 2435 2099 nectuti
2483 2051 2540 2100 et
2584 2046 2910 2100 infirmitati
2955 2046 3228 2116 juvandze
3288 2045 3555 2102 subsidia
3583 2064 3866 2119 generose

2216 2134 2957 2205 suppeditavit.Gregorius
2989 2138 3073 2204 ut,
3096 2134 3437 2206 episcopum
3461 2135 3719 2206 decebat,
3744 2153 3862 2192 non

2214 2220 2419 2277 laudes
2452 2223 2885 2294 amplificando,
2911 2223 3012 2277 sed
3046 2223 3267 2278 monita
3293 2223 3503 2278 salutis
3526 2223 3863 2291 tribuendo,

2213 2310 2628 2366 beneﬁciorum
2671 2328 2987 2367 memorem
3022 2328 3084 2366 se
3112 2312 3288 2383 digne
3318 2313 3731 2384 comprobavit.
3770 2314 3863 2367 In-

2211 2400 2381 2469 genio
2415 2401 2609 2454 omnis
2648 2399 3354 2471 exquisitatelitteraturae
3377 2401 3708 2473 obsequens
3746 2402 3863 2473 ipsi

2210 2488 2507 2557 egregium
2535 2506 2741 2560 poema
2772 2488 3202 2558 dedicavit,quo
3226 2488 3275 2543 ei
3299 2489 3747 2545 simulacrorum
3772 2508 3866 2548 va-

2210 2577 2452 2631 nitatem
2500 2582 2557 2631 et
2596 2577 2965 2631 mendacium
3023 2577 3413 2647 exprobraret,
3447 2583 3503 2633 et
3553 2580 3623 2633 ad
3682 2581 3863 2637 unius

2210 2664 2309 2717 Dei
2350 2665 2572 2719 cultum
2594 2665 2898 2734 praesidem
2914 2670 3001 2720 tot
3020 2665 3315 2736 praeclaris
3329 2666 3566 2722 dotibus
3584 2674 3859 2724 ornatum

2208 2753 2559 2809 traduceret.
2582 2753 2885 2809 Nemesius
2901 2756 3046 2809 tanti
3072 2754 3367 2825 magistris
3388 2761 3671 2829 praecepta
3692 2774 3862 2829 aequo

2209 2842 2404 2897 animo
2435 2842 2679 2915 excepit,
2724 2844 2793 2897 ad
2845 2848 3110 2898 sanctum
3144 2844 3441 2899 doctorem
3499 2862 3560 2900 se
3590 2846 3861 2915 contulit,

2208 2946 2339 2985 cum
2372 2948 2438 2987 eo
2470 2933 2539 2986 de
2598 2932 2875 3003 religione
2906 2932 3217 2996 disseruit;
3250 2933 3509 3003 satisque
3542 2934 3864 2992 verisimile

2206 3025 2296 3076 est
2316 3021 2608 3091 pontificis
2631 3021 3000 3076 sermonibus
3024 3022 3295 3076 edoctum
3314 3024 3372 3076 et
3392 3022 3697 3078 sanctitate
3728 3040 3863 3095 per-

2206 3110 2461 3180 culsum,
2478 3110 2629 3165 idola
2646 3110 3242 3181 ejurasse,ipsumque
3264 3111 3677 3183 philosophum
3701 3113 3863 3170 hunc

2207 3215 2334 3254 esse
2387 3199 2805 3269 Christianum,
2854 3198 3093 3254 Nemisii
3147 3199 3400 3266 nomine,
3434 3202 3531 3271 qui
3561 3203 3635 3257 De
3665 3206 3862 3260 anima

2129 3291 2170 3357 C
2210 3304 2357 3358 Opus
2388 3288 2588 3354 edidit,
2624 3288 2778 3358 quod
2809 3288 2960 3342 inter
2988 3304 3164 3359 opera
3184 3288 3418 3358 Gregori
3453 3289 3698 3361 Nysseni
3730 3292 3859 3346 vul-

2206 3381 2408 3448 gatum
2440 3383 2546 3431 est.

2276 3464 2512 3519 Talibus
2545 3464 2792 3537 negotiis
2826 3465 2884 3519 in
2916 3464 3231 3521 solitudine
3261 3466 3557 3522 distentus
3579 3472 3857 3526 eratGre-

2204 3553 2403 3625 gorius
2444 3559 2501 3608 et
2557 3554 2875 3608 condendis
2921 3553 3303 3619 carminibus,
3357 3573 3485 3627 quaa
3534 3556 3677 3611 nihil
3737 3560 3854 3614 nisi

2204 3642 2433 3697 Christu
2446 3660 2493 3696 m
2512 3644 2903 3714 pietatemque
2917 3644 3162 3714 spirant,
3178 3643 3591 3715 tutissimaque
3605 3647 3854 3719 dogma-

2204 3735 2262 3786 ta
2283 3737 2340 3787 et
2362 3749 2591 3787 morum
2619 3736 2903 3804 praecepta
2916 3731 3513 3804 complectuntur.Pia
3532 3735 3746 3807 ubique
3760 3753 3854 3792 ar-

2202 3825 2502 3892 gumenta,
2533 3820 2620 3875 vel
2652 3821 2859 3876 animae
2896 3826 2951 3877 et
2972 3822 3232 3893 corporis
3259 3822 3545 3894 purgatio,
3580 3824 3663 3878 vel
3688 3825 3852 3881 theo-

2201 3908 2376 3981 logia,
2414 3908 2498 3965 vel
2542 3910 2901 3981 precationes
2932 3910 3001 3963 ad
3036 3909 3466 3981 implorandam
3500 3928 3669 3984 opem
3700 3914 3854 3968 divi-

2200 4014 2333 4051 nam
2394 3999 2673 4053 adversus
2730 4014 2965 4053 carnem
3019 4002 3076 4053 et
3132 3997 3351 4054 malum
3404 4000 3725 4057 daemonem
3774 4004 3849 4058 ad

2199 4086 2389 4141 scelus
2420 4086 2853 4153 sollicitantem;
2889 4086 2974 4142 vel
2998 4087 3251 4158 gemitus
3284 4088 3391 4142 viri
3423 4089 3526 4160 pii,
3557 4107 3851 4146 aerumnas

2197 4192 2335 4231 suas
2368 4175 2623 4248 lugentis
2675 4175 3089 4247 Christumque
3118 4176 3363 4247 orantis,
3398 4182 3461 4231 ut
3509 4178 3635 4233 vitae
3669 4179 3847 4236 finem

2196 4265 2418 4319 afferat.
2452 4265 2699 4319 Cantare
2755 4281 2873 4319 non
2913 4266 3162 4319 cessavit
3215 4276 3377 4321 vates
3423 4266 3732 4338 piissimus
3773 4270 3848 4324 ad

2194 4358 2518 4408 extremum
2573 4370 2760 4425 usque
2816 4353 2942 4409 vitae
2997 4353 3290 4424 spiritum,
3346 4356 3532 4410 morbi
3580 4374 3850 4427 quaerens

2194 4441 2438 4511 solatia;
2472 4459 2587 4513 quo
2619 4442 2853 4513 quidem
2886 4442 2945 4497 in
2989 4443 3114 4498 dies
3146 4443 3599 4515 ingravescente,
3644 4450 3699 4500 et
3742 4463 3849 4517 ap-

2192 4532 2624 4603 propinquante
2658 4536 2863 4601 morte,
2896 4531 3095 4587 ludere
3141 4532 3431 4601 versibus,
3481 4539 3538 4588 et
3582 4534 3850 4591 carmina

2119 4652 2165 4716 D
2197 4637 2324 4692 quae
2356 4638 2569 4693 cycnea
2590 4626 2814 4689 vocant,
2848 4636 3194 4694 componere
3226 4621 3518 4694 pergebat.

2555 4764 2843 4820 CLXXIII.
2878 4765 3125 4820 Moritur
3159 4764 3472 4833 Gregorius.

2260 4888 2536 4954 Quamvis
2555 4893 2748 4945 autem
2781 4905 3043 4960 asperam
3065 4905 3314 4960 semper,
3351 4890 3620 4961 victuque
3651 4890 3844 4946 horri-

2188 4980 2320 5034 dam
2376 4978 2639 5034 duxisset
2682 4979 2881 5047 vitam,
2915 4978 3155 5033 saeviens
3211 4978 3268 5032 in
3320 4995 3553 5050 corpus,
3603 4996 3845 5037 carnem

2187 5068 2417 5137 vigiliis,
2469 5068 2694 5138 jejunis
2770 5066 3018 5138 aliisque
3102 5068 3456 5138 paenitentia;
3535 5068 3845 5127 laboribus

2185 5158 2494 5224 afflictans,
2535 5160 2805 5211 extrema:
2855 5155 2982 5211 vitea
3024 5160 3315 5211 certamen
3350 5157 3659 5212 imminere
3707 5174 3847 5214 sen-

2182 5246 2357 5310 tiens,
2410 5246 2659 5315 jamjam
2696 5248 3045 5299 «tartarum
3106 5243 3353 5317 caligine
3408 5245 3774 5301 horrendum
3810 5269 3845 5300 ιο

2179 5334 2373 5389 videre
2404 5333 2515 5389 sibi
2545 5334 2873 5398 videbatur,
2907 5338 2963 5388 ct
2991 5357 3017 5383 ‹‹
3054 5333 3207 5405 ignis
3252 5334 3573 5402 ﬂammam,
3608 5335 3845 5392 altissi-

2182 5439 2458 5493 mamque
2490 5428 2736 5477 noctem.
2776 5446 2795 5473 ι
2825 5423 2976 5476 Tum
3009 5421 3256 5495 supplex
3282 5422 3353 5477 ad
3381 5422 3573 5478 sidera
3603 5423 3843 5495 palmas

2177 5512 2474 5577 tendebat,
2497 5510 2824 5565 inclamans
2862 5512 3164 5566 beatorum
3198 5510 3392 5567 choris
3423 5518 3488 5567 ut
3515 5528 3685 5585 opem
3717 5513 3840 5573 sibi

2174 5601 2654 5673 ferrent,totoque
2694 5600 2866 5657 corde
2900 5601 2971 5658 ad
3004 5601 3195 5659 Deum
3226 5600 3833 5676 aspirans,Christum
