4096 6288
319 406 425 465 237

1650 417 1833 476 VITA
1887 418 1950 475 S.
1999 418 2392 478 GREGORII.

3608 432 3729 492 238

312 541 469 594 enixe
503 542 798 613 rogabant
834 548 896 598 ut
928 561 988 599 se
1017 548 1322 617 exciperet,
1357 555 1413 602 et
1447 550 1765 620 imaginem
1799 566 1964 604 suam
1998 554 2052 616 Α
2086 554 2220 604 runt
2255 567 2266 603 :
2301 552 2499 606 sedeat
2527 569 2662 624 ergo
2695 570 2827 608 cum
2853 554 2978 609 istis
3005 556 3269 612 Patribus
3293 561 3467 614 etiam
3493 569 3732 619 sanctus

313 645 418 682 non
452 629 767 686 desereret.
804 633 894 687 Ita
925 634 1298 690 beatissimus
1325 653 1504 692 senex
1545 660 1572 687 «
1606 638 1682 709 (a)
1710 639 1968 708 proxime

315 718 657 785 moriturus,
693 736 910 787 cycneo
941 727 1113 777 cantu
1148 725 1388 780 Domino
1420 731 1688 793 cantans,
1723 726 1968 798 purissi-

312 821 473 859 mum
506 806 623 861 Deo
655 807 933 878 spiritum
970 832 996 858 »
1018 812 1288 879 reddidit,
1322 830 1387 868 ac
1420 819 1676 885 optatam
1709 815 1962 885 quietem

311 910 438 947 cum
473 895 813 966 agminibus
847 897 1153 954 beatorum
1213 901 1459 972 adeptus
1515 909 1621 957 est.
1668 904 1963 958 Mortuum

308 981 460 1035 hunc
493 999 620 1037 esse
672 1001 825 1039 anno
861 986 1169 1043 undecimo
1202 989 1512 1044 Theodosii
1574 990 1963 1062 imperatoris,

311 1071 424 1124 sive
458 1088 609 1125 anno
643 1073 768 1138 389,
805 1090 871 1127 ex
904 1076 1252 1148 Hieronymo
1284 1077 1690 1149 discimus,qui
1727 1079 1783 1134 in
1815 1079 1962 1134 libro

312 1159 376 1212 De
420 1162 785 1230 scriptoribus
839 1164 1220 1220 ecclesiasticis
1251 1166 1321 1220 de
1378 1167 1652 1238 Gregorio
1708 1168 1957 1223 scribit:

310 1270 332 1294 ‹‹
369 1248 624 1302 Decessit
655 1253 787 1304 ante
816 1249 924 1304 hoc
951 1252 1129 1306 ferme
1160 1252 1478 1308 triennium
1506 1255 1614 1308 sub
1633 1255 1960 1310 Theodosio

308 1335 677 1405 imperatore.
721 1359 748 1386 »
803 1337 973 1393 Porro
1005 1340 1392 1412 Hieronymus
1446 1346 1694 1396 testatur
1740 1359 1802 1398 se
1850 1344 1958 1399 hoc

308 1441 456 1495 opus
489 1425 797 1496 scripsisse
828 1444 982 1482 anno
1012 1429 1275 1498 ejusdem
1333 1430 1701 1502 imperatoris
1732 1433 1958 1487 decimo

308 1519 539 1580 quarto,
576 1531 643 1568 ex
667 1532 779 1585 quo
811 1517 1080 1587 sequitur
1133 1519 1499 1589 Gregorium,
1551 1519 1649 1590 qui
1707 1520 1958 1576 triennio

309 1607 438 1656 ante
470 1603 820 1669 decesserat,
847 1605 1065 1661 obiisse
1098 1623 1249 1662 anno
1284 1607 1593 1664 undecimo
1624 1609 1956 1676 Theodosii,

309 1691 565 1762 adeoque
598 1709 751 1746 anno
777 1693 905 1748 389.

305 1795 861 1874 CLXXIV,CLXXV.
902 1800 1018 1874 Qua
1067 1809 1278 1856 statura
1304 1805 1550 1874 corporis
1605 1805 1775 1874 fuerit
1828 1804 1954 1860 Gre-

695 1873 900 1939 gorius.
937 1873 1059 1926 Dies
1087 1874 1256 1941 festus
1288 1873 1550 1944 Gregorii.

369 1974 622 2043 Corpore
654 1976 894 2030 robusto
953 1978 1060 2030 fuit
1121 1979 1456 2048 Gregorius,
1518 1981 1618 2034 sed
1697 1981 1954 2037 assiduis

301 2062 522 2117 morbis
574 2063 821 2133 vitaeque
892 2063 1194 2132 molestiis,
1257 2072 1651 2139 praetereaque
1693 2070 1955 2140 jejuniis,

297 2151 531 2222 vigiliis,
566 2152 932 2207 chameuniis
964 2153 1046 2208 ita
1084 2155 1262 2210 fracto
1296 2173 1360 2210 ac
1390 2156 1714 2221 debilitato,
1750 2163 1813 2212 ut
1844 2160 1955 2214 sibi

299 2247 682 2306 senectutem,
719 2244 872 2314 quod
920 2244 1166 2314 ipsemet
1199 2249 1467 2313 testatur,
1529 2247 1953 2303 acceleraverit.

296 2331 638 2401 Anonymus
667 2335 922 2398 Graecus,
976 2350 1007 2387 a
1058 2334 1304 2389 Baronio
1369 2334 1643 2391 laudatus
1693 2336 1791 2405 (ἀ),
1839 2353 1956 2408 qua

296 2423 522 2473 statura
574 2419 749 2473 fuerit
809 2419 900 2475 his
932 2422 1120 2476 verbis
1175 2423 1452 2494 exprimit
1510 2424 1566 2477 in
1625 2425 1819 2479 codice
1849 2427 1955 2479 540

297 2507 443 2563 Bibl.
475 2507 605 2561 Vat.
645 2527 705 2562 ;‹‹
734 2509 969 2564 Statura
1023 2511 1301 2567 mediocri
1359 2518 1503 2582 erat,
1557 2512 1812 2583 pallidus
1843 2513 1956 2568 ali-

301 2596 680 2667 quantulum,
715 2614 830 2651 non
863 2603 1055 2653 tamen
1077 2600 1220 2653 citra
1236 2605 1597 2655 venustatem
1635 2618 1646 2657 :
1675 2603 1952 2674 depresso

296 2702 459 2754 naso,
525 2685 857 2755 superciliis
919 2687 976 2739 in
1054 2691 1276 2742 rectum
1337 2690 1648 2759 protensis,
1714 2696 1950 2762 aspectu

297 2774 510 2828 blando
537 2780 594 2829 et
626 2776 812 2841 suavi,
845 2775 1024 2831 altero
1074 2775 1240 2830 oculo
1281 2794 1488 2848 nempe
1545 2780 1745 2833 dextro
1807 2780 1951 2834 sub-

297 2862 504 2929 tristis,
532 2880 709 2934 quem
747 2864 987 2918 cicatrix
1017 2867 1284 2935 quaedam
1342 2867 1738 2932 contrahebat,
1771 2868 1953 2923 barba

298 2966 405 3002 non
430 2950 751 3020 promissa,
802 2951 900 3003 sed
957 2951 1136 3006 densa
1166 2955 1380 3006 tamen.
1416 2955 1537 3018 Qua
1570 2959 1728 3024 parte
1753 2955 1950 3010 calvus

302 3055 402 3093 non
436 3045 584 3107 erat,
620 3055 757 3092 nam
791 3038 1259 3110 subcalvuserat,
1282 3041 1646 3097 alboscrines
1677 3043 1948 3114 habebat,

297 3144 557 3182 summas
620 3127 754 3181 item
810 3127 1003 3181 barbae
1059 3133 1253 3199 partes
1311 3128 1468 3184 velut
1519 3131 1677 3186 fumo
1727 3133 1948 3187 obsitas

295 3217 652 3271 ostendebat.
709 3241 728 3268 ι
780 3216 1038 3288 Gregorii
1095 3221 1291 3272 autem
1342 3218 1520 3273 animi
1599 3220 1822 3292 effigies
1879 3237 1947 3276 ex

2076 640 2406 710 Gregorius,
2442 646 2499 696 et
2529 658 2664 696 cum
2696 644 2780 698 eis
2836 649 2949 698 tuae
3002 645 3434 704 criminationis
3492 651 3729 710 inanem

2077 728 2331 798 patiatur
2387 729 2665 784 invidiam
2704 747 2715 787 :
2750 733 2891 787 dum
2951 737 3145 789 tamen
3205 753 3339 791 cum
3393 738 3477 793 eis
3524 748 3728 799 contra

2076 816 2353 871 novitiam
2383 822 2604 888 pestem
2629 825 2902 886 vestram,
2939 823 3346 880 medicinalem
3382 828 3638 898 proferat
3668 836 3726 886 et

2073 906 2199 975 ipse
2229 908 2601 962 sententiam.
2638 930 2666 956 ››
2698 909 2826 964 Haec
2873 911 2940 965 dc
2988 912 3262 982 Gregorio
3302 921 3499 970 nostro
3532 919 3724 990 Augu-

2074 992 2303 1060 stinus;
2338 995 2458 1065 qui,
2493 995 2735 1066 prolatis
2768 997 3308 1072 pluribusGregorii
3343 1004 3721 1076 testimoniis,

2071 1081 2152 1136 ita
2184 1083 2638 1156 prosequitur(d)
2675 1103 2686 1140 :
2723 1108 2750 1134 ‹‹
2783 1088 2867 1141 An
2901 1087 3001 1141 tibi
3025 1089 3268 1159 parvain
3303 1108 3419 1147 uno
3447 1096 3722 1167 Gregorio

2071 1169 2477 1241 episcoporum
2536 1173 2917 1229 Orientalium
2962 1177 3196 1232 videtur
3227 1183 3586 1238 auctoritas?
3617 1184 3717 1240 Est

2071 1260 2307 1328 quidem
2331 1265 2491 1315 tanta
2514 1269 2849 1333 persona,ut
2877 1281 3066 1336 neque
3094 1265 3191 1321 ille
3221 1267 3326 1322 hoc
3359 1269 3471 1325 nisi
3501 1288 3568 1326 ex
3604 1272 3718 1327 ﬁde

2069 1347 2401 1405 Christiana
2432 1352 2703 1407 omnibus
2736 1353 3040 1409 notissima
3062 1356 3309 1425 diceret;
3345 1374 3446 1413 nec
3479 1359 3561 1414 illi
3586 1377 3719 1416 eum

2068 1439 2185 1491 tam
2221 1437 2442 1494 clarum
2467 1439 2748 1496 haberent
2779 1447 2951 1514 atque
3001 1446 3420 1514 venerandum,
3458 1448 3569 1503 nisi
3599 1449 3720 1504 hac

2069 1526 2139 1580 ab
2171 1527 2268 1582 illo
2300 1529 2457 1584 dicta
2513 1546 2580 1585 ex
2637 1531 2838 1603 regula
2878 1533 3200 1589 notissimae
3245 1535 3504 1594 veritatis
3535 1555 3720 1610 agno-

2068 1621 2312 1672 scerent.
2337 1639 2365 1666 »

2553 1707 2860 1764 CLXXVII.
2891 1711 3229 1768 Translatio.

2136 1793 2316 1848 Sacra
2348 1796 2604 1867 Gregorii
2648 1797 2905 1869 reliquias
2939 1815 2967 1854 e
3024 1799 3389 1872 Cappadocia
3435 1802 3715 1859 Constan-

1989 1916 2034 1979 B
2069 1880 2373 1953 tinopolim
2405 1885 2700 1941 translates
2733 1891 2892 1954 sunt,
2953 1888 3276 1960 imperante
3333 1893 3714 1949 Constantino

2064 1971 2579 2044 Porphyrogenito,
2631 1975 2728 2046 qui
2787 1975 3091 2047 epistolam
3125 1995 3158 2032 a
3207 1995 3268 2033 se
3297 1981 3570 2053 Gregorio
3601 1981 3714 2036 Na-

2061 2059 2333 2115 zianzeno
2357 2063 2632 2134 scriptam
2673 2065 2744 2117 iis
2793 2065 3056 2129 tradidit,
3107 2067 3323 2137 quibus
3375 2069 3524 2123 sacri
3584 2069 3712 2124 the-

2063 2149 2218 2202 sauri
2251 2151 2810 2222 Constantinopolim
2835 2154 3152 2209 devehendi
3187 2173 3326 2210 cura
3343 2156 3530 2212 fuerat
3553 2174 3712 2212 com-

2063 2239 2354 2292 mendata.
2391 2240 2504 2293 Hac
2536 2245 2728 2294 autem
2747 2241 2991 2312 epistola
3011 2243 3350 2314 Gregorium
3384 2247 3716 2316 rogabat,ut

2063 2341 2134 2379 ne
2166 2325 2729 2399 Constantinopolim
2744 2331 2937 2384 venire
2965 2338 3324 2402 gravaretur.
3354 2354 3379 2383 «
3404 2333 3488 2387 Tu
3511 2334 3579 2388 ad
3607 2350 3712 2389 nos

2062 2415 2331 2469 accedere
2363 2432 2433 2470 ne
2465 2416 2690 2484 dubita,
2715 2434 2748 2472 a
2774 2418 2987 2487 quibus
3030 2419 3240 2490 spiritu
3291 2437 3356 2475 ac
3389 2421 3582 2476 favore
3611 2425 3714 2476 tuo

2062 2519 2387 2573 numquam
2420 2505 2599 2571 absis,
2633 2506 2732 2575 qui
2758 2505 3189 2578 planeorphani
3223 2513 3285 2562 ut
3316 2525 3583 2566 essemus
3599 2527 3716 2565 non

2059 2607 2120 2645 es
2154 2607 2431 2661 passus...
2483 2593 2650 2647 Votis
2708 2593 2888 2665 igitur
2945 2595 3059 2666 piis
3114 2613 3330 2668 annue,
3390 2599 3461 2653 ad
3522 2615 3627 2653 nos
3659 2603 3716 2654 te

2059 2678 2299 2745 inclina,
2333 2685 2615 2736 revertere
2647 2682 2715 2736 ad
2744 2699 2878 2737 eum
2910 2683 3014 2754 qui
3061 2687 3222 2739 tanto
3283 2685 3365 2740 tui
3424 2686 3714 2742 desiderio

2063 2771 2291 2822 tenetur
2319 2785 2576 2840 gregem,
2612 2770 2893 2840 p0pulum
2927 2776 3093 2825 tuum
3129 2773 3420 2845 benignus
3442 2772 3713 2841 revise,in

2060 2856 2262 2910 urbem
2293 2872 2421 2911 eam
2454 2858 2776 2928 ingredere,
2801 2859 2860 2913 in
2893 2875 3007 2929 qua
3030 2860 3454 2931 periclitantem
3483 2861 3713 2932 religio-

2061 2946 2151 2999 nis
2175 2946 2504 2999 orthodoxae
2563 2963 2800 3001 causam
2856 2948 3083 3019 egregie
3141 2951 3439 3020 quondam
3498 2951 3708 3004 confir-

2061 3035 2254 3089 masti.
2295 3058 2319 3082 ››
2344 3035 2542 3089 Exstat
2572 3035 2691 3089 haec
2721 3036 2966 3107 epistola
3012 3037 3068 3090 in
3122 3038 3379 3093 oratione
3410 3038 3608 3093 habita
3636 3039 3707 3093 de

2055 3122 2456 3191 translatione,
2491 3139 2666 3194 quam
2701 3124 3018 3179 orationem
3061 3142 3128 3179 ex
3172 3143 3279 3181 ms.
3314 3130 3506 3182 Graeco
3547 3126 3702 3198 regis

2059 3211 2338 3265 Sardiniae
2372 3212 2569 3266 Latine
2600 3211 2914 3284 vulgarunt
2941 3212 3326 3285 Bollandiste,
3360 3230 3416 3286 p.
3449 3215 3700 3280 448,etc,

293 3306 466 3359 rebus
501 3304 705 3377 gestis,
741 3322 890 3377 quas
949 3307 1373 3377 enarravimus,
1408 3325 1629 3363 necnon
1658 3326 1724 3364 ex
1759 3311 1946 3381 ipsius

2069 3303 2250 3354 Graece
2284 3316 2536 3371 quoque,
2565 3317 2617 3372 p.
2645 3277 2772 3367 769,
2807 3306 2913 3355 etc.
2949 3301 2990 3356 li
3022 3318 3154 3358 vero
3204 3277 3324 3373 qui,
3352 3277 3518 3358 missi
3565 3277 3705 3357 fue-

293 3394 550 3465 scriptis,
584 3394 640 3447 in
677 3394 891 3465 quibus
923 3394 1046 3466 ipse
1077 3412 1202 3450 sese
1228 3397 1509 3468 depingit,
1545 3398 1687 3453 satis
1719 3399 1946 3470 perspi-

289 3485 460 3536 citur.
496 3486 680 3536 Suum
714 3483 838 3553 ipse
872 3483 982 3537 sibi
1035 3483 1394 3555 epitaphium
1432 3492 1755 3556 paraverat,
1790 3489 1946 3558 quod

293 3572 622 3641 praecipuos
652 3572 777 3623 vitae
815 3571 1002 3640 ipsius
1033 3577 1272 3626 eventus
1329 3573 1634 3633 duodecim
1686 3576 1950 3630 versibus

297 3659 576 3729 elegiacis
607 3659 1036 3729 complectitur.
1070 3659 1200 3714 Dies
1256 3661 1438 3715 festus
1469 3663 1726 3734 Gregorii
1759 3664 1954 3734 agitur

297 3764 455 3802 nono
491 3747 628 3800 Maii
664 3748 814 3818 apud
855 3747 1087 3801 Latinos
1123 3766 1136 3813 ;
1171 3750 1321 3819 apud
1363 3754 1590 3806 Graecos
1624 3756 1816 3807 autem
1849 3752 1953 3807 Ja-

295 3835 492 3889 nuarii
529 3835 845 3899 tricesimo,
873 3853 990 3889 una
1020 3851 1150 3890 cum
1186 3843 1386 3892 sancto
1418 3838 1628 3894 Basilio
1658 3847 1714 3894 et
1753 3846 1954 3896 sancto

293 3924 734 3996 Chrysostomo.
771 3925 878 3979 Sed
905 3923 1214 3995 peculiaris
1245 3927 1516 3997 Gregorio
1547 3927 1653 3982 soli
1705 3945 1868 3983 sacer
1899 3933 1956 3984 et

291 4012 583 4067 solemnis
617 4012 764 4081 apud
799 4013 1040 4066 eosdem
1070 4017 1294 4068 Graecos
1336 4019 1423 4068 est
1450 4016 1670 4070 mensis
1690 4015 1955 4072 Januarii

289 4100 614 4156 vicesimus
647 4099 888 4170 quintus
921 4100 1064 4154 dies.

291 4196 584 4253 CLXXVI.
623 4198 836 4264 Quanta
887 4196 1033 4267 apud
1079 4212 1262 4253 omnes
1311 4199 1566 4268 Gregorii
1595 4202 1951 4257 existimatio.

364 4298 601 4361 Quanta
632 4293 808 4349 fuerit
842 4293 980 4349 olim
998 4296 1149 4365 apud
1185 4299 1423 4362 veteres,
1452 4297 1735 4368 hodieque
1752 4300 1956 4354 etiam-

298 4401 437 4439 num
473 4384 553 4439 sit
576 4385 731 4454 apud
769 4384 1408 4455 recentiores,Gregorii
1438 4387 1683 4456 ejusque
1713 4404 1955 4459 operum

300 4472 676 4538 existimatio,
711 4472 848 4527 inde
879 4476 1132 4539 constat,
1169 4475 1322 4545 quod
1374 4474 1573 4530 Patres
1599 4492 1801 4531 omnes
1841 4494 1955 4532 non

303 4567 532 4616 tantum
565 4561 990 4626 Graeci,verum
1008 4562 1182 4615 etiam
1214 4562 1423 4628 Latini,
1446 4580 1511 4617 ac
1543 4563 1958 4636 theologi,nec-

2060 3392 2211 3454 rant,
2245 3388 2500 3459 Gregorii
2535 3405 2669 3443 ossa
2699 3389 2869 3460 plane
2899 3390 3125 3461 integra
3155 3393 3510 3462 repererunt,
3544 3391 3708 3445 inso-

2062 3474 2222 3531 litam
2245 3482 2301 3531 et
2319 3476 2779 3548 inexplicabilem
2796 3479 2990 3533 odoris
3009 3480 3383 3550 fragrantiam
3403 3478 3711 3550 spirantia,

2062 3581 2244 3635 eaque
2274 3565 2461 3620 loculo
2493 3567 2562 3619 ad
2599 3567 2654 3619 id
2687 3571 2887 3636 parato
2911 3566 3317 3637 impositalaati
3351 3565 3710 3622 detulerunt.

2064 3655 2386 3724 Imperator
2415 3670 2546 3707 cum
2581 3654 3004 3722 sacerdotibus,
3055 3655 3446 3725 omnibusque
3486 3669 3712 3724 magna:

2065 3743 2226 3796 urbis
2257 3741 2485 3811 incolis,
2516 3742 3073 3798 honorificeobviam
3091 3743 3328 3814 profecti
3364 3748 3502 3797 sunt
3529 3741 3712 3797 sacris

2065 3832 2350 3902 reliquiis,
2386 3848 2512 3901 qua:
2545 3831 2799 3901 primum
2834 3832 2987 3884 intra
3019 3832 3207 3902 regias
3238 3831 3475 3897 aedes,in
3508 3828 3711 3900 palatii

2066 3919 2329 3987 ecclesia,
2356 3936 2455 3974 seu
2490 3920 2762 3987 oratorio,
2796 3918 3095 3990 depositae,
3125 3923 3442 3989 posteaque
3464 3919 3521 3972 in
3555 3923 3709 3989 Apo-

2066 4008 2347 4063 stolorum
2380 4008 2596 4078 templo
2622 4007 2792 4077 juxta
2840 4007 3024 4061 sancti
3059 4006 3454 4078 Chrysostomi
3496 4022 3710 4078 corpus

2068 4097 2329 4168 reposita:
2346 4100 2504 4151 sunt.

2067 4203 2396 4259 CLXXVIII.
2482 4203 2718 4273 Altera,
2768 4201 3061 4257 translatio
3134 4203 3375 4273 corporis
3460 4199 3716 4273 Gregorii

2690 4272 2796 4329 ΟΡ.
2841 4274 3089 4328 Romam.

2138 4361 2390 4416 Alteram
2423 4361 2682 4432 corporis
2713 4361 2896 4415 sancti
2918 4360 3172 4431 Gregorii
3208 4383 3235 4411 ‹‹
3269 4361 3714 4417 translationem

2068 4447 2567 4520 Constantinopoli
2618 4448 2862 4503 Romam
2925 4450 3161 4518 factam,
3221 4450 3391 4506 firma
3447 4454 3716 4519 certaque

2070 4539 2381 4594 traditione
2430 4538 2767 4606 didicimus,
2829 4537 3024 4609 inquit
3108 4539 3392 4594 Baronius
3434 4538 3527 4610 (e),
3586 4554 3715 4593 eam

307 4666 416 4704 non
441 4650 882 4720 Scripturarum
929 4649 1292 4720 interpretes,
1358 4652 1416 4704 in
1451 4653 1786 4707 astruendis
1829 4653 1960 4708 ﬁdei
1993 4642 2036 4705 Ι)
2070 4628 2141 4682 0b
2175 4644 2460 4720 ,causam’
2518 4627 2672 4720 q_u°d
2716 4627 3136 4720 ,εῗθθδξωὶξδυδ
3175 4627 3451 4720 _b”ba“-"
3507 4644 3568 4681 ω
3618 4643 3716 4720 cf“

305 4738 703 4809 dogmatibus,
738 4737 1148 4808 oppugnandis
1197 4739 1493 4794 erroribus
1527 4745 1583 4794 et
1604 4741 1960 4811 exponendis

304 4825 642 4899 Scripturis,
670 4826 858 4898 ipsius
893 4827 1294 4882 auctoritatem
1349 4829 1568 4897 passim
1620 4829 1954 4884 adhibeant.

298 4916 578 4988 Exemplo
611 4933 740 4970 esse
763 4919 972 4986 potest,
1031 4921 1086 4969 et
1115 4917 1297 4970 instar
1344 4917 1605 4972 omnium
1657 4920 1733 4973 sit
1759 4921 1958 4991 Augu-

296 5007 513 5068 stinus.
552 5005 650 5074 qui
685 5004 782 5060 lib.
831 5021 849 5057 ι
910 5005 1107 5059 Contra
1155 5004 1450 5059 Iulianum
1508 5006 1600 5076 (ε),
1653 5013 1956 5078 peccatum

293 5095 579 5167 originale
601 5095 885 5150 adversus
924 5095 1269 5166 Pelagianos
1300 5096 1558 5166 Gregorii
1615 5097 1957 5152 auctoritate

289 5185 504 5240 astruit
531 5200 544 5237 :
583 5206 609 5233 ‹‹
646 5183 758 5238 Sed
777 5200 892 5237 non
919 5183 1022 5236 tibi
1046 5183 1225 5238 deerit
1247 5184 1716 5253 magninominis
1731 5191 1787 5239 et
1806 5186 1960 5241 fama

288 5272 680 5330 celeberrima
704 5271 958 5327 illustris
1008 5271 1315 5343 episc0pus
1367 5272 1539 5328 etiam
1582 5273 1651 5328 de
1691 5275 1958 5345 partibus

287 5363 571 5428 Orientis,
608 5362 780 5430 cujus
797 5359 1296 5432 eloquiaingentis
1317 5360 1522 5416 merito
1553 5362 1955 5434 gratim,etiam

285 5454 341 5510 in
374 5454 654 5526 linguam
689 5449 954 5505 Latinam
974 5448 1257 5504 translata
1286 5466 1710 5524 usquequaque
1733 5451 1954 5510 clarue-

353 5583 430 5652 (α)
457 5576 636 5652 Apud
675 5573 912 5652 Boll_.,_9
942 5573 1100 5641 Maii,
1133 5591 1188 5647 p.
1221 5575 1344 5636 427.

469 5647 741 5724 ΙὸἱάἚρ.
778 5647 906 5724 42ξ.

455 5727 604 5798 Cap.
640 5715 702 5788 5,
723 5737 780 5775 n.
815 5720 906 5788 15,
927 5721 1072 5774 tom.
1104 5715 1167 5789 X,
1193 5733 1251 5793 p.
1283 5717 1409 5777 504,

2070 4716 2354 4787 regiones,
2379 4715 2854 4770 sanctimoniales
2886 4716 3137 4782 feminae,
3171 4717 3229 4770 in
3261 4731 3512 4788 quarum
3542 4714 3717 4771 eccle-

2069 4805 2156 4860 sia
2184 4808 2385 4858 tantus
2407 4803 2720 4859 thesaurus
2734 4807 2856 4859 erat
2882 4805 3170 4872 conditus,
3196 4806 3332 4877 fuga
3352 4822 3470 4859 suae
3489 4803 3710 4875 pudici-

2066 4893 2158 4948 tize
2190 4892 2579 4961 consulentes,
2617 4897 2919 4962 acceptum
2938 4893 3330 4947 venerandum
3363 4890 3713 4964 corpus,im-

2068 4981 2445 5052 positumque
2478 4979 2729 5052 navigio,
2761 4981 2831 5034 ad
2867 4986 3058 5035 tutum
3093 4980 3323 5052 pietatis
3344 4979 3572 5052 asylum
3605 4979 3714 5035 Ro-

2070 5085 2220 5123 mam
2254 5068 2677 5139 confugientes,
2736 5067 3077 5123 detulerunt
3116 5089 3130 5136 ;
3177 5075 3351 5138 atque
3383 5069 3441 5122 in
3500 5067 3716 5139 templo

2068 5157 2292 5212 Sanctae
2319 5159 2508 5210 Mariae
2540 5156 2598 5211 in
2620 5163 2833 5228 Campo
2868 5157 3090 5224 Martio,
3127 5156 3238 5211 sibi
3272 5157 3343 5211 ab
3396 5155 3717 5228 apostolica

2068 5247 2204 5300 sede
2249 5260 2548 5310 concesso,
2611 5246 3037 5309 condiderunt;
3063 5244 3259 5314 ibique
3309 5245 3368 5298 in
3415 5245 3719 5315 adjacente

2068 5334 2260 5400 domo,
2294 5334 2352 5388 in
2376 5350 2491 5405 qua
2513 5333 3242 5404 habitabant,morepatrio
3272 5333 3717 5389 divinaslaudes

2067 5439 2170 5496 per
2199 5423 2323 5478 dies
2359 5420 2624 5494 singulos
2679 5421 3103 5494 persolvebant.
3153 5421 3376 5492 Quibus
3426 5423 3551 5495 jam
3599 5420 3717 5480 vita

2158 5582 2213 5652 ά)
2247 5582 2415 5651 Ibid.,
2438 5598 2495 5636 n.
2527 5583 2608 5637 ιδ.

2159 5651 2208 5727 e)
2246 5653 2406 5725 Boll.,
2436 5653 2470 5709 9
2499 5651 2650 5710 Maii.
2683 5667 2740 5727 p.
2773 5651 2896 5710 454.
