4096 6288
278 377 391 435 241
1789 376 1895 434 MU

2066 375 2148 433 ΕΜ
2167 419 2179 431 .
3567 372 3683 430 242

281 523 406 578 quae
439 512 632 564 tamen
682 508 742 563 in
793 509 1066 582 Gregorio
1117 525 1231 563 non
1281 508 1477 564 labore
1528 505 1791 579 quaesita,
1825 506 1923 562 sed
1954 511 2008 575 Α
2042 522 2153 576 que
2186 503 2598 577 ampliﬁcanda
2627 521 2918 572 aerumnae,
2961 507 3222 575 spectata
3265 504 3515 575 denique
3561 504 3686 560 orbi

278 597 478 652 innata
505 600 675 666 atque
706 596 887 652 insita
918 598 1195 652 videatur.
2037 593 2367 650 Christiano
2425 593 2750 649 sanctitatis
2802 594 2957 648 fama
3006 592 3340 647 felicissime
3388 595 3687 648 consocia-

353 685 493 739 Hinc
521 685 662 738 adeo
695 685 1069 740 doctissimos
1093 685 1223 741 illos
1254 684 1518 740 Ecclesia:
1550 685 1748 739 Patres
1779 700 1928 755 quos
2038 687 2211 751 runt;
2245 683 2303 737 in
2329 682 2383 736 id
2413 683 2589 737 etiam
2617 682 2784 753 quasi
2820 685 3022 735 mutuo
3057 681 3209 735 inter
3233 698 3293 736 se
3311 681 3505 736 animo
3538 681 3687 737 dice-

280 789 506 827 morum
541 774 935 829 sanctimonia
956 780 1127 844 atque
1153 774 1459 846 integritas
1482 775 1631 840 vitae,
1668 772 1929 828 solitudi-
2039 788 2132 827 res
2162 771 2552 842 conspirasse,
2588 776 2743 826 utne
2775 771 2991 841 quidin
3024 771 3236 827 studiis
3258 787 3586 842 peccemus,
3610 770 3689 826 le-

281 861 368 916 nis
390 860 841 933 litterarumque
862 879 1046 930 amor,
1069 862 1330 918 veritatis
1353 862 1636 929 studium,
1661 861 1928 932 eloquen-
2039 876 2139 931 ges
2170 860 2312 916 alter
2360 860 2529 914 nobis
2579 864 2859 915 statueret
2907 875 3051 931 quas
3102 864 3227 915 tuto
3267 876 3686 931 sequeremur;

280 949 372 1004 tiae
401 949 529 1004 laus
561 949 795 1018 eximia,
852 950 1044 1005 sudati
1095 967 1198 1022 pro
1249 951 1476 1006 Christo
1521 951 1580 1005 in
1613 948 1928 1021 episcopali
2039 949 2208 1006 nobis
2241 948 2386 1004 alter
2408 949 2640 1021 pietatis
2664 948 2896 1021 plenam
2923 948 3199 1005 studendi
3223 947 3524 1004 materiem
3556 948 3688 1004 sub-

281 1054 517 1092 munere
549 1037 806 1105 labores,
842 1038 1061 1094 haustas
1093 1056 1196 1111 pro
1237 1039 1515 1111 religione
1557 1038 1808 1094 tutanda
1835 1043 1926 1093 at-
2039 1036 2418 1093 ministraret.

952 1381 1537 1478 MONITUM
1607 1383 1738 1477 IN
1808 1379 2197 1476 VITAM
2268 1377 3032 1488 SEQUENTEM

1435 1590 1485 1647 A
1515 1587 1812 1665 Gregorio
1847 1585 2210 1667 presbytero
2240 1585 2568 1663 scriptam.

352 1923 497 1995 Quis
527 1925 608 1984 sit
636 1923 742 1984 ille
779 1925 1131 2003 Gregorius,
1169 1926 1378 2005 plures
1408 1925 1838 2004 exquisierunt
1867 1929 1929 1984 et
1960 1924 2397 2002 disputarunt;
2434 1923 2542 1983 sed
2580 1921 2738 1982 nihil
2789 1922 2944 1982 certi
2989 1927 3100 1984 aut
3147 1923 3223 1984 de
3271 1943 3541 2003 persona
3572 1933 3684 1988 aut

283 2021 354 2082 de
385 2022 521 2100 ejus
550 2029 736 2083 aetate
769 2024 1086 2101 proditum
1120 2030 1231 2084 est.
1267 2024 1606 2084 Bollandus
1637 2021 1746 2101 (α),
1783 2023 2039 2084 Vossius
2069 2027 2131 2081 et
2157 2022 2263 2082 alii
2301 2022 2508 2082 Vitam
2540 2019 2704 2081 hanc
2733 2019 3054 2080 ascribunt
3102 2022 3364 2100 Georgio
3386 2024 3682 2086 Caesareae

280 2119 694 2198 Cappadociae
722 2121 1088 2198 presbytero
1113 2122 1219 2199 qui
1243 2122 1303 2181 in
1337 2119 1567 2181 laudem
1590 2121 1838 2180 Patrum
1866 2118 2242 2179 Nz'caenorum
2265 2118 2613 2178 orationem
2637 2118 2986 2177 habuit.Ad
3010 2137 3136 2196 quo
3153 2126 3437 2198 tempore
3457 2122 3684 2183 vixerit

278 2218 578 2294 Georgius
607 2217 745 2289 iste,
772 2224 1059 2277 auctores
1086 2219 1252 2278 inter
1280 2237 1345 2278 se
1375 2237 1502 2278 non
1532 2219 1952 2277 consentiunt.
1981 2215 2324 2276 Bollandus
2349 2215 2888 2293 quidem,ineunte
2912 2216 3180 2294 septimo
3203 2217 3428 2276 vixisse
3455 2225 3636 2295 putat
3665 2239 3680 2293 ;

277 2314 528 2372 Vossius
589 2332 737 2373 vero
795 2314 898 2393 (b),
931 2315 1032 2373 cui
1089 2315 1300 2374 favent
1352 2315 1778 2375 Henschenius
1826 2319 1890 2373 et
1941 2312 2412 2391 Papebrochius
2471 2311 2574 2392 (c),
2612 2311 2818 2372 medio
2876 2313 3124 2371 circiter
3172 2315 3401 2373 saeculo
3440 2316 3684 2378 decimo

283 2411 569 2470 ﬂoruisse
602 2412 872 2489 probare
905 2412 1143 2482 nititur,
1169 2412 1275 2472 sed
1332 2414 1563 2472 frustra
1593 2431 1606 2484 ;
1643 2430 1757 2471 nec
1787 2412 1866 2470 ad
1903 2430 2016 2470 nos
2045 2416 2287 2488 spectat
2319 2409 2453 2469 haec
2485 2409 2876 2487 disceptatio,
2913 2427 3056 2468 cum
3090 2411 3264 2470 nulla
3293 2411 3514 2472 saltem
3549 2433 3687 2493 pro-

272 2509 443 2568 babii
477 2511 718 2569 ratione
749 2510 1037 2569 concludi
1060 2510 1253 2589 possit
1306 2509 1639 2587 Georgium
1700 2509 1866 2568 hunc
1921 2515 2205 2568 nostrum
2264 2526 2397 2567 esse
2454 2508 2821 2584 Gregorium
2873 2507 3180 2585 Theologi
3229 2508 3682 2588 biographum.

273 2607 522 2666 Interea
551 2607 698 2666 licet
741 2625 866 2685 quo
891 2613 1168 2685 tempore
1199 2607 1433 2684 scripta
1461 2607 1649 2666 fuerit
1678 2605 1812 2684 ejus
1844 2607 1969 2666 vita
1999 2625 2122 2665 non
2156 2610 2392 2684 pateat,
2425 2609 2672 2665 constat
2704 2609 2914 2664 tamen
2938 2605 3166 2664 saeculo
3199 2605 3441 2667 decimo
3473 2610 3687 2669 erudi-

272 2705 352 2763 tis
382 2704 622 2782 optime
655 2710 869 2764 notam
904 2705 1110 2777 fuisse,
1145 2710 1214 2764 ut
1243 2705 1389 2764 satis
1421 2705 1703 2764 enuntiat
1735 2704 1956 2776 oratio,
1993 2704 2108 2764 sub
2140 2703 2384 2764 initium
2420 2703 2608 2781 hujus
2639 2703 2870 2777 saeculi,
2903 2702 2969 2762 in
3017 2703 3223 2781 prima
3269 2706 3470 2765 sancti
3526 2708 3680 2769 doc-

275 2805 425 2864 toris
457 2805 871 2865 translatione
919 2806 1197 2878 recitata,
1236 2824 1376 2882 quae
1409 2804 1571 2864 hanc
1627 2804 1823 2882 ipsius
1880 2804 2070 2864 vitam
2131 2803 2216 2863 sic
2265 2803 2702 2864 commendat:
2739 2826 2766 2857 ι
2807 2803 2914 2862 Hic
2970 2802 3162 2880 igitur
3192 2802 3293 2882 (de
3352 2805 3675 2884 'l‘heologo

279 2903 560 2982 loquitur
593 2902 732 2983 [(l]),
768 2909 835 2961 ut
866 2903 1219 2981 conscripta
1249 2904 1324 2962 de
1354 2903 1490 2980 ipso
1521 2902 1661 2962 Vita
1693 2902 1930 2962 discere
1953 2901 2347 2979 cupientibus
2380 2901 2781 2961 manifestum
2830 2900 3001 2971 facit,
3037 2901 3248 2961 natale
3296 2903 3500 2963 solum
3534 2923 3687 2966 nac-

285 3006 375 3059 tus
403 3001 896 3078 Cappadociam.
930 3023 963 3056 n
1000 3001 1219 3077 Liquet
1248 2999 1395 3059 hinc
1417 2999 1774 3078 jandudum
1807 2999 2040 3059 editam
2070 2999 2256 3058 fuisse
2288 2998 2450 3058 hanc
2483 2998 2710 3070 Vitam,
2743 2998 2993 3075 lateque
3025 2997 3317 3058 diffusam
3342 3006 3492 3060 tunc
3529 3006 3691 3060 tem-

285 3099 471 3174 poris.
508 3099 577 3157 ln
611 3116 840 3175 magno
876 3097 1166 3157 Ecclesiae
1199 3116 1516 3167 consessu,
1551 3097 1819 3156 encomii
1848 3097 2003 3169 vice,
2031 3097 2292 3172 jubente
2319 3097 2614 3174 episcopo
2643 3096 2806 3154 lecta
2851 3100 2963 3167 est,
2999 3095 3170 3173 quod
3212 3097 3452 3156 exordii
3497 3099 3690 3159 verba

281 3194 586 3253 referunt.
628 3194 786 3253 Male
814 3194 1169 3270 suspicatur
1198 3193 1509 3252 Adrianus
1538 3193 1760 3252 Baillet
1787 3193 1850 3252 in
1886 3192 2313 3251 translationis
2339 3192 2606 3269 gratiam
2639 3191 2883 3250 decimo
2919 3192 3152 3251 saeculo
3202 3198 3473 3269 peractae
3503 3195 3690 3254 ador-

281 3297 500 3349 natam
533 3291 743 3361 fuisse,
780 3308 920 3350 cum
956 3309 1032 3349 ne
1065 3291 1339 3350 minimis
1370 3291 1623 3367 quidem
1658 3290 1991 3349 momentis
2022 3291 2141 3349 hoc
2172 3289 2382 3367 colligi
2414 3289 2630 3367 possit.
2663 3289 2808 3348 Mox
2842 3294 2908 3348 ut
2936 3288 3214 3366 vulgata,
3250 3289 3373 3349 cito
3401 3309 3435 3350 e
3480 3293 3694 3353 Graeco

276 3389 338 3445 in
373 3387 641 3446 latinum
673 3406 852 3446 versa
885 3393 1018 3458 est;
1051 3389 1160 3447 sed
1192 3388 1271 3448 ad
1303 3406 1417 3446 nos
1449 3405 1647 3464 usque
1677 3405 1802 3446 non
1835 3387 2113 3464 pervenit
2141 3387 2278 3464 ejus
2330 3385 2790 3463 interpretatio,
2824 3387 2901 3444 de
2950 3405 3075 3463 qua
3125 3386 3342 3445 Billius
3391 3388 3528 3448 haec
3559 3389 3694 3449 edi-

275 3486 406 3544 dit:
450 3509 480 3540 ‹‹
505 3487 678 3545 Hanc
709 3486 988 3562 Gregorii
1018 3486 1223 3545 Vitam
1274 3485 1600 3562 sexaginta
1659 3485 1799 3562 plus
1858 3484 2062 3544 minus
2119 3484 2301 3544 annis
2357 3489 2496 3562 post
2554 3483 3101 3560 nongentesimum
3161 3502 3197 3542 a
3246 3483 3490 3544 Christo
3543 3491 3694 3547 nato

277 3600 520 3640 annum
556 3583 816 3660 primus,
854 3601 1216 3660 quanquam
1250 3601 1506 3661 prorsus
1538 3582 1823 3653 barbare,
1862 3582 2186 3641 transtulit
2216 3582 2577 3641 Anastasius
2610 3581 2891 3658 quidam,
2931 3585 2999 3640 ut
3043 3585 3413 3641 annotatum
3447 3582 3576 3641 vidi
3629 3583 3697 3643 in

278 3679 441 3738 libro
475 3678 749 3755 quodam
783 3680 1211 3757 manuscripto
1233 3679 1628 3756 Dionysianae
1660 3679 2077 3738 bibliothecae.
2118 3703 2144 3733 »
2179 3677 2385 3738 Potuit
2419 3683 2626 3737 tamen
2678 3677 3000 3737 advertere
3032 3677 3272 3752 Billius,
3307 3683 3370 3738 ut
3405 3678 3697 3739 observat

278 3774 696 3835 Combefisius
753 3776 1153 3836 Anastasium
1191 3776 1356 3836 hunc
1385 3776 1938 3836 Bibliothecarium
1972 3794 2123 3848 esse,
2152 3776 2258 3853 qui
2292 3775 2490 3835 multa
2520 3775 2645 3835 alia
2675 3773 2894 3834 Latine
2927 3774 3198 3836 reddidit
3220 3776 3437 3836 Grmca
3468 3793 3694 3836 monu-

283 3881 526 3945 menta,
560 3891 673 3933 nec
702 3893 958 3951 prorsus
989 3875 1077 3934 ita
1107 3874 1398 3945 barbare,
1428 3880 1495 3934 ut
1526 3874 1721 3953 ipsius
1750 3874 1930 3934 labor
1961 3892 2086 3933 non
2118 3873 2506 3932 desideretur
2553 3877 2663 3932 aut
2701 3872 2781 3932 sit
2825 3872 3086 3932 inutilis.
3121 3873 3288 3934 Vixit
3319 3873 3695 3934 Anastasius

274 3972 384 4032 ille
447 3970 680 4031 saeculo
713 3990 882 4031 nono
909 3989 922 4045 ;
953 3971 1100 4032 hinc
1123 3977 1289 4033 recte
1322 3971 1823 4050 conjicitur,cum
1853 3970 2390 4050 interpretationis
2421 3970 2501 4030 sit
2527 3969 3060 4047 auctor,Gregorii
3089 3971 3295 4032 Vitam
3325 3970 3547 4031 saltem
3577 3989 3694 4032 saa-

271 4068 419 4130 culo
452 4074 678 4130 octavo
709 4068 901 4129 fuisse
933 4069 1377 4148 conscriptam.

342 4283 420 4353 (a)
454 4282 523 4337 13
549 4280 823 4345 Januar.,
857 4296 914 4353 p.
948 4281 1071 4335 781.
2115 4283 2188 4351 (c)
2217 4281 2252 4335 9
2275 4280 2526 4353 M_aii,ip.
2558 4281 2683 4353 369.

339 4350 417 4423 (ὸ)
447 4355 524 4410 De
552 4353 808 4410 historic.
846 4350 1022 4408 Graec.
1051 4355 1100 4409 et
1129 4353 1312 4409 Latin.

2113 4350 2192 4425 (ἀ)
2220 4350 2511 4409 ΒοΙΙαῑιάζ.
2545 4352 2582 4407 9
2612 4350 2771 4422 Maii,
2805 4367 2861 4423 ρ·
2894 4352 3017 4410 450.
