4096 6288
335 370 452 435 213

1458 362 1648 427 VITA
1693 366 1757 425 S.
1808 362 2181 425 GREGUllll
2224 363 2617 427 THEOLOGI

3624 362 3747 422 244

338 522 2890 559 ψ

842 708 1127 805 ΒΙΟΣ
1211 707 1461 805 ΤΟΥ
1542 706 1703 801 ΕΝ
1786 704 2203 802 ΑΓΙΟΙΣ
2297 706 2794 804 ΠΑΤΡΟΣ
2878 703 3245 801 ΗΜΩΝ

1545 903 2554 1033 ΓΡΗΓΟΡΙΟΥ

1245 1112 1322 1184 (1)
1358 1115 1481 1165 ΤΟΥ
1520 1114 1885 1178 ΘΕΟΛΟΓΟΥ,
1926 1114 2317 1168 ΕΠΙΣΚΟΗΟΥ
2353 1110 2853 1179 ΝΔΖΙΑΝΖΗΝΟΥ,

1434 1252 1770 1332 Συγγραφεὶς
1804 1254 1907 1309 ὑπὸ
1938 1252 2241 1331 Γρηγορίου
2270 1248 2655 1330 πρεσϐυτέρου.

563 1561 973 1685 VITA
1069 1560 1195 1681 S.
1295 1558 1915 1682 PATRIS
2019 1557 2641 1681 NOSTRI
2734 1555 3544 1680 GBEGORII

1539 1796 1855 1855 THBOLOGI,
1906 1797 2162 1843 EPISCOPI
2205 1797 2589 1854 nazunzem,

1345 1941 1396 2002 A
1452 1941 1737 2021 Gregorio
1774 1941 2122 2023 presbytero
2168 1938 2369 2003 Graece
2409 1939 2763 2020 conscripta.

424 2205 507 2260 Ad
540 2202 845 2276 spirituale
876 2219 1215 2260 sermonum
1248 2203 1599 2270 convivium,
1633 2219 1666 2258 ο
1696 2202 1802 2257 viri
1834 2201 1999 2257 audi-
2030 2261 2035 2269 ,

2190 2198 2459 2275 Συγκαλεῖ
2488 2200 2579 2271 μὶν
2610 2201 2760 2271 ἡμᾶς
2790 2200 2886 2271 (2),
2939 2199 2984 2251 ὦ
3033 2194 3244 2273 ἄνδρες,
3272 2195 3571 2272 Γρηγόριος
3610 2197 3638 2249 ὁ
3668 2199 3773 2252 πά-

352 2298 531 2360 tores,
582 2292 895 2365 praeclarus
943 2291 1039 2347 ille
1094 2291 1428 2364 Gregorius,
1478 2296 1927 2360 cognomentum
1975 2307 2009 2345 a

352 2380 648 2453 theologia
690 2384 1065 2445 consecutus,
1114 2396 1221 2434 nos
1269 2380 1491 2436 invitat.
1544 2381 1670 2451 Ipse
1725 2379 2007 2434 nimirum

355 2469 703 2540 proponitur
732 2467 901 2522 nobis
930 2467 1091 2522 velut
1119 2467 1409 2539 exquisita
1439 2467 1724 2523 confectio
1755 2485 1884 2539 quae
1913 2485 2006 2522 ex-

355 2562 447 2613 tra
472 2555 773 2611 materiam
804 2560 915 2623 est,
949 2555 1285 2626 deliciisque
1315 2556 1687 2627 corruptione
1726 2555 1886 2612 omni
1917 2573 2011 2611 su-

361 2645 637 2717 perieres.
668 2644 783 2699 Nec
828 2659 961 2698 vero
1012 2644 1228 2698 mirum
1278 2644 1438 2700 vobis
1485 2644 1768 2700 videatur.
1822 2661 1913 2699 me
1943 2660 2009 2699 eo

364 2733 619 2789 audacias
651 2748 1026 2804 progressum
1070 2749 1217 2798 esse,
1252 2737 1316 2787 ut
1361 2737 1418 2787 et
1450 2750 1589 2787 mea:
1640 2733 2006 2788 imbecillita—

363 2821 461 2885 tis.
495 2825 553 2875 et
580 2820 915 2890 excellentis
956 2819 1116 2875 illius
1165 2820 1381 2892 ingenii
1421 2826 1597 2892 atque
1643 2821 1855 2876 indolis
1890 2838 2008 2876 me-

362 2909 607 2965 moriam
666 2908 999 2981 abjecerim,
1059 2908 1159 2979 qui
1204 2914 1438 2981 propter
1490 2909 2007 2981 incomparabilem

361 2997 592 3055 virtutis
620 2997 1015 3069 praestantiam
1046 2998 1117 3053 ad
1171 2998 1326 3052 hunc
1360 2999 1537 3053 ferme
1584 2999 1736 3054 diem
1769 2999 2009 3065 silentii,

360 3088 578 3145 honore
621 3089 775 3160 apud
826 3104 1030 3144 omnes
1081 3092 1324 3143 ornatus
1371 3093 1496 3144 est:
1548 3106 1653 3144 nec
1696 3090 2009 3163 quisquam

364 3178 556 3234 adhuc
586 3177 826 3245 exstitit,
849 3178 948 3248 qui
970 3177 1146 3232 vitam
1172 3177 1357 3249 ipsius
1387 3178 1738 3249 exposuerit,
1764 3196 1829 3234 ac
1863 3179 2010 3234 serie

365 3267 621 3337 quadam
652 3270 708 3319 et
737 3264 939 3320 ordine
971 3282 1061 3321 res
1109 3267 1237 3336 ejus
1268 3265 1540 3338 praeclare
1588 3272 1782 3337 gestas
1814 3271 1869 3321 et
1898 3267 2011 3321 vir-

366 3359 523 3409 tutes
552 3354 623 3408 ad
656 3369 762 3409 nos
783 3352 969 3423 ipsius
991 3349 1253 3424 posteros
1273 3354 1667 3411 transmiserit
1694 3371 1707 3409 :
1736 3356 2015 3425 quemad-

362 3442 603 3497 modum
634 3440 778 3512 ipse,
813 3445 869 3495 et
898 3441 957 3495 in
990 3441 1203 3497 Basilio
1228 3442 1459 3513 Magno,
1490 3447 1547 3498 et
1578 3442 1636 3497 in
1666 3442 1794 3497 aliis
1826 3444 2012 3499 beatis

362 3528 653 3601 episcopis
682 3534 740 3584 et
769 3530 1145 3601 martyribus,
1170 3530 1346 3585 vitam
1372 3532 1636 3601 ipsorum
1668 3537 2010 3602 argumento

362 3617 587 3689 integro
610 3621 953 3687 prosecutus
978 3618 1268 3687 praestitit.
1296 3618 1557 3673 Primum
1584 3619 1820 3690 quidem
1853 3619 2015 3675 nulla

363 3703 585 3760 ratione
612 3704 940 3759 venerando
987 3703 1156 3769 Patri,
1209 3704 1345 3759 huic
1380 3704 1658 3759 nimirum
1709 3705 2014 3760 nobiscum

361 3791 708 3858 considenti,
741 3793 1033 3848 adversari
1066 3798 1353 3865 poteram,
1381 3793 1482 3865 qui
1514 3794 1861 3862 orationem,
1892 3796 2017 3851 vel-

367 3887 431 3937 ut
460 3881 617 3937 aliud
650 3881 945 3953 quoddam
977 3880 1262 3949 debitum,
1304 3881 1587 3954 exigebat,
1639 3888 1695 3937 et
1725 3883 1795 3937 ad
1829 3884 2016 3939 sancti

364 3969 625 4043 Gregorii
656 3969 858 4026 laudes
903 3969 1282 4027 celebrandas
1333 3976 1577 4042 paterna
1626 3976 1682 4026 et
1715 3971 1883 4027 herili
1914 3990 2015 4027 au-

366 4058 630 4115 ctoritate
658 4058 834 4114 etiam
884 4064 1052 4130 atque
1098 4059 1277 4116 etiam
1326 4059 1631 4124 excitabat,
1676 4060 1921 4131 sibique,
1956 4066 2019 4117 ut

367 4163 590 4202 morem
619 4162 903 4218 gererem,
927 4147 1274 4220 imperabat,
1302 4164 1481 4219 seque
1504 4148 1761 4220 alioquin
1789 4148 2017 4205 nullum

438 4300 515 4374 (1)
575 4301 730 4378 Libri
811 4305 1194 4378 manuscripti
1245 4306 1492 4378 (habent
1566 4311 1863 4375 Ναζιανζοῦ
1916 4309 2015 4365 sed

365 4372 679 4449 Gregorius
696 4390 999 4449 nunquam
1035 4372 1143 4449 fuit
1165 4377 1473 4449 episcopus
1514 4372 1933 4448 Nazianzenus,
1956 4384 2019 4435 ut

364 4445 895 4520 demonstravimus
925 4447 984 4520 in
1036 4445 1454 4520 Dissertatione
1485 4451 1715 4520 praevia.
1772 4445 2017 4506 Sasimis

365 4516 475 4571 fuit
487 4517 827 4602 designatus
844 4519 1154 4602 episcopus
1171 4537 1184 4585 ;
1200 4516 1560 4602 Nazianzeno
1573 4523 1842 4602 episcopo
1871 4522 2018 4602 patri

368 4603 475 4642 suo
505 4587 691 4664 factus
720 4594 809 4642 est
833 4587 1174 4664 ceadjutor:
1218 4595 1276 4645 at
1326 4587 2014 4664 Constantinopolis-tan-

369 4665 495 4736 tum
515 4657 747 4729 publico
772 4657 1057 4736 praeconio
1082 4666 1477 4736 proclamatus
1498 4657 1807 4736 episcopus
1835 4682 2020 4731 ;erro-

372 4747 437 4807 re
459 4733 654 4807 tamen
688 4730 1211 4807 antiquo_vocatur
1244 4730 1653 4807 Nazianzenus
1686 4730 2015 4807 episcopus.

370 4800 516 4855 Vide
546 4800 855 4856 Baronium
888 4803 959 4857 ad
993 4820 1213 4859 annum
1236 4806 1360 4859 371.

444 4873 517 4943 (2)
547 4872 642 4927 Sic
673 4872 830 4927 Colb.
883 4874 935 4937 1,
964 4875 1019 4941 2,
1049 4880 1107 4929 et
1154 4876 1354 4931 Comb.
1387 4876 1481 4931 Sic
1529 4880 1586 4931 et
1615 4877 1741 4931 cod.
1789 4877 1883 4932 DD
1938 4877 2015 4933 du

373 4934 591 4999 Poirier
620 4934 1015 5003 Turonensis.
1043 4947 1417 5003 Ambessiani.
1459 4948 1612 5003 doct.
1664 4948 1814 5003 med.
1851 4949 2014 5003 Mon-
2046 4934 2088 5001 C

372 5014 510 5098 tisp:
544 5013 644 5084 qui
671 5017 859 5098 varias
890 4988 1125 5098 codicis,
1150 5034 1336 5098 quem
1360 5035 1473 5089 pre
1497 5020 1771 5098 manibus
1795 5018 2016 5098 habuit,

373 5083 664 5164 lectiones
680 5088 1011 5164 transmisit
1049 5083 1265 5164 domno
1315 5083 1577 5164 Louvard
1605 5089 1824 5164 :_hunc
1855 5083 2018 5164 dein;

375 5172 513 5279 saepe
562 5157 819 5213 codicem
880 5160 1322 5232 designabimus
1381 5159 1576 5216 littera
1630 5160 1691 5215 P.
1754 5161 1812 5215 In
1874 5163 2013 5218 edit.

412 5245 535 5279 ηας.

454 5245 535 5287 ας.

574 5298 875 5374 Γρηγόριος
1010 5301 1187 5376 πάνυ,
1308 5306 1414 5376 τῆς
1451 5300 1752 5376 ,θεολογίας
1812 5300 2015 5357 ἐπώνυ-

373 5366 639 5446 μος,’ῂοὸ
674 5366 793 5446 est,
844 5366 1213 5446 κειτχᾷξοχτήν⁸
1244 5371 1271 5424 ὁ
1301 5366 1581 5445 θεολόγος,
1639 5366 1763 5446 seu,
1814 5380 1879 5430 ut
1918 5391 2015 5431 ex-

368 5437 555 5517 plicat
574 5437 944 5517 Sophro‘nius
961 5437 1491 5517 Hierosolymorum
1513 5437 1867 5517 patriarcha,
1893 5447 2014 5517 epi-

368 5510 500 5565 stol.
537 5512 560 5565 1
596 5510 748 5593 apud
785 5513 1052 5570 Photium
1083 5514 1143 5570 in
1180 5510 1443 5571 Bibliolh.
1471 5532 1483 5571 :
1514 5510 1572 5573 ἰΟ
1598 5522 1697 5585 τῆς
1727 5510 2011 5592 θεολογίας

376 5600 727 5649 μυσταγωγος
736 5623 746 5633 .

436 5603 548 5634 ιστα
588 5603 630 5633 ω
668 5603 746 5643 ος.

436 5654 515 5724 (4)
546 5603 666 5712 (Ἐοέ
696 5658 755 5709 Ρ.
789 5654 846 5710 in
880 5661 1017 5712 nota
1047 5674 1232 5729 marg.
1264 5657 1547 5731 τράπεζαν,
1579 5676 1843 5717 mensam.

2116 2310 2200 2356 νυ,
2232 2290 2260 2343 ὁ
2285 2296 2387 2357 τῆς
2420 2286 2703 2363 θεολογίας
2756 2286 3039 2358 ἐπώνυμος
3088 2288 3188 2358 (3),
3221 2284 3296 2346 εἷς
3326 2285 3424 2352 τὴν
3470 2305 3769 2357 πνευματι-

2116 2379 2216 2445 κὴν
2266 2375 2579 2431 πανδαισίαν
2631 2377 2709 2449 (4)
2755 2379 2860 2429 τῶν
2912 2373 3112 2448 λόγων*
3163 2375 3446 2449 πρόκειται
3502 2370 3560 2427 δὲ
3608 2373 3770 2437 αὐτὸς

2118 2462 2282 2527 ἄυλος
2330 2465 2586 2540 καρυκεία
2634 2467 2731 2537 (5),
2777 2463 2866 2518 καὶ
2913 2464 3090 2539 τρυφή
3139 2464 3341 2540 φθορᾶς
3391 2461 3602 2532 ἁπάσης
3634 2462 3774 2535 ὑψη-

2119 2551 2335 2629 λοτέρα.
2371 2554 2459 2621 Μὴ
2494 2554 2807 2624 θαυμάσητε
2840 2550 2917 2620 δὲ,
2951 2551 2997 2606 εί
3045 2551 3181 2625 πρὸς
3230 2554 3484 2605 τοσοῦτον
3517 2554 3596 2623 (6)
3640 2551 3771 2622 θρά-

2118 2664 2247 2704 σους
2279 2642 2527 2712 ἰξὴλθον,
2578 2642 2652 2702 ὡς
2701 2640 2791 2694 καὶ
2840 2648 2939 2709 τῆς
2971 2639 3171 2702 οἰκείας
3222 2638 3519 2709 ἀσθενείας,
3552 2638 3773 2707 καὶτῆς

2119 2730 2323 2785 ἐκείνου
2375 2727 2745 2804 μεγαλοφυΐας
2795 2726 3171 2798 ἐπιλελῆσθαι,
3203 2729 3261 2789 ὃς
3308 2725 3398 2781 διὰ
3426 2729 3487 2781 τὸ
3518 2734 3615 2796 τῆς
3644 2727 3774 2803 ἀρε-

2116 2827 2218 2888 τῆς
2248 2815 2537 2894 ἀπρόσιτον
2577 2819 2741 2891 μέχρι
2790 2825 2892 2886 τῆς
2942 2820 3180 2892 σήμερον
3228 2814 3417 2891 ὀλίγου
3448 2814 3556 2870 δεῖν
3586 2821 3772 2891 σιωπῇ

2118 2910 2243 2982 παρ’
2294 2908 2456 2961 ἅπασι
2517 2910 2593 2981 (7)
2639 2907 2945 2979 τετίμηται·
3006 2906 3095 2959 καὶ
3155 2902 3334 2966 οὐδεὶς
3390 2902 3774 2959 ἀποδέδεικται

2116 2999 2215 3065 τῆς
2250 2995 2414 3051 αὐτοῦ
2443 2994 2725 3056 πολιτείας
2783 2996 3068 3072 ὑφηγητής
3116 2991 3203 3048 καί
3254 2990 3605 3062 διδάσκαλος,
3640 2992 3774 3047 ἀκο-

2121 3084 2311 3155 λουθίᾳ
2377 3084 2483 3139 τινὶ
2540 3083 2629 3138 καὶ
2684 3083 2829 3152 τάξει
2894 3084 2963 3137 τὰ
3016 3087 3096 3153 τῷ
3154 3078 3307 3157 ἀνδρὶ
3365 3082 3771 3153 κατωρθωμένα

2119 3174 2485 3245 παραπέμψας
2533 3174 2668 3244 ἡμῖν
2705 3176 2821 3232 τοῖς
2878 3171 3185 3243 μετέπειτα,
3231 3168 3411 3245 ὥσπερ
3464 3169 3621 3230 αὐτὸς
3674 3190 3779 3223 πι-

2118 3262 2369 3332 ποίηκεν,
2420 3260 2509 3315 ἐπί
2556 3282 2615 3315 τε
2661 3259 2927 3331 Βασιλείῳ
2984 3263 3063 3330 τῷ
3122 3257 3363 3332 Μεγάλῳ
3420 3259 3509 3312 καὶ
3570 3258 3782 3333 ἑτέροις

2125 3350 2411 3423 μακαρίοις
2461 3348 2820 3419 ἐπισκόποις,
2862 3348 2952 3402 καὶ
3006 3345 3285 3422 μάρτυσινσ
3340 3344 3480 3416 ὅλην
3532 3346 3782 3401 ὑπόθεσιν

2118 3440 2210 3493 τὸν
2245 3439 2361 3513 βίον
2414 3438 2590 3493 αὐτῶν
2639 3440 2717 3511 (8)
2770 3436 3187 3507 ἐνστησάμενος.
3236 3434 3414 3490 Ἀλλὰ
3456 3440 3650 3508 πρῶτα
3702 3436 3781 3507 (9)

2045 3570 2092 3634 Β
2127 3528 2220 3599 μὲν
2254 3527 2361 3602 οὐχ
2393 3527 2504 3581 οἶόν
2547 3548 2607 3581 τε
2649 3529 2713 3595 ἦν
2765 3523 3063 3600 ἀντιλέγειν
3108 3523 3280 3597 τιμίῳ
3312 3526 3619 3598 γεννήτορι,
3651 3523 3782 3579 τού-

2238 3614 2292 3634 B‘
2372 3620 2397 3629 α’
2474 3614 2484 3631 ‘
2595 3617 2607 3634 Ι
2670 3619 2693 3630 ν
2770 3616 2876 3634 Inn\
2936 3612 2949 3634 ,
2988 3615 3013 3634 Λ
3036 3610 3083 3634 ’δ
3231 3614 3257 3634 Α
3292 3609 3315 3634 δ
3442 3612 3451 3634 Ι
3611 3611 3637 3632 θ’
3734 3633 3740 3634 ,
3765 3632 3775 3634 -

2122 3638 2203 3687 τῳ
2236 3614 2300 3685 δὴ
2332 3620 2410 3687 τῷ
2439 3614 2530 3669 σὺν
2584 3617 2719 3686 ἡμῖν
2766 3616 2878 3689 (10)
2932 3610 3113 3668 ἐνθάδε
3161 3609 3557 3687 καθιδρυμένῳ,
3599 3611 3783 3687 ὥσπερ

2126 3702 2266 3759 ἄλλο
2296 3726 2346 3757 τι
2381 3706 2545 3779 χρέος
2577 3704 2892 3757 ἀπαιτοῦντι
2942 3701 3069 3763 τοὺς
3116 3699 3339 3774 λόγους,
3372 3700 3459 3754 καὶ
3511 3699 3649 3777 πρὸς
3682 3703 3786 3770 τὴν

2122 3797 2219 3846 τοῦ
2253 3792 2395 3856 θείου
2431 3791 2736 3867 Γρηγορίου
2787 3790 3082 3867 εὐφημίαν,
3136 3789 3254 3845 λίαν
3287 3794 3643 3864 παρορμῶντι
3678 3810 3789 3844 πα-

2122 3886 2321 3955 τρικῶς
2355 3901 2411 3935 τε
2441 3880 2528 3935 καὶ
2570 3878 2925 3950 δεσποτικῶς,
2976 3880 3073 3946 τὴν
3128 3879 3369 3945 ὑπακοὴν
3421 3875 3787 3950 ἐγκελευομέ-

2124 3992 2223 4042 νῳ,
2273 3970 2361 4024 καὶ
2411 3969 2473 4023 οὐ
2528 3971 2777 4042 μεθήσειν
2830 3965 3234 4037 ἐπαπειλοῦντι,
3286 3967 3375 4020 καὶ
3422 3973 3522 4034 τῆς
3577 3966 3653 4028 είς
3686 3966 3790 4038 ἐμὲ

2124 4059 2429 4133 γεννήσεως
2474 4080 2533 4113 τε
2579 4058 2668 4112 καὶ
2713 4064 2921 4133 τροφῆς
2978 4058 3177 4125 ταύτην
3213 4052 3481 4110 ἀντίδοσιν
3535 4055 3789 4127 εἰσπρατ-

2122 4146 2357 4219 τομένῳο
2410 4142 2593 4201 ἔπειτα
2632 4143 2757 4201 οὐδὲ
2806 4144 2953 4201 ὅσιον
3005 4146 3119 4219 (11)
3170 4141 3319 4198 δοκεῖ
3371 4163 3467 4215 μοι
3514 4142 3787 4213 τοσαύτης

2196 4306 2273 4379 (5)
2305 4307 2441 4362 Cod.
2486 4308 2546 4363 P.
2597 4306 2655 4361 in
2711 4310 2830 4361 not.
2886 4321 3071 4377 marg.
3123 4304 3356 4379 ἄρτυμα,
3412 4299 3713 4379 ὀψοφαγίᾳ,
3749 4300 3786 4370 ἢ

2196 4323 2273 4379 (D)
2305 4323 2441 4362 υοη.
2486 4323 2546 4363 ιι.
2597 4324 2655 4361 1n
2711 4323 2830 4361 non.
2886 4323 3071 4377 marg.
3123 4323 3155 4357 α
3191 4323 3356 4374 τυμα,
3412 4323 3713 4379 οψοφαγια,
3749 4323 3785 4370 η

2125 4374 2327 4446 ἠδύτης
2359 4381 2465 4431 τῶν
2503 4381 2699 4449 ζωμῶν
2732 4379 3105 4449 pulmentum,
3130 4323 3447 4431 (ﬁliciosum
3476 4375 3786 4449 epsqm'um,

2114 4444 2401 4521 jusculum
2422 4444 2661 4521 jucun'di
2689 4444 2931 4521 superis.
2964 4448 3109 4513 Quid
3160 4448 3239 4521 sit
3264 4444 3543 4521 καρυκεία,
3577 4446 3793 4500 docent

2126 4519 2857 4591 vulgares‘lexicographi,
2920 4519 3036 4574 imo
3093 4522 3150 4591 et
3200 4519 3539 4591 Favorinus,
3592 4534 3627 4571 a
3666 4534 3785 4591 quo

2126 4598 2181 4664 et
2198 4586 2443 4664 doctiss.
2478 4586 2854 4664 Ducangi'usi
2904 4595 2963 4664 at
3007 4590 3147 4664 quid
3198 4604 3394 4664 revera
3424 4586 3789 4664 sit_>ta_puie_€at

2128 4660 2316 4729 ἄυλος,
2353 4670 2415 4718 ut
2446 4680 2561 4719 non
2595 4660 2862 4730 docuere,
2896 4661 2980 4715 sic
3008 4660 3065 4717 et
3090 4661 3467 4715 doctissimus
3494 4660 3703 4714 Billius
3724 4660 3781 4714 in

2126 4735 2388 4790 versione
2409 4752 2517 4790 sua
2541 4753 2651 4790 non
2680 4734 2891 4805 attigit.
2916 4733 3039 4805 Non
3067 4732 3133 4787 Β.
3164 4735 3226 4785 Ρ.
3252 4730 3581 4805 Qombefisii
3607 4730 3786 4786 inter-

2129 4806 2509 4877 pretationem
2539 4802 3178 4877 versionii'inseruinus.
3213 4802 3401 4859 Aliam
3446 4807 3786 4874 proponunt

2130 4876 2346 4933 veteres
2378 4879 2517 4932 edit.
2552 4893 2796 4948 nempe:
2840 4877 2953 4947 Ipse
2984 4878 3045 4930 in
3072 4876 3256 4948 cibum
3297 4876 3554 4930 materia:
3584 4889 3786 4948 exper-

2125 4952 2233 5031 tem
2289 4950 2535 5019 oﬂ'ertur,
2592 4946 2923 5021 epulumque
2995 4947 3343 5017 corruptione
3395 4948 3549 5001 omni
3601 4946 3784 5000 subti-

2130 5037 2293 5074 mzus.

2198 5092 2270 5159 (ὃς
2306 5091 2442 5145 Cod.
2477 5091 2571 5146 Or.
2600 5090 2778 5146 habet
2805 5085 3072 5159 τοσούτῳ.

2215 5163 2271 5231 7)
2302 5162 2458 5233 Celb.
2495 5166 2552 5217 et
2583 5162 2780 5217 Comb.
2815 5158 3190 5233 leguntjnapa‘z
3220 5162 3370 5212 πᾶσι.

2218 5229 2274 5300 8)
2305 5231 2485 5286 Αὐτῶν
2520 5234 2683 5289 deest
2713 5234 2772 5287 in
2804 5229 2933 5288 cod.
2966 5229 3134 5288 Colb.‘
3158 5234 3193 5285 2
3222 5235 3279 5285 et
3308 5229 3506 5284 Comb.

2196 5304 2269 5375 (9)
2297 5305 2436 5375 βοᾷ.
2470 5304 2628 5360 Colb.
2664 5307 2689 5360 1
2724 5310 2780 5361 et
2822 5308 2947 5361 Cor.
2979 5305 3219 5375 πρῶτον,
3271 5302 3407 5358 Cod.
3461 5304 3523 5355 P.
3556 5301 3779 5370 πρῶτον

2127 5371 2219 5447 μὲν
2254 5371 2315 5427 οὐ
2358 5371 2601 5431 δύνατον.

2195 5446 2306 5515 (10)
2341 5451 2423 5501 Ita
2455 5447 2613 5503 Colb.
2651 5449 2699 5512 1,
2732 5448 2788 5511 2,
2822 5446 2916 5501 Or.
2949 5450 3006 5501 et
3033 5442 3233 5515 Comb.
3269 5443 3330 5497 In
3374 5442 3514 5515 edit.
3551 5439 3704 5513 ὑμῖν.

2194 5512 2306 5585 (ll)
2337 5518 2491 5573 Colb.
2525 5521 2557 5573 ‘3
2588 5524 2641 5573 et
2674 5519 2873 5573 Comb.
2906 5512 3323 5586 habento'qtov.
3356 5514 3516 5571 Uolb.
3554 5514 3607 5586 1,
3637 5516 3693 5583 2,
3718 5515 3779 5569 et

2120 5583 2319 5644 Cumb.
2356 5586 2503 5642 δοκεῖ
2534 5592 2589 5645 in
2626 5590 2763 5645 edit.
2798 5592 2901 5642 τῶν
2936 5588 3095 5642 ὁσίων
3125 5583 3319 5645 ἐδόκει.
