4096 6288
287 381 409 443 245

1292 388 1333 446 A
1348 385 1660 449 UCTORE
1708 390 1749 447 G
1764 387 2103 450 ltEGOlllO
2152 388 2696 450 PltESBYTERO.

3580 385 3699 445 246

288 517 438 588 ἡμᾶς
469 513 660 588 ἀρετῆς
691 512 985 591 ἆλογῆσαι,
1020 517 1077 587 ἢ,
1110 521 1186 590 τῷ
1235 517 1336 594 βίῳ
1382 517 1767 593 προτιθεμένη,
1800 517 1909 574 πολ

2056 522 2302 594 urgendi
2332 522 2507 578 tinem
2542 523 2831 577 facturum
2866 519 3219 586 minabatur,
3240 521 3416 591 atque
3437 517 3585 574 hanc
3612 519 3700 573 in-

289 600 422 666 λοὺς
454 607 509 658 ἂν
542 606 897 680 προτρέψειεν
940 606 1017 668 εἰς
1063 608 1162 676 τὴν
1218 606 1473 680 μίμησιν,
1506 606 1595 661 καὶ
1646 606 1744 664 οὐκ
1796 607 1935 662 ἐάσει

290 694 349 748 τὸ
402 692 568 748 καλὸν
630 693 885 765 ἐξίτηλον
947 698 1057 768 (12)
1118 698 1387 772 γενέσθαι,
1420 695 1607 774 λόγοις
1652 702 1768 760 τοῖς
1816 699 1936 761 καθ’

294 784 498 859 ἡμέραν
530 784 1040 857 καινοποιούμενον.

2047 611 2221 667 dultae
2255 611 2397 666 mihi
2446 610 2690 683 originis
2734 609 3212 679 educationisque
3260 608 3584 663 mercedem
3619 607 3721 687 ef—g

2048 700 2364 773 ﬂagitabat.
2400 699 2638 769 Deinde,
2690 714 2761 754 ne
2815 699 2976 770 pium
3024 697 3259 769 quidem
3313 700 3370 752 et
3419 697 3503 752 fas
3554 697 3699 752 mihi

2048 805 2176 845 esse
2205 789 2455 856 videtur,
2487 787 2707 842 nullam
2743 791 2915 842 tantae
2947 786 3179 841 virtutis
3211 785 3495 840 rationem
3526 785 3701 841 habe-

294 890 370 941 re,
394 890 542 945 quae,
576 874 624 929 si
654 875 787 930 vita
819 875 1089 930 humanae
1121 880 1558 948 proponeretur,
1593 877 1809 933 multos
1843 879 2088 934 fortasse
2117 878 2188 934 ad
2221 877 2648 933 aemulationem
2680 878 3039 949 provocaret,
3063 891 3168 929 nec
3197 874 3470 930 virtutem
3504 874 3691 947 ipsam

293 962 465 1018 dilabi
500 967 676 1034 atque
706 980 1049 1020 evanescere
1080 965 1316 1033 sineret,
1350 966 1707 1037 quotidianis
1741 966 2023 1023 nimirum
2059 966 2429 1022 sermonibus
2460 966 2708 1020 subinde
2739 952 3216 1019 efﬂorescentem.

358 1063 496 1137 Φέρε
544 1060 612 1130 δὴ
664 1061 775 1131 οὖν,
824 1065 923 1132 τὴν
976 1059 1244 1133 ἀναϐολὴν
1302 1062 1656 1137 ἀποθέμενος,
1705 1065 1930 1141 ἀπαρχῇ

287 1156 388 1205 τῶν
446 1151 592 1223 ἐμῶν
654 1149 857 1227 λόγων,
894 1153 1005 1206 οἷόν
1065 1175 1175 1207 τισι
1230 1151 1573 1229 νεοδρέπτοις
1633 1157 1928 1229 γεννήμασι

289 1241 608 1317 στεφανώσω
655 1242 745 1294 τὸν
794 1239 1086 1315 Θεολόγον,
1121 1241 1164 1295 εἷ
1210 1243 1298 1296 καὶ
1345 1250 1443 1312 τῆς
1493 1243 1639 1313 ἀξίας
1686 1241 1931 1299 καταδεέ-

292 1348 467 1405 στερον
499 1330 633 1400 (13),
668 1327 813 1384 ἀλλὰ
843 1336 941 1398 τῆς
984 1329 1290 1404 προθυμίας
1324 1328 1474 1386 οὐδὲν
1532 1331 1810 1388 ἐλλεῖπον.
1844 1333 1931 1386 Οἴ-

295 1438 382 1489 μαι
433 1415 510 1488 δὲ,
542 1417 617 1479 ὡς
670 1416 722 1472 έν
769 1423 900 1473 πᾶσι
946 1417 1153 1481 τέλειος
1205 1420 1233 1474 ὁ
1278 1420 1431 1495 ἀνὴρ⁹
1483 1421 1571 1476 καὶ
1621 1426 1782 1476 τοῦτο
1836 1443 1929 1494 με·

289 1505 487 1581 τριάσει
536 1506 627 1561 τὸν
681 1509 809 1582 παρ’
837 1507 971 1579 ἐμοῦ
1003 1504 1240 1563 ἔπαινονο
1275 1508 1460 1580 ἐπειδὴ
1511 1513 1599 1565 καὶ
1647 1508 1780 1587 φίλα
1826 1532 1928 1565 πα-

203 1627 210 1635 ~
291 1597 437 1669 τράσι
468 1596 535 1649 τὰ
562 1599 669 1648 τῶν
702 1595 914 1665 νηπίων
947 1594 1311 1670 ψελλισματα,
1348 1598 1398 1667 ἐξ
1428 1598 1660 1676 ἀτέχνου
1697 1598 1929 1672 μάλιστα

289 1682 544 1757 προϊόντα
566 1690 666 1751 τῆς
697 1681 955 1754 διανοίας,
987 1686 1022 1753 ἢ
1053 1689 1161 1739 τῶν
1210 1685 1434 1741 τελείων
1478 1689 1529 1741 οἱ
1582 1683 1926 1763 ἐμϐριθέστε-

289 1792 369 1844 ροι
412 1773 526 1843 (Ui)
574 1772 735 1847 λόγοι
781 1772 870 1826 καὶ
912 1774 979 1827 τὰ
1024 1769 1230 1849 σοϐαρὰ
1280 1773 1707 1852 λαρυγγίσματα.
1741 1779 1926 1832 Ἔσται

286 1856 338 1914 δὲ
368 1860 513 1931 αύτῴ
542 1861 631 1915 καὶ
653 1861 1133 1935 οἷκειοτάτη(15)ἠ
1159 1862 1247 1917 διὰ
1277 1868 1381 1918 τῶν
1416 1863 1596 1940 λόγων
1629 1868 1763 1939 τιμή
1790 1869 1923 1941 (16).

2111 1072 2232 1140 Age
2263 1066 2462 1139 igitur,
2503 1065 2874 1122 cunctatione
2914 1063 3075 1120 omni
3106 1064 3319 1135 posita,
3350 1079 3689 1119 sermonum

2041 1172 2305 1212 meorum
2338 1155 2636 1228 primitiis,
2677 1155 2847 1227 quasi
2887 1153 3172 1209 fructibus
3220 1152 3573 1223 quibusdam
3600 1169 3691 1208 re-

2040 1263 2176 1302 cens
2210 1246 2521 1318 decerptis,
2554 1261 2826 1300 coronam
2856 1241 3146 1315 Tbeologo
3177 1247 3429 1310 nectam,
3474 1242 3523 1297 si
3559 1241 3687 1314 qui-

2040 1335 2172 1390 dem
2204 1333 2363 1390 illius
2409 1334 2616 1389 merito
2665 1349 2731 1388 ac
2780 1332 3049 1405 dignitati
3096 1332 3401 1403 imparem,
3447 1336 3506 1387 at
3535 1335 3689 1387 certe

2036 1424 2260 1480 viribus
2292 1423 2527 1491 nostris,
2562 1422 2861 1494 animique
2884 1421 3203 1489 alacritate,
3225 1420 3687 1492 haudquaquam

2037 1512 2397 1568 inferiorem.
2446 1513 2525 1568 Ac
2558 1512 2823 1567 futurum
2858 1511 3084 1583 opinor,
3128 1513 3193 1564 ut
3222 1509 3309 1566 vir
3338 1508 3457 1577 ille,
3481 1526 3688 1580 quem—

2037 1602 2353 1657 admodum
2387 1601 2444 1656 in
2476 1600 2751 1656 omnibus
2770 1600 3056 1669 perfectus
3085 1602 3192 1668 est,
3212 1597 3293 1653 ita
3321 1597 3689 1669 quoquelau-

2036 1691 2331 1746 dationem
2389 1690 2539 1745 hanc
2597 1694 2857 1744 nostram
2917 1704 3081 1758 aequo
3140 1687 3337 1742 animo
3401 1687 3680 1759 accipiat:

2037 1780 2512 1851 quandoquidem
2536 1783 2594 1833 et
2614 1777 3067 1833 balbutientium
3084 1776 3398 1831 infantium
3421 1793 3683 1831 sermun-

2035 1868 2172 1938 culi,
2206 1886 2240 1925 a
2268 1867 2524 1939 simplici
2555 1868 2807 1922 maxime
2839 1866 3033 1921 animo
3064 1866 3440 1936 prodeuntes,
3474 1882 3681 1937 paren-

283 1949 367 2010 Οἷς
398 1949 504 2023 γὰρ
534 1944 757 2012 ἕκαστος
807 1948 1017 2020 ἥδεται,
1047 1952 1261 2013 τούτοις
1314 1950 1493 2023 δήπου
1539 1955 1629 2009 καὶ
1677 1956 1917 2028 τιμώμε-

2037 1957 2192 2013 tibus
2224 1958 2605 2028 jucundiores
2656 1972 2783 2012 esse
2839 1954 3045 2025 solent,
3096 1971 3274 2025 quam
3325 1953 3680 2010 robustiores

278 2058 362 2099 νος
419 2039 677 2113 γάννυται
708 2041 843 2112 (17).
878 2041 975 2094 Καὶ
1034 2040 1079 2095 εἷ
1137 2046 1239 2110 ζῶν
1295 2040 1370 2096 ἔτι
1432 2045 1544 2117 (1)
1598 2034 1922 2115 σωματικῶς

279 2126 482 2181 πάντων
533 2130 830 2200 κτημάτων
886 2127 1011 2191 τοὺς
1076 2130 1275 2205 λόγους
1334 2128 1633 2202 ἠλλάξατο,
1678 2133 1765 2187 καὶ
1826 2135 1925 2202 τὴν

278 2214 458 2291 σοφίαν
528 2211 844 2288 περιλαϐὼν
907 2218 996 2271 καὶ
1064 2217 1304 2292 ἐρασθεὶς
1364 2219 1554 2290 αὐτῆς,
1602 2221 1689 2276 καὶ
1747 2244 1925 2297 τηρηο

275 2304 377 2365 θεὶς
429 2305 517 2358 ὑπ’
570 2305 758 2376 αὐτῆς,
811 2312 1191 2381 παροιμιακῶς
1251 2308 1436 2363 εἰπεῖν’
1488 2314 1603 2372 πῶς
1649 2310 1798 2386 οὐχὶ,
1832 2311 1921 2366 καὶ

276 2397 376 2447 τῶν
428 2391 563 2467 τῇδε
610 2393 980 2472 ἀπολειφθεὶς,
1031 2396 1121 2450 καὶ
1188 2397 1326 2472 πρὸς
1384 2399 1480 2466 τὴν
1551 2400 1782 2472 καθαρὰν
1832 2400 1921 2454 καὶ

275 2484 535 2557 φρονήσει
582 2480 989 2552 πλησιάζουσαν
1042 2487 1183 2554 ζωὴν
1258 2487 1617 2560 μεταθέμενος
1663 2488 1730 2542 τὰ
1783 2509 1919 2564 παρ-

272 2570 417 2639 όντα,
445 2570 665 2632 τούτοις
692 2571 987 2646 γαυροῦταί
1026 2594 1084 2627 τε
1112 2571 1277 2628 πλέον
1310 2577 1422 2648 (19)
1452 2576 1542 2629 καὶ
1586 2575 1877 2652 ἀγάλλεται
1904 2597 1918 2647 ;

270 2660 436 2730 ἰ’μᾶς
498 2657 555 2713 δὲ
620 2659 902 2733 αἰτοῦμαι,
963 2662 1007 2714 ὦ
1062 2661 1181 2738 ἱερά
1248 2666 1571 2738 πανήγυρις,
1634 2668 1708 2737 μή
1782 2666 1919 2742 πρὸς

271 2743 546 2823 ἀκρίϐειαν
592 2750 655 2803 τὸ
694 2748 907 2817 πλῆθος
953 2754 1060 2804 τῶν
1108 2750 1296 2823 ἐκείνῳ
1343 2754 1789 2827 κατωρθωμένων
1839 2753 1919 2809 δι-

273 2843 605 2911 ερευνᾶσθαι·
635 2842 853 2909 πρῶτον
892 2838 1010 2909 μὲν,
1041 2836 1123 2892 ὅτι
1157 2840 1232 2909 μὴ
1286 2840 1402 2894 κατ’
1433 2838 1570 2913 ἐμὴν
1622 2838 1847 2914 δύναμιν
1880 2842 1915 2910 ἢ

276 2925 605 3000 ὑποσχέσθαι
652 2930 840 2998 τοῦτο,
895 2926 929 2994 ἢ
980 2926 1339 2991 ἀπαιτεῖσθαι’
1386 2923 1590 3002 ἔπειτα,
1643 2928 1726 2984 ὅτι
1777 2928 1918 3002 μηδέ

276 3034 347 3074 τις
374 3015 439 3068 τὰ
468 3016 591 3068 κατ’
624 3013 782 3068 αὐτὸν
813 3018 946 3087 ἡμῖν
996 3016 1279 3092 γεγραφὼς
1328 3017 1738 3072 καταλέλοιπεν’
1772 3018 1919 3075 ἀλλά

275 3102 541 3179 σποράδην
578 3103 639 3157 ἐκ
666 3108 770 3159 τῶν
808 3104 969 3158 αὐτοῦ
1000 3104 1261 3175 συλλέξας
1319 3104 1498 3182 λόγων
1549 3110 1616 3161 τὰ
1656 3110 1772 3163 κατ’
1822 3109 1913 3164 αύ-

264 3192 377 3263 se»,
416 3198 697 3265 μιμοῦμαι
744 3193 873 3255 τοὺς
926 3191 1276 3267 λιθολόγους,
1305 3196 1377 3264 οἳ,
1410 3200 1773 3271 κατασμικρὸν
1821 3198 1916 3260 τὰς

2034 2046 2366 2102 adulterum
2418 2061 2742 2113 sermones,
2775 2048 2831 2099 et
2859 2059 3065 2115 graves
3113 2059 3178 2098 ac
3210 2041 3521 2114 phaleratus
3553 2060 3682 2097 ora-

2032 2135 2241 2191 tiones.
2267 2135 2415 2200 Quin
2446 2139 2504 2189 et
2524 2134 2649 2205 ipse
2681 2148 3019 2188 sermonum
3042 2131 3230 2186 honor
3249 2130 3332 2185 illi
3358 2148 3534 2203 quam
3558 2130 3685 2203 pul-

2032 2224 2319 2280 cherrime
2348 2227 2645 2295 congruet.
2681 2221 2904 2286 Quibus
2920 2222 3076 2275 enim
3100 2220 3275 2275 rebus
3304 2220 3555 2292 quisque
3584 2221 3683 2276 de-

2032 2312 2299 2380 lectatur,
2331 2312 2541 2367 iisdem
2582 2327 2815 2382 quoque
2849 2304 3105 2381 profecto
3136 2308 3408 2363 honorari
3440 2308 3683 2365 miriﬁce

2032 2402 2265 2473 gaudet.
2306 2404 2588 2472 Cumque,
2639 2414 2978 2471 corpoream
3030 2397 3222 2453 adhuc
3270 2396 3447 2452 vitam
3482 2413 3681 2469 agens,

2030 2490 2306 2546 doctrinae
2336 2494 2392 2545 et
2421 2487 2759 2559 eloquentia:
2794 2486 2991 2543 studia
3035 2485 3310 2541 omnibus
3340 2484 3553 2557 opibus
3596 2486 3680 2541 fa-

2030 2579 2463 2650 cultatibusque
2502 2576 2841 2649 praetulerit,
2890 2576 3321 2646 sapientiamque
3366 2574 3679 2645 complexus

2028 2678 2191 2741 atque
2214 2684 2403 2723 amore
2438 2670 2775 2739 prosecutus,
2824 2664 2891 2720 ab
2943 2680 3135 2735 eaque,
3182 2668 3245 2718 ut
3290 2668 3379 2719 est
3424 2663 3486 2718 in
3530 2667 3674 2719 Pro-

2029 2757 2239 2813 verbiis
2287 2758 2352 2824 ⁷⁸,
2402 2763 2751 2811 conservatus
2803 2754 3013 2829 fuerit:
3048 2751 3209 2809 eccui
3264 2752 3500 2808 tandem
3567 2754 3672 2809 du-

2026 2846 2189 2902 bium
2223 2862 2348 2901 esse
2381 2844 2587 2917 possit,
2620 2844 2761 2915 quin
2809 2859 2963 2898 nunc
2991 2859 3242 2913 quoque,
3273 2858 3406 2896 cum
3441 2858 3532 2898 res
3562 2841 3674 2897 hu-

2028 2951 2231 2990 manas
2282 2934 2601 3005 reliquerit,
2651 2949 2717 2988 ac
2756 2936 3100 3003 praesentem
3143 2930 3321 2985 vitam
3364 2946 3500 2985 cum
3532 2947 3681 3001 pura

2024 3022 2126 3078 illa
2147 3039 2211 3078 ac
2252 3021 2649 3093 intelligentiae
2683 3020 3011 3092 prepinqua
3041 3017 3437 3088 commutarit,
3472 3017 3681 3074 oratio-

2026 3113 2201 3167 nibus
2252 3116 2308 3167 et
2350 3110 2678 3183 impensius
2725 3108 2941 3181 gestiat
2993 3111 3051 3162 et
3096 3105 3393 3162 exsultet?
3422 3107 3468 3161 A
3516 3105 3680 3161 vobis

2025 3207 2219 3257 autem
2273 3204 2424 3272 peto,
2459 3202 2828 3255 sacrosancte
2879 3199 3082 3265 ccetus,
3108 3212 3179 3250 ne
3209 3194 3490 3249 virtutum
3520 3193 3682 3250 illius

266 3279 507 3358 ψηςδίδας
557 3281 994 3357 συνηθροικότες,
1040 3282 1116 3345 εἰς
1160 3284 1283 3356 μίαν
1329 3282 1481 3340 οἴκου
1528 3284 1917 3361 συμπλήρωσιν

2037 3288 2475 3344 multitudinem
2514 3286 2846 3342 accuratius
2890 3284 3266 3355 exactiusque
3311 3287 3683 3355 perscrutan-

265 3372 504 3431 ἅπαντας
536 3374 652 3443 21))
684 3392 847 3446 συναρ
858 3372 1110 3444 μύζουσιν
1122 3414 1133 3426 .

2028 3380 2164 3433 dam
2197 3383 2369 3448 atque
2399 3376 2794 3449 indagandam
2818 3374 3058 3446 putetis.
3088 3373 3370 3443 Primum,
3394 3372 3536 3444 quia
3565 3389 3681 3429 non

263 3478 338 3516 ea:
372 3478 517 3517 meae
548 3461 701 3517 vires
730 3466 889 3533 sunt,
923 3468 986 3517 ut
1017 3463 1104 3518 vel
1138 3463 1245 3519 hoc
1267 3463 1393 3536 ipse
1422 3464 1681 3537 polliceri
1715 3482 1945 3537 queam,
1974 3467 2062 3521 vel
2095 3484 2192 3522 vos
2224 3484 2259 3522 a
2290 3484 2383 3522 me
2420 3466 2649 3538 exigere
2689 3463 2971 3520 debeatis.
3024 3462 3264 3527 Deinde,
3298 3462 3434 3533 quia
3477 3479 3583 3518 nec
3622 3462 3686 3517 il-

260 3548 376 3605 lius
404 3550 596 3605 vitam
620 3549 939 3621 quisquam
974 3549 1185 3607 litteris
1207 3552 1610 3625 consignatam
1644 3554 1809 3610 nobis
1840 3554 2107 3626 reliquit;
2132 3572 2334 3611 verum
2366 3555 2553 3625 ipsius
2583 3553 2701 3609 vita
2739 3570 2807 3609 ex
2838 3553 2974 3623 ejus
3003 3550 3240 3623 scriptis
3274 3550 3530 3622 sparsim
3564 3551 3681 3607 col-

260 3636 426 3706 lecta,
457 3637 714 3693 latemus
748 3638 964 3705 imitor,
994 3640 1088 3708 qui
1120 3644 1501 3713 posteaquam
1541 3642 1765 3713 lapides
1799 3644 2077 3714 paulatim
2112 3647 2515 3716 aggesserunt,
2568 3643 2650 3698 ita
2680 3644 2918 3698 demum
2954 3642 3027 3697 ad
3078 3656 3258 3696 unam
3291 3639 3682 3712 eamdemque

260 3727 499 3783 domum
534 3728 996 3783 construendam
1028 3734 1085 3783 et
1105 3730 1522 3786 absolvendam
1554 3749 1652 3787 eas
1684 3748 1886 3787 omnes
1909 3733 2373 3788 accommodant.

325 3824 507 3897 Ἀρχὴ
560 3819 619 3877 δέ
664 3828 741 3895 τῷ
790 3821 937 3897 λόγῳ
986 3826 1120 3898 (21),
1163 3825 1279 3879 ὅθεν
1328 3824 1585 3899 ἄρχεσθαι
1631 3825 1913 3903 πρεπωδέ-

262 3930 449 3964 στατον
503 3912 637 3984 (22).
678 3910 877 3985 Πατρὶς
932 3912 1025 3984 μὲν
1072 3912 1216 3985 αὐτῷ
1263 3917 1297 3983 ἡ
1349 3912 1567 3991 δευτέρα
1610 3921 1716 3970 τῶν
1768 3919 1914 3972 Καπ-

259 3996 539 4067 παδοκῶν,
572 3997 736 4061 πόλις
772 3998 828 4053 δὲ
857 4002 1151 4071 Ναζιανζός
1181 4005 1312 4077 (23)·
1356 4003 1478 4073 ἥτις
1525 4005 1766 4077 τοσούτῳ
1815 4027 1909 4060 πε-

258 4088 615 4164 ριφανεστέρα
661 4090 874 4163 γέγονεν
926 4088 977 4159 ἐξ
1024 4090 1249 4160 ἐκείνου,
1293 4092 1367 4154 ὡς
1420 4093 1583 4169 μέχρι
1631 4094 1912 4170 τερμάτων

255 4184 348 4245 τῆς
383 4176 722 4248 οἰκουμένης
756 4173 825 4230 δι’
855 4176 1056 4232 ἐκεῖνον
1090 4180 1464 4253 γνωρίζεσθαι.
1497 4181 1573 4239 Οὐ
1612 4184 1709 4258 γὰρ
1765 4181 1911 4254 μᾶλ-

260 4265 349 4320 λον
413 4263 487 4319 δι’
538 4262 891 4339 Ἀλέξανδρον
962 4267 1312 4339 εύκλεεστάτη
1375 4268 1585 4340 Πέλλη,
1630 4272 1664 4339 ἢ
1713 4271 1908 4344 Πέρσαι

260 4349 343 4407 διὰ
392 4359 571 4428 Κῦρον
629 4356 767 4429 πρὸς
818 4352 972 4427 δόξαν
1017 4361 1272 4411 τοσοῦτον
1313 4356 1581 4434 ἤρθησαν,
1615 4359 1739 4414 ὅσον
1771 4360 1906 4432 αὕτη

261 4438 345 4495 διὰ
391 4442 483 4496 τὸν
544 4442 713 4514 μέγαν
758 4443 1086 4518 Γρηγόριον.
1117 4448 1278 4500 ’Ώστε
1326 4468 1418 4519 μοι
1467 4446 1643 4504 δοκεῖν
1677 4452 1788 4522 (24)
1818 4450 1908 4505 καὶ

260 4530 480 4605 ἀπέχειν
514 4530 682 4601 αὐτὴν
710 4532 777 4587 τὰ
820 4538 1040 4609 τροφεῖα
1087 4531 1175 4589 διὰ
1221 4536 1317 4604 τὴν
1369 4536 1561 4611 ἀρετ-ὴν
1612 4541 1708 4592 τοῦ
1758 4538 1907 4593 ὁσίου

329 4684 373 4719 ⁷⁸
400 4685 569 4741 Prov.
603 4702 681 4755 ιν,
714 4686 769 4741 6.

328 4839 444 4921 (1?)
500 4841 638 4896 Cod.
700 4838 763 4893 P.
831 4838 892 4894 in
952 4844 1070 4896 not.
1133 4856 1319 4915 marg.
1377 4842 1440 4896 τὸ
1510 4840 1667 4918 ἐγγὺς
1728 4841 1910 4920 ἀφανι-

269 4928 425 4979 σμου.

328 4982 439 5125 (13)
466 4981 606 5037 Cod.
650 4981 749 5037 01-.
784 4976 1187 5057 ὑποδεέστερον.

328 5054 411 5123 (14
487 5053 626 5109 Cod.
682 5052 1010 5125 Phininot.
1044 5072 1187 5125 marg

325 5052 435 5125 (14)
487 5053 626 5109 Cod.
682 5052 1010 5129 P.‘in_n_o_t.
1044 5052 1227 5129 marg.
1257 5056 1640 5129 erepere-cepou
1676 5057 1805 5112 Mox
1835 5058 1906 5111 ad

260 5117 631 5200 hancvocem
668 5117 896 5200 σοϐαρά,
922 5117 1373 5200 id._cod.vetiam'
1402 5129 1460 5183 in
1485 5117 1604 5184 not.
1636 5145 1817 5200 marg.
1843 5130 1910 5181 τὰ

260 5194 436 5271 ὑψηλά
464 5196 554 5271 καί
572 5193 929 5271 (ἐπαιρόμενα
958 5193 1135 5271 λόγια.

326 5270 434 5338 (15]Ι
466 5270 608 5324 Cod.
645 5267 1065 5336 Ρζτιμιωτάτη.

321 5340 430 5414 (Ιβ)
462 5342 523 5396 ln
553 5340 697 5414 edit.
734 5356 871 5395 mox
902 5340 1301 5414 sequebantur
1328 5341 1450 5414 haec
1478 5342 1683 5396 verba:
1709 5339 1773 5394 Et
1805 5339 1908 5414 γὰρ

259 5408 313 5461 τὸ
344 5411 541 5465 οἰκεῖον
584 5411 785 5486 (πιέζει
847 5408 1003 5481 πᾶν,’
1031 5412 1167 5464 κατά
1204 5408 1510 5486 (Πίνδαρον.
1557 5413 1687 5468 Haec
1738 5408 1911 5468 verba

262 5496 371 5557 quae
402 5485 789 5557 reperiuntur
820 5486 975 5557 orat.
1002 5498 1076 5550 1v,
1112 5485 1312 5557 p.132,
1347 5484 1581 5554 cenjicit
1607 5484 1812 5557 Billius
1842 5501 1909 5540 ex

258 5553 600 5678 glossemate
632 5558 693 5611 in
716 5561 941 5610 textum
961 5553 1297 5624 irrepsisse:
1321 5553 1664 5611 cum’autem
1685 5556 1785 5611 illa
1806 5573 1910 5611 nec

278 5631 445 5678 ερον-ῆι
478 5630 533 5678 in
558 5629 742 5678 variis
774 5626 950 5678 codd.
968 5625 1147 5678 necin
1168 5626 1428 5678 versione
1446 5644 1554 5678 sua
1583 5628 1906 5678 admiserit.

278 5631 445 5698 cg~rit
478 5630 533 5684 in
558 5629 742 5685 variis
774 5626 950 5681 codd.
968 5625 1147 5698 necin
1168 5626 1428 5683 versione
1446 5644 1554 5684 sua
1583 5628 1906 5695 admiserit,

259 5696 943 5774 delen-lajudicavimus,
971 5697 1261 5768 siquidem
1292 5700 1504 5757 desunt
1526 5699 1585 5755 in
1602 5700 1748 5772 ipsis
1765 5716 1911 5771 quos

2092 3829 2383 3886 Orationis
2406 3846 2576 3901 porro
2598 3827 2833 3883 initium
2857 3826 2993 3881 hinc
3022 3827 3326 3895 ducemus,
3360 3824 3515 3880 unde
3545 3840 3674 3879 eam

2022 3919 2314 3990 auspicari
2341 3917 2594 3975 maxime
2632 3917 2880 3973 deceret.
2914 3914 3170 3969 Patriam
3203 3913 3385 3985 igitur
3426 3912 3553 3984 ipse
3582 3929 3674 3967 se-

2021 4008 2273 4063 cundarn
2288 4005 2711 4078 Cappadociam
2725 4004 2901 4060 habui
2913 4004 3163 4074 t,urbem
3179 4000 3669 4073 Nazianzum(25):

2020 4112 2147 4166 quae
2170 4096 2403 4166 quidem
2428 4096 2499 4150 ab
2522 4111 2587 4150 eo
2601 4093 2743 4149 adeo
2763 4091 3065 4147 nobilitata
3088 4094 3266 4161 est,ut
3280 4094 3515 4162 propter
3535 4106 3671 4146 eum

2020 4185 2093 4240 ad
2124 4189 2413 4239 extremos
2446 4199 2631 4254 usque
2661 4182 2819 4238 orbis
2854 4186 3144 4236 terrarum
3170 4180 3318 4235 ﬁnes
3348 4177 3671 4235 claritatem

2020 4290 2187 4329 suam
2220 4272 2541 4345 protulerit.
2570 4272 2766 4343 Neque
2794 4270 2950 4326 enim
2983 4268 3142 4324 Pella
3170 4269 3242 4325 ob
3273 4267 3671 4324 Alexandrum

2019 4361 2300 4419 celebrior
2329 4366 2437 4429 est,
2469 4366 2570 4416 aut
2602 4361 2783 4415 Persae
2833 4360 3070 4430 propter
3098 4361 3308 4430 Cyrum
3340 4357 3413 4412 ad
3443 4360 3671 4413 tantam

2017 4450 2213 4524 gloria
2268 4450 2715 4523 splendorisque
2772 4446 3241 4519 magnitudinem
3300 4446 3479 4503 evecti
3510 4449 3667 4517 sunt,

2017 4544 2304 4613 quantum
2326 4539 2448 4596 haec
2471 4544 2706 4613 propter
2728 4554 3009 4611 magnum
3038 4536 3383 4609 Gregorium
3400 4538 3671 4592 assecuta

2015 4845 2274 4900 vidimus
2307 4843 2606 4900 codicibus
2648 4842 3087 4913 manuscriptis.

2087 4917 2197 4987 (47)
2229 4916 2367 4971 God.
2400 4916 2463 4971 P.
2486 4916 2547 4970 in
2570 4919 2701 4987 μοι.
2729 4931 2916 4987 marg.
2942 4912 3333 4987 λαμπρύνεται.

2112 4986 2199 5043 18)
2229 4988 2345 5041 "En
2372 4988 2536 5042 deest
2565 4986 2624 5041 in
2654 4986 2782 5041 cod.
2810 4990 2907 5043 0r.

2112 5047 2197 5123 19)
2234 5060 2317 5114 Ita
2346 5058 2603 5113 Combef.
2637 5058 2775 5114 Cod.
2819 5058 2880 5113 P.
2928 5052 3140 5116 τούτοις
3183 5053 3285 5129 γὰρ
3338 5050 3382 5105 εἰ
3410 5050 3463 5105 τὶ
3494 5047 3659 5105 πλέον

2018 5132 2080 5185 In
2111 5130 2248 5185 edit.
2280 5130 2339 5183 τέ
2369 5131 2549 5185 deest.

2087 5202 2198 5268 (20)
2228 5202 2312 5256 Ita
2341 5202 2468 5256 cod.
2504 5202 2563 5256 P.
2594 5202 2656 5255 In
2687 5200 2825 5255 edit.
2860 5198 3084 5251 ἅπαντα.

2110 5202 2178 5255 20
2228 5202 2312 5256 Ita
2341 5202 2468 5256 cod.
2504 5202 2563 5256 P.
2594 5202 2656 5255 In
2687 5202 2825 5255 edit.
2860 5202 3084 5251 ἅπαντα.

2110 5202 2200 5345 21)
2231 5275 2365 5346 Cod.
2402 5272 2685 5346 P."Apy\1‘i
2704 5269 2761 5325 δὲ
2788 5274 2886 5346 τοῦ
2913 5268 3105 5346 λόγου.

2109 5337 2199 5413 22)
2231 5344 2323 5399 Sic
2355 5337 2754 5413 legunt'cbdd.
2806 5343 2902 5399 Or.
2953 5337 3010 5397 et
3058 5341 3119 5413 P.
3145 5337 3312 5413 Colb.
3343 5338 3385 5413 ,1
3429 5340 3487 5393 et
3512 5338 3565 5391 2.
3600 5337 3661 5413 I_n

2017 5404 2156 5495 edit.
2184 5404 2647 5489 πρεπωδέστερον.
2681 5415 2885 5471 Golb.1
2912 5430 3047 5469 mox
3067 5411 3244 5467 habet
3261 5404 3441 5480 τούτῳ
3472 5407 3663 5483 πατρὶς

2022 5506 2201 5627 μεῖιὲηι)
2238 5560 2372 5614 Cod.
2411 5559 2468 5612 P.
2499 5553 2661 5616 πόλις
2693 5554 2749 5610 δὲ
2780 5554 2946 5626 αὐτῷ.

2088 5621 2199 5699 (⁸24)
2232 5631 2386 5683 Cclh.
2428 5631 2446 5682 1
2485 5634 2541 5684 ct
2568 5630 2693 5684 cod.
2727 5630 2788 5683 P.
2822 5621 2982 5681 Ὥστε
3009 5646 3098 5698 μοι
3132 5621 3299 5680 δοκεῖ.

2092 5704 2200 5773 (:5)
2234 5702 2375 5757 Vide
2406 5702 2649 5758 oration.
2681 5707 2758 5757 De
2790 5702 2900 5757 vita
2920 5698 3140 5756 Basilii.
