4096 6288
346 305 467 368 247

1468 318 1660 381 VITA
1704 317 1766 378 S.
1818 316 2187 377 GREGORII
2233 318 2625 382 Tlll-IOLOGI

3635 326 3757 387 248

352 443 461 498 est.
485 441 763 507 Quocirca
791 443 902 517 ipsi
931 461 1164 521 quoque
1204 453 1444 523 propter
1486 451 1670 506 sancti
1715 449 1990 505 virtutem

2120 444 2290 510 Ινδοῖς
2322 468 2378 504 τε
2420 449 2507 504 καὶ
2543 452 2860 527 Βρεττανοῖς
2912 458 3022 515 τοῖς
3074 451 3135 508 ἐκ
3182 450 3473 530 διαμέτρου
3522 454 3754 532 ἀφεστη-

348 531 710 588 educationis
725 532 882 590 illius
896 538 1220 594 mercedem
1235 538 1467 595 abunde
1490 538 1844 611 persolutam
1868 552 1998 593 esse

2108 534 2279 607 κόσιν,
2315 536 2485 611 έξίσου
2518 547 2798 616 γεγονυῖαν
2832 541 3118 616 ἐπίσημον.

350 618 647 676 existimo:
709 621 924 695 quippe
981 641 1107 697 quae
1159 631 1217 683 et
1261 629 1418 683 Indis
1471 634 1528 684 et
1577 628 1891 692 Britannis,
1944 643 2011 681 ex
2066 625 2353 684 diametro
2412 630 2565 686 inter
2594 648 2656 686 se
2688 632 2993 705 Oppositis,
3038 650 3200 705 asque
3230 632 3476 690 illustris
3528 636 3761 694 reddita

353 706 448 765 sit.

424 809 768 864 Parentibus
794 816 961 867 ortus
999 818 1088 869 est
1132 817 1450 884 nobilibus,
1477 817 1827 890 justitiaque
1859 831 2002 885 pras-

353 895 512 967 ditis,
542 898 990 974 animorumque
1015 906 1284 975 puritate,
1307 925 1480 979 quam
1506 926 1814 979 corporum
1852 926 2000 963 nexu

355 987 575 1041 arctius
604 987 757 1043 inter
787 1007 848 1045 se
897 993 1227 1063 conjunctis
1259 997 1390 1067 (26).
1424 999 1502 1051 Ac
1532 1004 1695 1070 pater
1742 998 2001 1069 quidem,

356 1075 596 1131 Abrahe
627 1079 958 1151 cujuspiam
992 1082 1195 1150 instar,
1230 1084 1351 1141 solo
1387 1087 1570 1157 patrio
1603 1086 1890 1158 idolisque
1914 1104 2001 1143 re-

353 1164 509 1219 lictis
569 1166 639 1221 ad
702 1168 931 1240 pietatis
999 1172 1222 1229 cultum
1292 1176 1582 1249 migravit,
1640 1193 2004 1249 excussaque

359 1256 853 1326 Hypsistariorum
870 1262 1283 1332 superstitione
1296 1281 1361 1320 ac
1381 1265 1725 1337 impostura,
1740 1264 2004 1320 sincerus

356 1342 565 1399 divinae
594 1347 790 1417 gratiae
830 1348 1157 1421 discipulus
1187 1352 1399 1421 eluxit;
1450 1354 1573 1410 ovis
1617 1354 1853 1425 quidem
1889 1352 2005 1425 pri-

358 1449 543 1501 mum,
572 1440 771 1505 postca
802 1455 933 1492 vero
966 1440 1185 1511 peritus
1218 1459 1448 1514 quoque
1478 1443 1743 1499 Ecclesiae
1768 1442 2007 1499 Nazian-

359 1539 512 1577 zenaa
545 1529 743 1595 pastor
799 1525 1125 1583 institutus.
1180 1530 1364 1586 Mater
1411 1536 1608 1587 autem
1650 1537 1706 1587 et
1752 1532 1879 1603 ipsa
1906 1549 2005 1587 sa-

358 1629 478 1679 cra,
510 1616 567 1667 et
591 1630 624 1667 a
654 1616 1124 1687 progenitoribus
1153 1619 1333 1675 sacris
1376 1620 1657 1693 originem
1695 1622 1892 1691 traxit,
1926 1624 2009 1676 at-

360 1719 492 1772 que,
543 1707 605 1756 ut
636 1703 880 1758 aliorum
916 1706 1224 1773 bonorum,
1272 1709 1352 1764 ita
1382 1710 1611 1781 pietatis
1659 1727 1891 1782 quoque
1914 1728 2010 1782 pa-

359 1791 703 1847 trimonium
736 1793 1067 1852 haereditate
1115 1799 1354 1870 accepit.
1404 1802 1538 1865 Quae
1569 1816 1703 1856 cum
1732 1801 2007 1857 mascula:

2185 812 2415 889 Πατέρες
2467 812 2525 869 δὲ
2576 815 2724 887 αύτῷ
2772 814 3087 892 εὐπατρίδαι
3136 839 3194 872 τε
3249 817 3337 872 καὶ
3398 815 3620 887 δίκαιοι,
3668 820 3762 877 καὶ

2110 898 2287 955 πλείω
2330 907 2435 955 τῶν
2486 903 2752 976 σωμάτων
2811 905 3137 982 καθαρότητι
3196 910 3388 982 ψυχῶν
3438 904 3758 983 ἀδιαίρετοι.

2111 992 2204 1043 Ὧν
2239 991 2265 1044 ὁ
2300 992 2394 1063 μὲν
2441 994 2619 1067 πατὴρ
2670 993 2782 1049 οἷόν
2835 1016 2919 1057 τις
2968 990 3241 1071 Ἀϐραάμ,
3294 995 3609 1053 καταλιπὼν
3657 1006 3756 1074 γῆν

2108 1100 2168 1134 τε
2222 1081 2475 1157 πατρῴαν
2533 1082 2622 1137 καὶ
2693 1080 2916 1156 εἶ’δωλα,
2974 1084 3179 1161 γίνεται
3240 1086 3570 1157 μετανάστης
3622 1090 3759 1164 πρὸς

2111 1165 2436 1224 θεοσέϐειαν·
2486 1170 2575 1226 καὶ
2623 1172 2720 1241 τήν
2770 1177 2878 1229 τῶν
2925 1174 3277 1249 Ὑψισταρίων
3332 1174 3761 1249 ἀποσεισάμενος

2112 1254 2534 1332 δεισιδαιμονίαν
2583 1260 2673 1315 καὶ
2724 1259 2958 1333 πλάνην,
2991 1264 3215 1338 γνήσιος
3270 1262 3479 1337 μύστης
3522 1265 3759 1344 ἀνεφάνη

2108 1353 2209 1416 τῆς
2260 1347 2505 1423 χάριτος,
2561 1344 2833 1426 πρόϐατον
2908 1351 3002 1424 μὲν
3050 1350 3101 1406 ἐν
3160 1353 3421 1427 πρώτοις,
3473 1348 3656 1409 ἔπειτα
3705 1351 3764 1410 δὲ

2111 1435 2202 1490 καὶ
2235 1438 2442 1509 ποιμήν
2492 1437 2808 1511 ἐπιστήμων
2856 1446 2957 1509 τῆς
3005 1444 3303 1510 Ναζιανζοῦ
3351 1443 3615 1505 καταστὰς
3650 1444 3768 1498 Ἐκ-

2113 1524 2363 1595 κλησίας.
2398 1527 2459 1580 ἸΙ
2492 1523 2549 1581 δὲ
2582 1529 2765 1604 μήτηρ
2796 1527 2915 1605 ἰερά
2942 1549 3001 1583 τε
3028 1528 3119 1584 καὶ
3160 1528 3211 1600 ἐξ
3260 1530 3418 1606 ἱερῶν
3468 1534 3574 1585 τῶν
3624 1552 3767 1607 προ-

2115 1613 2315 1688 γόνων.
2348 1616 2446 1669 Καὶ
2491 1620 2653 1671 τοῦτο
2706 1616 2839 1690 μετᾶ
2884 1621 2991 1673 τῶν
3048 1616 3254 1673 λοιπῶν
3298 1617 3767 1695 κληρονομήσασα

2112 1704 2213 1772 τήν
2246 1698 2537 1774 εὐσέϐειαν,
2570 1704 2705 1775 αὕτη
2764 1702 2958 1767 παιδὸς
3010 1702 3234 1782 ἇρῥενος
3286 1707 3611 1783 ὀρεγομένη,
3644 1709 3765 1763 ἱκε-

2116 1793 2229 1848 σίαν
2262 1794 2522 1869 προσάγει
2554 1798 2629 1866 τῷ
2660 1791 2854 1871 δοτῆρι
2881 1799 2989 1850 τῶν
3016 1793 3362 1864 τηλικούτων
3415 1802 3530 1869 Θεῷ
3575 1804 3766 1873 τυχεῖν

363 1880 543 1951 prolis
591 1882 911 1953 cupiditate
956 1884 1246 1957 ﬂagraret,
1280 1888 1528 1961 supplex
1573 1890 1759 1945 Deum
1804 1888 2008 1962 hujus-

2120 1889 2213 1953 τῆς
2261 1882 2511 1959 ἐφέσεως.
2571 1883 2635 1938 Ὠ
2686 1890 2788 1953 τῆς
2835 1882 3085 1947 πίστεως·
3141 1881 3185 1939 ὣ
3240 1887 3341 1954 τῆς
3401 1885 3763 1961 θερμότητος.

364 1969 522 2024 modi
574 1969 984 2027 beneficiorum
1035 1979 1326 2030 auctorem
1392 1984 1625 2048 precata
1674 1987 1778 2049 est,
1832 1982 1894 2033 ut
1945 1995 2009 2035 se

362 2057 635 2113 desiderii
668 2065 994 2131 compotem
1028 2063 1274 2119 faceret:
1307 2065 1474 2138 eique
1506 2072 1637 2122 ante
1684 2068 2008 2140 conceptio-

362 2160 498 2200 nem
530 2145 585 2217 (ο
618 2146 789 2202 ﬁdem
822 2148 1222 2207 incredibilem
1251 2152 1262 2206 l
1295 2170 1327 2209 ο
1359 2155 1795 2225 praedicandum
1829 2154 2008 2210 animi

362 2234 720 2307 fervorem!)
780 2253 840 2292 se
872 2237 1083 2306 filium,
1131 2241 1232 2313 qui
1292 2243 1629 2311 exoriretur,
1680 2244 2005 2301 oblaturam

366 2324 631 2396 spondet,
666 2327 1161 2397 quemadmodum
1208 2332 1371 2386 Anna
1418 2333 1747 2388 Samuelem
1764 2334 1827 2387 ⁷⁷.
1860 2333 2007 2397 Quid

365 2412 549 2485 igitur
605 2412 723 2477 ille,
755 2417 852 2485 qui
908 2417 1240 2474 voluntatem
1284 2422 1599 2477 timentium
1652 2438 1710 2478 se
1762 2422 2009 2493 facit"?

369 2500 475 2555 Per
496 2505 842 2557 nocturnum
865 2503 1053 2560 visum
1078 2506 1129 2561 ei
1153 2507 1340 2563 filium
1361 2511 1620 2566 nondum
1644 2516 2007 2583 precreatum

368 2595 796 2658 premonstrat,
832 2592 1113 2665 puerique
1140 2598 1365 2651 vultum
1420 2604 1475 2654 et
1525 2616 1733 2655 nomen
1767 2601 2006 2658 indicat.

365 2677 497 2733 Haec
529 2694 661 2732 vero
691 2678 887 2750 ipsum
922 2680 1074 2737 haud
1120 2683 1201 2739 ita
1248 2686 1433 2742 multo
1482 2693 1794 2760 postquam
1826 2690 1883 2745 in
1918 2690 2007 2747 lu-

2116 1972 2223 2047 πρὸ
2281 1970 2608 2046 συλλήψεως
2693 1972 3039 2048 ὑποσχομένη
3112 1972 3259 2045 αύτῷ
3328 1974 3420 2029 τὸν
3507 1972 3765 2047 ἐσόμενον

2116 2061 2449 2137 προσοίσειν,
2498 2059 2737 2134 καθάπερ
2797 2067 2964 2115 ’Ἅννα
3017 2062 3109 2116 τὸν
3148 2061 3430 2134 Σαμουηλ.
3466 2062 3533 2119 Τί
3582 2063 3672 2117 οὖν
3736 2064 3764 2119 ὃ

2114 2152 2178 2205 τὸ
2237 2150 2453 2223 θέλημα
2532 2154 2640 2205 τῶν
2725 2144 3076 2227 φοϐουμένων
3160 2150 3319 2206 αὐτὸν
3391 2156 3603 2221 ποιῶν;
3665 2153 3769 2207 Διὰ

2116 2247 2433 2314 νυκτερινῆς
2483 2233 2659 2312 ὅψεως
2716 2236 3093 2315 προδείκνυσιν
3152 2240 3289 2311 αύτῇ
3335 2237 3503 2295 παῖδα
3543 2241 3634 2295 τὸν
3686 2236 3767 2296 ἔτι

2122 2328 2413 2403 μέλλοντα,
2456 2326 2594 2390 εἶδός
2640 2349 2698 2383 τε
2739 2329 2828 2383 καὶ
2866 2328 3063 2398 κλῆσιν
3094 2333 3191 2383 τοῦ
3220 2327 3413 2391 παιδὸς
3444 2328 3766 2406 ἐμφανίσας·

2114 2421 2176 2476 Ἡ
2226 2416 2283 2474 δὲ
2330 2419 2592 2494 τεχθέντα
2652 2420 2767 2491 μετ’
2822 2416 2884 2472 ι.ιῦ
2940 2415 3085 2473 πολὺ
3141 2422 3220 2490 τῷ
3276 2424 3390 2492 Θεῷ
3447 2418 3767 2494 καθιέρωσε,

2118 2508 2394 2586 προθυμίᾳ
2440 2508 2694 2577 πίστεως,
2748 2509 3016 2584 μητρικάς
3063 2530 3122 2563 τε
3177 2506 3375 2571 ὠδῖνας
3434 2508 3523 2564 καὶ
3573 2529 3763 2583 γυναι-

2116 2604 2225 2654 κῶν
2255 2596 2551 2672 ὀλιγωρίαν
2585 2599 2654 2669 τῇ
2681 2604 2783 2666 τῆς
2832 2594 3124 2659 ἐπιδόσεως
3172 2595 3562 2671 μεγαλοψυχίᾳ
3607 2598 3769 2668 νική-

2117 2710 2269 2746 σασα.

365 2783 489 2823 cem
522 2767 714 2824 editus
765 2770 968 2840 fuerat,
1006 2771 1120 2828 Deo
1150 2778 1528 2847 consecravit,
1562 2785 1859 2837 maternos
1889 2786 2092 2853 partus
2141 2780 2371 2837 dolores
2414 2777 2545 2834 ﬁdei
2587 2776 2910 2845 alacritate,
2944 2776 3407 2849 muliebremque
3437 2777 3769 2834 socordiam

364 2856 652 2930 largiendi
685 2859 1117 2932 magnificentia
1138 2882 1445 2937 superans.

430 2967 505 3023 At
544 2982 708 3038 puer,
756 2983 890 3023 cum
943 2976 1254 3040 parentum
1312 2975 1574 3031 moribus
1624 2977 2008 3042 imbueretur,

361 3056 593 3131 egregia
610 3060 829 3113 naturae
860 3056 1051 3115 indole
1073 3059 1411 3134 ingeniique
1440 3065 1783 3124 dexteritate
1812 3087 2007 3143 aequa-

359 3145 448 3203 les
504 3163 708 3203 omnes
755 3148 900 3203 adeo
949 3152 1326 3219 praecedebat,
1374 3160 1440 3209 ut
1495 3155 1811 3214 immatura
1869 3166 2007 3217 tetas

2186 2968 2245 3025 Ὀ
2300 2963 2357 3021 δέ
2412 2971 2561 3033 παῖς,
2597 2964 2648 3019 έν
2706 2970 2821 3027 τοῖς
2872 2960 3026 3034 ἤθεσι
3071 2968 3179 3019 τῶν
3215 2964 3461 3039 πατέρων
3493 2963 3767 3041 τρεφόμε-

2116 3077 2227 3129 νος,
2287 3054 2554 3130 εὐκληρίᾳ
2610 3053 2819 3131 φύσεως
2878 3053 3085 3128 ἐκράτει
3142 3058 3248 3109 τῶν
3308 3051 3599 3125 ὁμηλίκων
3647 3051 3769 3108 ἐπι-

2114 3149 2393 3216 τοσοῦτον,
2427 3142 2566 3198 ὥστε
2592 3144 2690 3213 τὴν
2726 3141 2926 3218 ἀωρίαν
2958 3149 3059 3212 τῆς
3089 3140 3310 3211 ἡλικίας
3359 3138 3613 3214 έμποδὼν
3666 3140 3771 3195 αύ-

362 3234 524 3291 nullo
554 3235 664 3306 ipsi
696 3237 767 3291 ad
798 3251 1022 3308 eorum,
1049 3240 1149 3309 qui
1180 3241 1383 3299 adulta
1412 3248 1577 3301 astate
1606 3253 1790 3314 erant,
1815 3266 2006 3306 mores

2120 3238 2194 3305 τῷ
2227 3234 2302 3306 μή
2336 3230 2573 3307 γενέσθαι
2605 3232 2741 3308 πρὸς
2772 3232 2839 3286 τὰ
2866 3235 2974 3285 τῶν
3003 3228 3226 3285 τελείων
3268 3228 3375 3300 ἤθη
3424 3251 3483 3285 τε
3530 3230 3620 3284 καὶ
3670 3252 3771 3301 μα-

366 3322 827 3395 disciplinasque
860 3324 1265 3397 percipiendas
1295 3331 1711 3402 impedimento
1742 3344 1914 3393 esset.
1932 3340 2010 3395 Ac

361 3412 535 3469 ludos
568 3412 829 3484 quidem,
862 3418 920 3469 et
968 3416 1218 3486 pueriles
1268 3418 1558 3491 lascivias,
1599 3440 1924 3495 cursusque
1955 3434 2013 3485 et

366 3502 728 3567 saltationes,
760 3507 823 3557 ut
853 3503 1111 3572 inutiles,
1140 3507 1566 3583 meliorumque
1587 3530 1779 3570 rerum
1816 3518 2009 3574 studio

366 3608 591 3648 moram
632 3591 958 3658 afferentes,
1009 3610 1250 3664 prorsus
1300 3604 1671 3673 contempsit.
1724 3604 1799 3661 Ut
1852 3609 2008 3663 enim

367 3698 623 3751 praesens
656 3681 823 3736 fmtor
856 3684 1137 3753 unguenti
1169 3686 1512 3745 suavitatem
1561 3691 1782 3751 inﬁcit:
1816 3696 1897 3751 ita
1927 3698 2009 3750 vi-

368 3772 511 3826 tium
546 3786 778 3841 quoque
803 3770 1040 3827 virtutis
1072 3774 1437 3846 adeptionem
1471 3778 2010 3843 interscindit.Cum

366 3864 560 3916 autem
592 3860 898 3926 mtatejam
928 3861 1630 3935 adolevisset,litterarum
1662 3889 1859 3929 amore
1885 3893 2012 3931 suc-

364 3965 597 4014 census,
622 3948 939 4005 Cesaream
971 3952 1263 4021 profectus
1292 3960 1400 4019 est,
1430 3956 1664 4030 illicque
1696 3978 1829 4018 cum
1863 3982 2014 4036 praz-

364 4037 751 4094 stantissimis
782 4039 1116 4111 quibusque
1154 4044 1454 4116 magistris
1501 4064 1873 4123 congressus,
1906 4055 2013 4111 do-

365 4126 669 4197 ctrinaque
702 4126 857 4182 haud
888 4130 1096 4200 exigua
1126 4130 1388 4200 collecta,
1420 4135 1480 4191 in
1507 4138 1876 4197 Palaestinam
1909 4162 2011 4199 na-

364 4215 601 4285 vigavit,
625 4230 741 4269 non
775 4214 870 4271 ille
903 4217 1140 4286 quidem
1167 4225 1230 4275 ut
1257 4222 1555 4281 rhetorum
1585 4244 1799 4294 mores,
1825 4232 1922 4286 sed
1950 4238 2015 4289 ut

364 4304 675 4359 verborum
700 4302 1052 4371 elegantiam
1077 4307 1427 4381 dicendique
1458 4318 1639 4371 artem
1667 4319 2012 4377 addisceret.

368 4392 514 4447 Hinc
539 4391 973 4480 Alexandriam,
1006 4410 1132 4465 quae
1184 4398 1254 4451 ad
1305 4398 1556 4457 Pharum
1590 4405 1703 4460 sita
1749 4411 1857 4473 est,
1891 4426 2016 4480 per-

371 4480 536 4547 rexit,
562 4486 627 4536 ut
648 4479 859 4536 multas
881 4482 1054 4537 urbes
1078 4484 1517 4560 multorumque
1545 4493 1850 4552 hominum
1888 4479 2019 4569 pru-

2116 3323 2353 3394 θήματα.
2390 3318 2613 3382 Παιδινὶς
2646 3324 2759 3393 (27)
2794 3323 2887 3393 μὶν
2922 3318 3012 3375 οὖν
3052 3318 3140 3374 καὶ
3187 3318 3513 3390 τωθασμοὺς
3577 3339 3768 3394 μειρα-

2117 3407 2357 3483 κιώδεις,
2390 3407 2562 3465 ἄττειν
2617 3430 2676 3465 τε
2730 3409 2819 3464 καὶ
2877 3410 3125 3486 φέρεσθαι
3167 3405 3418 3483 δρόμοις,
3447 3408 3766 3480 πάντη

2120 3497 2421 3567 διέπτυσεν,
2470 3498 2545 3560 ὡς
2598 3496 2848 3573 ἄχρηστά
2889 3518 2948 3553 τε
2993 3497 3083 3551 καὶ
3127 3496 3393 3571 ἀσχολίαν
3437 3496 3772 3569 ἐμποιοῦντα

2115 3591 2185 3660 τῇ
2236 3584 2444 3660 σπουδῇ
2502 3592 2607 3640 τῶν
2648 3585 2966 3660 ἀμεινόνων.
2998 3587 3225 3657 ’Δρετῆς
3272 3585 3374 3659 γὰρ
3417 3592 3607 3654 κτῆσιν
3651 3583 3771 3638 ἐπι-

2119 3676 2307 3731 κόπτει
2364 3674 2539 3729 κακίω
2601 3676 2714 3730 ἐπεὶ
2770 3676 2859 3729 καὶ
2922 3675 3090 3749 μύρον
3151 3673 3448 3749 ἠμαύρωσε
3531 3671 3773 3728 δυσωδία

2120 3769 2381 3840 παροῦσα.
2415 3759 2659 3840 Ἔφηϐος
2692 3767 2801 3837 (29)
2835 3762 2892 3818 δὲ
2936 3760 3045 3833 ἤδη
3095 3762 3410 3838 γενόμενος,
3441 3762 3532 3816 καὶ
3582 3761 3767 3837 )όγων

2119 3852 2466 3929 κατασχεθεὶς
2524 3849 2707 3926 ἔρωτι,
2766 3852 2842 3915 εἰς
2909 3854 3009 3922 τήν
3088 3851 3399 3925 Καισαρέων
3473 3854 3575 3919 ἧκε
3630 3854 3767 3922 (30)·

2118 3944 2383 3997 κάνταῦθα
2413 3946 2528 4004 τοῖς
2561 3940 2799 4017 ἀρίστοις
2830 3945 2935 3995 τῶν
2990 3938 3289 3995 παιδευτῶν
3323 3941 3435 4013 (3i)
3464 3939 3767 4011 ὁμιλήσας,

2119 4031 2209 4086 καὶ
2240 4028 2484 4092 παιδείας
2517 4030 2579 4085 ού
2630 4029 2809 4106 βραχὺ
2860 4028 3236 4103 συναθροίσας,
3276 4028 3364 4083 ἐπὶ
3410 4029 3510 4097 τὴν
3562 4026 3769 4083 Παλαι-

2121 4120 2303 4191 στίνην
2350 4116 2503 4175 ἔπλει
2537 4123 2672 4193 (32),
2706 4118 3001 4195 ῥητορικῆς
3055 4117 3357 4195 ἐφιέμενος,
3388 4116 3595 4178 κάλλος
3642 4117 3774 4193 φρά-

2123 4230 2281 4277 σεως,
2315 4208 2415 4264 οὐκ
2471 4209 2605 4277 ἦθος
2657 4208 2859 4278 ταύτης
2903 4204 3332 4274 έκπαιδευθῆναι.
3373 4205 3626 4268 Κάκεῖθεν
3682 4202 3773 4258 ἐπὶ

2120 4298 2220 4365 τὴν
2282 4295 2637 4372 Ἀλεξάνδρου
2695 4297 3016 4373 ἀφικνεῖται,
3075 4297 3175 4365 τὴν
3239 4294 3374 4369 πρὸς
3447 4297 3518 4367 τῇ
3578 4291 3773 4367 Φάρῳ,

2122 4384 2338 4448 πολλάς
2392 4407 2451 4441 τε
2507 4384 2696 4449 πόλεις
2753 4385 2842 4440 καὶ
2897 4382 3124 4441 πολλῶν
3182 4381 3387 4460 ἀνδρῶν
3441 4382 3771 4455 καταμαθεῖν

2125 4475 2408 4553 φρόνησιν,
2440 4474 2515 4537 είς
2558 4474 2900 4551 συναγυρμὸν
2946 4473 3153 4551 σοφίας,
3188 4471 3261 4534 ὥς
3300 4493 3383 4533 τις
3433 4470 3535 4543 ἔφη
3585 4471 3772 4548 σοφός.

374 4570 959 4642 dentiam,sapicntiae
982 4571 1374 4647 doctrinaque
1396 4558 1797 4639 coacervandaa
1820 4558 2009 4655 causa,

2127 4563 2394 4635 Πλείστην
2442 4562 2499 4619 δὲ
2544 4564 2820 4619 κάντεῦθεν
2861 4562 3285 4638 καρπωσάμενος
3332 4561 3434 4629 τὴν
3481 4558 3773 4637 ὠφέλειαν,

2172 4655 2185 4668 ι
2401 4652 2411 4668 Ι
2576 4658 2601 4668 ο
2693 4654 2712 4668 \
2745 4653 2756 4668 Ι
2962 4653 2974 4668 ἱ
3046 4653 3060 4668 9
3079 4659 3090 4668 ι
3113 4653 3137 4668 n
3165 4653 3177 4668 Ι
3448 4647 3471 4668 δ
3523 4650 3533 4668 Ι
3689 4648 3703 4668 ν
3758 4650 3772 4668 \

379 4666 442 4716 ut
479 4658 744 4715 eruditus
774 4659 1014 4731 quidam
1064 4661 1231 4732 dixit,
1265 4676 1656 4736 cognosceret.
1691 4673 1815 4737 Qua
1844 4648 2009 4734 etiam

2127 4655 2226 4722 τὴν
2281 4652 2489 4729 μητέρα
2535 4658 2643 4709 τῶν
2693 4653 2875 4728 λόγων
2918 4653 3013 4715 τὰς
3046 4653 3272 4722 Ἀθήνας
3306 4648 3653 4724 μεταδιώκει,
3685 4648 3774 4703 ἐπὶ

375 4765 444 4804 ex
474 4748 617 4803 urbe
647 4764 780 4803 cum
814 4747 1136 4819 plurimum
1168 4750 1435 4810 utilitatis
1456 4760 1829 4833 percepisset,
1853 4765 2022 4821 Athe-

376 4855 485 4893 nas
512 4836 1102 4903 tandem,litterarum
1123 4847 1751 4917 parentem,petit,navi
1772 4853 2023 4926 Eginsaa

370 4931 589 4984 vectus.

441 5072 488 5105 ⁷⁷
521 5073 541 5126 l
574 5072 718 5145 Reg.
751 5089 790 5143 ι,
824 5073 910 5128 il.
942 5072 985 5108 ⁷⁸
1015 5075 1168 5131 Psal.
1200 5092 1382 5146 σχειν,
1416 5077 1503 5134 l9.

590 5214 733 5297 Yid‘e
762 5220 908 5297 orat.
941 5233 1116 5297 quam
1149 5218 1357 5275 habuit
1387 5220 1445 5297 i_n
1471 5222 1670 5297 funere
1713 5227 1913 5297 patris.

444 5285 738 5365 (ῨἹΗ-ἶοάλ
854 5287 912 5342 in
961 5285 1082 5365 not.
1134 5306 1317 5365 marg.
1339 5290 1433 5365 ad:
1462 5285 1731 5365 γυμνάσιά
1758 5301 1865 5351 τῶν
1898 5299 2021 5354 παί-

377 5352 562 5437 δωνὶῃτ
576 5352 949 5437 Ξιῌπηδήματα.
979 5358 1070 5413 καὶ
1098 5358 1223 5422 τοὺς
1255 5352 1515 5437 δρόμους.

448 5431 560 5495 (98)
591 5431 727 5483 Cod.
768 5434 824 5483 P.
860 5431 1042 5487 πάντι.

452 5502 565 5580 (29)
596 5500 733 5584 god.
869 5502 931 5581 in
962 5508 1326 5584 _not._marg.
1359 5510 1520 5584 παῖς,
1547 5506 1666 5570 νέος
1710 5508 1759 5563 έν
1792 5509 1925 5583 αὐτῇ
1956 5515 2024 5584 τῇ

586 5573 1066 5666 censuisse
1091 5569 1564 5666 πινθτίῦυανιιειεῖεςς

460 5644 571 5714 (30)
617 5642 784 5699 Addit
836 5645 987 5702 (Iolb.
1036 5642 1100 5710 1(
1140 5642 1347 5718 Ταύτην
1392 5646 1459 5717 δὴ
1512 5648 1660 5725 λέγῳ
1699 5652 1797 5721 τὴν
1828 5652 2025 5725 ἡμετέ-

2128 4744 2256 4813 νηὸς
2288 4741 2536 4817 ἀναχθεὶς
2567 4740 2850 4817 Αἰγιναίας
2880 4743 3016 4814 (33).

2134 5242 2248 5299 ραν,
2282 5220 2498 5299 quibus
2523 5218 2715 5299 verbis
2747 5216 3099 5299 discernitur
3127 5218 3385 5299 Caesarea
3404 5213 3783 5299 Cappadocis

2134 5284 2205 5375 :ab
2234 5284 2405 5375 urbe
2447 5291 2711 5362 ejusdem
2762 5287 3019 5345 nominis
3071 5303 3198 5359 qua:
3243 5287 3359 5342 sita
3405 5284 3541 5342 erat
3574 5284 3635 5340 in
3682 5284 3785 5340 Pa-

2131 5364 2380 5421 laastina.

2352 5433 2554 5517 ξιιμ-οε
2584 5447 2725 5517 mss;
2757 5426 3163 5517 παιδέυμάξων.

2205 5497 2317 5575 (32)
2347 5507 2482 5561 Cod.
2520 5508 2580 5559 P.
2618 5497 2998 5575 Παλαιστηνην
3032 5497 3229 5569 ἔπλην.

2205 5571 2319 5650 (33)
2351 5577 2483 5635 Cod.
2519 5576 2576 5631 P.
2610 5571 2928 5645 Αίγηναίας.
