4096 6288
328 343 446 405 249

1332 343 1700 407 AUCTORE
1742 340 2137 406 GREGOltlU
2181 340 2720 405 PRESBYTERO.

3606 324 3725 390 250

396 474 621 531 Πλέοντι
654 470 703 528 δ’
732 471 824 529 οὗν
859 476 972 548 (34)
1003 473 1064 529 τὸ
1110 474 1396 551 Παρθένιον
1447 471 1681 550 πέλαγος
1711 472 1762 528 ἐν
1793 477 1959 549 καιρῷ

2149 474 2352 547 Itaque
2374 472 2751 530 Parthenium
2779 484 2936 525 mare
2956 463 3288 523 turbulento
3313 464 3486 535 atque
3507 459 3724 517 incom-

322 561 628 639 ταραχώδει
685 585 745 618 τε
802 563 893 618 καὶ
950 562 1050 619 οὐκ
1107 560 1293 640 ἔχοντι
1350 562 1607 619 εὔπλοιαν
1639 608 1653 633 ,
1714 563 1964 641 ἐξαίφνης

325 651 550 708 ὁπελθὸν
582 658 800 725 πνεῦμα
849 652 1101 722 ἐξαίσιον,
1142 654 1233 708 τὸν
1283 654 1408 729 περὶ
1457 656 1640 729 ψυχῆς
1682 651 1835 726 ἔφερε
1864 651 1970 707 κίν-

324 741 493 797 δυνον.
528 741 734 804 Σκότος
793 738 851 797 δὲ
898 742 1094 797 πόντον
1138 742 1324 819 αἰθέρα
1368 764 1427 798 τε
1454 743 1543 798 καὶ
1591 741 1809 817 οὐρανὸν
1842 762 1965 796 συν-

322 829 632 893 εκάλυπτεν,
674 828 831 887 οὐδὲν
879 839 980 901 τῆς
1030 831 1252 902 ἐννάτης
1301 837 1408 887 τῶν
1459 832 1765 907 Αἷγυπτίων
1812 829 1963 900 πλη-

319 923 425 993 γῶν
479 921 589 991 (35)
649 918 1037 992 ἀνεκτότερον.
1088 920 1305 974 Πάντων
1366 916 1456 973 οὖν
1505 920 1597 974 τὸν
1652 918 1958 992 σωματικὸν

322 1005 661 1082 ὀδυρομένων
714 1008 933 1061 θάνατον
971 1054 986 1078 ,
1037 1006 1195 1070 αὐτὸς
1241 1009 1339 1076 τὴν
1385 1016 1484 1077 τῆς
1534 1012 1721 1084 ψυχῆς
1770 1005 1959 1063 ἐδεδίει

320 1095 693 1170 πανολεθρίαν.
727 1093 953 1151 Οὐδέπω
997 1098 1098 1170 γάρ
1147 1097 1213 1167 ἦν
1265 1097 1610 1175 σφραγισθεὶς
1658 1102 1736 1169 τῷ
1770 1095 1957 1173 βαπτί-

322 1204 519 1256 σματι·
575 1184 666 1240 καὶ
728 1181 921 1263 ἔφθανε
970 1187 1069 1255 τὴν
1129 1185 1179 1256 ἐξ
1238 1184 1430 1249 ὕδατος
1490 1186 1759 1260 σωτηρίαν
1818 1188 1847 1242 ὁ
1905 1184 1955 1241 ἐν

325 1270 473 1328 ὕδασι
526 1273 771 1338 θάνατος.
829 1274 889 1328 Τί
948 1272 1039 1328 οὖν
1098 1281 1245 1330 ποιεῖ
1291 1276 1320 1331 ὁ
1383 1274 1544 1351 μέγας
1593 1274 1817 1346 ἐκεῖνος,
1868 1274 1958 1329 καὶ

324 1362 427 1436 πρὸ
456 1369 556 1431 τῆς
590 1362 992 1438 ἆναγεννήσεως
1041 1363 1225 1419 ἑαυτὸν
1262 1365 1553 1442 μορφώσας
1582 1368 1650 1437 τῇ
1680 1362 1909 1435 ἀληθείᾳ
1940 1382 1954 1433 ;

324 1452 427 1519 Τήν
459 1451 657 1520 ἐσθῆτα
697 1451 1184 1527 περιρρηξάμενος,
1225 1452 1593 1523 καταπλήσσει
1641 1455 1754 1527 (36)
1806 1454 1959 1527 βοαῖς

320 1560 375 1594 τε
402 1539 489 1594 καὶ
522 1537 787 1616 ὀδυρμοῖς
812 1540 939 1602 τοὺς
970 1539 1362 1613 συμπλέοντας,
1386 1542 1459 1604 ὡς
1486 1541 1687 1605 πάντας
1717 1544 1960 1617 τῶν

319 1629 432 1682 καθ’
485 1627 707 1689 ἑαυτοὺς
755 1625 1149 1704 άλογήσαντας,
1198 1630 1288 1685 τὸν
1343 1629 1539 1685 τούτου
1585 1632 1775 1703 θρῆνον
1833 1651 1956 1685 συν-

2080 566 2251 621 modo
2282 569 2541 636 tempore
2572 558 2888 632 naviganti,
2919 560 3151 614 coortus
3184 557 3415 625 repente
3447 548 3722 623 gravissi-

2079 670 2211 709 mus
2241 658 2445 709 ventus
2478 666 2781 707 summum
2816 648 2941 703 vitae
2998 642 3325 718 periculum
3363 639 3593 697 intulit:
3629 643 3723 694 at-

2075 760 2188 815 que
2219 749 2274 798 et
2306 759 2484 808 mare,
2518 746 2574 797 et
2604 740 2837 804 aethera,
2872 742 2927 792 et
2975 734 3182 791 coelum
3219 731 3509 787 obducere
3540 745 3725 800 crepe-

2074 843 2207 889 runt
2240 849 2393 887 nona
2432 830 2532 886 illa
2577 828 2972 901 iEgyptiorum
3026 824 3197 896 plaga
3242 819 3425 875 nihilo
3472 818 3723 873 leniores

2071 923 2319 978 tenebrae
2351 922 2414 976 7°.
2466 918 2753 976 Omnibus
2802 916 2980 989 igitur
3028 911 3285 983 corporis
3335 912 3583 964 mortem
3615 908 3716 962 de-

2071 1010 2368 1076 ﬂentibus,
2402 1011 2525 1083 ipse
2556 1007 2761 1063 animas
2810 1005 3049 1060 exitium
3095 998 3529 1057 extimescebat.
3562 995 3717 1052 Non-

2069 1101 2210 1156 dum
2242 1100 2395 1156 enim
2430 1097 2722 1171 baptismo
2770 1094 3116 1167 obsignatus
3164 1092 3325 1146 erat:
3373 1104 3438 1143 ac
3471 1103 3625 1143 mors
3656 1085 3715 1140 in

2068 1190 2237 1262 aquis
2282 1188 2530 1245 salutem
2574 1203 2643 1243 ex
2688 1184 2856 1257 aquis
2903 1179 3315 1238 antevertebat.
3348 1175 3494 1241 Quid
3537 1173 3716 1246 igitur

2066 1279 2203 1335 facit
2233 1294 2481 1351 magnus
2510 1276 2608 1332 ille
2632 1275 2736 1343 vir,
2770 1272 3010 1345 quique,
3043 1269 3219 1325 etiam
3248 1270 3379 1321 ante
3412 1280 3710 1338 regenera-

2065 1368 2305 1435 tionem,
2339 1382 2466 1423 sese
2496 1366 2566 1421 ad
2600 1364 2896 1421 veritatem
2941 1354 3329 1416 informarat?
3360 1359 3592 1409 Vestem
3625 1351 3710 1408 la-

2066 1473 2271 1514 cerans
2302 1454 2656 1512 clamoribus
2686 1450 3055 1525 querelisque
3084 1450 3341 1503 vectores
3382 1458 3586 1499 omnes
3614 1457 3712 1497 ex-

2064 1550 2260 1613 terret,
2307 1545 2462 1601 adeo
2520 1547 2584 1598 ut
2639 1556 2809 1597 nemo
2866 1541 3041 1605 esset,
3102 1534 3203 1607 qui
3262 1550 3396 1600 non,
3429 1529 3587 1587 omni
3620 1528 3713 1586 sui

2065 1634 2253 1707 ipsius
2283 1650 2422 1689 cura
2452 1629 2807 1705 posthabita,
2832 1626 2989 1683 illius
3010 1623 3191 1681 luctui
3216 1622 3438 1678 socium
3462 1636 3589 1676 sese
3611 1619 3713 1674 ad—

323 1717 647 1792 εργάζεσθαι.
685 1718 745 1774 Ὀ
794 1714 873 1785 δὶ,
920 1718 1235 1790 ὑπομνήσας
1284 1720 1410 1775 Θεὸν
1458 1724 1563 1773 τῶν
1613 1718 1777 1774 αὐτοῦ
1824 1721 1955 1774 θαυ-

2072 1725 2352 1796 iungeret.
2386 1726 2513 1794 Ipse
2541 1724 2735 1777 autem
2768 1723 2879 1773 Deo
2912 1713 3195 1771 miracula
3222 1729 3290 1768 ea
3332 1708 3527 1765 omnia
3556 1724 3711 1764 com-

323 1805 549 1877 μασίων,
600 1804 697 1861 ὅσα
738 1827 797 1860 τε
843 1806 893 1860 ἐν
935 1806 1198 1883 Αἰγύπτῳ
1240 1808 1327 1863 καὶ
1376 1806 1475 1863 ὅσα
1520 1810 1653 1863 κατὰ
1693 1809 1793 1879 τὴν
1826 1806 1953 1884 ἔρη-

2072 1828 2419 1879 memorans,
2452 1827 2597 1880 quas,
2646 1812 2767 1864 tam
2818 1807 2877 1861 in
2898 1806 3142 1877 {Egypto
3173 1816 3350 1873 quam
3375 1798 3434 1853 in
3465 1798 3715 1863 deserto,

2203 1900 2215 1906 -
2292 1902 2302 1906 -
2521 1898 2579 1906 ...
2650 1901 2659 1906 -
2963 1894 2972 1904 ι
3120 1890 3133 1906 1
3215 1890 3225 1900 -
3343 1887 3551 1906 IEJ-_._L
3583 1882 3685 1906 I---‘

319 1913 412 1965 μον
593 1894 628 1962 ἢ
663 1893 956 1970 πολλαχοῦ
1003 1902 1105 1971 γῆς
1136 1897 1170 1965 ἢ
1214 1896 1486 1965 θαλάσσης
1520 1895 1756 1973 ἔδρασεν·
1792 1899 1950 1971 (οἷον,

327 1983 581 2057 Ἐρυθρᾶς
628 1986 743 2057 (39)
793 1981 1085 2053 διάστασιν,
1133 1983 1223 2040 καί
1268 1983 1420 2048 αὖθις
1467 1985 1764 2042 ἐπίκλυσιν·
1806 1987 1957 2049 ὅπως

324 2091 378 2125 τε
405 2070 465 2125 ἐκ
486 2071 685 2148 πέτρας
736 2069 882 2148 ὕδωρ
932 2072 1171 2148 ἐπήγασε
1221 2077 1355 2148 (40),
1405 2076 1493 2130 καὶ
1536 2075 1746 2151 Μερῥὰν
1798 2076 1965 2152 ἐγλύ-

324 2180 473 2214 κανεν
508 2180 521 2192 ·
592 2160 851 2234 Ἀμαλήκ
923 2161 1221 2218 ἐθανάτωσε
1293 2164 1478 2240 χερσὶν
1557 2162 1788 2227 ἀόπλοις
1870 2166 1962 2220 τὸν

324 2250 542 2323 σταυρὸν
580 2250 933 2322 μηνυοόσαις·
974 2249 1136 2327 τείχη
1186 2251 1431 2316 καθεῖλεν
1477 2252 1829 2329 Ἱεριχούντια
1874 2254 1964 2309 καὶ

324 2333 443 2392 ἄνευ
473 2340 912 2414 μηχανημάτων·
946 2343 1235 2416 προφήτην
1288 2338 1483 2396 ἔσωσεν
1524 2341 1584 2397 ἐκ
1632 2340 1962 2419 σπλάγχνων

321 2428 535 2495 κήτους·
596 2428 687 2482 καὶ
742 2425 920 2484 τᾶλλα
976 2429 1073 2484 ὅσα
1118 2450 1217 2501 περ
1264 2430 1404 2506 ἱεραὶ
1448 2426 1634 2507 βίϐλοι
1665 2426 1962 2509 φέρουσιν),

324 2515 700 2590 ὑποσχόμενος
748 2517 879 2589 ἅμα,
932 2518 980 2572 εἴ
1024 2518 1347 2593 περισωθείη
1397 2523 1494 2575 τοῦ
1549 2519 1843 2595 πελάγους,
1874 2522 1963 2575 καὶ

318 2604 477 2679 τύχοι
505 2608 605 2673 τῆς
646 2604 875 2682 ἐφέσεως
904 2611 999 2661 τοῦ
1035 2607 1429 2683 βαπτίσματος,
1460 2612 1539 2680 τῷ
1589 2609 1818 2664 σώσαντι
1849 2612 1963 2683 (41)

319 2694 477 2748 αὑτὸν
504 2693 811 2764 ἀναθήσειν·
862 2696 1095 2767 κάμπτει
1143 2702 1260 2758 ταῖς
1300 2697 1524 2759 ἱκεσίαις
1569 2697 1747 2770 αὐτὸν,
1793 2697 1960 2754 ’ίλεών

315 2803 373 2836 τε
402 2779 548 2852 ὄντα,
582 2782 669 2837 καὶ
700 2784 795 2845 τὰς
828 2783 1069 2854 αἰτήσεις
1118 2786 1389 2863 φθάνοντα
1431 2790 1512 2858 τῷ
1564 2786 1826 2864 μειλιχίῳ
1863 2790 1963 2857 τῆς

320 2869 546 2945 φὲσεως.
608 2872 706 2926 Καὶ
756 2871 785 2925 ὁ
821 2872 915 2943 μὲν
970 2871 1185 2928 κλύδων
1235 2873 1425 2929 αὐτίκα
1474 2873 1776 2953 ἐλώφησεν·
1828 2878 1863 2945 ἡ
1906 2875 1965 2931 δὲ

317 2961 565 3034 ωταιγὶς
627 2959 705 3021 εἷς
762 2958 927 3035 αὔραν
991 2964 1325 3034 μετεποιήθη
1384 2965 1533 3037 (42),
1591 2964 1681 3019 καὶ
1737 2968 1772 3034 ἡ
1829 2964 1964 3027 τέως

321 3047 474 3122 ἀγρία
502 3047 893 3122 κατεστορέσθη
930 3049 1266 3108 θάλασσα.Ὀ
1292 3052 1385 3124 μὲν
1415 3051 1467 3106 ἐν
1499 3052 1711 3114 τούτοις
1739 3056 1804 3122 ἦν
1824 3056 1958 3124 (43).

2066 1918 2131 1957 ac
2163 1900 2455 1973 plerisque
2485 1898 2617 1955 aliis
2644 1901 2797 1953 terra
2829 1894 3094 1964 marique
3120 1890 3262 1946 locis
3292 1887 3554 1943 ediderat
3581 1882 3715 1956 (vel-

2066 1994 2132 2045 ut
2160 1990 2339 2045 Rubri
2375 1987 2552 2043 maris
2600 1984 2941 2041 divisionem
2984 1982 3048 2053 ⁸ο,
3080 1979 3461 2052 ejusdemque
3511 1989 3714 2030 rursus

2071 2078 2318 2135 eluviem
2344 2097 2357 2145 ;
2392 2094 2506 2149 quo
2537 2076 2677 2131 item
2706 2073 2876 2129 modo
2907 2087 3120 2143 aquam
3154 2086 3223 2123 ex
3270 2070 3433 2139 petra
3464 2062 3619 2119 velut
3648 2078 3716 2118 ex

2072 2168 2228 2224 fonte
2276 2166 2540 2222 duxisset
2584 2165 2651 2235 ⁸⁸,
2681 2168 2740 2219 et
2782 2166 2996 2216 Maram
3037 2155 3462 2222 edulcasset”;
3492 2150 3717 2207 Amale-

2071 2258 2217 2314 citas
2247 2255 2571 2311 inermibus
2602 2251 2897 2320 manibus,
2921 2264 3151 2303 crucem
3174 2241 3588 2310 indicantibus,
3622 2255 3720 2308 op-

2073 2345 2382 2418 pressisset
2409 2345 2489 2411 ”;
2525 2358 2725 2397 muros
2753 2338 3009 2404 Jericho,
3042 2334 3219 2391 nullis
3250 2333 3423 2388 etiam
3460 2326 3713 2385 admotis

2071 2417 2398 2499 tormentis,
2441 2431 2853 2497 evertisset“;
2916 2425 3257 2499 prophetam
3287 2438 3355 2477 ex
3383 2420 3491 2475 ceti
3538 2417 3717 2473 visce-

2072 2524 2234 2579 ribus
2282 2524 2507 2579 salvum
2540 2524 2597 2577 et
2644 2518 2994 2576 incolumem
3043 2511 3384 2571 extraxisset
3410 2509 3493 2577 1"5;
3544 2510 3712 2562 crete-

2071 2629 2253 2685 raque
2283 2611 2480 2668 omnia
2510 2627 2640 2683 quin
2668 2604 3057 2664 sacrosanclis
3099 2600 3265 2657 libris
3296 2595 3710 2667 continentur),

2072 2684 2367 2773 simulque
2397 2716 2459 2755 se
2490 2700 2781 2754 facturum
2809 2694 3115 2767 recipiens,
3167 2696 3249 2761 ut,
3281 2689 3329 2744 si
3362 2687 3539 2743 maris
3570 2684 3714 2757 peri-

2071 2790 2200 2847 culo
2244 2790 2609 2855 liberaretur,
2656 2792 2831 2858 atque
2881 2783 3130 2856 expetito
3174 2778 3465 2851 baptismo
3498 2778 3713 2830 fruere-

2069 2884 2189 2946 tur,
2219 2878 2270 2933 ei
2301 2896 2335 2934 a
2381 2895 2495 2949 quo
2523 2877 2774 2932 salutem
2827 2872 3163 2944 accepisset,
3194 2867 3450 2938 seipsum
3510 2877 3713 2919 conse-

2071 2972 2292 3023 craret:
2327 2965 2597 3038 precibus
2625 2964 2821 3035 ipsum
2841 2959 3034 3027 ﬂectit,
3069 2957 3169 3029 qui
3203 2957 3326 3028 ipse
3360 2952 3623 3027 placidus
3650 2966 3716 3006 ac

2072 3056 2360 3128 propitius
2391 3061 2500 3123 est,
2530 3057 2586 3109 et
2615 3056 2833 3108 natura:
2860 3066 2978 3105 sua;
3010 3046 3296 3104 suavitate
3330 3046 3558 3098 nostras
3589 3039 3713 3111 ipse

317 3155 512 3210 preces
542 3138 873 3194 antevertit.
908 3139 990 3195 Ita
1019 3146 1336 3213 tempestas
1358 3143 1559 3198 statim
1600 3144 1801 3199 sedata
1842 3152 1948 3212 est,
1989 3162 2057 3201 ac
2106 3144 2359 3217 procella
2398 3145 2455 3198 in
2507 3158 2710 3198 auram
2743 3144 2968 3197 mutata
2996 3138 3078 3205 ⁸⁶;
3113 3148 3387 3204 mareque
3435 3130 3601 3203 prius
3631 3128 3711 3183 fe-

326 3243 450 3281 rum
483 3232 541 3282 et
572 3226 973 3282 truculentum
1003 3228 1360 3301 consopitur.
1392 3232 1580 3303 Atque
1607 3231 1702 3286 hic
1731 3248 1797 3287 eo
1829 3249 2024 3290 rerum
2055 3238 2209 3290 statu
2241 3238 2385 3289 erat.

384 3314 445 3367 Οἱ
478 3311 535 3367 δὲ
559 3312 722 3368 αὐτοῦ
751 3320 931 3388 γονεῖς
963 3312 1032 3369 δι’
1065 3315 1273 3392 ὀνείρου
1302 3319 1707 3390 κατεμηνύοντο
1736 3320 1803 3375 τὰ
1824 3342 1949 3393 συμ-

2142 3323 2414 3378 Parentes
2435 3324 2630 3376 autem
2658 3318 2862 3391 ipsius,
2897 3331 3069 3389 quem
3102 3314 3156 3368 in
3192 3326 3392 3368 casum
3424 3307 3711 3364 adductus

313 3396 569 3456 ϐαίνοντα
596 3406 675 3474 τῷ
705 3400 886 3456 παιδί·
925 3403 1012 3457 καὶ
1065 3405 1151 3459 οἷα
1180 3404 1404 3481 πατέρες
1437 3406 1509 3479 (τί
1547 3407 1648 3483 γὰρ
1681 3405 1763 3463 δεῖ
1789 3406 1955 3463 πλέον

312 3495 484 3544 ειπεῖν
516 3492 557 3563 ;)
587 3489 776 3565 εὐχαῖς
795 3512 855 3545 τε
883 3492 970 3545 καὶ
1003 3489 1223 3566 δάκρυσι
1247 3493 1338 3548 τὸν
1362 3495 1490 3549 Θεὸν
1516 3495 1804 3563 ἐλιπάρουν
1829 3498 1959 3572 βοη-

310 3579 469 3647 θῆσαι
498 3580 580 3651 τῷ
610 3579 745 3634 κατὰ
775 3579 1041 3643 θάλασσαν
1069 3579 1450 3639 κινδυνεύοντι.
1484 3584 1653 3647 Εὐθὺς
1696 3585 1787 3639 οὗν
1825 3586 1959 3658 μετὰ

311 3668 408 3733 τήν
429 3668 632 3722 ἱκεσίαν
654 3670 773 3731 καθ’
805 3668 969 3723 ὕπνον
1003 3670 1187 3745 ἑώρων
1224 3671 1313 3726 τὸν
1340 3673 1453 3726 υἱὸν
1476 3672 1680 3747 ἐριννύν
1698 3695 1819 3728 τινα
1844 3677 1956 3748 (44)

312 3753 547 3829 δαίμονα
590 3757 951 3830 κολαστήριον
1002 3761 1429 3834 χειρωσάμενον,
1479 3760 1625 3825 ὅστις
1670 3762 1815 3834 αὐτῷ
1843 3765 1955 3837 (45)

312 3844 673 3901 ἐπανετείνετο
715 3845 977 3922 ὄλεθρον.
1024 3852 1198 3903 Ταῦτα
1250 3847 1308 3904 δὲ
1356 3850 1492 3922 μετᾶ
1533 3852 1633 3920 τὴν
1679 3853 1814 3927 πρὸς
1859 3852 1956 3908 αὐ-

308 3934 436 3998 τοὺς
496 3936 841 4012 ὑποστροφὴν
918 3935 1065 4009 αὐτῷ
1144 3935 1520 4014 διηγουμένων
1592 3944 1699 3995 τῶν
1752 3943 1953 4017 γονέων

311 4023 568 4092 ἀκούσας,
602 4022 1049 4101 ἀνθωμολογεῖτο
1095 4030 1174 4099 τῷ
1223 4028 1472 4086 σώσαντι.
1522 4028 1619 4084 Καὶ
1647 4034 1815 4085 ταῦτα
1862 4031 1956 4104 μὶν

310 4112 552 4187 ὕστερον.
604 4117 718 4167 Τῶν
778 4110 837 4169 δὶ
892 4114 1280 4187 συμπλεόντων
1338 4136 1422 4178 τις
1488 4116 1721 4189 νεανίας,
1777 4119 1838 4182 ’ὸς
1885 4121 1951 4189 ἦν

308 4201 457 4273 αὖτῷ
489 4201 917 4278 θυμηρέστατος,
969 4203 1111 4280 ἑώρα
1161 4205 1352 4267 νυκτὸς
1386 4203 1437 4260 ἐν
1471 4206 1619 4279 ἀκμῇ
1647 4210 1743 4261 τοῦ
1772 4205 1954 4263 κινδύ-

306 4312 401 4346 νου
429 4292 533 4359 τήν
568 4291 775 4365 μητέρα
802 4295 902 4347 τοῦ
938 4291 1202 4368 μακαρίου
1231 4300 1331 4363 τῆς
1361 4292 1636 4364 θαλάσσης
1678 4291 1953 4371 ἐπιϐᾶσαν,

2067 3416 2222 3467 esset
2250 3410 2427 3478 illius,
2460 3426 2562 3481 per
2590 3423 2864 3464 somnum
2896 3404 3262 3461 didicerunt:
3295 3405 3488 3471 atque,
3527 3401 3588 3451 ut
3618 3412 3710 3467 pa-

2066 3504 2259 3557 rentes
2283 3500 2447 3572 (quid
2478 3498 2633 3554 enim
2665 3496 2933 3569 pluribus
2963 3492 3155 3549 verbis
3178 3506 3325 3561 opus
3355 3487 3526 3558 est?),
3562 3485 3711 3541 votis

2066 3593 2124 3643 et
2152 3588 2422 3661 lacrymis
2457 3590 2633 3643 Deum
2664 3584 3065 3651 obsecrabant,
3100 3586 3163 3636 ut
3192 3579 3310 3635 tilio
3342 3578 3401 3633 in
3433 3575 3578 3633 mari
3612 3591 3711 3645 pe-

2066 3676 2343 3733 riclitanti
2374 3693 2542 3749 opem
2576 3676 2768 3731 ferret.
2801 3671 3117 3728 Confestim
3139 3669 3334 3740 itaque
3359 3669 3487 3738 post
3506 3662 3713 3720 oratio-

2066 3781 2200 3821 nem
2235 3765 2421 3820 ﬁlium
2453 3769 2513 3819 in
2546 3763 2770 3820 somnis
2800 3762 3015 3827 vident,
3052 3757 3261 3813 furiam
3294 3754 3611 3826 quamdam
3644 3766 3709 3806 ac

2063 3853 2370 3926 suppliciis
2390 3853 2766 3925 praepositum
2784 3845 3235 3916 damonem,qui
3255 3843 3367 3914 ipsi
3392 3839 3708 3913 perniciem

2062 3943 2407 4009 intentabat,
2433 3942 2744 3997 subactum
2772 3941 3085 3995 tenentem.
3128 3934 3261 3999 Quae
3292 3947 3425 3986 cum
3452 3928 3578 4001 ipse
3606 3928 3707 3984 do-

2064 4048 2226 4087 mum
2259 4047 2525 4087 reversus
2554 4046 2625 4085 ex
2654 4044 2854 4084 eorum
2887 4024 3215 4081 narratione
3244 4016 3710 4091 accepisset,lau-

2064 4121 2167 4176 des
2209 4124 2266 4176 et
2312 4118 2531 4192 gratias
2586 4117 2875 4175 Servatori
2934 4113 3160 4186 agebat.
3215 4110 3327 4168 Sed
3361 4107 3485 4164 haec
3515 4111 3707 4180 poste-

2064 4209 2211 4266 rius.
2246 4209 2328 4265 Ex
2362 4207 2435 4263 iis
2492 4212 2687 4262 autem
2737 4204 2839 4278 qui
2899 4202 3102 4259 eadem
3144 4198 3274 4255 navi
3329 4197 3710 4263 vehebantur,

2065 4297 2406 4356 adolescens
2436 4297 2700 4369 quidam,
2732 4294 2842 4366 ipsi
2874 4291 3279 4357 cbarissimus,
3317 4288 3377 4343 in
3410 4288 3539 4359 ipsa
3569 4284 3715 4357 peri-

308 4380 397 4435 καὶ
424 4387 530 4449 τῆς
558 4381 692 4451 νηὸς
723 4375 1035 4453 λαϐομένην
1085 4385 1221 4455 (46),
1270 4381 1502 4453 ἐξέλκειν
1538 4382 1625 4439 ἐπὶ
1662 4386 1761 4455 τήν
1792 4382 1958 4456 ἤπει-

2072 4387 2183 4444 culi
2214 4388 2473 4454 ﬂamma,
2506 4386 2659 4441 beati
2693 4384 2799 4439 viri
2840 4387 3086 4438 matrem
3134 4377 3543 4449 conspiciebat,
3576 4391 3713 4431 con-

315 4488 402 4575 ρον
438 4513 453 4527 .
512 4468 723 4575 Ταότης
780 4466 869 4575 δὲκ
897 4467 1207 4575 δειχθείσης
1276 4471 1366 4527 καὶ
1441 4470 1800 4548 έξηγηθείσης
1854 4481 1957 4545 τῆς

2072 4493 2273 4534 scenso
2320 4475 2492 4543 mari,
2544 4476 2836 4546 arreptam
2884 4486 3089 4527 navem
3138 4470 3198 4523 in
3244 4473 3458 4523 terram
3491 4467 3714 4537 pertra-

2072 4565 2082 4575 .
2194 4571 2202 4575 -
2358 4567 2388 4575 -
2538 4563 2549 4575 ι
2592 4563 2603 4574 ι
2990 4563 3001 4575 ι
3110 4562 3120 4575 .
3176 4574 3217 4575 ν-
3252 4574 3275 4575 η
3304 4562 3381 4575 -Α-
3434 4551 3688 4575 ι..-..---21

315 4553 511 4632 ὅψεως,
572 4556 727 4623 εὐθὺς
776 4556 1021 4633 γαλήνην
1077 4580 1137 4615 τε
1182 4558 1575 4635 ἀκολουθῆσαι,
1632 4563 1722 4617 καὶ
1763 4564 1959 4627 πάντας

2072 4565 2326 4622 hentem.
2351 4567 2475 4631 Qua
2499 4563 2720 4619 visione
2742 4563 3046 4635 perspecta
3072 4562 3130 4614 et
3158 4562 3411 4624 narrata,
3432 4551 3715 4624 tranquil-

381 4688 427 4721 "
455 4686 637 4761 Exod:
679 4702 737 4755 ι,
784 4688 881 4761 21.
907 4686 1187 4761 _'°‘Exod._
1232 4704 1347 4757 xw,
1386 4688 1488 4761 16,
1517 4688 1561 4725 ⁸⁸
1596 4688 1771 4743 Exod.
1820 4707 1957 4761 xvn,

2090 4691 2139 4727 ⁸³
2187 4691 2366 4747 Exod.
2415 4707 2506 4760 xv,
2557 4691 2648 4745 25.
2697 4689 2744 4724 ⁸³
2804 4687 2977 4742 Exod.
3038 4702 3173 4753 xvn,
3227 4685 3313 4739 11.
3368 4684 3416 4718 ⁸⁸
3468 4682 3589 4737 Jos.
3632 4697 3712 4749 v1,

314 4758 347 4812 3
375 4776 501 4831 seq.
524 4758 570 4793 ⁸⁸
595 4757 731 4814 Jon.
764 4774 826 4825 ιι,
861 4756 949 4813 11.
986 4757 1030 4792 ⁸⁵
1059 4758 1213 4816 Psal.
1245 4756 1357 4826 cvi,
1378 4759 1469 4815 25.

379 4883 495 4951 (34)
524 4879 685 4937 Golb.
720 4881 772 4937 1.
808 4876 1039 4934 Πλέοντι
1071 4876 1117 4934 δ’
1149 4878 1240 4935 οὗν
1272 4879 1438 4951 αὐτῷ.
1561 4900 1565 4907 ’

376 4951 495 5029 (35)
525 4952 686 5029 (ξομ).
723 4954 773 5029 1,
806 4955 861 5029 2,
876 4967 1144 5029 ‘nec_non
1174 4956 1271 5010 Or.
1295 4958 1353 5029 et
1383 4951 1445 5010 P.
1477 4951 1722 5029 πληγῆς.

722 5027 756 5079 2
782 5028 839 5079 et
867 5023 1072 5097 Co_mb.
1104 5025 1489 5097 καταπτήσσει.

522 5095 680 5155 Golb.
736 5097 788 5164 1,
818 5099 878 5169 et
921 5095 1015 5169 ΟΡ.
1049 5098 1144 5169 τοῦ
1194 5096 1329 5169 καθ’,
1355 5093 1856 5169 έαυτούς.ῌο01ὺ.ᾲ2
1887 5095 1963 5158 ὡς

310 5163 519 5295 πὲξιτων
573 5170 682 5221 τῶν
739 5163 860 5221 καθ’
919 5164 1160 5229 ἑαυτούς.
1222 5168 1357 5224 Cod.
1418 5172 1482 5224 P.
1540 5163 1637 5222 τοῦ
1692 5167 1808 5221 καθ’
1839 5168 1961 5223 ἐαυ-

310 5263 336 5295 τ
370 5264 416 5295 ν.

308 5263 416 5296 τον.

377 5314 489 5385 (38)
518 5310 986 5385 (3011),-4η-οζ-ριι.
1046 5305 1250 5385 ἔρημον
1294 5308 1587 5385 πολλαχοῦ
1642 5315 1763 5383 γῆς.
1798 5310 1958 5367 Colb.

309 5387 360 5452 ε.
384 5377 453 5465 ές
474 5377 735 5465 esset:
768 5377 1246 5465 meum

376 5458 487 5527 (39)
518 5455 689 5527 Addit
721 5455 853 5527 cod.
984 5452 1080 5527 ’ίῆς
1114 5452 1404 5527 θαλάσσης.

513 5525 671 5584 Colb.
694 5526 774 5599 1,⁸
792 5523 968 5599 codd.
999 5523 1146 5599 Aet
1170 5527 1267 5599 ρι’.
1293 5524 1489 5599 πέτραν
1521 5522 1779 5599 ἐπήγασε.

375 5601 483 5667 (41)
537 5602 620 5657 Ita
676 5596 841 5655 Colb.
877 5596 1115 5652 2codd.
1167 5598 1226 5654 P.
1289 5603 1348 5654 et
1398 5596 1499 5655 'Or.
1561 5596 1814 5654 In'edit.
1849 5596 1955 5651 σώ-

315 5690 370 5725 σο

2286 4886 2437 4959 ϐοὰ.
2470 4886 2546 4959 7P.
2600 4885 2659 4940 in
2701 4887 2846 4959 _not._
2882 4897 3079 4959 marg.
3135 4874 3361 4959 ἔπαυσεν
3408 4876 3485 4938 είς
3518 4876 3714 4959 λεπτὸν

2070 4945 2398 5043 τενὸήξΜοι
2428 4958 2581 5013 idem
2614 4956 2741 5012 cod.
2779 4945 3281 5043 adnbocn‘verbum'
3298 4945 3717 5043 ἔατεστορέσθη,

2071 5028 2132 5085 in
2152 5023 2283 5102 not.
2318 5045 2503 5102 marg.
2533 5025 2945 5102 κατεστορέσθη,
2976 5024 3011 5092 ἢ
3046 5023 3389 5102 ὑπεστρώθηι.

2141 5088 2537 5191 (43)οοιι›.⁹ι,
2579 5101 2637 5168 2,
2684 5088 2841 5156 et'P.
2904 5088 3137 5169 legunt:
3198 5088 3260 5151 "0
3319 5092 3415 5164 μὶν
3447 5088 3626 5161 οὗνῆν
3663 5090 3713 5146 έν

2067 5191 2440 5367 Ϊὲἔὲ)ςάοιδ.
2472 5243 2534 5299 Ρ.
2569 5242 2626 5297 in
2660 5245 2777 5296 not.
2818 5254 3001 5312 marg.
3047 5233 3419 5311 καταχθονίων
3470 5254 3717 5309 τιμωρη-

2074 5454 2099 5474 ﬂ
2142 5386 2473 5474 (45)"116135
2504 5382 2675 5474 αρτᾦέ
2701 5382 2860 5474 Cglll‘).
2892 5382 2945 5449 2,
2980 5380 3142 5474 chd.
3176 5380 3237 5434 P.
3271 5382 3328 5434 et
3356 5378 3451 5435 Or.
3496 5378 3718 5474 babent

2068 5454 2191 5541 ἥτις
2222 5451 2389 5528 αὐτῷ,
2427 5451 2684 5541 Verterat
2730 5454 2934 5541 Dillius
2956 5469 2970 5507 :
2990 5455 3295 5541 .E'rzimym
3320 5451 3623 5541 gttumdam
3652 5469 3719 5506 ac

2068 5522 2368 5586 ἀκηιοηειὶι
2396 5532 2736 5599 pestiferum.
2769 5524 3026 5582 Combef.
3060 5522 3592 5596 interpretationem
3628 5541 3713 5579 sc-

2067 5601 2183 5657 cuti
2217 5618 2440 5657 smnus.

2142 5673 2253 5744 (46)
2282 5667 2621 5744 Ααϐομένην.
2655 5667 2814 5726 Colb.
2850 5669 2903 5737 1,
2934 5659 3357 5739 ἐπιλαϐομένην.
