4096 6288
283 281 395 343 25!

1404 289 1589 351 VITA
1635 292 1700 352 S.
1750 289 2122 352 GREGOBII
2171 287 2564 350 THEOLOGI

3572 282 3690 343 252

282 414 421 472 litas
453 417 649 472 statim
685 421 995 475 consecuta
1043 424 1152 491 est,
1186 424 1557 495 vectoresque
1606 440 1809 480 omnes
1858 424 1927 480 ad

2062 419 2171 483 τοῦς
2229 418 2639 495 συμπλωτῆρας
2693 420 2761 492 τῇ
2811 410 2985 471 πίστει
3046 412 3415 493 προσδραμεῖν
3464 418 3542 487 τῷ
3590 418 3690 470 τοῦ

284 505 469 561 Deum
504 506 760 578 Gregorii
807 508 920 563 ﬁde
952 515 1349 583 accurrerunt,
1382 512 1623 584 periculi
1656 514 1799 568 tanti
1833 514 1929 568 de-

284 594 579 666 pulsorem
615 611 748 650 eum
780 603 1162 668 agnoscentes
1217 605 1391 673 atque
1420 602 1779 659 conﬁtentes.
1800 606 1930 658 Hoc

283 700 417 739 vero
444 683 581 755 quid
635 685 828 756 magni
887 686 1043 743 illius
1105 689 1235 745 Elite
1289 690 1569 747 miraculo
1601 692 1798 747 cedit?
1830 692 1928 763 qui

284 771 528 826 Sidoniae
574 773 807 844 reginas,
865 792 1089 832 vesanae
1144 778 1431 835 idolorum
1489 780 1738 847 cultrici,
1770 780 1931 836 obsi-

286 865 471 927 stens,
504 862 788 918 sacriﬁcio
821 863 1055 921 insolita
1076 871 1133 922 et
1155 867 1371 924 caelesti
1396 868 1634 924 ﬂamma
1664 886 1934 925 consum-

285 952 405 1022 pto,
438 949 733 1004 lsraelitas
783 951 853 1006 ad
911 954 1029 1008 veri
1087 955 1187 1010 Dei
1246 957 1418 1011 ﬁdem
1450 957 1678 1013 induxit
1711 976 1725 1014 :
1760 958 1838 1013 ita
1872 962 1936 1013 ut

289 1037 674 1094 admiratione
705 1045 1007 1113 correptus
1040 1044 1288 1114 populus
1339 1046 1591 1102 diceret:
1656 1046 1784 1102 Vere
1830 1047 1934 1102 Do-

285 1128 473 1183 minus
528 1128 686 1198 Deus,
742 1129 830 1185 hic
875 1133 955 1187 est
1007 1136 1154 1187 Deus
1189 1134 1253 1189 ⁸⁷.
1288 1134 1447 1190 Talis
1478 1135 1593 1191 fere
1625 1136 1935 1208 Gregorius

287 1221 431 1288 erat,
463 1234 566 1289 per
593 1216 947 1291 insperatam
972 1237 1041 1276 ex
1064 1226 1408 1295 tempestate
1439 1224 1812 1294 salutem,eos
1836 1224 1935 1297 qui

288 1304 465 1360 variis
497 1310 553 1361 et
581 1307 890 1365 multiﬁdis
919 1310 1214 1367 erroribus
1245 1314 1611 1383 tenebantur,
1644 1314 1715 1370 ad
1755 1330 1934 1369 unam

288 1393 421 1449 ﬁdei
454 1396 721 1451 semitam
753 1397 994 1455 ducens.

360 1487 748 1557 Posteaquam
780 1490 974 1542 autem
1003 1488 1062 1542 in
1092 1488 1394 1557 Graeciam,
1437 1508 1502 1546 ac
1542 1491 1797 1547 nobilem
1829 1490 1936 1546 ﬂo-

287 1577 628 1644 rentemque
653 1574 1017 1631 Athenarum
1050 1578 1253 1633 urbem
1279 1596 1341 1634 se
1371 1579 1637 1645 contulit,
1673 1580 1812 1651 quid
1845 1596 1936 1635 re-

287 1661 437 1717 ferre
486 1678 724 1718 necesse
781 1669 870 1718 est
922 1681 1037 1736 qua
1094 1665 1401 1723 hominum
1433 1667 1633 1723 laetitia
1664 1672 1938 1741 exceptus

2043 509 2350 587 Γρηγορίου
2400 513 2534 581 Θεῷ,
2585 508 2675 562 καὶ
2731 508 2915 563 ἑαυτὸν
2951 508 3065 581 (47)
3115 506 3248 560 εἶναι
3279 504 3690 581 ὁμολογοῦντας

2042 599 2347 675 ἐπίκουρον.
2382 596 2442 653 Τί
2470 602 2629 652 τοῦτο
2658 601 2754 652 τοῦ
2806 596 2941 651 κατά
2982 594 3072 651 τὸν
3129 594 3293 669 μέγαν
3325 592 3512 649 ’Πλίαν
3558 591 3689 648 θαύ-

2045 711 2209 765 ματος
2238 688 2555 765 ἀτιμότερον
2593 687 2718 758 ;’ὀς,
2749 690 2815 760 τῇ
2865 682 3236 758 εἰδωλομανίᾳ
3280 690 3379 753 τῆς
3422 680 3688 744 Σιδωνίας

2043 778 2529 851 ἀντιτασσόμενος,
2582 776 2711 848 ξένῳ
2760 774 2889 849 πυρὶ
2940 774 3029 828 καὶ
3079 771 3314 846 οὐρανίῳ
3360 772 3458 839 τὴν
3510 769 3692 832 θυσίας

2043 865 2433 938 ἒκδαπανήσας,
2467 864 2541 927 εἷς
2574 864 2751 919 πίστιν
2781 868 2878 918 τοῦ
2931 861 3190 933 ἀληθινοῦ
3231 865 3362 916 Θεοῦ
3412 860 3570 936 ἐνῆγε
3600 861 3688 915 τὸν

2043 954 2284 1033 Ἰσραήλ·
2321 955 2459 1010 ὥστε
2505 955 2851 1028 θαυμάσαντα
2895 953 2986 1007 τὸν
3039 950 3169 1007 λαὸν
3221 950 3410 1005 εἰπεῖν·
3444 949 3694 1018 Ἀληθῶς

2042 1045 2239 1122 Κύριος
2271 1047 2298 1101 ὁ
2330 1045 2460 1107 Θεὸς
2489 1046 2623 1117 (48),
2670 1041 2825 1104 οὗτός
2875 1041 3012 1096 ἐστιν
3048 1041 3075 1094 ὁ
3109 1038 3261 1102 Θεός.
3311 1037 3567 1100 Τοιοῦτός
3610 1059 3693 1100 τις

2044 1137 2110 1206 ἦν
2144 1137 2171 1190 ὁ
2203 1133 2529 1211 Γρηγόριος,
2577 1136 2645 1207 τῇ
2697 1129 3044 1206 έκτρικυμίας
3075 1131 3187 1204 (49)
3218 1125 3477 1200 ἀδοκήτῳ
3520 1149 3695 1196 σωτη-

2046 1224 2137 1302 ρίᾳ
2163 1223 2289 1286 τοὺς
2314 1219 2645 1299 πολυσχιδεῖ
2813 1218 2989 1294 πλάνῃ
3016 1219 3417 1294 κατεχομένους
3454 1216 3529 1279 εἷς
3565 1216 3689 1290 μίαν

2044 1315 2190 1390 ἄγων
2217 1307 2404 1391 τρίϐον
2434 1313 2525 1367 καὶ
2555 1308 2775 1387 ὁδηγίαν
2805 1312 2904 1379 τῆς
2931 1308 3181 1370 πίστεως.

2114 1490 2261 1547 Ἐπεὶ
2295 1488 2352 1546 δὲ
2383 1489 2539 1545 αὐτὸν
2574 1490 2608 1559 ἡ
2640 1486 2840 1551 Ἑλλὰς
2887 1488 3005 1564 εἶχε
3046 1486 3135 1541 καὶ
3182 1485 3245 1541 τὸ
3280 1483 3492 1547 εὐκλεὲς
3533 1485 3698 1555 Ἀθη-

2044 1586 2151 1636 νῶν
2185 1576 2378 1653 ὄνομα,
2434 1578 2486 1633 τί
2525 1576 2607 1633 δεῖ
2655 1576 2830 1654 λέγειν
2885 1577 3002 1650 μεθ’
3050 1574 3182 1646 ὅσης
3219 1571 3560 1652 προσεδέχθη
3595 1579 3695 1643 τῆς

2049 1667 2317 1744 θυμηδίας
2352 1687 2366 1739 ;
2399 1668 2681 1745 κράτιστος
2712 1665 2865 1730 εὐθὺς
2916 1664 2967 1720 ἐν
3019 1662 3228 1741 λόγοις,
3279 1660 3591 1724 παιδευταῖς
3636 1682 3698 1716 τε

288 1749 482 1818 fuerit,
517 1752 1037 1822 praestantissimus
1069 1755 1269 1811 statim
1302 1755 1359 1811 in
1391 1756 1598 1812 litteris
1630 1761 1687 1812 et
1729 1774 1762 1813 a
1792 1775 1938 1829 prae-

2062 1758 2136 1815 ιαὶ
2168 1763 2451 1837 φοιτηταῖς
2507 1757 2620 1830 ἅμα
2666 1754 3009 1832 κρινόμενος.
3039 1752 3261 1859 ΧρόνουΝ
3278 1750 3335 1807 δὶ
3366 1751 3427 1807 οὐ
3452 1748 3698 1859 επολλοῦ

285 1838 617 1911 ceptoribus
648 1845 704 1896 et
732 1857 765 1895 a
791 1841 1100 1915 discipulis
1137 1843 1483 1915 judicatus?
1523 1846 1650 1901 Non
1683 1846 1937 1902 multum

282 1932 519 2001 tempus
550 1929 813 1995 ﬂuxerat,
844 1947 976 1987 cum
1011 1950 1262 2007 magnus
1298 1934 1393 1990 ille
1441 1934 1692 1992 Basilius
1724 1937 1937 2009 Byzan-

283 2018 386 2087 tio,
435 2017 697 2088 ejusdem
754 2021 1101 2078 eruditionis
1159 2024 1365 2095 gratia,
1400 2026 1655 2081 Athenas
1687 2026 1932 2097 appulit.

285 2106 486 2178 Itaque
521 2114 576 2161 et
604 2107 731 2162 vita:
774 2111 1280 2179 consuetudinem,
1323 2118 1378 2168 et
1426 2114 1789 2169 contubernii
1835 2130 1934 2169 ne-

284 2195 701 2251 cessitudinem
734 2197 885 2253 inter
905 2215 968 2255 se
989 2204 1507 2257 contraxeruntEx
1538 2207 1743 2259 mutua
1764 2220 1935 2275 porro

284 2300 487 2359 eorum
530 2286 961 2358 conjunctione,
1010 2289 1459 2363 animorumque
1506 2293 1834 2361 concordia,
1864 2310 1938 2349 ne

284 2373 528 2444 exprimi
562 2376 794 2446 quidem
855 2378 1113 2434 oratione
1170 2379 1335 2434 facile
1390 2384 1600 2453 potest,
1652 2387 1936 2453 quantum

285 2461 664 2518 emolumenti
698 2465 768 2518 ad
801 2469 1116 2539 utrumque
1156 2468 1409 2525 redierit.
1460 2472 1512 2524 le
1554 2487 1809 2542 namque
1839 2472 1937 2542 qui

287 2548 453 2605 solus
481 2554 588 2615 est,
623 2553 891 2624 quamvis
915 2555 1126 2612 mentis
1147 2556 1415 2612 acumine
1437 2558 1741 2630 quidpiam
1773 2559 1939 2614 intel-

287 2637 513 2707 lexerit,
546 2639 655 2694 sibi
688 2645 884 2697 tamen
934 2642 1047 2715 ipsi
1108 2645 1347 2701 minime
1406 2647 1553 2713 ﬁdit,
1602 2664 1666 2701 ac
1698 2648 1940 2719 proinde

288 2726 640 2785 circumiens
688 2729 941 2803 aliquem
976 2734 1202 2805 quaerit,
1249 2752 1383 2790 cum
1429 2734 1858 2808 quo.fulciatur
1882 2740 1939 2792 et

2045 1846 2469 1925 παρῳχηκότος,
2520 1844 2581 1901 ἐκ
2625 1849 2722 1900 τοῦ
2771 1842 3058 1913 Βυζαντίου
3109 1839 3390 1903 Βασίλειος
3446 1841 3473 1894 6
3526 1840 3697 1915 μέγας

2048 1939 2313 2009 ’Δθήναζε
2368 1934 2694 2012 παρεγένετο
2728 1981 2743 2007 ,
2799 1940 2899 2003 τῆς
2950 1929 3072 2003 ἴσης
3132 1930 3293 2006 χάριν
3340 1927 3695 1999 παιδεύσεως,

2046 2024 2285 2080 σύσσιτοί
2312 2046 2371 2079 τε
2414 2024 2554 2097 ὁμοῦ
2606 2021 2695 2077 καὶ
2746 2019 3075 2099 ὁμοῤῥόφιοι
3123 2016 3464 2073 καθίστανται
3514 2014 3696 2086 ἀλλή-

2046 2112 2188 2176 λοις,
2244 2115 2306 2168 Ἣ
2367 2114 2419 2189 γ’
2478 2112 2566 2167 οὗν
2625 2111 2947 2189 ἀμφοτέρων
3022 2106 3247 2182 συζυγία
3305 2106 3394 2161 καὶ
3456 2102 3700 2183 συμφυία

2047 2201 2172 2258 οὐδὲ
2228 2204 2565 2278 παραστῆσαι
2626 2198 2809 2277 ῥᾴδιον
2870 2198 2993 2253 ὅσον
3049 2197 3297 2272 ἑκάτερον
3359 2189 3588 2265 ὤνησεν.
3642 2195 3699 2247 Ὃ

2051 2294 2145 2368 μὶν
2176 2292 2276 2370 γὰρ
2330 2292 2517 2366 μόνος,
2549 2289 2643 2345 κᾶν
2676 2311 2727 2344 τι
2777 2290 2969 2362 νοήσῃ,
3007 2288 3080 2360 μὴ
3127 2283 3531 2370 καταπιστεύων
3572 2284 3701 2338 ἑαυ-

2044 2387 2143 2453 τῷ,
2194 2368 2541 2457 περιέρχεται
2592 2381 2701 2450 (51)
2766 2382 2941 2448 ζητῶν
3008 2376 3123 2449 μεθ’
3181 2375 3242 2429 οὗ
3306 2368 3697 2450 βεϐαιώσηται·

2047 2466 2125 2523 ὅτ’
2155 2468 2213 2522 ἂν
2249 2465 2306 2522 δὲ
2336 2469 2702 2543 ωγκραθῶσιν
2739 2464 2903 2540 ἄμφω
2934 2464 3068 2538 πρὸς
3106 2461 3230 2536 μίαν
3264 2460 3551 2533 ἐπιθυμίαν
3580 2481 3704 2515 παι-

2048 2554 2301 2628 δεύσεως,
2348 2553 2613 2625 ἀλλήλων
2672 2551 3085 2609 ἀποδείκνυνται
3136 2552 3435 2626 στήριγμα,
3493 2549 3587 2603 τόν
3644 2570 3703 2604 τε

2049 2645 2362 2722 εὑρίσκοντα
2428 2644 2479 2699 ἐν
2544 2646 2693 2720 μέρει
2752 2645 2864 2716 (52)
2923 2642 3011 2696 καὶ
3069 2641 3160 2695 τὸν
3226 2635 3548 2716 βεϐαιοῦντα
3601 2640 3702 2708 τὴν

2049 2734 2304 2805 ἀλήθειαν
2340 2731 2723 2811 συνειληφότες
2757 2731 2808 2787 ἐν
2843 2732 3078 2793 ἑαυτοῖς.

290 2818 690 2873 conﬁrmetur.
718 2824 942 2883 Atcum
972 2823 1107 2887 duo,
1148 2840 1265 2879 una
1303 2824 1485 2879 animi
1517 2824 1968 2897 conspiratione,
2000 2826 2073 2881 ad
2124 2842 2301 2881 unam
2350 2823 2698 2881 eruditionis
2749 2821 3130 2893 cupiditatem
3163 2819 3321 2876 velut
3351 2817 3696 2884 coaluerint,

291 2908 497 2961 mutuo
547 2907 901 2966 adminiculo
942 2910 1234 2981 nituntur,
1287 2914 1434 2968 duas
1485 2913 1763 2968 nimirum
1813 2930 2093 2986 personas
2143 2914 2199 2969 in
2244 2931 2369 2970 sese
2408 2911 2718 2985 complexi,
2770 2926 2979 2982 nempe
3007 2913 3065 2965 et
3094 2911 3221 2981 ejus
3256 2909 3356 2980 qui
3394 2907 3697 2963 veritatem

290 2994 527 3064 invenit,
561 3000 617 3052 et
645 2998 772 3069 ejus
804 2999 902 3071 qui
934 3002 1201 3056 eamdem
1234 3003 1559 3058 confirmat.

361 3087 565 3156 Atque,
616 3092 681 3142 ut
725 3088 912 3144 multa
953 3089 1230 3162 incidam,
1270 3091 1616 3165 przeclarum
1646 3092 1939 3165 quoddam

2122 3089 2220 3145 Καὶ
2274 3088 2365 3145 ’ίνα
2439 3090 2685 3162 συντέμω
2756 3088 2824 3142 τὰ
2878 3085 3107 3142 πλείονα
3139 3129 3153 3156 ,
3219 3082 3442 3156 ζηλωτὴ
3493 3081 3698 3158 γίνεται

295 3176 616 3230 amicorum
650 3194 754 3248 par
782 3178 1050 3234 efﬁcitur.
1083 3180 1229 3235 Nam
1253 3186 1311 3237 et
1333 3198 1449 3236 una
1477 3181 1799 3252 eademque
1831 3182 1942 3238 ﬁde

295 3263 619 3319 collustrati
654 3270 835 3333 erant,
870 3270 926 3321 et
958 3267 1082 3339 pari
1112 3268 1339 3325 virtutis
1370 3286 1565 3325 amore
1596 3271 1942 3342 ﬂagrabant,

298 3352 567 3407 concordi
604 3357 763 3408 motu
796 3360 1130 3423 currentes;
1158 3361 1213 3413 et
1242 3359 1738 3429 quemadmodum
1765 3364 1949 3415 arato-

302 3456 393 3496 res
425 3446 527 3495 aut
558 3441 842 3514 agricola,
870 3444 993 3515 pari
1017 3446 1195 3501 animi
1222 3447 1682 3519 promptitudine
1714 3448 1949 3520 sapien-

299 3530 393 3584 tia
426 3546 629 3585 arvum
673 3532 1111 3602 proscindentes
1151 3538 1208 3589 et
1250 3536 1627 3603 seminantes,
1665 3537 1949 3607 multipli-

302 3634 546 3690 cemque
579 3636 829 3675 messem
880 3621 1235 3694 colligentes.
1289 3623 1644 3680 Fortitudine
1689 3625 1948 3696 quidem,

304 3711 361 3762 et
390 3708 445 3761 in
480 3708 739 3764 adversis
776 3711 947 3766 rebus
979 3711 1336 3782 perferendis
1366 3713 1713 3779 constantia,
1748 3730 1954 3769 omnes

306 3797 484 3852 ferme
515 3797 764 3869 aequales
796 3816 932 3855 suos
964 3800 1281 3855 anteibant.
1311 3800 1427 3856 Hoc
1458 3802 1615 3856 enim
1649 3801 1763 3857 fere
1786 3802 1953 3872 juve-

308 3903 446 3942 num
479 3885 682 3941 vitium
715 3893 826 3955 est,
849 3894 931 3954 ut,
957 3891 1456 3961 quemadmodum
1489 3890 1720 3962 equulei
1752 3891 1957 3963 strepi-

305 3981 403 4032 tus
432 3980 488 4031 et
515 3977 775 4043 umbras,
808 3978 891 4033 sic
915 3978 1026 4050 ipsi
1049 3976 1280 4051 quoque
1310 3980 1647 4053 ingruentes
1677 3981 1955 4036 adversos

306 4083 479 4122 casus
508 4082 657 4137 aegro
686 4083 750 4121 ac
782 4068 1024 4124 moleste
1055 4069 1257 4125 ferant.
1293 4070 1408 4141 Ipsi
1443 4073 1645 4125 contra
1674 4086 1741 4125 ea
1770 4070 1957 4125 ﬁrmi-

309 4158 426 4209 tate
456 4158 641 4224 erant,
675 4160 739 4209 ut
767 4172 855 4220 ea,
888 4172 1027 4227 qua}
1061 4162 1296 4229 repente
1341 4157 1683 4230 plerumque
1715 4174 1781 4212 ac
1812 4176 1955 4230 prae-

2052 3178 2273 3255 ξυνωρίς
2306 3182 2439 3253 (53).
2475 3178 2654 3234 Πίστει
2703 3198 2763 3232 τε
2810 3175 2910 3252 γὰρ
2962 3178 3097 3244 ἦσαν
3158 3178 3255 3247 μιᾷ
3297 3171 3705 3251 πεφωτισμένοι

2054 3268 2142 3323 καὶ
2192 3269 2384 3344 ἀρετῆς
2427 3266 2689 3341 ὁμότιμοι
2740 3264 2975 3341 ἐρασταὶ,
3024 3259 3302 3338 σύνδρομα
3349 3261 3580 3331 θέοντες,
3612 3258 3705 3314 καὶ

2056 3356 2291 3431 καθάπερ
2337 3355 2599 3432 ἀροτῆρες
2649 3356 2682 3423 ἣ
2734 3352 3018 3430 γεηπόνοι,
3076 3351 3334 3405 ἰσοσθενεῖ
3377 3353 3447 3423 τῇ
3502 3349 3705 3425 προθυ-

2062 3446 2161 3519 μίᾳ
2187 3446 2286 3515 τὴν
2320 3446 2549 3520 ἄρουραν
2598 3450 2699 3513 τῆς
2755 3442 2941 3520 σοφίας
2990 3441 3277 3513 τέμνοντές
3308 3460 3367 3494 τε
3415 3438 3505 3494 καὶ
3555 3437 3707 3493 σπεί-

2061 3556 2260 3608 ροντες,
2292 3533 2381 3588 καὶ
2433 3531 2716 3608 πολύχουν
2768 3532 3053 3603 ἀμώμενοι
3082 3531 3173 3584 τὸν
3202 3529 3427 3605 καρπόν.
3463 3525 3715 3603 ’Δνδρείᾳ

2066 3625 2157 3698 μὲν
2191 3622 2281 3677 οὖν
2312 3622 2401 3677 καὶ
2453 3626 2520 3695 τῇ
2560 3623 2695 3695 πρὸς
2741 3621 2807 3675 τὰ
2857 3618 3001 3675 δεινὰ
3042 3619 3297 3693 καρτερίᾳ
3348 3621 3545 3692 μικροῦ
3577 3615 3712 3671 πάν-

2058 3734 2165 3767 των
2201 3710 2487 3785 ὁμηλίκων
2539 3712 2650 3784 (54)
2703 3709 3022 3784 ἐκράτησαν.
3074 3705 3238 3762 Φιλεῖ
3282 3709 3383 3783 γάρ
3415 3708 3450 3775 ἡ
3494 3705 3712 3775 νεότης,

2064 3797 2246 3873 ὥσπερ
2297 3803 2408 3873 (55)
2440 3801 2491 3855 οἱ
2539 3799 2721 3854 πῶλοι
2768 3803 2875 3852 τῶν
2926 3795 3105 3851 ἵππων
3158 3796 3294 3872 πρὸς
3341 3794 3467 3856 τοὺς
3502 3793 3711 3871 ψόφους

2064 3890 2152 3945 καὶ
2190 3891 2284 3951 τὰς
2331 3889 2504 3957 σκιὰς,
2554 3887 2697 3942 οὕτω
2739 3892 2854 3948 τοῖς
2896 3885 3293 3960 ἐπιγινομένοις
3343 3883 3478 3956 αὐτῇ
3515 3880 3713 3958 δυσχε-

2068 3978 2263 4056 ραίνειν
2318 3979 2408 4032 καὶ
2464 3978 2709 4040 ἀνιᾶσθαι
2743 4020 2755 4032 .
2815 3974 2982 4032 Αὐτοὶ
3040 3976 3152 4047 (56)
3214 3972 3525 4028 τούναντίον
3575 3969 3710 4043 ἦσαν

2066 4069 2256 4143 πάγιοι
2311 4065 2399 4121 καὶ
2476 4063 2785 4136 δυσκίνητοι
2842 4064 2977 4137 πρὸς
3047 4064 3115 4116 τὰ
3172 4061 3381 4138 ἀθρόως
3438 4058 3714 4120 πολλάκις

2066 4155 2554 4229 καινοτομούμενα·
2599 4154 2671 4215 ὡς
2718 4152 2808 4207 καὶ
2866 4156 3092 4225 σεισμοῦ
3155 4152 3255 4219 τὴν
3303 4146 3541 4205 Ἑλλάδα
3584 4168 3716 4202 κατ-

308 4248 396 4298 ter
428 4259 648 4298 morem
696 4242 1055 4315 accidebant,
1100 4246 1437 4317 tranquillis
1488 4251 1664 4318 atque
1693 4246 1947 4304 immotis

2066 4244 2355 4323 ειληφότος
2413 4240 2834 4318 μεγαλοψύχους
2881 4240 3075 4301 αὐτοὺς
3150 4239 3296 4315 παρᾶ
3364 4243 3522 4292 πᾶσιν
3577 4235 3715 4290 ἀπο-

311 4331 526 4387 animis
556 4331 922 4403 exciperent:
953 4334 1093 4390 adeo
1116 4338 1181 4389 ut
1211 4336 1386 4391 etiam
1416 4341 1581 4390 terrae
1615 4341 1777 4391 motu
1808 4340 1960 4392 Gran-

312 4422 461 4476 ciam
494 4420 823 4488 invadente,
855 4421 1032 4477 fortes
1063 4422 1361 4494 animique
1385 4423 1783 4495 magnitudine
1814 4442 1958 4496 prea-

312 4514 538 4565 stantes
569 4509 723 4581 apud
754 4526 957 4565 omnes
978 4510 1193 4566 inventi
1218 4512 1354 4575 sint,
1386 4511 1662 4583 dignique
1693 4513 1795 4584 qui
1823 4530 1957 4585 pro-

2068 4331 2375 4409 δειχθῆναι,
2411 4332 2500 4387 καὶ
2543 4335 2650 4386 τῶν
2704 4333 3058 4408 προφητικῶν
3105 4328 3286 4401 ἀξίους
3343 4330 3563 4406 φωνῶν·
3622 4325 3721 4381 Διὰ

2064 4426 2224 4478 τοῦτο
2283 4421 2345 4476 οὐ
2413 4415 2839 4499 φοϐηθησόμεθα
2915 4418 2967 4473 ἐν
3042 4422 3120 4490 τῷ
3185 4416 3542 4494 ταράσσεσθαι
3617 4415 3717 4484 τὴν

2068 4531 2191 4586 γην.

317 4599 564 4671 plieticis
593 4598 786 4655 verbis
818 4603 1155 4656 uterentur:
1188 4606 1491 4673 Propterea
1518 4616 1634 4658 non
1663 4602 2001 4669 timebimus,
2032 4602 2171 4659 dum
2200 4600 2514 4657 turbabitur
2551 4603 2699 4655 terra
2727 4598 2792 4652 ⁸⁸.

385 4750 429 4784 ⁸⁷
462 4750 536 4806 ΙΙΙ
567 4750 707 4823 Reg.
740 4766 900 4822 xvm,
931 4751 1019 4806 39.
1050 4751 1095 4786 ⁸⁸
1127 4716 1280 4808 Psal.
1313 4770 1439 4822 xav,
1466 4754 1519 4808 3.

388 4902 500 4986 (ΖΠ)
529 4904 735 4986 Ἑαυτῷ
764 4901 1193 4986 restituendum
1224 4907 1434 4976 putant
1452 4906 1700 4961 Montac.
1726 4911 1783 4962 et
1802 4908 1969 4963 Com-

322 4974 437 5030 bef.
474 4974 531 5028 in
566 4974 720 5029 notis
751 4974 895 5029 suis.

389 5046 500 5115 (48)
532 5046 788 5101 Combef'.
824 5045 997 5115 legit:
1048 5046 1106 5100 Ὀ
1150 5044 1279 5107 Θεὸς
1330 5046 1577 5107 τοιοῦτός
1606 5046 1768 5104 ἐστιν.
1801 5048 2006 5106 Colb.‘

324 5118 373 5183 1,
405 5117 459 5182 2,
493 5122 549 5171 et
578 5117 672 5171 Or.
707 5133 720 5171 :
755 5117 810 5169 Ὀ
841 5117 968 5176 Θεὸς
1001 5115 1155 5178 οὗτός
1189 5117 1299 5172 ἐστι
1330 5117 1480 5179 Θεός.

393 5187 958 5276 (49,’Ἐκτρικυμίας.
1029 5189 1226 5245 Comb.
1288 5190 1597 5262 legendum
1660 5195 1858 5247 censet
1912 5188 1972 5243 ἐκ

319 5276 772 5417 τρίὶὲξῖιῗιξεάίῑ,
813 5337 877 5417 Et
917 5331 976 5417 in
1024 5331 1582 5417 coddzquibu‘sdam‘
1614 5326 1967 5417 πολυσχεξιῖ,

321 5401 422 5457 sed
454 5399 700 5477 Montac.
718 5406 780 5477 et
809 5404 1061 5477 Combef.
1090 5398 1299 5477 melius
1321 5405 1591 5477 judicant
1617 5398 1968 5477 πολυσῇξιξεῖζ

325 5488 471 5550 nam
508 5475 659 5550 apud
689 5471 1359 5550 _T_'_l160dor-etumA:_c21rAi]
1390 5474 1491 5550 γὰρ
1523 5473 1770 5545 ἀλήθεια,
1802 5471 1972 5527 πολυ-

328 5540 619 5619 σχιδέςξτὸ
676 5541 871 5619 οξεῦδος
917 5546 1005 5619 καὶ
1062 5540 1438 5618 πολύτροπον·
1463 5540 1716 5619 simplex
1741 5540 1891 5603 énim
1920 5551 1972 5602 et

326 5615 560 5672 candida
590 5618 804 5687 veritas,
836 5618 1178 5676 mendacium
1209 5615 1549 5691 multiﬁdum
1577 5615 1628 5675 et
1673 5627 1967 5677 versutum.

2076 4904 2212 4961 Cod.
2247 4904 2305 4958 P.
2338 4902 2613 4974 similiter
2640 4903 2811 4974 habet
2838 4896 3189 4974 πολυσχιδεῖ,
3217 4903 3276 4955 et
3298 4900 3357 4953 in
3382 4901 3502 4955 not.
3536 4911 3723 4968 marg.

2076 4974 2390 5057 πολυμερῆ,
2422 4970 2711 5057 εἷςπολλὰ
2743 4970 3085 5057 έσχισμένοξῖ.
3182 5042 3195 5057 ‘
3262 5041 3284 5057 η
3352 5039 3379 5057 ἢ
3415 5032 3445 5057 ρ
3532 5038 3543 5057 1

2150 5032 2263 5121 (51)
2297 5032 2627 5121 Legendum
2684 5032 2980 5121 existimat
3026 5032 3727 5121 _Corr_1bqf.ﬁe€az'uboe~cgz_i.

2148 5108 2262 5187 (52)
2321 5110 2456 5173 Post
2512 5121 2756 5172 Montac.
2820 5116 2958 5187 legit
3000 5113 3270 5187 _Combef.
3324 5108 3374 5164 ἐν
3428 5108 3600 5184 μέρει,
3653 5112 3733 5166 ita

2078 5183 2206 5245 cod.
2241 5183 2301 5244 P.
2341 5191 2400 5244 In
2434 5189 2789 5261 quibusdam
2823 5183 2960 5242 ed'it.
2996 5183 3047 5238 ὲν
3077 5187 3255 5240 deest.

2152 5262 2264 5306 (52)
2293 5260 2448 5306 Cnlh_
2486 5261 2536 5306 1-
2570 5266 2627 5306 et.
2656 5261 2784 5306 and.
2819 5259 2879 5306 P-
2913 5256 3156 5306 γίνονται
3186 5253 3382 5306 ξυνωοί

2152 5262 2264 5331 (53)
2293 5255 2537 5323 Colbfi,
2570 5266 2627 5315 et
2656 5261 2784 5314 cod.
2819 5259 2880 5313 P.
2913 5256 3156 5342 γίνονται
3186 5255 3436 5337 ξυνωρίς.

2153 5334 2266 5457 (54)
2299 5331 2514 5385 Πάντων
2548 5327 2859 5401 ὁμιλήκων,
2893 5346 2976 5439 8‘10
3027 5346 3084 5384 1n
3142 5329 3284 5383 edlt.
3318 5342 3331 5380 ἒ
3367 5334 3426 5381 at
3462 5323 3631 5380 codd.
3666 5327 3731 5379 P.

2181 5405 2235 5457 b.
2272 5405 2322 5457 1.
2353 5407 2410 5457 2.
2441 5408 2499 5457 et
2528 5402 2621 5457 0r.
2656 5399 2963 5457 ὁμηλίκων.

2078 5399 2251 5460 Colb.
2272 5405 2322 5466 1,
2353 5407 2410 5467 2,
2441 5408 2499 5457 et
2528 5399 2621 5459 Οὐ.
2656 5399 2963 5474 ὁμηλίκων.

2080 5545 2102 5564 ἵ
2150 5476 2261 5564 (55)
2297 5475 2378 5529 [tu
2407 5474 2566 5529 Colb.
2602 5475 2656 5529 1.
2700 5477 2761 5529 In
2789 5474 2927 5529 edit.
2960 5471 3056 5531 ὡς.
3087 5474 3215 5525 Mox
3245 5469 3374 5524 cod.
3410 5468 3467 5524 P.
3502 5466 3555 5520 οἱ
3586 5462 3725 5519 πολ-

2080 5545 2263 5691 λο(55)
2290 5616 2383 5673 Sic
2412 5615 2572 5672 Colb.
2610 5618 2660 5673 1.
2696 5619 2757 5673 In
2790 5617 2928 5674 edit.
2952 5610 3342 5683 autem,A61:oi
3365 5607 3445 5668 δέ.
