4096 6288
319 332 436 392 255

323 552 540 620 lebant,
572 557 847 626 tantoque
878 555 1298 628 Antisthenem,
1322 563 1374 613 et
1405 558 1741 631 Diogenem,
1766 564 1821 614 et
1844 562 1971 614 Cra-

320 646 520 713 tetem,
577 643 876 700 intervallo
935 648 1353 716 praecedebant,
1407 653 1471 702 ut
1519 666 1720 704 eorum
1767 649 1970 704 laudes

321 730 737 802 magniﬁcique
761 733 909 788 tituli
936 752 1036 805 pro
1063 736 1236 791 meris
1260 737 1432 807 nugis
1460 738 1837 792 haberentur.
1860 738 1966 792 Ne-

324 836 440 891 que
471 819 624 874 enim
657 821 855 878 minus
888 840 1062 893 quam
1097 823 1176 877 illi
1210 842 1345 896 opes
1379 827 1887 898 aspernabantur:
1915 829 1968 880 et

323 909 771 964 ostentationem
822 909 1076 979 interim,
1112 913 1418 984 inanisque
1463 914 1657 986 glorias
1707 915 1969 970 studium

323 996 525 1069 procul
547 997 894 1069 ablegabant
925 1018 937 1055 :
973 1018 1086 1072 quo
1117 1002 1253 1059 vitio
1294 1004 1619 1059 admirandi
1668 1003 1752 1058 illi
1799 1019 1972 1059 canes

325 1085 694 1156 tenebantur,
722 1087 974 1159 publicis
1005 1093 1331 1164 praeconiis,
1365 1092 1844 1164 reliquorumque
1875 1092 1973 1147 ho-

327 1175 556 1230 minum
589 1177 1428 1254 contemptione,philosophite
1450 1183 1793 1254 gravitatem
1820 1181 1972 1238 labe-

332 1265 616 1320 factantes
648 1271 705 1321 et
735 1267 1082 1325 obterentes.

390 1355 417 1409 J
425 1370 516 1409 am
537 1354 607 1410 de
629 1355 936 1427 prudentia
953 1361 1008 1412 et
1032 1359 1321 1430 sapientia
1341 1360 1480 1432 quid
1507 1360 1714 1416 attinet
1736 1359 1927 1416 dicere
1943 1359 1970 1415 ‘?

326 1448 467 1498 Cum
499 1445 691 1500 omnis
721 1445 854 1514 vita,
891 1464 1007 1502 una
1037 1446 1152 1503 illis
1182 1449 1481 1505 meditatio
1513 1454 1685 1520 esset,
1715 1467 1780 1505 ac
1809 1449 1971 1521 cupi-

324 1532 479 1588 ditas
509 1539 683 1588 noctu
733 1534 949 1606 diuque
980 1537 1108 1608 ejus
1139 1536 1524 1609 adipiscendae
1555 1538 1843 1594 desiderio
1883 1539 1970 1593 in-

321 1625 503 1691 tenta,
529 1639 643 1677 non
669 1639 836 1679 secus
861 1629 1033 1694 atque
1054 1624 1260 1697 iis,qui
1276 1627 1598 1682 thesaurum
1617 1627 1880 1699 eﬂodiunt
1902 1627 1968 1694 9‘,

325 1714 390 1765 ut
421 1710 610 1766 verbis
633 1711 741 1766 Job
773 1716 921 1768 utar.
957 1714 1136 1770 Probe
1176 1716 1392 1771 etenim
1433 1720 1713 1772 noverant
1754 1716 1968 1788 egregii

1443 337 1626 399 VITA
1675 339 1741 398 S.
1790 338 2158 399 GREGUBH
2203 338 2598 401 THEOLOGI

317 463 554 520 virtutis
587 464 729 520 fines
790 467 1195 523 consistentes.
1225 469 1427 542 Inopia
1456 474 1650 525 autem
1672 469 1751 524 ita
1781 470 1962 526 excel-

2095 467 2218 524 ιῦτω
2273 476 2373 539 τῆς
2421 471 2790 534 Ἀντισθένους
2847 471 2935 525 καὶ
2994 471 3271 546 Διογένους
3329 467 3418 524 καί

3607 339 3728 399 256

3505 470 3726 545 Κράτη-

2076 580 2170 620 τος
2197 561 2308 633 (64)
2342 560 2742 636 ὑπερήρθησαν,
2793 561 2866 622 ὡς
2917 557 3132 614 παιδιὰν
3166 559 3440 636 ἀποφῆναι
3489 560 3556 613 τὰ
3588 557 3729 613 ἐκεί-

2077 670 2181 703 νων
2235 648 2714 725 σεμνολογήματα.
2768 652 2933 704 γΠσαν
2979 650 3081 724 γὰρ
3129 648 3303 720 ἐξίσου
3357 650 3451 721 μὲν
3504 648 3728 711 ἐκείνοις

2079 737 2368 808 κτημάτων
2421 739 2918 815 ὑπερφρονοῦντες,
2967 737 3279 806 ἀλαζονείαν
3333 736 3391 792 δὲ
3436 738 3523 792 xui
3572 759 3726 791 κενο-

2081 823 2257 896 δοξίαν
2318 829 2428 900 (65)
2488 826 2913 899 ἀποσειόμενοι·
2971 829 3054 889 αἷς
3137 829 3249 900 (66)
3317 826 3367 880 oi
3429 827 3728 897 θαυμαστοὶ

2079 913 2230 976 κύνες
2260 913 2524 986 ἑάλωσαν,
2557 914 2846 988 δημοσίοις
2895 915 3208 992 κηρύγμασι
3254 915 3341 969 καὶ
3373 921 3481 970 τῶν
3517 913 3723 969 λοιπῶν

2079 1002 2372 1078 ἀνθρώπων
2408 1004 2673 1080 ὑπεροψίᾳ
2700 1005 2763 1059 τὸ
2794 1011 2892 1074 τῆς
2943 1003 3265 1081 φιλοσοφίας
3314 1003 3504 1076 σεμνὸν
3541 1001 3723 1077 λυμη-

2079 1092 2303 1165 νάμενοι
2335 1096 2466 1166 (67).

2153 1361 2480 1432 Φρονήσεως
2533 1355 2591 1415 δὲ
2636 1355 2811 1415 ἕνεκεν
2861 1358 2912 1414 τί
2958 1360 3072 1435 χρὴ
3128 1359 3216 1413 καὶ
3261 1355 3440 1433 λέγειν
3471 1377 3485 1428 ;
3517 1359 3598 1421 οἷς
3633 1357 3734 1431 μία

2085 1445 2286 1520 μελέτη
2336 1449 2473 1510 ἅπας
2523 1450 2551 1504 ὁ
2600 1447 2715 1524 βίος
2767 1451 2902 1522 (68),
2947 1449 3036 1504 καὶ
3087 1444 3264 1525 ἔφεσις
3314 1445 3554 1518 ἅληκτος
3604 1448 3732 1523 περὶ

2079 1537 2177 1605 τῆν
2211 1536 2376 1606 αὐτῆς
2407 1545 2597 1608 κτῆσιν
2647 1536 2860 1594 έτέτατο
2906 1537 2995 1592 xui
3044 1535 3254 1614 νύκτωρ
3305 1535 3393 1592 καὶ
3440 1537 3556 1601 καθ’
3594 1536 3734 1605 ἡμέ-

2083 1645 2198 1701 ραν,
2277 1624 2457 1702 ὥσπερ
2534 1627 2801 1703 θησαυρὸν
2879 1626 3276 1701 όνορύττουσι,
3352 1624 3485 1681 καθά
3564 1646 3729 1703 φησιν

2078 1711 2201 1770 Ἰὼϐ
2233 1716 2260 1770 ὁ
2295 1717 2578 1792 μακάριος.
2620 1714 2695 1771 Εῦ
2742 1717 2845 1792 γὰρ
2894 1713 3112 1791 ᾔδεισαν
3146 1715 3196 1770 οἱ
3244 1711 3510 1791 γεννάδαι,
3565 1713 3650 1769 ὅτι
3701 1715 3730 1770 ὁ

320 1799 431 1854 viri
477 1799 735 1856 laborem
774 1802 834 1856 in
867 1803 1242 1860 meditatione
1291 1805 1452 1877 prius
1503 1806 1857 1876 impensum,
1910 1806 1969 1860 in

2095 1805 2132 1859 ἓν
2160 1804 2228 1879 τῇ
2264 1803 2463 1879 μελέτῃ
2489 1803 2884 1879 προδανεισθεὶς
2935 1805 3096 1867 πόνος
3147 1804 3198 1858 έν
3247 1805 3318 1875 τῇ
3355 1801 3592 1877 διαμονῇ
3637 1803 3731 1858 καὶ

324 1891 754 1961 perseverantia
793 1892 1164 1965 scientiaeque
1212 1895 1477 1951 ubertate
1525 1899 1582 1950 et
1625 1896 1807 1967 copia,
1852 1894 1967 1950 vim

324 1993 492 2033 suam
519 1980 794 2049 proferre.
827 1982 908 2036 Ex
933 1998 1044 2052 quo
1063 1985 1544 2054 assequebantur,
1573 1988 1634 2038 ut
1660 2001 1775 2038 non
1797 1984 1969 2038 modo

326 2066 577 2137 aequales
605 2086 763 2136 suos,
796 2072 895 2125 sed
919 2077 973 2127 et
1003 2072 1286 2142 plurimos
1309 2078 1447 2127 natu
1489 2075 1738 2144 majores
1781 2072 1966 2128 nomi-

325 2155 417 2211 nis
448 2156 756 2228 splendore
786 2167 1148 2230 superarent,
1182 2167 1308 2216 tum
1343 2168 1576 2234 propter
1606 2162 1865 2217 laborem
1914 2165 1970 2217 et

321 2244 675 2302 industriam
704 2256 1036 2321 naturaeque
1067 2251 1406 2320 bonitatem,
1455 2256 1578 2307 tum
1610 2252 1784 2306 etiam
1837 2251 1971 2322 quia

328 2334 387 2388 in
418 2334 796 2391 honestarum
832 2343 1059 2394 tantum
1092 2339 1575 2413 laudabilumque
1608 2357 1802 2396 rerum
1844 2345 1968 2395 stu-

326 2423 490 2478 dium
524 2424 945 2482 incumbebant.
977 2429 1166 2499 Atque
1188 2428 1245 2483 in
1279 2434 1400 2484 tota
1418 2429 1652 2500 quidem
1677 2446 1970 2501 gramma-

326 2510 442 2566 tica
471 2510 616 2565 nihil
640 2513 877 2568 omnino
895 2530 992 2569 eos
1018 2515 1183 2586 fugit,
1214 2532 1327 2571 non
1353 2522 1670 2571 metrorum
1709 2515 1970 2584 scientia,

328 2616 444 2655 non
479 2599 688 2670 poetici
721 2602 882 2673 scopi
912 2608 968 2658 et
1009 2604 1180 2675 tropi,
1214 2605 1594 2660 nonhistoriae
1636 2606 1824 2676 copia,
1857 2621 1972 2659 non

330 2688 579 2743 forensis
611 2690 881 2747 dictionis
912 2692 1155 2762 puritas.
1190 2697 1253 2748 In
1298 2693 1586 2749 rhetorica
1616 2699 1813 2749 autem
1846 2710 1974 2748 eam

326 2777 610 2833 rationem
644 2777 993 2849 habuerunt,
1031 2786 1094 2836 ut
1125 2783 1433 2838 verborum
1474 2783 1760 2854 elegantia
1777 2784 1973 2837 decer-

326 2869 426 2937 pta
455 2871 627 2938 atque
657 2868 895 2924 collecta
933 2869 1245 2926 falsitatem
1297 2872 1485 2943 ipsius
1541 2872 1978 2941 mentiendique

326 2953 631 3012 libidinem
680 2957 945 3014 vitarent.
998 2959 1429 3031 Philosophiam
1466 2977 1654 3031 porro,
1699 2965 1817 3014 tam
1849 2976 1976 3014 eam

331 3060 456 3115 quaa
491 3044 549 3100 in
585 3047 867 3115 moribus,
914 3065 1089 3120 quam
1123 3067 1248 3121 quae
1272 3049 1329 3104 in
1363 3049 1593 3121 placitis
1615 3054 1672 3105 et
1698 3049 1976 3118 doctrina,

331 3134 683 3206 medicaeque
714 3136 1062 3193 indicatione
1107 3144 1164 3193 et
1209 3139 1646 3195 ratiocinatione
1690 3143 1975 3204 versatur,

2075 1899 2155 1966 τῷ
2184 1893 2384 1965 πλήθει
2413 1902 2512 1964 τῆς
2544 1896 2796 1970 γνώσεως
2825 1896 2923 1965 τὴν
2977 1893 3133 1970 ἰσχὺν
3168 1890 3497 1949 ἀποδίδωσιν
3518 1938 3530 1950 .
3569 1892 3729 1950 Οὕτω

2082 1983 2175 2056 μὲν
2224 1983 2317 2037 οὗν
2377 1984 2605 2060 ὑπῆρξεν
2665 1983 2848 2046 αὐτοῖς
2903 1989 3008 2039 τῶν
3069 2005 3126 2038 τε
3178 1983 3294 2038 καθ’
3352 1982 3572 2043 έαυτοὺς
3631 1982 3724 2035 καὶ

2078 2071 2348 2127 πλείστων
2400 2075 2768 2150 ἀρχαιοτέρων
2824 2072 3232 2144 εὐκλεεστέρους
3283 2070 3525 2146 γενέσθαι
3571 2069 3725 2142 πόνῳ

2076 2183 2135 2216 τε
2163 2161 2252 2216 καὶ
2285 2160 2550 2236 εὐκληρίᾳ
2598 2163 2830 2240 φύσεως,
2879 2163 2969 2216 xui
3015 2167 3093 2233 τῷ
3138 2160 3263 2234 περὶ
3309 2161 3377 2214 τὰ
3403 2158 3547 2214 καλὰ
3590 2159 3730 2231 μόνα

2079 2248 2483 2306 ἐσπουδακέναι.
2519 2258 2912 2327 Γραμματικῆς
2950 2251 3043 2323 μὲν
3097 2250 3186 2304 οὖν
3220 2248 3404 2310 αὐτοῖς
3445 2245 3726 2304 οὐδοτιοῦν

2080 2344 2303 2414 παρεῖτο
2355 2339 2548 2408 λαθὸν,
2600 2339 2661 2393 οὐ
2725 2341 2934 2412 μέτρων
2981 2338 3283 2409 ἐπιστήμη,
3344 2337 3406 2392 οὐ
3447 2336 3730 2406 ποιητικοὶ

2081 2427 2274 2482 σκοποὶ
2306 2429 2394 2481 καὶ
2427 2428 2639 2504 τρόποι,
2696 2429 2803 2503 οὐχ
2841 2427 3078 2502 ἱστορίας
3125 2427 3365 2494 πλῆθος,
3416 2426 3477 2480 οὐ
3517 2423 3733 2479 πολιτι-

2079 2520 2180 2586 κῆς
2230 2513 2423 2586 λέξεως
2468 2516 2808 2589 καθαρότης·
2845 2516 3143 2592 ῥητορικῆς
3196 2514 3253 2570 δὲ
3303 2516 3364 2570 τὸ
3422 2522 3522 2584 τῆς
3581 2515 3734 2591 φρά-

2085 2626 2217 2667 σεως
2277 2603 2483 2666 κάλλος
2541 2605 2998 2678 ἀπανθησάμενοι,
3054 2605 3116 2659 τὸ
3174 2602 3375 2678 ψεῦδοσ
3433 2601 3730 2674 ἐξέκλιναν·

2084 2694 2406 2773 φιλοσοφίας
2459 2692 2516 2748 δὲ
2564 2696 2787 2764 ἠθικῆς,
2818 2694 2907 2748 καὶ
2940 2692 3037 2763 ὅση
3096 2692 3145 2747 ἐν
3182 2690 3412 2767 δόγμασι
3444 2692 3533 2745 καὶ
3565 2693 3735 2765 ἱατρι-

2085 2786 2183 2850 κῆς
2219 2779 2458 2854 ἔνδειξιν,
2504 2783 2591 2837 καὶ
2637 2781 3040 2857 ἀναλογισμῶν,
3093 2781 3154 2835 οὐ
3208 2780 3400 2856 μέχρις
3446 2778 3732 2851 ἐλευθέρου

2090 2871 2350 2946 μετέσχον
2391 2868 2746 2937 παιδεύσεως,
2802 2872 2878 2932 ὡς
2928 2871 2986 2925 ἂν
3043 2872 3118 2944 μὴ
3173 2868 3405 2924 ἰδιωτῶν
3457 2868 3619 2941 μόνον
3671 2870 3734 2922 τὸ

2130 2959 2187 3015 >ι
2550 2958 2686 3014 six
2806 2961 2864 3014 θ’
3104 2960 3118 2978 κ
3289 2956 3316 3012 δ
3451 2957 3463 2972 ε
3580 2954 3677 2974 ε·

2086 2981 2251 3015 πλεοον
2309 2981 2509 3036 εχαεν,
2665 2982 2696 3014 α
2733 2981 2800 3014 κα
2839 2980 2972 3035 απερ
3015 2979 3156 3020 τινες
3187 2980 3281 3013 παι
3323 2979 3467 3012 ευται
3506 2979 3594 3011 και
3650 2973 3735 3011 Οι-

2089 3047 2348 3104 δάσκαλοι
2383 3047 2593 3123 ἄριστοι
2625 3050 2758 3122 (69).
2808 3054 2914 3117 Τῆς
2957 3046 3000 3102 δ’
3047 3047 3112 3102 αὖ
3162 3054 3427 3120 μουσικῆς
3469 3045 3593 3100 ὅσον
3639 3047 3734 3118 μὶν

2087 3138 2316 3214 ἀρχαῖον
2367 3138 2456 3192 καὶ
2505 3136 2823 3212 ἐναρμόνιον
2883 3135 3226 3208 ἐκμαθόντες,
3284 3136 3347 3190 τὸ
3402 3142 3502 3204 τῆς
3550 3137 3736 3210 ψυχῆς

333 3240 448 3278 non
481 3223 702 3279 liberali
735 3229 961 3281 tantum
1007 3227 1326 3283 eruditione
1366 3233 1538 3283 tenus
1571 3232 1974 3300 perceperunt,

2095 3224 2370 3299 θυμοειδές
2434 3247 2492 3280 τε
2548 3226 2637 3280 καὶ
2714 3223 3068 3289 δυσκάθεκτον
3127 3223 3487 3297 έξεμάλασσον
3525 3243 3536 3256 ’
3571 3223 3632 3277 τὸ
3692 3220 3739 3276 δ’

333 3328 408 3366 ne
461 3311 709 3367 indoctis
757 3314 1038 3370 duntaxat
1085 3316 1414 3386 superiores
1465 3323 1662 3372 essent
1710 3333 1722 3371 :
1779 3331 1978 3370 verum

332 3401 826 3471 quemadmodum
842 3408 1205 3475 preceptores
1219 3404 1982 3476 quidam,praestantissimi-

335 3505 446 3559 que
477 3490 760 3545 doctores.
791 3491 922 3547 Jam
957 3492 1014 3546 in
1048 3493 1272 3549 musica
1311 3494 1394 3548 ita
1439 3511 1499 3549 se
1547 3499 1981 3565 compararunt,

335 3580 400 3631 ut
430 3578 714 3648 quidquid
741 3579 798 3634 in
826 3597 892 3635 ea
920 3581 1140 3652 antiqui
1174 3587 1230 3636 et
1259 3582 1527 3637 concinni
1557 3588 1645 3638 est
1673 3584 1982 3638 addiscen-

333 3670 442 3733 tes,
476 3684 602 3722 eam
632 3669 838 3724 animae
873 3676 1116 3741 partem,
1153 3672 1207 3725 in
1242 3690 1353 3740 qua
1400 3673 1617 3727 irarum
1649 3672 1875 3728 exsistit
1897 3690 1987 3727 ar-

339 3755 442 3811 dor
473 3756 818 3827 ell‘renisque
841 3759 1116 3830 impetus,
1149 3760 1476 3816 emollirent
1511 3778 1522 3815 :
1561 3761 1844 3831 quidquid
1890 3779 1989 3816 au-

339 3847 456 3899 tem
489 3845 560 3900 ad
591 3845 946 3918 voluptatem
974 3848 1243 3919 impellit,
1278 3850 1347 3902 ad
1383 3849 1609 3904 theatra
1639 3849 1983 3921 relegerent.

339 3934 666 3997 Quinetiam
701 3953 1077 3993 numerorum
1109 3937 1638 4011 supputationes,et
1659 3939 1987 4010 geometriae

339 4027 1076 4100 aequitatem,siderumque
1099 4030 1277 4085 situm
1301 4047 1366 4084 ac
1399 4034 1644 4096 motum,
1677 4028 1835 4085 velut
1858 4028 1988 4084 novi

341 4115 568 4188 Moyses
599 4121 656 4171 et
705 4117 925 4190 Daniel,
958 4119 1147 4173 edocti
1195 4124 1333 4174 sunt
1366 4119 1447 4174 ita
1495 4124 1690 4174 tamen
1751 4124 1816 4173 ut
1872 4136 1987 4173 non

338 4207 460 4258 tam
493 4205 564 4259 ab
590 4204 707 4260 illis
729 4206 1102 4277 ducerentur,
1145 4223 1347 4278 quam,
1378 4209 1533 4279 quod
1565 4208 1640 4262 ait
1666 4207 1985 4279 Scriptura,

337 4293 684 4348 intellectum
712 4310 924 4350 omnem
956 4297 1017 4350 in
1043 4297 1424 4367 captivitatem
1471 4296 1781 4367 redigerent
1806 4299 1868 4352 in
1896 4298 1988 4353 ob-

409 4429 452 4464 "
480 4427 610 4483 Job.
643 4444 728 4492 ιιι,
757 4429 846 4483 21.

412 4561 630 4616 Dolium
658 4560 1246 4632 versatile,ventorum
1277 4561 1332 4614 vi
1357 4561 1693 4632 expositum;

411 4633 559 4699 Quod
590 4631 807 4703 quidem
831 4634 886 4688 ei
914 4631 1164 4688 domibus
1194 4647 1330 4687 auro
1362 4634 1516 4687 tectis
1547 4636 1664 4688 erat

407 4705 733 4760 Pretiosius.
746 4744 757 4756 .
769 4744 780 4757 .
794 4743 804 4755 .
816 4745 828 4757 .

408 4775 595 4829 Crates
623 4775 905 4840 similiter,
924 4789 1051 4828 cum
1078 4773 1291 4829 divitiis
1321 4775 1582 4830 altiorem

406 4847 472 4902 Se
509 4847 798 4917 praberet,
837 4862 901 4901 ac
945 4860 1068 4916 opes
1114 4861 1240 4900 suas
1290 4849 1478 4918 pecori
1519 4847 1814 4918 pascendos
1860 4848 1986 4902 reli-

408 4990 468 5045 Ut
495 4990 761 5061 nequitiae
789 4988 1148 5061 administras
1181 5003 1245 5043 ac
1271 5004 1597 5060 corporum;
1672 4922 1911 4991 [quisset'

413 5060 586 5114 .4rani
613 5060 932 5125 ascendens,
959 5075 1159 5128 magno
1189 5061 1463 5130 praeconio

409 5132 660 5202 Seipsum
684 5136 744 5186 ut
771 5133 833 5186 in
858 5131 1041 5186 media
1073 5130 1323 5202 Olympia
1353 5134 1714 5199 renuntiavit,

410 5205 659 5258 Mirabile
688 5203 830 5257 illud
857 5203 1065 5257 dictum
1097 5204 1441 5271 proclamans
1469 5221 1488 5256 .-

415 5278 604 5329 Crates
631 5274 894 5329 Cratetem
925 5275 1214 5330 Thebmum
1245 5274 1497 5329 libertate
1524 5273 1690 5328 donat
1701 5290 1719 5333 .-

407 5346 742 5401 Servitutem
770 5362 882 5400 esse
906 5346 1106 5400 ducens
1136 5361 1380 5400 amorem
1407 5345 1675 5415 pecuniae.

407 5439 478 5491 At
508 5438 640 5506 quis
653 5437 895 5491 virtutes
915 5434 1396 5507 philosophorum
1422 5434 1655 5488 illorum
1673 5449 1838 5507 veras
1862 5450 1990 5507 esse

335 5508 610 5574 virtutes;
637 5509 768 5578 quis
794 5506 928 5560 illos
951 5524 1068 5561 rem
1093 5506 1302 5578 benam
1332 5507 1473 5578 bene
1494 5510 1722 5578 secutos
1741 5506 1992 5578 dixerit?

336 5581 460 5638 Non
493 5576 978 5651 cz‘rte’Gregorius
1006 5577 1103 5650 qui
1129 5577 1300 5649 paulo
1327 5577 1483 5632 intra
1505 5577 1587 5631 sic
1611 5576 1870 5649 loquitur
1902 5596 1917 5636 :

411 5671 630 5741 Πρῶτον
676 5667 768 5741 μὲν
803 5667 863 5722 οὐ
883 5664 1075 5741 ⁸ξιιιλῷς
1121 5664 1182 5741 τὸ
1213 5663 1395 5741 καλῴς
1427 5664 1488 5741 τὸ
1516 5663 1680 5722 καλὸν
1709 5663 1988 5741 μετῄεσαν.

416 5687 452 5722 Η
497 5688 630 5722 ωῖον
676 5687 768 5740 μεἸ
803 5689 863 5722 Ου
898 5687 1075 5727 κκΛως
1121 5687 1182 5721 το
1213 5687 1395 5727 καΛως
1427 5687 1488 5718 ἰο
1516 5687 1579 5719 κα

416 5687 613 5800 [litim
644 5740 746 5819 γὰρ
783 5742 848 5811 ἦν
881 5734 1095 5809 ἔνδειξις
1123 5737 1159 5809 ἢ
1189 5733 1361 5794 καλοῦ
1390 5735 1579 5803 πόθος,

2091 3316 2212 3370 ὅσον
2263 3316 2397 3390 πρὸς
2447 3312 2653 3384 ἡδονὴν
2695 3315 2842 3391 φέρει
2890 3318 3007 3374 ταῖς
3057 3319 3276 3383 σκηναῖς
3326 3310 3736 3386 ἀπεπέμψαντο.

2088 3406 2364 3479 Ἀριθμῶν
2427 3401 2485 3457 δὲ
2542 3402 2862 3478 λογισμοὺς,
2920 3401 3010 3455 καὶ
3066 3401 3402 3476 γεωμετρίας
3465 3401 3733 3470 ἰσότητα,

2091 3492 2178 3548 καὶ
2211 3493 2418 3563 ἄστρων
2471 3491 2611 3555 θέσιν
2662 3491 2749 3544 xui
2799 3493 3031 3560 κίνησιν,
3072 3491 3311 3565 καθάπερ
3343 3489 3455 3544 νέοι
3502 3495 3738 3557 Μωϋσῆς

2089 3603 2149 3635 τε
2174 3583 2262 3635 καὶ
2296 3579 2521 3651 Δανιὴλ,
2573 3578 3000 3646 ἐκπαιδεύονται,
3055 3579 3116 3633 οὐ
3147 3579 3284 3654 πρὸς
3335 3578 3552 3633 ἐκείνων
3600 3576 3742 3649 μᾶλ-

2095 3668 2187 3724 λον
2223 3670 2499 3746 ἀγόμενοι,
2532 3670 2658 3724 ἀλλ’
2700 3666 3206 3744 αἰχμαλωτίζοντες
3256 3668 3392 3721 κατά
3417 3668 3479 3721 τὸ
3509 3687 3742 3742 γεγραμο

2099 3760 2256 3831 μένον
2316 3763 2418 3813 πᾶν
2477 3758 2659 3830 νόημα
2718 3757 2793 3819 είς
2851 3759 2948 3824 τὴν
3022 3757 3263 3823 ὑπακοὴν
3319 3759 3416 3808 τοῦ
3476 3759 3741 3830 Χριστοῦ·

2093 3845 2302 3908 κάλλος
2354 3867 2413 3901 τε
2458 3847 2547 3899 καὶ
2611 3845 2814 3912 σκέπην
2865 3853 2967 3914 τῆς
3017 3846 3240 3921 πρώτης
3299 3843 3488 3920 σοφίας
3544 3842 3745 3912 ταύτην

2094 3937 2389 4009 τιθέμενοι.
2425 3935 2520 3989 Καὶ
2555 3933 2643 3989 διά
2670 3933 2906 4004 πάντων,
2934 3934 3009 3995 ὡς
3059 3931 3185 3994 ἔπος
3235 3932 3424 3997 εἰπεῖν,
3469 3927 3743 4003 ἐϐάδισαν,

2102 4023 2394 4100 βελτιόνων
2449 4045 2508 4078 τε
2561 4025 2650 4078 xui
2694 4023 2977 4098 χειρόνων·
3022 4021 3160 4076 ὥστε
3204 4023 3271 4076 τὰ
3316 4024 3407 4095 γὲν
3459 4019 3603 4096 ἔχειν
3650 4042 3746 4098 φυ-

2095 4119 2228 4190 γεῖν,
2259 4114 2327 4168 τὰ
2356 4111 2413 4167 δὲ
2443 4110 2656 4168 ἑλέσθαι
2709 4113 2843 4184 μετὰ
2887 4112 3167 4172 συνέσεως.
3221 4111 3457 4164 Ἐπαινῶ
3502 4111 3605 4184 γὰρ
3652 4109 3747 4164 τὸν

2098 4203 2338 4271 εἰπόντα,
2394 4201 2490 4256 κᾶν
2550 4200 2772 4276 θύραθεν
2832 4195 3025 4269 ἕστηκε
3078 4201 3180 4267 τῆς
3236 4198 3507 4273 ἡμετέρας
3544 4196 3743 4266 αὐλῆς·

2098 4291 2170 4347 Οὐ
2195 4294 2296 4369 γὰρ
2327 4290 2387 4346 τό
2417 4311 2481 4366 γε
2510 4292 2622 4364 (70)
2670 4287 2870 4365 γνῶναί
2915 4310 2967 4343 τι
3015 4291 3123 4341 τῶν
3169 4287 3245 4360 μὴ
3287 4285 3471 4342 καλῶν
3522 4287 3742 4360 ἄτιμον·

2015 4569 2062 4634 Ι)
2165 4562 2351 4634 Primo
2381 4559 2597 4631 quidem
2625 4574 2735 4614 non
2763 4561 3144 4634 recterectum
3174 4557 3539 4634 secutisunt:

2162 4633 2331 4704 Magis
2359 4628 2511 4688 enim
2536 4639 2656 4687 erat
2671 4630 2984 4698 ostentatio,
3005 4645 3172 4701 quam
3212 4628 3468 4684 studium
3501 4628 3747 4684 virtutis.

2187 4740 2279 4808 64)
2309 4744 2418 4794 Pro
2449 4737 2750 4808 Κράτητος,
2782 4737 2910 4808 cod.
2944 4736 3006 4792 P.
3040 4734 3216 4792 habet
3246 4733 3595 4808 Σωκράτους.

2187 4740 2257 4794 64
2309 4744 2418 4794 Pro
2449 4743 2492 4792 K
2529 4739 2750 4805 ἀτητος,
2782 4739 2910 4792 cod.

2165 4739 2279 4883 E65)
2308 4756 2540 4883 ϐοά-13.
2571 4805 2926 4883 καινοδοξίαν,

2320 4884 2408 4937 Ita.
2432 4880 2596 4955 Coll).
2716 4884 2778 4937 In
2804 4875 2948 4955 iedit.
2984 4875 3086 4938 οἷς.

2165 4944 2282 5026 (6η
2335 4951 2472 5010 Cod.
2531 4953 2588 5009 P.
2636 4944 3050 5025 λοιμευόμενοι,
3107 4948 3435 5018 contagione
3495 4949 3751 5020 inﬁcien-

2098 5029 2197 5080 tes.

2169 5095 2277 5166 (68)
2331 5094 2421 5154 Οἷς
2477 5092 2591 5166 μία,
2623 5098 2731 5150 etc.
2795 5091 3023 5166 Blllius
3055 5091 3140 5166 sic
3170 5091 3503 5166 reddiderat
3549 5107 3562 5145 :
3616 5089 3754 5166 Cum

2097 5163 2205 5237 ipsi
2236 5163 2342 5222 toto
2370 5163 2505 5223 vitae
2532 5167 2709 5237 spatio
2746 5164 2895 5220 nihil
2943 5163 3099 5237 aliud
3126 5163 3384 5237 meditati
3412 5164 3543 5230 sint,
3591 5165 3752 5236 cupi-

2135 5241 2426 5309 itatemque
2455 5234 2670 5292 omnem
2701 5254 2858 5292 suam
2879 5238 2940 5291 in
2959 5235 3076 5308 ejus
3106 5234 3391 5308 adeptione
3413 5238 3578 5291 noctu
3589 5234 3756 5309 atque

2097 5310 2344 5364 interdiu
2373 5309 2612 5379 deﬁxam
2641 5309 2955 5379 habuerint.

2170 5382 2283 5452 (69)
2306 5371 2484 5437 Codd.
2519 5381 2614 5436 ΟΡ.
2647 5384 2706 5452 et
2735 5381 2795 5436 P.
2829 5377 2918 5452 xui
2951 5373 3378 5452 διδασκάλων-οξ,
3407 5371 3639 5452 ἄριστοι.

2173 5382 2260 5452 [69
2306 5382 2484 5437 Codd.
2519 5382 2614 5436 0r.
2647 5384 2706 5436 et
2735 5382 2795 5436 P.
2829 5382 2918 5432 xui
2951 5382 3291 5431 διδασκάλων
3325 5382 3378 5430 οἱ
3407 5382 3639 5452 ἄριστοι.

2173 5382 2283 5523 (7οζ
2316 5453 2452 5507 Cod.
2486 5457 2580 5508 0r.
2613 5450 2754 5507 τότε.
2805 5451 2898 5507 Sic
2949 5453 3197 5523 verterat
3246 5448 3448 5523 Billius
3481 5464 3495 5506 :
3527 5449 3755 5506 Minime

2097 5521 2258 5594 turpe
2287 5532 2449 5594 atque
2496 5525 2924 5589 ignominiosum
2979 5537 3090 5578 esse
3129 5521 3348 5594 aliquid
3391 5536 3581 5594 eorum
3626 5536 3754 5594 quae

2097 5598 2284 5651 minus
2317 5593 2539 5650 hbuesta
2567 5605 2717 5664 sunt,
2739 5595 3022 5663 wgnitum
3053 5593 3268 5650 habere.
3320 5593 3557 5652 Brevior
3583 5593 3753 5651 Gem-

2101 5667 2289 5724 beﬁsii
2311 5667 2730 5741 interpretatio,
2761 5683 2941 5739 quam
2970 5665 3403 5738 adoptavimus.
