4096 6288
318 402 418 461 257

1309 401 1677 463 AUGTORE
1722 400 2122 462 GBEGOllIO
2170 400 2710 462 PRESBYTERO.

3592 402 3714 464 258

318 532 431 589 ἀλλ’
460 530 594 587 ἴασιν
627 530 679 602 ἐξ
710 531 881 588 αὐτοῦ
929 526 1313 607 συμϐαίνεσθαι
1345 535 1456 607 (71)
1484 537 1601 595 τοῖς
1654 533 1730 607 μὴ
1776 532 1956 611 φθόνῳ

2092 536 2317 605 *equium
2349 534 2560 590 Clu‘isti
2587 536 2654 603 99,
2691 541 2864 605 atque
2899 534 3049 590 hanc
3093 534 3382 607 primaria:
3413 535 3712 608 sapientiae

317 622 371 678 τὰ
394 621 681 699 λεγόμενα,
714 621 844 679 ἀλλ’
875 621 1054 695 εὐνοίᾳ
1081 620 1425 699 δεχομένοις.

2052 619 2557 694 pulchritudinem
2588 626 3113 695 tegumentumque
3135 626 3477 679 statuerent.
3509 626 3587 681 Ac
3614 641 3717 696 per

322 713 526 780 omnia,
557 718 624 769 ut
652 716 736 769 ita
767 712 992 786 loquar,
1025 720 1145 771 tam
1178 714 1420 770 meliora
1448 730 1624 786 quam
1658 712 1969 780 deteriora,
2005 711 2254 783 grassati
2287 716 2446 780 sunt,
2493 719 2553 769 ut
2580 729 2713 768 cum
2739 712 2964 783 judicio
2994 729 3063 769 ea
3092 712 3306 785 partim
3338 713 3555 785 fugere,
3580 731 3716 785 par-

324 803 413 858 tim
447 802 768 876 amplexari
802 807 1062 877 possent.
1091 804 1231 860 Mihi
1265 805 1421 860 enim
1456 819 1807 877 magnopere
1846 801 2146 875 probatur,
2197 802 2351 874 quod
2394 802 2656 874 quidam,
2696 802 2833 858 licet
2872 820 2905 858 a
2955 807 3155 859 nostra
3186 801 3352 858 caula
3381 806 3713 872 extraneas,

324 891 496 947 dixit:
540 891 707 947 Haud
758 892 915 948 enim
963 896 1133 965 turpe
1176 908 1244 948 ea
1291 908 1463 950 nosse
1502 909 1628 965 quae
1674 891 1872 947 minus
1917 889 2162 946 honesta
2197 895 2371 947 sunt:
2421 891 2563 964 quin
2614 891 2808 963 potius
2861 891 3220 947 curationem
3264 907 3332 947 ex
3383 907 3450 948 eo
3491 892 3718 949 contin-

325 996 466 1053 gere,
499 981 570 1037 iis
603 981 805 1053 utique
839 982 938 1053 qui
962 998 1077 1038 non
1109 981 1328 1049 invido,
1360 981 1460 1037 sed
1494 981 1744 1038 candido
1771 996 1837 1036 ac
1862 977 2137 1035 benevolo
2170 979 2365 1035 animo
2396 996 2464 1036 ea
2492 997 2618 1051 quae
2650 980 2947 1053 dicuntur,
2980 980 3295 1052 accipiunt.

378 1066 547 1125 Ἀλλὰ
592 1068 649 1124 τί
696 1065 918 1142 ἔπαθον,
949 1070 994 1124 ὦ
1042 1067 1235 1146 φίλοις
1268 1068 1475 1140 Μεταξὺ
1521 1068 1623 1145 γὰρ
1668 1067 1876 1144 προϊὼν
1929 1067 1957 1122 ὁ

320 1154 495 1233 λόγος,
540 1156 880 1234 συναρπάσας
927 1158 1016 1213 τὸν
1067 1156 1317 1234 λέγοντα,
1366 1156 1607 1233 καθάπερ
1651 1155 1823 1212 ἵππος
1865 1156 1955 1212 τὸν

322 1241 593 1320 ἐπιϐάτην,
655 1246 733 1310 εἰς
786 1245 914 1309 τοὺς
987 1246 1235 1309 ἐπαίνους
1309 1247 1603 1319 κατέστησε
1677 1244 1960 1304 Βασιλείου

321 1339 409 1389 τοῦ
443 1334 735 1413 μακαρίου.
768 1336 973 1413 Μικρὸν
1007 1333 1097 1391 οῦν
1144 1335 1408 1412 ἐπισχὼν,
1442 1335 1554 1392 οἷόν
1603 1357 1711 1391 τισι
1764 1335 1958 1413 ῥυτῆρ-

325 1445 397 1478 σιν
431 1426 541 1498 (72)
572 1424 875 1480 ἆναστείλω
902 1424 991 1480 τὸν
1024 1423 1210 1502 λόγον,
1242 1425 1330 1481 καὶ
1359 1426 1458 1495 τὴν
1511 1424 1722 1500 τόλμαν
1771 1424 1960 1504 ἐφέξω,

329 1513 399 1585 μὴ
457 1512 648 1589 πρόσω
705 1513 975 1593 φέρεσθαι.
1008 1514 1070 1570 Οἱ
1116 1515 1217 1593 γὰρ
1258 1519 1367 1570 τῶν
1402 1516 1533 1592 ὑπὲρ
1566 1512 1788 1589 δύναμιν
1824 1513 1963 1594 ἐφιέ-

327 1622 465 1674 μενοι
522 1602 612 1656 καὶ
668 1607 778 1657 τῶν
840 1602 1072 1680 μετρίων
1122 1604 1616 1681 ἀποτυγχάνουσιν.
1650 1603 1821 1662 Ἀλλὰ
1867 1611 1965 1659 Βα-

324 1690 519 1753 σίλειος
582 1692 676 1765 μὲν
730 1694 844 1765 (73)
892 1695 990 1763 τήν
1042 1692 1218 1763 καλὴν
1264 1691 1631 1769 πραγματείαν
1700 1692 1966 1770 ἐμπορευ-

324 1779 570 1852 σάμενος,
602 1777 785 1836 οἏιαδε
829 1778 999 1837 ’ίκετο-
1052 1783 1353 1860 Γρηγόριος
1405 1781 1462 1839 δὲ
1505 1783 1665 1860 ἀπρὶξ
1702 1786 1815 1857 (74)
1845 1804 1968 1839 κατ-

326 1867 502 1944 είχετο
546 1875 664 1931 τοῖς
710 1871 1011 1939 ’Δθηναίων
1071 1879 1374 1949 φοιτηταῖς,
1436 1875 1575 1945 μήτε
1629 1874 1728 1942 τὴν
1786 1870 1969 1943 ἔξοδον

322 1957 466 2028 αὐτῷ
497 1962 877 2034 συγχωροῦσι,
910 1960 1001 2014 καὶ
1030 1958 1303 2015 παιδεύειν
1351 1960 1546 2024 αὐτοὺς
1595 1959 1969 2037 ἐκλιπαροῦσι,

321 2046 411 2100 τόν
460 2066 519 2100 τε
570 2047 880 2123 σοφιστικὸν
934 2047 1123 2122 θρόνον
1171 2049 1543 2125 παρακαλοῦσι
1596 2047 1864 2126 δέχεσθαι.
1914 2051 1971 2105 '0

324 2131 380 2188 δὲ
410 2135 547 2210 πρὸς
587 2135 680 2207 μὶν
710 2135 920 2211 ὀλίγον,
947 2138 1046 2206 τὴν
1087 2138 1223 2212 πρὸς
1271 2138 1466 2200 αὐτοὺς
1506 2141 1668 2215 χάριν
1712 2139 1970 2218 ἀφοσιού-

328 2244 484 2295 μενος
526 2225 661 2297 (75),
712 2223 910 2298 ἔμεινε·
947 2225 1139 2302 μικρὸν
1191 2225 1249 2281 δὲ
1294 2226 1535 2303 ὕστερον,
1569 2229 1803 2290 ἅπαντας
1843 2228 1972 2291 τοὺς

324 2311 491 2366 ἐκεῖσε
540 2310 733 2390 φίλους
778 2309 1163 2388 ἀντιϐολήσας,
1204 2316 1294 2370 καὶ
1342 2317 1548 2385 πείσας,
1581 2318 1656 2380 ὡς
1714 2317 1974 2394 ἀναγκαία

326 2397 409 2470 εἴη
471 2401 618 2473 αὐτῷ
657 2405 693 2472 ἡ
743 2403 882 2478 πρὸς
932 2403 1061 2467 τοὺς
1107 2404 1362 2468 τεκόντας
1410 2406 1610 2482 ἄφιξις,
1660 2407 1975 2482 τριακοστὸν

324 2486 433 2559 ἤδη
468 2489 770 2564 πληρώσας
801 2490 921 2554 ἔτος
954 2492 1007 2547 ἐν
1041 2499 1156 2556 τοῖς
1206 2496 1545 2568 μαθήμασιν,
1576 2495 1719 2552 οὕτω
1758 2500 1827 2570 τῇ
1870 2517 1974 2551 πα-

326 2575 468 2654 τρίδι
495 2579 682 2635 ἐαυτὸν
709 2578 1032 2640 ἀποδίδωσι.

401 2845 503 2899 Καὶ
559 2848 779 2921 πρῶτον
839 2847 933 2919 μὲν
990 2848 1053 2903 τὸ
1112 2853 1253 2913 θεῖον
1304 2844 1567 2923 λαμϐάνει
1618 2850 1915 2927 βάπτισμα,
1950 2852 1978 2908 ὁ

340 2932 421 2985 καὶ
481 2934 679 3008 πρώην
735 2937 805 3007 τῇ
867 2931 1087 3007 δυνάμει
1145 2935 1570 3014 πεφωτισμένος·
1621 2940 1713 2992 καῖ
1765 2939 1976 3010 τίθησιν

346 3019 454 3094 ὅρον
482 3020 662 3093 ἐαυτῷ
698 3025 914 3095 μήποτε
943 3022 1182 3097 ὀμόσειν,
1220 3024 1413 3101 μέχρις
1442 3024 1500 3080 ἂν
1533 3028 1610 3099 τῷ
1646 3025 1750 3103 βίῳ
1802 3027 1979 3102 τούτῳ

340 3106 785 3181 ἐμπολιτεύηταιο
847 3111 905 3165 ’ὀν
964 3111 1054 3166 καὶ
1112 3112 1187 3174 εἷς
1245 3112 1404 3177 τέλος
1461 3113 1738 3193 ἐφύλαξεν·
1798 3115 1981 3173 ἔπειτα

330 3199 493 3253 πόθον
522 3200 729 3275 γονέων
764 3199 854 3254 καὶ
907 3198 1083 3277 φίλων
1131 3201 1470 3278 ἀποπληροῖ,
1503 3208 1609 3258 τῶν
1663 3204 1831 3261 αὐτοῦ
1880 3205 1980 3262 λό-

2139 1068 2250 1124 Sed
2316 1068 2457 1141 quid
2492 1068 2636 1124 mihi
2668 1068 2903 1137 accidit,
2936 1085 2967 1125 ο
3028 1069 3201 1125 amici
3229 1069 3259 1125 τ
3288 1069 3511 1126 Interea
3558 1070 3713 1127 enim

2069 1158 2447 1230 progrediens
2478 1158 2685 1227 oratio,
2716 1156 2875 1213 velut
2907 1174 3091 1229 equus
3148 1174 3459 1227 sessorem,
3512 1159 3597 1216 sic
3627 1176 3719 1216 me

2069 1245 2193 1302 haec
2218 1247 2507 1303 dicentem
2540 1246 2817 1319 abripuit,
2842 1250 3012 1319 atque
3033 1245 3093 1303 in
3124 1247 3276 1304 beati
3307 1247 3715 1306 Basiliilaudi-

2070 1335 2181 1391 bus
2209 1335 2523 1392 collocavit.
2556 1335 2766 1392 Parum
2793 1335 3284 1409 igiturinsistens,
3304 1338 3719 1409 velutquibus-

2073 1426 2207 1482 dam
2229 1425 2471 1482 habenis
2497 1425 2817 1482 orationem
2850 1426 3187 1499 reprimam,
3211 1428 3720 1501 temeritatemque

2072 1530 2461 1587 compescam,
2492 1532 2565 1571 ne
2611 1514 2857 1571 ulterius
2911 1531 3165 1588 praeceps
3226 1515 3460 1571 feratur.
3494 1516 3719 1572 Etenim

2075 1603 2175 1677 qui
2235 1603 2457 1659 viribus
2525 1604 2750 1675 majora
2800 1603 3240 1675 concupiscunt,
3286 1622 3358 1660 ne
3407 1604 3721 1661 mediocria

2076 1692 2309 1766 quidem
2342 1698 2759 1765 assequuntur.
2793 1693 2941 1765 Ergo
2974 1691 3225 1748 Basilius
3251 1692 3524 1766 praeclare
3547 1710 3724 1767 nego-

2074 1783 2279 1848 tiatus,
2312 1782 2550 1837 domum
2583 1796 2645 1836 se
2672 1780 2923 1854 recepit:
2956 1781 3269 1854 Gregorius
3300 1786 3492 1838 autem
3521 1800 3553 1838 a
3588 1788 3722 1839 stu-

2081 1872 2246 1927 diosa
2274 1870 2715 1927 Atheniensium
2740 1871 3067 1942 juventute,
3087 1871 3244 1926 omni
3274 1871 3468 1926 studio
3501 1871 3723 1927 detine-

2082 1962 2276 2031 batur,
2326 1965 2391 2016 ut
2447 1977 2552 2016 nec
2600 1959 2933 2015 discedendi
2985 1960 3239 2015 facerent
3269 1959 3628 2028 facultatem,
3663 1977 3729 2016 ac

2082 2049 2323 2106 docendi
2349 2048 2707 2121 provinciam
2739 2048 2958 2116 subire,
2990 2048 3485 2120 sophisticamque
3535 2049 3732 2106 cathe-

2082 2140 2246 2194 dram
2273 2138 2552 2210 accipere,
2577 2136 2784 2192 obnixe
2816 2139 3089 2208 rogarent
3118 2141 3174 2191 et
3204 2137 3598 2193 obsecrarent.
3630 2137 3731 2193 Ille

2083 2243 2241 2295 vero,
2275 2243 2346 2282 ne
2376 2226 2431 2281 in
2461 2226 2723 2298 ipsorum
2752 2224 2998 2297 gratiam
3058 2223 3204 2280 nihil
3240 2226 3425 2280 facere
3454 2225 3601 2282 velle
3644 2227 3732 2282 vi-

2083 2317 2337 2383 deretur,
2370 2314 2798 2387 aliquantisper
2841 2313 3078 2368 mansit.
3113 2313 3321 2369 Verum
3354 2314 3509 2369 haud
3547 2314 3731 2371 multo

2081 2405 2388 2477 interjecto
2412 2408 2693 2476 tempore,
2728 2419 2859 2458 cum
2892 2419 3095 2459 omnes
3125 2402 3362 2470 amicos,
3396 2420 3543 2475 quos
3574 2403 3631 2458 in
3662 2419 3731 2459 ea

2085 2495 2228 2550 urbe
2258 2494 2529 2560 habebat,
2561 2497 2877 2560 exorasset,
2904 2508 3139 2563 suaeque
3169 2492 3239 2548 ad
3290 2496 3559 2565 parentes
3601 2508 3731 2565 pro-

2085 2582 2352 2639 fectionis
2384 2582 2789 2638 necessitatem
2821 2580 2967 2653 ipsis
2999 2581 3323 2654 probasset,
3356 2580 3437 2637 ita
3470 2582 3735 2650 demum,

2084 2672 2381 2727 tricesimo
2404 2673 2528 2742 jam
2562 2688 2715 2727 anno
2746 2670 2805 2725 in
2864 2670 3080 2726 artium
3113 2670 3327 2727 studiis
3382 2675 3607 2741 exacto,
3639 2687 3742 2743 pa-

2086 2761 2210 2815 triae
2239 2775 2366 2816 sese
2388 2760 2660 2815 restituit.

2157 2851 2235 2904 Ac
2266 2849 2522 2921 primum
2556 2847 2750 2903 divino
2780 2846 3132 2919 baptismate
3181 2848 3447 2920 tingitur,
3481 2848 3579 2921 qui
3609 2848 3737 2919 jam

2088 2943 2221 2994 ante
2252 2938 2510 3010 potentia
2547 2937 2717 3009 vique
2764 2936 3134 2992 illuminatus
3191 2940 3345 2992 esset
3378 2954 3391 2992 :
3428 2936 3737 3010 legemque

2089 3026 2197 3083 sibi
2232 3026 2439 3082 indicit
2468 3042 2767 3097 nunquam
2797 3025 3060 3096 jurandi,
3088 3024 3348 3096 quandiu
3380 3025 3439 3080 in
3476 3026 3584 3081 hac
3613 3028 3734 3083 vita

2087 3120 2454 3172 versaretur:
2488 3131 2662 3185 quam
2694 3113 2868 3170 etiam
2902 3114 2972 3168 ad
3005 3118 3326 3168 extremum
3361 3130 3546 3185 usque
3577 3114 3732 3170 diem

2089 3204 2355 3260 servavit.
2389 3201 2628 3267 Deinde,
2661 3204 2726 3255 ut
2774 3204 3080 3272 parentum
3140 3205 3196 3256 et
3253 3201 3598 3269 amicorum,
3633 3201 3735 3274 qui

326 3308 433 3362 γων
466 3287 762 3366 ἐφιεμένων
794 3287 1039 3344 ἀκοῦσαι·
1082 3288 1143 3346 οὗ
1171 3291 1273 3369 γὰρ
1304 3291 1463 3355 αὐτὸς
1495 3292 1611 3368 εἶχε
1640 3295 1762 3370 περὶ
1818 3300 1976 3351 τοῦτο

2092 3294 2289 3366 ipsum
2318 3292 2491 3349 verba
2520 3290 2824 3346 facientem
2840 3290 3041 3346 audire
3059 3289 3403 3362 gestiebant,
3427 3290 3737 3363 cupiditati

326 3375 668 3453 φιλοτιμίαν.
735 3373 1233 3452 Συμϐουλευόντων
1300 3378 1357 3437 δὲ
1415 3379 1705 3457 δημοσίοις
1768 3406 1828 3439 τε
1891 3385 1981 3440 καὶ

326 3464 551 3528 οἰκείοις
612 3464 1045 3542 ἐγκαλινδεῖσθαι
1104 3475 1293 3532 κακοῖς
1349 3469 1515 3544 (οὕτω
1573 3472 1677 3550 γὰρ
1731 3472 1981 3547 ὀνομάζω

322 3555 423 3621 τήν
475 3554 530 3609 ἐν
578 3560 701 3618 τοῖς
755 3555 971 3619 ὑλικοῖς
1015 3561 1399 3636 περιφάνειαν),
1433 3560 1590 3624 αὖτὸς
1644 3561 1816 3635 ἐαυτῷ
1862 3584 1980 3617 συν-

324 3637 591 3698 εϐούλευε
627 3641 809 3699 δοῦναι
844 3645 1052 3714 ἐαυτὸν,
1082 3649 1319 3723 καθάπερ
1351 3649 1617 3725 ὑπέσχετο
1664 3649 1979 3707 κινδυνεύων

319 3736 465 3803 Θεῷ,
498 3731 714 3804 κόσμου
743 3754 802 3788 τε
830 3736 1190 3810 χωρισθῆναι,
1212 3737 1301 3792 καὶ
1329 3736 1481 3811 μόνῳ
1510 3743 1588 3811 τῷ
1618 3740 1981 3814 καθαρωτάτῳ

320 3825 587 3874 συνεῖναν
613 3820 707 3875 καὶ
734 3827 853 3884 ταῖς
901 3823 1072 3899 ἱεραῖς
1131 3818 1349 3899 βίϐλοις
1394 3826 1816 3901 καθομιλοῦντα,
1850 3828 1982 3883 ἐκεῖ·

322 3921 413 3972 θεν
467 3906 649 3964 ἕλκειν
706 3917 805 3980 τῆς
868 3909 1130 3983 ἀληθείας
1184 3915 1283 3983 τὴν
1340 3910 1635 3989 ἔλλαμψιν.
1668 3923 1729 3972 Ὃ
1774 3914 1840 3989 δὴ
1890 3917 1979 3973 καὶ

322 4002 504 4052 ποιῶν
554 3995 807 4073 διετέλει,
844 4003 1116 4073 μοναστὴς
1166 4001 1284 4057 ἀντὶ
1330 4009 1619 4077 κοσμικοῦ,
1672 4006 1761 4062 καὶ
1820 4007 1982 4079 ἀκτή-

328 4109 449 4159 μων
485 4086 604 4141 ἀντὶ
634 4107 745 4164 χρη
758 4093 1017 4161 ματιστοῦ
1049 4090 1177 4145 εἶναι
1211 4091 1488 4166 ἐλόμενος.

2092 3382 2452 3439 satisfaceret
2481 3381 2692 3453 (neque
2732 3379 2886 3434 enim
2924 3378 2980 3435 id
3014 3380 3138 3452 ipse
3169 3379 3477 3436 ambitiose
3507 3379 3739 3436 affecta-

2092 3472 2232 3544 bat),
2266 3472 2375 3527 hoc
2404 3486 2636 3543 quoque
2664 3484 2906 3525 munere
2950 3467 3309 3541 defungitur.
3344 3468 3552 3524 Verum
3603 3485 3737 3524 cum

2092 3562 2268 3617 iidem
2284 3565 2551 3617 auctores
2569 3557 3253 3632 ipsiessent,utpublicis
3283 3557 3738 3630 domesticisque

2092 3650 2264 3707 malis
2323 3650 2425 3722 (sic
2474 3649 2630 3705 enim
2693 3665 2888 3703 rerum
2948 3651 3312 3703 terrenarum
3366 3646 3735 3718 splendorem

2091 3739 2655 3813 amplitudinemque
2685 3737 2843 3810 voco)
2903 3737 3160 3809 seipsum
3219 3734 3533 3791 involveret
3565 3752 3577 3792 :
3610 3736 3735 3807 ipse

2091 3834 2293 3886 contra
2324 3827 2433 3884 sibi
2459 3825 2816 3892 consulebat,
2868 3830 2949 3893 ut,
2992 3824 3489 3896 quemadmodum
3516 3823 3573 3878 in
3607 3824 3737 3878 vitae

2091 3918 2404 3975 discrimen
2430 3916 2720 3971 adductus
2754 3914 3125 3986 promiserat,
3175 3912 3291 3968 Deo
3324 3928 3451 3968 sese
3483 3912 3737 3983 otl‘erret,

2091 4014 2147 4064 et
2178 4025 2211 4063 a
2235 4006 2457 4062 mundo
2475 4005 2942 4076 sejunctus,cum
2966 4002 3159 4075 eo,qui
3193 4002 3355 4059 solus
3385 4002 3740 4074 purissimus

2090 4102 2198 4163 est,
2234 4096 2361 4151 vitae
2391 4092 2813 4151 consuetudine
2844 4093 3210 4164 jungeretur,
3268 4099 3443 4165 atque
3472 4109 3542 4147 ex
3569 4091 3745 4149 libro-

324 4193 463 4231 rum
497 4193 801 4235 sacrorum
838 4180 1115 4236 familiari
1145 4181 1388 4238 lectione
1414 4184 1679 4241 veritatis
1718 4185 2088 4258 splendorem
2130 4184 2410 4242 hauriret.
2453 4184 2511 4239 Id
2563 4183 2716 4255 quod
2759 4198 2859 4253 per
2906 4197 3139 4237 omnem
3178 4181 3359 4236 vitam
3399 4181 3585 4237 facere
3624 4198 3740 4238 non

328 4265 583 4333 destitit,
618 4266 946 4324 monachus
966 4285 1095 4325 esse
1124 4270 1318 4341 potius
1348 4271 1573 4329 habens
1604 4289 1783 4345 quam
1815 4276 2170 4343 mundanus,
2204 4278 2260 4331 et
2290 4288 2512 4346 pauper
2542 4288 2718 4344 quam
2753 4270 3164 4343 qurestuarius.

402 4349 690 4414 Πολλάκις
761 4358 888 4430 γοῦν
965 4355 1053 4410 καὶ
1111 4358 1339 4432 Χριστὸν
1409 4358 1553 4434 ἑώρα
1624 4359 1866 4437 ἐναργῶς
1930 4363 1976 4418 ἐν

2159 4366 2237 4419 Ac
2268 4378 2665 4436 saepenumero
2692 4359 2803 4433 ipsi
2836 4360 3068 4427 accidit,
3095 4363 3159 4415 ut
3180 4359 3473 4415 Christum
3507 4376 3742 4433 quoque

331 4437 526 4530 ῦπνοις
584 4444 700 4515 (76)
759 4444 847 4497 καὶ
906 4442 957 4498 ἐν
1017 4443 1214 4520 μελέτῃ
1270 4447 1569 4524 νυκτερινῇ,
1615 4451 1795 4514 καθώς
1852 4473 1981 4530 φησι

335 4529 372 4595 ἦ
406 4524 603 4602 βίϐλος
636 4531 673 4599 ἠ
700 4529 841 4606 ἱερὰ,
879 4531 1082 4603 ταύτην
1130 4541 1229 4604 τῆς
1272 4537 1639 4613 καθαρότητος
1687 4524 1982 4613 λαμϐάνων

343 4614 619 4705 άντίδοσιν.
667 4620 939 4695 Μακάριοι
986 4620 1109 4697 γὰρ,
1151 4624 1335 4701 φησὶν,
1370 4625 1421 4680 οἱ
1470 4627 1694 4702 καθαροὶ
1742 4632 1812 4701 τῇ
1860 4649 1986 4705 καρ-

337 4699 441 4777 δίᾳο
473 4708 559 4761 ὅτι
609 4706 768 4763 αὐτοῖ
813 4709 904 4763 τὸν
958 4710 1087 4765 Θεὸν
1134 4699 1376 4786 ὄψονται.
1422 4699 1665 4792 Καθαρδν
1714 4699 1817 4793 γὰρ
1865 4699 1988 4773 τοῦ·

329 4793 419 4847 τόν
471 4816 639 4883 φησιν
672 4797 699 4850 ὁ
740 4797 962 4871 Κύριος,
1016 4800 1206 4863 ὁποῖος
1256 4802 1324 4871 ἧν
1373 4802 1401 4855 ὁ
1450 4804 1614 4879 μέγας
1664 4804 1988 4883 Γρηγόριος,

331 4881 654 4939 καταλιπὼν
713 4884 925 4957 πόλεις,
971 4887 1192 4965 ἀγορὰς,
1244 4890 1457 4968 θέατρα,
1490 4897 1756 4972 σοφιστῶν
1802 4881 1989 4974 τῦφον,

403 5092 447 5126 ’³
480 5092 531 5147 II
553 5091 681 5149 Cor.
714 5109 771 5161 x,
801 5092 857 5148 5.
890 5094 935 5129 ⁸³
962 5093 1073 5151 Job
1121 5113 1320 5164 xxxiii,
1380 5099 1469 5157 15.
1499 5100 1545 5136 ⁰⁴
1590 5099 1796 5158 Matth.
1846 5118 1903 5173 ν,
1933 5101 1988 5157 8.

406 5297 710 5368 (7I)Colb,
750 5303 797 5366 l,
856 5300 913 5371 2,
946 5303 1010 5355 Ρ.
1060 5305 1116 5356 et
1170 5302 1265 5359 ΟΡ.
1320 5304 1489 5360 codd.
1539 5299 1823 5377 συμϐαίνει
1849 5306 1991 5382 γίνε-

554 5439 636 5520 Ita
666 5440 826 5520 _Colb:
862 5441 986 5520 i_et
1011 5442 1083 5511 2;
1116 5443 1201 5520 iu_
1232 5444 1374 5512 edit,
1436 5442 1723 5520 ῥητῆρσιν.
1764 5450 1899 5505 Cod.
1929 5450 1990 5508 P.

328 5510 757 5591 pariterhabet
795 5510 1090 5591 ῥυτῆρσιν,
1110 5516 1245 5591 etin
1282 5510 1400 5591 not.
1433 5510 1617 5591 marg,
1650 5517 1856 5591 ἱμᾶσινς

402 5584 659 5659 (73Lﬂév
690 5584 858 5641 deest
895 5584 955 5659 in
989 5586 1115 5659 cod.
1149 5587 1243 5643 Or.
1279 5588 1377 5659 qui
1411 5605 1546 5644 mox
1563 5584 1779 5648 'habet
1808 5585 1994 5646 οἷ’καδε

2093 4452 2398 4525 perspicue
2455 4450 2514 4504 in
2578 4450 2819 4517 somnis,
2877 4451 3254 4520 nocturnaque
3298 4452 3365 4503 ut
3441 4448 3745 4521 Scriptura

2094 4541 2375 4613 loquitur,
2409 4540 2454 4574 93
2479 4538 2843 4595 meditatione
2894 4537 3277 4609 conspiceret,
3316 4553 3562 4609 eamque
3595 4538 3750 4609 puri-

2096 4630 2234 4686 tatis
2262 4628 2584 4684 mercedem
2621 4628 2810 4682 l‘crret.
2863 4627 3023 4681 Beati
3068 4626 3245 4697 enim,
3288 4626 3500 4698 inquit,
3542 4627 3748 4683 mundo

2097 4718 2302 4776 corde:
2341 4719 2603 4790 quoniam
2662 4717 2771 4788 ipsi
2826 4715 2996 4770 Deum
3054 4715 3411 4771 videbunt“.
3460 4715 3747 4771 Mundum

2099 4808 2255 4864 enim
2288 4823 2420 4862 eum
2456 4806 2597 4860 dicit
2629 4804 2940 4874 Dominus,
2964 4803 3154 4877 qualis
3183 4808 3308 4860 erat
3330 4820 3576 4876 magnus
3609 4804 3751 4860 Gre-

2102 4896 2324 4970 gorius,
2347 4895 2446 4967 qui
2478 4895 2674 4964 urbes,
2736 4894 2879 4965 fora,
2933 4894 3181 4967 theatra,
3231 4893 3626 4965 s0phistarum
3661 4892 3752 4949 fa-

2173 5304 2285 5376 (74)
2323 5305 2459 5361 God.
2521 5302 2583 5358 P.
2632 5302 2693 5358 in
2742 5307 2863 5360 not.
2916 5317 3097 5374 marg.
3152 5298 3392 5373 ἰσχυρῶς
3466 5297 3749 5378 ἀσφαλῶς,

2106 5375 2286 5519 milia
2317 5447 2453 5519 Cod.
2485 5446 2526 5502 P
2558 5445 2631 5519 in
2676 5449 2797 5501 not.
2840 5459 3025 5517 marg.
3070 5439 3537 5517 προσποιούμενος
3571 5438 3751 5514 δῆθῖν.

2100 5517 2351 5574 υἰιίειίεθί
2380 5517 2759 5573 dissimulans.

2174 5589 2448 5681 ςτγϐλὶοιῇιε
2479 5586 3290 5681 sequunturdesnuntintlolb.
3328 5588 3378 5660 1,
3411 5587 3514 5661 qui
3542 5588 3626 5644 sic
3645 5587 3746 5643 ha-

324 5650 444 5736 ἳςέο
463 5655 595 5736 ⁸εἰς
627 5662 685 5712 et
713 5659 844 5715 cod.
889 5657 958 5714 P.
990 5657 1210 5715 domum
1241 5650 1516 5733 capiebat.
1576 5660 1640 5719 In
1672 5662 1809 5722 edit.
1858 5678 1976 5725 γει-ι

2100 5650 2199 5718 bet
2224 5680 2234 5718 :
2262 5650 2350 5715 Ἕν
2377 5650 2579 5723 ὕπνοις⁸
2595 5661 2694 5731 τὴν
2725 5664 2823 5731 τῆς
2854 5656 3246 5736 καθαρότητος.

331 5721 515 5781 οἴκαδε
548 5724 683 5785 ἵετο.
