4096 6288
394 397 513 455 259

1522 386 1702 449 Vl'l‘A
1753 392 1817 450 S.
1868 387 2236 450 GREGORII
2286 390 2675 452 THEOLOG]

3690 389 3811 451 260

394 535 572 592 stum,
605 526 934 601 principum
972 529 1027 580 et
1085 524 1539 597 magistratuum
1594 524 2031 591 contumaciam,

2160 520 2442 597 ἀρχόντων
2487 522 2759 591 ἀπονοίας,
2813 520 3075 577 δικαστῶν
3159 520 3499 594 μετακλίσεις
3548 523 3684 595 (77),
3725 519 3807 575 δι-

383 619 655 690 judicum
684 616 913 685 iniquas
944 630 1254 669 causarum
1288 614 1656 681 inﬂexiones,
1689 612 2047 685 litigantium

390 708 566 773 rixas,
604 704 898 759 rhetorum
934 702 1254 772 mendacia,
1291 701 1767 769 furuminsidias,
1800 702 2051 773 inexple‘

390 794 563 851 bilem
581 791 1011 865 negotiatorum
1026 791 1349 858 avaritiam,
1383 806 1719 863 cauponam
1742 791 2047 861 juramen—

388 889 471 950 ta,
491 882 731 939 divitum
756 881 1171 953 arrogantiam,
1193 895 1516 951 pauperum
1553 879 1786 935 fraudes
1818 883 1875 934 et
1906 878 2045 933 faci-

391 990 550 1039 nora,
586 970 923 1043 ingluviem,
978 969 1404 1029 temulentiam.
1466 967 1709 1041 gloriam
1742 968 1955 1023 ﬂuxam
1990 971 2047 1023 et

389 1060 678 1130 fragilem,
706 1061 894 1114 vestes
913 1057 1273 1127 magniﬁcas,
1291 1058 1585 1129 egregiam
1620 1055 2042 1128 supellectilem

391 1167 531 1206 auro
550 1154 605 1205 et
636 1152 877 1220 argento
910 1147 1256 1213 confectam,
1310 1147 1514 1201 domos
1555 1145 1781 1217 pictura
1801 1149 1858 1200 et
1890 1160 2041 1200 mar-

392 1238 606 1295 moreis
665 1235 883 1291 tabulis
932 1235 1216 1306 insignes,
1289 1251 1354 1289 ac
1410 1233 1652 1289 calculis
1711 1238 2041 1304 exornatas,

390 1326 622 1397 aliaque
649 1323 845 1379 omnia
868 1321 1205 1393 reliquerat,
1229 1337 1354 1391 quae
1378 1320 1554 1374 animi
1581 1319 1892 1390 puritatem
1916 1324 2040 1374 tur-

389 1417 550 1481 bant,
577 1412 1023 1485 purissimaque
1057 1408 1170 1465 luci
1220 1409 1445 1464 aditum
1494 1407 1908 1463 intercludunt.
1941 1410 2040 1462 At-

391 1520 503 1577 que
534 1500 868 1574 injuvenali
900 1504 1065 1555 aetate
1087 1498 1432 1570 bujusmodi
1465 1497 1633 1553 nobis
1671 1501 1795 1553 erat
1825 1497 2038 1569 Grego-

386 1594 533 1650 rius.

460 1684 849 1751 Posteaquam
882 1681 1078 1733 autem
1124 1679 1288 1748 pater
1322 1673 1529 1742 ﬁlium,
1562 1690 1754 1746 quem,
1789 1674 2036 1729 invitum

388 1776 445 1826 ct
475 1772 899 1841 repugnantem
953 1782 1217 1837 aegreque
1267 1765 1588 1831 cedentem,
1631 1764 2036 1836 presbyterum

387 1861 696 1923 creaverat,
727 1855 1034 1928 praasulem
1089 1870 1321 1925 quoque
1370 1852 1675 1908 instituere
1725 1869 2035 1924 aggressus

386 1953 494 2015 cst,
530 1946 669 2018 quid
697 1944 883 1999 facit?
912 1944 997 1998 Ab
1048 1941 1304 1997 Ecclesia
1351 1939 1500 1996 clam
1555 1957 1617 1996 se
1673 1941 1938 2012 proripit,
1971 1945 2037 1995 ut

386 2053 579 2103 curas,
602 2038 853 2090 mentem
889 2031 1053 2086 humi
1085 2032 1498 2096 detorquentes
1522 2045 1585 2084 ac
1617 2029 2032 2100 deprimentes,

386 2124 645 2196 effugiat,
698 2128 872 2193 atque
902 2121 960 2174 in
1014 2120 1256 2174 Pontum
1290 2118 1605 2189 profectus,
1639 2134 1771 2172 cum
1805 2117 2033 2189 egregio

384 2213 484 2268 illo
520 2212 729 2267 Basilio
757 2207 1369 2281 philosophatur.Nam
1386 2222 1516 2260 cum
1541 2206 1714 2260 simul
1747 2206 1800 2260 in
1828 2206 2033 2261 litteris

385 2301 663 2369 instituti,
698 2304 870 2370 atque
901 2298 969 2353 ad
993 2298 1156 2351 breve
1176 2300 1414 2365 tempus
1444 2293 1590 2348 alter
1610 2295 1680 2349 ab
1705 2294 1882 2349 altero
1909 2294 2032 2349 dis-

385 2391 553 2445 tracti
588 2390 852 2453 fuissent,
888 2386 955 2440 ad
991 2401 1052 2439 se
1092 2384 1337 2439 invicem
1397 2400 1603 2438 rursus
1634 2387 2028 2451 accurrerunt,

386 2494 595 2548 nempe
617 2480 673 2531 et
702 2490 929 2531 morum
962 2473 1290 2542 concordia,
1309 2476 1364 2527 et
1388 2476 1591 2526 mutua
1620 2471 2032 2542 pollicitatione

385 2564 626 2637 impulsi
657 2580 721 2619 ac
753 2560 975 2616 incitati
1009 2577 1021 2616 :
1059 2563 1200 2616 adeo
1231 2565 1295 2615 ut
1351 2560 1410 2614 in
1456 2561 1602 2632 ipsis
1633 2559 1852 2615 dictum
1886 2558 2031 2614 illud

383 2653 766 2725 impleretur:
804 2650 902 2706 Ubi
930 2650 1033 2705 duo
1064 2650 1148 2704 vel
1181 2658 1286 2705 tres
1316 2652 1374 2705 in
1405 2652 1632 2704 nomine
1660 2664 1783 2705 meo
1809 2663 2032 2719 congre-

383 2743 504 2813 gati
531 2741 766 2813 fuerint,
801 2739 921 2793 illic
948 2754 1072 2792 sum
1102 2740 1163 2792 in
1188 2738 1370 2794 medio
1396 2754 1585 2795 eorum
1608 2739 1673 2792 ⁸⁵.

458 2830 557 2885 Hic
587 2844 758 2901 porro
788 2830 1234 2894 commorantss,
1260 2830 1315 2882 et
1337 2832 1544 2883 mutua
1564 2824 2033 2882 exstimulatione

384 2920 659 2975 virtutem
692 2917 1006 2989 augebant,
1045 2920 1103 2971 et
1150 2915 1280 2971 vita:
1339 2917 1671 2972 monasticae
1728 2914 1886 2988 leges
1918 2915 2031 2987 piis

386 3009 618 3080 Deoque
642 3006 864 3062 devotis
892 3004 1252 3071 hominibus,
1274 3007 1447 3076 atque
1478 3022 1509 3060 a
1540 3003 2030 3060 mundisocietate

384 3096 720 3168 disjunctis,
774 3094 1052 3161 ferebant,
1112 3092 1356 3166 Lycurgi
1411 3092 1637 3165 legibus
1686 3093 2028 3165 pacatiores,

383 3186 609 3241 Solonis
640 3183 952 3256 graviores,
986 3182 1195 3238 Minois
1225 3182 1526 3253 aequiores.
1587 3182 1708 3237 Imo
1764 3198 1917 3249 vero,
1967 3184 2031 3236 ut

2156 609 2467 682 καζομένων
2498 608 2701 687 ἔριδας,
2736 611 2982 687 ῥητόρων
3014 608 3185 685 ψεύδη
3221 613 3356 683 (78),
3391 609 3643 666 κλεπτῶν
3696 609 3809 665 ἐπι-

2157 692 2383 767 ϐουλὰς,
2417 698 2672 776 ἐμπόρων
2702 698 3026 769 ἀπληστίαν,
3060 699 3327 770 καπήλων
3378 698 3596 773 ὅρκους,
3629 697 3805 755 πλου-

2157 787 2286 842 σίων
2348 787 2567 861 ἔπαρσιν
2615 792 2753 862 (79),
2799 786 2989 843 ἐνδεῶν
3060 787 3413 863 κακουργίας,
3462 788 3643 865 κόρον,
3708 788 3802 862 μέ-

2155 878 2274 948 θην,
2309 874 2463 948 δόξαν
2491 878 2588 947 τὴν
2639 877 2988 949 ἀπανθοῦσαν,
3025 878 3219 947 ἐσθῆτα
3268 876 3575 947 πολυτελῆ,
3602 879 3801 951 κειμή-

2156 976 2248 1019 Ma:
2305 964 2364 1020 ἐκ
2420 970 2627 1041 χρυσοῦ
2682 986 2739 1021 τε
2801 966 2889 1020 καὶ
2965 964 3204 1041 ἀργύρου
3259 964 3609 1037 πεποιημένα
3664 966 3799 1039 (80),

2153 1050 2335 1115 οἶέιους
2389 1059 2570 1133 γραφῇ
2626 1076 2685 1109 τε
2739 1056 2829 1109 καὶ
2886 1054 3050 1124 πλαξὶ
3107 1052 3406 1130 μαρμάρων
3459 1051 3800 1129 διαπρεπεῖς,

2150 1141 2238 1196 καὶ
2270 1144 2464 1220 ψηφίσι
2499 1141 2934 1216 διηνθισμένους·
2970 1141 3115 1198 ἄλλα
3168 1162 3224 1197 τε
3275 1141 3393 1214 ὅσα,
3424 1143 3487 1199 τὸ
3533 1150 3634 1209 τῆς
3686 1141 3803 1199 δια-

2149 1232 2300 1293 νοίας
2374 1234 2605 1307 καθαρὸν
2665 1231 3046 1301 ἐπιθολοῦντα,
3103 1230 3184 1304 τῷ
3238 1233 3605 1307 καθαρωτάτῳ
3660 1232 3801 1309 φωτὶ

2151 1320 2249 1374 οὐκ
2279 1319 2549 1394 ἐπιτρέπει
2604 1322 2703 1391 τήν
2752 1318 2983 1379 εἶ’σοδον.
3013 1320 3190 1376 Ταῦτα
3235 1322 3368 1393 ἡμῖν
3422 1323 3450 1375 ὁ
3502 1320 3803 1397 Γρηγόριος

2151 1407 2202 1463 ἐν
2232 1408 2320 1481 νέᾳ
2346 1409 2415 1484 τῇ
2447 1408 2659 1482 ⁴ἡλικίᾳ.

2220 1673 2439 1745 Ἐπειδὴ
2475 1674 2532 1731 δὲ
2563 1676 2590 1730 ὁ
2616 1679 2795 1752 πατὴρ
2830 1677 2907 1739 εἷς
2958 1678 3103 1751 ἰερέα
3151 1673 3523 1754 προϐάλλεται
3558 1680 3672 1751 (81)
3700 1678 3795 1733 τὸν

2147 1765 2284 1837 υἱὸν,
2342 1768 2729 1841 χειροτονήσας
2779 1760 3140 1841 πρεσϐύτερον
3202 1766 3294 1842 βίᾳ
3346 1787 3405 1821 τε
3459 1766 3549 1821 καὶ
3631 1766 3796 1840 μόλις

2146 1850 2354 1923 ενξαντα
2390 1857 2524 1928 (82),
2555 1854 2607 1908 τί
2654 1860 2838 1923 ποιεῖ;
2870 1860 2978 1923 Τῆς
3031 1852 3358 1924 Ἐκκλησίας
3412 1854 3666 1927 ὑπέξεισι,
3698 1856 3798 1918 τὰς

2142 1943 2498 2004 κατασπώσας
2551 1944 2644 1997 τὸν
2701 1947 2824 1997 νοῦν
2889 1943 3152 2019 μερίμνας
3208 1940 3649 2020 ἀποδιδράσκων·
3702 1943 3795 1998 καὶ

2143 2030 2434 2106 γενόμενος
2486 2030 2537 2085 ἐν
2592 2031 2781 2102 Πόντῳ
2833 2032 2966 2104 μετὰ
3017 2030 3297 2086 Βασιλείου
3326 2037 3423 2086 τοῦ
3453 2032 3591 2086 πάνυ
3641 2031 3803 2109 φιλο-

2144 2124 2297 2197 σοφεῖ
2341 2122 2473 2193 (83).
2505 2122 2655 2191 ’Ἅμα
2702 2120 2805 2194 γὰρ
2853 2116 3247 2189 παιδευθέντες,
3279 2119 3369 2174 καὶ
3418 2120 3554 2196 πρὸς
3603 2119 3797 2195 ὀλίγον

2144 2207 2520 2284 διαιρεθέντες,
2552 2207 2715 2262 πάλιν
2766 2206 3039 2278 ἀλλήλοις
3085 2205 3470 2283 προσέδραμον
3502 2210 3637 2282 (84),
3670 2209 3798 2284 τρό-

2141 2318 2257 2351 πων
2288 2317 2346 2351 τε
2374 2296 2629 2367 κοινωνίᾳ
2660 2297 2747 2351 καὶ
2779 2300 2846 2369 τῇ
2893 2297 3027 2372 πρὸς
3074 2296 3296 2357 ἑαυτοὺς
3338 2296 3629 2371 ὑποσχέσει
3678 2318 3800 2352 συν-

2143 2383 2516 2457 ελαιυνόμενοι⁹
2569 2385 2644 2447 ὡς
2694 2385 2744 2439 ἐν
2798 2385 2982 2447 αὑτοῖς
3038 2384 3403 2459 πληρωθῆνοι
3460 2386 3522 2439 τὸ
3572 2385 3798 2461 εἰρημέ-

2139 2492 2249 2527 νον⁶
2282 2476 2458 2531 ’Όπου
2518 2470 2562 2527 δ’
2620 2472 2678 2527 ἂν
2739 2475 2838 2527 ὧσι
3014 2470 3109 2527 δύο
3160 2474 3195 2541 ἢ
3246 2478 3394 2548 τρεῖς
3454 2473 3798 2549 συνηγμένοι

2142 2562 2220 2625 εἰς
2246 2564 2308 2617 τὸ
2341 2561 2470 2637 ἐμὸν
2500 2557 2693 2636 ὄνομα,
2727 2561 2836 2617 ἐκεῖ
2865 2562 2979 2634 εἰμι
3011 2561 3062 2616 έν
3095 2561 3241 2635 μέσῳ
3275 2561 3472 2619 αὐτῶν.

2214 2824 2488 2905 Διέτριϐον
2550 2829 2640 2883 οῦν
2698 2830 2796 2899 τήν
2827 2830 2938 2901 (86)
2993 2848 3052 2882 τε
3110 2828 3304 2904 ἀρετὴν
3360 2832 3429 2901 τῇ
3489 2829 3791 2903 παραθήξει

2142 2918 2551 2989 συναυξάνοντες
2599 2918 2731 2990 (87),
2783 2916 2870 2971 καὶ
2917 2915 3147 2989 θεσμοὺς
3209 2917 3489 2987 ἀσκήσεως
3534 2922 3655 2978 τοῖς
3701 2938 3793 2994 φι-

2143 3006 2354 3069 λοθέοις
2402 3006 2661 3074 ἀσκηταῖς
2689 3005 2777 3060 καὶ
2810 3008 2922 3078 (88)
2950 3005 3159 3078 κόσμου
3206 3010 3522 3080 χωρισθεῖσι
3572 3005 3793 3077 τιθέμε-

2139 3118 2246 3164 νοι,
2273 3100 2381 3150 τῶν
2410 3094 2733 3170 Λυκούργου
2769 3095 2861 3168 μὲν
2910 3094 3386 3169 είρηνικωτέρους,
3419 3097 3525 3147 τῶν
3580 3090 3637 3147 δὲ
3688 3094 3795 3148 Σό-

2140 3184 2313 3246 λωνος
2372 3182 2746 3259 σεμνοτέρους,
2796 3179 2887 3236 καί
2928 3179 3303 3257 δικαιοτέρους
3366 3186 3472 3235 τῶν
3545 3181 3788 3243 Μίνωος·

387 3274 457 3329 de
487 3274 580 3328 his
598 3272 736 3327 viris
750 3271 1063 3326 sublimius
1077 3269 1300 3342 aliquid
1313 3271 1524 3339 dicam,
1560 3271 1777 3327 Mosem
1795 3270 2028 3325 imitan-

2152 3273 2352 3329 ιᾶλλον
2387 3270 2464 3346 δὲ,
2491 3271 2581 3326 ’ίνα
2608 3293 2659 3326 τι
2688 3269 2827 3341 λέξω
2856 3270 2977 3345 περὶ
3008 3276 3115 3325 τῶν
3152 3267 3362 3346 ἀνδρῶν
3423 3268 3786 3343 ὑψηλότερον,

381 3366 498 3431 tur,
534 3362 804 3432 nubeque
834 3359 1064 3424 obtecti,
1117 3364 1312 3432 atque,
1374 3364 1438 3414 ut
1476 3376 1509 3414 a
1558 3359 1942 3415 tumultuaria
1971 3367 2025 3416 et

380 3450 719 3507 turbulenta
751 3450 855 3504 hac
886 3447 1001 3503 vita
1030 3448 1231 3520 procul
1272 3465 1332 3504 se
1364 3453 1741 3513 removerent,
1774 3449 1833 3503 in
1856 3466 2021 3504 mon-

380 3544 499 3595 tem
535 3538 893 3603 secedentes,
924 3536 1275 3609 legislatoris
1307 3538 1496 3592 ofﬁcio
1530 3538 2026 3609 fungebantur.At

379 3644 514 3684 vero
546 3632 728 3699 pater,
762 3630 819 3682 et
848 3625 1078 3695 canitie,
1111 3629 1168 3680 et
1199 3626 1353 3681 curis
1411 3624 1621 3697 gravis,
1654 3642 1719 3681 ac
1750 3631 2027 3697 praeterea

382 3717 611 3773 Cissarii
639 3716 740 3770 ﬁlii
776 3715 933 3770 luctu
967 3718 1211 3769 mestus
1242 3718 1297 3769 et
1328 3713 1599 3785 afflictus,
1646 3714 2025 3771 solitudinem

379 3823 494 3862 non
546 3807 750 3872 ferens,
810 3802 1085 3875 gravibus
1132 3818 1236 3857 nec
1285 3802 1497 3857 mutire
1555 3802 1613 3857 in
1663 3804 2025 3860 contrarium

376 3895 708 3951 sinentibus
757 3892 966 3948 litteris
995 3890 1269 3963 Gregorio
1327 3892 1535 3947 suadet
1588 3892 1859 3947 reditum.
1898 3893 2027 3965 Ipse

376 3985 559 4057 igitur
586 3982 1033 4038 formidolosum
1065 3997 1193 4037 esse
1224 3984 1387 4036 ratus
1419 3979 1567 4052 patri
1612 3997 1727 4036 non
1758 3981 2023 4054 obsequi,

375 4072 697 4144 praesertim
729 4071 1040 4137 sacerdoti,
1070 4074 1126 4125 et
1155 4074 1297 4125 natu
1331 4070 1558 4142 grandi,
1585 4070 1654 4124 ad
1688 4070 1940 4126 reditum
1964 4087 2027 4126 se

375 4161 649 4232 accingit,
682 4161 895 4231 partim
929 4159 1168 4224 invitus,
1228 4159 1441 4231 partim
1491 4175 1657 4230 aequo
1714 4159 1910 4216 animo
1960 4176 2027 4216 ac

374 4249 619 4303 lubenti.
653 4248 725 4302 Ut
753 4249 911 4302 enim
944 4246 1273 4317 tranquillae
1294 4248 1420 4302 vitae
1453 4264 1618 4303 amor
1646 4264 1803 4314 eum,
1857 4253 1918 4303 ut
1964 4248 2025 4304 in

2132 3361 2362 3419 Μωυσέα
2398 3366 2711 3435 μιμοῦνται,
2742 3361 2887 3439 νέφει
2917 3381 2975 3414 τε
3022 3358 3423 3432 καλυπτόμενοι
3472 3359 3561 3413 καὶ
3622 3354 3786 3431 ὅρους

2135 3452 2478 3526 ἀναχωρήσει
2536 3454 2633 3505 τοῦ
2688 3446 3046 3524 ταραχώδους
3095 3447 3217 3524 βίου
3286 3447 3479 3523 πόρῥω
3555 3446 3779 3509 ἑαυτοὺς

2132 3544 2505 3609 καθιστῶντες,
2564 3538 2937 3611 ἐνομοθέτουν.
2997 3541 3054 3591 Ὁ
3112 3535 3170 3592 δὲ
3243 3537 3447 3609 πατὴπ,
3502 3535 3672 3605 πολιᾷ
3719 3556 3783 3591 τε

2139 3630 2504 3707 βαρυνόμενος
2558 3628 2647 3683 καὶ
2707 3627 3005 3701 φροντίσιν,
3038 3624 3115 3680 ἔτι
3173 3624 3231 3681 δὲ
3281 3625 3371 3681 καὶ
3438 3624 3617 3680 πένθει
3678 3628 3781 3680 τοῦ

2135 3720 2255 3773 υἱοῦ
2310 3717 2598 3791 Καισαρίου
2655 3715 2911 3782 πιεσθεὶς,
2973 3714 3034 3769 ού
3094 3714 3268 3792 φέρων
3343 3715 3441 3782 τήν
3521 3712 3781 3782 μόνωσιν,

2137 3804 2451 3868 ἐπιστολαῖς
2510 3802 2915 3874 δυσωπητικαῖς
2948 3804 3060 3876 (89)
3096 3804 3185 3857 τὸν
3246 3801 3548 3877 Γρηγόριον
3606 3800 3785 3855 πείθει

2134 3895 2269 3969 πρὸς
2302 3896 2400 3963 τήν
2456 3890 2736 3949 ἐπάνοδον.
2769 3895 2825 3946 Ὁ
2857 3891 2933 3960 δὲ,
2983 3887 3213 3970 φοϐερὸν
3265 3892 3447 3967 κρίνας
3497 3891 3783 3964 παρακοήν

2135 3984 2359 4057 πατρὸς,
2412 3982 2502 4038 καὶ
2577 3981 2787 4058 ἱερέως,
2841 3980 2929 4035 καί
2992 3975 3321 4055 πρεσϐύτου,
3372 3978 3625 4048 ἐπάνεισι,
3703 3980 3785 4047 πὴ

2140 4073 2233 4146 μὲν
2267 4070 2431 4142 ἄκων,
2465 4072 2541 4140 πή
2591 4068 2649 4125 δὲ
2697 4070 2787 4125 καὶ
2840 4068 3200 4146 βουλόμενος.
3234 4067 3493 4143 Ἡσυχίας
3546 4067 3639 4140 μὶν
3677 4068 3785 4142 γὰρ

2135 4159 2303 4224 πόθος
2336 4160 2388 4215 ἐν
2415 4165 2493 4232 τῷ
2524 4159 2713 4231 Πόντῳ
2748 4159 2925 4231 μένειν
2973 4157 3262 4221 ἀνέπειθεν·
3298 4154 3424 4212 ἀλλ’
3475 4152 3789 4209 ἆνθείλκυσε

2137 4250 2338 4311 σκοπὸς
2369 4243 2593 4317 εὐσεϐὴς
2622 4253 2889 4322 πατρικῆς
2920 4244 3228 4322 θεραπείας.

374 4338 555 4392 Ponto
586 4340 868 4403 maneret,
899 4336 1278 4391 hortabatur:
1311 4335 1391 4390 ita
1418 4337 1689 4391 eumdem
1741 4336 1921 4392 altera
1956 4354 2025 4393 ex
2070 4344 2236 4411 parte
2269 4339 2453 4412 pietas
2500 4338 2785 4408 trahebat,
2817 4336 3254 4392 inserviendum
3286 4334 3437 4407 patri
3472 4348 3602 4390 esse
3631 4347 3788 4405 pra-

372 4427 654 4481 scribens.

446 4514 592 4569 Cum
634 4517 828 4568 autem
896 4511 1199 4579 Cmsarius,
1259 4512 1350 4567 cui
1411 4513 1706 4584 provincia
1770 4514 2027 4572 maxime.

444 4673 488 4708 ³⁵
518 4671 721 4728 Matth.
753 4687 915 4738 xvm,
937 4672 1030 4726 20.

441 4856 559 4928 (77)
588 4854 671 4928 Ita
700 4855 828 4910 cod.
862 4854 956 4911 Or.
991 4858 1047 4910 et
1076 4856 1331 4912 Combef.
1367 4860 1426 4912 et
1471 4856 1630 4912 Colb.
1682 4858 1733 4912 2.
1782 4857 1844 4913 In
1877 4856 2017 4914 edit.

376 4924 617 4999 μετακλή
628 4945 756 4986 σεις.

413 4999 555 5085 ’(78)
586 5000 723 5054 Cod.
783 4998 844 5053 P.
885 5042 898 5066 ,

372 5088 507 5127 σιας.

441 5138 553 5212 (79)
580 5139 673 5213 Sic
704 5139 833 5213 cod.
864 5142 958 5213 0r.
992 5138 1270 5213 etmelius
1293 5141 1437 5195 forte
1460 5141 1707 5213 quamin
1742 5140 2019 5207 edit.,ubi

370 5208 557 5293 τύφων,
592 5210 880 5282 siquidem
922 5212 1048 5281 jam
1108 5211 1279 5282 paulo
1324 5208 1711 5284 ante'legitur
1754 5215 2020 5288 σοφιστῶν

955 4995 1201 5072 ῥητόρων
1260 4991 1430 5069 ὄψεις,
1507 4995 1755 5053 κλεπτῶν
1837 4993 2019 5051 ἐπιϐα-

282 5320 290 5327 ι
369 5301 555 5336 τυφον.

464 5356 553 5421 80)
587 5349 1349 5425 ῌεποιημέναηριιίὺυεόαηι
1382 5352 1515 5407 edit.
1551 5353 1803 5425 placeret
1834 5353 2021 5425 magis

371 5420 1217 5499 mnoznzlutyu,supellectilem
1252 5420 1591 5495 variegatam
1621 5441 1635 5480 :
1670 5424 1842 5496 paulo
1890 5420 2022 5499 post

370 5496 956 5583 pror‘ylpstr'fﬁ‘Mgntuc.
975 5496 1303 5583 Ileg‘e‘ndum
1340 5499 1504 5568 putat
1525 5500 1777 5574 γραφαῖς.

468 5563 558 5634 81)
589 5563 724 5620 Cod.
763 5566 819 5620 P.
853 5563 1257 5634 προύοᾶλλετο.

465 5619 555 5702 se;
583 5619 720 5692 Cod.
752 5619 813 5691 P.
846 5619 1067 5706 ἥξανται.

468 5710 556 5783 83)
589 5706 723 5764 Cod.
762 5707 817 5763 Ρ.
848 5702 1171 5791 φίλεισόξον.

2052 4678 2101 4742 D

2211 4514 2359 4571 Ἐπεὶ
2418 4512 2509 4570 οὗν
2569 4515 2878 4591 Καισάριος,
2940 4512 3117 4587 ἀρχὴν
3184 4509 3442 4586 μεγίστην
3495 4528 3786 4564 πεπιστευ-

2202 4853 2315 4924 (84)
2374 4848 2545 4905 Πάλιν
2592 4847 2865 4919 ἀλλήλοις
2920 4841 3344 4924 προσέδραμον.
3390 4845 3620 4924 ,Βξηίυβ-
3691 4844 3782 4924 in_-

2130 4920 2498 4994 terpretatur,
2515 4925 2662 4978 inter
2688 4939 2745 4978 se
2766 4920 3133 4977 rursus'mira’
3146 4921 3431 4994 celeritate
3434 4920 3623 4994 juncti
3628 4920 3781 4994 sunt.

2130 4988 2334 5051 Teitui
2367 4988 2620 5050 consona
2652 4995 2844 5065 magis
2860 4994 3090 5065 videtur
3118 4988 3673 5065 versiopombefisii.

2201 5068 2313 5139 (85)
2344 5066 2503 5123 Colb.
2535 5066 2587 5133 4,
2620 5056 2955 5139 "onoBe’av
2986 5057 3287 5139 ᾧσιιξφηη
3311 5056 3442 5139 δύο,
3463 5062 3787 5139 αρἰριρηιζυε

2128 5128 2590 5210 [αὲνίήιιίηιιιιξξ
2623 5136 2748 5210 (tua.
2789 5136 2925 5210 de.
2964 5138 3044 5210 Ρ.
3104 5128 3198 5210 ᾅύὸ
3226 5128 3291 5200 *ἢ
3324 5136 3471 5207 τρεῖς
3525 5129 3574 5200 ἐξ
3609 5128 3785 5201 ὑμῶν.

2201 5210 2313 5281 (86)
2342 5200 2479 5264 Cod:
2512 5200 2607 5263 0r.
2641 5200 2907 5279 διέτριϐον
2928 5201 3018 5281 ⁸δὲ
3057 5206 3180 5273 τήν.

2202 5272 2311 5352 (87)
2342 5282 2403 5336 In
2434 5281 2604 5352 codd.
2666 5272 2765 5334 Or.
2817 5282 2874 5334 et
2928 5278 2984 5333 P.
3045 5274 3399 5344 συναύξοντες.
3446 5272 3528 5329 ita
3602 5272 3786 5329 etiam

2131 5350 2382 5407 Muntac.
2417 5355 2474 5407 et
2503 5350 2621 5405 alii.

2224 5424 2315 5490 88)
2340 5420 2440 5477 Καί
2471 5423 2632 5490 deest
2662 5421 2719 5475 in
2747 5419 2904 5475 Colb.
2937 5421 2991 5472 2.

2225 5486 2314 5565 89)
2346 5494 2482 5550 Cod.
2518 5494 2576 5565 P.
2608 5489 2891 5546 δυσωπῶν.
2915 5490 3080 5565 Hunc
3100 5487 3291 5565 locum
3318 5486 3622 5565 reddimus
3641 5502 3782 5565 cum

2129 5560 2388 5621 Co‘mbef.
2423 5564 2629 5620 Billius
2661 5566 2946 5620 verterat:
2978 5563 3083 5617 Ea:
3111 5560 3195 5617 ad
3224 5560 3560 5629 Gregorium
3579 5560 3785 5631 episto-

2131 5635 2217 5693 las
2243 5638 2482 5709 scripsit,
2515 5637 2707 5709 quibus
2735 5636 2917 5764 ipsum
2943 5632 3152 5707 pudore
3179 5632 3413 5708 quodam
3431 5638 3485 5691 et
3515 5644 3780 5691 reveren-

2131 5710 2209 5764 tia
2230 5710 2309 5764 ad
2347 5708 2587 5764 reditum
2608 5708 2754 5764 imos
2779 5706 2931 5764 (erat.

2130 5710 2209 5771 tia
2230 5710 2309 5768 ad
2347 5706 2587 5767 meum
2608 5706 2931 5784 impelleret.
