4096 6288
338 436 431 493 261

1320 427 1687 492 AUCTORE
1734 426 2130 490 GREGOltIO
2174 428 2719 492 PRESBYTERO.

3603 439 3720 499 262

344 565 503 640 μένος,
539 563 883 639 ἐπιμελητὴς
925 565 1029 617 τῶν
1082 564 1363 638 θησαυρῶν
1562 559 1842 634 καταστὰς,
1873 562 1961 615 καὶ

2109 565 2409 632 ommissa,
2444 581 2510 620 ac
2560 566 2965 622 thesaurorum
3015 583 3174 638 cura,
3233 568 3719 645 publicarumque

338 656 516 729 ταμίας
548 659 653 709 τῶν
706 651 988 727 δημοσίων
1035 649 1338 729 χρημάτων
1387 653 1522 726 (91),
1572 650 1625 707 ἐν
1669 655 1748 724 τῷ
1795 654 1968 728 καιρῷ

2107 653 2456 710 ιεουοίατυω
2489 659 2783 725 quaestura
2817 655 3093 712 mandata
3138 656 3349 729 fuerat,
3408 660 3549 715 dum
3596 679 3718 718 ma-

337 747 419 814 τῆς
466 746 645 821 ἀρχῆς
697 740 950 799 ἐτελεύτα
994 743 1085 797 τὸν
1140 740 1277 815 βίον*
1329 737 1432 796 ἔδει
1486 738 1543 796 δὲ
1588 742 1724 796 κατᾶ
1769 740 1969 814 νόμους

2107 742 2388 810 :istratum
2421 748 2657 816 generet
2685 743 2859 799 vitam
2893 761 3027 800 cum
3049 750 3235 802 morte
3267 756 3719 821 commutasset,

339 842 423 904 τῆς
477 834 536 889 τέ
589 833 775 895 οὐσίας
828 836 926 889 τοῦ
972 828 1165 895 παιδὸς
1212 832 1302 887 τὸν
1361 832 1568 908 πατέρα
1621 828 1967 907 κληρονόμον

339 921 709 1000 ἀναδειχθῆναι
761 924 895 997 (92),
942 921 1031 977 καὶ
1080 922 1175 984 τὰς
1217 920 1492 997 έναγωγὰς
1521 923 1629 975 τῶν
1678 918 1973 975 κινούντων

338 1014 459 1069 κατὰ
504 1018 601 1067 τοῦ
649 1010 948 1087 οἰχομένου
997 1010 1078 1089 ἐφ’
1134 1013 1319 1067 ἑαυτὸν
1374 1011 1800 1084 μεταστήσασθαι
1851 1029 1971 1062 συν-

338 1098 423 1173 έϐη
475 1102 677 1174 πολλῷ
726 1101 955 1177 ταράχῳ
1000 1101 1092 1156 τὸν
1147 1102 1312 1177 μέγαν
1374 1098 1716 1170 ἐνειληθῆναι
1762 1096 1973 1173 Γρηγό-

341 1214 467 1269 ριον,
518 1189 743 1247 πολλῶν
803 1187 1031 1263 κομιδῆ,
1084 1191 1171 1244 οἵα
1226 1194 1397 1244 κυνῶν
1443 1186 1853 1263 ἐπιδραμόντων
1903 1189 1972 1261 τῇ

342 1283 490 1357 θήρᾳ,
554 1280 771 1358 ἐρήμην
830 1278 1095 1353 οἰομένων
1158 1278 1423 1354 λήψεσθαι
1480 1279 1579 1347 τὴν
1640 1277 1819 1333 οὐσίαν
1878 1280 1975 1331 τοῦ

339 1369 770 1440 τελευτήσαντος.
813 1368 912 1423 Καὶ
944 1369 971 1423 ὁ
1008 1368 1101 1441 μὲν
1148 1370 1352 1446 πατὴρ,
1402 1370 1549 1445 γήρᾳ
1593 1388 1652 1423 τε
1691 1367 1781 1422 καὶ
1835 1365 1977 1439 νόσῳ

340 1460 616 1538 καμφθεὶς,
647 1457 965 1530 έννεήκοντα
1008 1456 1115 1529 ἤδη
1173 1456 1442 1529 διηνυκὼς
1472 1454 1588 1529 ἔτη,
1618 1458 1717 1526 τήν
1771 1455 1830 1511 έκ
1871 1459 1979 1511 τῶν

344 1546 695 1623 δικαστηρίων
750 1542 1040 1622 συντριϐἡν
1081 1546 1257 1627 φέρειν
1304 1546 1404 1603 οὐκ
1450 1545 1678 1603 ἔσθενεν⁹
1731 1548 1807 1610 εἱς
1852 1549 1978 1601 τοῦ-

342 1660 423 1693 τον
475 1636 542 1707 δὴ
592 1635 683 1693 οὖν
725 1643 869 1692 πᾶσα
899 1640 933 1708 ἡ
988 1638 1208 1715 φροντὶς
1255 1636 1586 1715 περιίστατο.
1618 1634 1773 1707 Πλήν
1802 1656 1862 1713 γε
1910 1631 1976 1705 δὴ

342 1729 534 1804 ἡπρὸς
580 1733 761 1804 γονεῖς
805 1727 1057 1803 θεραπεία
1103 1727 1192 1782 καὶ
1239 1727 1306 1783 τὰ
1349 1726 1587 1804 δυσχερῆ
1633 1727 1978 1801 κατεμέριζεν

344 1814 517 1872 ἐλπίδι
567 1822 675 1872 τῶν
728 1816 1159 1890 ἐναποκειμένων
1206 1818 1410 1891 μισθῶν
1460 1819 1599 1891 (93),
1650 1815 1703 1871 οἳ
1749 1820 1863 1877 τοῖς
1908 1813 1983 1877 είς

340 1908 520 1982 γονέας
552 1901 900 1978 εὐσεϐήσασιν
929 1905 1364 1982 ἐπηγγέΛθησαν.

410 2105 648 2179 Ἐγένετο
697 2100 755 2157 δὲ
796 2100 887 2157 καί
933 2123 987 2157 τι
1032 2105 1279 2157 τοιοῦτον
1326 2108 1429 2171 τῆς
1481 2102 1825 2175 ’Δρειανικῆς
1870 2102 1979 2175 (94)

342 2193 591 2269 αἱρέσεως
642 2190 730 2247 διὰ
774 2196 881 2246 τῶν
934 2190 1252 2265 πνευμάτων
1298 2197 1398 2260 τῆς
1449 2191 1715 2266 πονηρίας
1754 2188 1979 2244 ἐπικλυ-

344 2283 537 2353 ζούσης
582 2283 680 2349 τῆν
726 2279 1073 2351 Ἐκκλησίαν.
1128 2279 1340 2336 Πολλοὶ
1390 2284 1497 2336 τῶν
1547 2280 1846 2355 ἀρχιερέων
1878 2284 1984 2334 τῶν

342 2372 553 2428 πόλεων
603 2369 1069 2445 ὑπερωρίσθησαν,
1118 2369 1320 2431 αίκίαις
1364 2390 1423 2423 τε
1477 2367 1848 2444 πολυτρόποις
1894 2369 1984 2423 καὶ

342 2459 714 2537 συκοφαντίαις
758 2455 1102 2531 ἐκδεδομένοι
1132 2479 1144 2491 ·
1196 2459 1360 2527 ἱερεῖς
1406 2478 1465 2512 τε
1512 2457 1600 2512 καὶ
1652 2455 1793 2512 λαοῦ
1842 2479 1986 2529 παμ-

342 2550 525 2620 πληθῆ
580 2551 897 2622 συστήματα
944 2548 995 2603 ἐν
1027 2546 1269 2622 ὑπαίθρῳ
1318 2545 1812 2622 ἐταλαιπωροῦντο,
1865 2543 1988 2601 οὕτε

344 2638 522 2702 οἴκους
577 2644 893 2714 προσευχῆς
942 2632 1182 2711 ἔχοντες,
1231 2634 1353 2693 οὕτε
1399 2643 1499 2705 τῆς
1547 2634 1607 2691 ἐκ
1650 2640 1759 2691 τῶν
1801 2635 1984 2708 νόμων

342 2725 690 2797 δικαιοσύνης
734 2732 851 2787 τοῖς
898 2720 1138 2781 ἀσεϐέσιν
1196 2725 1247 2797 ἐξ
1288 2721 1404 2779 ἴσου
1456 2720 1986 2798 μεταλαμϐάνοντες,

340 2819 510 2872 πάντα
558 2813 756 2890 σχεδόν
800 2822 900 2884 τῆς
950 2814 1207 2890 αἱρέσεως
1256 2808 1626 2883 ἐπιλαϐούσης
1654 2814 1721 2868 τὰ
1761 2813 1986 2889 πέρατα,

344 2908 601 2981 βασιλικῇ
632 2926 691 2959 τε
730 2903 879 2979 χειρὶ
909 2901 999 2958 καί
1050 2898 1266 2973 ἀσεϐείᾳ
1313 2903 1733 2978 θρασυνομένης.
1790 2900 1986 2973 Ἐδόθη

347 2993 385 3049 δ’
432 2996 522 3049 οὖν
577 2992 859 3069 παρῥησία
912 2997 1029 3053 τοῖς
1105 2991 1377 3066 ὀλεθρίοις
1431 2992 1657 3064 ποιμέσι
1691 3036 1705 3061 ,
1763 2991 1852 3045 καὶ
1910 2995 1991 3062 τῷ

355 3085 529 3158 ἡμέρῳ
558 3079 750 3153 κωδίῳ
781 3083 893 3153 (95)
921 3079 1013 3134 τὸν
1049 3078 1213 3133 λύκον
1245 3078 1732 3154 περικαλύπτουσι,
1775 3078 1986 3150 ἐξωθεῖν

346 3172 461 3233 τοὺς
514 3169 745 3231 πιστοὺς
805 3167 1131 3244 ἀρχιερέας,
1177 3167 1265 3223 καὶ
1310 3173 1408 3222 τοῦ
1456 3170 1677 3233 πρώτου
1727 3168 1990 3242 ποιμένος

344 3261 520 3329 ἀξίους
579 3262 843 3333 Χριστοῦ.
903 3256 1085 3330 Ταύτῃ
1139 3261 1265 3332 γοῦν
1326 3253 1459 3313 ἔνιοι
1521 3260 1615 3330 μὲν
1676 3253 1831 3335 φόϐῳ
1878 3261 1992 3333 (96)

341 3347 798 3420 καταπλαγέντες,
846 3347 899 3399 οἱ
953 3342 1011 3399 δὲ
1057 3342 1367 3407 κολακείαις
1427 3349 1843 3418 μαΛακισθέντες
1878 3391 1893 3416 ,
1952 3348 1987 3417 ἢ

343 3440 627 3511 χρήμασιν
680 3434 1042 3504 ἡττηθέντες,
1103 3430 1276 3509 ἕτεροι
1336 3431 1393 3489 δὲ
1450 3434 1720 3504 ἁπλότητι
1774 3436 1993 3511 τρόπων

341 3523 744 3602 φενακισθέντες
777 3569 792 3593 ,
844 3523 907 3576 τὸ
965 3518 1156 3598 δέλεαρ
1201 3530 1302 3592 τῆς
1359 3523 1611 3597 αἱρέσεως
1666 3521 1995 3599 καταδέχον-

340 3635 451 3677 ται,
484 3616 671 3689 γραφῇ
720 3631 780 3666 τε
828 3610 1016 3685 χειρὸς
1064 3610 1153 3664 καὶ
1202 3611 1458 3683 κοινωνίᾳ
1486 3613 1831 3689 συναφθέντες
1879 3618 1993 3675 τοῖς

341 3700 676 3761 ὑπεναντίοις
705 3702 843 3774 (97).
874 3700 969 3752 Ὧν
1020 3699 1094 3759 εἷς
1143 3700 1210 3769 ἦν
1259 3700 1349 3754 καὶ
1382 3701 1410 3753 ὁ
1438 3704 1535 3754 τοῦ
1581 3700 1845 3777 μακαρίου
1891 3721 1993 3755 πα-

336 3793 445 3867 τὴρ
480 3836 497 3862 ,
554 3788 899 3862 ἀκεραιότητι
956 3788 1184 3862 γνώμης
1256 3793 1336 3861 τῷ
1410 3788 1688 3865 ἀγκίστρῳ
1744 3811 1992 3865 περιπε-

336 3881 449 3934 σών
508 3881 646 3951 (98).
686 3881 884 3931 Τοῦτον
1098 3878 1148 3931 οῖ
1196 3880 1294 3946 τῆς
1351 3879 1539 3954 χώρας
1598 3879 1855 3952 μονασταὶ
1916 3880 1993 3952 μὴ

337 3967 737 4042 ἀνασχόμενοι,
768 3968 866 4035 τῆς
894 3965 1179 4027 κοινωνίας
1210 3965 1373 4021 αύτοῦ
1416 3967 1835 4040 ἀποτέμνονται,
1878 3990 1996 4024 συν-

337 4057 549 4124 απέστη
585 4053 644 4109 δὲ
672 4054 857 4116 αὐτοῖς
904 4055 992 4109 καὶ
1039 4059 1137 4109 τοῦ
1186 4053 1321 4111 λαοῦ
1373 4055 1535 4131 μέρος
1587 4056 1647 4111 ού
1686 4058 1749 4111 τὸ
1785 4058 1993 4132 βραχύ-

332 4165 522 4215 τατον,
562 4148 631 4217 τῇ
689 4144 997 4215 ἀξιοπιστίᾳ
1045 4148 1152 4198 τῶν
1209 4146 1457 4214 ἀσκητῶν
1510 4145 1753 4220 ἀτεχνῶς
1812 4146 1995 4218 ἐξακο-

335 4231 707 4303 λουθήσαντες

414 4340 472 4395 Τί
507 4338 600 4394 οὖν
634 4340 663 4393 ὁ
685 4336 783 4394 τοῦ
813 4343 946 4393 Θεοῦ
994 4339 1239 4415 θεράπων
1274 4359 1287 4407 ;
1318 4342 1395 4395 Τὰ
1445 4340 1539 4414 μὲν
1589 4347 1779 4417 πρῶτα
1817 4340 1994 4397 λιταις

337 4450 399 4484 τε
442 4430 535 4483 καὶ
585 4427 875 4503 παννυχίσι
921 4429 1013 4483 τὸν
1064 4430 1192 4483 Θεὸν
1241 4428 1624 4502 ἐξευμενίζετο,
1676 4429 1856 4485 δοῦναι
1904 4431 1997 4485 λύ-

346 4539 425 4570 σιν
451 4522 551 4573 τοῦ
598 4521 793 4587 κακοῦ,
846 4515 934 4571 καὶ
981 4524 1080 4586 τῆς
1121 4514 1434 4593 διαιρέσεως
1479 4521 1557 4592 (2)
1597 4520 1839 4593 γενέσθαι
1872 4542 1993 4576 συν-

350 4606 578 4661 culmen:
614 4652 631 4677 ,
696 4606 908 4675 mva
965 4626 1025 4659 τε
1077 4610 1175 4661 τοῦ
1234 4604 1407 4683 λέγειν
1468 4608 1641 4680 ἑαυτῷ
1699 4607 1947 4680 ἐπιτάξας
1978 4656 1993 4683 ,

2081 848 2146 886 ac
2179 836 2422 903 patrem,
2455 836 2520 887 ut
2548 832 2705 905 leges
2721 833 3000 904 ferebant,
3014 834 3191 890 simul
3222 841 3276 892 et
3305 836 3410 892 ﬁlii
3432 837 3719 897 haeredem

2081 917 2386 987 declarari,
2420 923 2476 974 et
2521 921 2774 976 actiones
2811 937 3035 993 eorum,
3090 924 3187 994 qui
3243 924 3405 982 litem
3452 928 3723 985 defuncto

2084 1007 2410 1076 movebant,
2445 1009 2706 1081 excipere
2738 1014 2911 1081 atque
2943 1010 3001 1067 in
3033 1029 3094 1068 se
3141 1016 3457 1072 transferre
3487 1034 3722 1076 necesse

2083 1101 2320 1153 essent:
2352 1098 2582 1169 magnis
2614 1099 3001 1173 gravibusque
3057 1103 3408 1161 tumultibus
3450 1106 3724 1179 Gregorio

2082 1184 2294 1241 involvi
2326 1186 2587 1258 contigit,
2622 1188 2929 1258 permultis
2985 1190 3245 1249 videlicet
3296 1193 3481 1251 instar
3511 1213 3724 1253 canum

2086 1274 2158 1330 ad
2216 1275 2468 1346 praedam
2509 1277 2969 1348 accurrentibus,
3029 1298 3094 1337 ac
3150 1284 3363 1340 mortui
3420 1286 3730 1344 facultates

2086 1361 2248 1420 nullo
2279 1363 2592 1421 obsistente
2620 1383 2683 1422 se
2712 1373 3046 1441 arrepturos
3072 1372 3729 1434 existimantibus.Nam

2087 1458 2273 1525 pater,
2306 1459 2363 1509 et
2393 1459 2688 1512 senectute
2731 1462 2787 1513 et
2852 1459 3055 1515 morbo
3114 1462 3332 1518 fractus
3389 1466 3733 1536 (nonaginta

2088 1542 2243 1599 enim
2259 1544 2386 1615 jam
2417 1544 2544 1599 vita
2574 1563 2759 1603 annos
2792 1547 3137 1621 expleverat)
3187 1551 3549 1622 judiciorum
3608 1559 3731 1610 tur-

2089 1631 2195 1688 bas
2226 1631 2643 1706 molestiasque
2666 1636 3169 1706 perferreminime
3200 1640 3451 1698 valebat:
3473 1643 3736 1716 obidque

2091 1721 2163 1777 ad
2195 1721 2353 1777 hunc
2412 1726 2529 1779 tota
2560 1740 2833 1781 curarum
2866 1725 3049 1782 moles
3081 1729 3511 1788 devolvebatur.
3553 1734 3733 1789 Caete-

2092 1827 2223 1866 rum
2246 1817 2553 1883 parentum
2592 1814 2787 1869 cultus
2820 1814 3117 1872 molestias
3165 1817 3411 1887 levabat,
3446 1838 3609 1893 spem
3643 1838 3737 1877 ea-

2094 1917 2223 1956 rum
2254 1901 2629 1971 praemiorum
2661 1903 2929 1971 efferens,
2962 1921 3091 1976 quas
3118 1905 3272 1977 ﬁliis,
3304 1914 3573 1979 parentes
3614 1911 3739 1967 ofﬁ-

2089 1988 2244 2045 ciose
2273 1989 2482 2061 pieque
2511 1990 2855 2061 colentibus,
2890 1994 3179 2065 promissa
3209 2002 3366 2052 sunt.

2160 2096 2264 2151 Hic
2277 2114 2504 2167 quoque
2523 2097 3157 2171 bujusmodiquiddam
3180 2103 3253 2157 ab
3282 2104 3495 2159 Ariana
3511 2106 3737 2173 haeresi,

2091 2202 2219 2256 quae
2274 2202 2375 2256 per
2430 2186 2703 2257 nequitiae
2760 2189 3003 2259 spiritus
3060 2190 3373 2246 Ecclesiam
3433 2194 3736 2266 obruebat,

2092 2274 2320 2330 accidit.
2355 2274 2623 2344 Plerique
2670 2276 2960 2333 antistites
2991 2279 3048 2333 in
3107 2278 3376 2334 exsilium
3431 2283 3545 2337 acti
3576 2291 3736 2351 sunt,

2096 2362 2637 2434 multiplicibusque
2669 2366 2979 2422 tormentis
3026 2366 3454 2440 calumniisque
3506 2373 3739 2429 vexati:

2096 2451 2449 2516 sacerdotes,
2483 2468 2547 2506 ac
2582 2453 3056 2509 numerosissimi
3080 2457 3277 2527 populi
3309 2464 3491 2514 cretus
3523 2461 3742 2517 subdio

2097 2539 2554 2605 afﬂictabantur,
2574 2557 2647 2595 ne
2669 2541 2874 2597 domos
2886 2542 3119 2613 quidem
3139 2546 3420 2602 orationis
3438 2547 3744 2618 habentes,

2098 2644 2204 2683 nec
2232 2627 2429 2700 legum
2459 2630 2732 2700 aequitate
2762 2647 2893 2686 cum
2927 2632 3126 2704 impiis
3156 2651 3225 2689 ex
3262 2652 3425 2707 aequo
3466 2638 3743 2705 fruentes,

2097 2715 2302 2771 haeresi
2335 2717 2615 2772 nimirum
2657 2736 2859 2775 omnes
2889 2720 3007 2775 fere
3037 2722 3195 2777 orbis
3224 2724 3372 2779 ﬁnes
3402 2731 3744 2797 occupante,

2097 2804 2380 2877 impiique
2411 2806 2781 2878 imperatoris
2811 2826 2919 2880 ope
2948 2814 3124 2881 atque
3150 2812 3366 2868 auxilio
3410 2815 3748 2872 subnitente

2100 2910 2166 2949 ac
2196 2895 2526 2951 ferociente.
2577 2900 2863 2952 Concessa
2918 2904 3007 2954 est
3044 2900 3241 2971 itaque
3293 2901 3525 2958 licentia
3554 2906 3749 2975 perni-

2100 2983 2277 3038 ciosis
2307 2983 2664 3053 pastoribus,
2709 2990 2765 3040 et
2806 2986 2915 3041 sub
2975 2997 3281 3044 mansueta
3336 2991 3485 3061 pelle
3540 2991 3749 3063 lupum

2099 3072 2450 3142 tegentibus,
2484 3073 2683 3129 ﬁdeles
2712 3076 3037 3147 episcopos,
3071 3082 3126 3131 et
3156 3077 3386 3134 Christo
3427 3080 3616 3151 primo
3646 3099 3748 3154 pa-

2100 3165 2256 3215 store
2284 3161 2516 3232 dignos,
2538 3163 2906 3218 exturbandi.
2941 3168 3062 3230 Quo
3120 3167 3335 3222 factum
3390 3173 3498 3235 est,
3532 3174 3596 3224 ut
3650 3170 3750 3225 alii

2101 3252 2410 3305 verborum
2432 3249 2721 3306 illecebris
2752 3250 2999 3320 deliniti,
3050 3262 3152 3309 aut
3206 3257 3470 3327 pecuniis
3499 3259 3748 3329 subacti,

2106 3338 2203 3393 alii
2254 3355 2487 3394 morum
2543 3340 2919 3411 simplicitate
2971 3343 3218 3415 decepti,
3272 3345 3507 3402 haaresis
3555 3364 3751 3403 escam

2107 3428 2495 3499 susceperint,
2528 3428 2915 3503 chirographo
2940 3449 3047 3487 suo
3087 3437 3144 3488 et
3174 3436 3584 3492 communione
3614 3454 3751 3492 cum

2106 3515 2455 3572 adversariis
2486 3517 2803 3586 conjuncti.
2827 3519 2949 3583 Quo
2981 3520 3041 3575 in
3064 3538 3308 3578 numero
3339 3524 3493 3579 beati
3522 3542 3752 3596 quoque

2107 3603 2285 3676 hujus
2316 3605 2421 3660 viri
2452 3611 2617 3677 pater
2644 3614 2786 3677 erat,
2810 3609 2993 3664 animi
3013 3609 3386 3682 simplicitate
3414 3613 3472 3667 in
3505 3614 3751 3670 hamum

2106 3696 2437 3767 prolapsus.
2472 3698 2633 3763 Quod
2685 3697 2846 3753 illius
2894 3700 3112 3755 factum
3170 3718 3303 3756 cum
3363 3704 3752 3773 provinciales

2107 3784 2377 3840 monachi
2406 3785 2554 3840 ferre
2580 3802 2693 3841 non
2745 3792 3006 3858 possent,
3065 3788 3137 3843 ab
3183 3789 3369 3860 ipsius
3390 3807 3452 3845 se
3479 3807 3753 3847 commu-

2106 3873 2280 3928 nione
2310 3873 2702 3942 abscindunt;
2735 3875 3028 3947 simulque
3058 3877 3341 3933 abscessit
3386 3895 3520 3949 pars
3551 3881 3755 3951 populi

2106 3961 2263 4017 haud
2328 3963 2558 4034 exigua,
2618 3964 3038 4020 monachorum
3091 3966 3494 4022 auctoritatem
3555 3976 3755 4040 aperte

2104 4058 2326 4111 secuta.

2177 4340 2327 4403 Quid
2359 4339 2539 4411 igitur
2568 4339 2663 4395 hic
2712 4341 2938 4396 consilii
2970 4342 3125 4414 capit
3177 4343 3273 4399 Dei
3332 4360 3535 4401 servus
3579 4346 3607 4401 ?
3635 4344 3758 4402 Pri-

2106 4442 2270 4481 mum
2304 4427 2665 4482 orationibus
2695 4432 2752 4482 et
2775 4428 2990 4500 vigiliis
3034 4429 3217 4484 Deum
3278 4432 3507 4503 placare
3539 4435 3754 4501 studet,

2106 4518 2178 4571 ab
2206 4533 2389 4587 eoque
2417 4517 2730 4588 impetrare
2762 4524 2826 4573 ut
2879 4520 2986 4574 hoc
3019 4520 3242 4576 malum
3276 4522 3524 4591 aboleat,
3580 4524 3754 4579 dissi-

2107 4605 2386 4675 diumque
2418 4611 2687 4661 exortum
2719 4606 2987 4661 cicatrice
3008 4609 3263 4664 obducat
3294 4627 3306 4665 :
3341 4610 3761 4682 silentiumque

350 4695 435 4747 καὶ
483 4696 630 4751 οὕτω
679 4694 742 4749 τὸ
788 4695 1101 4770 σκυθρωπὸν
1162 4692 1564 4768 ἐνδεικνύμενος
1594 4716 1606 4729 ’
1659 4697 1771 4751 εἶτα
1819 4700 1987 4753 νουθε-

2107 4695 2220 4750 sibi
2244 4695 2467 4763 indicit,
2510 4702 2575 4752 ut
2626 4698 2808 4752 animi
2868 4700 3209 4755 maestitiam
3269 4701 3377 4756 hac
3408 4702 3630 4757 ratione
3659 4704 3761 4757 de-

342 4785 507 4853 τῆσας
547 4786 642 4839 τὸν
691 4780 897 4859 πατέρα
943 4784 1270 4859 συγγνώμην
1319 4783 1535 4856 αἰτῆσαι
1580 4790 1683 4841 τοῦ
1726 4786 2000 4861 πταίσμα-

413 4966 527 5037 (90)
573 4965 866 5041 Οοᾴ-ΟΓ.
927 4963 1105 5019 habet
1158 4966 1266 5017 τῶν
1329 4960 1625 5038 βασιλικῶν
1688 4968 1999 5041 θησαυρῶν,

336 5038 702 5108 imperatoris
721 5037 1115 5108 thesaurorum
1132 5052 1287 5091 cura.

413 5106 527 5207 (91)
564 5109 700 5163 Cod.
736 5108 793 5163 Ρ.
828 5106 1182 5207 πραγματων.
1481 5177 1496 5193 ’
1750 5180 1781 5191 ν
1920 5179 1933 5195 ο

416 5182 503 5207 ιη.)
565 5180 798 5207 ὶιηκιηη
853 5188 905 5207 ..ο
941 5197 965 5207 η
1002 5196 1034 5207 ..
1070 5179 1182 5207 λιιι
1237 5177 1437 5207 ..Αιηηι
1473 5174 1858 5207 ---ἓηηηωηη
1918 5197 1931 5207 .

413 5128 527 5207 (ω)
564 5128 700 5163 nou.
736 5128 793 5163 r.
828 5128 1182 5232 πραγματων.
1481 5177 1496 5193 ’
1750 5180 1781 5191 η
1920 5179 1933 5195 ο

413 5182 528 5249 {93,
564 5180 817 5253 Montac.
852 5188 1038 5253 etalt
1069 5179 1204 5253 edit.
1237 5177 1440 5233 volunt
1470 5174 1884 5253 αποδειχθηναι,
1918 5183 1998 5236 ita

330 5253 517 5307 etiam
549 5252 679 5306 cod.
714 5250 809 5306 Or.
859 5249 1080 5306 scilicet
1108 5250 1494 5305 demonstrari.

409 5325 529 5392 (93)
564 5324 656 5377 Sic
687 5322 844 5377 Colb.
882 5324 907 5376 1
972 5326 1029 5376 et
1180 5321 1316 5376 edit.
1379 5318 1561 5376 ἐλπίδι
1616 5320 1705 5375 καὶ
1752 5324 1861 5375 τῶν
1914 5320 1998 5376 ἐν·

330 5390 743 5465 αποκειμένων.
778 5395 917 5449 Cod.
955 5393 1053 5448 Or.
1081 5390 1473 5464 ἀποκειμένων.

406 5466 527 5537 (94)
726 5465 820 5521 0r.
860 5465 1164 5537 Ἀρειανῆς2

406 5530 523 5609 (95)
572 5536 668 5610 Καὶ
700 5539 778 5607 τῷ
806 5530 1007 5610 ἡμέρφ
1066 5530 1269 5610 κωδίῳ,
1301 5538 1352 5590 et
1398 5536 1494 5610 sub
1523 5540 1810 5610 mansueta
1833 5535 1999 5610 ρςιις,

330 5606 496 5665 velut
525 5606 799 5666 alludens
830 5606 902 5665 ad
926 5606 1334 5677 'Evangelium,
1357 5608 1455 5662 sub
1473 5609 1650 5664 ovina
1672 5606 1866 5679 pelle}
1887 5606 2002 5663 Bil-

2110 4784 2307 4840 claret.
2338 4789 2549 4841 Postea
2575 4791 2800 4858 patrem
2831 4788 2904 4843 ad
2934 4790 3167 4844 veniam
3208 4790 3392 4863 culpae
3424 4792 3759 4863 petendam,

2182 4963 2297 5087 %96)
2327 4961 2486 5046 Colb.
2510 4964 2579 5049 _1,.
2599 4968 2655 5019 et
2684 4964 2780 5048 0r.
2804 4966 2972 5049 codd.
3006 4965 3224 5053 Ἰῖαύτης
3280 4969 3408 5041 γοῦν
3470 4964 3602 5022 ἔνιοι
3662 4968 3757 5043 μὶν

2224 5053 2288 5087 ω’
2324 5035 2477 5087 Illms
2498 5040 2675 5087 zaztur
2704 5037 2947 5087 [menum
2974 5040 3080 5087 alzz
3109 5040 3325 5087 auzdem
3354 5049 3516 5087 metu-

2113 5033 2288 5111 9663):
2324 5035 2479 5111 (llius
2496 5036 2684 5111 igitur
2704 5037 2947 5111 licentiae
2974 5040 3083 5111 alii
3109 5033 3325 5110 quidem
3354 5049 3517 5095 metu.

2150 5107 2295 5231 ί(97)
2332 5106 2391 5161 In
2415 5108 2552 5162 edit.
2587 5108 2942 5180 quidusdam
2973 5106 3134 5165 sicut
3161 5114 3219 5166 et
3250 5111 3309 5166 in
3342 5112 3499 5169 Colb.
3532 5112 3588 5180 2,
3620 5108 3763 5166 ἐναν-

2170 5197 2273 5231 οις.

2111 5197 2273 5237 τιοις.

2183 5249 2305 5329 (98)
2354 5249 2489 5304 Cod.
2551 5249 2645 5305 0r.
2730 5248 2810 5321 τῷ
2876 5248 3148 5326 ἀγκίστρῳ
3204 5251 3542 5329 περιπαρείς,
3601 5255 3760 5310 hamo

2114 5321 2435 5390 transﬁxus.

2183 5389 2315 5464 (99),
2330 5392 2465 5446 Cod.
2500 5390 2595 5447 Or.
2624 5389 2822 5464 τούτῳ.

2291 5463 2511 5539 (Ξοὶβ.)
2537 5468 2594 5517 et
2614 5464 2747 5539 pod.
2877 5463 3121 5539 ἀτεχνῶς
3155 5463 3602 5538 Ξξακολουθῆσαν.

2208 5530 2263 5597 2)
2295 5534 2433 5590 Cod.
2459 5533 2552 5590 0r.
2610 5530 2959 5597 διαστάσεως.

2212 5606 2264 5687 3)
2300 5607 2383 5662 Ita
2411 5606 2577 5663 codd.
2608 5606 2704 5665 0r.
2735 5611 2791 5665 et
2819 5608 2879 5664 P.
2905 5608 2987 5666 ita
3020 5613 3077 5665 ct
3105 5609 3356 5672 Montac.
3384 5611 3450 5670 In
3468 5611 3605 5671 edit.
3631 5632 3763 5687 συμ-

332 5679 457 5737 lius
483 5683 659 5739 vertit
703 5681 806 5738 sub
844 5687 1042 5751 nostra
1071 5670 1214 5751 ρὲῑια
1263 5695 1285 5751 ;r
1310 5670 1448 5751 sane
1504 5670 2003 5751 quemadmodum
2114 5670 2349 5734 ϐιϐάέται.

334 5753 641 5814 nonnullis
673 5752 900 5833 placuit
930 5749 1081 5811 edit.
1104 5749 1244 5826 legit
1265 5749 1539 5829 ἡμετέρῳξ
