4096 6288
375 378 491 435 263

1488 368 1667 431 VITA
1720 372 1782 431 S.
1835 371 2207 431 GREGORII
2253 371 2642 434 THEOLOGI

3659 378 3778 439 264

372 508 793 579 veritatemque
827 522 967 569 pure
1010 509 1066 561 et
1122 505 1345 561 sincere
1376 504 1779 578 proﬁtendam,
1820 504 1988 560 horta

2126 524 2241 568 τος,
2291 505 2380 559 καὶ
2426 502 2769 581 ὁμολογῆσαι
2797 508 3046 579 καθαρῶς
3094 527 3151 561 τε
3180 506 3269 562 καὶ
3320 507 3631 586 εἰλικρινῶς
3678 511 3781 578 τήν

372 601 471 653 tur
504 614 516 652 :
551 602 725 668 atque
757 612 853 651 eos
884 597 980 667 qui
1017 600 1397 660 secesserant,
1458 595 1528 649 ad
1579 610 1931 650 consensum
1961 596 2018 648 et

373 685 741 743 concordiam
773 686 1044 740 adducit:
1078 684 1279 757 sicque
1307 700 1482 739 suum
1537 683 1805 738 Ecclesia:
1845 699 2016 738 orna-

370 778 496 830 tum
521 774 729 838 reddit,
750 773 1121 830 veneratione
1151 772 1431 828 nimirum
1465 771 1555 827 sui
1587 777 1862 841 utrosque
1893 788 2017 843 per-

370 879 631 935 movens,
662 868 883 934 patrem
926 877 1154 933 nempe,
1215 878 1281 916 ac
1328 860 1491 932 pium
1550 877 1803 933 gregem.
1864 859 2015 924 Quin

367 951 543 1007 etiam
574 950 940 1007 orationibus
972 950 1043 1006 de
1075 966 1215 1022 pace
1246 949 1467 1005 habitis
1500 948 1900 1005 celebritatem
1924 965 2016 1005 ex-

372 1039 604 1107 hilarat,
631 1038 911 1095 distracta
941 1055 1007 1094 ac
1037 1038 1225 1093 divisa
1262 1037 1527 1093 membra
1576 1036 2013 1109 conglutinans,

370 1134 427 1185 et
456 1127 724 1185 medendi
764 1127 1054 1183 celeritate
1098 1126 1447 1182 oblivionem
1501 1127 1683 1181 morbi
1744 1126 2011 1181 atl'erens.

370 1217 567 1273 Crates
595 1216 832 1289 quidam
856 1216 1170 1272 Thebanus
1200 1213 1408 1271 solitus
1439 1232 1566 1270 esse
1615 1215 1797 1270 fertur
1841 1214 2013 1271 dissi-

369 1307 572 1362 dentes
604 1307 809 1363 domos
866 1306 1046 1371 adire,
1086 1304 1621 1377 controversiasque
1677 1304 1910 1359 lenibus
1957 1307 2015 1359 et

368 1395 627 1468 paciﬁcis
658 1394 847 1451 verbis
889 1395 1233 1466 disceptare.
1266 1395 1337 1448 At
1366 1393 1461 1449 hic
1494 1397 1689 1448 noster
1717 1393 1886 1465 longe
1913 1410 2011 1449 su-

366 1486 730 1557 perior;non
757 1484 911 1540 enim
947 1483 1215 1555 privatim
1248 1481 1626 1553 quibusdam,
1654 1486 1719 1537 ut
1757 1482 1873 1551 ille,
1908 1483 2009 1538 sed

363 1574 647 1631 universas
704 1572 900 1646 patriis
956 1572 1325 1628 concordiam
1381 1571 1612 1626 reduxit
1664 1589 1677 1626 :
1737 1572 2011 1643 quodque

363 1662 685 1718 maximum
710 1665 816 1729 est,
852 1678 965 1716 non
997 1660 1066 1716 de
1089 1658 1350 1732 pecuniis
1375 1664 1476 1714 aut
1507 1658 1738 1729 injuriis
1771 1664 2007 1715 conten-

365 1752 639 1807 dentibus
688 1750 974 1806 arbitrum
1024 1766 1085 1805 se
1138 1749 1387 1821 priebuit
1434 1748 1556 1817 (ubi
1618 1765 1871 1821 persaepe
1921 1747 2008 1804 vel

2124 590 2405 665 ἀλήθειαν,
2454 592 2576 655 νούς
2626 614 2685 648 τε
2733 593 3068 656 ἀποστάντας
3127 590 3464 668 συμϐιϐάσας
3515 599 3592 673 (3)
3638 598 3779 672 πρὸς

2123 676 2512 755 συγκατάϐασιν
2562 681 2651 736 καὶ
2702 682 2979 755 ὁμόνοιαν,
3035 680 3281 738 ἀπέδωκε
3326 683 3417 739 τὸν
3463 685 3671 758 κόσμον
3703 690 3773 752 τῆ

2127 767 2454 843 Ἐκκλησίᾳ,
2506 768 2785 843 αἰδέσιμος
2845 770 3173 850 ἀμφοτέροις
3229 776 3435 851 φανεὶς,
3492 775 3658 850 πατρί
3712 796 3772 831 τε

2121 858 2213 912 καὶ
2243 858 2488 931 ποιμνίῳ
2528 858 2789 923 θεοσεϐεῖ.
2837 857 3126 932 Φαιδρύνει
3159 858 3217 915 δέ
3248 860 3434 936 λόγοις
3466 862 3771 937 εἰρηνικοῖς

2120 946 2219 1013 τήν
2251 948 2581 1022 πανήγυριν,
2632 946 2865 1021 συνάψας
2908 949 2975 1002 τὰ
3024 945 3304 1021 διεστῶτα,
3349 950 3440 1005 καὶ
3490 955 3568 1022 τῷ
3610 953 3769 1027 τάχει

2120 1037 2217 1089 τοῦ
2250 1033 2477 1109 ῗάματος
2511 1033 2686 1106 λήθην
2719 1034 3023 1108 ἐμποιήσας
3070 1037 3167 1093 τοῦ
3208 1037 3637 1115 ἀρῥωστήματος

2122 1124 2335 1198 Κράτης
2389 1125 2482 1197 μὲν
2537 1123 2629 1180 οὖν
2681 1124 2891 1202 λέγεται
2924 1127 2952 1181 ὁ
2982 1121 3244 1199 Θηϐαῖος,
3294 1132 3410 1190 τοῖς
3449 1128 3771 1200 στασιάζου-

2123 1234 2202 1267 σιν
2236 1212 2407 1276 ολκοις
2457 1213 2774 1291 ἐπιφοιτῶν,
2826 1212 3017 1291 λόγοις
3066 1215 3286 1291 εἷ’ρήνης
3336 1214 3624 1295 διακρίνειν
3671 1220 3770 1282 τὰς

2122 1300 2323 1377 ἔριδαςθ
2386 1301 2510 1358 ἀλλ’
2561 1302 2787 1358 ἐνταῦθα
2841 1302 2903 1359 τὰ
2958 1310 3141 1376 μεῖζον
3200 1305 3505 1381 πρόσεστιν
3558 1306 3622 1362 οὐ
3664 1308 3765 1384 γὰρ

2124 1388 2234 1462 ἰδίᾳ
2264 1390 2421 1462 τισὶν,
2457 1388 2635 1465 ὥσπερ
2667 1390 2892 1461 ἐκεῖνος,
2943 1390 3088 1447 ἀλλὰ
3133 1392 3289 1467 κοινῇ
3318 1398 3388 1467 τῇ
3418 1392 3638 1471 πατρίδι
3667 1402 3768 1464 τήν

2121 1479 2379 1553 ὁμόνοιαν
2440 1480 2761 1555 ἐπανήγαγε’
2820 1480 2909 1535 καὶ
2957 1480 3020 1535 τό
3077 1502 3140 1556 γε
3200 1483 3449 1558 μέγιστον
3486 1526 3502 1551 ,
3561 1483 3644 1539 ὅτι
3706 1485 3769 1539 ού

2119 1568 2241 1643 περὶ
2300 1569 2605 1644 χρημάτων
2752 1564 2958 1644 ὕϐρεων
3016 1565 3444 1646 ἀμφισϐητοῦσιν
3504 1567 3771 1645 ἐϐράϐευ-

2118 1676 2204 1711 σεν
2238 1655 2396 1728 (ὅπου
2423 1678 2483 1733 γε
2514 1660 2592 1731 (5)
2638 1655 2907 1719 πολλάκις
2952 1657 3042 1713 καὶ
3089 1661 3124 1728 ἠ
3172 1663 3415 1735 τυχοῦσα
3452 1660 3767 1735 παραίνεσις

2120 1743 2316 1820 ῥᾳδίως
2377 1741 2620 1821 ὤνησεν),
2674 1744 2819 1802 ἀλλά
2872 1747 2996 1822 περὶ
3051 1747 3284 1810 πίστεως
3339 1750 3711 1819 στασιάζουσιν
3744 1795 3762 1819 ,

360 1839 501 1897 levis
530 1839 851 1895 cohortatio
885 1838 1049 1894 facile
1070 1838 1351 1910 prodest),
1380 1838 1480 1894 sed
1507 1838 1576 1892 de
1595 1838 1705 1891 ﬁde
1737 1853 1994 1908 pugnan-

2116 1831 2235 1888 ἔνθα
2285 1832 2435 1911 φιλεῖ
2475 1839 2553 1907 τῷ
2613 1836 2821 1910 μεγέθει
2868 1840 2965 1890 τοῦ
3012 1836 3334 1912 πράγματος
3366 1840 3764 1911 συνεξισοῦσθαι

360 1929 643 1995 tibus,ubi
660 1927 882 1984 rixandi
903 1927 1164 1983 studium
1196 1926 1277 1982 rei
1300 1925 1761 1997 magnitudinem
1778 1941 1994 1997 requare

2116 1922 2204 1977 καὶ
2234 1923 2297 1977 τὸ
2327 1922 2661 2001 φιλόνεικον,
2694 1924 2769 1985 ὡς
2816 1924 2905 1979 καὶ
2952 1925 3078 1987 τοὺς
3134 1924 3261 1999 ἄγαν
3315 1926 3512 2000 σοφοὺς
3563 1926 3762 2004 λόγους

357 2017 525 2084 solet,
556 2035 622 2075 ac
656 2017 897 2090 proinde
925 2016 1303 2089 quantumvis
1362 2016 1619 2086 prudens
1678 2024 1731 2070 et
1779 2016 1994 2070 erudita

2120 2012 2310 2087 μικρὸν
2342 2012 2431 2067 καὶ
2466 2011 2629 2086 μόλις
2661 2012 2836 2067 ἀνύειν
2867 2016 2943 2087 (6)
2975 2010 3223 2069 δύνασθαι
3256 2016 3392 2092 πρὸς
3423 2017 3486 2071 τὸ
3534 2017 3763 2090 συνάψαι

358 2106 540 2163 oratio
593 2107 663 2163 ad
724 2107 1126 2179 componenda
1184 2105 1427 2161 dissidia
1486 2120 1692 2175 parum
1741 2121 2006 2176 aegreque

359 2195 605 2268 prolicit.

428 2285 729 2341 Enimvero
778 2288 1091 2356 postquam
1142 2282 1603 2339 Christianorum
1654 2282 2003 2355 perversitas

356 2391 421 2430 ac
453 2373 738 2430 dissoluta
770 2373 1019 2445 ignavia,
1066 2372 1164 2427 Dei
1226 2372 1757 2443 mandatorumque
1816 2372 2002 2442 ipsius

354 2467 713 2534 contemptu,
741 2462 907 2533 quasi
932 2462 1133 2516 morbo
1192 2460 1444 2531 quodam
1490 2460 1782 2531 laborans,
1815 2476 2001 2531 eoque

353 2566 651 2623 grassans,
684 2547 1649 2621 imperatoremChristoinfensum
1679 2548 1846 2604 nobis
1867 2565 1999 2605 sus-

352 2639 554 2695 citavit
582 2638 905 2711 (Julianum
937 2642 1250 2710 tyrannum
1284 2636 1435 2701 dico,
1467 2636 1568 2707 qui
1600 2637 1812 2693 avitam
1846 2636 1994 2693 Con-

350 2726 593 2783 stantini
628 2725 819 2799 Magni
872 2727 1047 2781 ﬁdem
1080 2741 1145 2780 ac
1196 2724 1461 2780 virtutem
1505 2725 1809 2781 contrariis
1840 2725 1995 2782 vitiis

348 2832 623 2889 superare
656 2815 900 2881 studuit,
933 2831 1178 2887 eamque
1217 2813 1290 2870 ob
1344 2830 1581 2869 causam
1634 2813 1995 2871 Christianos

347 2905 623 2961 omnibus
646 2904 800 2978 juris
832 2904 1117 2977 prasidiis
1149 2901 1419 2975 spoliare,
1455 2919 1567 2958 non
1619 2902 1852 2974 quidem
1885 2920 1993 2976 pu-

345 2994 497 3051 blico
518 2994 705 3050 edicto
735 2993 1197 3050 Christianorum
1232 2992 1694 3064 persecutionem
1734 2992 1993 3063 promul-

345 3101 512 3157 gans,
545 3084 641 3141 sed
684 3083 998 3151 voluntate,
1024 3083 1211 3154 iisque
1235 3082 1432 3150 rebus,
1479 3098 1626 3153 quas
1656 3084 1868 3137 tacitus
1890 3083 1992 3139 ad-

2112 2100 2178 2154 τά
2210 2097 2490 2157 διεστῶτα.

2183 2274 2405 2347 Ἐπειδή
2466 2274 2523 2332 δὲ
2572 2281 2648 2351 (7)
2692 2280 2726 2348 ἡ
2780 2284 3111 2355 Χριστιανῶν
3170 2280 3331 2335 κακία
3376 2280 3465 2336 καὶ
3516 2277 3759 2355 ἔκλυσις,

2110 2366 2506 2444 καταφρόνησιν
2551 2371 2682 2421 Θεοῦ
2729 2366 2818 2421 καὶ
2865 2372 2972 2422 τῶν
3022 2367 3187 2424 αὐτοῦ
3239 2367 3471 2425 ἐντολῶν
3521 2373 3760 2442 νοσήσα-

2108 2454 2173 2508 σά
2199 2458 2281 2526 (8)
2312 2475 2370 2510 τε
2396 2455 2484 2509 καὶ
2536 2455 2896 2528 μελετήσασα,
2949 2454 3232 2533 ἐπήγειρεν
3281 2460 3416 2531 ἡμῖν
3460 2460 3550 2514 τὸν
3595 2461 3754 2532 μισό-

2106 2562 2331 2619 χριστον
2386 2543 2755 2620 αὐτοκράτορα
2823 2543 3139 2619 (Ἰουλιανὸν
3212 2544 3269 2601 δὲ
3323 2549 3401 2622 (9)
3455 2545 3602 2623 λέγω
3656 2549 3753 2604 τὸν

2102 2631 2387 2708 τύραννον,
2417 2633 2478 2694 ὃς
2505 2634 2604 2701 τὴν
2635 2634 2965 2709 προγονικὴν
3015 2634 3193 2689 πίστιν
3242 2636 3331 2689 καὶ
3370 2636 3565 2711 ἀρετὴν
3596 2640 3755 2694 Κων-

2105 2720 2383 2775 σταντίνου
2428 2725 2524 2775 τοῦ
2589 2720 2845 2797 Μεγάλου
2908 2727 3025 2784 τοῖς
3072 2722 3335 2787 ἐναντίοις
3395 2725 3750 2799 ὑπερνικῆσαι

2104 2807 2499 2887 ἐφιλονείκησε,
2531 2811 2620 2865 καὶ
2652 2808 2741 2865 διὰ
2789 2815 2950 2866 τοῦτο
2994 2813 3208 2867 πάντων
3254 2810 3474 2868 δικαίων
3526 2815 3750 2871 ἀπεστέ-

2104 2918 2182 2975 ρει
2215 2898 2590 2975 Χριστιανοὺς,
2623 2899 2671 2953 εἴ
2700 2899 2789 2953 καὶ
2824 2901 2900 2973 μὴ
2936 2897 3189 2974 δημοσίῳ
3228 2902 3606 2977 προστάγματι
3634 2906 3751 2980 (10)

2099 2988 2191 3042 τὸν
2236 2992 2341 3042 τῶν
2396 2990 2729 3063 Χριστιανῶν
2778 2986 3021 3063 διωγμὸν
3072 2990 3438 3066 προκηρύξας,
3490 2990 3612 3046 ἀλλ’
3655 2992 3749 3048 οὖν

2099 3080 2178 3147 τῷ
2211 3076 2543 3151 βουλήματι,
2574 3076 2663 3131 καὶ
2696 3079 2779 3139 οῖς
2808 3098 2866 3132 τε
2896 3083 3114 3133 σιωπῶν
3147 3081 3263 3134 κατ’
3306 3081 3482 3135 αὐτῶν
3533 3078 3743 3157 ἔδρασε,

342 3189 546 3229 versus
569 3188 667 3228 eos
716 3173 1107 3244 perpetrabat,
1160 3171 1402 3243 profana
1449 3170 1773 3227 eruditione
1819 3176 1990 3243 atque

2107 3164 2189 3220 καὶ
2222 3167 2305 3227 οἷς
2349 3164 2731 3237 ἐνομοθέτησεν
2778 3164 3117 3236 Ἑλληνικῶν
3168 3165 3349 3243 λόγων
3398 3170 3485 3223 καὶ
3526 3168 3745 3225 παιδευ-

346 3261 609 3316 doctrina
641 3235 784 3333 ipsis
818 3235 1212 3330 interdice'ns).
1254 3259 1345 3315 Dei
1409 3259 1605 3330 itaque
1646 3235 1987 3330 aequanimi-

2107 3253 2285 3326 μάτων
2316 3235 2579 3328 ἀμοίρους
2610 3235 2744 3309 εἶναι
2774 3255 3167 3331 Χριστιανούς).
3199 3235 3261 3313 ’11
3294 3255 3385 3311 οὖν
3429 3258 3605 3334 ἀνοχὴ
3645 3264 3743 3315 τοῦ

342 3353 456 3413 tas,
491 3366 617 3421 quae
652 3348 936 3405 nefarium
970 3353 1026 3404 et
1081 3348 1497 3404 exsecrandum
1531 3347 1827 3403 hominem
1856 3349 1984 3405 diu-

344 3438 462 3494 tius
493 3437 680 3493 eﬂ'erri
713 3442 888 3509 atque
928 3437 1273 3493 insolescere
1301 3436 1985 3509 permiserat,postquam

342 3527 531 3600 ipsius
552 3527 985 3600 improbitatem
1008 3524 1167 3580 nulla
1187 3525 1424 3580 omnino
1440 3525 1778 3596 pmnitentia
1799 3526 1982 3600 frangi

340 3615 649 3688 perspexit,
685 3614 933 3687 gladium
960 3616 1185 3670 vibrans
1214 3615 1278 3681 9°,
1319 3630 1463 3685 quas
1495 3613 1681 3686 ipsius
1713 3616 1984 3685 impietas

340 3706 692 3775 merebatur,
726 3721 927 3777 pmnas
975 3702 1184 3776 exegit,
1244 3703 1302 3758 in
1350 3703 1731 3758 barbarorum
1767 3704 1983 3760 finibus

342 3794 652 3850 barbaram
697 3793 882 3867 ipsius
915 3798 969 3849 et
1001 3792 1316 3849 belluinam
1373 3792 1549 3847 vitam
1605 3793 1980 3864 abrumpens.

338 3883 468 3939 Mox
500 3900 748 3956 magnus
777 3884 1084 3956 Gregorius
1115 3882 1302 3954 ipsius
1324 3880 1514 3937 scelus
1546 3885 1602 3937 et
1622 3881 1980 3954 impietatem

334 3972 616 4028 invectiva
645 3973 902 4029 oratione
930 3971 1271 4044 proscindit,
1321 3987 1387 4026 ac
1443 3970 1793 4043 Sybariticas
1823 3974 1981 4027 Gras-

332 4076 531 4116 corum
564 4062 971 4131 obscenitates,
1007 4065 1346 4130 veteresque
1394 4058 1645 4125 fabulas,
1694 4075 1759 4114 ac
1787 4060 1984 4115 multi-

329 4149 497 4221 plicis
530 4149 849 4204 divinitatis
880 4164 1135 4204 errorem
1166 4148 1465 4218 detegens,
1501 4152 1673 4217 atque
1702 4148 1978 4204 omnibus

330 4238 402 4293 ob
433 4236 632 4293 oculos
683 4253 927 4308 ponens,
987 4252 1298 4291 commune
1344 4235 1664 4290 ludibrium
1724 4237 1977 4292 cordatis

328 4326 468 4380 viris
503 4325 825 4397 proposuit.
852 4325 961 4379 Sed
989 4325 1129 4397 quid
1163 4340 1408 4395 magnas
1440 4328 1495 4378 et
1526 4323 1783 4379 excelsas
1800 4325 1976 4395 hujus

328 4415 431 4470 viri
464 4413 668 4468 laudes
691 4413 971 4467 orationis
998 4412 1278 4467 brevitate
1310 4412 1660 4466 imminuere
1698 4429 1764 4467 ac
1802 4414 1971 4468 dede-

328 4519 460 4557 core
490 4501 727 4556 afﬁcere“
742 4500 1065 4572 aggredior,
1100 4499 1387 4570 planeque
1418 4500 1472 4553 in
1500 4500 1969 4557 contrariumire.

2096 3345 2251 3411 Θεοῦ,
2284 3342 2370 3398 ἐπὶ
2402 3341 2545 3397 πολὺ
2574 3344 2665 3398 τὸν
2698 3341 2983 3420 ἀλιτήριον
3012 3347 3123 3417 (11)
3157 3345 3441 3419 ὑψωθῆναι
3479 3368 3742 3424 παραχω-

2096 3434 2323 3502 ρήσασα,
2358 3432 2431 3494 ὡς
2465 3432 2607 3507 ἑώρα
2635 3433 2915 3495 παντελῶς
2965 3433 3130 3488 αὐτοῦ
3178 3435 3278 3503 τὴν
3311 3436 3574 3510 πονηρίαν
3603 3436 3740 3509 ἀμε-

2093 3519 2401 3593 ταμέλητον
2454 3522 2587 3594 (12),
2620 3516 2968 3576 στιλϐώσασα
2989 3523 3087 3590 τὴν
3123 3521 3414 3599 ῥομφαίαν,
3461 3525 3606 3595 ἀξίαν
3632 3532 3736 3596 τῆς

2093 3604 2335 3671 ἀσεϐείας
2383 3606 2535 3679 δίκην
2584 3609 2975 3685 εἰσπράττεται,
3026 3610 3079 3665 ἐν
3108 3610 3259 3687 ὅροις
3311 3608 3597 3689 βαρϐάρων
3636 3616 3739 3684 τήν

2097 3693 2365 3773 βάρϐαρον
2397 3697 2561 3753 αὐτοῦ
2590 3699 2680 3753 καὶ
2727 3696 2974 3775 θηριώδη
3028 3701 3172 3769 ζωὴν
3223 3697 3553 3777 διαρῥήξασα
3600 3705 3738 3776 (13).

2089 3786 2290 3843 Λύτίκα
2320 3786 2348 3840 ὁ
2383 3787 2550 3862 μὲγας
2594 3787 2889 3862 Γρηγόριος
2939 3786 3245 3857 στηλιτεύει
3296 3789 3390 3861 μέν
3437 3790 3605 3844 αὐτοῦ
3635 3792 3737 3861 τὴν

2088 3874 2275 3929 κακίαν
2326 3874 2415 3929 καὶ
2462 3875 2561 3943 τήν
2612 3870 2897 3942 ἀσέϐειαν,
2940 3876 3035 3937 τάς
3104 3874 3161 3931 δὲ
3212 3872 3572 3950 Συϐαριτικὰς
3621 3881 3741 3953 (14)

2089 3962 2372 4034 Ἑλλήνων
2417 3962 2833 4039 αἰσχρολογίας,
2887 3965 2975 4018 καὶ
3017 3964 3144 4026 τοὺς
3196 3964 3463 4029 παλαιοὺς
3508 3967 3736 4039 μύθους,

2087 4053 2175 4108 καὶ
2206 4053 2303 4121 τήν
2335 4051 2601 4108 πολύθεον
2634 4051 2847 4122 πλάνην
2881 4051 2931 4107 ἐν
2963 4058 3083 4115 ταῖς
3115 4042 3362 4109 ἀπάντων
3394 4055 3731 4129 ἀπογυμνώ-

2088 4164 2182 4205 σας
2213 4137 2387 4215 ὄψεσι,
2435 4142 2616 4196 κοινὸν
2648 4146 2768 4203 τοῖς
2807 4146 3146 4219 σωφρονοῦσι
3178 4141 3457 4219 προῦθηκε
3493 4143 3729 4220 γέλωτα.

2086 4229 2259 4286 Ἀλλά
2285 4230 2339 4284 τί
2370 4227 2435 4300 δή
2465 4230 2532 4285 τά
2566 4228 2774 4306 μεγάλα
2801 4234 2899 4285 τοῦ
2945 4228 3136 4307 ἀνδρὸς
3175 4232 3264 4286 καὶ
3297 4232 3569 4309 ὑπέρογκα
3604 4235 3733 4310 βρα-

2085 4325 2177 4394 χεῖ
2222 4317 2375 4394 λόγῳ
2419 4317 2657 4395 ἐγχειρῶ
2703 4314 3066 4394 καθυϐρίζειν,
3116 4320 3205 4375 καὶ
3257 4320 3330 4383 είς
3384 4322 3446 4376 τὸ
3494 4321 3733 4377 ἐναντίον

2082 4409 2217 4463 ἰἑναι
2266 4413 2362 4462 τοῦ
2408 4407 2696 4470 ἐνεστῶτος
2741 4413 2967 4481 σκοποῦ,
3016 4408 3105 4463 καὶ
3136 4408 3187 4464 ἐν
3221 4414 3394 4486 καιρῷ
3443 4410 3734 4486 ἐγκωμίων

2083 4499 2216 4571 (15),
2248 4496 2336 4551 ὅτε
2377 4494 2457 4551 δεῖ
2507 4494 2744 4569 μάλιστα
2788 4498 2881 4552 τὸν
2928 4496 3336 4571 ἐπαινούμενον,
3387 4502 3454 4572 τῇ
3504 4496 3733 4573 διεξόδῳ

326 4607 503 4663 quam
537 4590 817 4645 orationis
848 4589 1184 4643 institutum
1210 4589 1373 4657 ferat,
1396 4587 1571 4659 idque
1617 4587 1970 4645 laudationis

2107 4587 2193 4654 16)
2244 4590 2350 4640 τῶν
2408 4586 2796 4661 πεπραγμένων
2856 4584 3227 4662 ἐπιδοξότερον
3285 4585 3549 4663 γίνεσθαι,
3612 4587 3727 4658 ἐξὸν

325 4685 586 4752 tempore
615 4678 755 4751 (quo
788 4676 1157 4749 potissimum
1194 4676 1252 4731 in
1285 4676 1391 4731 hoc
1422 4674 1836 4734 elaborandum
1861 4683 1972 4749 est,

395 4833 440 4868 9°
466 4832 623 4887 Psal.
655 4847 755 4900 vn,
794 4829 879 4884 13.

397 4982 475 5051 (4)
500 4982 679 5037 Codd.
712 4985 807 5035 Or.
843 4980 901 5035 P.
933 4984 993 5035 et
1022 4978 1180 5035 Colb.
1216 4984 1268 5042 1,
1297 4978 1397 5045 τῆς
1430 4975 1753 5051 ἀρᾑωστίας.

396 5050 473 5121 (5)
506 5056 572 5105 Γε
600 5053 764 5107 deest
788 5053 846 5107 in
880 5051 1045 5106 codd.
1079 5051 1237 5107 Colb.
1262 5052 1313 5115 1,
1345 5052 1402 5121 2,
1432 5050 1602 5106 et'Or.

396 5055 453 5121 (5
506 5056 572 5105 Γε
600 5054 764 5107 deest
788 5054 846 5107 in
880 5054 1045 5106 codd.
1079 5054 1237 5107 Colb.
1262 5054 1313 5115 1,
1345 5054 1402 5117 2,
1432 5056 1489 5106 et
1507 5054 1602 5105 Or.

324 5054 583 5248 awgzglta
612 5124 779 5179 codd.
816 5124 875 5179 P.
904 5121 1061 5178 Colb.
1097 5124 1146 5192 1,
1177 5122 1232 5191 2,
1256 5127 1312 5177 et
1335 5120 1429 5177 Or.
1444 5121 1701 5177 Combef.
1734 5121 1796 5179 In
1827 5121 1966 5178 edit.

2080 4673 2375 4751 ἐντυχόντα
2401 4680 2516 4736 τοῖς
2548 4672 2978 4745 στηλιτευτικοῖς
3029 4674 3213 4753 λόγοις
3261 4679 3531 4751 σαυμάσαι
3580 4677 3641 4732 τό
3671 4698 3729 4733 τε

2075 4996 2184 5040 τως
2199 5021 2210 5033 .

2292 5051 2429 5127 Cod;
2463 5051 2582 5121 OL,
2617 5050 2984 5127 ἀπορρήξασα.

2174 5053 2242 5109 13
2292 5051 2429 5107 Cod.
2463 5051 2582 5121 OL,
2617 5050 2984 5127 ἀπορρήξασα.

2146 5050 2263 5209 (μέ)
2301 5116 2735 5209 ’ξςίυϐαριτγικάρςνζχ
2755 5125 2965 5209 illotus,
3001 5125 3387 5209 .voluptuosaf.
3435 5123 3633 5209 _Colb..
3672 5126 3722 5194 1,

2074 5189 2169 5255 τάξ
2205 5189 2263 5247 δὶ
2295 5189 2605 5267 ὑϐριστὲικάς
2654 5189 2959 5265 Ἑλλήνων,
2988 5189 3311 5267 ﬂagitipsas.
3339 5197 3398 5251 in
3428 5189 3729 5251 luxuriant

392 5269 469 5338 (7)
502 5265 565 5319 Δὲ
597 5265 836 5338 deestin
885 5265 1051 5320 codd.
1085 5264 1242 5338 Colbt
1309 5265 1360 5333 1,
1417 5267 1471 5332 2,
1533 5268 1590 5319 et
1645 5264 1741 5321 Or.
1793 5264 1966 5323 Paulo

2110 5260 2479 5338 retrahentes.
2521 5267 2660 5323 Cod.
2688 5268 2783 5322 Or.
2815 5260 3024 5338 habet
3066 5260 3475 5338 'Zuﬁagnnxa'ze.
3534 5273 3590 5323 et
3647 5269 3723 5323 ad

320 5333 857 5411 post'iideimicodd‘.
891 5339 1025 5390 Θεοῦ
1064 5354 1124 5389 κε
1153 5333 1261 5389 καί.

390 5410 466 5477 (8)
496 5410 631 5464 (ἶοίὶ.
661 5410 717 5465 Ρ.
753 5408 1011 5476 νοήσασα.

389 5476 467 5553 (9)
493 5478 561 5553 Δὲν
589 5482 745 5553 den-st
782 5480 837 5553 in
870 5476 1179 5553 cod._Colb,
1206 5477 1256 5549 1,
1294 5480 1351 5533 et
1377 5478 1474 5534 Or.

418 5546 503 5625 10)
535 5552 693 5625 Colb.
720 5552 778 5625 71,
805 5546 1055 5625 δημοσίῳ
1074 5546 1379 5625 πράγματι.

422 5554 482 5606 10
535 5554 693 5607 Colb.
730 5554 778 5615 1,
805 5554 1055 5621 δημοσίῳ
1074 5554 1181 5623 πρά

422 5554 503 5695 11)
534 5623 669 5697 de.
702 5624 821 5697 Ol},
855 5622 1181 5697 ﬁlﬁt‘ﬂptoy.

420 5685 497 5770 12;
552 5694 689 5752 Cod.
752 5685 871 5766 01".,
908 5685 1297 5771 ἀμετανόητον.
1320 5690 1568 5774 αοᾶεΡΊ
1603 5685 1960 5769 ἆμεταμελή-

2075 5304 2401 5422 :m'ar'ginem
2432 5310 2691 5422 legitur:
2722 5336 3061 5415 τρυφηλοὺς,
3091 5304 3726 5415 φιληδόνουςῗάεῖἱεὲἲξ

2073 5407 2301 5463 libidini
2327 5407 2649 5464 servientes.
2759 5407 2767 5413 ’
2836 5407 2847 5415 “

2142 5480 2257 5623 (15)
2286 5480 2421 5535 Cod.
2457 5480 2514 5534 P.
2549 5477 2847 5605 ἐγκωὲαου.

2170 5550 2237 5623 16
2285 5550 2373 5623 Ita
2402 5550 2640 5623 0011):!»
2729 5551 2847 5623 ι.οζ

2170 5550 2257 5617 16)
2287 5550 2373 5606 Ita
2402 5550 2640 5617 Colb.1,
2684 5550 2742 5615 2,
2772 5551 2871 5607 0r.
2902 5551 2965 5609 P.
3019 5555 3077 5611 et
3128 5551 3385 5612 Combef.
3442 5568 3548 5612 nec
3605 5566 3726 5612 non

1963 5669 1966 5672 .
2070 5617 2297 5697 antiqui
2327 5622 2465 5681 edit.
2498 5621 2706 5681 Billiul
2731 5617 2920 5702 ἐξόδῳ.
