4096 6288
316 349 412 411 265

1302 349 1668 410 AUCTORE
1714 346 2111 408 GREGORIO
2153 350 2668 411 PRESBY'I‘EHO

3571 350 3687 410 266

316 480 497 551 πλῆθος
524 488 629 551 τῆς
666 482 909 560 ἱστορίας
952 479 1040 537 καὶ
1087 482 1185 551 τὴν
1229 481 1513 556 ἁρμονίαν,
1564 478 1695 550 ὅσην
1726 501 1784 535 τε
1815 480 1934 556 εἶχε

2068 485 2111 537 it
2154 483 2225 553 is,
2259 484 2429 556 cujus
2459 482 2662 539 laudes
2704 482 3113 556 praedicantur,
3148 499 3348 539 rerum
3389 483 3692 553 gestarum

314 575 391 627 τοῦ
418 571 589 645 λέγειν
618 568 848 643 δύναμιν
877 590 891 639 ;

316 661 846 717 commemoratione
876 660 1084 716 clarior
1114 661 1260 733 ﬁat),
1295 677 1430 715 cum
1462 658 1644 715 cuivis
1689 658 1879 728 liceat,
1912 676 1980 714 ex
2018 657 2437 715 invectivarum
2483 660 2813 715 orationum
2862 659 3127 729 lectione,
3162 664 3289 716 tum
3320 658 3699 715 historiarum

316 751 536 822 copiam,
567 756 696 805 tum
729 749 1008 805 orationis
1040 749 1515 817 concinnitatem,
1548 749 1794 820 ejusque
1825 748 1884 802 in
1914 747 2158 805 dicendo
2188 748 2301 804 vim
2337 752 2393 804 et
2421 748 2757 804 facultatem
2790 748 3120 805 admirari?

368 854 504 931 Πρός
562 853 620 909 δὲ
678 856 778 923 τὴν
832 853 1126 927 θαυμασίαν
1180 859 1274 908 τοῦ
1306 854 1570 929 τυράννου
1617 852 1935 925 νομοθεσίαν

311 946 391 1012 τήν
419 943 851 1017 προστάττουσαν
890 945 963 1016 μὴ
1000 940 1108 997 δεῖν
1161 941 1513 1017 Χριστιανοὺς
1557 943 1625 997 τὰ
1653 940 1939 1012 Ἐλλήνων

316 1034 539 1106 μυεῖσθαι
597 1033 910 1104 μαθήματα,
963 1032 1122 1107 ὁρᾶτε
1168 1034 1265 1085 τοῦ
1326 1030 1593 1105 μακαρίου
1640 1031 1738 1098 τὴν
1787 1028 1937 1084 σύνε-

311 1144 399 1179 σιν.
442 1122 793 1195 Χρησάμενος
840 1123 1106 1196 ἡρωϊκοῖς
1155 1139 1215 1175 τε
1243 1117 1329 1174 καί
1372 1114 1651 1192 ίαμϐικοῖς
1684 1121 1815 1192 (17),
1848 1117 1937 1173 καὶ

314 1210 578 1286 ἐλεγείοις,
610 1208 700 1264 καὶ
731 1209 1067 1283 τριμέτροις,
1100 1207 1190 1262 καὶ
1241 1205 1443 1282 ἑτέροις
1474 1205 1732 1278 πολλοῖς,
1765 1225 1938 1281 χαρα-

312 1298 487 1375 κτῆρσί
514 1319 574 1353 τε
600 1295 906 1373 τραγῳδίας
934 1295 1024 1351 καὶ
1071 1292 1393 1369 κωμῳδίας,
1426 1296 1517 1349 καὶ
1569 1295 1778 1364 ἁπάσης
1816 1315 1941 1370 συγ-

310 1390 557 1465 γραφικῆς
591 1384 737 1448 ἷδέας
767 1389 905 1460 (18),
937 1383 1133 1459 ὀλίγου
1164 1381 1272 1439 δεῖν
1303 1390 1406 1439 πᾶν
1439 1380 1582 1445 εἶδος
1612 1380 1943 1444 παιδεύσεως

310 1481 413 1537 τοῖς
470 1472 631 1536 ἰδίοις
681 1474 874 1549 λόγοις
927 1473 1318 1528 ἀπετυπώσατο
1353 1517 1367 1543 ,
1430 1472 1705 1533 ὑποθέσεις
1762 1472 1941 1525 θεοσε-

311 1560 411 1626 ϐεῖς
439 1566 552 1637 (19)
600 1566 880 1638 πανταχοῦ
927 1562 1341 1635 ἐνστησάμενος,
1391 1562 1425 1630 ἢ
1459 1561 1653 1636 ἀρετῆς
1704 1558 1943 1627 ἔπαινον,

309 1652 339 1721 ἢ
382 1656 564 1727 ψυχῆς
605 1673 665 1706 τε
713 1652 803 1705 καὶ
856 1652 1107 1724 σώματος
1157 1649 1432 1725 κάθαρσιν,
1482 1650 1516 1717 ἢ
1572 1647 1874 1724 θεολογίαν,
1906 1648 1942 1716 ἢ

308 1742 607 1816 προσευχὰς
639 1743 771 1813 (20),
816 1740 850 1809 ἢ
899 1740 965 1793 τὰ
1010 1743 1234 1793 τοιαῦτα
1281 1738 1410 1791 ἄττα
1441 1741 1552 1811 (21)
1596 1736 1948 1814 λογογραφή-

310 1850 393 1889 σας
448 1827 735 1903 ἐμμέτρως
771 1846 784 1858 ’
846 1828 1031 1905 φυγὼν
1104 1827 1198 1899 μὶν
1272 1826 1605 1880 παντάπασιν
1660 1824 1945 1899 ἀσελγείας

2114 856 2245 911 Jam
2278 855 2570 927 egregiam
2600 855 2763 911 illam
2794 856 3028 928 tyranni
3058 856 3268 928 legem,
3294 871 3410 926 qua
3429 853 3703 909 Christia.

2044 959 2152 999 nos
2183 943 2513 999 Graecorum
2564 943 2894 1015 disciplinis
2946 944 3133 999 imbui
3174 949 3459 1008 vetuerat,
3491 943 3702 1011 videte,

2046 1048 2444 1103 quaeso,quam
2477 1032 2621 1088 scite
2650 1036 2707 1087 et
2737 1033 3058 1103 prudenter
3086 1032 3173 1087 vir
3198 1033 3407 1087 beatus
3433 1030 3699 1087 eluserit.

2046 1120 2326 1187 Heroicis,
2379 1124 2436 1174 et
2493 1119 2783 1190 iambicis,
2832 1123 2889 1175 et
2943 1120 3235 1192 elegiacis,
3277 1124 3336 1175 et
3392 1118 3701 1185 trimetris,

2048 1208 2296 1280 aliisque
2328 1208 2531 1265 multis
2574 1209 2860 1279 versibus,
2889 1216 2947 1264 et
2991 1210 3287 1282 tragcediaa
3318 1216 3376 1265 et
3405 1209 3700 1265 comoediae

2048 1302 2357 1367 caractere,
2387 1303 2565 1369 atque
2611 1298 2770 1353 omni
2818 1297 3263 1369 conscriptionis
3295 1314 3504 1369 genere
3552 1314 3697 1352 usus

2047 1391 2156 1456 est,
2183 1387 2243 1441 in
2275 1403 2459 1456 eoque
2489 1387 2686 1442 labore
2714 1387 2797 1442 ita
2825 1402 2887 1442 se
2916 1388 3120 1458 gessit,
3143 1392 3209 1441 ut
3226 1385 3321 1441 vix
3351 1386 3537 1441 ullum
3569 1386 3699 1441 doc-

2047 1478 2215 1533 trinae
2258 1477 2335 1532 sit
2381 1493 2587 1549 genus,
2621 1481 2775 1550 quod
2808 1495 2922 1533 non
2955 1478 3122 1533 libris
3153 1478 3279 1533 suis
3328 1476 3697 1549 expresserit,

2052 1564 2149 1637 pia
2178 1570 2525 1637 argumenta
2545 1567 2763 1637 ubique
2788 1566 3122 1633 instituens,
3143 1565 3230 1620 vel
3258 1565 3493 1620 laudem
3523 1566 3700 1620 virtu-

2053 1654 2149 1719 tis,
2175 1654 2262 1708 vel
2294 1654 2501 1709 animze
2532 1660 2589 1709 et
2617 1655 2876 1726 corporis
2909 1655 3338 1725 purgationem,
3361 1654 3449 1708 vel
3477 1653 3701 1709 theolo-

2054 1742 2230 1814 giam,
2263 1742 2350 1797 vel
2400 1743 2775 1813 precationes,
2816 1743 2905 1798 vel
2954 1743 3069 1798 alia
3115 1742 3404 1811 ejusmodi
3435 1742 3701 1797 versibus

2054 1831 2412 1902 complexus,
2448 1832 2879 1902 obscmnitates,
2906 1836 2963 1886 et
2992 1831 3321 1887 fabularum
3353 1831 3703 1887 deliramen-

306 1938 360 1972 τε
395 1917 484 1971 καὶ
532 1916 741 1991 λήρους
792 1916 972 1987 μύθων
1000 1960 1014 1986 ,
1063 1915 1153 1969 καὶ
1203 1916 1336 1968 θεῶν
1388 1914 1660 1987 τερατείας
1696 1957 1713 1980 ,
1764 1913 1943 1988 ὥσπερ

2068 1936 2130 1987 ;a,
2166 1919 2527 1990 deorumque
2560 1921 2885 1991 praestigias
2911 1921 3173 1990 omnino,
3209 1925 3271 1975 ut
3300 1937 3406 1991 par
3433 1925 3579 1989 erat,
3612 1920 3701 1974 fu-

308 2006 467 2075 είκὸς,
496 2006 768 2081 πάνσοφον
802 2001 859 2059 δὲ
898 2000 1244 2058 διδασκαλίαν
1294 2005 1637 2077 Χριστιανοῖς
1687 2001 1943 2072 ἐνστησά-

311 2115 464 2167 μενος
514 2096 646 2166 (22)·
698 2092 836 2147 ὥστε
888 2089 1055 2165 μηδὲν
1114 2086 1312 2168 ὄφελος
1372 2087 1628 2166 δεχθῆναι
1688 2092 1797 2162 (23)
1845 2097 1945 2159 τῆς

305 2189 395 2238 τοῦ
451 2177 682 2243 ἆσεὸοὖς
747 2180 984 2253 ἀθέσμου
1040 2178 1395 2253 νομοθεσίας,
1454 2182 1798 2253 Χριστιανοῖς
1856 2176 1945 2231 ἐπὶ

304 2276 365 2344 τῇ
416 2268 635 2340 παιδείᾳ
688 2268 1070 2345 βασκαίνοντος
1122 2269 1253 2341 (24),
1302 2264 1447 2322 ἀλλὰ
1504 2265 1594 2320 καὶ
1641 2264 1945 2320 τούναντίον

306 2359 506 2416 ἁλῶναι
566 2358 656 2412 καὶ
712 2358 1227 2432 προσζημιωθῆναι.
1278 2358 1531 2409 Τοιοῦτον
1588 2356 1689 2430 γὰρ
1749 2354 1776 2407 ὁ
1823 2352 1948 2430 φθό-

302 2470 391 2510 νος
422 2450 534 2520 (25)
578 2447 747 2518 μικρὰ
788 2445 823 2514 ἢ
874 2443 1027 2500 οὐδὲν
1078 2442 1338 2515 ἀδικήσας
1384 2442 1511 2504 τοὺς
1560 2444 1944 2519 φθονηθέντας,

308 2536 558 2613 μεγάλως
586 2534 713 2595 τοὺς
744 2534 902 2590 αὐτὸν
933 2536 1291 2608 γεννήσαντας
1325 2528 1645 2602 ἐλωϐήσατο

370 2623 513 2696 ’Βδη
569 2620 625 2678 δὲ
671 2623 762 2677 καὶ
810 2622 862 2676 ἐν
909 2624 1156 2692 Ἀθήναις
1187 2620 1346 2683 αὐτός
1376 2641 1434 2675 τε
1483 2614 1795 2695 διατρίϐων,
1829 2641 1950 2673 συν-

308 2710 502 2769 έδαλλε
525 2717 606 2784 τῷ
636 2711 922 2783 Ἰουλιανῷ
950 2707 1153 2782 κομιδῆ
1187 2712 1300 2783 (27)
1338 2708 1444 2781 νέῳ
1492 2704 1623 2780 ὄντι,
1656 2709 1745 2763 καὶ
1796 2704 1948 2762 οὔπω

303 2811 398 2873 τῆς
448 2799 730 2877 βασιλείας
782 2798 1212 2872 έπειλημμένῳ,
1258 2796 1382 2853 ἀλλ’
1440 2796 1515 2858 εἷς
1592 2793 1950 2857 διδασκάλους

310 2896 586 2969 φοιτῶντι,
616 2890 707 2945 καὶ
737 2894 856 2951 τοῖς
888 2886 1070 2965 φίλοις
1120 2888 1586 2962 προκατεμήνυεν,
1628 2883 1865 2940 ὕπουλόν
1894 2905 1952 2938 τε

313 2982 393 3035 καὶ
439 2981 687 3047 ἄπιστον,
738 2977 829 3031 ναὶ
879 2971 1064 3037 ἀσεϐὲς
1111 2978 1246 3048 (28),
1292 2973 1381 3029 καὶ
1433 2972 1571 3049 πρὸς
1618 2973 1804 3027 κακίαν
1846 2973 1949 3027 πά-

328 3088 405 3120 σαν
429 3065 674 3137 εὔκολον,
706 3065 997 3140 προλέγων
1051 3062 1252 3117 ἔσεσθαι
1300 3062 1362 3116 τὸ
1414 3062 1713 3136 μειράκιον·
1746 3061 1950 3133 τεκμή-

322 3174 407 3229 ρια
450 3150 744 3228 λαμϐάνων
793 3159 1141 3229 χαρακτῆρος
1196 3151 1288 3224 μὲν
1345 3152 1453 3225 (29)
1500 3147 1816 3225 ταραχῶδες
1854 3170 1950 3204 κα-

311 3244 571 3316 τάστημα,
605 3243 695 3297 καὶ
732 3241 951 3317 γέλωτα
980 3247 1247 3314 προπετῆ,
1285 3237 1510 3316 βλέμμα
1554 3260 1613 3294 τε
1660 3236 1948 3314 θηριῶδες,

308 3333 392 3386 καὶ
422 3336 559 3387 ἅπαν
590 3334 654 3386 τὸ
704 3335 864 3403 σῶμα
911 3323 1067 3401 ᾇττόν
1100 3330 1209 3402 (30)
1255 3349 1314 3383 τε
1361 3328 1449 3383 xui
1499 3322 1818 3402 φερόμενον·
1859 3325 1949 3380 καὶ

304 3424 495 3497 πλήρη
547 3420 731 3482 ἀνοίας
783 3420 1082 3493 ὁρμήματα
1129 3420 1265 3491 (31),
1314 3414 1575 3486 διαλέξεις
1605 3437 1665 3471 τε
1703 3410 1948 3477 ἀσεϐείας

306 3512 523 3583 μεστὰς,
580 3507 677 3563 κᾶν
742 3508 989 3582 σχήματι
1043 3505 1341 3581 γυμνασίας
1401 3502 1560 3574 δῆθεν
1617 3502 1951 3579 παρεκαλύ-

300 3619 527 3669 πτοντο,
586 3596 675 3651 καὶ
735 3595 818 3650 ὅτι
874 3596 1011 3663 ἦσαν
1065 3594 1211 3665 αὐτῷ
1266 3592 1496 3667 πονηροί
1552 3614 1611 3648 τε
1669 3592 1956 3668 στεργόμε-

301 3709 387 3741 νοι
416 3688 557 3759 (32),
589 3686 679 3739 καὶ
712 3686 762 3739 oi.
806 3692 905 3753 τῆς
953 3683 1148 3757 ἀρετῆς
1197 3680 1467 3736 ἐπαινέται
1515 3680 1953 3759 καταφρονούμε-

301 3798 407 3833 νοι.
466 3779 648 3829 Ταῦτα
705 3772 946 3847 ἐνορῶν,
998 3770 1302 3847 προῦλεγεν
1359 3773 1520 3825 ἅπασι
1594 3773 1694 3839 τήν
1751 3769 1955 3825 ἐκείνου

300 3865 567 3933 κακίστην
626 3861 881 3935 ἐσομένην
957 3857 1169 3935 ἕκρηξιν
1228 3859 1317 3914 καὶ
1372 3860 1670 3937 φανέρωσιν
1706 3902 1720 3915 .
1780 3859 1955 3913 Δειναὶ

305 3956 415 4028 γὰρ
469 3953 527 4007 αἱ
579 3952 801 4025 καθαραὶ
852 3950 1035 4027 φύσεις
1082 3952 1457 4023 τεκμηριῶσαι
1504 3949 1565 4001 τὸ
1601 3944 1830 4020 μέλλον,
1868 3947 1956 4001 καὶ

295 4048 424 4103 τοῖς
456 4038 715 4114 ἀμυδρῶς
765 4036 1134 4110 δεικνυμένοις
1188 4036 1444 4112 εὐστοχίᾳ
1490 4036 1579 4091 καὶ
1627 4037 1833 4090 συνέσει
1860 4040 1957 4089 τοῦ

296 4128 571 4201 ἐσομένου
614 4126 1137 4201 καταστοχάσασθαι.
1188 4123 1404 4181 Ἀλλ’ὁ
1467 4125 1561 4197 μὲν
1619 4125 1783 4185 κακὸς
1813 4124 1956 4195 ἀπη-

294 4216 518 4293 λέγχθη
553 4218 693 4289 (33),
746 4216 1026 4287 ἀνομήσας
1078 4210 1349 4285 διακενῆς,
1382 4212 1471 4267 καὶ
1521 4210 1673 4267 οὐδὲν
1709 4209 1889 4289 ἕτερον
1920 4213 1954 4281 ἢ

294 4304 439 4377 ὕλην
470 4303 754 4366 κολάσεως
784 4304 959 4374 ἑαυτῷ
991 4302 1340 4377 θησαυρίσας.

2053 2008 2240 2078 giens,
2296 2023 2362 2063 ac
2417 2007 2912 2078 sapientissimum
2968 2009 3293 2063 doctrinam
3352 2007 3703 2063 Christianis

2054 2112 2404 2168 proponens.
2441 2098 2525 2150 [ta
2554 2096 2773 2166 impius
2804 2098 2998 2164 homo,
3031 2096 3401 2163 Christianis,
3425 2096 3701 2152 doctrinae

2054 2184 2290 2239 nomine
2320 2184 2609 2252 invidens,
2641 2200 2711 2238 ex
2752 2183 3032 2240 scelerata
3064 2185 3190 2256 lege
3237 2184 3382 2239 nihil
3432 2184 3702 2240 utilitatis

2054 2276 2144 2327 cst
2192 2277 2542 2327 consecutus
2576 2290 2589 2328 :
2622 2272 2760 2343 quin
2821 2271 3014 2344 potius
3071 2273 3196 2344 ipse
3253 2277 3561 2343 superatus
3591 2276 3700 2339 est,

2054 2360 2418 2432 graviorique
2455 2361 2671 2415 damno
2720 2362 2980 2417 affectus.
3012 2361 3362 2431 Hujusmodi
3409 2361 3567 2416 enim
3614 2366 3705 2417 est

2053 2448 2273 2503 invidia
2305 2466 2318 2504 :
2352 2465 2558 2519 parum
2589 2454 2691 2503 aut
2718 2448 2863 2503 nihil
2911 2466 3009 2504 eos
3058 2448 3235 2515 laedit,
3268 2466 3415 2520 quos
3445 2448 3702 2515 lacessit,

2056 2553 2290 2609 gravem
2321 2543 2513 2592 autem
2547 2554 2755 2593 noxam
2792 2538 3132 2608 parentibus
3163 2539 3345 2593 affert.

2127 2625 2440 2696 Gregorius
2472 2642 2662 2696 porro,
2692 2626 2936 2681 Athenis
2982 2626 3175 2681 adhuc
3206 2643 3408 2699 agens,
3439 2642 3572 2682 cum
3602 2626 3707 2682 Ju-

2056 2712 2214 2768 liano
2244 2714 2563 2768 admodum
2594 2712 2980 2782 adolescente,
3010 2717 3256 2769 necdum
3288 2715 3359 2769 ad
3395 2716 3708 2786 imperium

2058 2806 2276 2869 evecto,
2301 2804 2403 2858 sed
2434 2801 2862 2874 ludimagistris
2882 2819 3119 2875 operam
3142 2806 3316 2858 dante
3338 2820 3709 2875 congressus,

2061 2890 2252 2960 qualis
2282 2889 2596 2960 aliquando
2640 2890 2875 2946 futurus
2905 2895 3081 2957 esset,
3115 2892 3319 2947 amicis
3367 2896 3530 2947 tanto
3579 2898 3712 2947 ante

2060 2978 2429 3050 significavit,
2463 2978 2779 3035 subdolum
2820 2980 3106 3049 videlicet,
3139 2985 3196 3035 et
3241 2980 3487 3035 inﬁdum
3537 2988 3713 3052 atque

2060 3067 2333 3138 impium,
2367 3074 2424 3122 et
2462 3069 2532 3122 ad
2579 3084 2752 3124 omne
2809 3067 2999 3124 scelus
3057 3068 3370 3140 proclivem
3428 3084 3563 3124 eum
3591 3069 3713 3124 fore

2061 3155 2409 3227 praedicens;
2452 3159 2848 3227 conjecturam
2882 3156 3060 3227 hujus
3105 3157 3187 3212 rei
3238 3157 3452 3212 faciens
3483 3174 3551 3212 ex
3580 3174 3711 3228 per-

2062 3243 2314 3299 turbatis
2372 3244 2490 3299 oris
2547 3244 2941 3310 lineamentis,
3002 3251 3061 3301 et
3116 3246 3236 3301 risu
3294 3246 3602 3317 petulanti,
3656 3250 3715 3302 et

2061 3332 2245 3387 ferino
2303 3339 2565 3404 aspectu,
2596 3338 2654 3389 et
2708 3339 2831 3390 toto
2890 3350 3129 3405 corpore
3176 3350 3319 3406 vago
3375 3339 3711 3406 temereque

2060 3419 2452 3490 subsultante,
2475 3423 2754 3478 vecordia;
2786 3422 2975 3493 plenis
2996 3423 3177 3478 animi
3210 3423 3629 3495 agitationibus
3654 3426 3713 3478 et

2063 3509 2393 3575 conatibus,
2429 3509 2613 3581 plenis
2656 3510 2954 3582 impietate
3002 3510 3308 3582 colloquiis
3340 3517 3396 3568 et
3443 3512 3707 3582 disputa-

2060 3596 2344 3663 tionibus,
2366 3598 2541 3653 etiam
2574 3600 2623 3653 si
2654 3598 2753 3653 illa
2780 3600 3218 3655 exercitationis
3248 3604 3524 3670 praetextu
3553 3599 3709 3671 lege-

2064 3691 2293 3751 rentur;
2329 3703 2397 3741 ex
2425 3703 2492 3742 eo
2522 3686 2794 3759 denique,
2826 3689 2979 3759 quod
3024 3689 3322 3759 improbos
3366 3688 3712 3757 complecte-

2064 3780 2243 3841 retur,
2265 3780 2323 3830 et
2352 3775 2585 3831 virtutis
2616 3776 2948 3832 laudatores
2980 3776 3350 3847 cultoresque
3382 3782 3716 3831 contemne-

2065 3870 2169 3918 ret.
2191 3863 2322 3918 Haac
2352 3863 2448 3919 ille
2478 3864 2859 3935 perspiciens,
2888 3866 3161 3920 omnibus
3192 3867 3314 3919 fore
3347 3863 3717 3936 praedicebat,

2068 3955 2133 4007 ut
2163 3951 2221 4006 in
2247 3952 2664 4023 gravissimum
2687 3952 2879 4009 scelus
2908 3954 3146 4008 tandem
3173 3959 3522 4024 erumperet,
3549 3956 3721 4021 atque

2066 4039 2126 4093 in
2159 4045 2424 4110 apertum
2449 4040 2724 4110 prodiret.
2752 4041 2909 4096 Puraz
2932 4040 3089 4095 enim
3122 4044 3340 4094 naturas
3367 4038 3517 4093 mira
3537 4037 3721 4091 futuri

2068 4128 2415 4197 conjiciendi
2461 4128 2736 4184 facultate
2783 4129 3002 4196 valent,
3037 4128 3373 4200 ingeniique
3404 4126 3724 4198 sagacitate

2069 4223 2241 4286 atque
2284 4216 2521 4272 solertia
2549 4234 2618 4272 ex
2647 4218 2912 4273 obscuris
2961 4218 3138 4272 etiam
3186 4216 3440 4282 indiciis,
3470 4216 3527 4269 id
3562 4215 3719 4286 quod

2067 4312 2414 4361 eventurum
2464 4311 2572 4373 est,
2604 4310 2941 4377 conjectura
2984 4312 3397 4378 assequuntur.
3428 4308 3507 4360 Ac
3547 4304 3723 4361 scele-

292 4402 463 4453 ratus
494 4395 733 4467 quidem
793 4393 892 4449 ille
949 4392 1346 4464 deprehensus
1394 4396 1502 4463 est,
1536 4393 1868 4463 frustraque
1899 4392 2099 4463 inique
2149 4412 2215 4450 ac
2264 4395 2540 4452 scelerate
2570 4413 2633 4453 se
2674 4398 2880 4469 gessit,
2912 4396 3179 4468 nihilque
3236 4394 3396 4451 aliud
3453 4393 3717 4466 profecit,

312 4498 493 4555 quam
527 4488 595 4539 ut
627 4498 935 4555 pcenarum
965 4481 1274 4537 materiam
1305 4480 1417 4537 sibi
1447 4480 1573 4553 ipse
1603 4485 1958 4553 congereret.

367 4588 679 4665 Γρηγόριος
713 4585 771 4643 δὲ
802 4589 917 4662 μετ’
948 4587 1009 4642 οὐ
1056 4585 1226 4643 πολὺν
1282 4585 1481 4664 χρόνον
1528 4586 1746 4665 στίφους
1779 4587 1947 4663 αἱρετι

2068 4594 2370 4664 Gregorius
2408 4597 2601 4651 autem
2626 4593 2784 4649 haud
2834 4591 3018 4649 multo
3050 4595 3182 4665 post
3235 4595 3498 4665 tempore
3553 4589 3733 4647 haere-

374 4893 491 4966 (1‘7)
521 4891 705 4966 Codd.
739 4890 903 4966 Colb.
933 4890 990 4966 2,
1021 4895 1078 4948 et
1103 4890 1517 4966 ΟῐιςξΗρωϊκοῖς
1544 4887 1762 4965 μέτροις
1792 4909 1849 4943 τε
1877 4887 1966 4944 καὶ

304 4958 616 5031 ἰαμϐικοῖς·
648 4965 813 5019 deest
842 4964 909 5035 iIi
932 4963 1025 5035 Or.
1058 4962 1148 5035 xui
1181 4958 1470 5035 ἐλεγείοις.

374 5028 491 5107 (18)
519 5036 662 5091 Cod.
699 5029 1043 5107 ᾷιγείδὸας.
1070 5034 1201 5091 Mox
1229 5028 1389 5090 Golb.
1422 5034 1478 5102 2,
1515 5029 1711 5107 ὀλίγου
1743 5028 1846 5087 δεῖ.

373 5104 500 5177 (19)
531 5108 673 5163 Cod.
711 5106 772 5161 P.
806 5104 1129 5165 θεοσεοείας.
1625 5104 1633 5107 ⁷

374 5181 491 5249 (20)
522 5177 797 5249 Οοόᾱ.ίΡ.
831 5176 993 5249 Colb.
1026 5180 1079 5245 1,
1108 5177 1162 5247 2,
1197 5179 1256 5233 et
1284 5175 1379 5232 Or.
1412 5174 1449 5243 ἢ
1479 5173 1814 5249 προσευχήν.

398 5252 495 5317 21)
526 5248 670 5304 Cod.
705 5248 762 5303 P.
798 5246 937 5304 τινά.

370 5316 499 5389 (22)
528 5321 673 5376 Cod.
708 5319 766 5374 P.
801 5316 1257 5390 ἀναπησάμενος.

737 5391 832 5446 Or.
868 5395 926 5447 et
973 5391 1033 5447 P.
1078 5388 1189 5446 nec
1239 5405 1359 5445 non
1406 5388 1635 5460 antiqui
1688 5388 1827 5444 edit.
1878 5403 1976 5444 vo-

296 5473 435 5520 .unt
469 5463 784 5531 δειχθῆναι.

369 5482 435 5519 nt
469 5482 548 5517 οει
600 5482 784 5531 οηναι.

369 5537 491 5605 (24)
522 5482 664 5591 (ἐπὶ.
704 5534 765 5589 Ρ.
799 5534 862 5607 in
896 5538 1018 5589 not.
1055 5548 1238 5607 marg.
1273 5531 1664 5607 φθονήσαντος.

394 5601 492 5697 ἒ)
524 5606 780 5697 Εο¹Ροτὲν
801 5601 1243 5697 ,Τοιοῗτοὲίέίξζδ
1274 5601 1491 5697 $.95”?-

394 5610 472 5663 25
524 5610 688 5664 Colb.
724 5610 780 5671 1,
801 5610 1051 5691 ,Τοιοῦτο
1079 5610 1183 5678 γὰρ
1215 5610 1243 5656 ὁ
1274 5610 1491 5697 φθόνος.

374 5610 492 5762 (26)
522 5679 665 5740 God.
700 5678 761 5737 P.
799 5696 863 5737 1n
894 5680 1019 5736 not.
1055 5691 1242 5769 marg.
1275 5668 1531 5755 εὸλαψεν.

644 5809 895 5869 Parnm.
969 5806 1075 5868 GR.
1126 5804 1370 5869 XXXV.

2149 4886 2262 4957 (27)
2294 4887 2379 4941 Ita
2426 4882 2593 4940 codd.
2630 4882 2688 4938 P.
2721 4880 2882 4937 Colb.
2913 4880 2968 4950 2,
3018 4884 3076 4936 et
3118 4880 3215 4937 Or.
3248 4880 3311 4935 In
3361 4878 3525 4947 edit.,
3569 4896 3734 4950 κομι-

2080 4954 2203 5025 δῆι.

2250 5029 2265 5171 Ξ

2152 5029 2265 5101 (28)
2297 5026 2432 5101 Oed.
2466 5024 2561 5080 Or.
2593 5019 2828 5101 ᾇσθεν-ές.

2152 5092 2265 5169 (29)
2296 5098 2407 5154 Mév
2443 5101 2568 5152 erat
2597 5097 2654 5169 in
2689 5095 2828 5169 edit.
2862 5095 2963 5150 scd
3009 5093 3160 5149 delet
3192 5092 3445 5169 Montac.
3478 5108 3583 5147 nec
3614 5108 3733 5169 non

2083 5163 2317 5227 et'co'd.
2361 5169 2457 5225 0r.
2510 5166 2638 5224 cod.
2689 5166 2750 5222 P.
2785 5166 2843 5220 in
2894 5169 3013 5221 not.
3050 5178 3232 5236 marg.
3266 5167 3488 5236 σημεῖα,
3535 5163 3733 5236 στοχά-

2086 5262 2284 5315 σματα.

2179 5315 2269 5378 30)
2299 5311 2436 5366 Cod.
2472 5310 2533 5365 P.
2569 5309 2628 5363 in
2663 5313 2780 5364 not.
2816 5322 3000 5378 marg.
3024 5303 3302 5375 πηδῶντα.

2182 5376 2498 5465 31_)_ll)x1)p‘q
2551 5378 2734 5465 ᾲνοίας
2787 5376 3103 5465 ὁρμήματα,
3140 5378 3309 5435 vertit
3359 5376 3581 5449 Billius,
3610 5392 3737 5451 pro-

2085 5451 2355 5530 gressibus
2384 5451 2647 5530 uecordia;
2676 5451 2872 5530 plenis.

2182 5530 2275 5593 32)
2306 5524 2466 5581 Colb.
2500 5523 2561 5597 P.
2594 5523 2655 5578 in
2676 5520 2805 5597 not.
2840 5538 3027 5597 marg.
3052 5520 3437 5597 uyumbpcvm.

2182 5530 2275 5593 32)
2306 5528 2466 5581 Colb.
2500 5528 2561 5580 P.
2594 5528 2655 5578 in
2686 5528 2805 5579 not.
2840 5538 3027 5593 marg.
3063 5528 3140 5597 ἀγε

2158 5528 2272 5675 (33)
2303 5597 2461 5654 Colb.
2492 5596 2548 5665 2,
2569 5598 2747 5657 κακῶς
2780 5590 3140 5670 ἀπηλέγχθη.

3387 5770 3627 5865 9η
