4096 6288
407 292 527 351 267

406 514 561 580 dem,
594 512 689 585 pio
736 512 882 583 viro,
916 510 1107 567 adhuc
1164 508 1503 581 metrOpolis
1560 508 1786 565 clavum
1845 508 2056 580 guber-

408 607 605 673 nante,
637 605 911 657 ceterum
943 616 1076 656 cum
1108 614 1323 671 magno
1355 598 1591 669 Basilio,
1624 597 1725 669 qui
1756 597 2058 669 presbyter

405 695 551 763 erat,
579 696 752 763 atque
800 692 859 747 in
909 690 1085 749 Ponto
1135 687 1682 761 philosophabatur,
1717 686 2057 741 inimicitias

404 785 661 853 gerente,
687 778 1092 836 haereticorum
1122 779 1428 849 conjurata
1457 792 1622 833 arma
1651 775 2058 847 impetumque

405 870 816 943 reformidans,
849 870 1002 941 quod
1033 868 1279 926 antistes
1328 866 1510 924 aciem
1561 870 1764 923 contra
1809 865 2056 921 educere

406 978 522 1017 non
561 964 760 1034 posset
788 962 1152 1033 (quanquam
1200 957 1356 1015 enim
1403 955 1501 1013 ille
1544 956 1674 1012 vitae
1720 953 2055 1027 integritate

404 1050 741 1123 praestabat,
757 1048 1061 1122 theologiae
1079 1052 1275 1105 tamen
1295 1046 1461 1102 rudis
1477 1049 1601 1102 erat
1617 1048 1676 1101 et
1698 1042 2051 1117 imperitus),

404 1141 478 1197 ad
516 1139 822 1211 Basilium,
852 1138 1084 1194 illustre
1129 1137 1274 1194 illud
1324 1137 1512 1203 sidus,
1542 1133 1767 1207 scribit,
1799 1148 2054 1204 eumque

402 1231 747 1302 obtestatur,
778 1245 851 1285 ne
872 1228 1054 1285 ullam
1069 1226 1511 1284 inimicitiarum
1533 1223 1818 1281 rationem
1838 1222 2053 1279 habeat

399 1322 503 1377 sed
535 1319 868 1376 animarum
916 1315 1244 1388 periculurn
1283 1318 1477 1370 mente
1508 1316 1808 1385 reputans,
1836 1315 2049 1368 metro-

398 1409 669 1482 politanaa
702 1406 968 1463 Ecclesiae
999 1405 1125 1461 sine
1167 1403 1288 1460 ulla
1328 1420 1493 1458 mora
1521 1402 1823 1473 suppetias
1854 1401 2001 1456 ferat
2033 1416 2048 1455 :

398 1497 577 1553 simul
607 1496 784 1552 etiam
817 1511 880 1551 se
906 1495 1249 1561 atinturum,
1274 1491 1528 1563 bellique
1558 1490 1892 1546 societatem
1916 1504 2050 1544 cum

398 1603 464 1643 eo
496 1586 787 1643 coiturum
817 1582 1141 1657 pollicetur.
1174 1582 1294 1644 Qua
1336 1580 1597 1635 oratione
1627 1578 1907 1634 eximium
1942 1578 2049 1632 du-

398 1692 523 1731 cem
573 1676 644 1730 ad
692 1673 912 1729 bellum
962 1669 1404 1741 suscipiendum
1452 1667 1718 1739 impellit.
1754 1667 2049 1722 Profectus

396 1766 578 1838 igitur
618 1765 744 1836 ipse
792 1776 1040 1832 quoque,
1076 1763 1463 1829 susceptaque
1510 1773 1645 1811 cum
1693 1772 1759 1811 eo
1808 1755 2045 1827 expedi-

397 1856 577 1925 tione,
594 1854 654 1909 in
677 1852 1086 1909 haereticorum
1109 1847 1448 1920 praesidium
1465 1850 1522 1901 et
1537 1860 1729 1901 arcem
1753 1843 2047 1915 irrumpit,

399 1944 766 2014 concisisque
796 1939 1113 2012 impiorum
1139 1936 1448 1992 hominum
1472 1951 1538 1990 ac
1565 1932 1887 2006 proﬂigatis
1908 1933 2047 2004 dog-

398 2033 657 2090 matibus
678 2036 959 2101 tropaaum
979 2025 1157 2081 simul
1177 2041 1311 2080 cum
1332 2022 1547 2079 Basilio
1568 2022 1758 2094 erigit,
1775 2021 2044 2076 hostibus

394 2120 636 2196 ignaviae
667 2135 785 2176 suae
816 2114 1351 2186 imbecillitatisque
1373 2110 1727 2168 conscientia
1756 2110 1813 2164 in
1843 2109 2044 2181 fugam

394 2210 603 2267 versis.
638 2210 712 2263 Ac
757 2204 899 2262 talia
928 2204 1079 2259 Deus
1128 2218 1233 2274 per
1277 2217 1473 2257 servos
1503 2199 1681 2255 efﬁcit
1713 2215 1725 2253 :
1760 2197 1859 2270 qui
1908 2213 2042 2253 cum

394 2297 706 2355 immodice
734 2297 1162 2351 excrescentem
1205 2295 1382 2361 atque
1429 2288 1821 2345 exundantem
1852 2286 2044 2342 homi-

394 2404 538 2443 num
570 2384 944 2455 iniquitatem
976 2380 1180 2447 cernit,
1205 2376 1678 2450 praastantissimi
1708 2380 1883 2447 atque
1912 2375 2044 2431 cha-

394 2471 901 2544 rissimiﬁgmenti
949 2469 1319 2528 miseratione
1365 2470 1685 2539 permotus,
1715 2465 1868 2521 viros
1918 2480 2042 2520 om-

394 2564 569 2620 nibus
598 2558 832 2617 virtutis
862 2556 1127 2613 numeris
1165 2552 1464 2611 absolutos
1494 2554 1724 2620 excitat,
1757 2551 2039 2610 auxilium

394 2652 688 2723 quoddam
720 2646 1208 2719 disciplinamque
1238 2643 1333 2711 iis,
1356 2659 1605 2714 quorum
1630 2642 1791 2697 salus
1823 2640 2043 2713 pericli-

392 2744 573 2807 tatur,
634 2752 993 2810 procurans;
1048 2750 1119 2789 ne
1174 2733 1407 2788 fulturas
1466 2736 1639 2803 atque
1696 2729 2041 2786 adminiculi

393 2827 640 2901 penuria
668 2828 996 2882 humanum
1041 2839 1227 2895 genus
1274 2837 1484 2876 noxam
1535 2818 1840 2875 contrahat
1872 2824 1928 2873 et
1956 2817 2040 2874 la-

391 2918 715 2974 befactetur
747 2932 759 2969 :
796 2911 1295 2986 quemadmodum
1329 2915 1455 2964 tum
1488 2925 1719 2980 quoque
1750 2907 1902 2974 fecit,
1933 2907 2041 2963 hos

390 3007 547 3062 viros
590 3004 870 3071 excitans,
906 3018 971 3056 ac
1000 3000 1157 3056 velut
1203 2997 1514 3069 coagulum
1558 2997 1855 3068 quoddam
1902 2994 2040 3053 lacti

1530 289 1719 349 Vl'i‘A
1766 287 1827 347 S.
1880 284 2252 348 GliEGORlI
2297 288 2688 351 THEOLOGI

403 424 655 481 ticorum
686 422 920 495 agmine
941 421 1261 476 Caesaream
1293 419 1629 492 populante,
1653 419 1905 475 Eusebio
1937 418 2036 489 qui

2172 421 2280 472 κῶν
2338 416 2779 494 καταδραμόντος
2831 428 2932 491 τῆς
2985 425 3295 500 Καισαρέων
3331 470 3345 495 ,

3700 298 3820 358 268

3414 421 3669 483 Εὖσεϐίου
3724 428 3820 502 μὶν

2163 510 2260 561 τοῦ
2293 506 2445 562 ὁσίου
2477 505 2553 563 ἔτι
2584 506 3093 587 πηδαδιουχοῢντος
3140 514 3238 583 τήν
3274 514 3640 591 μητρόπολιν,
3680 517 3817 590 πρὸς

2166 592 2224 651 δὲ
2252 597 2342 651 τὸν
2379 596 2544 673 μέγαν
2593 597 2874 656 Βασίλειον
2919 597 3280 679 πρεσϐύτερον
3329 600 3471 676 ὅντα,
3518 605 3607 660 καὶ
3653 604 3706 660 ἐν
3736 609 3818 679 τῷ

2164 685 2356 759 Πόντῳ
2387 686 2811 766 φιλοσοφοῦντα,
2844 685 3044 767 ἔχθραν
3087 691 3447 767 ἀνῃρημένου,
3499 692 3677 757 δείσας
3705 700 3815 751 τῶν

2163 775 2447 851 αὶρετικῶν
2476 777 2567 832 τὸν
2618 779 3009 853 συνασπισμὸν,
3043 780 3131 834 καὶ
3180 780 3279 849 τήν
3324 778 3515 858 ἔφοδον
3548 786 3645 837 τοῦ
3673 802 3815 859 προ-

2164 868 2395 929 εστῶτος
2454 866 2529 939 μή
2581 866 2858 931 σθένοντος
2886 868 3314 943 παρατάττεσθαι
3353 872 3490 944 (34),
3523 872 3612 945 (ἦν
3645 868 3692 926 δ’
3723 872 3816 927 οὗ-

2160 974 2276 1023 τος,
2311 954 2357 1009 εί
2385 954 2474 1011 καὶ
2503 956 2594 1012 τὸν
2628 956 2744 1031 βίον
2794 957 3012 1032 σεμνὸς,
3062 957 3189 1014 ἀλλ’
3222 956 3313 1014 οὖν
3361 960 3497 1035 πρὸς
3529 959 3813 1039 θεολογίαν

2162 1042 2549 1120 ἀγύμναστος),
2582 1044 2891 1102 ἐπιστέλλει
2942 1046 3238 1120 Βασιλείῳ,
3286 1052 3367 1120 τῷ
3413 1056 3680 1126 φωστῆρι,
3711 1057 3816 1121 τῆς

2161 1129 2360 1208 ἔχθρας
2393 1134 2488 1207 μὲν
2663 1135 2967 1192 ἀντιοολῶν
3009 1134 3307 1211 ἀλογῆσαι,
3336 1136 3428 1193 τὸν
3478 1136 3726 1196 κίνδυνον
3757 1137 3816 1196 δὲ

2157 1225 2267 1276 τῶν
2297 1224 2489 1297 ψυχῶν
2540 1222 2867 1295 ἐννοήσαντα
2910 1230 3135 1301 ταχεῖαν
3188 1225 3501 1303 ἐπικουρίαν
3534 1230 3648 1303 (36)
3689 1228 3812 1285 ἰαυ-

2159 1309 2249 1364 τὸν
2272 1310 2496 1383 κομίσαι
2535 1315 2603 1386 τῇ
2637 1312 2932 1386 Ἐκκλησία
2975 1320 3078 1384 τῆς
3136 1314 3532 1388 μητροπόλεως
3580 1318 3694 1389 ἅμα
3721 1324 3813 1373 καί

2157 1399 2256 1467 τὴν
2308 1402 2421 1474 (37)
2468 1402 2660 1457 ἑαυτοῦ
2714 1402 3008 1479 παρουσίαν
3058 1402 3151 1458 καὶ
3207 1404 3525 1480 συμμαχίαν
3578 1402 3816 1482 ὑποσχό-

2164 1508 2344 1561 μενος.
2403 1494 2579 1545 Ταῦτα
2626 1492 2812 1561 εἰπὼν,
2870 1491 3043 1547 πείθει
3092 1492 3186 1547 τὸν
3238 1491 3455 1567 ἄριστον
3506 1496 3811 1571 στρατηγὸν

2158 1576 2435 1641 ἀνελέσθαι
2483 1580 2574 1633 τὸν
2626 1578 2895 1652 πόλεμον.
2944 1579 3150 1635 Ἐλθὼν
3209 1579 3300 1636 οὖν
3350 1582 3441 1637 καὶ
3490 1582 3670 1657 αὐτὸς,
3719 1585 3810 1639 καὶ

2157 1667 2638 1739 συνεκστρατεύσας
2840 1669 3006 1741 αὐτῷ,
3057 1669 3133 1730 εἰς
3177 1671 3240 1724 τὸ
3288 1669 3559 1747 ὀχύρωμα
3586 1693 3694 1729 των
3725 1672 3810 1729 αἷ-

2159 1758 2382 1827 ρετικῶν
2414 1754 2744 1831 παραδύεται
2771 1759 2905 1831 (39),
2932 1757 3022 1812 καὶ
3063 1759 3133 1813 τὰ
3161 1763 3267 1813 τῶν
3300 1755 3506 1815 ἀσεϐῶν
3557 1758 3812 1836 δόγματα

2157 1842 2504 1915 κατατέμνων
2560 1843 2650 1897 καὶ
2705 1841 2984 1916 διαλύων,
3042 1846 3335 1922 συνεγείρει
3385 1848 3447 1903 τὸ
3502 1849 3809 1925 τρόπαιον,

2158 1927 2394 2007 φυγάδας
2425 1928 2722 2007 ἀπελέγξας
2749 1933 2881 1995 τοὺς
2927 1932 3254 2007 πολεμίους,
3283 1942 3386 2005 τῆς
3434 1935 3609 1993 αὐτῶν
3650 1938 3809 1993 ἀναν-

2154 2015 2304 2091 δρίας
2338 2014 2604 2082 λαϐόντας
2636 2019 2998 2092 συναίσθησιν.
3048 2027 3280 2079 Τοιαῦτα
3326 2021 3416 2079 διὰ
3461 2030 3570 2082 τῶν
3613 2028 3809 2083 ἑαυτοῦ

2152 2106 2492 2181 θεραπόντων
2544 2108 2673 2171 Θεὸς
2719 2109 3126 2186 κατεργάζεται·
3179 2112 3257 2184 ὃς,
3309 2111 3435 2169 ὅταν
3466 2111 3556 2190 ἷ¹δῃ
3583 2114 3805 2187 πολλὴν

2152 2194 2585 2266 ἐπιπολάζουσαν
2640 2202 2750 2254 τῶν
2822 2199 3125 2277 ἀνθρώπων
3181 2202 3522 2277 παρανομίαν
3555 2251 3571 2278 ,
3636 2203 3808 2279 οἷ’κτῳ

2149 2289 2247 2340 τοῦ
2273 2288 2609 2359 τιμιωτάτου
2645 2286 2964 2362 πλάσματος
3014 2288 3262 2367 ἐξεγείρει
3309 2290 3550 2357 τελείους
3608 2292 3807 2371 ἄνδρας

2152 2372 2462 2451 ἐπικουρίαν
2511 2377 2633 2431 τινὰ
2677 2378 2767 2432 καὶ
2824 2376 3200 2455 παιδαγωγίαν
3269 2385 3386 2444 τοῖς
3432 2380 3807 2439 κινδυνεύουσι

2149 2464 2629 2539 προμηθούμενος,
2655 2463 2749 2521 τίνα
2780 2467 2856 2539 μὴ
2905 2473 3003 2522 τοῦ
3049 2469 3400 2544 στηρίζοντος
3439 2474 3475 2541 ἡ
3509 2471 3710 2550 ἀπορία
3738 2474 3805 2529 τὸ

2148 2553 2301 2627 γένος
2351 2552 2704 2627 λυμήνηται·
2756 2555 2892 2610 καθά
2937 2556 3026 2610 καὶ
3073 2557 3197 2612 τότε
3240 2560 3528 2633 πεποίηκε,
3575 2560 3806 2625 τούτους

2151 2638 2528 2712 διαναστήσας,
2576 2643 2665 2697 καὶ
2715 2643 2827 2699 οἷόν
2876 2664 2995 2699 τινα
3054 2644 3184 2701 ὀπὸν
3234 2647 3325 2702 τὸν
3380 2644 3803 2723 ἐμϐαλλόμενον

2150 2729 2382 2805 γάλακτι
2424 2730 2649 2794 τούτους
2700 2733 2776 2795 εἰς
2825 2734 2986 2806 μέσον
3034 2736 3202 2799 τιθεὶς
3252 2738 3367 2809 (40)
3412 2739 3541 2801 τοὺς
3578 2743 3647 2813 τῇ
3693 2761 3805 2795 πο-

2152 2817 2404 2894 λυσχιδεῖ
2459 2820 2697 2896 πονηρίᾳ
2770 2823 2860 2876 καὶ
2931 2818 3147 2895 ἀσεϐείᾳ
3201 2824 3459 2881 πλεῖστον
3530 2825 3799 2899 ἀλλήλων

2152 2908 2518 3050 ἀφεστηκότας
2569 2912 2682 2984 (41)
2732 2911 2808 2973 εἷς
2860 2911 2984 2985 μίαν
3031 2910 3214 2968 συνδεῖ
3268 2913 3453 2993 φιλίαν
3502 2916 3591 2971 καὶ
3631 2919 3803 2994 ἁρμο-

2152 3017 2176 3050 ν
2206 3017 2289 3050 αν.

2150 3017 2289 3052 νιαν.

388 3095 673 3165 injectum
704 3092 764 3148 in
795 3090 1057 3146 medium
1099 3102 1351 3158 ponens;
1385 3090 1559 3157 atque
1588 3085 1670 3140 ita
1698 3101 1795 3140 eos
1845 3084 1946 3156 qui
1994 3084 2285 3141 multifida
2331 3086 2702 3158 improbitate
2750 3093 2809 3145 et
2855 3090 3152 3163 impietate
3200 3091 3519 3164 plurimum
3550 3093 3705 3151 inter
3732 3112 3802 3153 se

390 3182 582 3239 dissiti
617 3185 803 3249 erant,
832 3180 892 3234 in
922 3194 1101 3234 unam
1134 3175 1453 3232 amicitiam
1481 3173 1968 3244 concordiamque
1998 3174 2426 3247 constringens.

457 3289 584 3344 Non
616 3286 870 3343 multum
913 3282 1197 3355 temporis
1245 3282 1677 3347 intercesserat,
1709 3296 1843 3335 cum
1893 3296 2033 3351 prae-

2220 3279 2292 3333 Οὐ
2323 3278 2467 3334 πολὺ
2496 3280 2558 3335 τὸ
2591 3280 2642 3337 ἐν
2680 3281 2845 3357 μέσῳ,
2877 3284 2967 3338 καὶ
2998 3285 3026 3338 ὁ
3061 3285 3155 3359 μὲν
3193 3284 3487 3361 εἰρημένος
3529 3286 3800 3363 πρόεδρος

386 3378 576 3433 dictus
604 3376 733 3446 ejus
773 3372 1041 3429 Ecclesiae
1088 3370 1333 3426 antistes
1382 3369 1455 3424 ad
1504 3368 1804 3424 meliorem
1853 3368 2034 3424 vitam

383 3464 678 3538 migravit.
713 3463 960 3534 Magnus
992 3477 1162 3532 porro
1194 3459 1360 3515 labor
1386 3458 1660 3529 Gregorio
1692 3457 2035 3514 subeundus

383 3556 514 3623 fuit,
532 3557 663 3609 tum
686 3551 961 3624 privatim
985 3549 1362 3621 quibusdam,
1394 3550 1521 3602 tum
1546 3545 1776 3619 publice
1798 3546 2035 3602 univer-

383 3645 465 3700 sis
496 3642 663 3699 urbis
711 3641 936 3697 civibus
967 3637 1264 3707 scribenti,
1291 3641 1485 3707 atque,
1517 3640 1575 3691 et
1602 3636 1807 3707 patris,
1840 3640 1898 3691 et
1926 3652 2033 3691 suo

382 3732 619 3789 nomine
649 3729 920 3788 suadenti
955 3732 1019 3783 ut
1057 3725 1339 3782 Basilium
1388 3724 1448 3781 in
1499 3724 2032 3796 archiepiscopatus

382 3822 593 3878 throno
626 3819 999 3875 collocarent.
1022 3814 1299 3871 Praeclare
1330 3814 1388 3869 id
1416 3814 1683 3886 quodque
1705 3817 1880 3885 atque
1910 3830 2032 3884 per-

383 3912 547 3967 fecte.
578 3909 777 3981 Neque
823 3907 979 3964 enim
1013 3910 1078 3960 ut
1110 3903 1280 3959 amici
1332 3901 1656 3958 commodis
1703 3902 2030 3972 inserviret,

383 4001 535 4055 hanc
569 4013 807 4071 operam
851 3993 1224 4065 suscipiebat,
1258 3993 1358 4047 sed
1409 3995 1473 4046 ut
1519 3990 1760 4063 publica:
1793 3990 2032 4046 utilitati

385 4086 762 4160 prospiceret.
793 4084 974 4140 Norat
1017 4082 1173 4137 enim
1209 4082 1529 4152 perspicue,
1562 4083 1731 4134 norat
1776 4078 2029 4151 opitula—

381 4181 567 4232 torem
598 4174 817 4246 Spiritu
849 4176 1050 4228 sancto
1080 4170 1325 4240 dignum
1359 4186 1373 4225 :
1406 4169 1478 4224 ob
1509 4184 1755 4239 eamque
1790 4184 2029 4223 causam

383 4281 500 4322 non
530 4267 664 4320 ante
694 4262 979 4333 impetum
1020 4258 1266 4326 remisit,
1300 4273 1497 4329 quam,
1530 4257 1682 4327 quod
1714 4260 1866 4311 recte
1896 4273 2029 4328 pro-

380 4356 674 4427 posuerat,
710 4352 782 4406 ad
826 4349 1043 4405 exitum
1092 4346 1478 4419 perduxisset,
1529 4346 2023 4417 quemadmodum

378 4444 551 4499 etiam
583 4439 871 4514 perduxit.
904 4438 985 4493 Ac
1016 4435 1268 4491 Basilius
1313 4433 1550 4505 quidem
1583 4434 2025 4491 Caesariensium

375 4529 775 4605 gubernacula
798 4527 1053 4583 tenebat.
1082 4524 1303 4580 Invidia
1324 4529 1541 4593 autem,
1564 4524 2025 4595 dominandique

373 4621 691 4692 cupiditate
748 4615 1152 4705 gliscentibus,
1206 4613 1751 4705 Ca‘ppadocia,-quae
1803 4618 1936 4669 ante
1970 4614 2022 4669 id
2057 4641 2103 4705 Ι)

370 4715 605 4781 tempus
638 4723 758 4762 una
800 4704 1242 4777 agnoscebatur,
1274 4702 1334 4756 in
1387 4702 1534 4758 duas
1584 4701 1772 4757 divisa
1819 4707 1927 4771 est,
1962 4719 2027 4758 ac

441 4915 553 4987 (34)
586 4915 672 4969 Ita
701 4912 826 4967 cod.
951 4912 1009 4987 et
1039 4906 1124 4987 sic
1167 4905 1475 4987 legendum
1529 4910 1726 4987 monet
1774 4907 2021 4987 Montac.

371 4976 479 5046 nec
510 4976 625 5043 non
657 4989 715 5041 et
743 4981 999 5039 Combef.
1042 4981 1105 5035 In
1145 4976 1283 5033 edit.
1317 4976 1694 5049 quibusdam,
1728 4979 2023 5054 σπαράττε-

374 5060 690 5205 σθῗίόέμξέν
750 5127 913 5205 deest
951 5124 1054 5205 inn
1086 5121 1254 5205 codd.
1306 5118 1676 5205 Colb,‘2,~et
1724 5120 2026 5205 0r.,‘mox

374 5187 493 5329 (1μὲ
543 5187 793 5257 Colbert.
828 5200 878 5267 1,
911 5200 969 5252 et
1017 5194 1113 5251 Or.
1161 5192 1382 5265 legunt,
1440 5187 1732 5265 ἀλογῆσαι,
1785 5187 1875 5245 καὶ
1930 5192 2021 5249 τὸν

374 5295 406 5329 κ
433 5297 457 5329 ν
498 5292 641 5327 υνον.

372 5292 641 5331 κινουνον.

443 5346 558 5418 (36)
589 5344 728 5418 Cod.
761 5342 881 5418 Qr.,
905 5330 1432 5418 Δταχείςὶἐπικουρία.

442 5402 558 5489 ξ37)
589 5414 746 5489 οοιι).
777 5415 832 5489 2,
864 5402 922 5468 'et
944 5402 1046 5489 poi-ﬁ.
1084 5402 1405 5489 agitem:
1435 5402 1555 5489 εήν.

465 5472 745 5556 385C01b.
806 5472 858 5556 ί,
903 5487 959 5539 et
1003 5472 1353 5539 ΟΡ.”Ελθὼν
1414 5472 1504 5531 οὖν
1562 5473 1651 5529 καὶ
1710 5496 2021 5555 συνεκστρα.

368 5577 579 5624 τεῠσας.

441 5629 557 5727 (39)
586 5627 748 5690 Colb.
780 5629 832 5705 1,
864 5621 1176 5685 ἀποδύεται.

2141 3365 2309 3438 τῆσδε
2356 3368 2682 3439 Ἔκκλησίας
2734 3374 2846 3445 (42)
2895 3372 3033 3447 πρὸς
3077 3374 3176 3442 τὴν
3235 3373 3444 3447 ἀμείνω
3498 3378 3797 3451 μετανέστη

2145 3459 2290 3527 ζωήν
2323 3459 2458 3531 (43)·
2486 3458 2660 3522 πολὺς
2710 3458 2769 3515 δὲ
2812 3460 2978 3525 πόνος
3025 3460 3105 3534 τῷ
3148 3464 3435 3539 Γρηγορίῳ
3477 3467 3799 3523 καθίσταται

2141 3546 2404 3624 γράφοντι
2450 3549 2587 3625 πρὸς
2632 3550 2731 3618 τὴν
2772 3548 2959 3618 πόλιν,
3008 3550 3097 3605 καὶ
3149 3549 3261 3624 ἰδίᾳ
3305 3554 3444 3627 τισὶ,
3496 3557 3583 3610 καὶ
3633 3562 3797 3631 κοινῇ

2141 3640 2293 3707 πᾶσι,
2320 3634 2409 3691 καὶ
2439 3637 2676 3702 πείθοντι
2723 3638 2789 3693 τὰ
2843 3639 2938 3712 μὲν
2993 3637 3082 3694 διὰ
3122 3645 3220 3695 τοῦ
3266 3642 3492 3719 πατρὸς,
3524 3645 3590 3698 τὰ
3622 3643 3679 3700 δὲ
3726 3642 3799 3700 δι’

2142 3724 2332 3779 ἑαυτοῦ
2387 3724 2466 3799 τῷ
2524 3725 2698 3801 θρόνῳ
2753 3734 2853 3797 τῆς
2930 3728 3344 3805 ἀρχιερωσύνης
3413 3730 3797 3810 ἐγκαθιδρῦσαι

2141 3814 2442 3870 Βασίλειον·
2478 3814 2597 3870 λίαν
2643 3816 2732 3870 καὶ
2778 3821 2939 3871 τοῦτο
2987 3816 3235 3881 τελείως.
3283 3818 3361 3877 Ού
3390 3821 3491 3896 γὰρ
3524 3822 3598 3884 ὡς
3647 3823 3800 3900 φίλῳ

2139 3904 2501 3979 χαριζόμενος
2563 3904 2842 3980 ἔπραττεν,
2903 3904 3049 3961 ἀλλά
3103 3912 3200 3961 τοῦ
3258 3914 3445 3963 κοινοῦ
3502 3916 3795 3984 προνοῶν.

2139 3990 2290 4060 ’ῌδει
2349 3993 2476 4069 γὰρ,
2532 3990 2653 4067 ᾔδει
2712 3999 2895 4072 σαφῶς
2951 3994 3043 4049 τὸν
3101 3999 3203 4050 τοῦ
3268 3996 3582 4071 Πνεύματος
3642 3996 3796 4070 ἄξιον

2137 4080 2481 4157 παραστάτην
2509 4102 2520 4114 ⁸
2574 4080 2664 4136 διὰ
2706 4087 2868 4137 τοῦτο
2920 4082 3017 4137 οὐκ
3062 4083 3272 4159 ἀνῆκε,
3321 4087 3450 4162 πρὶν
3508 4088 3581 4149 εἷς
3627 4088 3795 4153 τέλος

2137 4169 2311 4245 ἀγάγῃ
2340 4172 2451 4244 (44)
2497 4170 2559 4226 τὸ
2608 4171 2993 4246 προσηκόντως
3031 4168 3482 4249 βεϐουλευμένον·
3517 4177 3606 4231 καὶ
3664 4179 3798 4251 μὲν-

2135 4280 2217 4314 τοι
2249 4259 2337 4313 καὶ
2370 4257 2597 4335 ἤγαγεν.
2650 4262 2706 4314 Ὀ
2757 4262 2849 4333 μὲν
2903 4258 2994 4315 οὖν
3047 4261 3328 4326 Βασίλειος
3363 4264 3479 4339 εἶχε
3524 4271 3622 4335 τῆς
3654 4267 3797 4322 Και-

2136 4349 2340 4424 σαρέων
2367 4347 2493 4411 τοὺς
2527 4346 2730 4411 οἷάκας.
2787 4344 2998 4413 Φθόνου
3049 4346 3107 4405 δὲ
3153 4351 3243 4406 καὶ
3293 4349 3591 4431 φιλαρχίας
3623 4352 3795 4410 ἐπαυ-

2136 4436 2431 4508 ξηθέντων,
2470 4434 2753 4513 διαιρεῖται
2810 4437 2885 4500 εἷς
2935 4435 3029 4492 δύο
3079 4441 3113 4509 ὴ
3161 4439 3557 4513 Καππαδοκῶν,
3613 4443 3791 4521 μέχρι

2132 4526 2255 4581 τότε
2306 4526 2404 4600 μία
2447 4527 2584 4588 τέως
2634 4529 2748 4601 (45)
2796 4531 3199 4603 γνωριζομένη·
3247 4530 3336 4585 καὶ
3378 4527 3795 4608 ἀντιδιαιρεῖται

2131 4622 2231 4685 τῆς
2264 4616 2570 4691 Καισαρέων
2598 4616 2665 4670 τὰ
2692 4615 2887 4684 Τύανα,
2941 4616 3015 4678 ὡς
3047 4615 3241 4673 λοιπὸν
3293 4617 3617 4675 ἐκδικεῖσθαι
3661 4625 3797 4699 παρ’

2141 4706 2461 4781 ἀμφοτέρων
2493 4707 2628 4780 (46),
2676 4704 2765 4758 καὶ
2815 4703 2909 4787 τὰς
2952 4702 3222 4781 πολίχνας
3272 4703 3792 4787 ἀμφισϐητούντων,

2228 4910 2318 4979 40)
2349 4907 2506 4964 Colb.
2538 4910 2593 4977 2,
2628 4912 2685 4979 et
2713 4908 2833 4979 OL,
2867 4907 2942 4969 εἷς
2976 4910 3135 4979 μέσον
3158 4910 3287 4973 Θείς.

2348 4981 2483 5061 god.
2518 4980 2602 5061 P_.,
2627 4977 2901 5061 πλείστων
2934 4977 3198 5061 ἀλλήλων
3234 4981 3569 5061 ἐφεστώτωνξ

2171 5051 2316 5178 ($2)
2348 5051 2508 5108 Colb.
2544 5054 2595 5123 1,
2626 5052 2685 5122 2,
2722 5058 2780 5109 et
2837 5055 2933 5110 0r.
2986 5051 3138 5127 cod.,
3175 5051 3342 5124 τῆσδε
3398 5062 3500 5127 τῆς
3552 5054 3799 5129 Ἐκκλη-

2133 5144 2270 5184 σιας.

2201 5193 2500 5277 (43)(ἷοῌ).
2536 5195 2589 5266 1,
2625 5191 2852 5266 μετέστη
2906 5196 3074 5267 ζωήν,
3105 5197 3177 5253 ad
3212 5200 3497 5256 mliorem
3540 5202 3801 5260 transla-

2131 5270 2217 5323 tus
2247 5271 2327 5323 est
2356 5269 2545 5322 vitam.

2226 5340 2314 5404 44)
2345 5338 2481 5393 Cod.
2512 5337 2597 5404 P.,

2226 5340 2314 5481 44)
2345 5340 2481 5393 Cod.
2512 5340 2597 5404 P.,
2633 5340 2838 5412 ἀγάγει.
2871 5340 3011 5395 Cod.

2225 5411 2293 5465 45
2341 5408 2483 5468 Τέως
2514 5409 2679 5481 deest
2707 5409 2766 5464 in
2796 5409 2954 5465 Colb.
2983 5413 3035 5465 2.

2222 5482 2312 5551 46)
2336 5482 2425 5553 ita
2456 5480 2766 5553 legendum
2790 5488 3031 5539 monent
3051 5483 3280 5553 antiqui
3305 5483 3478 5553 editi;
3502 5484 3585 5541 ita
3605 5485 3793 5546 etiam

2126 5550 2297 5641 codd.
2320 5551 2392 5641 ΙΡ.
2422 5554 2482 5607 et
2505 5550 2799 5641 95:59“),
2830 5555 2866 5641 Ξ
2905 5554 3080 5641 habet
3129 5550 3473 5613 ἐκδικεῖσθαί
3497 5559 3608 5615 τῶν
3656 5562 3795 5640 παρ’

2127 5620 2473 5707 ἀμφοτέρων.
2505 5620 2732 5683 Billius.
2766 5619 3145 5703 ἐκδημεῖσθαι.

2203 4911 2221 5125 ἔ

2633 5335 2838 5416 ἀγάγεα
2871 5337 3011 5416 god.
3044 5341 3165 5410 Or.,
3197 5339 3438 5416 ἀγαγεῖν.
