4096 6288
289 308 384 370 269
1277 306 1643 372 AUCTORI“.
1689 306 2085 369 GREGOHH)
2129 307 2669 369 PRESBYTERO.

3558 309 3681 368 270

287 439 453 494 ὁποίαν
515 438 775 515 έκατέρας
829 439 961 494 εἶναι
1018 441 1219 516 χρεών.
1261 438 1455 507 Πολλὴ
1502 443 1632 513 γοῦν
1684 436 1917 492 ἐντεῦθεν

2056 438 2357 511 l‘yanensis
2414 438 2615 495 civitas
2667 456 2701 494 a
2758 439 3019 494 Ctesarea
3073 437 3456 507 distrahitur,
3514 442 3687 510 eique

291 529 470 604 ἐξήχθη
522 530 639 602 (47)
700 526 1025 604 φιλονεικία,
1076 527 1341 606 πρόφασιν
1416 528 1509 602 μὲν
1579 526 1781 604 ἔχουσα
1826 526 1923 582 πί-

2056 528 2346 601 ιρροοὶῑυι·
2379 547 2390 584 :
2426 529 2568 585 adeo
2615 532 2679 583 ut
2728 528 3004 601 deinceps
3054 528 3126 582 de
3183 527 3413 601 oppidis
3455 543 3688 600 quoque

290 639 382 673 στιν
412 620 521 691 (48)
553 616 645 672 καὶ
692 618 794 685 τήν
845 620 1037 691 ψυχῶν
1090 614 1247 686 δῆθεν
1295 614 1642 690 κηδεμονίαν,
1678 613 1919 685 σπουδὴν

2056 622 2185 673 nter
2240 623 2521 690 utrosque
2580 617 2976 674 controversia
3035 620 3385 683 moveretur,
3432 617 3584 673 inter
3629 632 3689 672 se

291 705 339 761 δὲ
363 705 665 779 πλεονεξίαν
702 704 790 760 καὶ
824 704 1147 783 φιλαρχίαν,
1184 710 1399 780 σεμναῖς
1445 703 1671 777 κλήσεσι
1720 726 1921 779 πειρω-

293 795 443 870 μένων
474 795 869 871 κατακρύπτειν
892 796 958 849 τὰ
988 794 1181 869 αἶ’σχη.

2030 708 2470 775 contendentes,
2507 706 2616 761 utri
2653 707 2849 778 potius
2900 705 3210 776 metropoli
3257 722 3325 761 ea
3375 706 3692 762 asserenda

2030 799 2245 851 essent.
2277 797 2465 868 Atque
2511 795 2647 850 hinc
2679 795 2974 851 contentio
3018 799 3219 851 exorta
3246 798 3337 850 est
3369 813 3382 851 :
3416 794 3526 851 hoc
3557 794 3689 868 qui-

291 887 405 942 dem
433 887 671 942 obtentu
707 902 772 941 ac
805 889 1104 957 pra-textu,
1138 884 1307 956 quasi
1340 884 1475 941 fidei
1505 885 1737 958 negotio
1766 889 1940 958 atque
1970 884 2299 940 animarum
2332 901 2471 940 cura
2500 889 2873 940 moverentur
2905 902 2918 940 :
2954 900 3014 939 re
3045 887 3241 940 autem
3272 884 3419 955 ipsa,
3454 886 3691 957 propter

290 976 573 1035 avaritiam
605 974 1067 1046 dominandique
1096 973 1434 1046 libidinem;
1469 974 1809 1031 hominibus
1842 973 2122 1031 nimirum
2154 990 2246 1029 res
2277 978 2477 1045 turpes
2509 978 2566 1030 et
2596 973 2778 1030 foedas
2826 973 3089 1030 honestis
3143 972 3484 1029 nominibus
3514 972 3687 1029 obve-

291 1068 399 1123 lare
426 1064 793 1121 conantibus.

351 1151 849 1225 Καινοτομούμενος
907 1149 984 1222 δὲ,
1017 1151 1107 1205 καὶ
1164 1154 1271 1205 τῶν
1332 1150 1548 1205 οἲκείων
1595 1151 1627 1205 ἆ
1675 1149 1926 1227 οστερού-

294 1264 432 1317 μενος
464 1244 577 1315 (49)
603 1242 631 1295 ὁ
666 1241 831 1316 μέγας
863 1239 1162 1308 Βασίλειος,
1198 1238 1371 1294 έννοεῖ
1415 1246 1745 1310 καταστῆσαι
1802 1244 1923 1302 τοῖς

296 1332 541 1405 Σασίμοις
623 1328 946 1401 ὲπίσκοπον,
1025 1325 1137 1399 Ἵνα,
1212 1331 1603 1400 κοινοποιήσας
1681 1330 1793 1403 (50)
1866 1328 1929 1384 τὸ

294 1421 503 1496 σχίσμα,
560 1420 660 1487 τήν
716 1416 945 1473 ἄλλοθεν
1006 1417 1153 1489 αὐτῷ
1208 1418 1653 1493 παραγενομένην
1728 1415 1928 1491 ζημίαν

297 1510 515 1565 ἐντεῦθεν
570 1507 810 1578 ἷάσηται³
872 1507 960 1561 καὶ
1020 1507 1132 1579 ἅμα
1196 1509 1295 1577 τὴν
1358 1508 1545 1582 χώραν
1612 1506 1929 1570 ἐπισκόποις

294 1599 723 1667 καταπυκνώσας,
776 1595 1090 1669 ἐπιμέλειαν
1140 1601 1258 1658 ταῖς
1314 1595 1662 1667 Έκκλησίαις
1714 1594 1927 1670 μᾶλλον

298 1687 598 1765 χαρίσηται.
632 1683 822 1747 Οὐδεὶς
856 1686 944 1739 οὖν
982 1682 1155 1739 ἐδόκει
1185 1685 1453 1758 Βασιλείῳ
1510 1687 1932 1760 χρησιμώτερος

291 1782 375 1832 τοῦ
422 1776 751 1851 Γρηγορίου,
786 1773 877 1829 καὶ
931 1774 1284 1850 ἰσχυρότερος
1336 1773 1635 1844 ἐπισκοπῆς
1681 1795 1930 1851 καινουρ-

290 1866 539 1942 γηθείσης
613 1859 992 1919 ἀντιλαϐέσθαι
1047 1866 1183 1936 (51).
1243 1868 1413 1917 Τοῦτο
1494 1862 1930 1939 βουλευσάμενος

296 1956 417 2029 μετὰ
473 1959 573 2009 τοῦ
626 1953 830 2028 πατρὸς
890 1952 1197 2028 Γρηγορίου
1247 1957 1344 2006 τοῦ
1391 1952 1715 2025 θαυμασίου,
1765 1974 1930 2029 προσ-

289 2014 390 2121 ίίγει
454 2014 783 2119 βιασάμενος
831 2045 900 2116 τῇ
932 2014 1262 2119 ’χειροτονίᾳ
1305 2043 1417 2116 (52)
1464 2042 1554 2096 τὸν
1607 2014 1927 2115 ἄνδραοικαὶ
1962 2014 2009 2078 Β

288 2134 342 2189 τὸ
373 2133 465 2208 μὲν
496 2131 656 2207 ἔργον
717 2133 837 2207 εἶχε
861 2129 1039 2193 τέλος.
1074 2132 1129 2183 Ὁ
1162 2128 1239 2200 δὲ,
1270 2133 1407 2195 καθὰ
1453 2128 1726 2193 πολλάκις
1776 2132 1929 2207 εἰρή-

287 2242 470 2294 καμεν,
530 2220 732 2275 σκοπὸν
809 2216 951 2295 ἔχων
1029 2220 1263 2295 ἡσυχίας
1318 2240 1377 2274 τε
1432 2220 1522 2273 καὶ
1595 2218 1931 2295 πραγμάτων

290 2311 610 2387 ἐλευθερίας,
660 2310 876 2380 ἠνιᾶτο,
926 2307 1229 2388 ἐδυσφόρει,
1281 2309 1455 2381 ἑαυτῷ
1510 2309 1790 2385 ηροσέχειν
1839 2308 1929 2363 καὶ

287 2399 503 2469 ῗόιάζειν
557 2399 846 2474 ἀναγκαῖον
906 2398 1038 2454 εἶναι
1100 2397 1368 2472 οἰόμενος.
1432 2399 1573 2473 Πρὸς
1625 2395 1681 2452 δὲ
1725 2398 1815 2451 καὶ
1866 2398 1930 2451 τὸ

283 2488 511 2565 χωρίον,
544 2489 610 2542 τὰ
642 2487 859 2560 Σάσιμα
886 2485 1056 2562 λέγω,
1089 2487 1156 2556 ἦν
1202 2487 1347 2559 αὐτῷ
1393 2484 1789 2558 ἀνεπιτήδειον.
1842 2489 1933 2541 οἷα

286 2576 451 2647 ζάλης
476 2598 539 2631 τε
566 2575 658 2631 καὶ
714 2575 945 2630 ἀστικῶν
998 2569 1243 2651 θορύϐων
1290 2574 1748 2648 πεπληρωμένον.
1782 2583 1930 2629 Λεω-

284 2666 446 2745 φόρου
496 2667 611 2739 (53)
658 2668 763 2739 γὰρ
819 2662 1109 2738 βασιλικῆς
1160 2662 1320 2737 μέσον
1366 2663 1639 2736 κείμενον,
1692 2664 1780 2718 καὶ
1833 2667 1931 2719 τοῦ

286 2753 551 2829 δημοσίου
600 2751 809 2830 δρόμου
861 2750 988 2829 ἔχον
1039 2753 1106 2807 τὰ
1157 2752 1505 2823 ἱπποστάσια,
1541 2750 1775 2808 δονεῖται
1815 2758 1933 2815 τοῖς

286 2849 506 2918 παροῦσι
540 2846 676 2917 (54),
707 2840 930 2911 πολλὴν
968 2843 1060 2916 μὲν
1093 2841 1244 2897 ἀνίαν
1278 2841 1437 2920 φέρον
1487 2847 1606 2904 τοῖς
1654 2841 1932 2917 ἡσυχίοις,

294 2933 580 2989 ἀπόλαυσιν
615 2930 674 2987 δὲ
704 2933 738 3002 ἢ
776 2930 1043 3009 ὠφέλειαν
1098 2929 1223 2986 οὖδὲ
1270 2933 1370 3001 τὴν
1416 2935 1685 3006 τυχοῦσαν
1738 2929 1931 3007 σχεδὸν

307 3022 685 3097 παρεχόμενον.
739 3024 915 3074 Ταῦτα
962 3017 1150 3074 ἐνιδὼν
1210 3022 1345 3094 (55),
1387 3020 1461 3081 εἰς
1520 3022 1936 3098 φροντιστήριον

304 3108 514 3165 ἀσθενῶν
556 3108 909 3186 καταφεύγει,
960 3105 1204 3180 διακονίᾳ
1248 3129 1307 3163 τε
1350 3108 1440 3163 καὶ
1489 3108 1676 3185 λόγοις
1737 3129 1932 3186 πατρι-

292 3205 405 3262 κοῖς
458 3201 519 3254 τὸ
582 3196 845 3259 δυσαλθὲς
875 3200 1115 3271 τῆς
1174 3196 1333 3251 νόσου
1390 3197 1796 3274 καταπραΰνων,
1844 3196 1934 3253 καὶ

287 3286 611 3366 φιλοσοφίας
666 3287 759 3342 τὸν
810 3287 996 3362 καιρὸν
1041 3289 1156 3360 (57)
1198 3284 1661 3363 ἐγγυμναστήριον
1710 3286 1935 3343 τίθεται.

2108 1154 2182 1208 At
2211 1168 2343 1207 vero
2395 1167 2646 1224 magnus
2681 1151 2954 1219 Basilius,
2986 1168 3133 1208 novo
3184 1155 3361 1225 atque
3409 1150 3691 1207 inusitato

2040 1240 2301 1313 exemplo
2333 1240 2459 1296 suis
2491 1241 2723 1313 oppidis
2753 1241 3060 1313 spoliatus,
3086 1239 3422 1313 episcopum
3445 1239 3693 1296 Sasimis

2040 1330 2396 1386 constituere
2455 1331 2748 1402 proponit,
2798 1335 2883 1399 ut,
2946 1331 3102 1402 quod
3161 1332 3488 1387 abscissum
3546 1318 3691 1400 erat,

2041 1434 2352 1474 commune
2392 1418 2633 1485 faciens,
2666 1419 3084 1475 detrimentum
3117 1418 3353 1475 aliunde
3391 1422 3692 1490 acceptum

2039 1507 2147 1563 hac
2198 1510 2423 1564 ratione
2470 1508 2743 1576 sarciret;
2778 1507 3074 1581 simulque
3132 1509 3366 1581 regione
3407 1505 3694 1580 episcOpis

2041 1596 2385 1663 obﬁrmata,
2454 1597 2846 1653 Ecclesiarum
2916 1596 3410 1653 administrationi
3482 1595 3694 1650 melius

2040 1685 2387 1741 consuleret.
2422 1685 2604 1741 Nemo
2649 1704 2820 1759 porro
2859 1687 2909 1742 ei
2941 1687 3012 1742 ad
3046 1686 3435 1741 moderandas
3465 1684 3694 1756 episco-

2040 1778 2211 1845 patus
2258 1789 2460 1830 recens
2508 1775 2687 1829 creati
2737 1775 2995 1830 habenas
3029 1773 3303 1847 Gregorio
3335 1772 3697 1830 commodior

2040 1862 2435 1935 ﬁrmiorisque
2484 1862 2664 1919 animi
2696 1864 3022 1919 videbatur.
3059 1866 3131 1919 Ac
3161 1863 3403 1935 proinde
3449 1860 3693 1918 consilio

2040 1968 2174 2006 cum
2194 1952 2302 2007 viri
2329 1952 2661 2008 admirandi
2685 1957 2848 2023 patre
2876 1953 3097 2020 habito,
3122 1952 3372 2007 invitum
3392 1951 3690 2007 hominem

2039 2057 2104 2095 ac
2126 2045 2550 2113 repugnantem
2574 2042 2890 2112 pontiﬁcali
2915 2041 3099 2111 gratia
3120 2042 3694 2111 consecratum,ejus

2040 2130 2306 2185 Ecclesiaa
2336 2129 2499 2186 clavo
2530 2130 2826 2198 admovet;
2874 2148 2940 2185 ac
2970 2147 3060 2186 res
3090 2131 3329 2202 quidem
3362 2146 3534 2200 opere
3564 2146 3694 2201 per-

2040 2219 2249 2274 ficitur.
2270 2219 2553 2274 Czeterum
2582 2218 2700 2289 ille,
2727 2223 2791 2273 ut
2820 2236 2970 2291 saepe
2997 2220 3276 2289 diximus,
3300 2217 3697 2291 tranquillita-

2039 2312 2182 2376 tem,
2206 2309 2695 2381 negotiorumque
2724 2308 3161 2364 immunitatem
3188 2310 3300 2365 sibi
3331 2307 3691 2380 propositam

2040 2397 2285 2465 habens,
2302 2398 2625 2470 angebatur
2640 2398 3331 2470 animo,permolesteque
3348 2414 3469 2453 rem
3488 2396 3694 2467 hujus-

2041 2486 2198 2541 modi
2226 2487 2463 2552 ferebat,
2487 2486 2597 2541 sibi
2628 2485 2741 2558 ipsi
2773 2487 3036 2542 animum
3060 2492 3348 2543 attentum
3372 2486 3604 2556 habere,
3628 2501 3695 2541 ac

2042 2574 2325 2647 privatam
2348 2574 2527 2630 vitam
2551 2574 2737 2630 colere
2760 2577 3153 2632 necessarium
3178 2592 3305 2632 esse
3327 2575 3693 2631 existimans.

2044 2666 2164 2719 Huc
2198 2665 2509 2720 accedebat
2546 2664 2653 2719 loci
2688 2665 3160 2735 incommoditas,
3196 2669 3396 2737 utpote
3427 2663 3695 2737 procellis

2043 2753 2380 2825 urbicisque
2408 2753 2762 2809 tumultibus
2802 2753 2977 2826 pleni.
3012 2742 3373 2811 Sasimorum
3403 2754 3559 2809 enim
3586 2769 3697 2825 op-

2043 2843 2245 2915 pidum
2293 2842 2351 2896 in
2384 2842 2552 2914 regiae
2599 2846 2655 2898 et
2713 2842 2987 2898 militaris
3016 2844 3119 2898 viae
3153 2844 3344 2899 medio
3394 2842 3597 2910 situm,
3630 2857 3696 2896 ac

2042 2930 2476 2988 veredariorum
2526 2948 2812 3003 equorum
2857 2932 3138 2988 stationes
3187 2931 3429 3001 habens,
3462 2935 3695 3004 prester-

2044 3020 2311 3077 euntium
2342 3019 2700 3076 tumultibus
2747 3022 3005 3093 undique
3054 3021 3361 3094 perstrepit
3409 3025 3465 3076 et
3512 3020 3696 3091 agita-

2044 3114 2170 3177 tur;
2203 3115 2381 3180 atque
2410 3111 2706 3181 ingentem
2731 3110 2969 3181 quidem
2994 3109 3322 3166 molestiam
3357 3108 3697 3165 hominibus

2045 3197 2373 3271 tranquille
2424 3198 2554 3253 vitae
2615 3199 2899 3254 studiosis
2951 3198 3156 3272 gignit,
3188 3200 3443 3255 fructum
3501 3202 3697 3254 autem

2046 3292 2220 3359 atque
2279 3287 2588 3343 utilitatem
2620 3304 2691 3343 ne
2740 3287 3047 3343 minimam
3093 3288 3329 3360 quidem
3391 3303 3698 3360 propemo-

283 3379 505 3455 Λέγεται
556 3375 649 3432 οὖν
834 3372 973 3449 μηδὲ
1018 3377 1327 3453 προσφορὰν
1360 3377 1396 3445 ἢ
1430 3376 1768 3451 χειροτονίαν
1801 3379 1935 3449 (59),

2056 3377 2191 3433 dum
2223 3376 2407 3432 ali‘ert.
2437 3377 2599 3443 Quod
2639 3393 2774 3431 cum
2819 3375 2915 3432 ille
2948 3378 3321 3449 perspiceret,
3353 3378 3424 3433 ad
3457 3380 3698 3449 aegroto-

281 3468 316 3537 ἣ
369 3465 555 3542 ἕτερόν
604 3487 659 3520 τι
702 3469 809 3519 τῶν
856 3466 1097 3535 συνήθων
1144 3469 1263 3526 τοῖς
1322 3464 1664 3535 ἐπισκόποις,
1714 3464 1765 3519 ἐν
1813 3469 1929 3526 τοῖς

282 3555 553 3628 Σασίμοις
586 3556 701 3627 (60)
731 3550 1058 3622 ἐπιτελέσαι,
1091 3550 1216 3608 ἀλλ’
1247 3553 1360 3626 ἄμα
1388 3556 1455 3627 τῇ
1489 3553 1796 3630 χειροτονίᾳ
1841 3553 1932 3607 τὸν

282 3643 527 3721 δρασμὸν
564 3645 672 3715 (61)
705 3642 975 3711 ἐννοῆσαι.

2043 3482 2173 3521 rum
2207 3464 2567 3520 domicilium
2599 3466 2879 3537 confugit,
2908 3466 3234 3523 ministerio
3266 3465 3570 3536 verbisque
3604 3481 3699 3537 pa-

2043 3554 2225 3609 ternis
2254 3554 2442 3609 morbi
2492 3554 2895 3609 difﬁcultatem
2927 3555 3391 3627 gravitatemque
3422 3555 3644 3610 leniens
3679 3569 3694 3610 :

2046 3660 2111 3699 ac
2144 3642 2525 3715 philosophiae
2570 3644 3087 3699 exercitamentum
3119 3649 3353 3717 tempus
3399 3644 3544 3699 illud
3582 3641 3697 3699 sibi

278 3734 619 3793 constituit.
651 3734 869 3790 Ferunt
912 3736 1106 3788 autem
1156 3747 1312 3803 eum,
1344 3749 1449 3789 nec
1491 3732 1866 3805 oblationem,
1901 3750 2005 3789 nec
2035 3732 2481 3803 ordinationem,
2514 3748 2703 3804 neque
2752 3732 3077 3804 quidquam
3126 3734 3287 3789 aliud
3334 3750 3535 3789 eorum
3568 3749 3695 3803 quae

280 3826 444 3898 apud
478 3823 784 3896 episcopos
816 3821 1081 3878 consueti
1121 3821 1310 3877 munii
1359 3826 1515 3891 sunt,
1549 3823 1798 3879 Sasimis
1829 3823 2150 3895 peregrisse
2183 3840 2195 3878 :
2227 3838 2430 3877 verum
2463 3821 2641 3877 simul
2672 3826 2845 3893 atque
2877 3823 3186 3894 episcopus
3234 3823 3539 3878 ordinatus
3585 3824 3698 3890 est,

275 3914 490 3986 fugam
520 3912 720 3968 animo
751 3910 1106 3982 concepisse.

357 4002 417 4055 ⁸0
449 3997 509 4055 δὲ
564 3999 744 4073 πατὴρ
794 3996 940 4053 πολὺ
994 3998 1087 4070 μὲν
1136 3997 1204 4066 ἦν
1251 3993 1554 4053 ἀντιϐολῶν
1605 3998 1764 4054 αὐτὸν
1826 3999 1939 4073 (62)

280 4091 354 4145 τὰ
414 4090 635 4161 Σάσιμα
688 4084 959 4163 δέχεσθαι·
1021 4084 1148 4141 ἀλλ’
1206 4084 1393 4155 ἐπειδὴ
1441 4092 1538 4142 τοῦ
1594 4092 1798 4142 σκοποῦ
1836 4086 1937 4141 ἀπ-

2121 3999 2224 4055 Hic
2254 4014 2384 4054 vero
2416 4002 2580 4070 pater
2628 3999 2878 4054 multum
2911 3998 3146 4071 quidem
3186 4000 3403 4072 diuque
3449 4016 3604 4067 eum,
3638 4002 3705 4055 ut

2050 4088 2280 4143 Sasima
2323 4091 2567 4152 teneret,
2602 4087 2945 4143 obsecravit.
2978 4089 3121 4144 Cum
3154 4093 3349 4144 autem
3381 4089 3535 4160 quod
3567 4103 3706 4159 pro-

284 4178 579 4254 ετύγχανε,
633 4171 878 4249 δεύτερον
926 4179 1153 4228 πειεῖται
1202 4173 1311 4228 ἀνθ’
1359 4175 1550 4229 ἑαυτοῦ
1590 4174 1791 4230 ἐκεῖνον
1841 4177 1935 4244 τῆς

2056 4176 2300 4248 ponebat
2333 4176 2575 4233 minime
2617 4178 2852 4249 assequi
2885 4181 3101 4249 posset,
3134 4177 3241 4233 hoc
3276 4178 3534 4234 secundo
3566 4176 3709 4253 egit,

284 4264 626 4334 Ἐκκλησίας
650 4265 765 4337 (63)
795 4267 1090 4332 Ναζιανζοῦ
1136 4262 1413 4318 ἀνελέσθαι
1454 4264 1552 4332 τὴν
1605 4263 1937 4338 ἐπιμέλειαν.

288 4354 388 4410 Καὶ
447 4358 611 4410 τοῦτο
669 4348 924 4426 ἔπραττεν
985 4350 1047 4407 οὐ
1104 4349 1371 4424 νουθεσίᾳ,
1427 4351 1613 4425 μόνον,
1654 4350 1781 4408 ἀλλ’
1827 4349 1937 4424 ἤδη

372 4581 479 4655 (47)
512 4579 654 4637 ϐοά.
688 4578 783 4635 Or.
820 4578 879 4635 P.
914 4581 972 4634 et
1008 4576 1166 4634 Colb.
1203 4580 1255 4648 1,
1289 4577 1525 4642 ἐντεῦθεν
1568 4576 1796 4656 ἐξήφθη,
1827 4579 1954 4636 hinc

310 4668 526 4709 accensa
555 4659 654 4707 εει.

2052 4271 2117 4322 ut
2146 4282 2249 4339 pro
2283 4282 2345 4321 se
2375 4265 2471 4321 ille
2516 4266 2781 4323 Ecclesia:
2814 4266 3189 4323 Nazianzena:
3222 4284 3424 4323 curam
3454 4264 3706 4323 admini-

2055 4355 2520 4427 strationemque
2576 4355 2921 4428 susciperet.
2962 4356 3051 4412 Ad
3106 4372 3354 4430 eamque
3404 4373 3552 4424 rem,
3590 4371 3709 4413 non

2135 4581 2247 4653 (54)
2279 4584 2519 4657 Δονεξίται
2566 4585 2702 4657 τοῖς,
2738 4584 2997 4657 παροῦσι,
3027 4582 3169 4657 haec
3210 4584 3397 4657 verba
3450 4581 3715 4657 restitui-

2064 4652 2199 4726 mus
2228 4669 2296 4708 ex
2327 4654 2453 4709 cod.
2487 4652 2647 4711 Golb.
2677 4654 2713 4707 2
2739 4652 2866 4726 quae
2905 4654 3158 4711 reddidit
3203 4655 3264 4711 in
3314 4654 3577 4713 versione
3606 4671 3715 4712 sua

371 4722 705 4796 (48)11ίστῖ⁴ν
740 4721 957 4796 deerat,
1009 4721 1108 4796 sed
1156 4720 1215 4796 in
1264 4721 1532 4777 versione
1588 4738 1698 4779 sua
1754 4722 1935 4796 Billiu:

2064 4724 2289 4781 Billius.

299 4790 590 4863 restituit;
634 4792 719 4849 sic
748 4790 951 4848 volunt
980 4790 1077 4846 alii
1106 4792 1245 4849 edit.
1276 4809 1383 4849 nec
1413 4811 1529 4853 non
1578 4798 1635 4850 et
1680 4794 1855 4850 Codd.
1890 4800 1953 4850 P.

297 4873 356 4922 et
385 4868 547 4923 Golb.
583 4868 637 4921 1.

366 4939 487 5063 (49)
519 4938 583 4993 In
612 4936 743 4992 cod.
868 4934 1081 4990 desunt
1128 4934 1251 4989 haec
1293 4935 1469 4992 verba
1517 4953 1531 4993 :

292 5028 357 5063 κε
389 5032 462 5063 ων
494 5008 987 5063 ἀποστερουμενος.

389 5004 479 5063 ων’
494 5004 987 5080 ἀποστερούμενος.

372 5082 486 5154 (50)
518 5080 658 5154 _Cod.
680 5076 820 5154 _'Or.;
855 5077 1070 5133 habere
1117 5076 1346 5133 videtur
1389 5078 1803 5149 καινοποιήσας,
1832 5081 1961 5152 reﬁ-

290 5148 479 5210 cie-ns.
505 5151 644 5208 Cod.
679 5151 734 5205 P.
769 5148 833 5203 τὸ
864 5154 1079 5221 σχῆμα..

372 5225 489 5295 (51)
524 5224 663 5280 ϐοά.
794 5217 1156 5295 αάάῆ.’πλὴν
1187 5222 1284 5273 τοῦ
1304 5219 1642 5295 ,Γρηγορ-ίου.

372 5226 460 5291 (51
524 5226 663 5280 ϐοά.
695 5226 758 5277 Ρ.

372 5226 490 5370 (52)
520 5293 794 5370 Προσάγει

298 5586 794 5642 consecrationem.

376 5657 487 5736 (53)
521 5656 660 5717 Cod.
695 5654 760 5714 P.
797 5645 1101 5731 λαοφόρον.

1583 4934 1673 4989 καὶ
1719 4940 1825 4991 τῶν
1875 4936 1956 4991 οἱ·

891 5289 1177 5363 ειροτονίᾳ·
1200 5362 1203 5363 ν
1223 5289 1414 5347 reddit
1443 5289 1684 5363 'Billius,
1714 5294 1969 5351 electioni

291 5362 582 5436 admovet,
620 5362 775 5439 quod
817 5362 967 5439 nihil
1006 5362 1685 5439 eccrlesiasticumhsonat’.
1711 5367 1803 5421 Sic
1830 5383 1966 5439 pas-

293 5440 418 5514 sim
452 5433 931 5514 ρει-χειροτονίαν
978 5436 1294 5514 electionem
1342 5434 1650 5514 intelligit;
1684 5433 1968 5514 combeﬁ-

294 5507 621 5579 sius'vero;
653 5507 833 5583 quem
880 5507 1204 5579 sequimur,
1236 5523 1507 5564 manuum
1536 5507 1966 5583 impositionem,

2138 4795 2456 4868 _Co_lb.
2508 4797 2556 4861 1,
2608 4800 2663 4852 et
2708 4797 2834 4853 cod.
2884 4796 2979 4851 Or.
3023 4797 3180 4851 Ταῦτ’
3230 4794 3377 4853 ἰδών.
3433 4796 3716 4868 Combef.,

2134 4862 2158 4879 δ’
2200 4866 2211 4885 ν
2233 4862 2241 4867 ’
2274 4864 2301 4885 τ
2370 4862 2419 4885 3"
2446 4866 2457 4885 Ι

2066 4886 2194 4920 ταυτ
2244 4886 2332 4919 ουν
2372 4875 2520 4923 ιὸων.

2313 4938 2471 4994 Colb.
2535 4940 2587 5005 1,
2644 4938 2707 4992 τὸ
2766 4935 3037 5000 δυσανθές.
3098 4940 3251 4996 ϐοά.
3296 4941 3418 5011 Or.,
3472 4937 3534 4991 τὸ
3595 4934 3720 4992 δυσ-

2069 5009 2254 5084 αχθές.

2477 5080 2558 5157 Ρη
2589 5077 2913 5157 φιλοσοφίαν
2945 5083 3300 5157 τῶνγκαιρῶν.

2162 5088 2251 5150 57)
2282 5088 2440 5135 Uolb.
2479 5088 2558 5143 P.,
2589 5088 2913 5157 φιλοσοφίαν
2945 5088 3050 5133 τῶν
3078 5088 3300 5154 καιρῶν.

2075 5088 2266 5278 8,23%).
2286 5151 2444 5208 Colb.
2477 5153 2501 5206 1
2540 5157 2597 5208 et
2623 5153 2679 5218 2,
2724 5151 2945 5229 Λέγεται
2995 5156 3144 5228 γοῦν.
3176 5153 3315 5209 ϐοά.
3348 5154 3467 5222 On,
3500 5151 3722 5228 Λέγεται

2152 5243 2266 5279 ουν.

2146 5297 2257 5369 (59)
2290 5294 2673 5369 Siccoanr.
2700 5295 2759 5350 in
2790 5296 2929 5351 edit.
2960 5294 3390 5369 χειρονοτονίαν,

2148 5364 2260 5440 (60)
2292 5366 2450 5423 Colb.
2483 5369 2517 5420 2
2546 5366 2722 5423 habet
2746 5364 3114 5423 tantum'rﬁiv
3146 5367 3390 5438 συνήθων
3420 5370 3539 5431 τοῖς
3573 5364 3731 5423 Σασί-

2125 5458 2228 5500 οις.

2083 5458 2263 5583 FO(iii)
2292 5508 2471 5583 Codd.
2505 5509 2600 5583 ον.
2633 5513 2690 5566 et
2718 5510 2780 5565 Ρ.
2810 5507 2879 5583 τὸ,
2905 5505 3140 5583 δράσειν.

2173 5578 2265 5639 62)
2299 5578 2464 5636 Αὐτόν
2498 5582 2661 5638 deest
2690 5582 2749 5637 in
2781 5582 2908 5639 cod.
2941 5578 3040 5638 0r.

2174 5649 2264 5724 63)
2293 5649 2624 5732 Ἐκκλησίας
2654 5654 2817 5713 deest
2846 5654 2906 5712 in
2938 5654 3067 5713 cod.
3101 5652 3200 5714 ΟΡ.
