4096 6288
446 257 555 314 271

1570 254 1750 313 VITA
1801 254 1866 310 S.
1915 250 2281 311 GREGOlllI
2326 250 2717 313 THEOLOGI

3724 256 3837 316 2⁵72

445 386 905 442 admonitionem
936 390 1167 441 tantum
1200 391 1254 442 et
1293 385 1749 442 cohortationem
1794 384 2072 439 afferebat

2205 379 2293 436 καὶ
2344 379 2472 456 ἀράν
2525 404 2643 439 τινα
2691 384 3026 461 προσμιγνὺς
3084 385 3142 441 ἐκ
3190 378 3555 462 πρεσϐυτικῆς
3587 386 3843 462 ὁρμωμέ-

444 474 545 530 sed
557 475 680 546 jam
696 474 869 529 etiam
890 474 1366 547 imprecationem
1381 475 1693 546 quamdam
1715 471 2097 541 admiscebat,

444 579 513 618 ex
542 563 861 620 senectutis
882 568 1215 637 contemptu
1251 564 1735 636 proﬁciscentem.
1764 562 1866 617 Hic
1897 565 2094 617 autem

443 652 623 709 simul
656 653 892 724 quidem
923 656 979 709 et
999 652 1179 708 vitam
1213 652 1390 708 nullis
1416 652 1900 725 occupationibus
1930 651 2105 705 inter.

444 740 717 812 pellatam
765 741 877 797 sibi
925 758 1269 815 procurans,
1302 746 1360 799 et
1416 743 1612 815 magni
1662 740 1946 797 momenti
1979 752 2101 793 rem

441 846 569 886 esse
599 846 847 887 censens
897 848 1118 887 morem
1169 833 1322 904 patri
1370 848 1587 905 gerere,
1623 831 1715 886 his
1746 828 1932 885 verbis
1965 843 2100 883 eum

442 919 763 992 alloquitur
794 935 844 975 :«
870 920 1058 987 Pater,
1090 921 1323 977 tametsi
1359 920 1501 976 mihi
1532 919 1783 976 molesta
1814 921 1953 973 sunt
1973 932 2100 988 quas

443 1007 721 1081 imperas,
737 1008 796 1064 in
816 1007 1064 1081 gratiam
1084 1012 1277 1065 tamen
1297 1010 1382 1065 tui
1400 1009 1855 1082 haudquaquam
1871 1020 2095 1061 recuso.

441 1096 708 1153 Nazianzi
741 1114 942 1154 curam
986 1099 1263 1171 suscipio.
1298 1099 1417 1154 Hoc
1456 1102 1653 1154 tamen
1686 1096 1863 1153 velim
1894 1096 2101 1150 sancta

441 1190 547 1242 tua
583 1185 1146 1259 religiosissimaque
1196 1187 1507 1260 prudentia
1553 1188 1885 1259 cognoscat,
1934 1180 2099 1237 nulla

443 1275 667 1331 ratione
698 1275 821 1331 ﬁeri
854 1291 1046 1347 posse,
1083 1279 1143 1331 ut
1184 1280 1240 1332 te
1279 1292 1347 1332 ex
1376 1276 1485 1331 hac
1512 1275 1630 1331 vita
1661 1274 1959 1331 subtracto
1992 1270 2095 1324 Ec-

440 1364 681 1419 clesiam
714 1365 1019 1420 retineam.
1054 1389 1080 1415 ››
1118 1365 1473 1421 Praeveniens
1506 1364 1685 1436 igitur
1712 1366 1876 1435 pater
1908 1375 1975 1415 :«
2012 1358 2096 1413 Ita

437 1470 600 1523 sane,
627 1452 842 1525 inquit,
867 1470 898 1509 ο
932 1453 1034 1523 fili,
1062 1454 1207 1508 mihi
1236 1453 1452 1509 viventi
1483 1449 1915 1525 scipionis'vice
1944 1450 2091 1512 esto,

2208 489 2304 540 νην
2365 467 2681 546 ὀλιγωρίας.
2742 473 2798 526 Ὀ
2858 470 2933 545 δὲ,
2992 472 3053 529 τό
3108 494 3167 528 τε
3221 473 3613 549 ἀπερίσπαστον
3675 474 3844 547 ἑαυτῷ

2212 554 2607 632 διοικούμενος,
2638 561 2726 615 καὶ
2754 566 2833 634 τῷ
2860 561 3023 637 πατρὶ
3081 564 3391 638 πειθαρχεῖν
3444 564 3582 637 μέγα
3628 562 3847 639 κρίνων,

2213 647 2343 724 φησὶ
2392 649 2528 723 πρὸς
2578 648 2755 704 αὐτόν’
2798 651 2919 705 «Ὦ
2965 651 3155 726 πάτερ,
3188 650 3281 705 κᾶν
3332 650 3414 705 ὅτι
3466 648 3705 727 δυσχερῆ
3762 671 3849 723 μοι

2209 736 2275 790 τὰ
2304 737 2766 812 προσταττόμενα,
2799 738 2951 811 ὅμως
2994 737 3051 794 δὶ
3096 740 3194 807 σὴν
3242 739 3402 815 χάριν
3454 738 3552 794 οὐκ
3593 738 3849 797 ἀνανεόω.

2212 826 2453 901 Δέχομαι
2483 827 2583 894 τὴν
2618 824 2877 905 φροντίδα
2907 832 3225 896 Ναζιανζοῦ.
3257 826 3570 882 Γινωσκέτω
3603 825 3659 883 δέ
3692 850 3785 883 σου
3814 831 3848 898 ἡ

2210 914 2327 989 ἱερὰ
2357 914 2445 969 καὶ
2477 914 2740 993 θεοφιλὴς
2769 936 2999 988 συνεσις,
3031 916 3106 977 ὡς
3140 916 3244 993 οὐχ
3276 916 3390 971 οἷόν
3419 918 3477 971 τέ
3512 937 3598 990 με,
3632 921 3729 972 σοῦ
3754 921 3850 972 τοῦ

2205 1000 2336 1074 τῇδε
2368 1003 2489 1079 βίου
2521 1004 2919 1080 χωοιζομένου,
2950 1012 3051 1075 τῆς
3078 1005 3400 1076 Ἐκκλησίας
3450 1005 3785 1081 ἀντέχεσθαι.
3818 1032 3845 1059 ››

2204 1093 2536 1170 Ὑποφθάσας
2586 1093 2677 1148 οὗν
2732 1095 2760 1148 ὁ
2807 1095 3009 1171 πατὴρ.
3043 1120 3071 1145 ‹‹
3108 1095 3260 1167 Ἐμοὶ
3316 1094 3433 1166 μὶν,
3476 1090 3600 1172 ἔφη,
3634 1096 3678 1149 ὦ
3729 1101 3846 1167 παῖ,

2209 1182 2369 1247 ζῶντι
2430 1179 2697 1257 βακτηρία
2746 1186 2927 1256 γενοῦ,
2957 1180 3020 1237 τό
3077 1188 3251 1258 γῆρας
3306 1181 3709 1259 ὑποσοηρίζων,
3756 1185 3846 1238 καὶ

2202 1272 2320 1329 ταῖς
2364 1274 2650 1343 πατρικαῖς
2711 1269 2900 1346 εὐχαῖς
2955 1270 3365 1347 στηριζόμενος.
3417 1270 3844 1343 Τελευτήσαντος

2206 1352 2281 1424 δὲ,
2339 1358 2412 1419 ὡς
2470 1356 2528 1413 ἃν
2581 1359 2617 1434 ᾗ
2676 1380 2759 1413 σοι
2823 1358 3006 1437 φίλον,
3057 1357 3325 1424 διατίθεσο
3381 1362 3493 1435 (64)
3548 1362 3615 1415 τὰ
3670 1363 3844 1438 πράγ-

2208 1466 2367 1517 ματα.
2396 1470 2425 1497 ))

440 1545 799 1596 senectutem
834 1558 1022 1597 meam
1058 1541 1417 1609 sut't‘ulciens,
1447 1540 1822 1612 paternisque
1871 1535 2143 1609 precibus
2181 1535 2438 1592 vicissim
2474 1537 2674 1594 fultus.
2708 1545 2849 1594 Cum
2900 1543 3097 1595 autem
3146 1556 3177 1596 e
3228 1540 3347 1596 vita
3392 1556 3713 1609 excessero,
3744 1557 3845 1613 pro

438 1629 623 1685 animi
654 1630 937 1685 arbitratu
968 1647 1061 1686 res
1091 1635 1223 1685 tuas
1254 1631 1562 1686 constitue.
1594 1652 1614 1679 ιι

510 1719 611 1775 His
643 1720 880 1786 auditis,
917 1719 1193 1775 assiduus
1241 1720 1356 1791 ipsi
1390 1718 1738 1787 adhaerebat,
1773 1713 2080 1789 praeclaris-

2272 1712 2485 1767 Τούτων
2537 1713 2787 1785 ἀκούσας,
2837 1715 3135 1789 προσέμενε
3182 1722 3514 1793 γηροκομῶν
3567 1720 3681 1791 (65)
3730 1714 3845 1795 ἄρι-

438 1808 585 1863 sime
617 1825 830 1863 curans
857 1811 987 1863 tum
1027 1808 1218 1880 ipsius
1249 1808 1543 1876 canitiem,
1569 1810 1695 1880 jam
1740 1807 1809 1861 ad
1843 1802 2085 1860 centesi-

439 1913 602 1952 mum
643 1913 865 1952 annum
909 1898 1256 1967 accedentia,
1289 1902 1416 1953 tum
1467 1897 2087 1961 matris‘senectutem,

438 2001 551 2040 non
578 1985 824 2040 multum
845 1985 918 2039 ab
940 2002 1008 2041 ea
1027 1989 1194 2042 aetate
1212 1986 1517 2052 distantis;
1544 2001 1793 2057 quorum
1819 1988 2090 2055 uterque,

435 2078 497 2128 ut
528 2074 828 2145 probabile
882 2078 992 2142 est,
1026 2090 1239 2146 magna
1296 2092 1437 2130 cura
1484 2078 1539 2129 et
1569 2092 1601 2129 a
1630 2073 1827 2129 labore
1887 2071 2087 2143 requie

430 2178 578 2234 opus
607 2162 879 2233 habebat,
914 2164 1233 2235 praesertim
1270 2166 1395 2235 jam
1429 2164 1701 2219 defuncto
1730 2161 1997 2227 Caesario,
2030 2165 2087 2215 et

431 2251 723 2325 Gorgonia
740 2268 936 2308 sorore
956 2252 1330 2308 sanctissima
1355 2253 1587 2318 femina,
1604 2256 1777 2323 atque
1797 2251 2084 2306 ambobus

430 2341 503 2397 ad
534 2341 714 2397 vitam
742 2339 889 2396 senii
921 2345 1213 2412 expertem
1237 2346 1630 2412 mternamque
1662 2339 2083 2395 beatitudinem

432 2428 753 2497 translatis,
779 2445 925 2500 quos
951 2430 1127 2484 etiam
1161 2430 1503 2486 funebribus
1525 2429 1886 2485 orationibus
1919 2429 2087 2483 deco-

431 2518 600 2585 ravit,
617 2518 778 2573 solus
800 2517 1035 2573 relictus
1064 2519 1381 2574 senectitus
1403 2518 1693 2585 solatium,
1718 2517 2083 2573 inﬁrmitatis

430 2606 744 2675 medicina,
778 2607 1007 2678 piorum
1052 2611 1382 2678 parentum,
1416 2606 1462 2663 si
1495 2607 1579 2662 ita
1626 2606 1785 2678 loqui
1838 2608 1923 2661 fas
1970 2611 2079 2675 est,

430 2695 638 2751 melior
666 2695 980 2763 successio,
1004 2696 1350 2767 abundeque
1381 2695 1574 2768 ampla
1605 2696 1926 2766 majoribus
1956 2695 2081 2751 suis

431 2784 613 2858 gloria
646 2785 716 2839 ad
754 2785 1190 2856 propagandam
1226 2801 1425 2840 eorum
1462 2785 1827 2855 memoriam,
1860 2788 1915 2839 et
1946 2800 2078 2839 cum

429 2874 589 2929 orbis
634 2867 917 2928 incolumi
965 2878 1120 2928 statu
1164 2874 1596 2946 porrigendam.
1629 2873 1841 2945 Ecquis
1880 2877 2077 2928 autem

429 2963 638 3035 majori
672 2963 911 3034 pietatis
957 2961 1129 3018 laude
1168 2962 1503 3018 domesticis
1553 2964 1801 3036 praefuit,
1834 2962 2079 3017 scientia

426 3057 484 3107 et
531 3053 741 3123 pietate
771 3053 1008 3107 domum
1052 3053 1385 3121 moderans,
1417 3052 1574 3107 velut
1619 3052 1879 3123 optimus
1910 3052 2065 3123 quis-

423 3142 581 3212 piam
604 3146 1096 3213 procurator,qua:
1117 3141 1329 3212 cuique
1349 3142 1655 3196 commoda
1673 3145 1854 3211 erant,
1879 3140 2072 3196 distri-

423 3230 633 3292 buens,
653 3229 938 3301 cognatis,
971 3229 1196 3295 amicis,
1222 3229 1479 3295 famulis,
1501 3229 1832 3301 hospitibus
1858 3246 1871 3284 :
1897 3235 2071 3300 atque

424 3319 506 3373 ita
534 3334 743 3373 rursus
774 3317 1043 3373 Ecclesiae
1092 3320 1324 3389 negotia
1371 3318 1812 3385 administrans,
1846 3323 1912 3372 ut
1942 3320 2070 3389 ejus

426 3407 701 3479 pascendi
733 3406 924 3477 gregis
958 3406 1104 3462 ratio
1134 3407 1407 3462 omnibus
1437 3407 1595 3462 velut
1629 3412 1780 3462 recta
1812 3408 2071 3463 amussis

422 3494 721 3567 proposita
749 3495 943 3550 esset?
989 3494 1303 3551 Commode
1350 3501 1545 3551 autem
1576 3514 1606 3549 a
1639 3496 1817 3551 Paulo
1846 3497 2068 3551 dictum

424 3591 512 3639 est
562 3600 574 3639 :
631 3585 693 3640 Si
749 3588 870 3655 quis
925 3583 1237 3639 domesticis
1290 3601 1519 3656 prazesse
1570 3588 1759 3652 nescit,
1809 3586 2069 3656 quomodo

424 3674 683 3729 Ecclesiz
710 3673 809 3728 Dei
848 3688 1038 3728 curam
1084 3673 1302 3728 habebit
1320 3673 1407 3728 97?
1456 3674 1682 3729 Etenim
1729 3675 1829 3746 qui
1883 3691 2068 3729 unum

423 3763 742 3834 prudenter
789 3762 1018 3830 rexerit,
1050 3761 1145 3816 hic
1194 3763 1395 3833 utique
1442 3768 1497 3819 et
1547 3764 1786 3819 domum
1843 3781 2071 3819 servare

423 3855 597 3923 queat
625 3868 638 3907 :
668 3851 767 3923 qui
799 3856 991 3907 autem
1024 3851 1288 3919 domum,
1322 3852 1477 3907 idem
1509 3857 1565 3907 et
1590 3852 1903 3909 Ecclesiam
1932 3871 1944 3907 :
1970 3854 2070 3924 qui

422 3957 628 3995 rursus
659 3940 1002 4005 Ecclesium,
1025 3939 1074 3995 is
1115 3945 1170 3995 et
1196 3940 1509 3996 civitatem.
1534 3942 1678 3995 Nam
1732 3947 1789 3996 et
1835 3944 2070 4011 domus,

419 4033 713 4085 contracta
744 4030 1012 4100 quaedam
1053 4028 1381 4100 respublica
1411 4035 1499 4084 est
1532 4047 1545 4085 :
1582 4035 1638 4085 et
1680 4032 1906 4104 civitas,
1941 4051 2069 4105 per-

423 4118 623 4172 fectior
653 4120 920 4188 quaedam
970 4119 1182 4174 domus
1220 4118 1553 4190 descriptio.
1587 4119 1862 4190 Ejusdem
1913 4123 2069 4179 enim

424 4206 680 4261 scientia:
710 4211 818 4273 est,
850 4211 909 4261 et
956 4205 1192 4274 multos,
1226 4211 1283 4262 et
1312 4224 1549 4278 paucos,
1582 4213 1685 4264 aut
1733 4227 1917 4266 unum
1948 4228 2068 4267 ser-

418 4309 554 4349 vare
589 4309 602 4348 :
638 4309 744 4349 nec
770 4292 831 4349 in
869 4298 1057 4349 totum
1089 4300 1144 4349 et
1173 4295 1533 4367 universum,
1559 4297 1659 4351 sed
1682 4298 1807 4354 sola
1834 4303 2071 4370 quanti-

422 4383 561 4437 tatis
593 4382 814 4437 ratione
842 4381 1181 4453 hujusmodi
1214 4400 1307 4440 res
1336 4384 1489 4440 inter
1518 4403 1577 4440 se
1608 4386 1904 4443 differunt.

494 4469 798 4527 Enimvero
828 4486 962 4527 cum
1012 4471 1325 4545 Gregorius
1382 4480 1545 4546 pater
1586 4475 1693 4540 (sic
1740 4476 1897 4533 enim
1947 4478 2073 4551 ipse

491 4648 532 4684 9"
563 4648 586 4702 Ι
617 4648 769 4706 Tim.
800 4652 884 4720 in,
914 4650 968 4706 5.

490 4841 602 4914 (64)
630 4843 807 4900 Codd.
840 4845 934 4901 Or.
966 4847 1029 4902 Ρ.
1062 4850 1119 4903 et
1147 4846 1306 4902 Colb.
1343 4848 1393 4914 1,
1427 4842 1670 4911 διατίθει.

490 4915 602 4990 (βξ)
633 4916 889 4990 (ἒοφδβῖο
919 4921 1284 4990 γηρωκομῶν·

493 4985 607 5065 (‘66)
633 4988 775 5065 βοά,
807 4985 1013 5065 01;"ij
1066 4996 1123 5044 et
1145 4985 1321 5065 :Colb.
1338 4991 1408 5065 _1,
1435 4987 1887 5065 μετηλλαχότος,
1936 5014 2064 5055 cum

422 5054 712 5123 delunctus
741 5060 908 5126 fuerit
941 5061 1240 5123 Cecsarius,
1270 5059 1357 5114 vel
1389 5054 1578 5114 vz'ia-m'
1598 5054 1917 5123 mutaverit.

633 5128 917 5221 μαίωτρά..
951 5134 1136 5221 (ΝΡ.ὶεί
1164 5132 1249 5195 Ρ.;
1284 5132 1340 5183 in
1375 5130 1900 5221 ed\it.’d1to)t‘73c‘pﬁeic.

491 5196 603 5282 (ϐξ)
633 5196 767 5253 Cod.
802 5200 860 5256 P.
893 5201 952 5255 in
985 5206 1104 5257 not.
1129 5218 1313 5272 marg.
1338 5197 1640 5272 κυκλεύειν,
1674 5196 1763 5260 8ίᾶ
1795 5196 2059 5282 μακρόθεν

454 5282 679 5321 υρευειν.

417 5282 679 5337 γυρευειν.

630 5340 766 5415 (Eccl.
888 5340 1420 5415 συμπαρατείνεσθαι.

510 5406 601 5467 70)
631 5409 764 5462 Cod.
797 5410 892 5465 ΟΡ.
922 5406 1031 5465 τῶν
1064 5406 1249 5467 οἷ’κων.

507 5478 864 5569 ἰηιϐὶράζᾲξ).
894 5481 1312 5556 προσεικόντως,
1360 5486 1418 5541 et
1462 5484 1522 5542 in
1572 5492 1690 5546 not.
1743 5508 1927 5569 marg.

420 5541 448 5600 ὁ
486 5493 761 5545 ((1)000.
800 5493 864 5535 Ρ.
894 5493 1312 5556 προσεικόντως,
1360 5493 1418 5541 et
1462 5493 1522 5542 in
1572 5493 1690 5546 not.
1743 5508 1927 5569 marg.
1979 5493 2060 5578 ἐφ’

455 5546 626 5622 μοίως
655 5548 690 5618 ἢ
722 5547 947 5626 πρέπον.

2200 1822 2315 1856 στα·
2349 1802 2509 1857 αὐτόν
2575 1824 2633 1858 τε
2691 1801 2800 1873 ἤδη
2862 1805 3048 1860 ἑκατὸν
3103 1804 3241 1859 ἔτεσι
3299 1804 3693 1875 πλησιάσαντα,
3751 1807 3841 1861 καὶ

2196 1892 2294 1959 τήν
2331 1892 2540 1967 μητέρα
2566 1892 2773 1948 τούτων
2810 1893 2988 1969 βραχύ
3024 1916 3075 1949 τι
3110 1892 3461 1964 ἀποδέουσαν,
3493 1894 3734 1966 πολλῆς,
3769 1896 3845 1958 ὡς

2198 1978 2361 2047 εἶ’κὸς,
2423 1981 2703 2056 θεραπείας
2769 1982 2858 2037 καὶ
2941 1983 3288 2045 ἀναπαύσεως
3361 1984 3686 2060 χρῄζοντας,
3753 2002 3845 2056 καὶ

2200 2065 2434 2141 μάλιστα
2479 2066 2587 2139 ἤδη
2640 2070 2933 2146 Καισαρίου
2962 2070 3055 2126 τὸν
3111 2071 3227 2147 βίον
3275 2072 3673 2148 μετειληχότος
3705 2075 3842 2148 (66),

2194 2158 2283 2212 καὶ
2341 2158 2634 2234 Γοργονίας
2689 2165 2792 2227 τῆς
2847 2160 3150 2230 ὁσιωτάτης
3200 2160 3252 2215 ἐν
3281 2160 3519 2236 γυναιξὶν
3573 2161 3840 2239 ἀδελφῆς,

2194 2246 2513 2325 ἀμφοτέρων
2552 2249 2942 2320 μετατεθέντων
2974 2249 3112 2325 πρὸς
3168 2250 3267 2319 τήν
3313 2249 3505 2326 ἀγήρω
3556 2253 3699 2320 ζωήν
3750 2253 3841 2306 καὶ

2195 2333 2432 2406 ἄληκτον
2466 2334 2828 2410 εὐδαιμονίαν,
2862 2337 2954 2400 οὓς
3000 2339 3090 2393 καὶ
3142 2338 3331 2415 λόγοις
3380 2340 3684 2418 ἐπιταφίοις
3733 2341 3841 2395 ἐτί-

2196 2446 2356 2499 μησε,
2418 2425 2583 2499 μόνος
2660 2425 3008 2504 ἀπολειφθεὶς
3066 2430 3180 2498 (67)
3247 2431 3431 2505 γήρως
3499 2429 3840 2505 παραμυθία,

2191 2515 2465 2579 ἀσθενείας
2516 2515 2742 2590 ἰατρεία,
2791 2517 2993 2583 γονέων
3046 2511 3298 2586 εὐσεϐῶν,
3332 2517 3377 2571 εἰ
3431 2518 3507 2591 μὴ
3563 2518 3701 2593 μέγα
3757 2519 3837 2573 εἷ-

2190 2610 2333 2677 πεῖν,
2375 2604 2608 2677 ἀμείνων
2659 2601 2917 2680 διαδοχὴ,
2968 2604 3059 2660 καὶ
3108 2607 3344 2681 ἀρκοῦσα
3385 2611 3500 2661 τοῖς
3549 2606 3846 2683 προγόνοις

2192 2690 2427 2763 εὔκλεια,
2462 2692 2599 2748 ὥστε
2628 2693 2802 2748 αὐτῶν
2834 2691 3144 2769 δολιχεόειν
3177 2696 3287 2768 (68)
3313 2696 3412 2764 τὴν
3462 2698 3708 2769 μνήμην,
3740 2697 3835 2752 καὶ

2188 2788 2256 2857 τῇ
2308 2782 2551 2837 συστάσει
2599 2787 2693 2837 τοῦ
2740 2783 2948 2855 κόσμου
3002 2784 3549 2857 συμπαρεκτείνισθαι
3579 2786 3709 2859 (69).
3745 2787 3841 2849 Τίς

2193 2872 2287 2946 μὶν
2345 2869 2433 2926 οὖν
2490 2867 2891 2948 θεοσεϐέστερον
2962 2871 3175 2926 οἰκείων
3245 2874 3505 2948 προέστη,
3556 2873 3832 2947 ἐπιστήμη

2188 2961 2516 3034 οἰκονομῶν,
2566 2960 2655 3015 καὶ
2704 2959 2956 3038 φιλοθεΐᾳ
3003 2962 3093 3014 τὸν
3143 2961 3289 3015 οἶκον
3336 2964 3471 3036 (70),
3522 2960 3699 3038 ὥσπερ
3746 2984 3836 3027 τις

2186 3047 2399 3127 ἄριστος
2426 3046 2739 3122 οἰκονόμος,
2773 3050 2978 3123 ἑκάστῳ
3025 3050 3204 3123 νέμων
3253 3052 3319 3105 τὰ
3365 3050 3667 3128 πρόσφορα,
3701 3074 3837 3129 συγ-

2182 3141 2382 3214 γενέσι,
2441 3138 2647 3216 φίλοις,
2699 3138 2955 3208 οἰκέταις,
3007 3138 3196 3210 ξένοις·
3246 3140 3313 3193 τὰ
3365 3137 3422 3193 δὲ
3468 3142 3568 3209 τῆς
3599 3139 3835 3211 Ἐκκλη-

2180 3228 2295 3290 σίας
2326 3227 2519 3295 οὕτως,
2552 3228 2626 3288 ὡς
2655 3226 2849 3281 κανόνα
2896 3229 3207 3302 προκεῖσθαι
3258 3225 3463 3282 δίκαιον
3514 3229 3676 3283 ἅπασι
3724 3232 3831 3298 τήν

2180 3317 2385 3372 ἐκείνου
2434 3317 2841 3388 ποιμαντικήνς
2894 3316 3291 3389 Προσηκόντως
3341 3317 3452 3389 (71)
3504 3314 3561 3371 δὶ
3610 3317 3829 3392 εἷ”ρηται

2177 3411 2255 3478 τῷ
2313 3405 2440 3478 θείῳ
2496 3403 2722 3476 Παύλῳ³
2771 3404 2835 3458 Εἰ
2873 3401 2930 3458 δέ
2976 3425 3061 3467 τις
3108 3409 3217 3459 τῶν
3264 3403 3479 3460 οἰκείων
3525 3408 3632 3479 (72)
3682 3427 3831 3480 προ-

2179 3501 2367 3564 στῆναι
2429 3493 2527 3549 οὐκ
2582 3491 2715 3562 οἶδε,
2768 3497 2886 3554 πῶς
2942 3493 3266 3562 Ἐκκλησίας
3344 3499 3477 3548 Θεοῦ
3552 3494 3829 3568 ἐπιμελή-

2177 3605 2321 3639 σεται
2349 3603 2362 3653 ;
2392 3586 2452 3640 '0
2481 3583 2583 3659 γὰρ
2612 3578 2705 3637 ἕνα
2736 3584 2850 3654 (73)
2880 3578 3304 3657 παιδαγωγήσας
3358 3584 3491 3655 μετᾶ
3537 3585 3828 3655 συνέσεως,

2179 3673 2336 3733 οὗτος
2385 3669 2565 3742 δήπου
2612 3669 2702 3725 καὶ
2751 3670 2897 3725 οἶκον
2946 3670 3163 3724 σώσειεν
3198 3672 3332 3743 (74)’
3368 3673 3395 3725 ὁ
3428 3668 3486 3725 δὲ
3517 3672 3684 3743 οἶκον,
3734 3674 3829 3727 καὶ

2180 3760 2525 3830 Ἐκκλησίαν
2561 3761 2589 3813 ὁ
2623 3758 2680 3814 δὲ
2710 3757 3055 3829 Ἐκκλησίαν,
3085 3758 3177 3813 καὶ
3208 3755 3395 3815 πόλιν.
3428 3760 3586 3822 Οἴκός
3616 3781 3674 3815 τε
3722 3763 3829 3838 γάρ

2180 3851 2290 3906 ἐστι
2321 3848 2574 3905 πολιτεία
2622 3846 3045 3921 συνεσταλμένη·
3077 3848 3167 3902 καὶ
3214 3846 3378 3910 πόλις
3427 3848 3485 3903 ἂν
3537 3846 3619 3920 εἷή
3674 3848 3834 3905 οἷ’κου

2177 3941 2479 4014 τελεωτέρα
2510 3940 2619 4011 (75)
2674 3938 3001 4014 περιγραφή.
3035 3939 3153 4006 Τῆς
3205 3935 3262 3991 δὲ
3304 3936 3471 4006 αὐτῆς
3520 3936 3836 4011 ἐπιστήμης

2178 4027 2426 4089 πολλούς
2483 4047 2543 4081 τε
2585 4026 2773 4094 σώζειν
2822 4025 2912 4079 καὶ
2963 4023 3207 4100 ὀλίγους,
3248 4026 3283 4095 ἢ
3338 4023 3452 4095 ἕνα,
3501 4026 3590 4081 καὶ
3644 4027 3707 4080 οὐ
3750 4033 3834 4099 τῷ

2179 4117 2294 4191 ὅλῳ
2324 4117 2413 4172 καὶ
2446 4115 2624 4186 παντὶ,
2656 4112 2801 4168 ἀλλά
2828 4118 2908 4186 τῷ
2938 4112 3091 4187 ποσῷ
3126 4114 3278 4187 μόνῳ
3310 4117 3422 4189 (76)
3473 4113 3715 4192 διαφέρει
3762 4116 3834 4171 τὰ

2175 4212 2418 4264 τοιαῦτα.

2255 4480 2366 4531 Τοῦ
2424 4472 2481 4529 δὲ
2509 4472 2713 4547 πατρὸς
2760 4470 2908 4543 αὐτῷ
2940 4472 3072 4545 (77),
3106 4472 3414 4548 Γρηγορίου
3466 4470 3663 4546 (οὕτως
3717 4472 3832 4547 πὰρ

2245 4854 2359 4927 (72)
2389 4851 2537 4927 Clod1
2578 4848 2830 4927 Or._t€'uv
2885 4843 3057 4917 ἰδίων,
3107 4849 3355 4916 privatas
3402 4864 3508 4905 res.
3540 4848 3658 4906 Cod
3690 4848 3751 4906 P.
3780 4845 3832 4904 ει

2175 4922 2233 4981 δέ
2251 4918 2456 4996 ’τι,’τὸν
2488 4918 2625 4996 ἴδιον
2656 4919 2822 4996 οἶκον,

2247 4986 2357 5066 (73')
2389 4995 2526 5051 Cod.
2558 4994 2653 5047 Or.
2681 4988 2833 5066 Ὧδε
2852 4986 2975 5066 ἕνα.

2245 5058 2356 5140 (74)
2389 5064 2701 5140 Σώσμενχρ
2730 5059 2787 5116 δὲ
2818 5060 3088 5140 οἷκον-καὶ
3131 5058 3439 5140 έκρ-η-σίαν·
3475 5062 3513 5140 ὁ,
3537 5058 3595 5117 δὲ
3623 5061 3831 5140 ἐκκλη-

2172 5132 2287 5193 σίαν
2320 5132 2409 5192 καὶ
2439 5132 2624 5191 πόλιν.
2656 5135 2785 5190 Hzec
2833 5134 3161 5191 reddiderat
3206 5133 3434 5204 Billius,
3467 5139 3525 5190 et
3569 5132 3832 5192 restitui-

2172 5230 2305 5267 mus
2360 5227 2430 5265 ex
2482 5223 2771 5263 consensu
2827 5208 3202 5278 antiquorum
3257 5206 3395 5261 edit.
3437 5210 3495 5261 et
3550 5208 3829 5264 omnium

2170 5284 2339 5340 codd.
2376 5295 2640 5335 manusc.

2240 5354 2353 5497 ἓξὲξ
2384 5344 2975 5492 ῗιξδέάῗί.ττέἒεξῖἶὶἒ⁰ἓ

2260 5416 2351 5488 76)
2385 5424 2447 5479 In
2493 5422 2631 5478 edit.
2665 5417 2841 5492 πόνῳ,
2872 5416 2973 5476 s'ed
3025 5418 3152 5476 cod.
3209 5434 3414 5476 omnes
3462 5418 3669 5477 volunt
3719 5416 3827 5493 μό-

2167 5517 2349 5643 νῳ(7“7)
2378 5564 2515 5621 Cod.
2546 5562 2641 5619 0r.
2676 5562 2853 5620 habet
2880 5559 3063 5620 αὐτοῦ.
