4096 6288
280 486 390 548 273

1288 491 1655 554 AUGTORE
1699 495 1795 555 GR
1810 495 2098 557 EGOHIO
2146 496 2685 557 PRESBYTERO.

3569 496 3689 553 274

278 618 362 673 καὶ
405 617 560 681 αὐτὸς
611 617 954 693 ὠνομάζετο)
998 620 1089 675 τὸν
1141 620 1255 696 βίον
1310 622 1744 696 μεταλλάξαντος
1776 672 1791 697 ,
1842 647 1911 681 τι·

2036 630 2373 703 vocabatur)
2395 647 2464 685 ex
2492 629 2601 684 hac
2632 628 2747 685 vita
2768 628 3098 700 migrasset,
3123 626 3386 682 funebris
3408 627 3687 685 orationis

284 709 453 781 μήσας
481 708 573 761 τὸν
608 708 816 793 πατέρα
860 707 1045 785 λόγοις
1091 708 1417 789 ἐπιταφίοις,
1465 714 1564 784 τήν
1608 736 1666 769 τε
1696 714 1922 793 θεοφιλῆ

286 795 487 872 μητέρα
556 792 759 852 Νόνναν
833 797 1177 873 ὲγκωμιάσας
1258 797 1335 855 ἔτι
1414 805 1584 870 ζῶσαν
1622 823 1634 835 ·
1694 792 1815 859 ὅσιά
1867 826 1927 880 γε

282 890 446 940 ποιῶν
476 885 567 940 καὶ
618 888 707 941 οἷα
758 886 899 949 εῗκὸς
946 888 1036 942 τὸν
1071 887 1417 966 φιλοπάτορά
1461 912 1520 945 τε
1560 894 1648 947 καὶ
1680 891 1924 971 φιλομή-

279 998 430 1054 τορα,
462 976 551 1031 καὶ
596 976 982 1054 φιλόχριστον,
1033 978 1122 1032 καὶ
1171 974 1709 1054 ἀντιλαμϐανόμενος
1756 981 1923 1052 αὐτῆς

281 1064 327 1119 ἐν
360 1065 560 1141 χηρείᾳ
606 1065 697 1119 καὶ
746 1064 917 1137 πολιᾷ
967 1065 1151 1141 βαθείᾳ
1200 1063 1460 1140 δεομένης
1508 1068 1820 1145 ἐπικουρίας
1868 1092 1926 1126 τε

278 1156 362 1209 καὶ
394 1154 646 1223 ἀνέσεως,
693 1155 831 1227 μετά
877 1155 976 1223 τὴν
1023 1154 1190 1225 αὐτῆς
1238 1155 1497 1226 τελευτὴν
1546 1166 1645 1228 τῆς
1693 1158 1923 1231 Ἐκκλη-

281 1244 390 1305 σίας
441 1244 855 1319 ὑπανεχώρησε·
908 1244 997 1298 καὶ
1039 1240 1361 1299 καταλαϐὼν
1410 1247 1507 1315 τήν
1561 1245 1878 1309 Σελεύκειαν
1909 1294 1924 1318 ,

276 1338 353 1405 τῷ
382 1336 679 1407 παρθενῶνι
708 1339 808 1401 τῆς
837 1332 1111 1408 πανάγνου
1155 1332 1367 1405 Θέκλης
1417 1333 1740 1391 ἐνδιαιτᾶται
1783 1339 1920 1410 (78),

275 1421 456 1497 καιρὸν
534 1418 779 1483 ἐνδιδοὺς
853 1422 966 1495 (79)
1044 1421 1332 1477 ἐπίσκοπόν
1399 1444 1521 1478 τινα
1594 1432 1919 1495 καταστῆναι

274 1514 588 1579 Ναζιανζοῦ.
650 1511 738 1572 Ὡς
790 1507 848 1564 δὲ
896 1510 1230 1586 ὑποστρέψας
1290 1511 1340 1566 ἐν
1398 1517 1519 1574 τοῖς
1562 1513 1777 1586 ὁμοίοις
1830 1514 1918 1585 ἦν,

277 1601 414 1672 μήτε
442 1596 699 1673 ποιμένος
748 1594 1177 1671 προϐληθέντος,
1219 1601 1309 1655 καὶ
1355 1606 1452 1656 τοῦ
1500 1600 1636 1656 λαοῦ
1670 1603 1804 1677 μετᾶ
1834 1600 1921 1658 δα-

271 1686 446 1761 κρύων
497 1686 656 1742 αὐτὸν
708 1686 1056 1742 ἱκετευόντων
1094 1730 1108 1756 ,
1156 1688 1218 1742 οὐ
1266 1688 1567 1763 κάμπτεται
1623 1691 1761 1767 πρὸς
1817 1693 1917 1761 τὴν

273 1775 503 1847 αἴτησιν,
559 1774 684 1831 ἀλλ’
732 1772 916 1848 ἔμενεν
962 1775 1209 1849 ἀκλινὴς,
1252 1777 1357 1855 οὐχ
1385 1779 1547 1849 ἧττον
1576 1780 1611 1849 ἢ
1646 1777 1772 1857 δρῦς
1806 1783 1918 1856 (80)

272 1866 405 1940 πρὸς
439 1860 683 1937 ἐμϐολὰς
708 1864 921 1938 ἀνέμων
958 1864 1258 1923 ἀτίνακτος.

338 2130 402 2183 Ὃ
462 2126 521 2184 δὲ
577 2126 643 2184 αὗ
695 2133 894 2205 μικροῦ
942 2130 1053 2203 (81)
1097 2128 1409 2204 παρέδραμε
1464 2133 1576 2204 (82)
1628 2133 1728 2201 τὴν
1778 2133 1914 2207 ἐμὴν

270 2220 522 2291 μνήμην,
560 2218 814 2292 μέγιστον
868 2218 949 2288 ὃν,
996 2222 1157 2272 τοῦτο
1208 2218 1334 2291 ὑμῖν
1386 2216 1745 2295 διηγήσομαι,
1780 2222 1915 2277 ἐκεί-

263 2331 337 2379 νῳ
366 2328 434 2382 γε
484 2306 561 2367 εἷς
602 2306 873 2384 εὐφημίαν
917 2305 1014 2361 οὐκ
1060 2305 1282 2362 ἔλαττον
1328 2308 1363 2376 ἢ
1416 2307 1542 2381 ὑμῖν
1594 2308 1670 2371 είς
1703 2310 1916 2385 εὐεργε-

260 2396 400 2452 σίαν.
450 2400 562 2449 Πᾶν
604 2396 706 2471 γὰρ
756 2394 923 2450 καλὸν
969 2396 1058 2450 καὶ
1107 2394 1353 2467 ζηλωτὸν
1407 2394 1604 2467 δήπου·
1636 2396 1698 2453 τὸ
1732 2395 1788 2452 δὲ
1821 2404 1914 2469 ζη-

260 2483 442 2540 λωτὸν
474 2483 566 2538 καὶ
595 2484 907 2561 ποριστικὸν
954 2485 1171 2561 ἀρετῆς·
1204 2486 1240 2554 ἡ
1291 2482 1349 2539 δὲ
1394 2485 1529 2559 πρὸς
1588 2485 1715 2542 Θεὸν
1767 2488 1914 2565 φέρει

254 2573 382 2636 τοὺς
438 2572 764 2645 ἑπομένους.
812 2576 978 2649 Ὁρῶν
1030 2573 1059 2626 ὁ
1106 2572 1273 2649 μέγας
1327 2574 1613 2636 Βασίλειος
1652 2574 1781 2638 τοὺς
1811 2574 1920 2632 λω-

258 2659 571 2736 εουμένους
603 2665 714 2734 (83)
759 2659 1026 2735 ἀδελφοὺς
1075 2660 1194 2716 λίαν
1232 2663 1325 2735 μὲν
1357 2662 1622 2726 ἐλεεινοὺς
1656 2665 1745 2718 καὶ
1776 2685 1912 2737 συμ-

260 2752 485 2817 παθείας
534 2750 738 2820 ἀξίους,
788 2751 985 2820 ἥκιστα
1029 2754 1138 2823 (84)
1197 2749 1275 2806 δὲ’
1311 2752 1772 2827 οἷκτειρομένους,
1825 2753 1915 2809 καὶ

266 2841 337 2903 ὡς
370 2839 502 2915 ἄγος
547 2841 661 2912 (85)
707 2861 781 2909 τι,
831 2839 920 2893 καὶ
971 2838 1200 2913 μίασμα,
1249 2840 1339 2894 καὶ
1386 2840 1754 2914 ἀποτρόπαιον
1797 2847 1916 2905 τοῖς

271 2928 501 2991 πολλοῖς
531 2923 691 2989 ὄντας
725 2925 794 2982 δι’
822 2927 1081 3001 ἀμάθειαν
1114 2927 1203 2982 καὶ
1240 2930 1669 3005 μισανθρωπίαν,
1700 2930 1790 2985 καὶ
1841 2933 1915 2993 εὶς

285 3014 475 3071 ἔννοιαν
504 3023 607 3087 τῆς
658 3016 868 3094 φύσεως
918 3014 1112 3088 ἐλθὼν,
1172 3017 1377 3092 βουλὴν
1409 3018 1720 3093 προτίθεται
1769 3019 1917 3074 εὐσε-

284 3100 377 3175 ϐῆ,
410 3104 489 3159 καὶ
514 3113 611 3175 τῆς
646 3105 848 3160 ἐκείνου
897 3103 1255 3184 φιλαδελφίας
1306 3105 1474 3177 ἀξίαν.
1526 3104 1721 3171 Οἶὸιους
1767 3130 1916 3183 παμ-

275 3195 509 3271 μεγέθεις
561 3193 1011 3268 ἀναδειμάμενος,
1058 3196 1143 3250 καί
1194 3194 1495 3272 προσόδους
1546 3197 1761 3267 ἐτησίας
1803 3201 1915 3272 (86)

266 3286 447 3355 τάξας,
507 3284 569 3347 ’ὰς
628 3284 690 3339 ἐκ
742 3288 849 3338 τῶν
905 3283 1147 3360 εὐπόρων
1198 3288 1642 3361 περιεποιήσατο,
1690 3287 1914 3361 προτρέ-

1949 2001 1998 2066 Β

2036 734 2171 774 eum
2201 718 2420 773 honore
2451 718 2660 772 affecit.
2692 717 2922 788 Deoque
2951 716 3226 771 dilectam
3260 720 3504 771 matrem
3537 716 3686 772 Non-

2037 823 2172 862 nam
2208 807 2399 861 adhuc
2429 806 2716 861 viventem
2747 805 3023 860 laudibus
3069 809 3411 876 prosecutus
3441 811 3559 873 est;
3592 805 3686 877 pie

2036 894 2093 949 id
2125 895 2357 965 quidem
2394 893 2632 961 faciens,
2671 900 2846 965 atque
2895 900 2961 948 ut
3007 893 3301 948 hominem
3335 893 3596 964 decebat,
3628 899 3685 949 et

2035 983 2239 1054 patris,
2264 988 2319 1037 et
2346 983 2571 1053 matris,
2595 988 2653 1037 et
2683 983 2783 1038 Dei
2812 988 3127 1050 amantem,
3154 982 3458 1053 ipsiusque
3478 1000 3681 1038 curam

2035 1070 2416 1142 amplectens,
2439 1072 2495 1126 in
2526 1070 2805 1125 viduitate
2824 1076 2881 1125 et
2902 1070 3192 1142 profunda
3216 1070 3425 1125 canitie
3449 1088 3683 1126 summa

2033 1176 2141 1231 ope
2171 1163 2228 1215 et
2259 1160 2453 1231 quiete
2498 1176 2645 1231 opus
2677 1159 2966 1215 habentis.
3002 1160 3138 1214 Post
3177 1161 3346 1229 cujus
3379 1175 3680 1215 excessum

2032 1264 2100 1303 ex
2132 1248 2387 1304 Ecclesia
2431 1265 2491 1303 se
2540 1248 2848 1319 proripuit,
2881 1247 3321 1317 Seleuciamque
3367 1248 3685 1320 profectus,

2030 1337 2091 1392 in
2123 1336 2468 1393 castissimae
2501 1336 2742 1408 virginis
2774 1334 3000 1392 Theclae
3032 1336 3392 1407 parthenone
3423 1353 3682 1392 commo-

2031 1431 2197 1482 ratus
2227 1430 2316 1481 est
2348 1443 2360 1479 :
2398 1430 2462 1480 ut
2491 1425 2781 1494 videlicet,
2815 1426 3044 1481 interim
3088 1426 3229 1479 dum
3279 1425 3405 1497 ipse
3436 1427 3682 1491 abesset,

2030 1514 2340 1586 episcopus
2381 1515 2623 1586 quidam
2670 1514 3043 1569 Nazianzenze
3092 1514 3225 1569 urbi
3276 1515 3681 1585 praeﬁceretur.

2031 1602 2103 1659 Ut
2151 1608 2344 1659 autem
2394 1602 2745 1658 Nazianzum
2804 1618 3071 1657 reversus
3120 1607 3228 1669 est,
3259 1603 3463 1657 eodem
3526 1606 3683 1658 statu

2029 1691 2228 1747 omnia
2258 1692 2493 1763 reperit,
2516 1706 2622 1746 nec
2656 1694 2949 1762 pastorem
2981 1689 3168 1745 ullum
3200 1689 3541 1746 institutum
3569 1707 3581 1746 :
3616 1707 3682 1747 ac

2028 1779 2299 1851 quamvis
2342 1779 2507 1851 plebs
2556 1795 2689 1833 cum
2747 1777 3023 1849 lacrymis
3084 1778 3279 1849 ipsum
3328 1778 3682 1846 obsecraret,

2028 1867 2301 1939 precibus
2331 1872 2529 1923 tamen
2573 1866 2813 1922 minime
2844 1867 3203 1931 ﬂectebatur,
3234 1868 3334 1922 sed
3390 1866 3596 1923 ﬁrmus
3627 1872 3686 1922 et

2027 1956 2351 2013 immobilis
2393 1956 2686 2027 manebat,
2733 1973 2849 2011 non
2893 1972 3063 2011 secus
3124 1972 3191 2011 ac
3245 1972 3497 2028 quercus
3554 1974 3681 2028 quae

2029 2044 2189 2102 nullo
2219 2049 2527 2101 ventorum
2558 2046 2780 2117 impetu
2812 2045 3040 2100 concuti
3072 2048 3281 2116 potest.

2100 2134 2262 2198 Quod
2284 2138 2478 2190 autem
2512 2134 2657 2189 mihi
2681 2149 2825 2205 pene
2849 2133 3130 2189 memoria
3158 2134 3403 2204 efﬂuxit,
3423 2134 3530 2191 hoc
3551 2136 3677 2207 jam

2027 2223 2519 2292 commemorabo,
2553 2226 2751 2293 utpote
2804 2222 3128 2277 maximum
3166 2227 3529 2277 momentum
3577 2224 3679 2279 ha-

2026 2313 2191 2381 bens,
2215 2314 2335 2367 tam
2362 2310 2446 2366 illi
2476 2312 2547 2366 ad
2572 2311 2828 2378 laudem,
2855 2327 3028 2380 quam
3050 2311 3215 2366 vobis
3236 2311 3308 2366 ad
3333 2310 3674 2368 utilitatem.

2027 2400 2321 2472 Quidquid
2372 2401 2529 2455 enim
2589 2399 2902 2455 honestum
2964 2403 3023 2454 et
3078 2399 3420 2470 praeclarum
3480 2404 3588 2469 est,
3619 2400 3679 2455 id

2026 2507 2260 2562 quoque
2289 2488 2719 2545 aemulationem
2758 2487 2950 2560 gignit
2979 2504 2991 2543 :
3027 2487 3181 2559 quod
3214 2490 3408 2543 autem
3439 2488 3677 2544 aemula-

2025 2578 2204 2635 tionis
2227 2578 2490 2634 studium
2515 2577 2724 2649 gignit,
2750 2577 2904 2631 idem
2928 2575 3103 2631 etiam
3126 2576 3198 2631 ad
3222 2577 3677 2648 comparandam

2023 2668 2301 2722 virtutem
2345 2667 2603 2721 confert:
2634 2665 2819 2720 virtus
2878 2681 3048 2736 porro
3106 2665 3198 2720 sui
3257 2665 3555 2720 studiosos
3605 2666 3677 2720 ad

2026 2755 2213 2811 Deum
2242 2754 2419 2810 ducit.
2450 2754 2697 2826 Magnus
2742 2755 2935 2824 itaque
2983 2752 3236 2809 Basilius
3270 2754 3477 2810 fratres
3503 2753 3676 2826 lepras

2024 2843 2122 2900 lue
2160 2844 2429 2910 infectos,
2460 2842 2594 2898 licet
2642 2843 2961 2898 admodum
2993 2841 3366 2899 calamitosos
3415 2847 3474 2897 et
3520 2860 3678 2899 com-

2026 2932 2401 2988 miseratione
2457 2932 2689 3003 dignos,
2754 2931 3000 2987 minima
3048 2937 3244 2987 tamen
3303 2931 3676 2987 miseratione

2026 3022 2255 3079 animos
2286 3020 2593 3076 hominum
2624 3037 2979 3092 permovere,
3002 3019 3119 3075 imo
3151 3019 3327 3076 etiam
3358 3020 3674 3092 plerisque,

2026 3128 2141 3183 qua
2196 3112 2361 3166 erant
2417 3108 2737 3165 stoliditate
2783 3112 2840 3165 et
2879 3109 3266 3177 immanitate,
3295 3107 3456 3165 velut
3511 3109 3677 3164 nefas

2028 3200 2325 3272 quoddam
2347 3202 2402 3254 et
2424 3197 2744 3270 piaculum,
2767 3198 3244 3269 horrendumque
3273 3197 3675 3270 spectaculum

2028 3288 2227 3345 haberi
2244 3286 2624 3359 perspiciens,
2638 3291 2980 3359 naturaeque
2995 3286 3264 3343 humanae
3282 3287 3673 3343 conditionem

259 3378 362 3448 φας
394 3372 655 3436 συνέσεως
698 3371 884 3448 λόγοις
930 3373 1066 3448 πρὸς
1098 3374 1194 3441 τήν
1246 3371 1509 3443 ἐπίδοσιν,
1539 3360 1741 3437 πάντας
1783 3376 1910 3440 τοὺς

2028 3377 2223 3433 animo
2249 3381 2547 3449 reputans,
2572 3376 2734 3447 pium
2756 3376 3067 3432 consilium
3092 3376 3455 3449 dignumque
3484 3376 3673 3448 ipsius

254 3464 491 3523 ἀσθενεῖς
542 3461 619 3523 εἷς
647 3462 843 3516 ταύτὸν
888 3459 1128 3536 ἤθροισε,
1180 3466 1567 3540 φροντιστήρια
1595 3469 1762 3519 ταῦτα
1809 3486 1905 3520 κα-

248 3551 410 3614 λέσας
458 3556 703 3626 πτωχῶν
736 3592 748 3605 .
802 3549 1018 3605 Τούτων
1068 3553 1321 3627 συνεργὸς
1368 3553 1457 3607 καὶ
1511 3556 1905 3630 συναγωνιστὴς

246 3642 472 3717 ὑπῆρχε
518 3638 848 3715 Γρηγόριος,
901 3640 1039 3693 καθὰ
1082 3637 1247 3709 δηλοῖ
1296 3641 1323 3694 ὁ
1353 3640 1477 3717 περὶ
1518 3640 1902 3718 φιλοπτωχίας

244 3728 438 3801 λόγος,
498 3728 631 3797 ὅσην
680 3728 804 3803 περὶ
850 3728 914 3782 τὸ
961 3734 1185 3804 πρᾶγμα
1230 3728 1470 3799 σπουδὴν
1520 3729 1785 3804 Βασιλείῳ
1827 3736 1905 3803 τῷ

246 3817 481 3891 μεγάλῳ
533 3811 985 3893 συγ-κατεϐάλετο,
1044 3817 1304 3892 μεγίστην
1366 3816 1535 3888 δείξας
1584 3823 1690 3874 τῶν
1754 3820 1901 3875 ἐντο-

244 3906 359 3963 λῶν
388 3905 840 3982 πτωχοτροφίαν,
888 3905 979 3960 καὶ
1010 3912 1108 3975 τῆς
1150 3911 1248 3960 τοῦ
1298 3910 1431 3962 Θεοῦ
1475 3907 1901 3982 μεγαλειότητος

242 3993 335 4049 καὶ
366 3993 784 4074 φιλανθρωπίας
832 3993 1004 4067 ἀξίαν.
1038 3992 1216 4050 Ἀλλὰ
1260 4000 1422 4052 τοῦτο
1459 3998 1553 4070 μὶν
1600 3997 1676 4060 εἷς
1715 4001 1903 4052 τοσοῦ-

241 4103 359 4156 τον,
391 4082 518 4138 ὅσον
552 4086 650 4137 τοῦ
684 4083 759 4155 μὴ
803 4079 951 4152 δόξαι
996 4081 1424 4162 παραλελεῖφθαι
1472 4088 1734 4140 τοσοῦτον
1782 4106 1905 4140 κατ-

247 4171 503 4247 όρθωμα.

2021 3464 2302 3522 charitate
2342 3464 2596 3520 destinat
2641 3469 2700 3521 et
2748 3465 3038 3537 pr0ponit.
3070 3465 3465 3537 Amplissimis
3512 3466 3669 3521 enim

2015 3556 2237 3611 aedibus
2268 3554 2604 3625 exstructis,
2628 3554 2960 3626 annuisque
2990 3555 3367 3627 proventibus
3388 3554 3670 3611 constitu-

2013 3644 2112 3714 tis,
2136 3660 2283 3715 quos
2317 3660 2351 3698 a
2379 3642 2658 3699 divitibus
2688 3648 2745 3699 et
2788 3644 3043 3715 copiosis
3092 3643 3433 3699 hominibus
3466 3642 3665 3699 solerti

2014 3731 2272 3787 oratione
2300 3732 2371 3787 ad
2407 3730 2774 3803 largitionem
2806 3730 3080 3803 impulsis
3110 3731 3439 3804 collegerat,
3474 3749 3662 3804 aegro-

2012 3823 2104 3875 tos
2130 3836 2333 3876 omnes
2363 3819 2422 3873 in
2454 3835 2637 3874 unum
2669 3820 2880 3891 coegit,
2906 3837 3228 3892 pauperum
3261 3820 3568 3893 gymnasia
3598 3837 3663 3875 ac

2014 3925 2209 3965 sacras
2240 3909 2445 3964 domos
2493 3907 2615 3962 haec
2660 3907 2785 3963 loca
2824 3908 3144 3980 appellans.
3177 3909 3323 3964 Huic
3369 3925 3439 3964 ea
3488 3909 3546 3964 in
3604 3925 3664 3964 re

2014 3998 2249 4068 adjutor
2279 3997 2609 4066 laborisque
2649 3996 2940 4068 particeps
2985 3997 3094 4053 fuit
3124 3998 3456 4069 Gregorius.
3489 3998 3570 4053 Ex
3599 4014 3668 4053 ea

2014 4086 2252 4157 quippe,
2293 4101 2468 4155 quam
2518 4085 2589 4139 de
2639 4101 2964 4156 pauperum
3023 4102 3219 4141 amore
3274 4085 3500 4156 habuit,
3532 4103 3665 4142 ora-

2012 4174 2171 4230 tione
2200 4174 2336 4246 (88),
2365 4172 2587 4244 liquido
2636 4178 2863 4229 constat
2909 4178 3129 4246 quanto
3178 4174 3376 4230 studio
3428 4176 3487 4230 in
3537 4190 3668 4231 eam

246 4278 370 4317 rem
402 4278 542 4317 cum
582 4260 796 4318 Basilio
846 4261 1201 4331 incubuerit,
1236 4263 1558 4319 maximum
1601 4265 1867 4321 omnium
1917 4264 2331 4319 mandatorum
2380 4278 2508 4317 esse
2556 4263 2893 4332 ostendens,
2944 4262 3287 4319 alendorum
3338 4279 3664 4337 pauperum

248 4351 536 4419 studium,
570 4350 793 4421 Deique
824 4350 1259 4423 magniﬁcentia
1305 4356 1362 4408 et
1408 4353 1767 4426 benignitate
1798 4354 2065 4427 dignum.
2099 4354 2288 4424 Atque
2318 4351 2439 4406 haec
2470 4352 2707 4423 quidem
2751 4351 3034 4409 hactenus
3065 4369 3077 4408 :
3114 4369 3186 4408 ne
3237 4353 3379 4409 adeo
3428 4353 3666 4425 praecla-

252 4456 382 4493 rum
412 4439 644 4494 facinus
674 4439 1111 4510 praetermisisse
1140 4440 1468 4497 videamur.

322 4531 431 4595 Τῆς
464 4523 522 4580 δὲ
551 4527 895 4600 Ἀρειανικῆς
945 4529 1058 4599 (87)
1101 4527 1359 4602 αἱρέσεως
1409 4529 1468 4583 ἐκ
1497 4527 1722 4585 πολλῶν
1770 4530 1901 4606 χρό-

2080 4529 2298 4585 Ariana
2324 4545 2457 4585 vero
2487 4528 2695 4585 haeresi
2728 4529 3086 4602 jampridem
3117 4529 3435 4586 Ecclesiam
3468 4530 3663 4602 oppri-

266 4616 366 4664 νῶν
414 4612 712 4682 πιεζούσης
766 4614 866 4681 τὴν
911 4612 1260 4687 Ἐκκλησίαν,
1319 4614 1408 4669 καὶ
1459 4613 1716 4691 βασιλικῇ
1761 4617 1907 4693 χειρὶ

254 4702 758 4780 καταστρεφομένης
806 4700 875 4755 τὰ
923 4706 1020 4757 τοῦ
1069 4706 1202 4757 Θεοῦ
1251 4702 1613 4778 ὀχυρώματα,
1650 4709 1728 4777 τῷ
1757 4706 1893 4781 πρὸς

248 4784 488 4845 ἀσέϐειαν
545 4790 955 4845 ὑποσπάσασθαι
1013 4790 1139 4853 τοὺς
1212 4790 1615 4869 ἁπλουστέρους
1651 4838 1664 4864 ,
1728 4793 1894 4869 μέγαν

245 4899 301 4934 τε
330 4880 460 4935 Θεὸν
491 4881 584 4935 τὸν
626 4878 837 4956 Πατέρα
866 4879 957 4933 καὶ
1007 4881 1197 4955 μικρὸν
1239 4882 1330 4936 τὸν
1382 4882 1528 4952 Υἱὸν,
1559 4883 1649 4937 καὶ
1699 4882 1900 4957 κτίσμα

243 4967 304 5022 τὸ
362 4970 516 5045 ἅγιον
577 4972 799 5040 Πνεῦμα
856 4965 1315 5045 δογματιζούσης,
1376 4969 1613 5048 ἐπεφύη,
1672 4972 1784 5026 οῖον
1848 4972 1898 5043 ἐξ

242 5055 405 5135 ὕδρας
434 5057 584 5120 τινὸς
632 5056 899 5126 νεοθαλὴς
950 5057 1183 5135 κεφαλὴ,
1214 5063 1321 5113 τῶν
1350 5060 1829 5137 πνευματομάχων
1863 5064 1897 5131 ἡ

241 5144 472 5221 αἵρεσις,
525 5144 653 5221 περὶ
704 5145 797 5219 μὲν
845 5144 938 5200 τὸν
989 5146 1107 5201 ne»
1159 5145 1599 5224 εὐγνωμονοῦσα,
1648 5149 1738 5203 καὶ
1786 5148 1897 5205 ἴσον

329 5365 426 5436 78)
458 5363 606 5436 Cod.
634 5363 699 5436 Ρἶ
730 5358 1080 5436 ἐνδιαττεται.

456 5434 1022 5518 ῳρᾱ.ηοοιιε.“1;Ρ.
1056 5438 1113 5490 et
1140 5435 1235 5492 Or.
1266 5434 1452 5511 καιρὸν
1487 5431 1689 5498 διδούς.

458 5508 600 5563 Cod.
635 5507 736 5562 Or.
778 5504 813 5573 ἢ
848 5503 978 5631 δὲῦς
1009 5526 1115 5567 τις.

314 5579 603 5665 @1290?-
634 5578 697 5665 Β·
734 5596 867 5652 μικρ
1279 5650 1292 5663 .

318 5648 429 5735 (8_2)
460 5651 600 5735 Oed,
632 5648 743 5706 Or.‘
764 5648 1079 5735 antSoaue
1108 5665 1242 5706 mox
1276 5650 1336 5706 in
1369 5652 1495 5707 cod.
1530 5653 1655 5709 cod.
1690 5657 1747 5710 et
1776 5654 1902 5710 cod.

262 5717 508 5799 Ρ.
540 5717 916 5799 μέγιστοίὸχ.

324 5795 431 5870 (83)
463 5789 550 5853 Ita
575 5789 752 5853 codd.
782 5793 943 5851 Coll).
980 5793 1032 5861 1,
1062 5793 1117 5862 2,
1149 5796 1207 5849 et
1235 5793 1330 5850 Or.
1363 5794 1427 5851 In
1457 5794 1595 5853 edit.
1631 5789 1908 5850 λελωϐου-

2019 4622 2231 4686 mente,
2260 4617 2750 4690 imperatoriaque
2783 4634 2962 4673 manu
2990 4634 3055 4673 ac
3086 4619 3367 4689 potentia,
3393 4618 3495 4674 Dei
3528 4637 3667 4690 pres-

2006 4707 2158 4763 sidia
2188 4706 2559 4762 subvertente
2588 4706 2679 4779 (ea
2722 4706 2947 4762 scilicet
2980 4706 3225 4777 ratione,
3251 4709 3407 4779 quod
3438 4708 3664 4780 simpli-

2008 4796 2194 4852 ciores
2219 4796 2290 4851 ad
2313 4794 2674 4867 impietatem
2699 4794 2901 4850 furtim
2927 4795 3332 4867 abstraheret),
3360 4812 3669 4867 magnum-

2009 4902 2121 4957 que
2150 4884 2333 4940 Deum
2366 4888 2618 4951 Patrem,
2641 4887 2698 4939 et
2730 4901 2973 4956 parvum
3018 4883 3255 4954 Filium,
3279 4887 3337 4938 et
3380 4884 3662 4955 Spiritum

2010 4978 2279 5031 sanctum
2312 4976 2643 5029 creaturam
2675 4973 3037 5039 affirmante;
3070 4975 3337 5028 exortum
3367 4976 3474 5042 est,
3511 4971 3665 5027 velut

2010 5080 2077 5119 ex
2109 5062 2297 5135 hydra
2334 5062 2607 5134 quadam,
2633 5079 2846 5117 novum
2895 5065 3094 5133 caput,
3116 5060 3376 5116 hostium
3409 5061 3663 5132 Spiritus

2012 5151 2199 5208 sancti
2225 5150 2485 5219 haeresis,
2510 5151 2579 5206 de
2601 5149 2746 5206 Filio
2769 5150 3007 5222 quidem
3032 5148 3277 5205 candide
3298 5148 3578 5219 sentiens,
3597 5167 3663 5205 ac

2014 5366 2491 5442 μένουςηοοᾶκΡ.
2523 5361 2911 5442 λωϐουμένους
2942 5366 3032 5421 καὶ
3069 5364 3501 5440 βλαπτομένους.

2084 5442 2198 5511 (84)
2232 5441 2370 5496 Cod.
2407 5441 2460 5496 P.
2493 5436 2770 5511 οῦδαμῶξ.

2109 5507 2199 5584 85)
2232 5512 2369 5584 Cod.
2504 5507 2808 5584 βδέλυγμα.

2109 5582 2200 5652 86)
2231 5583 2370 5639 Cod.
2399 5582 2513 5639 Or.’
2528 5582 2797 5652 αἰτησίας.

2108 5654 2201 5781 87)
2230 5654 2409 5713 Codd.
2442 5655 2538 5710 0r.
2573 5660 2630 5710 et
2666 5656 2723 5711 P.
2759 5654 3057 5727 Ἀρειανῆς.

2110 5727 2179 5781 88
2232 5726 2388 5781 Orat.
2416 5743 2532 5781 xw.
2565 5743 2621 5781 ι).
2653 5725 2780 5781 257.

2232 5726 2388 5783 Orat.
2416 5743 2532 5796 xw,
2564 5743 2621 5799 p.
2653 5725 2780 5781 257.

2182 5442 2201 5801 ἒ

2087 5514 2104 5799 Ξ
