4096 6288
387 446 502 505 Ε.)Ἱὸ

1505 444 1680 504 VI'I‘A
1737 444 1800 504 S.
1852 444 2225 504 GRICGUIHI
2272 444 2661 504 THEOLUGI

3676 440 3798 500 276

386 579 643 635 Verbum
668 577 822 634 Patri
847 576 1135 650 coaaquale
1156 538 1438 644 statuens,
1459 581 1732 634 caeterum
1754 578 2034 651 Spiritum

2171 580 2225 649 ςῴ
2255 576 2424 653 Πατρῖ
2451 575 2704 649 τιθεμένη
2735 576 2826 629 τὸν
2877 574 3077 649 Λόγον,
3107 573 3172 627 τὸ
3219 570 3277 628 δὲ
3307 577 3523 647 Πνεῦμα
3550 572 3611 627 τὸ
3641 571 3796 646 ἅγιον

393 672 664 725 sanctum
696 666 1061 740 blaSphemis
1106 667 1297 723 verbis
1342 667 1651 739 impetens,
1680 667 1859 740 idque
1890 667 2040 722 bifa-

392 759 562 814 riam.
594 757 705 813 Alii
754 757 910 813 enim
960 762 1285 813 creaturam
1332 762 1528 828 aperte
1574 757 1768 828 ipsum
1819 771 2040 812 assere-

393 849 538 904 bant
570 866 583 904 :
613 846 710 902 alii
744 862 849 902 nec
880 851 1231 913 creaturam,
1264 863 1368 901 nec
1414 851 1613 918 Deum,
1638 847 1737 902 sed
1770 846 2041 912 liberum,

394 951 543 1007 quos
576 934 818 1007 proinde
848 932 1241 989 Semiarianos
1271 932 1367 988 ille
1398 934 1655 1001 vocabat,
1687 949 1900 987 nomen
1932 932 2045 987 sci-

2155 663 2579 743 βλασφημοῦσα,
2625 663 2714 719 καὶ
2756 668 2923 727 ,τοῦτο
2975 660 3169 738 διχῶς.
3203 664 3267 716 Οἱ
3319 661 3411 735 μὲν
3458 661 3558 739 γὰρ
3596 660 3799 733 κτίσμα

2152 759 2393 832 φανερῶς
2442 751 2820 830 ἐδογμάτιζον,
2872 753 2924 807 οἱ
2957 750 3015 807 δὲ
3063 749 3185 807 οὔτε
3230 751 3431 824 κτίσμα
3478 748 3600 805 οὕτε
3644 751 3797 821 Θεὸν,

2153 843 2278 900 ἀλλ’
2307 842 2608 919 ἐλεύθερον·
2644 842 2735 905 οῦς
2776 841 3122 918 Ἦμιαρείους
3174 843 3282 915 (89)
3327 840 3527 901 ἐκεῖνος
3574 838 3799 912 ὠνόμα-

2158 937 2231 1003 ζε,
2264 933 2569 1007 πρέπουσαν
2598 934 2666 1005 τῇ
2717 928 2842 1005 δόξῃ
2887 930 3059 985 αὐτῶν
3108 932 3208 998 τὴν
3239 927 3608 1005 προσηγορίαν
3653 927 3799 982 ἐπει-

391 1024 531 1080 licet
560 1040 759 1079 eorum
803 1022 1060 1094 opinioni
1094 1038 1417 1095 congruum
1452 1026 1508 1078 et
1539 1022 1871 1094 appositum
1903 1020 2048 1092 ipsis

2171 1023 2294 1075 πών-
2327 1022 2402 1083 ὡς
2444 1024 2645 1094 τιμῶσι
2696 1020 2789 1093 μὶν
2825 1022 2934 1095 (90)
2975 1021 3065 1074 τὸν
3112 1019 3230 1073 Υἱὸν
3278 1019 3341 1073 τὸ
3389 1015 3447 1072 δὲ
3490 1021 3709 1090 Πνεῦμα
3737 1018 3801 1073 τὸ

395 1114 734 1187 imponens;
766 1112 981 1184 quippe
1012 1111 1111 1183 qui
1141 1111 1221 1166 ita
1266 1110 1479 1166 Filium
1510 1110 1569 1165 in
1602 1111 1821 1166 honore
1865 1110 2048 1165 habe-

396 1206 552 1270 rent,
585 1206 651 1257 ut
676 1200 911 1257 interim
956 1200 1241 1273 Spiritum
1273 1206 1542 1256 sanctum
1576 1202 2047 1272 aspernarentur.

472 1290 656 1363 Igitur
685 1288 1029 1361 hujusmodi
1060 1289 1432 1344 contentione
1462 1304 1564 1360 per
1594 1292 1772 1343 totam
1805 1285 2053 1343 Romani

399 1380 633 1453 imperii
664 1378 946 1435 ditionem
974 1377 1278 1451 gliscente,
1302 1378 1609 1450 magisque
1628 1376 1801 1432 etiam
1833 1376 2051 1448 Byzan-

401 1468 466 1525 tii
498 1468 725 1541 vigente
757 1484 823 1524 ac
857 1467 1173 1535 obtinente,
1197 1466 1352 1522 Deus
1382 1481 1502 1533 eos,
1528 1466 1628 1537 qui
1652 1465 1924 1537 pestifera
1944 1464 2054 1520 hac

401 1557 667 1614 doctrina
696 1556 1240 1628 exstinguebantur,
1273 1555 1607 1622 miseratus,
1627 1560 1880 1610 sanctum
1910 1553 2054 1608 Gre-

402 1647 551 1720 gorii
579 1645 855 1717 Theologi
885 1646 1145 1717 spiritum
1186 1645 1391 1699 excitat
1415 1644 1479 1713 93,
1512 1660 1577 1698 ac
1604 1642 1763 1699 velut
1794 1644 1863 1698 ad
1898 1643 2053 1714 Moy-

405 1752 529 1792 sem
561 1735 641 1789 ait
661 1735 705 1769 9°
739 1750 751 1789 :
794 1734 981 1790 Videas
1020 1733 1135 1788 vidi
1161 1735 1525 1804 afﬂictionem
1566 1732 1758 1803 populi
1806 1732 1936 1801 mei,
1960 1731 2059 1803 qui

406 1826 473 1881 in
500 1825 726 1895 /Egypto
755 1826 829 1878 est
853 1823 1154 1895 (zEgyptus
1188 1826 1382 1877 autem
1415 1822 1785 1877 Hebraeorum
1816 1821 2054 1891 quidem

406 1912 611 1985 lingua
641 1912 889 1967 tenebras
928 1916 1115 1977 sonat,
1149 1927 1307 1965 nunc
1354 1927 1487 1966 vero
1534 1910 1783 1965 offusam
1813 1926 1879 1964 ac
1908 1908 2055 1964 deti-

411 2005 648 2058 nentem
681 2000 965 2055 haaresum
998 1998 1306 2071 caliginem
1346 1999 1683 2071 significat),
1716 2003 1767 2054 et
1790 2000 2059 2069 gemitum

408 2107 596 2148 eorum
620 2089 832 2159 audivi,
861 2091 1021 2160 atque
1049 2089 1125 2143 ad
1152 2105 1240 2144 eos
1270 2088 1582 2143 liberandos
1609 2087 1878 2143 descendi.
1915 2091 2061 2159 Quo-

408 2182 558 2237 circa
584 2195 733 2234 nunc
762 2179 920 2241 veni;
967 2178 1028 2232 in
1069 2180 1364 2249 Aigyptum
1391 2181 1442 2233 te
1469 2179 1701 2232 mittam.
1733 2178 1921 2249 Atque
1952 2176 2060 2231 hac

407 2268 804 2327 cohortatione
834 2272 1184 2340 permotum,
1210 2266 1578 2339 Spiritusque
1600 2266 1785 2322 sancti
1818 2264 2062 2320 numine

405 2357 739 2430 impletum,
771 2355 1111 2429 Byzantium
1159 2355 1361 2427 mittit,
1394 2358 1460 2410 ut
1504 2372 1605 2426 pro
1637 2355 1856 2426 Spiritu
1889 2353 2059 2409 dimi-

404 2450 580 2503 caret.
632 2445 907 2501 Protinus
965 2444 1145 2516 igitur
1200 2442 1318 2513 ille,
1352 2460 1565 2515 magno
1621 2442 1722 2498 illo
1778 2442 2059 2498 luminari

405 2534 621 2590 Basilio
664 2534 853 2606 ipsius
900 2532 1213 2604 cupiditati
1244 2531 1651 2604 alacritatique
1682 2531 1852 2604 quasi
1903 2532 2059 2588 faces

405 2624 691 2694 quaedam
725 2623 1033 2687 subdente,
1066 2626 1236 2691 atque
1266 2622 1337 2675 ad
1380 2620 1713 2692 spiritualia
1742 2620 2061 2676 certamina

404 2713 601 2785 ipsum
646 2712 989 2782 inungente,
1022 2709 1269 2781 aliisque
1299 2709 1703 2781 compluribus
1746 2708 2057 2781 episcopis,

406 2800 805 2873 principisque
826 2798 990 2854 urbis
1008 2798 1252 2867 civibus,
1277 2798 1411 2853 ﬁdei
1432 2798 1649 2871 pietate
1680 2797 1961 2871 praeditis,
1986 2798 2058 2853 ab

407 2906 473 2946 eo
506 2888 716 2945 obnixe
755 2888 1266 2955 contendentibus,
1302 2891 1367 2942 ut
1411 2887 1558 2959 ipsis
1588 2886 1802 2943 auxilio
1834 2888 2059 2959 egenti-

406 2979 520 3035 bus
552 2976 841 3034 malorum
864 2993 925 3032 se
947 2976 1314 3049 depulsorem
1338 2976 1637 3049 praeberet,
1660 2978 2065 3033 Constantino-

407 3067 587 3140 polim
613 3067 790 3137 venit,
806 3070 1040 3121 terrena
1055 3065 1292 3136 quidem
1316 3065 1475 3121 omni
1496 3067 1825 3122 substantia
1843 3071 1900 3121 et
1920 3066 2057 3123 luxu

407 3173 475 3213 ac
506 3156 725 3212 divitiis
746 3171 971 3221 carens,
992 3157 1265 3210 cistarum
1287 3155 1503 3227 Spiritu
1529 3154 1754 3228 plenus.
1774 3156 2061 3227 Exceptus

406 3249 599 3301 autem
634 3262 667 3299 a
696 3243 1073 3315 quibusdam,
1104 3248 1162 3299 et
1208 3244 1437 3316 generis
1477 3248 1534 3299 et
1580 3244 1814 3316 pietatis
1865 3246 2061 3300 afﬁni-

406 3339 525 3391 tate
564 3350 697 3390 cum
747 3349 813 3388 eo
863 3333 1213 3404 conjunctis,
1245 3333 1563 3390 Ecclesiam
1609 3334 1868 3403 offendit,
1900 3336 2060 3405 quasi
2090 3318 2133 3385 C

412 3423 621 3479 malum
653 3423 809 3477 navis
838 3422 899 3476 in
925 3425 1130 3489 monte,
1154 3431 1251 3478 aut
1280 3424 1443 3494 quasi
1468 3423 1697 3495 signum
1727 3423 1790 3478 in
1818 3424 1974 3490 colle,
1997 3425 2063 3479 ut

412 3511 747 3584 prophetas‘
780 3508 975 3564 verbis
1022 3514 1179 3579 utar,
1226 3510 1333 3566 hoc
1392 3514 1499 3579 est,
1551 3526 1793 3567 numero
1843 3511 2059 3584 perexi-

408 3616 586 3673 guam
618 3603 792 3670 atque
822 3597 1132 3654 obscuram
1166 3599 1345 3671 (quod
1374 3598 1646 3655 videlicet
1676 3599 1788 3671 piis
1818 3600 1957 3656 viris
1988 3600 2057 3655 li-

410 3691 606 3745 bertas
634 3686 827 3744 omnis
860 3686 931 3741 ab
963 3701 1029 3742 eo
1060 3686 1160 3759 qui
1201 3687 1512 3759 imperium
1544 3687 1796 3753 tenebat,
1830 3688 2059 3744 sublata

408 3778 605 3850 esset),
625 3793 823 3834 sacras
844 3775 1018 3832 etiam
1043 3792 1247 3832 omnes
1268 3780 1497 3849 ereptas
1525 3777 1697 3844 aedes,
1722 3794 1788 3832 ac
1810 3793 1912 3849 per
1939 3779 2057 3832 vim

409 3869 742 3940 occupatas.
775 3865 902 3922 Una
944 3868 1158 3922 sancta;
1204 3864 1525 3921 Anastasiae
1573 3864 1817 3921 aedicula
1862 3865 2057 3921 ortho-

410 3957 575 4013 doxis
602 3955 859 4029 patebat,
890 3955 1135 4011 fortasse
1163 3955 1340 4011 etiam
1372 3956 1511 4027 quia
1538 3959 1775 4027 propter
1803 3955 2060 4012 ambitus

2088 1954 2136 2019 B

2158 1110 2310 1186 ἅγιον
2345 1110 2684 1183 ἀτιμάζουσι.

2229 1290 2346 1357 Τῆς
2386 1285 2476 1341 οῦν
2526 1285 2783 1357 τοιαύτης
2836 1283 3014 1362 ἔριδος
3061 1290 3233 1341 πᾶσαν
3282 1281 3664 1357 ὑπολαϐούσης
3709 1288 3810 1355 τήν

2164 1376 2268 1433 ὑπὸ
2297 1375 2601 1449 Ῥωμαίους
2648 1377 2761 1450 (91)
2812 1375 3012 1452 ἀρχὴν,
3062 1374 3230 1430 πλέον
3284 1373 3342 1431 δῖε
3370 1379 3467 1430 τοῦ
3510 1376 3810 1445 Βυζαντίου

2159 1463 2622 1541 κατακρατούσης,
2700 1465 2950 1540 ἐξεγείρει
3028 1465 3056 1519 ὁ
3123 1465 3252 1526 Θεὸς
3326 1464 3389 1519 τὸ
3462 1469 3675 1539 πνεῦμα
3744 1464 3807 1520 τὸ

2162 1556 2315 1630 ἅγιον
2367 1550 2672 1631 Γρηγορίου
2722 1557 2818 1607 τοῦ
2866 1551 3160 1628 Θεολόγου,
3206 1551 3431 1624 ἐλεήσας
3469 1551 3601 1615 τοὺς
3632 1552 3806 1609 ἀπολ-

2166 1642 2431 1716 λυμένους
2467 1641 2568 1695 ὑπὸ
2596 1648 2697 1711 τῆς
2729 1641 3064 1719 φθοροποιοῦ
3110 1639 3277 1710 τῆσδε
3306 1638 3675 1705 διδασκαλίαςο
3716 1642 3807 1697 καὶ

2165 1732 2275 1786 οἷον
2325 1731 2460 1804 πρὸς
2519 1731 2748 1784 Μωϋσέα
2799 1728 3005 1807 φησίνο
3065 1727 3217 1785 Ἰδών
3275 1728 3414 1785 εἶδον
3468 1732 3567 1801 τὴν
3628 1733 3809 1786 κάκω-

2165 1841 2245 1874 σιν
2303 1824 2400 1873 τοῦ
2458 1818 2591 1874 λαοῦ
2644 1840 2747 1891 μου
2801 1823 2899 1874 τοῦ
2950 1818 3000 1873 ἐν
3058 1818 3315 1895 Αἱγύπτῳ
3380 1821 3594 1893 (σκότος
3656 1818 3713 1875 δὲ
3770 1823 3807 1891 ἡ

2164 1905 2435 1984 Αἷίγυπτος
2485 1906 2702 1982 λέγεται
2739 1907 2809 1982 τῇ
2843 1911 2997 1986 φωνῇ
3049 1914 3156 1963 τῶν
3195 1904 3481 1985 Ἐϐραίων·
3535 1907 3702 1980 δηλοῖ
3752 1908 3812 1965 δὲ

2166 2002 2256 2053 νῦν
2310 2001 2416 2052 τῶν
2473 1996 2726 2071 αἱρέσεων
2784 1997 2877 2052 τὸν
2925 1998 3264 2073 κατασχόντα
3323 1998 3528 2076 ζόφον),
3580 1999 3668 2053 καὶ
3712 2003 3812 2054 τοῦ

2169 2090 2467 2162 στεναγμοῦ
2523 2084 2696 2139 αὐτῶν
2771 2083 3016 2155 ἤκουσαν
3076 2085 3166 2141 καὶ
3238 2081 3472 2157 κατέϐην
3546 2092 3645 2143 τοῦ

2169 2172 2439 2245 ἐξελέσθαι
2513 2172 2705 2235 αὐτούς
2748 2217 2761 2230 .
2822 2175 2921 2229 Καὶ
2989 2178 3081 2229 νῦν
3158 2171 3317 2251 δεῦρο
3391 2175 3681 2232 ἀποστελῶ
3762 2198 3822 2233 σε

2170 2264 2244 2325 εἷς
2299 2260 2569 2338 Αἴγυπτον
2603 2305 2616 2320 .
2685 2262 2783 2317 Καὶ
2856 2261 3079 2337 τοιαύτῃ
3145 2261 3532 2337 παρακελεύσει
3590 2268 3816 2337 κινήσας

2165 2351 2257 2407 τὸν
2313 2349 2498 2426 ἄνδρα,
2547 2350 2621 2413 εἰς
2672 2350 2734 2405 τὸ
2796 2348 3081 2420 Βυζάντιον
3131 2348 3455 2407 ἀποστέλλει
3510 2348 3816 2429 πληρώσας

2169 2440 2461 2513 Πνεύματι,
2514 2436 2606 2494 τίνα
2661 2439 3029 2515 ὑπερμαχήσῃ
3081 2444 3178 2495 τοῦ
3231 2440 3586 2515 Πνεύματος.
3640 2444 3697 2497 Ὃ
3757 2441 3819 2499 δὲ

2168 2529 2375 2602 αὐτίκα,
2409 2528 2697 2586 Βασιλείου
2726 2532 2823 2584 τοῦ
2859 2527 3101 2605 μεγάλου
3151 2536 3439 2609 φωστῆρος
3485 2532 3585 2600 τήν
3637 2532 3820 2606 ὁρμὴν

2166 2618 2312 2691 αύτῷ
2368 2618 2838 2689 συνεπιτείνοντος,
2896 2618 2985 2673 καὶ
3046 2619 3183 2695 πρὸς
3235 2619 3363 2683 τοὺς
3421 2620 3820 2694 πνευματικοὺς

2166 2707 2382 2783 ἀγῶνας
2430 2705 2778 2786 ἀλείφοντος,
2828 2704 3014 2762 ἄλλων
3062 2728 3121 2763 τε
3166 2707 3435 2764 πλείστων
3489 2710 3818 2785 ἀρχιερέων,

2166 2797 2254 2853 καὶ
2284 2801 2388 2852 τῶν
2421 2801 2625 2851 πιστῶν
2664 2803 2764 2866 τῆς
2816 2793 3097 2872 βασιλίδος
3145 2792 3577 2853 ἀντιϐολούντων
3630 2799 3818 2863 αὐτοῖς

2166 2884 2479 2956 ἀλεξίκακον
2540 2886 2651 2957 (93)
2709 2884 2951 2961 γενέσθαι
3011 2884 3310 2960 χρῄζουσιν
3380 2884 3687 2962 ἐπικουρίας
3740 2890 3813 2961 τῇ

2171 2971 2408 3050 βασιλίδι
2460 2979 2658 3047 παρῆνο
2708 2972 2847 3043 ὕλης
2899 2974 2994 3046 μὲν
3044 2974 3277 3043 ἁπάσης,
3328 2975 3418 3029 καὶ
3468 2982 3675 3053 τρυφῆς
3720 2974 3816 3030 καὶ

2166 3063 2408 3119 πλουτου
2439 3062 2661 3139 ἄπορος,
2694 3060 2840 3117 ἀλλὰ
2884 3062 3193 3135 Ηνεύματος
3241 3060 3486 3137 πλήρης.
3516 3061 3815 3140 Ὑπεδέχθη

2170 3150 2227 3208 δὲ
2273 3152 2419 3227 παρὰ
2465 3154 2733 3228 συγγενῶν
2782 3151 2871 3205 καὶ
2915 3152 2978 3206 τὸ
3026 3156 3185 3224 σῶμα
3228 3152 3316 3206 καὶ
3362 3153 3460 3221 τὴν
3522 3148 3820 3223 εὐσέϐειαν,

2169 3241 2289 3317 εὗρε
2334 3239 2391 3295 δὲ
2432 3242 2530 3310 τήν
2587 3238 2933 3312 Ἐκκλησίαν,
2982 3240 3058 3302 ὡς
3105 3240 3251 3295 ἱστὸν
3295 3241 3375 3296 ἐπ’
3427 3237 3611 3316 ὅρους,
3662 3243 3697 3311 ἢ
3742 3244 3826 3305 ὡς

2168 3329 2404 3404 σημαίαν
2452 3330 2541 3385 ἐπὶ
2593 3329 2814 3405 βουνοῦ,
2862 3334 3219 3407 προφητικῶς
3270 3329 3474 3397 εἰπεῖν,
3529 3330 3821 3407 βραχεῖαν,

2168 3419 2258 3475 καὶ
2318 3417 2705 3493 εὐαρίθμητον,
2764 3419 2854 3473 καὶ
2910 3418 3272 3482 λανθάνουσαν
3305 3464 3319 3488 ,
3378 3417 3468 3474 διὰ
3520 3420 3583 3475 τὸ
3638 3421 3825 3491 πάσης

2167 3507 2472 3585 παρρησίας
2532 3507 2636 3563 ὑπὸ
2691 3511 2787 3562 τοῦ
2846 3505 3076 3580 κράτους
3132 3507 3575 3581 ἀποστερεῖσθαι’
3637 3507 3827 3573 οἴκους

2169 3594 2227 3651 δὲ
2256 3596 2434 3673 ἱεροὺς
2479 3597 2714 3658 ἅπαντας
2760 3593 3219 3671 διηρπασμένους,
3261 3596 3349 3650 καὶ
3387 3598 3479 3673 βίᾳ
3516 3597 3826 3673 κατεχομέ-

2169 3707 2292 3748 νους
2322 3730 2334 3742 .
2382 3685 2531 3755 Μόνη
2586 3681 2643 3739 δὲ
2684 3686 2718 3754 ἡ
2770 3684 2899 3759 ἁγία
2944 3685 3265 3740 Ἀναστασία
3318 3691 3436 3747 τοῖς
3494 3685 3822 3757 όπθοδόξοις

2172 3775 2368 3830 ἀνεῖτο·
2417 3773 2561 3851 τάχα
2612 3774 2704 3847 μὶν
2752 3774 2839 3828 καὶ
2888 3772 3022 3844 αὕτη
3076 3777 3538 3853 καταφρονηθεῖσα
3570 3774 3659 3830 διὰ
3696 3798 3830 3850 σμι-

2172 3862 2411 3941 κρότητα
2453 3869 2812 3939 περιγραφῆς,
2864 3862 2937 3924 ὡς
2980 3860 3166 3917 εἰδεῖεν
3218 3864 3276 3917 ἂν
3323 3864 3374 3918 οἱ
3408 3865 3730 3937 θεασάμενοι
3758 3866 3831 3921 τὸ

2176 3950 2409 4008 παλαιὸν
2441 3951 2605 4021 αὐτῆς
2632 3952 2878 4025 τέμενος.

409 4049 466 4101 et
495 4041 1057 4116 circumscriptionis
1102 4043 1438 4117 angustiam
1488 4042 1848 4115 contemptui
1894 4043 2266 4100 habebatur:
2302 4041 2802 4113 quemadmodum
2853 4044 3089 4109 norunt,
3121 4041 3221 4113 qui
3252 4045 3417 4098 vetus
3459 4041 3569 4098 hoc
3618 4042 3833 4101 fanum

410 4150 781 4206 conspexere.

481 4221 799 4279 Confestim
830 4221 1029 4294 itaque
1070 4220 1219 4294 ipse,
1253 4221 1490 4278 Davidis
1538 4221 1846 4293 cujusdam
1881 4236 2062 4293 more,

410 4312 482 4367 ad
514 4310 782 4383 praelium
812 4326 875 4366 se
905 4314 1226 4382 comparat,
1249 4309 1554 4383 ﬁrmisque
1575 4326 1642 4366 ac
1664 4309 1866 4367 solidis
1890 4327 2065 4383 argu-

411 4399 649 4467 mentis,
683 4397 853 4471 quasi
883 4398 1066 4454 funda
1108 4402 1297 4454 rotato
1345 4397 1558 4470 lapide,
1594 4398 1927 4454 Pbilistbaaa
1958 4399 2066 4455 do-

2244 4216 2416 4281 Εύθὺς
2446 4215 2537 4274 οὗν
2585 4216 2764 4287 αὐτὸς,
2817 4214 2995 4294 ὥσπερ
3042 4237 3125 4279 τις
3172 4213 3359 4288 Δαϐὶδ,
3408 4216 3830 4291 παρατάττεται·

2172 4308 2261 4363 καὶ
2294 4305 2556 4385 σφενδονᾷ
2582 4307 2649 4362 τὰ
2681 4304 2971 4384 ἀλλόφυλα
3020 4303 3268 4382 δόγματα
3317 4305 3498 4382 λόγων
3528 4305 3835 4382 στερρότη-

2172 4418 2248 4467 τι,
2306 4397 2395 4451 καὶ
2442 4400 2560 4458 τοῖς
2610 4399 2826 4457 πιστοῖς
2875 4398 3080 4456 πιστῶς
3142 4392 3392 4470 ἐπανάγει
3439 4396 3536 4463 τὴν
3588 4393 3774 4471 παρρη
3804 4430 3833 4442 -

411 4492 611 4561 gmata
639 4490 865 4559 petens,
899 4486 1013 4558 piis
1042 4485 1382 4542 hominibus
1411 4486 1504 4559 pie
1534 4486 1858 4543 libertatem
1890 4489 2057 4543 redu-

2172 4484 2311 4557 σίαν,
2356 4485 2474 4539 καθ’
2520 4484 2729 4559 ἡμέραν
2781 4478 3222 4559 προσλαμϐάνων
3250 4527 3263 4552 ,
3322 4483 3410 4539 καὶ
3468 4480 3831 4559 αἰχμαλωτί-

411 4576 507 4647 cit,
522 4576 779 4647 quotidie
796 4592 1005 4633 novam
1024 4574 1281 4647 aliquam
1300 4575 1600 4647 copiarum
1618 4592 1859 4632 suarum
1880 4593 2067 4633 acces-

412 4666 636 4722 sionem
668 4664 908 4732 faciens,
933 4670 1158 4737 Deoque
1188 4681 1309 4731 eos,
1332 4665 1433 4739 qui
1460 4666 1739 4723 adversus
1762 4666 2061 4722 veritatem

414 4755 567 4812 male
597 4755 1056 4821 insurrexerunt,
1092 4755 1347 4828 captivos
1397 4755 1716 4812 adducens.
1750 4755 2064 4828 Perexiguo

411 4846 610 4918 itaque
642 4843 923 4917 temporis
965 4847 1164 4901 exacto
1192 4845 1483 4901 curriculo
1512 4849 1746 4901 tantum
1798 4844 2066 4900 multitu-

2178 4579 2280 4643 ζων
2320 4578 2399 4646 τῷ
2446 4577 2562 4646 Θεῷ
2609 4574 2735 4635 τοὺς
2781 4577 2960 4635 κακῶς
3008 4572 3403 4636 ἐπαναστάντας
3450 4576 3518 4648 τῇ
3569 4572 3832 4647 ἀληθείᾳ,

2169 4661 2390 4739 Ὀλίγου
2438 4662 2616 4719 τοίνυν
2668 4662 2874 4738 χρόνου
2924 4660 3315 4738 διαδραμόντος
3366 4664 3503 4739 (94),
3552 4661 3827 4733 τοσαύτην

2171 4757 2267 4808 τοῦ
2298 4750 2545 4823 πλήθους
2601 4753 2700 4820 τὴν
2760 4749 2998 4807 ἐπίδοσιν
3060 4750 3377 4825 ἐποιήσατο,
3427 4751 3503 4815 ὡς
3564 4752 3640 4824 μὴ
3688 4750 3829 4806 εἶναι

2173 4845 2340 4896 ταῦτα
2387 4843 2501 4915 (95)
2550 4839 2847 4917 συγκρίνειν
2899 4845 3018 4902 τοῖς
3063 4839 3363 4917 πρότερον·
3394 4839 3662 4895 κάνταῦθα

411 4933 533 4991 dini
567 4934 993 4990 incrementum
1025 4931 1242 5002 attulit,
1276 4937 1341 4989 ut
1379 4933 1541 4990 nulla
1563 4934 1691 5005 jam
1726 4949 1859 4990 cum
1890 4932 2057 5006 priori

2177 4932 2237 4986 τὸ
2286 4930 2428 5005 ἱερὸν
2476 4929 2812 4994 τελειοῦσθαι
2860 4930 3125 5007 γράμμα·
3172 4931 3227 4985 Ὁ
3276 4928 3424 4993 οἶκος
3477 4923 3642 4985 Δαϐὶδ
3691 4926 3831 4984 ἐπο-

411 5040 609 5082 rerum
641 5026 799 5080 statu
844 5028 1202 5096 comparatlo
1252 5021 1714 5096 relinqueretur;
1761 5028 1937 5096 atque
1978 5022 2057 5079 hic

2181 5019 2384 5097 ρεύετο,
2442 5017 2531 5076 καί
2585 5017 2945 5096 ἐμεγαλύνετο
2978 5038 2991 5052 ·
3052 5020 3080 5074 ὁ
3139 5017 3197 5075 δὲ
3252 5019 3399 5082 οἶκος
3458 5016 3642 5075 Σαοὺλ
3699 5015 3838 5076 ἐπο-

477 5141 521 5177 ”
551 5140 695 5197 Dan.
728 5157 854 5209 x111,
886 5141 974 5197 45.
1052 5140 1096 5176 ⁰⁰
1125 5140 1302 5197 Exod.
1333 5157 1420 5210 ιιι,
1452 5142 1488 5194 7
1518 5144 1575 5197 et
1602 5157 1723 5213 seq.
1805 5143 1822 5177 ί
1856 5140 1967 5197 Isa.
1998 5156 2129 5206 xxx,
2164 5140 2251 5196 17.

622 5267 799 5341 Codd.
841 5267 936 5341 QP.
980 5270 1038 5341 e_t
1180 5264 1383 5341 ἐκεῖνος
1440 5264 1693 5341 ἐτοίμωςς
1729 5266 1884 5341 Colb.
1923 5269 1971 5341 ί,
2006 5271 2063 5322 et

408 5336 959 5465 (ξοὶὲώ.γὴμιαρείους
1002 5336 1241 5411 ἐτοίμως
1273 5337 1540 5410 ὠνόμαζε·
1561 5336 1736 5395 Colb.
1770 5338 1823 5407 2,
1850 5336 2063 5410 ἐτύμως

411 5432 483 5465 ων
529 5431 679 5465 uane.

411 5410 679 5478 ὠνόμαζε.

501 5432 758 5553 ἓθῗδὲοά.
792 5482 852 5537 Ρ.
889 5480 1072 5537 εἰπών.
1110 5481 1241 5536 Mox
1269 5481 1347 5553 ὡς
1378 5482 1542 5537 deest
1573 5480 1632 5536 in
1664 5480 1801 5536 Cod.
1835 5484 1929 5536 Or.

502 5551 594 5624 91)
628 5555 713 5609 Ita
742 5554 909 5624 codd.
946 5554 1005 5609 P.
1040 5557 1133 5610 Or.
1167 5558 1224 5608 ct
1256 5552 1417 5609 Colb.
1451 5553 1477 5608 1
1522 5557 1579 5609 et
1607 5556 1661 5607 2.
1694 5552 1757 5607 In
1789 5552 1927 5609 edit.
1960 5551 2057 5619 τήν

412 5623 517 5677 τῶν
551 5623 857 5694 Ῥωμαίων.

484 5696 748 5767 (tm-1‘06.
778 5695 952 5751 Deest
981 5696 1039 5751 in
1071 5695 1232 5752 Colb.
1265 5697 1327 5764 t;
1359 5712 1492 5752 mox
1532 5695 1685 5753 idem
1719 5700 1775 5752 et
1803 5695 1927 5752 cod.
1961 5696 2056 5751 Or.

412 5764 720 5822 ἀποστείλω
752 5785 829 5822 σε.

2242 5266 2355 5337 (93)
2385 5266 2521 5322 Cod.
2556 5266 2615 5321 P.
2651 5264 2710 5319 in
2745 5268 2877 5337 not.
2899 5281 3083 5333 marg.
3117 5261 3527 5319 ἀποκωλυτικὸν
3569 5265 3699 5337 τῶνΔ
3726 5282 3833 5337 κα-

2171 5333 2305 5407 κῶν,
2338 5333 2481 5408 ipso:
2506 5355 2541 5393 a
2568 5339 2733 5391 malis
2761 5336 3089 5407 prohiberet.
3124 5338 3331 5392 Billius
3361 5337 3553 5404 vertit,
3584 5333 3835 5405 ἀλεξίκα-

2170 5428 2287 5477 κον,
2333 5410 2493 5480 quasi
2540 5409 2837 5465 Herculem
2870 5408 3159 5479 quemdam
3205 5410 3529 5465 Alexiacum
3575 5425 3631 5465 se
3673 5422 3832 5480 pra?-

2174 5482 2350 5621 b62551.)
2382 5551 2517 5623 Cod.
2550 5550 2612 5605 P.
2645 5545 3115 5623 παραδραμόντος.

2242 5619 2355 5694 (95)
2384 5622 2541 5677 Colb.
2575 5626 2629 5692 2,
2663 5619 2801 5694 ὥστε
2829 5619 2909 5694 pf,
2944 5620 3072 5694 εἶναι
3102 5626 3288 5677 ταῦτα.

2243 5689 2354 5767 (96)
2386 5694 2544 5749 Colb.
2586 5689 2631 5765 t,
2666 5689 2810 5746 ἀλλὰ
2836 5689 2932 5747 κᾶν
2963 5690 3149 5752 ταῦτα.
