4096 6288
348 413 466 471 279

1472 414 1649 473 Vl'l‘A
1702 416 1764 471 Β.
1816 414 2186 473 ΟΒΕΟΟΗΙΙ
2238 416 2628 475 'I‘HEOLOGI

3635 419 3759 489 280

348 560 461 616 que
493 543 661 599 nobis
690 542 809 598 lata
856 542 981 615 lege
1029 542 1479 617 promulgantis,
1530 545 1895 619 discipulus!
1932 548 1995 600 At

2111 542 2459 614 τηλικούτοις
2490 544 2757 622 χαλεποῖς
2807 546 3194 622 συνεχόμενος,
3244 548 3417 604 ἐκεῖνα
3456 549 3666 629 ἐφρόνει
3697 573 3759 609 τε

344 648 478 686 vero
511 631 654 701 ipse,
678 630 911 686 tametsi
935 636 1019 685 tot
1038 632 1334 704 tantisque
1364 650 1556 689 rerum
1581 635 1997 691 acerbitatibus

348 723 727 794 premeretur,
763 719 883 774 haec
916 724 1112 774 tamen
1165 721 1454 777 sentiebat
1499 740 1565 777 ac
1613 722 1996 794 proloqueba-

346 815 443 864 tur
477 814 712 880 propter
741 825 951 864 nomen
994 813 1184 876 tuum,
1218 809 1447 865 Christe
1478 828 1491 864 :
1524 812 1756 866 Etiamsi
1797 814 1997 867 ambu-

344 898 532 953 lavero
564 899 624 952 in
644 899 827 951 medio
850 898 1063 954 umbra:
1088 901 1300 965 mortis,
1326 915 1434 954 non
1460 900 1659 955 timebo
1684 901 1849 965 mala,
1874 917 2000 970 quo-

340 988 497 1042 niam
528 990 586 1040 tu
615 1002 831 1041 mecum
859 1002 916 1041 es
937 987 974 1041 ⁵.
1001 987 1145 1042 Hinc
1175 987 1357 1059 igitur
1387 1007 1419 1043 a
1442 990 1639 1061 judice
1662 989 1785 1043 sine
1806 990 1999 1045 verbe-

343 1075 509 1130 ribus
542 1079 598 1130 et
635 1076 945 1131 tormentis
976 1076 1261 1131 dimissus
1299 1080 1407 1141 est,
1442 1085 1659 1149 martyr
1690 1078 1815 1133 sine
1848 1079 1997 1149 peri-

346 1162 516 1233 culis,
542 1168 599 1219 et
629 1163 753 1219 sine
801 1164 1091 1220 vibicibus
1136 1164 1459 1235 laureatus,
1489 1183 1623 1222 cum
1656 1166 1765 1221 hoc
1813 1184 1997 1222 unum

346 1256 827 1328 praest1tisset,ut
878 1273 947 1312 ea
1002 1257 1197 1312 animo
1247 1262 1305 1313 et
1351 1258 1647 1315 voluntate
1694 1259 1995 1330 perferret,

349 1361 479 1416 quas
509 1346 700 1418 ipsum
733 1346 853 1417 pati
884 1345 1147 1401 Christus
1180 1346 1421 1402 minime
1451 1346 1735 1418 permisit.

421 1434 772 1505 Hujusmodi
811 1434 1009 1508 itaque
1037 1434 1461 1492 certaminibus
1499 1435 1822 1492 clarissime
1870 1451 2000 1509 per-

352 1522 731 1595 functus,jam
751 1524 901 1595 apud
923 1540 1125 1579 omnes
1144 1523 1337 1580 clarus
1358 1529 1501 1594 erat,
1518 1526 1999 1597 beatusque,tum

350 1612 422 1667 oh
455 1611 694 1667 liberam
721 1629 868 1668 verae
892 1612 1170 1668 doctrinm
1200 1613 1748 1686 promulgationem,
1773 1619 1899 1670 tum
1926 1616 2000 1672 ob

348 1701 647 1769 virtutem,
668 1705 868 1773 totque
898 1700 1225 1757 exantlatos
1255 1702 1482 1758 labores
1513 1703 1892 1760 censebatur:
1929 1704 1999 1758 il-

347 1788 555 1845 lustris
586 1790 762 1845 etiam
794 1794 851 1845 et
881 1791 1235 1862 conspicuus
1267 1792 1338 1848 ob
1372 1791 1638 1848 Ecclesiae
1672 1792 1999 1849 multitudi-

2105 635 2200 688 κπὶ
2231 633 2517 712 ἐφθέγγετο
2559 638 2636 709 (5)
2682 633 2858 690 ἕνεκεν
2902 641 2999 691 τοῦ
3058 637 3324 710 ὀνόματός
3375 661 3496 707 σου,
3530 641 3753 715 Χριστέ·

2109 722 2228 777 Ἐὰν
2300 724 2388 777 καὶ
2456 728 2708 797 πορευθῶ
2784 724 2835 778 ἐν
2917 724 3063 797 μέσῳ
3137 733 3287 788 σκιᾶς
3357 729 3634 800 θανάτου,
3691 729 3753 784 οὗ

2107 805 2493 887 φοϐηθήσομαι
2551 813 2709 880 κακὰ,
2769 811 2849 867 ὅτι
2912 812 2975 867 σὺ
3036 816 3149 885 μετ’
3206 813 3340 887 ἐμοῦ
3400 816 3465 872 εἴ.
3524 818 3752 872 Κάντεῦ-

2108 900 2192 953 θεν
2221 904 2349 975 γοῦν
2383 902 2459 972 (6)
2517 900 2783 976 μαστίγων
2839 902 2928 955 καὶ
2985 901 3161 965 αἰκίας
3219 905 3395 979 χωρὶς
3460 904 3751 979 ἀπελύετο,

2111 988 2313 1063 μάρτυς
2372 985 2494 1041 ἄνευ
2526 986 2783 1043 κινδύνων
2818 992 2915 1062 (7),
2966 990 3053 1044 καὶ
3106 989 3237 1065 δίχα
3283 991 3577 1063 μωλώπων
3629 1016 3752 1049 στε-

2109 1076 2441 1154 φανηφόρος,
2490 1082 2744 1134 τοσοῦτον
2804 1079 2966 1151 μόνον
3026 1080 3379 1155 εἶσενεγκὼν,
3438 1080 3560 1136 ὅσον
3628 1085 3754 1138 ὑπο-

2114 1170 2290 1235 μεῖναι
2344 1171 2409 1234 τῆ
2439 1168 2770 1241 προαιρέσει,
2820 1166 2853 1220 ἃ
2899 1168 2975 1241 μὴ
3025 1170 3208 1223 παθεῖν
3244 1170 3473 1245 Χριστὸς
3516 1173 3755 1248 συνεχώο

2112 1273 2256 1329 ρησε.

2179 1427 2459 1490 Τοιούτοις
2511 1449 2603 1483 ουν
2655 1433 2733 1500 (8)
2782 1427 3096 1503 διαλάμψας
3153 1431 3375 1507 ἀγῶσιν,
3430 1429 3538 1502 ἤδη
3595 1439 3755 1489 πᾶσιν

2112 1517 2332 1592 ὑπῆρχε
2382 1520 2717 1595 καταφανήςο
2769 1516 3017 1589 ζηλωτὸς
3081 1520 3174 1591 μὲν
3222 1519 3292 1594 τῇ
3342 1520 3617 1597 παρῥησίᾳ
3656 1530 3756 1593 τῆς

2110 1604 2392 1675 ἀληθείας,
2431 1605 2679 1675 ζηλωτὸς
2713 1604 2769 1661 δὲ
2799 1610 2864 1681 τῇ
2895 1609 3057 1682 ἀρετῇ
3089 1608 3175 1663 καὶ
3205 1614 3321 1671 τοῖς
3367 1610 3652 1674 τοσούτοις
3684 1615 3761 1687 (9)

2108 1694 2318 1756 πόνοις·
2370 1690 2714 1758 ἀπόϐλεπτος
2768 1694 2824 1750 δὲ
2870 1694 2949 1768 τῷ
2999 1696 3201 1767 πλήθει
3261 1704 3362 1767 τῆς
3407 1698 3759 1769 Ἐκκλησίας.

2105 1785 2265 1839 Ὥστε
2294 1784 2383 1838 καὶ
2432 1786 2656 1861 Πέτρον,
2704 1783 2994 1840 ἐπίσκοπον
3042 1784 3170 1839 ὅντα
3217 1793 3317 1856 τῆς
3358 1786 3758 1865 Ἀλεξανδρέων

346 1894 479 1932 nem
495 1921 507 1933 .
527 1880 648 1944 Quo
670 1879 884 1934 factum
910 1884 996 1934 est
1015 1884 1078 1935 ut
1101 1884 1320 1951 Petrus,
1336 1897 1560 1953 magnae
1580 1881 1743 1937 urbis
1760 1882 1996 1937 Alexan-

2112 1871 2559 1949 μεγαλοπόλεως,
2610 1874 2927 1929 Ἀθανασίου
2974 1879 3071 1929 τοῦ
3117 1874 3255 1929 πάνυ
3305 1877 3405 1945 τὴν
3463 1898 3761 1950 ποιμαντι-

2156 1962 2171 1979 ε
2265 1961 2278 1979 .
2328 1960 2350 1979 α
2387 1962 2439 1979 ..ι
2662 1965 2764 1979 ιη.
2845 1962 2858 1979 ,
3024 1962 3069 1979 ,κ
3192 1970 3230 1979 .-
3423 1964 3434 1979 .
3569 1971 3596 1979 ..

344 1966 526 2020 drinzs
558 1966 892 2038 episCOpus,
924 1966 1256 2039 egregiique
1288 1966 1449 2021 illius
1482 1968 1777 2024 Athanasii
1803 1968 1861 2022 in
1898 1985 1999 2040 pa-

346 2054 546 2110 storali
576 2071 815 2110 munere
865 2071 1187 2125 successor,
1227 2056 1295 2110 ad
1330 2056 1671 2128 Gregorium
1722 2057 1999 2131 Magnum

346 2143 667 2216 scripserit,
692 2143 1343 2215 ConstantinOpolitanaz
1386 2144 1659 2200 Ecclesiae
1688 2145 1998 2218 imperium

347 2232 398 2289 ei
429 2232 804 2288 conﬁrmans.
840 2234 907 2288 Et
939 2233 1174 2305 quidem
1209 2234 1531 2289 rectissime
1563 2238 1618 2288 et
1648 2234 2000 2306 aequissime,

350 2338 485 2378 eum
517 2322 857 2394 episcOpum
889 2338 1039 2387 esse,
1067 2321 1167 2393 qui
1197 2322 1427 2378 labores
1452 2327 1584 2378 ante
1614 2323 1999 2395 impenderat,

351 2427 527 2484 quam
572 2410 642 2465 ad
688 2410 1034 2483 dignitatem
1070 2411 1413 2480 perveniret,
1442 2411 1860 2484 thronumque,
1885 2430 2000 2468 non

352 2500 613 2553 humano
646 2499 857 2567 favore,
893 2498 991 2552 sed
1027 2515 1128 2569 pro
1177 2500 1458 2553 sudorum
1490 2499 1725 2570 praemio
1756 2504 1813 2556 et
1842 2518 2001 2555 mer-

350 2588 488 2643 cede
518 2590 832 2657 acceperat.
868 2589 1215 2656 Quanquam
1248 2591 1441 2642 autem
1476 2604 1669 2642 rerum
1703 2589 1773 2643 ab
1804 2606 1870 2644 eo
1895 2605 2000 2662 ge-

341 2680 567 2731 starum
599 2675 765 2746 copia
786 2679 1024 2746 repente
1057 2675 1111 2728 in
1149 2676 1411 2730 animum
1445 2676 1685 2732 subiens
1717 2679 1997 2734 orationis

340 2764 550 2821 seriem
584 2764 905 2836 perturbat,
942 2781 1008 2819 ac
1049 2763 1208 2819 velut
1256 2764 1316 2819 in
1365 2766 1663 2838 reciproca
1710 2766 1995 2823 ﬂuctuum

340 2853 679 2926 agitatione,
705 2852 1078 2923 sequentium
1106 2852 1359 2924 impetus
1388 2855 1581 2924 priora
1602 2855 1797 2910 obruit
1822 2875 1832 2911 :
1859 2874 1996 2928 quo-

339 2943 494 2997 niam
517 2945 711 2997 tamen
736 2943 802 2996 ad
831 2942 1143 2996 dicendum
1170 2941 1347 2997 semel
1374 2959 1685 3015 aggressus
1706 2961 1859 3011 sum,
1877 2963 1991 3003 non

337 3033 504 3103 prius
534 3031 845 3087 abscedam
873 3046 1048 3100 quam
1074 3031 1145 3085 ad
1177 3032 1352 3085 ﬁnem
1375 3048 1706 3103 pervenero,
1730 3033 1994 3106 Gregorii

336 3126 521 3175 Deum
556 3119 919 3175 inﬁrmitatis
940 3136 1083 3175 meae
1105 3119 1515 3191 opitulatorem
1548 3137 1878 3192 assumens,
1901 3140 1994 3179 ve-

336 3213 636 3279 stramque
666 3207 1092 3263 humanitatem
1126 3211 1183 3263 et
1222 3208 1555 3265 facilitatem
1588 3208 1846 3265 intuens.

410 3272 637 3351 Erat-in
670 3295 828 3366 regia
872 3295 1105 3351 civitate
1152 3295 1441 3352 Maximus
1487 3297 1749 3368 quidam,
1781 3314 1990 3370 genere
2021 3272 2064 3339 Ο

336 3383 663 3457 Egyptius,
689 3383 955 3439 moribus
985 3384 1289 3451 barbarus,
1314 3401 1497 3440 novus
1528 3385 1819 3456 quispiam
1850 3388 1991 3443 Jan-

339 3491 444 3530 nes
465 3474 508 3539 θ,
531 3474 814 3528 adversus
845 3471 1215 3541 Gregorium,
1234 3472 1395 3527 velut
1415 3474 1690 3529 adversus
1713 3474 1992 3547 Moysem,

341 3563 526 3619 aciem
558 3562 876 3616 instruens.
916 3561 1036 3626 Hic,
1069 3576 1202 3616 cum
1250 3561 1513 3634 cynicam
1560 3561 1993 3635 philosophiam

344 3652 651 3724 amplexus
684 3654 855 3716 esset,
881 3648 1207 3720 baculoque
1238 3654 1294 3704 et
1325 3666 1491 3706 coma
1520 3654 1577 3704 et
1609 3650 1783 3723 pallio
1816 3653 2000 3725 gravi-

338 3741 475 3796 tatis
509 3738 763 3812 speciem
794 3755 911 3810 pras
957 3754 1020 3793 se
1070 3738 1262 3805 ferret,
1289 3739 1691 3812 hactenusque
1739 3741 1997 3812 philoso-

339 3831 648 3903 pharetur;
695 3831 968 3884 ceterum
1030 3827 1288 3899 ingluvie
1344 3832 1401 3883 et
1455 3828 1771 3901 cupiditate
1829 3836 1998 3903 atque

337 3917 703 3991 impudentia
736 3916 901 3973 canis
931 3915 1129 3988 potius
1165 3934 1343 3989 quam
1378 3917 1614 3989 cynicus
1637 3924 1811 3984 esset,
1841 3921 1996 3975 Anti-

332 4007 560 4063 sthenis
609 4005 995 4062 sectatoribus
1051 4006 1397 4075 contrarius,
1451 4006 1720 4079 talisque,
1764 4008 1997 4080 qualem

336 4095 637 4167 Scriptura
667 4093 849 4150 Nabal
903 4094 1218 4151 describit7
1252 4112 1266 4150 :
1303 4096 1371 4150 ad
1424 4112 1657 4151 sacrum
1703 4101 1997 4169 pastorem

342 4184 584 4248 accedit,
619 4188 793 4255 atque
833 4184 905 4238 ab
957 4200 1022 4239 eo
1069 4184 1200 4240 ﬁdei
1252 4185 1596 4239 Christianas
1649 4186 1997 4241 rudimentis

340 4273 628 4339 imbutus,
662 4272 1021 4343 impietatem
1070 4272 1548 4345 dediscens,pars
1580 4273 1841 4330 Ecclesiae
1873 4276 1997 4329 effi-

338 4362 495 4417 citur
526 4378 691 4417 sacro
741 4361 1093 4433 baptismate
1144 4366 1410 4429 renatus;
1462 4363 1717 4434 fictaque
1764 4364 1998 4435 pietatis

339 4449 531 4523 specie
557 4450 638 4505 ita
670 4448 1008 4521 episcopum
1038 4450 1209 4521 cepit,
1237 4454 1300 4503 ut
1329 4452 1529 4506 eadem
1564 4468 1693 4506 cum
1727 4468 1793 4507 e0
1824 4453 1997 4508 domo
2048 4450 2049 4453 “

335 4540 659 4609 eademque
693 4554 896 4592 mensa
943 4541 1221 4606 uteretur,
1247 4542 1422 4610 atque
1454 4540 1561 4611 ipsi
1606 4539 1836 4612 quidvis
1869 4558 1997 4598 esse

2108 1962 2209 2031 κήν
2262 1960 2608 2035 ἐκδεξάμενον
2657 1965 2790 2037 (10),
2841 1962 3140 2018 ἐπιστεῖλαι
3192 1964 3484 2039 Γρηγορίῳ
3531 1971 3608 2037 τῷ
3662 1988 3759 2039 με-

2109 2050 2268 2127 γάλῳ
2313 2052 2412 2121 τὴν
2464 2052 2872 2107 Κωνσταντίνου
2927 2050 3143 2115 πόλεως
3193 2051 3371 2130 ἀρχὴν
3442 2049 3762 2129 βεϐαιοῦντα

2109 2143 2242 2214 (11).
2277 2140 2375 2195 Καὶ
2408 2138 2527 2196 λίαν
2557 2162 2617 2217 γε
2651 2141 2823 2217 ὀρθῶς
2866 2141 2956 2196 καὶ
3006 2139 3251 2211 δικαίως,
3299 2146 3489 2197 τοῦτον
3537 2143 3764 2199 ἐπίσκο-

2109 2250 2211 2283 πον
2245 2231 2356 2304 (12)
2406 2229 2559 2301 εἶναι,
2600 2229 2692 2285 τὸν
2739 2228 2867 2285 τοὺς
2915 2229 3115 2293 πόνους
3160 2231 3638 2307 προεισενεγκόντα
3666 2238 3766 2288 τοῦ

2113 2317 2438 2391 ἀξιώματος,
2469 2317 2559 2373 καὶ
2595 2317 2781 2392 μισθὸν
2815 2315 3062 2391 ἱδρώτων
3101 2320 3191 2373 τὸν
3242 2318 3451 2395 θρόνον,
3489 2319 3636 2377 ἀλλὰ
3688 2325 3765 2395 μὴ

2111 2406 2272 2482 χάριν
2306 2406 2648 2482 ἀνθρωπίνην
2698 2405 3148 2484 ἀπενεγκάμενον,
3198 2407 3268 2463 Τὸ
3326 2410 3420 2481 μὶν
3474 2406 3566 2463 οὖν
3618 2409 3771 2480 πλῆ-

2110 2495 2199 2556 θος
2245 2498 2352 2549 τῶν
2402 2496 2798 2571 πεπραγμένων
2850 2495 2995 2568 αύτῷ
3046 2494 3297 2571 ἀθρόως,
3360 2495 3596 2553 ἐπεισιόν
3661 2520 3768 2571 μου

2106 2586 2174 2655 τῇ
2226 2581 2454 2655 διανοίᾳ,
2502 2590 2697 2659 συγχεῖ
2742 2586 2841 2654 τὴν
2899 2584 3247 2656 ἀκολουθίαν,
3294 2586 3383 2640 καὶ
3436 2588 3675 2661 καθάπερ
3708 2588 3763 2642 ἐν

2106 2674 2358 2746 κυμάτων
2410 2672 2756 2728 ἐπαναστάσει
2818 2678 2923 2727 τῶν
2982 2670 3245 2749 δευτέρων
3304 2676 3338 2744 ἡ
3400 2676 3539 2752 φορά
3595 2675 3766 2731 καλύ-

2104 2781 2224 2815 πτει
2254 2761 2321 2815 τὰ
2351 2762 2638 2839 φθάσαντα.
2691 2758 2849 2815 Ἀλλ’
2897 2761 2989 2815 οὖν
3039 2762 3175 2832 ἅπαξ
3225 2765 3489 2825 καταστὰς
3541 2764 3615 2825 εἷς
3661 2764 3755 2819 τὸν

2106 2847 2286 2925 λόγον,
2321 2850 2382 2904 ού
2414 2852 2902 2927 προαποστήσομαι
2932 2854 3030 2905 τοῦ
3076 2850 3292 2925 τέλους,
3322 2852 3414 2906 τὸν
3448 2853 3748 2929 Γρηγορίου

2104 2939 2229 2994 Θεὸν
2293 2933 2587 3012 λαμϐάνων
2641 2945 2741 3008 τῆς
2799 2938 3065 3000 ἀσθενείας
3122 2941 3234 3014 (13)
3292 2939 3599 3017 ἐπίκουρον,
3655 2941 3746 2995 καὶ

2103 3025 2178 3089 εἷς
2254 3028 2318 3082 τὸ
2376 3027 2695 3104 σύγγνωμον
2775 3028 2990 3105 ἀφορῶν
3065 3034 3166 3098 τῆς
3245 3028 3506 3101 ὑμετέρας
3579 3028 3748 3083 ἐπιει-

2099 3113 2270 3178 κείας.

2169 3293 2412 3369 Ἑγένετό
2464 3314 2545 3356 τις
2606 3292 2657 3347 ἐν
2716 3296 2785 3367 τῇ
2865 3291 3107 3369 βασιλίδι
3164 3294 3432 3367 Μάξιμος,
3490 3296 3553 3350 τὸ
3590 3293 3745 3371 γένο)

2100 3382 2423 3459 Αἱγύπτιος,
2473 3382 2563 3437 τὸν
2608 3381 2810 3458 τρόπον
2866 3377 3160 3458 βάρϐαρος,
3219 3385 3422 3453 Ἰαννῆς
3477 3405 3560 3446 τις
3610 3383 3757 3455 νέος,

2104 3474 2218 3527 οἷον
2265 3473 2400 3526 κατὰ
2439 3469 2536 3525 τοῖ’)
2584 3470 2857 3534 Μωϋσέως
2908 3471 3200 3548 Γρηγορίῳ
3248 3473 3752 3546 παραταττόμενος·

2104 3559 2261 3622 οὗτος
2310 3557 2609 3638 φιλόσοφος
2658 3556 2731 3614 ὢν
2797 3560 3012 3622 κυνικὸς
3076 3565 3144 3634 τῇ
3198 3562 3486 3637 βακτηρίᾳ,
3541 3561 3631 3615 καὶ
3683 3566 3757 3636 τῇ

2102 3649 2248 3723 κόμῃ
2281 3693 2294 3719 ,
2352 3648 2442 3703 καὶ
2494 3652 2573 3720 τῷ
2631 3643 2859 3725 τρίϐωνι
2920 3649 3311 3722 σεμνυνόμενος
3350 3692 3362 3708 .
3420 3651 3512 3703 καὶ
3588 3650 3759 3725 μέχρι

2101 3737 2297 3793 τούτου
2331 3740 2442 3813 (14)
2491 3734 2633 3812 ἔχων
2682 3738 2743 3792 τὸ
2796 3736 3136 3815 φιλοσοφεῖν·
3170 3740 3267 3806 τὴν
3321 3735 3377 3792 δὲ
3419 3759 3759 3815 γαστριμαρ-

2104 3827 2243 3901 γίαν,
2300 3826 2387 3880 καὶ
2440 3826 2539 3894 τήν
2597 3825 2931 3897 πλεονεξίαν,
2990 3827 3079 3881 καὶ
3135 3828 3234 3895 τὴν
3284 3824 3550 3881 ἀναίδειαν
3608 3828 3758 3882 κύων

2110 3914 2321 3988 μᾶλλον
2370 3916 2405 3983 ἢ
2459 3916 2696 3982 κυνικὸς,
2745 3916 2833 3969 καὶ
2885 3918 2994 3969 τῶν
3046 3915 3413 3979 Ἀντισθένους
3460 3914 3758 3993 γνωρίμων

2107 4004 2399 4067 ἀντίθετος·
2452 4003 2542 4058 καὶ
2602 4006 2716 4059 οἷον
2773 4005 2863 4059 τὸν
2913 4000 3130 4077 Νάϐαλ,
3190 4004 3456 4077 ἀκούομεν
3517 4004 3760 4081 προσελ-

2105 4093 2210 4148 θὼν
2258 4097 2337 4165 τῷ
2385 4093 2515 4168 ἱερῴ
2579 4096 2816 4167 ποιμένι,
2867 4094 2955 4147 καὶ
3011 4094 3138 4168 παρ’
3190 4094 3353 4148 αὐτοῦ
3398 4092 3758 4170 κατηχηθεὶς,

2110 4183 2432 4256 μεταμαθὼν
2482 4183 2579 4250 τὴν
2630 4180 2831 4252 ἀθείαν,
2890 4181 3051 4257 μέρος
3102 4190 3199 4252 τῆς
3253 4181 3574 4253 Ἐκκλησίας
3625 4183 3758 4236 καθ-

2112 4270 2335 4338 ίσταται,
2385 4270 2761 4344 ἀναγεννηθεῖς
2803 4275 2883 4343 τῷ
2946 4271 3297 4347 βαπτίσματι.
3347 4267 3643 4325 Εύλάϐειαν
3699 4267 3761 4325 δὲ

2110 4359 2555 4437 ὑποκρινόμενος,
2601 4360 2900 4438 ὁμορόφιος
2952 4363 3066 4434 (15)
3109 4361 3197 4414 καὶ
3246 4362 3614 4436 ὁμοτράπεζος
3659 4362 3760 4413 τοῖ’)

2107 4448 2404 4526 ἀρχιερέως
2454 4448 2786 4522 καθίσταται,
2835 4450 3009 4503 πάντα
3056 4448 3201 4520 αύτῷ
3252 4449 3384 4504 εἶναι
3434 4451 3549 4519 (16)
3597 4468 3764 4520 νομι-

2110 4538 2357 4613 ζόμενὸς,
2419 4539 2641 4612 γνήσιος
2688 4538 2986 4613 ὑπηρέτης,
3047 4532 3224 4613 λόγων
3285 4537 3608 4607 ἐπαινέτης,
3671 4532 3765 4591 εὕ-

335 4632 689 4698 censeretur,
716 4626 979 4683 sincerus
1010 4626 1295 4698 minister,
1320 4628 1595 4684 doctrinae
1628 4647 1991 4686 sermonum-

2111 4649 2224 4690 ιους
2252 4629 2593 4702 Χριστιανοῖς
2624 4630 2757 4701 (17),
2809 4626 2871 4683 ού
2923 4621 3283 4705 φαυλότατος.
3331 4629 3421 4690 Ὠς
3475 4624 3532 4682 δὲ
3570 4630 3764 4702 πεῖραν

405 4787 427 4823 ⁵
457 4785 610 4844 Psal.
642 4802 784 4853 χχιι,
818 4786 869 4841 4.
947 4787 968 4821 ⁶
1002 4787 1180 4843 Exod.
1216 4805 1279 4857 ιι,
1313 4789 1408 4855 1t;
1443 4789 1491 4845 II
1522 4790 1674 4845 Tim.
1709 4806 1797 4860 In,
1826 4792 1880 4847 8.
1958 4793 1978 4827 ⁷

2111 4805 2211 4863 .eg.
2244 4806 2375 4858 xxv,
2407 4790 2441 4845 3
2470 4805 2600 4862 sqq.

404 4950 479 5016 (5)
504 4950 643 5007 Cod.
676 4954 740 5004 P.
775 4944 1064 5004 ἐδίδασκεν.

404 5020 481 5092 (6)
512 5022 688 5096 ded.
724 5020 819 5096 0_r.
846 5027 919 5096 get
956 5022 1113 5096 CQIbA.
1146 5025 1200 5096 _2,
1232 5027 1551 5096 Τοιγαροῦν,
1586 5024 1742 5080 Colb.
1784 5028 1831 5081 1.
1866 5031 1989 5078 Τοι-

330 5096 481 5168 γοῦν,
516 5094 648 5168 Mox
679 5094 813 5168 cod,
840 5094 902 5148 P.
935 5093 1024 5145 καὶ
1055 5092 1250 5168 αξτῖας,
1291 5092 1413 5151 ιςίᾶιά
1438 5097 1619 5167 culpa.

511 5166 652 5238 Cod.
784 5161 904 5217 ἄνευ
938 5161 1239 5238 μαστίγων,

402 5165 481 5375 (7;
511 5166 652 5221 Cod.
687 5169 750 5219 P.
784 5165 904 5217 ἄνευ
934 5165 1239 5255 μαστίγξυν.
1382 5240 1391 5250 ⁸
1459 5240 1469 5250 '
1519 5165 1538 5251 .-

402 5237 455 5303 (8
510 5235 670 5291 Colb.
708 5237 761 5303 1,
788 5255 1071 5297 τοσουτοις
1103 5257 1213 5307 ουν,
1247 5246 1417 5293 εαηιῖδ
1446 5248 1642 5307 Igitur.

403 5309 457 5375 (9
514 5309 596 5362 Ita
627 5308 752 5363 cod.
787 5308 946 5365 Colb.
1002 5310 1051 5375 1,
1101 5310 1156 5375 2,
1208 5309 1301 5363 Or.
1337 5315 1391 5363 et
1439 5310 1696 5366 Combet‘.
1735 5312 1791 5365 In
1844 5311 1932 5364 edi

403 5308 480 5397 (9),
514 5309 596 5362 Ita
627 5308 752 5363 cod.
787 5308 946 5365 Colb.
1002 5310 1051 5376 1,
1101 5310 1156 5379 2,
1208 5309 1301 5363 Or.
1337 5315 1391 5363 et
1439 5310 1696 5366 Combet‘.
1735 5312 1791 5365 In
1844 5311 1983 5364 edit.

689 5449 931 5524 (201112,
976 5455 1032 5506 et
1079 5451 1340 5524 Combet”.
1388 5469 1534 5524 cum
1570 5453 1791 5524 antiqui
1842 5453 1980 5509 edit.

336 5518 470 5575 Cod.
531 5522 624 5575 Or.
678 5518 1072 5609 εἰσδεξάμενον.
1136 5525 1204 5609 ’ίηὶ
1255 5523 1392 5577 edit.
1440 5518 1823 5609 ἐκδεξαμένη,
1881 5525 1980 5607 sed

338 5608 669 5663 perperam;
705 5610 839 5648 nam
889 5596 1136 5659 Petrum,
1175 5596 1243 5649 dc
1273 5611 1387 5666 quo
1437 5595 1748 5666 Gregorius
1792 5596 1980 5667 loqui-

339 5668 703 5737 φησει-[ηπ]
762 5668 851 5737 est
906 5674 1035 5737 post
1085 5667 1469 5722 Athanasium
1531 5668 1978 5723 Alexandrinam

337 5735 653 5791 Ecclesium
686 5734 921 5793 rexisse:

2171 4951 2497 5077 g11)~Codd.
2546 4952 2605 5009 P.
2640 4952 2799 5009 Colb.
2854 4955 2879 5007 1
2932 4958 2990 5009 et
3035 4956 3089 5036 ξι,
3139 4949 3550 5035 ἀρχιερωσύνην
3610 4949 3758 5022 αὐτῷ

2210 5040 2451 5077 αιυυντα.
2484 5041 2759 5077 summum
2787 5024 3149 5077 saecrdotmm
3176 5041 3227 5077 et
3256 5024 3611 5077 conﬁrmans.

2106 5024 2451 5100 βεϐαιοῦντα,
2484 5041 2759 5080 summum
2787 5024 3149 5080 sacerdotium
3176 5024 3611 5147 εἰσοηίῗνιηαης.

2171 5097 2287 5147 (12)
2322 5097 2497 5147 Codd.
2532 5096 2626 5147 Or.
2656 5097 2717 5147 P.
2753 5100 2810 5147 et
2838 5095 2997 5147 Colb.
3036 5098 3086 5147 1-
3118 5098 3309 5147 τοῦτον
3372 5098 3611 5147 πισκοπε

2171 5097 2287 5163 (12)
2322 5097 2497 5152 Codd.
2532 5096 2626 5151 Or.
2656 5097 2717 5151 P.
2753 5100 2810 5166 et
2838 5095 2997 5166 Colb.
3036 5098 3086 5166 1,
3118 5098 3309 5149 τοῦτον
3345 5095 3682 5149 ἐπισκοπεῖν.

2200 5169 2285 5238 13)
2318 5168 2453 5223 Cod.
2486 5172 2580 5223 Or.
2613 5172 2713 5238 τῆς
2747 5163 3025 5238 ἀληθείας.

2504 5240 2559 5323 1,
2596 5237 2767 5323 μέχρι
2791 5237 3017 5323 τούτων.

2314 5310 2471 5385 Cglb.
2504 5313 2557 5385 2,
2593 5305 2894 5385 ὃμορόφιός
2923 5329 3000 5385 τε,
3033 5310 3159 5364 cod.
3196 5309 3291 5364 Or.
3328 5305 3668 5384 ὁμόρροφος.

2198 5384 2282 5449 16)
2319 5381 2464 5434 Εἶναι
2501 5383 2663 5437 deest
2694 5381 2751 5436 in
2784 5381 2909 5435 eod.
2946 5381 3042 5437 Or.
3075 5386 3130 5435 et
3163 5385 3223 5433 P.

2198 5388 2282 5449 16)
2319 5388 2464 5434 Εἶναι
2501 5388 2663 5437 deest
2694 5388 2751 5436 in
2784 5388 2909 5435 cod.
2946 5388 3042 5437 Or.
3075 5388 3130 5435 et
3163 5388 3223 5433 P.

2167 5388 2279 5524 (17)
2314 5454 2447 5508 Cod.
2484 5454 2579 5509 Or.
2612 5452 2956 5525 Χριστιανός,
2990 5469 3123 5525 cum
3177 5468 3291 5525 qua
3339 5450 3587 5525 lectione
3607 5465 3754 5525 Aver-

2092 5521 2330 5580 tendum
2381 5529 2554 5595 esset,
2587 5521 2901 5579 sermonum
2950 5521 3209 5579 laudator
3253 5523 3555 5584 benevolus.
3590 5521 3753 5595 Chri-

2089 5598 2305 5651 stianus
2346 5612 2452 5650 non
2506 5593 2762 5666 vulgaris.
2798 5597 2881 5651 Ita
2928 5600 2983 5650 et
3035 5596 3161 5650 cod.
3192 5596 3255 5666 7P.
3290 5612 3522 5666 omnem
3574 5593 3750 5648 solvit

2088 5667 2513 5792 dit'ﬁcgiltatem,
2545 5663 2685 5723 dum
2721 5668 2775 5723 in
2810 5684 2876 5724 eo
2905 5667 3119 5741 legitur
3148 5665 3210 5721 οὗ
3242 5663 3581 5744 φαυλότατος
3612 5669 3745 5739 Χρι-

2088 5758 2234 5792 στιαν
2273 5758 2319 5792 ς.

2088 5758 2319 5801 στιανος.
