4096 6288
300 460 406 521 281
1308 464 1679 527 AUCTORE
1722 464 2121 527 GHEGORIO
2167 462 2710 527 PRESBYTERO.
3592 464 3709 523 282

299 598 370 683 τῷ
395 594 579 668 χρόνῳ
634 590 846 668 διδοὺς,
880 593 1024 666 ἄξιος
1079 594 1337 669 ἐνομίσθη
1390 600 1486 652 τοῦ
1543 598 1815 673 βήματος,
1845 618 1940 668 τη-

2058 614 2165 670 que
2196 598 2482 665 laudator,
2517 614 2621 653 nec
2655 596 2880 670 vulgari
2924 596 3324 652 benevolentia
3372 612 3505 669 erga
3536 595 3700 651 Chri-

300 682 507 739 νικαῦτα
562 687 644 754 τῷ
702 682 903 757 κλήρῳ
963 683 1394 761 έγκαταλέγεται·
1440 686 1529 741 καὶ
1585 686 1677 741 τὸν
1738 683 1938 744 Ἰούδαν

306 772 565 843 ζηλώσας,
626 771 923 827 ἀπόστασιν
991 773 1159 829 έννοεῖ
1230 775 1367 829 κατά
1440 779 1538 829 τοῦ
1613 771 1941 831 διδασκάλου

307 860 716 933 έπιστρατεύων,
773 867 1013 938 συνεργῷ
1069 862 1359 938 χρώμενός
1418 884 1521 918 τινι
1593 859 1941 940 πρεσϐυτέρῳ

305 958 397 1019 τῆς
426 947 777 1018 Ἐκκλησίας,
824 950 901 1016 ὃς,
948 948 1087 1023 μηδὲ
1135 950 1475 1023 ἐπιτιμηθεὶς
1522 953 1764 1019 πώποτε,
1799 951 1943 1008 ἀλλὰ

308 1040 390 1093 καὶ
448 1036 572 1092 λίαν
632 1036 683 1092 ἐν
738 1044 857 1101 τοῖς
916 1043 1125 1112 τιμίοις
1185 1041 1471 1116 ὑπάρχων,
1500 1045 1577 1112 τῷ
1622 1040 1851 1114 Μαξίμῳ
1878 1042 1940 1096 τὸ

310 1127 482 1200 δρᾶμα
525 1129 910 1203 συνεσκαιώρει
943 1130 1076 1201 (18).
1134 1130 1204 1183 Τὸ
1262 1126 1319 1184 δὲ
1374 1132 1436 1198 ἦν
1498 1127 1789 1185 ἐπίσκοπον
1845 1151 1939 1185 κα-

305 1222 557 1284 ταστῆσαι
613 1220 715 1269 τοῦ
772 1216 1065 1285 Βυζαντίου
1115 1217 1205 1272 τὸν
1250 1218 1518 1289 Μάξιμον.
1552 1217 1700 1273 Ἐπεὶ
1751 1216 1808 1273 δὲ
1853 1220 1942 1273 καὶ

307 1304 529 1379 χρυσίου
576 1300 683 1359 ἔδει
733 1305 870 1379 πρὸς
918 1307 986 1360 τὰ
1029 1310 1272 1377 τοιαῦτα,
1304 1306 1466 1371 πόθεν
1497 1308 1524 1361 ὁ
1554 1306 1747 1382 πόρος,
1780 1306 1941 1362 ἀκού-

307 1414 442 1449 σατε.
506 1388 874 1468 Πρεσϐύτερός
940 1415 1023 1457 τις
1110 1395 1385 1466 νησιώτης
1442 1394 1502 1450 ἐκ
1579 1394 1807 1467 Θάσσου,
1861 1397 1942 1467 τῷ

308 1481 571 1554 Βυζαντίῳ
626 1483 1069 1559 προσορμισθεὶς,
1137 1482 1359 1556 ἐκόμιζε
1407 1486 1690 1560 χρήματα,
1729 1483 1940 1547 πλάκας

309 1570 587 1645 μαρμάρου
648 1572 762 1643 (49)
812 1571 1182 1644 Προκονησίας
1260 1572 1748 1647 ἐμπορευσάμενος.
1807 1578 1940 1628 Τοῦ-

302 1680 387 1713 τον
441 1659 674 1726 ἑλόντες,
733 1659 822 1714 καί
884 1661 1205 1737 ὑποσχέσεσι
1268 1664 1380 1735 (20)
1443 1660 1786 1724 δελεάσαντες
1835 1661 1943 1736 (εὕ-

304 1769 485 1802 πιστον
543 1748 645 1823 γὰρ
702 1750 737 1817 ἡ
796 1748 1070 1826 κουφότης
1128 1750 1261 1825 πρὸς
1317 1750 1527 1819 ἀπάτην
1586 1751 1941 1823 καθίσταται),

306 1831 634 1909 λαμϐάνουσι
664 1836 727 1890 τὸ
770 1836 997 1911 ’χρυσίον
1043 1843 1144 1906 τῆς
1193 1837 1516 1914 κακουργίας
1577 1839 1941 1913 συνέμπορον,

304 1924 386 1979 καί
470 1924 778 1997 πέμψαντες
856 1925 931 1986 εἴς
1013 1927 1112 1994 τὴν
1191 1924 1621 2001 Ἀλεξάνδρειαν,
1698 1926 1940 1983 πείθουσι

305 2014 388 2066 τὸν
445 2012 643 2085 Πέτρον
721 2013 1041 2069 ἀποστεῖλαι
1118 2012 1315 2089 ἄνδρας
1393 2022 1775 2091 χειροτονῆσαι
1850 2017 1942 2071 τὸν

305 2101 415 2171 Μάξ
426 2124 438 2153 ι
448 2122 547 2173 μον
558 2144 571 2157 .

2052 688 2274 742 stianos
2331 686 2589 742 allectus.
2641 686 2715 741 Ut
2771 690 2967 742 autem
3026 701 3339 757 progressu
3396 685 3699 757 temporis,

2051 775 2513 848 experimentum
2547 775 2635 830 sui
2680 776 2963 845 praebens,
2999 775 3213 846 dignus
3245 775 3371 845 jam
3399 775 3700 844 judicatus

2050 869 2137 921 est
2169 864 2268 935 qui
2300 864 2356 918 in
2386 864 2851 920 ecclesiasticum
2874 863 3137 919 ordinem
3161 867 3549 935 c00ptaretur,
3571 866 3699 916 tum

2052 970 2185 1009 vero
2215 953 2271 1008 in
2306 952 2525 1009 clerum
2576 952 2908 1018 ascribitur,
2944 968 3008 1006 ac
3057 952 3270 1007 Judam
3304 950 3633 1016 aemulatus,
3669 968 3702 1005 a

2053 1045 2399 1114 praeceptore
2452 1057 2558 1096 suo
2618 1041 2836 1112 perfide
2893 1041 3155 1109 deﬁcere,
3190 1044 3364 1111 atque
3422 1040 3699 1094 adversus

2051 1147 2184 1185 eum
2219 1129 2641 1202 expeditionem
2687 1130 3002 1201 suscipere,
3033 1128 3092 1184 in
3135 1128 3397 1184 animum
3432 1128 3698 1197 inducit;

2051 1220 2360 1290 cujusdam
2392 1218 2660 1274 Ecclesiae
2684 1218 3001 1291 presbyteri
3027 1234 3203 1290 opera
3224 1235 3391 1283 usus,
3419 1217 3516 1290 qui
3542 1234 3697 1285 cum,

2052 1324 2167 1363 non
2192 1308 2364 1363 modo
2386 1324 2691 1379 nunquam
2715 1324 2747 1362 a
2766 1307 3040 1380 Gregorio
3060 1307 3403 1379 objurgatus
3426 1305 3701 1361 duriusve

2053 1394 2400 1469 appellatus,
2434 1396 2533 1451 sed
2566 1402 2622 1451 et
2659 1396 2814 1451 inter
2854 1394 3182 1468 singulares
3212 1396 3433 1451 amicos
3463 1394 3701 1450 habitus

2053 1485 2284 1552 fuisset,
2318 1484 2576 1541 fabulam
2625 1485 2776 1540 hanc
2825 1501 2960 1540 cum
2991 1485 3243 1540 Maximo
3292 1484 3560 1552 cudebat,
3596 1484 3700 1538 hoc

2050 1573 2318 1630 videlicet
2341 1590 2541 1646 agens,
2565 1578 2632 1629 ut
2652 1574 2938 1630 Maximus
2958 1574 3215 1646 Byzantii
3236 1573 3544 1645 episcopus
3566 1588 3699 1627 con-

2052 1664 2415 1718 stitueretur.
2440 1665 2518 1718 Ac
2550 1661 2825 1735 quoniam
2851 1663 2921 1718 ad
2943 1663 3233 1732 ejusmodi
3256 1679 3347 1717 res
3381 1679 3521 1717 auro
3554 1679 3701 1734 opus

2053 1757 2194 1819 erat,
2232 1752 2384 1806 unde
2414 1752 2469 1806 id
2507 1752 2943 1824 suppeditatum
2981 1751 3172 1820 fuerit,
3208 1751 3421 1807 audite.
3455 1751 3703 1824 Presby-

2053 1843 2143 1896 ter
2167 1840 2404 1912 quidam
2438 1840 2750 1896 insulanus
2772 1840 2996 1897 Thasso
3019 1840 3360 1913 Byzantium
3394 1839 3701 1912 appulsus,

2054 1929 2334 2002 pecunias
2358 1930 2595 2000 ferebat,
2611 1934 2678 1986 ut
2699 1945 3057 1985 marmoreas
3075 1928 3308 1985 tabulas
3327 1928 3703 1984 Proconesias

2051 2023 2288 2075 emeret.
2322 2019 2440 2075 Hoc
2489 2022 2741 2090 arrepto,
2776 2035 2841 2073 ac
2882 2018 3362 2091 pollicitationum
3414 2015 3703 2072 illecebris

2052 2106 2292 2163 delinito
2351 2107 2526 2178 (leves
2585 2107 2740 2162 enim
2799 2107 3065 2163 homines
3123 2107 3305 2161 nimia
3362 2105 3703 2162 credulitate

301 2192 462 2247 facile
495 2194 554 2247 in
587 2192 850 2248 fraudem
896 2192 1326 2264 impelluntur),
1356 2211 1563 2250 aurum
1615 2194 1850 2251 sceleris
1879 2195 2308 2252 adminiculum
2356 2196 2669 2268 accipiunt,
2701 2200 2875 2268 atque
2925 2194 3333 2251 Alexandriam
3379 2195 3699 2262 mittentes,

299 2280 528 2335 Petrum
561 2297 626 2335 eo
655 2281 976 2345 adducunt,
1012 2287 1079 2336 ut
1109 2287 1295 2338 certos
1326 2283 1523 2338 mittat
1553 2283 1821 2340 homines
1852 2285 1924 2339 ad
1955 2284 2272 2341 Maximum
2304 2285 2620 2340 creandum
2650 2284 3009 2355 episcopum.

363 2368 470 2423 Καὶ
528 2365 593 2436 δὴ
655 2370 847 2422 θᾶττον
907 2368 1073 2445 λόγου
1121 2374 1289 2424 ταῦτα
1330 2369 1640 2445 ἐπράττετο.
1694 2377 1943 2446 Παρῆσαν

292 2456 380 2511 ἀπ’
411 2456 693 2530 Αἰγύπτου
724 2458 778 2511 οἱ
806 2458 906 2526 τήν
958 2458 1259 2527 ἐπισκοπὴν
1309 2455 1571 2522 δώσοντες
1605 2462 1738 2533 (21).
1773 2460 1944 2522 Οὗτος

294 2546 321 2597 ὁ
354 2547 558 2618 Πέτρος
615 2544 843 2614 ἐκεῖνος,
877 2547 904 2599 ὁ
934 2546 1063 2622 πρὶν
1127 2547 1220 2619 μὲν
1276 2548 1574 2623 Γρηγόριον
1621 2548 1943 2622 ἐνθρόνίσας,

297 2639 385 2687 vim
450 2632 507 2688 δὲ
825 2638 853 2649 ”
1028 2636 1037 2655 ’
1355 2636 1365 2650 “
1468 2636 1480 2656 ’
1656 2638 1669 2653 “
1914 2642 1940 2652 ⁸

565 2654 893 2709 χειροτονων
956 2636 1225 2709 Μάξιμον,
1279 2656 1371 2691 και
1426 2634 1551 2691 ουδὲ
1617 2658 1679 2692 το
1754 2638 1944 2693 ἑαυτου

296 2722 527 2798 γράμμα
558 2721 926 2793 δυσωπηθεὶς,
962 2724 1007 2778 εἰ
1061 2726 1134 2797 μή
1183 2746 1234 2780 τι
1292 2726 1389 2795 τὴν
1447 2725 1641 2802 ἀρετὴν
1701 2730 1797 2781 τοῦ
1852 2726 1943 2781 ἀν-

301 2809 423 2883 δρὸς
482 2811 573 2865 καὶ
626 2813 688 2866 τὸ
741 2813 926 2873 κλέος.
960 2814 1046 2874 Ὠς
1080 2810 1127 2867 δ’
1166 2812 1261 2867 οὖν
1318 2815 1453 2884 ἧκον
1514 2816 1565 2869 οἱ
1613 2817 1738 2887 παρ’
1781 2816 1944 2869 αὐτοῦ

308 2898 604 2967 σταλέντες,
656 2895 851 2975 ὄρθρος
898 2903 986 2968 ἦν,
1034 2900 1123 2955 καὶ
1177 2902 1329 2957 αὐτοὶ
1375 2910 1621 2978 παρῆσαν
1671 2901 1799 2958 εἶ’σω
1847 2910 1946 2972 τῆς

316 2988 613 3059 ἐκκλησίας,
670 2989 732 3043 οὐ
790 2994 869 3060 τῷ
924 2990 1142 3062 ποιμένι
1189 2993 1301 3064 (22)
1346 2996 1513 3047 ταῦτα
1566 2992 1944 3068 γνωρίσαντες,

325 3074 382 3129 οὗ
416 3073 813 3153 πρεσϐυτέροις,
865 3076 926 3131 οὗ
983 3076 1200 3154 κλήρῳ,
1253 3079 1315 3134 οὐ
1360 3084 1468 3134 τῶν
1523 3080 1574 3135 έν
1624 3080 1767 3136 τέλει
1817 3081 1944 3151 τινὶ,

318 3163 375 3218 οὗ
400 3162 510 3236 λαῷ
535 3170 737 3237 πιστῷ,
770 3164 898 3221 ἀλλ’
926 3166 1117 3221 αὐτίκα
1165 3174 1263 3236 τῆς
1322 3169 1662 3244 χειροτονίας
1709 3168 1945 3245 εἷίχοντο.

310 3253 501 3321 Ἀκοῆς
548 3252 608 3309 δὲ
646 3256 949 3329 γενομένης
999 3256 1232 3331 ἀθρόως,
1291 3264 1536 3331 παρῆσαν
1594 3259 1774 3334 ἱερεῖς,
1805 3256 1946 3328 κλῆ-

301 3361 416 3415 ρος,
468 3341 603 3405 λαὸς
652 3342 920 3418 ἔκκριτος,
972 3345 1255 3419 αἱρετικῶν
1304 3354 1533 3418 σμῆνος.
1580 3349 1802 3419 Πάντες,
1843 3347 1948 3423 γὰρ

2127 2373 2194 2428 Et
2226 2374 2462 2445 quidem
2498 2372 2618 2428 haec
2650 2373 2802 2428 dicto
2842 2372 3014 2428 citius
3054 2372 3421 2445 gerebantur.
3446 2374 3704 2428 Aderant

2055 2462 2126 2517 ab
2157 2465 2422 2534 Egypto,
2451 2461 2551 2533 qui
2583 2461 2983 2533 episcopatum
3016 2460 3265 2517 Maximo
3296 2461 3521 2516 darent.
3545 2460 3703 2517 Talis

2055 2549 2258 2605 Petrus
2283 2549 2380 2606 ille
2400 2554 2543 2617 erat,
2561 2550 2678 2621 qui,
2706 2567 2838 2605 cum
2862 2550 3026 2623 prius
3047 2549 3384 2622 Gregorium
3410 2549 3468 2604 in
3492 2549 3702 2605 throno

2055 2638 2411 2706 collocasset,
2437 2644 2637 2710 postea
2686 2639 3005 2695 Maximum
3044 2639 3381 2711 episcopum
3433 2638 3702 2695 institue-

2053 2726 2173 2791 bat,
2221 2743 2291 2783 ne
2337 2727 2561 2787 litteras
2592 2726 2827 2799 quidem
2884 2744 3002 2794 eas,
3046 2744 3189 2798 quas
3238 2728 3309 2782 ad
3358 2727 3700 2800 Gregorium

2056 2817 2393 2888 scripserat,
2425 2817 2670 2883 veritus;
2714 2817 2927 2871 nedum
2968 2817 3154 2887 ipsius
3185 2816 3478 2883 virtutem,
3512 2816 3700 2871 nomi-

2058 2904 2264 2976 nisque
2296 2905 2686 2976 splendorem.
2723 2909 3037 2977 Postquam
3081 2905 3262 2976 igitur
3291 2906 3571 2960 advenere
3602 2903 3703 2975 qui

2056 2993 2128 3049 ab
2159 3008 2225 3048 eo
2272 2994 2439 3049 missi
2490 2994 2738 3060 fuerant,
2773 2995 2883 3051 sub
2930 2998 3191 3049 exortum
3235 2993 3349 3048 diei
3397 2992 3703 3049 ecclesiam

2056 3081 2497 3152 ingrediuntur;
2532 3098 2706 3153 reque
2748 3099 2854 3138 nec
2904 3083 3144 3155 pastori,
3178 3098 3283 3137 nec
3329 3081 3701 3153 presbyteris,

2056 3185 2161 3225 nec
2192 3169 2364 3240 clero,
2398 3186 2503 3225 nec
2551 3169 2826 3241 cuiquam
2856 3186 2924 3226 ex
2954 3170 3416 3243 magistratibus,
3449 3186 3554 3226 nec
3603 3171 3701 3225 de-

2056 3259 2232 3331 nique
2262 3258 2368 3330 piae
2409 3258 2561 3331 plebi
2612 3260 2920 3329 patefacta,
2952 3260 3151 3315 statim
3182 3260 3241 3315 in
3273 3260 3703 3316 ordinationem

2055 3347 2424 3403 incumbunt.
2476 3351 2690 3403 Verum
2751 3348 2931 3419 hujus
2988 3348 3069 3405 rei
3129 3348 3285 3404 fama
3341 3365 3443 3421 per
3497 3349 3702 3403 urbem

294 3432 486 3509 ἐχθροί
541 3454 604 3487 τε
660 3433 871 3506 ὁμοίως
930 3433 1018 3488 καὶ
1050 3434 1204 3512 φίλοι
1256 3436 1359 3490 ὑπὸ
1417 3437 1602 3509 μανίας
1634 3436 1938 3514 ἀνήφθησαν

2058 3453 2279 3509 sparsa,
2323 3440 2556 3510 repente
2605 3437 2842 3492 adfuere
2893 3438 3245 3508 sacerdotes,
3279 3437 3488 3501 clerus,
3538 3436 3704 3508 plebs

287 3524 382 3589 τήν
415 3522 636 3595 ἀταξίαν
664 3520 840 3577 αὐτῶν
891 3524 980 3577 καὶ
1025 3524 1124 3592 τὴν
1181 3524 1487 3600 μοχθηρίαν
1523 3528 1632 3599 (23)
1671 3542 1944 3581 καταπλα-

286 3612 486 3687 γέντες.
588 3611 755 3666 Κακία
836 3611 939 3686 γὰρ
1021 3614 1240 3688 ἄμαχος
1328 3614 1417 3669 καὶ
1498 3614 1626 3677 τοὺς
1711 3614 1942 3691 ἐχθροὺς

289 3697 565 3761 πολλάκις
619 3704 714 3753 τοῦ
770 3698 1078 3776 πάσχοντος
1136 3701 1275 3777 πρὸς
1334 3700 1539 3774 ἄμυναν
1589 3700 1939 3772 διανίστησιν.

288 3789 376 3848 Ὡς
419 3784 469 3841 δ’
513 3787 601 3841 ὑπ’
645 3787 883 3862 ἀνάγκης
933 3788 1169 3857 ἀνήνυτα
1214 3792 1281 3858 ἦν
1330 3789 1503 3845 αὐτῶν
1547 3793 1661 3863 (24)
1690 3791 1757 3845 τὰ
1810 3793 1942 3866 βου-

287 3872 542 3947 λεύματα
602 3877 659 3948 (ἡ
717 3876 821 3950 γὰρ
876 3876 1173 3951 προπέτεια
1227 3879 1318 3932 τὸν
1378 3876 1556 3949 δῆμον
1616 3879 1797 3941 αὐτοῖς
1847 3881 1941 3934 ὑπ-

287 3964 527 4039 ετείχισε
602 3966 731 4036 (25),
773 3964 826 4018 τί
890 3962 1126 4035 δρῶσιν;
1174 3965 1510 4039 Ἐξελθόντες
1575 3975 1674 4037 τῆς
1738 3967 1939 4039 ἐκκλη-

288 4051 428 4114 σίας,
486 4052 562 4113 εἷς
625 4055 773 4106 οἷκον
835 4052 1179 4130 ἀφικνοῦνται
1254 4055 1537 4132 χοραύλου
1596 4058 1712 4130 (26)
1768 4058 1937 4126 τινὸς,

282 4141 443 4195 κάκεῖ
490 4145 870 4216 χειροτονοῦσι
915 4143 1007 4197 τὸν
1056 4143 1325 4217 Μάξιμον,
1372 4143 1663 4219 συνεργοὺς
1721 4142 1938 4221 ἔχοντές

281 4250 433 4291 τινας
486 4234 585 4283 τοῦ
645 4228 781 4283 λαοῦ
837 4228 927 4285 καῖ
983 4230 1394 4306 συλλήπτορας,
1436 4233 1521 4287 ἐπ’
1568 4233 1761 4295 αἰτίαις
1810 4234 1937 4288 ἀτα-

284 4318 400 4388 ξίας
455 4324 557 4387 τῆς
610 4317 938 4388 Ἐκκλησίας
998 4315 1456 4394 ἐκϐεϐλημένους.
1518 4321 1776 4397 Χαίρω-ισι
1833 4324 1937 4398 γὰρ

282 4408 332 4461 οἱ
362 4405 608 4462 τοιοῦτοι
648 4412 765 4469 ταῖς
802 4405 1098 4484 αἰφνιδίως
1152 4404 1504 4482 μεταϐολαῖς,
1536 4410 1669 4487 πρὸς
1720 4412 1813 4485 μὲν
1871 4414 1940 4466 τὰ

286 4496 656 4566 καθεστηκότα
703 4500 811 4550 τῶν
860 4499 1198 4573 πραγμάτων
1249 4498 1708 4574 ἀπεχθανόμενοι,
1756 4501 1837 4555 ἀεὶ
1881 4498 1939 4555 δὲ

288 4585 637 4658 καινοτομίας
668 4584 917 4660 ἐρῶντες.
949 4588 1011 4642 Ἡ
1044 4583 1091 4640 δ’
1133 4584 1224 4641 οὖν
1283 4586 1446 4650 πόλις
1508 4592 1664 4660 θυμῷ
1725 4590 1934 4661 ζέουσα,

295 4671 342 4723 τί
373 4673 423 4725 ἄν
450 4694 538 4735 τις
568 4672 751 4748 λέγοι,
784 4673 992 4744 ὁπόσης
1041 4672 1323 4748 λοιδορίας
1368 4680 1467 4731 τοῦ
1514 4674 1760 4749 Μαξίμου
1807 4698 1936 4733 κατ-

287 4760 437 4836 ἑχεον
498 4764 637 4835 (27),
676 4761 1021 4841 μεμφόμενοι
1080 4765 1169 4818 καὶ
1228 4764 1375 4837 αὖτῷ
1433 4765 1740 4842 Γρηγορίῳ,
1803 4766 1933 4822 ὁπό-

284 4869 383 4919 σης
459 4849 675 4912 εὐνοίας
943 4852 1033 4906 τὸν
1130 4854 1376 4926 Μάξιμον
1464 4852 1571 4921 καὶ,
1637 4853 1934 4930 παρρησίας

352 4998 462 5072 ίίξί)
494 4994 637 5072 Gud.
674 4993 1189 5072 ΟΓ.--συνεσοιεώρει,
1217 4997 1370 5072 ⁸(ξοό.
1426 5001 1483 5051 [³.
1530 4998 1935 5072 συνεσκευώρει,

278 5067 727 5122 muchinabatur.
764 5066 894 5122 Mox
926 5066 1102 5121 iidem
1130 5068 1298 5122 codd.
1332 5074 1676 5135 καταστῆναι.

343 5139 632 5213 {19)_Cod.
667 5137 762 5213 O_r.
801 5138 1124 5213 papgﬁpre‘r
1160 5139 1317 5213 Colib.
1354 5142 1404 5210 1,
1441 5138 1730 5213 μαρμάρου
1777 5143 1937 5212 Προι-

272 5208 555 5285 κονῃσίας.
587 5208 826 5285 Antiqui
876 5208 1016 5285 edit.
1064 5208 1396 5285 legendum'
1429 5208 1938 5285 ῥυῐὰῐιίί-Προικον-

269 5281 482 5347 spiu-
543 5286 600 5336 et
656 5282 872 5334 aiunt:
923 5280 1141 5354 Insula:
1183 5282 1301 5336 haec
1356 5280 1749 5354 Propontidis,
1784 5284 1937 5339 unde

270 5354 621 5427 Qyzicenum
685 5367 966 5427 marmor,
1020 5352 1934 5427 Ptolemaaoest‘ﬂpomdvvnaoq.

272 5421 723 5486 Pi-oeconnesus;
778 5421 1197 5479 Leuvenclaius
1244 5423 1459 5479 idcirco
1506 5421 1678 5481 vertit
1723 5421 1937 5481 tabulas

276 5498 611 5571 Praeconaii
640 5494 976 5571 ηεᾳγγῃονίδ
1008 5497 1067 5548 at
1109 5494 1503 5571 Straboniest
1532 5493 1933 5571 Προκόννησος,

278 5567 371 5622 lib.
409 5586 534 5635 xm,
574 5573 631 5623 et
666 5566 875 5638 Plinio,
910 5564 1333 5638 Proconnesus,
1366 5567 1467 5622 lib.
1501 5585 1553 5638 ν,
1583 5564 1635 5624 c.
1666 5569 1754 5624 32.

789 5634 1112 5727 ,ὑποσχέσεμ

343 5703 454 5783 (21)
484 5712 625 5768 God.
652 5716 752 5783 υτ.
784 5703 1160 5783 ξπιδώσοντςςο

484 5784 624 5842 Cod.
658 5782 723 5839 P.
754 5777 915 5834 οὔπω
944 5776 1187 5851 ποιμένι.

2053 3524 2268 3581 selecta
2296 3528 2351 3580 et
2389 3525 2731 3587 orthodoxa,
2764 3525 3166 3582 haereticorum
3215 3525 3393 3581 etiam
3437 3542 3701 3581 exan‘aen.

2052 3614 2267 3670 Omnes
2295 3614 2477 3680 enim,
2501 3614 2670 3670 amici
2705 3616 2866 3685 juxta
2897 3618 2953 3669 et
2983 3614 3229 3683 inimici,
3262 3632 3375 3687 prae
3406 3614 3585 3670 animi
3618 3615 3705 3667 fu-

2051 3719 2179 3759 rore
2209 3707 2563 3770 exarserant,
2597 3703 2921 3759 temeritate
2963 3720 3164 3760 eorum
3215 3703 3704 3775 perversitateque

2051 3791 2461 3863 obstupefacti.
2500 3792 2731 3848 Perdita
2788 3792 2941 3847 enim
2981 3797 3039 3847 et
3089 3792 3395 3863 proﬂigata
3441 3790 3704 3862 nequitia

2049 3879 2250 3935 hostes
2304 3881 2477 3935 etiam
2540 3895 2783 3951 persepe
2827 3882 2978 3950 ejus,
3010 3880 3109 3951 qui
3152 3880 3368 3950 injuria
3423 3878 3699 3946 afﬁcitur,

2049 3969 2119 4023 ad
2154 3968 2435 4023 ultionem
2470 3967 2697 4023 excitat.
2731 3967 2805 4023 Ut
2844 3972 3040 4023 autem
3073 3968 3319 4024 consilia
3350 3984 3458 4023 sua
3486 3967 3703 4023 infecta

2048 4058 2379 4127 relinquere
2408 4056 2591 4111 coacti
2624 4062 2760 4111 sunt
2801 4056 3149 4127 (petulantia
3176 4057 3331 4112 enim
3365 4074 3470 4112 sua
3501 4056 3699 4128 populi

2050 4146 2301 4201 favorem
2335 4144 2443 4199 sibi
2480 4144 2939 4216 praecluserant),
2974 4145 3111 4216 quid
3157 4145 3415 4201 faciunt?
3447 4144 3703 4201 Ecclesia

2047 4233 2286 4307 egressi,
2319 4234 2379 4288 in
2421 4233 2708 4289 choraulaa
2757 4234 3063 4304 cujusdam
3110 4235 3349 4289 domum
3400 4251 3462 4290 se
3506 4236 3699 4290 confe-

2046 4326 2208 4393 runt,
2233 4321 2470 4394 illicque
2512 4321 2828 4377 Maximum
2880 4322 3218 4394 episcopum
3251 4323 3543 4387 ordinant,
3579 4323 3700 4394 ple-

2047 4411 2159 4467 beii
2190 4411 2412 4466 ordinis
2440 4412 2748 4483 quosdam,
2772 4411 2874 4483 qui
2898 4412 2970 4466 ob
2997 4412 3400 4482 perturbatum
3433 4412 3699 4467 ordinem

2046 4502 2118 4556 ab
2152 4499 2409 4556 Ecclesia
2436 4500 2747 4572 proscripti
2778 4501 3029 4566 fuerant,
3064 4500 3253 4557 socios
3284 4499 3588 4567 habentes,
3623 4503 3704 4557 fa-

2044 4589 2381 4660 cinorisque
2420 4589 2757 4661 participes.
2790 4590 2978 4659 Hujus
3027 4589 3183 4645 enim
3233 4589 3463 4661 generis
3509 4590 3699 4645 homi-

2046 4695 2150 4735 nes
2182 4679 2507 4751 repentinis
2538 4679 2962 4736 mutationibus
2992 4679 3375 4752 delectantur,
3409 4680 3701 4752 tranquil-

2046 4767 2170 4824 lum
2198 4767 2707 4840 compositumque
2752 4785 2946 4825 rerum
2976 4773 3199 4826 statum
3228 4786 3376 4843 egre
3424 4769 3697 4839 ferentes,

2051 4861 2447 4930 perpetuoque
2503 4874 2783 4913 novarum
2848 4874 3044 4914 rerum
3102 4859 3297 4915 studio
3363 4859 3696 4931 ﬂagrantes.

2120 5000 2232 5070 (23)
2266 4997 2453 5051 Αὐτῶν
2493 4999 2580 5051 καὶ
2612 4999 2709 5067 τὴν
2746 4998 3054 5075 μοχθηρίαν
3106 5001 3284 5054 textui
3335 5000 3698 5075 reddidimus

2047 5085 2114 5127 ex
2146 5088 2435 5126 consensu
2467 5076 2589 5125 tum
2639 5072 2893 5126 veterum
2936 5072 3072 5127 edit.
3106 5076 3230 5126 tum
3278 5072 3542 5126 omnium
3576 5088 3698 5128 ma-

2048 5158 2214 5197 Πυεο.

2118 5214 2229 5285 (24)
2262 5214 2395 5268 (30(1.
2430 5213 2525 5267 0r.
2551 5219 2615 5285 ⁸(Ξῖ,
2643 5212 2801 5285 Ουιὸ.
2834 5213 2889 5278 2,
2921 5209 3087 5282 αὐτῷ.

2116 5281 2230 5357 (25)
2263 5285 2422 5340 Colb.
2444 5286 2508 5357 2,
2547 5281 2867 5357 ἐπετείχισε.

2116 5356 2227 5431 (26)
2258 5354 2503 5431 Cod._‘_P_.
2548 5354 2608 5411 in
2663 5354 2785 5411 not.
2809 5368 3010 5431 marg:
3040 5355 3386 5431 κιθαριστοῦ,
3419 5355 3453 5423 ἢ
3485 5374 3699 5431 τραγῳ-

2045 5419 2162 5495 δοῧ,
2260 5430 2366 5479 τῶν
2401 5423 2587 5486 ἄλλως
2615 5446 2732 5487 πως
2761 5425 2860 5492 τὴν
2892 5419 3105 5493 ἀοῖδήν.

2115 5499 2229 5569 (27)
2258 5498 2350 5553 Sic
2378 5498 2583 5553 volunt
2630 5497 2856 5569 antiqui
2887 5497 3025 5551 edit.
3072 5503 3128 5551 et
3175 5498 3341 5551 codd.
3378 5499 3436 5553 P.
3471 5498 3629 5555 Colb.
3667 5502 3692 5555 1

2043 5571 2100 5622 et
2126 5568 2181 5636 2,
2218 5570 2299 5623 sic
2331 5570 2505 5624 etiam
2538 5570 2678 5636 legit
2708 5568 2934 5623 Billius.
2975 5570 3031 5621 ln
3065 5569 3203 5623 edit.
3238 5573 3514 5624 κατεῖπον.

2117 5642 2227 5703 (28)
2265 5642 2345 5695 ita
2396 5641 2563 5696 codd.
2597 5640 2657 5695 P.
2691 5640 2851 5709 Colb.
2888 5640 2938 5708 1,
2970 5642 3025 5709 2,
3056 5644 3114 5695 et
3161 5640 3421 5699 Combef.
3472 5658 3697 5699 necnon

2043 5712 2269 5783 antiqui
2305 5713 2445 5768 edit.
2485 5716 2543 5766 In
2575 5713 2709 5768 edit.
2749 5707 2949 5770 ὁπόσας
2979 5707 3205 5773 ἐννοίας.
