4096 6288
365 402 480 464 283

1487 414 1676 476 VITA
1721 417 1786 475 S.
1835 414 2208 475 GBEGORII
2251 416 2645 477 THEOLOGI

3651 415 3772 474 284

366 533 515 590 Urbs
547 551 716 606 porro
749 535 834 592 ira
864 541 1142 609 aestuans,
1176 541 1288 598 dici
1320 560 1434 599 non
1481 550 1669 616 potest
1699 549 1840 616 quot
1869 560 2009 600 con-

2136 542 2319 614 ἠξίου;
2370 545 2630 622 Περιέστη
2700 549 2825 621 γοῦν
2881 543 3027 617 αὐτῷ
3088 545 3372 616 κάνταῦθα,
3426 543 3500 607 είς
3557 542 3767 600 ἀπολο-

365 623 648 678 viciorum
678 625 936 696 plaustra
969 628 1029 682 in
1058 631 1372 687 Maximum
1402 634 1688 700 effuderit,
1722 634 1832 705 ipsi
1868 649 2010 704 quo-

2119 633 2238 708 γίας
2290 635 2401 707 (29)
2445 634 2625 711 ἀγῶνα
2695 634 2758 690 τὸ
2829 631 3029 707 δρᾶμα.
3087 639 3379 710 Τοιγαροῦν
3433 639 3530 690 τοῦ
3586 632 3769 708 δήμου

371 729 482 782 que
534 712 807 786 Gregorio
856 733 1228 785 succensens,
1261 721 1359 792 qui
1411 727 1572 778 tanta
1617 722 2014 779 benevolentia

2136 721 2182 776 τὸ
2226 721 2562 799 φλεγμαῖνον
2607 727 2676 796 τῇ
2728 724 3033 801 φαρμακείᾳ
3078 728 3184 777 τῶν
3234 721 3413 798 λόγων
3463 723 3576 797 (30)
3607 744 3768 778 κατα-

366 804 422 855 et
454 801 843 860 familiaritate
871 807 1156 864 nefarium
1183 811 1480 866 hominem
1513 811 1849 884 complexus
1879 812 2016 867 fuis-

2123 811 2398 885 πραΰνων,
2433 811 2564 887 φησὶ
2595 813 2733 888 πρὸς
2767 811 2984 874 αὐτούς.

359 894 466 945 set.
501 892 700 963 Itaque
724 895 850 963 jam
885 911 948 952 eo
981 914 1071 954 res
1103 899 1214 970 ipsi
1249 900 1553 968 reciderat,
1586 906 1651 956 ut
1681 906 1737 957 et
1779 901 1905 972 ipse
1935 901 2025 956 sui
2058 903 2345 973 purgandi
2378 901 2638 959 laborem
2689 903 2886 960 subire
2939 906 3260 976 cogeretur.
3293 904 3373 959 Ac
3404 902 3670 975 proinde,
3705 907 3773 958 ut

355 977 714 1037 exulceratos
743 981 930 1055 plebis
963 986 1191 1043 animos
1223 989 1501 1044 orationis
1535 989 1960 1044 medicamento
1989 988 2214 1058 leniret,
2248 988 2329 1044 ita
2357 1006 2456 1045 eos
2489 990 2702 1046 atfatus
2731 995 2820 1046 est
2853 1007 2867 1045 :

429 1117 458 1146 ‹‹
496 1097 702 1166 Nolite,
736 1117 768 1154 ο
801 1101 928 1170 viri,
964 1103 1108 1158 mihi
1160 1106 1309 1177 patri
1342 1111 1531 1162 vestro
1566 1122 1930 1162 succensere.
1962 1105 2018 1160 Si

355 1185 514 1240 enim
549 1204 678 1260 ego,
702 1192 856 1261 quod
890 1209 982 1248 me
1014 1194 1332 1266 benignum
1357 1195 1438 1249 illi
1463 1212 1528 1250 ac
1550 1195 1848 1250 liberalem
1873 1211 2016 1266 pra:-

353 1275 607 1344 buerim,
640 1278 829 1350 culpae
866 1281 1151 1338 obnoxius
1200 1301 1360 1352 sum,
1394 1284 1530 1355 quia
1578 1283 1867 1339 malitiam
1900 1300 2015 1338 non

353 1365 616 1436 praescivi
652 1385 664 1422 :
702 1368 844 1440 quid
880 1372 1117 1426 tandem
1163 1371 1259 1428 ille
1306 1373 1497 1441 fuerit,
1524 1373 1624 1445 qui
1657 1372 2015 1445 benignitate

358 1468 490 1508 mea
510 1458 568 1509 et
595 1455 874 1513 beneficio
906 1476 1072 1529 usus,
1100 1461 1249 1516 hanc
1275 1461 1418 1517 mihi
1443 1462 1693 1534 gratiam
1727 1460 2014 1532 rependit.

363 1547 429 1597 ut
449 1542 578 1598 vita).
601 1561 740 1601 meae
763 1547 1006 1604 insidias
1033 1550 1323 1606 strueret?
1352 1551 1550 1623 Neque
1570 1551 1726 1607 enim
1749 1550 2013 1605 fraudem

365 1649 478 1687 non
509 1635 866 1705 prwvidisse,
900 1637 1130 1694 crimini
1169 1639 1291 1696 dari
1340 1640 1512 1696 debet
1545 1657 1557 1695 :
1591 1640 1700 1695 hoc
1731 1639 1888 1695 enim
1920 1655 2012 1694 so-

357 1720 473 1776 lius
509 1722 604 1777 Dei
636 1728 742 1782 est.
764 1728 843 1781 Ac
892 1732 1172 1798 prasterea
1219 1729 1365 1802 legis
1413 1729 1746 1801 praescripto
1792 1727 2014 1783 viscera

354 1811 636 1868 omnibus
681 1815 904 1885 aperire
946 1818 1247 1888 jubemur,
1294 1823 1650 1890 paternoque
1698 1819 1903 1873 affectu
1956 1832 2018 1883 et,

362 1898 766 1958 benevolentia
808 1919 928 1972 eos,
957 1907 1057 1977 qui
1110 1908 1224 1962 ﬁde
1274 1908 1500 1978 praediti
1559 1911 1717 1978 sunt,
1743 1901 2016 1977 amplecti

354 2004 419 2042 ac
450 1991 622 2044 tueri.
661 1993 798 2047 Eum
839 1997 1010 2062 enim,
1042 1999 1138 2067 qui
1185 1999 1331 2052 venit
1377 1997 1448 2053 ad
1486 2013 1592 2064 me,
1620 1996 1698 2051 ait
1727 1996 2014 2055 Christus,

357 2091 469 2132 non
505 2079 736 2146 eiiciam
784 2086 933 2152 foras
952 2085 993 2139 ⁸.
1030 2087 1308 2158 Magnum
1357 2086 1635 2158 quiddam
1685 2084 1823 2138 mihi
1873 2087 2015 2138 erat,

366 2165 657 2225 Maximus
689 2188 722 2226 a
752 2172 1080 2229 Graecorum
1115 2175 1533 2247 superstitione
1556 2175 1626 2229 ad
1657 2173 2018 2245 baptismum

369 2257 680 2325 accedens,
735 2265 791 2315 et
841 2263 1183 2318 Trinitatem
1243 2264 1507 2320 Herculis
1566 2263 1690 2320 loco
1745 2263 2014 2327 adorans;

361 2347 640 2418 Ampium
701 2366 767 2405 ac
830 2351 1172 2423 praeclarum
1225 2353 1555 2423 videbatur,
1588 2352 1762 2408 homo
1813 2333 2018 2405 virtut1

363 2437 628 2504 studens,
663 2439 892 2495 etiamsi
943 2441 1001 2494 in
1049 2443 1364 2512 postremis
1408 2444 1585 2497 rebus
1633 2440 1844 2512 prioris
1889 2439 2017 2493 vitae

359 2524 716 2596 hypocrisim
770 2529 1095 2584 luculenter
1138 2532 1411 2586 ostendit.
1446 2531 1557 2586 Sed
1591 2534 1853 2585 nostrum
1905 2544 2020 2582 non

362 2619 450 2670 est
481 2613 602 2670 haec
642 2616 959 2689 explorare.
993 2623 1116 2673 Non
1149 2619 1307 2674 enim
1349 2618 1409 2673 in
1458 2618 1765 2674 hominum
1799 2617 2017 2687 cogita-

360 2703 550 2759 tiones
582 2710 978 2776 penetramus,
1004 2723 1108 2762 nec
1140 2709 1368 2763 futuros
1399 2711 1641 2763 eventus
1681 2708 2018 2778 perspectos

367 2791 672 2861 habemus,
735 2794 845 2850 nisi
898 2797 1335 2868 sapientissimo
1404 2797 1504 2852 Dei
1553 2794 1794 2851 consilio
1844 2797 2018 2865 atque

2199 1129 2226 1156 «
2262 1106 2348 1175 Μή
2406 1126 2520 1177 μοι,
2571 1104 2615 1159 ὦ
2666 1103 2872 1178 ἄνδρες,
2926 1111 3005 1178 τῷ
3054 1105 3216 1182 πατρὶ
3265 1102 3655 1182 χαλεπαίνητε.
3709 1104 3771 1159 Εἰ

2125 1194 2224 1268 γὰρ
2257 1193 2382 1268 ἐγὼ,
2437 1195 2678 1269 χρηστὸς
2729 1192 2918 1267 ἐκείνῳ
2969 1195 3166 1272 φανεὶς,
3201 1194 3372 1256 αἰτίας
3424 1193 3637 1271 ἔνοχος,
3693 1196 3769 1266 μή

2125 1281 2396 1357 προγνοὺς
2443 1284 2541 1351 τὴν
2590 1284 2800 1352 κακίαν,
2833 1284 2886 1338 τί
2937 1285 3056 1338 ποτ’
3088 1285 3146 1338 ἂν
3189 1282 3269 1346 εἴη
3306 1284 3334 1337 ὁ
3364 1290 3465 1352 τῆς
3524 1283 3770 1359 χρηστό-

2123 1391 2289 1440 τητος
2337 1370 2672 1439 ἀπολαύσας,
2722 1372 2813 1426 κκῖ
2872 1368 3191 1434 ἐπιϐουλαῖς
3239 1372 3645 1446 ἀμειψάμενος;
3697 1372 3771 1426 Οὐ

2124 1458 2227 1534 γὰρ
2265 1459 2327 1513 τὸ
2379 1461 2454 1531 μὴ
2501 1459 2815 1536 προῖδέσθαι
2861 1462 2961 1530 τὴν
3017 1460 3204 1516 κακίαν
3257 1461 3568 1516 ὑπεύθυνον’
3611 1466 3774 1516 τοῦτο

2123 1548 2228 1622 γὰρ
2290 1547 2458 1619 μόνου
2513 1553 2667 1608 Θεοῦ.
2729 1551 2871 1624 Πρὸς
2929 1548 2985 1604 δὲ
3039 1551 3129 1604 καὶ
3187 1552 3354 1623 νόμος
3421 1552 3556 1623 ἡμῖν
3631 1548 3771 1604 ἐστιν

2123 1637 2315 1691 ἅπασιν
2374 1637 2604 1713 ἀνοίγειν
2650 1638 2717 1693 τὰ
2763 1637 3069 1713 σπλάγχνα,
3109 1639 3198 1693 καὶ
3265 1642 3469 1714 στοργῇ
3533 1643 3772 1715 πατρικῇ

2121 1729 2227 1780 τῶν
2292 1726 2654 1781 πιστευόντων
2708 1722 3223 1799 ἀντιλαμϐάνεσθαι.
3275 1728 3381 1784 Τὸν
3452 1726 3555 1803 γὰρ
3609 1727 3773 1803 ἐρχό-

2132 1835 2284 1887 μενον
2362 1816 2499 1891 πρὸς
2579 1817 2662 1889 μὲ,
2725 1815 2953 1891 Χριστός
3025 1837 3209 1893 φησιν,
3269 1815 3330 1870 ού
3411 1817 3485 1890 μή
3547 1811 3771 1870 ἐκϐάλω

2127 1901 2247 1974 ἔξω.
2297 1905 2449 1978 Μέγα
2499 1927 2593 1977 μοι
2639 1906 2706 1974 ἦν
2761 1905 2812 1975 ἐξ
2861 1903 3145 1976 Ἑλλήνων
3202 1904 3450 1977 Μάξιμος
3513 1904 3772 1981 βαπτιζό-

2133 2014 2312 2066 μενος,
2347 1994 2436 2048 καὶ
2491 1991 2690 2070 Τριάδα
2740 1993 3012 2068 λατρεύων
3065 1994 3174 2048 ἀνθ’
3224 1993 3577 2069 Ἡρακλέους.
3621 1995 3776 2068 Μέγα

2132 2103 2226 2154 μοι
2267 2083 2334 2152 ἦν
2385 2083 2517 2160 ἀνὴρ
2569 2084 3028 2156 μεταποιούμενος
3073 2083 3289 2159 ἀρετῆς,
3341 2083 3386 2137 εί
3427 2083 3516 2137 καὶ
3567 2082 3619 2138 ἐν
3655 2089 3775 2146 τοῖς

2125 2169 2458 2234 τελευταίοις
2515 2168 2678 2246 ἔδειξε
2732 2174 2830 2241 τὴν
2889 2172 2939 2226 έν
2998 2177 3114 2234 τοῖς
3174 2175 3414 2248 πρώτοις
3470 2171 3773 2247 ὑπόκρισιν.

2126 2259 2283 2315 Ἀλλ’
2331 2259 2438 2335 οὐχ
2481 2263 2642 2333 ἡμῶν
2689 2259 2998 2334 δοκιμάζειν
3046 2265 3232 2316 ταῦτα.
3281 2259 3353 2315 Οὐ
3396 2261 3497 2336 γὰρ
3547 2259 3779 2333 ἐνθυμή-

2132 2370 2288 2422 μασιν
2323 2344 2713 2423 ἐμϐατεύομεν,
2747 2348 2871 2405 οὐδὲ
2897 2351 2960 2405 τὸ
3002 2349 3204 2423 μέλλον
3255 2347 3407 2422 ἷ¹σμεν
3455 2348 3603 2418 πλὴν
3656 2349 3776 2404 έπι-

2127 2437 2361 2515 φροσύνῃ
2433 2441 2547 2512 (31)
2608 2444 2741 2494 Θεοῦ
2808 2444 2968 2494 τοῦτο
3054 2437 3365 2514 χαρίσαὶτο.
3428 2440 3622 2512 Ἡμεῖς
3684 2439 3780 2511 μὲν

2127 2525 2217 2581 οῦν
2276 2528 2488 2600 ὁρῶμεν
2549 2527 2624 2589 εἰς
2685 2528 2998 2602 πρόσωπον*
3032 2528 3163 2590 Θεὸς
3223 2525 3281 2582 δὲ
3338 2529 3438 2602 ὁρᾷ
3496 2525 3572 2588 εἰς
3649 2547 3780 2600 καρ-

2128 2612 2263 2683 δίαν,
2337 2616 2470 2692 ὅπερ
2555 2616 2841 2688 ἠκούσατε.
2903 2641 2930 2670 ››
2989 2615 3215 2678 Τούτοις
3292 2619 3580 2692 τοιγαροῦν
3652 2637 3783 2670 κατ-

2127 2703 2324 2773 εστάλη
2357 2704 2419 2760 τὸ
2449 2707 2680 2777 πλῆθος,
2713 2707 2800 2760 καὶ
2831 2709 2898 2780 τῇ
2933 2704 3111 2777 εὐνοίᾳ
3146 2703 3357 2778 μᾶλλον
3394 2708 3474 2776 τῷ
3531 2703 3788 2780 ἀρχιερεῖ

2131 2793 2428 2867 προσετέθη
2440 2815 2555 2851 σαν.

360 2898 603 2938 munere
633 2883 688 2937 id
731 2886 900 2940 nobis
931 2885 1241 2941 tribuatur.
1274 2887 1377 2941 N03
1406 2888 1555 2941 enim
1602 2884 1848 2940 videmus
1878 2885 1939 2937 in
1965 2883 2168 2952 [aciem
2199 2901 2217 2937 :
2252 2885 2390 2939 Deus
2438 2888 2622 2941 autem
2671 2902 2765 2941 cor
2816 2886 2994 2957 ipsum
3042 2886 3290 2941 intuetur
3310 2885 3351 2952 θ,
3388 2881 3776 2956 quemadmo-

353 2971 494 3026 dum
527 2973 798 3029 audistis.
837 2997 862 3023 »
895 2974 1009 3029 Hac
1045 2975 1303 3031 oratione
1337 2974 1736 3030 multitudinis
1765 2971 2070 3027 iracundia
2100 2973 2301 3028 sedata
2353 2978 2528 3046 atque
2572 2990 2838 3047 repressa
2867 2978 2974 3043 est,
3011 2974 3339 3047 majorique
3370 2971 3782 3029 benevolentia

361 3059 617 3131 pontifici
653 3063 951 3135 adjuncta.

427 3180 558 3235 Jam
597 3198 730 3238 vero
781 3183 1132 3255 imperatore
1181 3183 1528 3251 Theodosio,
1562 3183 1660 3254 qui
1709 3197 1893 3254 genus
1944 3195 2012 3235 ex

2194 3182 2298 3232 Τοῦ
2358 3176 2414 3234 δὲ
2477 3178 2742 3256 βασιλέως
2786 3177 3099 3248 Θεοδοσίου,
3147 3179 3208 3241 ὃς
3259 3179 3503 3256 ὑπῆρχεν
3557 3198 3616 3232 εκ
3675 3184 3785 3246 τῆς

370 3268 651 3339 Hispania
708 3271 979 3339 ducebat,
1010 3272 1068 3326 in
1129 3274 1525 3329 Macedoniam
1575 3288 1708 3327 cum
1767 3270 2021 3326 exercitu

371 3360 645 3430 profecto,
664 3359 996 3433 bellumque
1015 3379 1146 3416 cum
1171 3361 1645 3417 Occidentalibus
1668 3359 2024 3430 quibusdam

373 3447 636 3503 barbaris
659 3454 916 3519 gerente,
934 3450 1659 3522 Maximus,/Egyptiorum
1683 3448 2023 3519 praesulum,

368 3553 402 3591 a
432 3535 648 3607 quibus
680 3537 989 3607 episcopus
1021 3538 1362 3609 designatus
1396 3539 1604 3604 fuerat,
1628 3552 1836 3607 agmen
1869 3534 2024 3591 acci-

365 3625 566 3697 piens;
619 3643 682 3680 ac
724 3626 1205 3681 Thessalonicam
1264 3627 1558 3699 profectus
1612 3626 2024 3697 imperatorem

372 3715 514 3784 adit,
540 3719 713 3787 atque
747 3723 1008 3787 augustae
1043 3717 1204 3772 urbis
1228 3717 1632 3788 episcopatum
1665 3715 1735 3769 ab
1766 3733 1831 3771 eo
1863 3715 2022 3786 petit.

376 3805 657 3870 Quoniam
694 3806 848 3860 enim
892 3805 948 3860 in
999 3805 1226 3877 legibus
1276 3805 1793 3876 sanctionibusque
1842 3803 2024 3860 eccle-

377 3895 630 3949 siasticis
660 3894 802 3949 nihil
853 3895 1105 3950 habebat
1153 3912 1267 3966 quo
1319 3895 1619 3960 niteretur,
1652 3894 2026 3965 imperatorio

373 3983 560 4039 edicto
593 3984 983 4039 sacerdotium
1015 3982 1309 4037 vindicare
1341 3982 1651 4054 cogitabat,
1688 3985 1750 4036 ut
1781 3981 1879 4052 qui
1913 3997 2026 4035 non

375 4074 757 4138 sacerdotem,
793 4073 892 4128 sed
944 4078 1259 4144 tyrannum
1309 4087 1478 4144 agere
1528 4071 1583 4124 in
1635 4071 1897 4125 animum
1939 4069 2028 4124 in-

375 4160 656 4217 duxisset.
676 4161 890 4216 Verum
915 4160 1076 4216 illinc
1099 4161 1431 4230 ejiciuntur,
1451 4160 1798 4231 imperatore
1820 4175 1918 4213 eos
1945 4157 2031 4212 ira

379 4249 673 4320 minisque
731 4248 1174 4304 vehementibus
1231 4248 1577 4304 insectante.
1636 4248 1784 4311 Quid
1853 4245 2033 4319 igitur

379 4338 664 4393 Maximus
697 4338 811 4409 (vix
841 4339 997 4393 enim
1031 4337 1220 4410 frangi
1251 4342 1307 4393 et
1337 4338 1654 4410 expugnari
1688 4342 1878 4408 potest
1906 4353 2030 4392 am-

382 4427 588 4498 bitio)?
632 4426 1040 4482 Alexandriam
1101 4426 1232 4482 navi
1290 4427 1452 4498 petit,
1513 4443 1762 4499 cumque
1820 4426 2031 4481 iisdem

380 4513 606 4571 technis
630 4516 915 4586 quosdan;
939 4513 1089 4569 Petri
1115 4513 1491 4568 familiarium
1514 4531 1654 4569 auro
1677 4513 2030 4584 pellexisset,

379 4605 576 4678 ipsum
609 4620 843 4675 quoque
884 4603 1010 4675 pari
1057 4602 1428 4674 improbitate
1474 4603 1831 4677 aggreditur.
1871 4625 1890 4651 ι
1929 4607 2038 4657 Aut

376 4697 533 4753 enim
577 4695 740 4761 mihi,
791 4695 1004 4766 inquit,
1039 4700 1300 4768 augustae
1334 4695 1581 4751 civitatis
1631 4695 2033 4767 episcopatum

379 4803 598 4856 assere,
632 4789 732 4840 aut
777 4802 810 4840 a
856 4790 957 4840 tuo
1008 4802 1124 4840 non
1178 4786 1548 4841 abstinebo.»
1588 4786 1656 4840 Et
1687 4785 1921 4857 quidem
1973 4785 2033 4840 in

378 4879 645 4948 apertum
678 4873 899 4930 malum
942 4875 1131 4929 audax
1161 4874 1418 4930 hominis
1466 4873 1694 4930 facinus
1741 4872 2033 4945 desiisset,

449 5089 470 5123 ⁸
499 5091 672 5144 Joan.
704 5104 782 5158 v1,
814 5087 904 5143 37.
981 5088 1003 5122 ⁰
1035 5087 1056 5144 Ι
1088 5087 1228 5160 Reg.
1260 5103 1378 5158 xvr,
1405 5087 1461 5141 7.

453 5312 563 5385 (29)
597 5311 774 5385 Codd.
904 5309 1153 5385 et_(_30ll_3.
1187 5305 1345 5385 Lusii;
1377 5302 1681 5385 ἀπολογίαν
1704 5305 1799 5385 *καὶ
1831 5305 2032 5385 άγῶνα,

379 5381 467 5440 ita
492 5381 717 5455 antiqui
750 5383 938 5437 edit...
967 5381 1396 5455 VertitBillius
1430 5397 1443 5435 :
1479 5387 1537 5437 ut
1576 5383 1710 5452 facti
1747 5382 1840 5436 sui
1884 5397 2029 5450 pur-

383 5453 657 5527 gartione-ni
686 5455 1051 5527 quaerende
1083 5453 1327 5527 haberet.

481 5529 570 5597 30)
604 5522 739 5582 Cod.
773 5527 868 5583 Or.
899 5522 996 5579 τοῦ
1027 5522 1222 5597 λύγου.

481 5593 570 5667 31)
602 5598 693 5653 Sic
723 5599 924 5667 legunt
953 5593 1176 5667 antiqui
1209 5595 1344 5650 edit.
1377 5598 1439 5667 et
1482 5595 1607 5650 cod.
1643 5594 1887 5667 Colb._2.
1927 5593 2033 5650 Alii

457 5614 570 5669 (δι)
602 5614 693 5653 διο
723 5614 774 5653 te
818 5614 924 5653 unt
953 5614 1068 5651 anu
1123 5614 1176 5650 ιιι
1209 5614 1344 5650 emt.
1384 5614 1439 5650 et
1482 5614 1607 5650 coa.
1643 5614 1799 5650 hom.
1836 5614 1887 5649 ι.
1927 5614 2032 5650 tun

385 5669 499 5752 alio
548 5671 740 5752 modo,
778 5615 1039 5752 gom‘b‘ef.
1078 5614 1476 5752 itanempe?“
1509 5668 1634 5723 cod.
1669 5673 1763 5752 01".
1810 5665 2032 5752 ἐπιιρρο-

385 5739 536 5818 σύνῃ.
569 5737 734 5800 Colb.
771 5743 826 5815 1,
875 5738 1022 5809 πλὴν
1073 5737 1120 5794 ε⁹ί
1170 5737 1263 5812 μοι
1309 5737 1442 5793 Θεοῦ
1491 5737 1807 5817 σωφροσύνῃ
1849 5737 2034 5795 τοῦτο.

2064 4515 2241 4604 Βτῆς
2301 4510 2419 4583 ἰ¹σης
2489 4509 2798 4588 μοχθηρίας
2857 4509 3237 4588 προσφέρεται.
3297 4534 3324 4560 ‹‹

2135 3267 2400 3330 Ἱσπανίας
2457 3270 2519 3323 τὸ
2573 3268 2751 3344 γένος,
2793 3268 2844 3322 έν
2901 3270 2971 3339 τῇ
3037 3264 3341 3338 Μακεδονίᾳ
3389 3263 3790 3342 στρατοπεδεύ-

2135 3377 2342 3428 σαντος,
2391 3358 2480 3411 γαί
2527 3376 2634 3411 τισι
2684 3362 2791 3412 τῶν
2849 3356 3108 3432 ἐσπερίων
3153 3355 3531 3428 πολεμοῦντος
3584 3348 3790 3428 βαρϐά-

2136 3465 2267 3520 ρων,
2328 3440 2510 3500 λαϐὼν
2589 3447 2832 3519 Μάξιμος
2891 3445 2950 3500 τὸ
3027 3449 3213 3522 στῖφος
3289 3448 3395 3498 τῶν
3474 3442 3789 3519 Αἰγυπτίων

2135 3533 2467 3607 λπισκόπων,
2513 3539 2620 3589 τῶν
2684 3535 3193 3611 προχειρισαμένων
3248 3532 3408 3588 αὐτὸν
3481 3531 3557 3594 εἰς
3619 3532 3790 3603 ἱερέα,

2135 3624 2305 3688 ἐλθὼν
2355 3623 2429 3686 εἰς
2479 3622 2898 3695 Θεσσαλονίκην,
2948 3627 3028 3695 τῷ
3079 3621 3436 3696 αὐτοκράτορι
3487 3620 3791 3695 πρόσεισιν,

2137 3715 2299 3768 αἰτῶν
2361 3720 2460 3782 τῆς
2518 3709 2797 3789 βασιλίδος
2856 3713 2952 3782 τὴν
3011 3711 3328 3781 ἐπισκοπήν.
3388 3711 3482 3766 Ἐκ
3527 3710 3628 3786 γὰρ
3703 3711 3796 3762 θε-

2137 3807 2288 3876 σμῶν
2323 3801 2784 3872 ἐκκλησιαστικῶν
2834 3802 2895 3855 τὸ
2946 3799 3152 3876 ἰσχύειν
3202 3799 3302 3855 οῦκ
3349 3797 3519 3875 ἔχων,
3551 3800 3791 3872 προστά-

2135 3913 2300 3969 γματι
2373 3892 2640 3968 βασιλικῷ
2714 3889 3004 3964 ἱερατεύειν
3072 3887 3345 3960 διενοήθη,
3420 3887 3602 3964 ὥσπερ
3680 3886 3795 3963 οὐχ

2136 3979 2449 4056 ἱερατεύειν,
2498 3979 2641 4035 ἀλλᾶ
2684 3983 2956 4053 τυραννεῖν
3001 3976 3282 4053 ᾑρημένος
3334 3979 3467 4051 (32).
3517 3974 3787 4033 Ἀπελαύ-

2137 4090 2317 4124 νονται
2365 4066 2422 4123 δὲ
2469 4067 2688 4137 ἐκεῖθεν,
2721 4072 2818 4122 τοῦ
2872 4064 3137 4142 βασιλέως
3188 4065 3381 4127 αὐτοὺς
3425 4066 3562 4141 ὀργῇ
3593 4085 3651 4119 τε
3697 4064 3795 4118 καῖ

2141 4157 2388 4219 ἀπειλαῖς
2447 4153 2706 4234 σφοδραῖς
2773 4153 3154 4226 έκδιώξαντος.
3214 4153 3275 4208 Τί
3323 4152 3414 4208 οῦν
3463 4155 3490 4207 ὁ
3543 4153 3795 4224 Μάξιμος

2140 4245 2442 4323 (δύσμαχον
2493 4246 2595 4321 γὰρ
2629 4248 2663 4314 ὴ
2697 4243 3020 4323 φιλαρχία);
3066 4242 3186 4298 Ἐπὶ
3231 4243 3328 4312 τὴν
3387 4238 3795 4316 Ἀλεξάνδρειαν

2143 4334 2316 4404 ἔπλει,
2371 4334 2461 4390 καὶ
2516 4340 2632 4397 τοῖς
2692 4334 2875 4395 αὐτοῖς
2936 4329 3296 4408 έγχειρήμασί
3353 4352 3501 4392 τινας
3542 4334 3649 4384 τῶν
3707 4329 3800 4383 οἰ-

2141 4425 2302 4480 κείων
2359 4427 2455 4479 τοῦ
2524 4422 2726 4499 Ηέτρου
2799 4420 3109 4495 ὑποκλέψας
3172 4419 3407 4496 χρυσίῳ,
3463 4416 3693 4490 κάκείνῳ
3739 4417 3804 4474 ὲκ

3387 4510 3449 4564 Ἢ
3517 4506 3621 4584 γάρ
3678 4529 3798 4580 μοι,

2145 4603 2298 4680 φησὶ,
2353 4608 2452 4671 τῆς
2514 4597 2797 4677 βασιλίδος
2854 4601 2953 4668 τὴν
3011 4599 3308 4666 ἐπισκοπὴν
3350 4596 3726 4672 περιποίησαι,
3759 4598 3795 4665 ἢ

2141 4694 2238 4760 τῆς
2298 4697 2396 4760 σῆς
2457 4689 2557 4744 οῦκ
2612 4689 2897 4764 ἀφέξομαι.
2943 4711 2970 4740 ››
3017 4686 3116 4741 Καὶ
3169 4684 3235 4754 δὴ
3291 4685 3348 4740 ἂν
3393 4684 3470 4747 εἰς
3520 4686 3796 4760 προῦπτον

2141 4779 2305 4835 κακὸν
2363 4777 2705 4848 ἰτελεύτησεν
2764 4779 2799 4846 ἡ
2857 4774 3063 4849 τόλμα,
3097 4775 3142 4830 εἰ
3179 4775 3254 4849 μὴ
3302 4775 3330 4828 ὁ
3376 4780 3478 4843 τῆς
3540 4771 3793 4843 ’Δλεξαν-

2145 4867 2326 4945 δρείας
2392 4866 2641 4944 ὕπαρχος
2700 4864 2807 4921 δέει
2865 4863 3099 4927 στάσεως
3156 4864 3246 4919 καὶ
3305 4862 3483 4939 φόνων
3545 4865 3656 4937 (33)
3699 4862 3791 4916 τὸν

2143 5307 2278 5383 god.
2314 5301 2556 5383 P._1'cH,_v
2606 5302 2739 5383 Θεοῦ
2789 5293 3140 5383 ἰπιφροσύνῃ.
3170 5295 3382 5383 βίὶιὶυδ
3429 5298 3650 5383 vertit‘:
3687 5299 3810 5383 Nisi

2141 5379 2239 5433 Dei
2263 5376 2564 5448 prudentia
2587 5383 2643 5430 et
2676 5370 2935 5448 beneﬁcio
2965 5373 3065 5428 hoc
3088 5370 3243 5428 nobis
3265 5386 3579 5427 concessum
3608 5371 3802 5441 fuerit.

2145 5451 2205 5505 In
2239 5441 2377 5521 e'dit:
2412 5445 2497 5499 ἐπὶ
2530 5441 2870 5521 σωφροσύνῃ.

2214 5521 2326 5592 (32)
2359 5519 2443 5574 Ita
2473 5512 2836 5592 cod.:'omp_es
2867 5530 2974 5570 nec
3004 5529 3119 5570 non
3149 5512 3290 5581 edit,
3311 5516 3433 5569 ant.
3466 5512 3608 5569 olim
3633 5533 3806 5588 τροῃ-

2146 5585 2403 5667 ρημένίος.
2431 5588 2578 5667 God;
2599 5585 2965 5667 Ριρῖόμενος.

2239 5663 2329 5736 33)
2353 5663 2489 5719 Cod.
2523 5663 2620 5718 Or.
2653 5655 2757 5715 δέει
2787 5653 3024 5719 στάσεως
3052 5653 3140 5711 καὶ
3173 5654 3357 5731 φόνου.
