4096 6288
335 385 440 444 285

1337 383 1705 448 AUGTORE
1749 380 2148 446 GREGORIO
2189 381 2737 445 PRESBYTEBO.

3616 377 3737 440 286

328 515 561 590 Μάξιμον
622 523 725 587 τῆς
782 515 998 581 πόλεως
1054 517 1361 587 ἥλασεν.¹0
1421 519 1517 590 μὲν
1564 516 1657 574 οὖν
1689 518 1801 592 (34)
1848 512 1967 590 ἄξια

2083 516 2197 573 nisi
2257 516 2617 573 Alexandriae
2675 515 2983 589 praefectus
3031 512 3337 573 seditionis
3383 517 3441 571 et
3487 513 3735 571 caedium

327 612 411 663 τοῦ
442 606 678 683 θράτους
713 606 933 679 ἐδέξατο
962 608 1029 663 τὰ
1059 606 1331 685 ἐπίχειρα.

392 787 703 862 Γρηγόριος
734 783 814 859 δὲ,
844 789 925 859 τῷ
952 786 1152 857 πλήθει
1180 791 1288 843 τῶν
1338 785 1519 843 πόνων
1563 785 1801 850 πιεσθεὶς
1833 788 1973 856 (35),

324 875 406 930 καὶ
467 874 790 948 ἀπειρηκὼς
847 875 981 952 πρὸς
1037 875 1133 938 τὰς
1163 874 1421 939 ποικίλας
1450 872 1758 953 φροντίδας,
1790 871 1975 930 οἷ’καδε

325 960 452 1036 ἵετο,
494 965 565 1019 τὰ
614 963 860 1041 ἐξιτήρια
901 968 981 1037 τῷ
1047 962 1165 1037 λαῷ
1224 964 1746 1042 προσφθεγξάμενος,
1784 965 1971 1019 νουθε-

319 1055 489 1124 τήσας
535 1052 733 1115 αὐτοὺς
780 1058 967 1128 τηρεῖν
1009 1063 1109 1122 την
1173 1053 1376 1122 πίστιν,
1424 1054 1486 1122 ἣν
1548 1052 1970 1131 παρειλήφασιν,

319 1141 633 1217 ἐργάζεσθαι
689 1143 791 1212 τὴν
844 1142 1061 1216 ἀρετὴν,
1093 1143 1160 1212 ἦν
1218 1142 1402 1205 αὐτοῖς
1590 1139 1738 1218 ἔργῳ
1780 1163 1840 1197 τε
1885 1141 1975 1197 καὶ

323 1229 475 1307 λόγῳ
514 1227 807 1302 ὑπέδειξεν.
861 1228 1082 1300 Ἐπειδὴ
1126 1229 1335 1287 τούτων
1382 1228 1620 1300 ἤκουσαν
1661 1229 1871 1305 κλῆρός
1917 1252 1976 1286 τε

323 1321 415 1375 καὶ
474 1319 629 1390 λαὸς,
692 1319 790 1394 μία
849 1321 952 1396 βοὴ
1011 1322 1125 1395 (37)
1171 1320 1319 1397 παρὰ
1383 1323 1598 1377 πάντων
1656 1317 1825 1397 ⁴ἤρθη,
1872 1322 1971 1389 τήν

320 1406 587 1481 ἐκδημίαν
661 1413 759 1464 τοῦ
833 1408 1096 1482 ποιμένος
1170 1408 1535 1486 ὀδυρομένων*
1594 1410 1661 1480 ἦν
1723 1430 1784 1465 τε
1841 1406 1971 1465 ἰδεῖν

318 1497 553 1553 ἐλεεινὸν
623 1499 822 1571 θέαμα,
873 1494 1088 1575 ἄνδρας,
1151 1504 1431 1573 γυναῖκας,
1489 1501 1605 1572 (38)
1650 1496 1820 1567 νέους,
1882 1498 1973 1573 γέ-

320 1605 543 1662 ροντας,
583 1584 922 1661 ἐλλογίμους
973 1586 1063 1641 καὶ
1110 1585 1359 1660 ἀμαθεῖς,
1405 1586 1695 1664 ἄρχοντας,
1726 1586 1975 1657 ἶδιώτας,

317 1676 559 1737 ἅπαντας
616 1675 840 1750 οἰμωγῇ
902 1677 1180 1753 συμφώνῳ
1248 1677 1667 1752 κατεχομένους,
1727 1676 1815 1732 καὶ
1871 1677 1970 1745 τὴν

317 1764 580 1842 ὀρφανίαν
616 1763 677 1819 οὐ
710 1765 992 1842 φέροντας
1031 1763 1171 1819 ὥστε
1207 1767 1347 1839 τινὰ,
1378 1767 1477 1835 τὴν
1509 1767 1698 1844 φωνὴν
1751 1762 1971 1839 ἄραντα,

312 1853 599 1925 τολμῆσαι
685 1853 872 1908 εἰπεῖν’
934 1877 963 1906 ‹‹
1031 1855 1097 1908 Ὧ
1161 1853 1355 1931 Πάτερ,
1433 1850 1813 1917 συνεκϐάλλεις
1891 1875 1973 1909 σε-
2006 1889 2054 1955 Β

311 1947 465 2014 αυτῷ
504 1944 616 2015 (39)
672 1943 772 2011 τὴν
831 1940 1050 2014 Τριάδα.
1102 1967 1129 1993 n
1180 1943 1388 2013 Ταύτης
1428 1943 1669 2006 ἀκούσας
1714 1944 1811 2013 τῆς
1859 1965 1973 2021 φω-

310 2038 419 2101 νῆς
449 2032 478 2085 δ
510 2028 788 2105 γεννάδας,
823 2031 1078 2109 ἐλώφησε
1129 2038 1230 2100 τῆς
1289 2034 1492 2106 ὁρμῆς,
1558 2032 1647 2087 καὶ
1708 2033 1975 2109 ὑπέσχετο

311 2118 759 2196 συμπαραμένειν
828 2120 1033 2191 αὐτοῖς,
1097 2120 1292 2196 μέχρις
1339 2120 1397 2175 ἂν
1456 2120 1763 2176 ἐπισκόπων
1837 2141 1974 2196 παρ-

314 2207 475 2264 ουσία
541 2211 653 2281 (καὶ
708 2208 809 2284 γὰρ
867 2210 933 2278 ἦν
1003 2207 1364 2282 ἐλπιζομένῃ)
1421 2205 1805 2286 προϐάλληται
1864 2212 1973 2285 (40)

310 2317 441 2352 τινα
483 2303 588 2367 τῆς
635 2296 939 2367 ἐπισκοπῆς
988 2297 1157 2367 ἄξιον,
1186 2298 1245 2360 ὃς
1290 2297 1449 2354 αὐτὸν
1486 2297 1785 2376 φροντίδων
1820 2297 1973 2355 ἐλευ-

316 2386 575 2458 Θερώσει,
634 2385 911 2462 ἐπιτρέψει
944 2406 1004 2441 τε
1068 2387 1181 2460 ἅμα
1226 2388 1323 2457 τήν
1374 2382 1576 2458 ἔξοδον.
1638 2387 1823 2451 Οὕτως
1880 2389 1971 2443 οὗν

319 2472 655 2542 διελύθησαν
714 2477 784 2549 τῇ
857 2474 1149 2551 ὑποσχέσει
1219 2474 1597 2552 θαρρήσαντες,
1657 2476 1806 2553 ὅρκῳ
1877 2477 1971 2551 μὶν

315 2562 384 2617 οὐ
417 2564 531 2636 (41)
576 2558 986 2638 βιϐαιωθέντες,
1012 2568 1092 2636 τῷ
1151 2561 1208 2619 δὲ
1254 2563 1436 2642 παγίῳ
1480 2569 1577 2620 τοῦ
1624 2560 1830 2640 τρόπου
1875 2586 1973 2622 κα-

224 2708 240 2727 ,
315 2650 787 2714 ταπιστεύσαντες.

387 2744 506 2795 Τῶν
560 2738 651 2794 οὖν
699 2737 884 2796 δεινῶν
935 2739 1203 2814 εἷεάντων,
1252 2740 1341 2797 καὶ
1399 2739 1613 2818 σχολῆς
1665 2740 1970 2815 ἐνδοθείσης

318 2834 435 2891 τοῖς
492 2829 827 2904 πράγμασιν,
885 2828 1037 2894 αὖθις
1093 2828 1372 2905 ἀνέλαμπε
1444 2838 1545 2901 τῆς
1619 2831 1846 2906 Τριάδος
1907 2835 1971 2888 τὸ

326 2914 519 2993 δόγμα,
564 2914 890 2989 διδασκαλίᾳ
936 2917 1027 2972 καὶ
1074 2913 1266 2981 πόνοις
1309 2922 1407 2973 τοῦ
1460 2921 1723 2995 μακαρίου
1770 2919 1971 2977 πλατυ-

334 3006 555 3078 νομένης
609 3006 684 3068 είς
732 3005 937 3069 πάντας
983 3010 1084 3076 τῆς
1131 3006 1384 3078 πίστεως,
1414 3009 1475 3077 ἢν
1527 3007 1783 3086 ἐγεώργει
1835 3010 1969 3066 κάλα

342 3092 482 3148 λιπά
524 3115 584 3150 τε
631 3093 724 3150 καὶ
766 3102 867 3165 τῆς
917 3099 1035 3150 Νῶε
1096 3095 1367 3172 γεωργίας
1428 3097 1778 3173 τιμιωτέραν.
1831 3105 1970 3167 Γεη-

2083 610 2244 663 metu
2278 606 2599 663 Maximum
2648 606 2792 662 urbe
2835 604 3219 662 exturbasset.
3246 608 3434 674 Atque
3479 604 3577 660 ille
3606 603 3737 676 qui-

2083 696 2215 751 dem
2250 694 2491 767 praemia
2520 694 2847 752 temeritate
2879 694 3058 767 digna
3085 693 3241 749 tulit.

2158 784 2474 858 Gregorius
2498 788 2692 842 autem
2713 784 2980 840 laborum
3004 782 3380 839 multitudine
3401 798 3738 854 oppressus,

2085 873 2382 945 variisque
2403 873 2561 929 euris
2590 874 2889 930 confectus
2920 890 2986 928 ac
3017 872 3374 939 debilitatus,
3399 871 3457 927 in
3492 871 3740 944 patriam

2085 963 2341 1018 reditum
2366 962 2630 1034 parabat,
2648 962 2875 1034 plebem
2893 966 3216 1018 extremum
3238 961 3548 1030 allocutus,
3567 965 3740 1032 atque

2084 1051 2353 1107 hortatus
2382 1057 2447 1106 ut
2478 1052 2677 1121 ﬁdem,
2710 1067 2888 1123 quam
2920 1044 3283 1123 acceperant,
3306 1053 3734 1119 conservarent,

2084 1143 2143 1196 et
2172 1144 2238 1195 ut
2266 1140 2565 1212 virtutem,
2597 1156 2775 1211 quam
2825 1139 2970 1212 ipsis
3016 1156 3189 1212 opere
3236 1139 3454 1211 pariter
3496 1155 3562 1195 ac
3609 1156 3737 1195 ser—

2085 1245 2258 1285 mone
2295 1230 2648 1298 ostenderat,
2682 1227 2955 1285 colerent.
2990 1228 3123 1293 Quae
3171 1244 3306 1283 cum
3355 1232 3413 1283 et
3461 1227 3649 1284 clerus
3680 1232 3737 1283 et

2085 1317 2339 1390 populus
2369 1317 2716 1385 audiissent,
2744 1334 2899 1373 unus
2929 1316 3194 1373 omnium
3216 1316 3437 1372 clamor
3468 1316 3737 1373 sublatus

2085 1409 2175 1461 est
2196 1407 2450 1478 pastoris
2474 1406 2801 1463 discessum
2824 1407 3153 1479 lugentium
3177 1424 3189 1462 :
3215 1423 3281 1463 ac
3310 1406 3477 1463 triste
3506 1409 3735 1479 specta-

2084 1494 2282 1551 culum
2315 1511 2551 1551 cernere
2596 1500 2741 1567 erat,
2773 1497 2929 1552 viros
2976 1499 3035 1552 et
3083 1495 3379 1563 mulieres,
3403 1497 3650 1568 juvenes
3680 1500 3739 1551 ct

2084 1599 2278 1652 senes,
2310 1585 2569 1641 eruditos
2608 1589 2665 1640 et
2706 1584 2991 1653 indoctos,
3026 1584 3320 1657 principes
3352 1588 3409 1640 et
3455 1584 3734 1656 privatos,

2085 1689 2289 1730 omnes
2319 1673 2591 1730 concordi
2615 1675 2879 1730 detentus
2909 1674 3044 1730 ﬂetu
3078 1691 3182 1730 nec
3212 1673 3521 1729 orbitatem
3551 1675 3736 1730 feren-

2083 1765 2192 1828 tes,
2216 1763 2358 1818 adeo
2390 1768 2454 1818 ut
2485 1763 2781 1834 quispiam
2805 1762 3036 1819 sublata
3065 1780 3200 1819 voce
3220 1763 3408 1819 dicere
3430 1779 3544 1819 non
3566 1763 3733 1818 dubi-

2084 1854 2233 1907 taret
2253 1868 2303 1907 :«
2327 1851 2371 1906 Ο
2394 1851 2585 1919 Pater,
2607 1852 2950 1909 Trinitatem
2972 1856 3165 1908 tecum
3191 1851 3375 1923 ejicis.
3400 1874 3428 1902 »
3453 1854 3577 1917 Qua
3598 1868 3734 1908 voce

2085 1939 2286 1996 audita
2314 1940 2402 1995 vir
2431 1941 2701 2013 egregius
2730 1941 3065 1996 discedendi
3096 1941 3475 2013 cupiditatem
3506 1957 3731 2013 repres~

2084 2029 2180 2095 sit,
2202 2028 2605 2102 tantisperque
2645 2046 2708 2086 se
2746 2032 2901 2103 apud
2950 2047 3049 2086 eos
3099 2046 3446 2086 mansurum
3495 2031 3736 2102 recepit,

2084 2118 2275 2189 quoad
2306 2118 2585 2190 episcopi,
2619 2135 2871 2190 quorum
2903 2119 3186 2176 adventus
3224 2118 3285 2175 in
3316 2136 3419 2191 spe
3452 2122 3509 2176 et
3533 2136 3735 2190 exspe-

2084 2206 2337 2262 ctatione
2387 2210 2529 2274 erat,
2570 2206 2826 2279 aliquem
2867 2207 3201 2279 episcopatu
3244 2208 3489 2279 dignum
3525 2207 3734 2280 elegis-

2083 2298 2234 2363 sent,
2267 2295 2496 2367 sibique
2526 2297 2682 2352 curis
2728 2296 2970 2352 liberato
3001 2296 3336 2351 facultatem
3367 2295 3620 2351 abeundi
3652 2297 3733 2352 fe-

2083 2384 2320 2441 cissent.
2353 2389 2541 2458 Atque
2580 2386 2662 2441 ita
2691 2384 2921 2441 dimissi
2969 2388 3127 2451 sunt,
3159 2383 3308 2440 nihil
3358 2385 3597 2441 omnino
3628 2387 3732 2441 du-

2083 2472 2357 2540 bitantes,
2391 2474 2535 2545 quin
2584 2473 2683 2530 ille
2730 2491 2833 2546 pro
2883 2490 2990 2529 sua
3030 2473 3344 2546 gravitate,
3378 2490 3729 2547 morumque

2083 2563 2428 2632 constantia,
2463 2563 2739 2635 promissi
2787 2563 2878 2619 sui
2925 2564 3120 2634 ﬁdem,
3150 2562 3286 2620 licet
3316 2562 3474 2619 nullo
3497 2564 3726 2636 jureju-

2082 2652 2263 2707 rando
2294 2652 2611 2720 ﬁrmatam,
2645 2651 2920 2725 expleret.
3444 2710 3449 2713 ,

2151 2740 2422 2813 Depulsis
2450 2741 2648 2813 itaque
2694 2741 2990 2813 periculis,
3022 2744 3081 2796 et
3109 2741 3304 2813 quiete
3351 2741 3527 2798 rebus
3558 2742 3728 2799 resti-

2081 2834 2221 2898 tuta,
2253 2830 2289 2884 ’1
2304 2829 2555 2885 rinitatis
2586 2831 2800 2903 dogma
2848 2847 3052 2886 rursus
3093 2830 3425 2902 eﬂ‘ulgebat,
3459 2848 3525 2887 ac
3571 2831 3728 2888 beati

2077 2918 2185 2973 viri
2216 2917 2481 2975 doctrina
2509 2922 2566 2974 et
2594 2918 2895 2975 laboribus
2944 2919 3088 2974 ﬁdes
3134 2920 3204 2974 ad
3237 2936 3441 2975 omnes
3471 2920 3729 2993 porrige-

2078 3007 2252 3062 batur
2281 3024 2295 3062 :
2330 3023 2508 3079 quam
2552 3007 2945 3079 pulcherrime
2974 3007 3288 3076 excolebat,
3321 3010 3723 3082 praestantius-

2075 3112 2206 3167 que,
2234 3112 2409 3168 quam
2443 3100 2507 3151 ut
2534 3096 2891 3168 agricultura
2921 3097 3038 3154 Noe
3061 3098 3105 3134 1°
3133 3114 3267 3154 cum
3297 3114 3366 3154 ea
3394 3099 3719 3171 comparari

336 3188 501 3238 πονῶν
535 3185 643 3259 γὰρ
678 3190 780 3254 τῆς
812 3183 1134 3252 Ἐκκλησίας
1164 3186 1264 3255 τὴν
1297 3186 1552 3263 ἄρουραν,
1581 3187 1676 3249 τὰς
1728 3187 1820 3261 μὶν
1853 3190 1967 3263 (42)

2083 3184 2283 3256 possit.
2342 3183 2610 3240 Ecclesiae
2665 3185 2822 3241 enim
2879 3202 3083 3242 arvum
3139 3188 3437 3257 excolens,
3497 3188 3726 3245 animas

329 3272 501 3348 ψυγὰς
552 3256 675 3328 *οἷον
728 3273 962 3349 ήροτρία
1016 3278 1124 3329 τῶν
1176 3256 1445 3340 ἀκανόῶν-
1477 3256 1836 3331 ἀπαλλάττων
1860 3256 1967 3347 ’τῆς

2083 3273 2368 3345 quasdam
2390 3271 2547 3329 velut
2573 3277 2764 3330 aratro
2794 3275 3227 3347 proscindebat,
3250 3256 3569 3350 impietatis
3599 3279 3725 3351 epi—

331 3357 595 3429 ἀσεϐείας,
646 3363 741 3424 τὰς
801 3360 859 3416 δὲ
906 3362 1172 3436 ὡμάλιζε,
1221 3369 1574 3442 προφητικῶς
1628 3365 1817 3438 εἰπεῖν,
1868 3365 1967 3421 ἄλ-

328 3447 449 3511 λαις
505 3448 719 3527 ἔσπειρε
771 3451 862 3505 τὸν
921 3452 1061 3506 θεῖον
1123 3450 1305 3528 Λόγον·
1338 3454 1395 3507 αἱ
1425 3450 1483 3508 δὲ
1513 3452 1712 3527 ἀρτίως
1743 3452 1968 3511 ἐφύοντό

319 3559 378 3593 τε
431 3539 523 3593 καὶ
582 3538 913 3615 ἐρῥιζοῦντο·
946 3541 999 3595 αἱ
1054 3538 1111 3595 δὲ
1178 3538 1286 3612 ἤδη
1350 3540 1576 3611 ἐπόαζόν
1619 3564 1679 3599 τε
1720 3540 1810 3598 καί
1854 3544 1965 3599 οἷον

314 3628 502 3702 γόνασι
578 3626 951 3699 διεζώννυντο·
1022 3628 1187 3686 ἄλλαι
1274 3631 1412 3708 πρὸς
1493 3630 1693 3708 στάχυν
1770 3632 1966 3689 ἀπετυ-

309 3722 535 3771 ποῦντο·
596 3714 772 3793 ἕτεραι
841 3715 899 3773 δὲ
957 3717 1328 3792 ἐπεπαίνοντο,
1386 3720 1475 3775 καὶ
1544 3722 1680 3797 πρὸς
1756 3723 1967 3796 ἆμητὸν

308 3806 443 3875 ἦσαν
498 3806 862 3880 ἐτοιμότεραιο
895 3806 988 3870 τὰς
1042 3804 1101 3863 δὲ
1151 3806 1299 3871 ἅλως
1350 3808 1487 3884 εἶχε,
1530 3810 1625 3871 τὰς
1674 3808 1732 3865 δὲ
1773 3812 1967 3883 Θημών

308 3916 410 3956 τις·
472 3893 641 3950 ἄλλαι
698 3900 766 3970 τῇ
822 3894 1084 3970 λικμήσει
1138 3897 1203 3951 τὸ
1260 3895 1545 3975 ἀγυρῶδες
1606 3900 1693 3954 καὶ
1735 3897 1963 3975 ἀλογῖας

308 3982 452 4053 ἄξιον
506 3988 617 4039 τῶν
675 3983 966 4060 δογμάτων
1016 3981 1333 4042 ἀπέϐαλλον
1393 3990 1531 4061 (43),
1589 3993 1805 4065 Χριστῷ
1868 4011 1963 4045 κα.

310 4072 648 4148 θαιρόμεναι·
708 4070 888 4151 ἕτεραι
949 4071 1006 4129 δὲ
1060 4078 1195 4145 ἦσαν
1255 4071 1401 4131 ἔνδον
1477 4081 1586 4132 τῶν
1668 4078 1960 4149 ἅποθηκῶν

310 4158 469 4232 ἄξιαι-
515 4162 571 4217 αἱ
626 4159 683 4217 δὲ
733 4160 899 4240 ἄρτος
946 4160 1055 4236 ἤδη
1104 4164 1579 4241 κατειργασμένος.
1630 4172 1801 4223 Τοῦτο
1858 4169 1960 4245 γὰρ

307 4248 471 4323 πέρας
502 4255 604 4320 τῆς
639 4249 929 4327 γεωργίας,
961 4252 1159 4307 σκοπὸν
1196 4251 1431 4328 ἐχούσης
1458 4260 1559 4323 τῆς
1607 4262 1816 4332 τροφῆς
1848 4256 1961 4329 (44)

307 4339 400 4407 τήν
465 4337 798 4413 μετάληψιν,
838 4340 929 4394 καὶ
978 4340 1069 4396 διὰ
1102 4345 1264 4397 τοῦτο
1309 4339 1581 4414 πονούσης
1630 4364 1685 4398 τε
1731 4344 1821 4398 καὶ
1867 4346 1960 4400 τὸν

310 4426 515 4500 ἀμητὸν
550 4428 803 4503 εὐθύμως
833 4430 1168 4503 κομιζομένη
1180 4451 1226 4493 ς.

2080 3362 2173 3418 nis
2193 3378 2293 3419 eas
2315 3362 2592 3431 liberans,
2617 3363 2782 3433 aliae,
2802 3368 2868 3420 ut
2888 3365 3182 3437 prophetae
3203 3367 3377 3423 verbo
3400 3372 3552 3437 utar,
3576 3385 3732 3425 com-

2080 3450 2356 3524 planabat
2380 3454 2448 3521 11,
2482 3452 2615 3508 aliis
2662 3452 2926 3509 divinum
2963 3455 3206 3511 verbum
3256 3455 3569 3525 inserebat,
3604 3457 3730 3514 aliis

2078 3557 2278 3597 recens
2308 3542 2759 3612 enascebantur,
2784 3542 3128 3615 radicesque
3156 3546 3428 3618 agebant,
3456 3546 3580 3602 alia:
3604 3547 3730 3616 jam

2077 3630 2515 3702 herbescebant,
2549 3647 2615 3686 ac
2660 3631 2819 3687 velut
2866 3632 3150 3704 geniculis
3199 3634 3725 3707 praecingebantur,

2075 3718 2200 3776 aliae
2244 3720 2316 3776 ad
2360 3720 2622 3776 culmum
2672 3720 3160 3791 informabantur,
3197 3722 3320 3778 alia:
3370 3727 3726 3780 maturesce-

2075 3809 2236 3877 bant,
2252 3814 2426 3882 atque
2444 3811 2513 3865 ad
2538 3826 2789 3866 messem
2813 3811 3135 3882 paratiores
3157 3812 3485 3877 erant,alize
3507 3812 3565 3868 in
3590 3830 3727 3870 area

2074 3904 2259 3969 erant,
2306 3898 2433 3955 aliae
2484 3899 2543 3953 in
2593 3916 2793 3955 acervo
2824 3901 3100 3971 quodam,
3133 3899 3283 3968 aliae,
3317 3918 3443 3973 quae
3496 3902 3727 3959 Christo

2074 3992 2488 4059 purgarentur,
2510 3986 2652 4043 viles
2682 3991 2741 4043 et
2771 3990 3234 4045 contemnendas
3261 3991 3601 4062 dogmatum
3636 4009 3731 4062 pa-

2073 4074 2193 4132 leas
2226 4092 2330 4149 per
2356 4074 2794 4132 ventilationem
2838 4077 3230 4147 excutiebant,
3265 4077 3390 4134 aliae
3414 4079 3539 4151 jam
3569 4080 3729 4137 domi

2073 4164 2297 4221 horreis
2322 4164 2509 4239 dignae
2532 4169 2717 4233 erant,
2747 4164 2873 4221 aliae
2904 4166 3157 4237 denique
3189 4168 3357 4239 panis
3380 4168 3506 4239 jam
3539 4170 3729 4226 confe-

2072 4258 2201 4311 ctus
2229 4259 2413 4311 erant.
2445 4255 2551 4311 Hic
2597 4254 2751 4311 enim
2784 4254 3149 4327 agriculturae
3198 4257 3334 4312 ﬁnis
3365 4262 3472 4327 est,
3507 4259 3724 4332 quippe

2070 4360 2199 4417 quae
2229 4344 2342 4400 cibi
2373 4344 2769 4414 sumptionem
2819 4361 2923 4416 pro
2969 4362 3143 4417 scopo
3176 4346 3408 4418 habeat,
3442 4347 3515 4403 ob
3547 4347 3724 4420 idque

2066 4433 2298 4491 labores
2352 4433 2657 4506 suscipiat,
2713 4449 3083 4507 messemque
3130 4435 3307 4492 alacri
3336 4436 3531 4493 animo
3583 4455 3721 4494 con-

2066 4527 2250 4596 gerat.

370 4604 525 4663 Ἀλλ⁹
584 4605 613 4661 ὁ
676 4607 769 4679 μὲν
824 4603 994 4682 ⁴ἱδρὼς
1048 4612 1126 4680 τῷ
1182 4607 1453 4686 ἀνθρώπῳ
1522 4612 1637 4685 (45)
1666 4615 1764 4666 τοῦ
1822 4616 1957 4672 θεοῦ

2135 4615 2214 4670 Ac
2256 4611 2421 4669 labor
2450 4611 2688 4685 quidem
2731 4611 2990 4670 hominis
3043 4614 3143 4670 Dei
3185 4616 3389 4684 tantus
3419 4618 3561 4683 erat,
3595 4620 3724 4671 tan-

365 4768 406 4803 ¹⁰
434 4767 579 4824 Gen.
617 4784 695 4836 ιι,
726 4768 817 4822 20.
896 4770 941 4805 ¹¹
972 4767 1081 4824 Isa.
1116 4786 1207 4837 XL,
1240 4771 1291 4826 4.

330 4938 473 5019 ’,(34)
504 4937 666 4994 Colb.
702 4939 752 4995 1.
788 4937 846 4990 '0
880 4936 975 5010 μὶν
1011 4934 1101 4992 οὗν
1132 4937 1308 5009 οὗτος,
1342 4942 1471 4998 cod.
1504 4942 1600 4999 0r.
1632 4942 1694 4999 Ὁ
1733 4942 1829 5016 μὲν
1858 4940 1949 4998 οὖν

2083 4942 2312 5019 ἰωὴ-...1,
2344 4944 2426 4999 sic
2443 4944 2631 5019 habet
2665 4959 2677 4998 ε
2712 4938 3143 5019 προϐαλλομένη
3178 4946 3299 5019 τινὰ
3342 4952 3450 5019 τῆς
3500 4944 3718 5019 ἐπισκο-

300 5027 488 5070 οπως.

360 5081 472 5153 (35)
505 5081 594 5153 ita
618 5083 872 5153 Montac,
903 5082 961 5153 et
988 5078 1248 5153 Gombef.
1282 5081 1341 5138 in
1373 5082 1513 5140 edit.
1549 5082 1803 5148 πεισθείς.

500 5150 640 5209 Cod.
676 5151 773 5222 Or.
806 5151 868 5221 ἣν
899 5149 1081 5213 αὐτός.

500 5223 643 5280 God.
679 5218 774 5297 ΟΥ.
814 5218 911 5294 μία
949 5224 1125 5297 φωνή.

354 5294 464 5366 (38)
492 5294 1038 5369 llaec_voluntuedit.
1070 5295 1323 5369 antiqui,
1356 5297 1477 5353 haec
1516 5298 1685 5355 codd.
1720 5315 1943 5369 omnes,

291 5362 399 5421 hac
417 5362 606 5446 etiam
639 5365 765 5439 ipse
796 5366 1034 5446 Billius;
1068 5362 1319 5424 licet'in'
1347 5369 1481 5424 edit.
1516 5370 1692 5426 verba
1722 5362 1943 5446 ἄνδρας,

290 5442 535 5506 γυναῖκας
570 5440 870 5496 deessent.

2059 5021 2167 5107 πῇς
2199 5012 2366 5107 ἄξιον,
2399 5014 2556 5107 ideo»;
2604 5012 2903 5107 φρονδτίδων
2924 5012 3306 5107 ιέλευρερώσῃ,
3339 5012 3591 5093 ἐριτρέψῃ
3639 5039 3717 5077 τε.

2058 5083 2206 5143 Μοκ.
2240 5083 2367 5159 cod.
2404 5087 2463 5143 P.
2498 5103 2600 5159 pro
2617 5083 2813 5159 ’ἔξοδον
2845 5087 3021 5159 habet
3048 5083 3305 5150 εἰς’ὁδόνζ

2152 5159 2242 5229 41)
2276 5158 2414 5230 Cod.
2452 5156 2513 5214 ΡΣ
2536 5156 2722 5230 ’Ὀρκῳ
2756 5158 2852 5230 μὶν
2886 5156 3000 5216 οὗν.

2152 5231 2243 5370 42)
2274 5229 2435 5285 Colb.
2470 5230 2523 5299 1,
2553 5229 2648 5292 τᾶς
2684 5229 2780 5303 μὲν
2810 5232 2916 5283 τῶν
2950 5232 3165 5304 ψυχῶν.

2152 5302 2217 5357 43
2274 5302 2357 5358 Ita
2385 5300 2544 5359 Colb.
2575 5305 2612 5358 2
2642 5307 2700 5359 et
2730 5303 2858 5359 cod.
2892 5301 2988 5359 Or.
3023 5307 3082 5357 In
3116 5320 3165 5358 et

2148 5297 2239 5361 43)
2274 5302 2357 5358 Ita
2385 5297 2544 5359 Colb.
2575 5305 2612 5358 2
2642 5297 2700 5359 et
2730 5303 2858 5359 cod.
2892 5297 2988 5359 Οιί.
3023 5297 3082 5357 Ῑῖ]
3116 5303 3256 5359 edit.
3290 5297 3586 5361 ἀπέϐαλον.

2150 5373 2240 5450 {151)
2268 5374 2404 5450 ςφᾶς
2436 5373 2532 5443 0r;
2563 5379 2663 5450 τῆς
2693 5379 2926 5450 τρυφῆς-

2144 5445 2234 5516 45)
2267 5446 2361 5521 Sic
2388 5445 2700 5521 legendum
2730 5445 3021 5521 proponit
3070 5446 3322 5521 Montac:
3358 5447 3492 5521 licet
3540 5464 3713 5521 repu-

352 5511 459 5590 (_39)
492 5512 578 5590 Ita
618 5511 875 5590 Montac.
909 5512 966 5565 et
1009 5508 1127 5580 alii,
1164 5526 1271 5566 nec
1301 5526 1415 5567 non
1467 5512 1595 5568 cod.
1626 5511 1787 5569 Colb.
1824 5515 1849 5569 1
1885 5518 1943 5571 et
2050 5508 2232 5590 gnent
2261 5508 2876 5590 coddfmanuscripti‘
2899 5525 3105 5590 praeter
3137 5518 3263 5590 cod.
3300 5519 3357 5573 P.
3391 5538 3403 5576 :
3439 5520 3590 5576 hanc
3610 5508 3710 5576 ‘ta-

288 5582 331 5633 2-
361 5582 421 5653 In
442 5581 588 5639 'edit.
624 5581 824 5653 ἑαυτῷ.

2048 5587 2182 5642 men
2215 5587 2522 5645 lectionem
2553 5587 2791 5647 secutus
2822 5587 2919 5646 est
2951 5588 3178 5647 Billius.
3215 5589 3279 5645 In
3310 5591 3447 5647 edit.
3481 5594 3588 5645 τῶν
3618 5590 3710 5645 ἀν-

350 5652 457 5731 (40)
490 5655 743 5731 Montac.
770 5645 837 5731 ret
867 5651 969 5731 alii
1000 5650 1206 5708 volunt
1232 5645 1683 5731 προξαλλομένη,
1709 5658 1774 5731 et
1796 5655 1939 5731 huic

2083 5657 2300 5731 ρώπων.

291 5717 501 5782 lectioni
534 5725 924 5783 consentiunt
975 5739 1177 5781 omnes
1225 5717 1395 5781 codd.
1430 5717 1846 5800 manusc'ripti;
1879 5733 1939 5784 at
