4096 6288
305 336 421 402 287

1432 341 1617 405 VITA
1659 342 1727 405 S.
1775 341 2145 407 GREGORII
2190 340 2581 406 THEOLOGI

3587 338 3706 405 288

299 482 487 545 usque
517 470 912 529 multitudinis
945 473 1191 530 salutem
1223 474 1335 531 sibi
1368 477 1764 548 proponebat:
1791 483 1951 531 θεειο-

2075 477 2340 543 εοσοῦτος,
2398 474 2487 528 καὶ
2544 473 2618 535 εἷς
2673 470 2947 528 τοσούτων
3016 470 3286 549 σωτηρίαν
3342 472 3454 547 (46)
3507 471 3703 528 έσπου-

303 578 434 617 rum
470 563 691 618 fructus
734 578 1106 635 nequaquam
1159 564 1341 620 labori
1388 566 1789 637 respondebat.
1821 564 1947 621 Non

303 651 456 707 enim
490 650 675 707 instar
712 652 976 724 agricolae
1011 654 1233 709 fructus
1274 655 1650 727 percipiebat,
1683 656 1781 710 sed
1816 671 1946 727 gra-

302 739 450 795 tuito
482 740 772 811 benignus
801 745 946 811 erat,
977 741 1206 799 labores
1237 743 1474 814 quidem
1506 760 1725 811 serens,
1748 759 1949 799 verum

305 827 431 882 sine
463 832 698 899 sumptu
730 830 1102 903 Evangelium
1128 834 1235 887 sibi
1260 833 1622 888 constituens
1648 834 1713 886 19.
1736 833 1817 887 Ex
1838 849 1948 902 quo

304 914 413 971 hoc
443 918 883 988 assequebatur,
914 924 980 974 ut
1009 921 1309 976 ardentius
1340 926 1652 988 amaretur,
1679 926 1851 992 atque
1882 938 1951 977 ex

303 1005 620 1061 ardentiori
655 1024 848 1063 amore
878 1008 1155 1065 libentius
1186 1011 1507 1077 audiretur,
1535 1010 1847 1083 pluresque
1876 1011 1947 1066 ad

305 1093 486 1151 Deum
520 1096 852 1162 adduceret,
876 1115 989 1153 non
1012 1115 1081 1154 ex
1101 1098 1187 1155 ira
1215 1099 1565 1171 percutiens,
1590 1101 1691 1155 sed
1715 1100 1951 1155 lenitate

302 1181 696 1254 ignorantiam
724 1192 780 1240 et
808 1186 1194 1243 rusticitatem
1226 1187 1496 1252 evellens,
1525 1189 1950 1259 animabusque

303 1273 517 1328 bonam
546 1289 614 1328 ex
647 1290 916 1330 sermone
962 1281 1018 1330 et
1066 1277 1331 1333 doctrina
1377 1277 1782 1333 habitudinem
1813 1277 1949 1332 affe-

304 1377 460 1417 rens.
508 1360 622 1417 Alii
669 1364 825 1417 enim
863 1364 1143 1420 orationis
1199 1364 1484 1421 lenocinio
1534 1366 1948 1437 capiebantur;

305 1449 403 1505 alii
435 1456 767 1507 accuratam
790 1456 848 1507 et
875 1458 1135 1509 exactam
1174 1454 1513 1526 dogmatum
1542 1455 1951 1510 tractationem

304 1537 839 1609 amplectebantur;
873 1540 994 1610 alii,
1026 1541 1135 1596 viri
1183 1541 1482 1598 laboribus
1521 1560 1587 1599 ac
1630 1543 1952 1599 tolerantia

304 1627 615 1694 cedebant;
675 1627 773 1682 alii
824 1630 1335 1685 mansuetudinem
1366 1632 1725 1687 venerationi
1775 1631 1952 1687 habe-

305 1716 476 1783 bant;
509 1716 608 1770 alii
638 1716 711 1771 ob
750 1716 1077 1787 simplicem
1127 1722 1183 1773 et
1223 1719 1637 1791 inexquisitam
1692 1720 1954 1792 philoso-

306 1802 656 1874 phicamque
673 1803 799 1859 vita;
822 1805 1105 1862 rationem
1130 1808 1346 1863 arctius
1376 1808 1489 1881 ipsi
1519 1811 1953 1882 conjungeban-

303 1895 430 1957 tur;
466 1890 585 1957 alii,
609 1893 762 1964 quod
796 1893 988 1965 ipsum
1015 1895 1379 1965 accivissent,
1400 1896 1560 1953 velut
1590 1900 1845 1969 praedam
1875 1902 1955 1953 te-

308 1983 534 2049 nentes,
569 1981 965 2049 confovebant,
1000 2000 1174 2039 suum
1215 1985 1273 2039 in
1306 2002 1372 2041 eo
1404 1986 1693 2042 calculum
1724 1991 1954 2043 tuentes

307 2084 375 2123 ac
406 2070 777 2125 sententiam.
815 2072 873 2125 In
911 2071 1017 2126 hoc
1060 2089 1229 2144 porro
1260 2074 1477 2130 clarius
1507 2074 1739 2132 lucebat
1767 2075 1956 2147 ipsius

308 2156 548 2212 solertia
578 2158 876 2231 animique
919 2162 1296 2232 perspicacia,
1322 2164 1477 2234 quod
1527 2182 1641 2221 non
1682 2165 1956 2220 omnibus

313 2245 513 2302 omnia
548 2248 969 2316 committebat,
1014 2266 1219 2306 verum
1266 2253 1732 2325 uniuscujusque
1779 2254 1955 2321 vires,

312 2350 426 2389 non
450 2350 617 2390 secus
637 2352 701 2391 ac
725 2338 1247 2408 praestantissimus
1270 2341 1531 2397 medicus
1551 2343 1956 2414 aagrotantium

310 2421 739 2491 habitudinem,
799 2425 1153 2496 explorabat,
1208 2434 1623 2501 congruentem
1672 2432 1959 2502 cujusque

314 2512 516 2567 morbo
569 2514 917 2569 medicinam
968 2516 1345 2587 distribuens,
1381 2535 1628 2591 eamque
1675 2520 1959 2576 rationem

312 2602 543 2664 tenens,
576 2605 639 2655 ut
667 2617 771 2656 nec
802 2602 1062 2672 profanis
1092 2609 1193 2659 aut
1224 2605 1474 2662 infirmis
1506 2608 1748 2663 auribus
1777 2609 1959 2680 perfe-

311 2686 576 2743 ctissima
606 2690 886 2761 mysteria
932 2693 1323 2755 concrederet,
1349 2711 1450 2750 nec
1483 2696 1750 2767 perfectis
1785 2696 1960 2767 quid-

312 2792 492 2847 quam
518 2777 813 2833 occultum
839 2778 1097 2848 haberet,
1123 2782 1290 2853 quasi
1321 2782 1585 2854 ipsorum
1609 2784 1847 2841 utilitati
1878 2784 1968 2839 in-

313 2862 539 2919 videns.
567 2863 729 2920 Alios
760 2866 988 2936 publice
1020 2870 1320 2941 arguebat,
1351 2888 1498 2942 quos
1528 2872 1811 2929 nimirum
1837 2890 1965 2946 pro-

315 2953 418 3006 bro
447 2953 517 3007 ad
564 2952 961 3024 paenitentiam
1003 2958 1130 3029 cogi
1177 2976 1325 3030 opus
1373 2967 1540 3016 erat:
1577 2961 1709 3017 aliis
1758 2979 1965 3019 rursus

316 3041 587 3111 privatim
618 3048 809 3099 errata
856 3048 1376 3103 commonstrabat.
1409 3049 1563 3105 Alios
1594 3051 1961 3122 objurgabat,

314 3146 447 3185 cum
478 3130 535 3185 id
566 3147 597 3186 e
628 3148 689 3187 re
717 3131 980 3204 ipsorum
1014 3150 1140 3190 esse
1173 3137 1570 3193 arbitrabatur
1602 3154 1614 3194 :
1650 3138 1794 3195 alios
1825 3157 1963 3196 con-

2059 560 2340 635 δισμένος·
2399 565 2434 632 ἡ
2495 560 2553 616 δὲ
2610 560 2910 624 ἀπόλαυσις
2971 558 3078 637 οῢχ
3127 560 3311 634 ὁμοία.
3348 561 3421 615 Ού
3469 560 3574 636 γὰρ
3630 561 3708 623 ὡς

2057 651 2298 726 γεωργὸς
2377 655 2596 726 μετεῖχε
2667 654 2773 706 τῶν
2852 651 3219 727 γεννημάτων,
3288 647 3435 705 ἀλλὰ
3505 655 3709 727 προῖκα

2058 741 2298 815 χρηστὸς
2353 743 2441 812 ἧν,
2473 740 2599 802 τοὺς
2663 740 2758 813 μὲν
2805 739 3004 801 πόνους
3035 735 3543 812 καταϐαλλόμενος,
3574 736 3708 794 ἀδά-

2058 849 2229 884 πανον
2278 826 2334 884 δὲ
2378 830 2441 884 τὸ
2506 827 2838 905 Εὐαγγέλιον
2909 829 3084 900 ἑαυτῷ
3139 828 3330 891 τιθείς.
3381 830 3536 883 Ὅθεν
3588 850 3708 883 συν-

2058 914 2261 973 έϐαινεν
2293 917 2439 991 αύτῷ
2467 916 2635 972 πλέον
2668 918 3004 993 στέργεσθαι,
3036 916 3202 973 πλέον
3252 915 3309 972 δὲ
3358 919 3706 993 στεργομένῳ

2063 1006 2277 1081 μᾶλλον
2319 1006 2622 1075 ἀκούεσθαι,
2654 1008 2744 1061 καὶ
2791 1012 2869 1078 τῷ
2920 1007 3036 1079 Θεῷ
3084 1004 3375 1082 προσάγειν
3427 1004 3707 1075 πλείονας,

2059 1096 2121 1151 ού
2151 1097 2308 1169 θυμῷ
2337 1095 2659 1167 πλήσσοντι,
2694 1094 2819 1151 ἀλλ’
2849 1095 3107 1165 ἐπιεικείᾳ
3126 1096 3225 1163 τὴν
3257 1095 3517 1167 ἀμάθειαν
3550 1094 3712 1168 ἐκμο-

2060 1184 2339 1260 χλεύοντι,
2370 1184 2461 1239 καὶ
2494 1184 2689 1254 εὐεξίαν
2721 1189 2838 1246 ταῖς
2872 1188 3075 1259 ψυχαῖς
3110 1184 3428 1257 έμποιοῦντι
3478 1181 3568 1239 διὰ
3609 1188 3710 1239 τοῦ

2060 1273 2247 1350 λόγου.
2280 1275 2343 1328 Οἱ
2378 1274 2471 1347 μὲν
2502 1274 2602 1349 γὰρ
2627 1277 2695 1346 τῇ
2728 1272 3028 1346 γλυκύτητι
3058 1278 3156 1328 τοῦ
3189 1272 3360 1347 λόγου
3385 1270 3706 1341 ἡλίσκοντο,

2060 1364 2113 1418 οὶ
2147 1361 2203 1418 δὲ
2232 1364 2543 1433 ἠσπάζοντο
2572 1366 2681 1416 τῶν
2715 1359 3003 1437 δογμάτων
3034 1363 3095 1416 τὸ
3125 1356 3364 1437 ἀκριϐές·
3400 1359 3563 1416 ἄλλοι
3590 1366 3711 1421 τοῖς

2058 1452 2246 1513 πόνοις
2288 1456 2385 1507 τοῦ
2434 1448 2628 1525 ἀνδρὸς
2672 1451 2762 1505 καὶ
2804 1454 2871 1523 τῇ
2930 1449 3190 1525 καρτερίᾳ
3234 1450 3558 1505 ὑπέκυπτον·
3592 1446 3709 1504 ἓτε-

2062 1562 2147 1617 ροι
2195 1538 2253 1595 δὲ
2297 1542 2359 1595 τὸ
2404 1545 2576 1615 πρᾷον
2621 1539 2786 1594 αὐτοῦ
2835 1537 2906 1593 δι’
2942 1537 3130 1601 αἰδοῦς
3188 1538 3362 1613 εἶχον
3400 1538 3527 1601 τοὺς
3560 1536 3618 1593 δὲ
3645 1540 3711 1593 τὸ

2058 1628 2475 1700 ἀνεπιτήδευτον
2532 1632 2630 1683 τοῦ
2686 1625 2882 1704 ἀνδρὸς
2936 1628 3026 1681 καὶ
3098 1626 3397 1705 φιλόσοφον
3474 1634 3714 1696 συνῆπτε

2059 1716 2248 1773 πλέον·
2285 1718 2337 1771 οἱ
2386 1715 2462 1788 δὲ,
2515 1717 2591 1778 ὡς
2636 1715 2980 1783 καλέσαντες,
3012 1716 3102 1769 καὶ
3151 1717 3476 1790 κατέχοντες
3508 1717 3620 1789 (47)
3649 1716 3714 1769 τὸ

2061 1807 2282 1880 θήραμα
2329 1804 2591 1871 ἔθαλπον,
2648 1806 2749 1874 τὴν
2824 1804 3024 1858 ἑαυτῶν
3093 1803 3435 1875 περιέποντες
3502 1806 3711 1880 ψῆφον.

2064 1897 2161 1950 Καὶ
2216 1895 2279 1949 τὸ
2348 1891 2415 1962 δὴ
2479 1898 2663 1967 μεῖζον
2718 1891 2883 1947 αὐτοῦ
2937 1899 3037 1962 τῆς
3096 1891 3496 1969 ἀγχινοίας,ού
3546 1898 3707 1946 πᾶσιν

2063 1986 2269 2039 ἅπαντα
2315 1982 2709 2037 κατεπίστευεν’
2770 1979 2917 2036 ἀλλά
2972 1988 3074 2049 τῆς
3136 1978 3417 2054 δυνάμεως
3487 1979 3716 2035 ἑκάστου

2061 2069 2508 2147 κατεστοχάζετο,
2543 2069 2617 2132 ὥς
2648 2091 2729 2132 τις
2780 2067 2996 2144 ἄριστος
3043 2070 3229 2143 ἱατρὸς
3269 2076 3370 2138 τῆς
3420 2072 3528 2124 τῶν
3573 2089 3718 2139 καμ-

2063 2161 2263 2216 νόντων
2299 2157 2485 2232 ἕξεως,
2514 2156 2867 2227 κατάλληλον
2917 2159 3015 2227 τὴν
3067 2156 3401 2236 φαρμακείαν
3452 2155 3720 2229 διανέμων

2065 2247 2295 2321 ἑκάστῳ,
2325 2249 2414 2302 καὶ
2466 2248 2605 2320 μήτε
2671 2241 2934 2321 βεϐήλοις
2976 2247 3011 2315 ἢ
3063 2245 3332 2309 ἀσθενέσιν
3377 2245 3568 2307 ἀκοαῖς
3617 2266 3720 2300 κα-

2064 2337 2397 2393 ταπιστεύων
2453 2340 2553 2390 τοῦ
2614 2334 2918 2410 μυστηρίου
2945 2335 3013 2390 τὰ
3063 2332 3266 2407 τέλεια,
3303 2337 3443 2408 μήτε
3479 2338 3586 2388 τῶν
3635 2355 3721 2388 τε-

2067 2427 2227 2483 λείων
2260 2423 2468 2502 ἀνδρῶν
2498 2422 2857 2499 ἀποκρύπτων
2892 2444 2964 2495 τι,
2998 2423 3110 2479 οἷον
3175 2422 3472 2497 βασκαίνων
3526 2421 3719 2485 αὐτοῖς

2065 2523 2167 2586 τῆς
2225 2513 2515 2592 ὠφελείας,
2571 2512 2699 2574 τοὺς
2778 2513 2873 2585 μὲν
2951 2509 3162 2588 ἤλεγχε
3228 2509 3491 2585 δημοσίᾳ,
3551 2509 3715 2573 ὅσους

2069 2604 2298 2679 αἰσχύνῃ
2353 2601 2489 2677 πρὸς
2551 2599 2856 2673 μετάμελον
2905 2602 3018 2673 (48)
3042 2602 3164 2674 ἦγε·
3189 2605 3306 2661 τοῖς
3364 2597 3424 2653 δὲ
3484 2596 3595 2671 ἰδίᾳ
3652 2600 3721 2653 τὰ

2069 2690 2378 2763 πταίσματα
2407 2690 2693 2766 ένεφάνιζε’
2725 2694 2843 2749 τοῖς
2874 2689 2933 2743 δὲ
2976 2688 3226 2761 ἐπετίμα,
3259 2690 3340 2750 οἷς
3397 2692 3558 2742 τοῦτο
3616 2685 3716 2742 λυ-

2072 2780 2277 2842 σιτελὲς
2336 2779 2469 2833 εἶναι
2530 2776 2689 2851 ᾤετο·
2748 2776 2875 2839 τοὺς
2935 2775 3011 2845 δὲ,
3067 2781 3462 2853 κατορθοῦννας
3528 2774 3715 2848 ἐπῄνει

2071 2872 2344 2943 πατρικῶς
2374 2889 2432 2922 τε
2459 2868 2549 2922 καὶ
2595 2864 2997 2938 κηδεμονικῶς.
3030 2864 3104 2920 Ού
3136 2866 3236 2941 γὰρ
3295 2866 3431 2940 πρὸς
3483 2863 3712 2929 θωπείαν

2070 2957 2306 3025 ἐσκόπει,
2342 2955 2468 3012 ἀλλ’
2520 2954 2778 3010 ὡδοποίει
2834 2958 2902 3029 τῇ
2964 2956 3127 3030 ἀρετῇ
3179 2952 3268 3009 διὰ
3295 2960 3395 3023 τῆς
3429 2950 3715 3028 ἀποδοχῆς

2072 3045 2213 3123 ἄγων
2263 3045 2336 3107 είς
2378 3046 2681 3117 προκοπήν.
2713 3043 2891 3118 Ταύτῃ
2941 3043 3044 3119 γὰρ
3075 3046 3109 3113 ἡ
3142 3045 3255 3117 (49)
3290 3042 3555 3119 ῥητορική
3608 3039 3720 3097 δια-

2075 3135 2219 3213 φέρει
2264 3131 2610 3212 φιλοσοφίας.
2650 3134 2713 3188 Ἡ
2751 3134 2846 3206 μὲν
2895 3132 2998 3209 γὰρ
3044 3131 3301 3204 κολακείᾳ
3356 3132 3430 3193 ὡς
3468 3134 3579 3205 (50)
3630 3152 3723 3186 κα-

315 3224 588 3290 tra,quos
621 3220 809 3277 ofﬁcio
846 3223 1005 3295 fungi
1034 3224 1282 3292 videbat,
1317 3230 1553 3298 paterne
1583 3227 1961 3300 consultaque

2075 3212 2286 3296 πηλικῇ
2320 3221 2401 3300 ἐφ’
2431 3223 2623 3291 ὲαυτήν
2654 3226 2768 3283 τοῖς
2799 3219 3100 3297 ἐγκωμίοις
3130 3218 3352 3275 κλέπτει
3390 3224 3498 3275 τῶν
3548 3219 3722 3282 πέλας

314 3307 613 3363 laudabat.
642 3308 757 3365 Nec
786 3310 942 3365 enim
984 3312 1092 3367 hoc
1125 3315 1351 3386 agebat,
1375 3319 1440 3371 ut
1480 3331 1579 3371 eos
1628 3316 1961 3372 adulatione

2075 3315 2171 3383 τὴν
2206 3308 2437 3367 εὔνοιαν·
2471 3313 2505 3381 ἡ
2540 3308 2618 3381 δὲ,
2647 3311 2745 3379 τήν
2780 3309 3043 3387 ὠφέλειαν
3101 3314 3208 3364 τῶν
3268 3309 3567 3385 ἀνθρώπων
3628 3330 3726 3363 πε-

318 3395 725 3468 permulceret,
768 3401 868 3454 sed
919 3404 982 3455 ut
1028 3401 1180 3457 viam
1241 3403 1439 3458 virtuti
1487 3408 1756 3473 strueret,
1789 3410 1845 3461 et
1893 3407 1961 3462 ad

2077 3405 2430 3478 ρισκοποῦσα,
2463 3400 2576 3454 οἷον
2606 3398 2785 3472 μέλιτι
2815 3404 2932 3461 τοῖς
2966 3397 3205 3460 ἐπαίνοις
3230 3402 3335 3452 τῶν
3396 3396 3579 3473 λόγων
3611 3400 3725 3471 (51)

322 3486 545 3556 majora
598 3490 750 3543 recte
798 3488 1079 3545 factorum
1130 3492 1545 3563 approbatione
1605 3495 1961 3565 proveheret.

2075 3489 2592 3567 καταγλυκαίνουσα,
2625 3488 2691 3562 τῇ
2749 3485 2919 3561 ἡδονῇ
2974 3492 3082 3543 τῶν
3142 3487 3372 3543 ἐπαίνων
3424 3487 3562 3563 πρὸς
3602 3487 3725 3563 ἀρε-

321 3573 438 3629 Hoc
468 3574 685 3647 quippe
710 3577 947 3633 nomine
978 3579 1264 3635 rethorica
1295 3598 1323 3636 a
1357 3581 1727 3654 philosophia
1754 3584 1961 3640 diﬂ‘ert.

2077 3582 2176 3650 τήν
2209 3576 2356 3635 ἕλκει
2385 3578 2513 3640 τοὺς
2546 3576 2989 3653 ἐντυγχάνοντας.

320 3660 425 3718 Illa
466 3663 621 3718 enim
654 3664 890 3720 sordida
919 3669 976 3722 et
1001 3669 1356 3739 cauponaria
1404 3672 1793 3729 assentatione
1839 3691 1905 3728 ac
1952 3671 2286 3729 laudatione
2315 3669 2388 3725 ad
2417 3668 2682 3724 hominm
2728 3666 3188 3723 benevolentiam
3234 3666 3488 3738 irrepere
3536 3665 3728 3723 solet:

318 3749 441 3806 haec
470 3756 671 3807 contra
700 3769 899 3809 eorum
936 3756 1247 3812 utilitatem
1280 3763 1571 3830 spectans,
1602 3758 1877 3817 laudibus
1904 3761 2072 3833 quasi
2106 3758 2276 3815 melle
2304 3773 2635 3814 sermonem
2676 3754 2927 3825 edulcat,
2961 3773 3026 3812 ac
3056 3772 3159 3828 per
3188 3754 3433 3812 laudum
3461 3753 3730 3827 volupta-

320 3842 436 3896 tem
471 3840 541 3896 ad
578 3842 847 3899 virtutem
882 3845 1178 3902 auditores
1208 3847 1403 3904 trahit.

393 3928 742 4003 Dogmatum
777 3949 946 4004 porro
977 3934 1334 3992 sublimitate
1363 3954 1429 3993 ac
1460 3937 1751 4012 theologia
1783 3955 1971 4011 usque

324 4017 467 4073 adeo
498 4020 833 4089 excellebat,
862 4027 923 4077 ut
951 4025 1221 4095 quamvis
1254 4027 1525 4098 permulti
1558 4028 1663 4083 viri
1698 4028 1970 4084 doctrinae

323 4106 496 4163 laude
522 4108 777 4166 celebres
801 4111 977 4167 variis
1007 4114 1236 4170 saeculis
1269 4114 1605 4187 theologicae
1631 4117 1711 4173 rei
1736 4134 1972 4189 operam

323 4195 608 4262 dederint,
635 4198 727 4253 hic
757 4203 951 4255 tamen
985 4202 1146 4257 solus
1190 4208 1321 4275 post
1359 4204 1647 4261 Joannem
1678 4205 1971 4278 evangeli-

324 4287 473 4339 stam
499 4285 773 4360 Thcologi
819 4290 1050 4345 nomine
1073 4292 1391 4364 insignitus
1412 4294 1507 4365 sit,
1536 4298 1710 4365 atque
1734 4297 1837 4350 hoc
1878 4311 1971 4351 co-

323 4379 707 4445 gnomentum
740 4377 896 4433 velut
925 4381 1226 4450 proprium
1257 4386 1314 4435 et
1342 4382 1633 4453 peculiare
1665 4384 1743 4439 sit
1773 4400 1975 4438 conse-

2152 3936 2236 3989 ’Ev
2281 3930 2339 3989 δὲ
2369 3930 2659 4009 δογμάτων
2690 3931 2810 4006 ὕψει
2842 3931 2931 3987 καὶ
2964 3930 3218 4008 θεολογίᾳ
3259 3934 3523 3987 τοσοῦτον
3585 3929 3735 4001 αὖτῷ

2078 4024 2141 4079 τὸ
2198 4023 2381 4098 περιὸν
2441 4024 2537 4091 τῆς
2596 4018 2897 4094 δυνάμεως,
2932 4020 3089 4090 ὥστε,
3139 4018 3366 4076 πολλῶν
3422 4020 3558 4075 κατὰ
3606 4018 3736 4080 τοὺς

2081 4111 2311 4190 χρόνους
2343 4112 2454 4185 (52)
2489 4108 2933 4186 Θεολογησάντων
2985 4107 3195 4186 ἀνδρῶν
3247 4108 3335 4164 ἐπὶ
3386 4107 3547 4186 σοφίᾳ
3601 4128 3741 4182 γνω-

2084 4201 2283 4278 ρίμων,
2321 4200 2485 4274 μόνον
2515 4202 2705 4254 τοῦτον
2743 4201 2877 4271 μετὰ
2904 4196 2997 4253 τὸν
3060 4196 3453 4274 εὐαγγελιστήν
3483 4198 3738 4266 Ἰωάννην

2084 4290 2346 4367 θεολόγον
2380 4289 2751 4362 ἀνομασθῆναι
2784 4290 2918 4363 (53)’
2954 4288 3044 4343 καὶ
3089 4289 3201 4342 οἷον
3254 4286 3518 4361 ἐξαίρετον
3572 4284 3743 4357 αὐτῷ,

2084 4378 2281 4449 ταύτην
2341 4375 2808 4452 ἀποκληρωθῆναι
2858 4374 3260 4453 προσηγορίαν.
3307 4378 3483 4431 ’Ἀπαν
3535 4375 3649 4447 (54)
3684 4394 3743 4428 τε

323 4464 516 4517 cutus.
550 4462 619 4517 Et
663 4466 1158 4533 quemadmodum
1199 4485 1433 4524 omnem
1482 4470 1659 4526 aliam
1704 4472 1961 4527 virtutem;

2084 4468 2250 4523 καλὸν
2282 4466 2334 4521 έν
2362 4470 2430 4540 τῇ
2463 4467 2655 4521 ἑαυτοῦ
2683 4462 2881 4541 καρδίᾳ
2929 4463 3295 4542 συνειληφὼς,
3329 4462 3454 4519 οὐδὲ
3500 4468 3596 4517 τοῦ

326 4567 392 4605 ac
422 4550 656 4607 laudem
702 4553 884 4608 animi
932 4556 1065 4610 sinu
1113 4556 1450 4629 complexus
1496 4564 1639 4628 erat,
1671 4560 1751 4615 ita
1783 4576 1885 4615 nec
1916 4558 1975 4614 in

326 4639 595 4696 futurum
624 4642 982 4700 vaticinandi
1011 4645 1061 4699 ei
1094 4646 1281 4717 gratia
1312 4647 1530 4703 deerat.
1564 4648 1678 4705 Nec
1709 4665 1842 4705 vero
1873 4649 1977 4704 du-

402 4793 445 4827 ¹²
478 4792 499 4847 Ι
529 4792 656 4850 Cor.
693 4810 770 4861 rx,
805 4793 891 4850 18.

398 4934 511 5011 (ab)
543 4936 636 4992 Sic
666 4936 808 5009 legit
832 4938 1075 5011 rBillius,
1108 4940 1193 4995 sic
1242 4939 1445 4996 volunt
1491 4940 1719 5011 antiqui
1749 4942 1887 4997 edit.
1921 4945 1981 4996 et

328 5007 497 5061 codd.
533 5007 793 5065 manusc.
826 5010 888 5064 P.
923 5010 1081 5066 Colb.
1106 5012 1157 5079 1,
1190 5015 1247 5066 et
1276 5011 1371 5067 Or.
1404 5012 1563 5067 Colb.
1595 5007 1652 5078 2,
1684 5010 1757 5074 εἷς
1787 5011 1979 5066 τοσού-

327 5097 436 5131 των
467 5080 754 5204 σωτηςίας.
790 5081 852 5136 In
883 5083 1020 5137 edit.
1054 5080 1128 5142 εἰς
1157 5085 1414 5136 τοσοῦτον
1448 5082 1742 5157 σωτηρίας.

402 5150 515 5204 (47)
547 5156 622 5203 Κα
686 5151 1025 5204 κατένοντες.
1086 5161 1196 5204 etc.
1254 5154 1477 5204 Clarior
1534 5155 1704 5204 nobis

402 5150 515 5226 (47)
547 5150 659 5226 Itali
686 5151 1025 5226 κατέχοντες,
1066 5161 1196 5226 etc.
1254 5154 1477 5210 Clarior
1534 5150 1704 5226 nobis
1754 5155 1983 5211 videtur

332 5221 665 5297 gombeﬁsii
713 5221 1134 5297 interpretatio,
1182 5242 1361 5296 quam
1415 5225 1759 5297 sequimur;
1805 5226 1981 5282 vertit

332 5291 558 5366 Billius,
584 5296 727 5352 velut
754 5291 1006 5366 prae-dam
1033 5291 1469 5353 suem-consertis
1489 5291 1754 5355 inanibus
1773 5300 1982 5354 retine-

336 5362 683 5441 bagz_t,_eoque
713 5362 910 5441 {uendo
929 5369 1211 5441 judicium
1239 5386 1402 5424 suum
1428 5371 1704 5441 fovebant.

544 5440 678 5494 Cod.
711 5438 772 5493 Ρ.
812 5437 1110 5509 μετάνοιαν.

431 5508 518 5575 49)
548 5512 607 5562 Ἡ
636 5508 884 5565 deestin
916 5513 1039 5567 cod.
1075 5512 1168 5567 Or.

408 5579 521 5647 (50)
552 5579 639 5640 Ὡς
671 5582 835 5637 deest
864 5584 921 5637 in
952 5584 1080 5638 cod.
1116 5585 1235 5649 Or.,
1268 5583 1368 5637 sed
1420 5583 1687 5649 Montac.,
1720 5582 1979 5640 Combef.

333 5651 391 5711 et
437 5650 593 5706 Colb.
626 5654 680 5720 2,
727 5651 803 5713 ὡς
849 5650 937 5706 καί
982 5651 1209 5724 ποικίλη
1260 5654 1341 5731 ἐφ’
1388 5652 1602 5724 ἑαυτήν.
1650 5656 1787 5712 Cod.
1822 5661 1884 5710 P.
1917 5654 1980 5711 Ἡ

2085 4554 2443 4634 προφητεύειν
2503 4552 2930 4626 ἀπελιμπάνετο.
2985 4552 3083 4608 Καὶ
3128 4554 3219 4608 τὸν
3268 4552 3454 4628 λόγον,
3489 4550 3545 4607 εὖ
3596 4548 3738 4621 οἶδα,

2085 4646 2392 4715 πιστοῦσθε,
2424 4642 2541 4699 ὅσοι
2571 4648 2669 4697 τοῦ
2699 4639 2893 4717 ἀνδρὸς
2950 4648 3050 4712 τῆς
3101 4641 3292 4719 σοφίας
3340 4644 3736 4717 κατατρυφᾶτε.

2094 4939 2187 5013 μὶν
2256 4939 2320 5013 ἄρ
2350 4936 2583 4992 κολακία
2606 4934 2913 5006 καπηλική.
3694 5006 3704 5016 .

2161 4957 2273 5065 (Si)
2304 5009 2545 5065 Antiqui
2575 5008 2713 5065 edit.
2746 5007 2969 5065 volunt.
2998 5007 3089 5061 τὸν
3120 5004 3308 5065 λόγον.
3340 5010 3399 5063 et
3426 5006 3513 5063 sic
3543 5006 3704 5063 reddi

2135 5004 2545 5093 .(5j)_'§ntiqui
2575 5008 2713 5065 edit.
2742 5004 2969 5065 volunt.
2998 5007 3089 5061 τὸν
3120 5004 3308 5082 λόγον,
3340 5010 3399 5063 et
3426 5006 3513 5063 sic
3543 5006 3707 5063 reddi
3726 5036 3745 5046 -

2090 5081 2433 5210 dliBEilggd:
2453 5150 2613 5208 Colb.
2635 5153 2672 5205 2
2695 5154 2753 5205 et
2773 5150 2871 5206 Or.
2893 5149 3028 5202 κατά
3048 5144 3294 5210 πολλοὺς
3326 5146 3451 5210 τοὺς
3484 5146 3741 5210 γρόνους.

2184 5155 2254 5207 52
2296 5155 2433 5209 Cod.
2453 5155 2613 5208 Colb.
2635 5155 2672 5205 2
2695 5155 2753 5205 et
2773 5155 2871 5206 ΟΡ.
2893 5155 3028 5202 κατά
3048 5155 3294 5210 πολλοὺς
3326 5155 3451 5210 τοὺς
3564 5155 3741 5208 όνους.

2161 5155 2275 5349 (53)
2306 5225 2393 5280 Ita
2436 5224 2686 5288 Montac,
2715 5225 2772 5277 et
2818 5221 2913 5277 alii
2946 5222 3085 5276 edit.
3117 5222 3209 5277 Sic
3258 5221 3400 5294 legit
3449 5166 3660 5305 Dillius
3690 5224 3748 5275 et

2187 5302 2294 5349 unt
2339 5296 2509 5349 codd.
2564 5294 2622 5349 P.
2656 5292 2816 5349 Colb.
2868 5294 2919 5349 1.
2949 5294 3004 5349 2.
3037 5297 3095 5348 et
3124 5293 3220 5348 Or.
3269 5293 3331 5348 In
3380 5292 3519 5348 edlt.
3551 5310 3745 5345 αναωα-

2088 5292 2294 5382 volunt
2339 5296 2509 5352 codd.
2564 5294 2622 5349 P.
2656 5292 2816 5349 Colb.
2868 5294 2919 5360 1,
2949 5294 3004 5362 2,
3037 5297 3095 5348 et
3124 5293 3220 5348 Or.
3269 5292 3339 5348 Iri
3380 5292 3519 5348 edit.
3551 5292 3745 5367 ἀναφα-

2300 5435 2859 5525 ΕοωῦθΐκἘλτάνντε
2887 5432 3289 5525 κκαλόνζϐοη).
3346 5438 3401 5502 2,
3450 5435 3624 5491 ’Ὰπαν
3686 5429 3746 5486 δὲ

2089 5505 2274 5565 καλόν²
2315 5526 2447 5565 mox
2476 5509 2602 5564 cod.
2636 5509 2731 5564 Or.
2766 5505 2817 5561 έν
2848 5508 2917 5578 τῇ
2961 5505 3144 5560 αὐτοῦ.

2162 5583 2274 5653 (55)
2331 5577 2615 5654 Οὐδὲντοῦ
2670 5576 3054 5654 προφητεύειν,
3114 5582 3221 5654 etc.
3272 5576 3457 5654 Vertit
3516 5576 3741 5647 Billius,

2090 5648 2314 5710 ita'ne'a
2339 5652 2633 5725 prophetiae
2662 5648 2879 5725 quidem
2905 5652 3089 5720 gratia
3110 5648 3475 5705 deserebatur.
