4096 6288
341 436 448 496 289

1332 432 1698 497 AUCTORE
1742 429 2136 495 GREGURIO
2179 430 2722 495 PRESBYTERU.

3611 434 3732 501 290

342 564 509 624 Καλὸν
544 563 603 620 δέ
627 570 746 627 τοῖς
792 564 955 620 αὐτοῦ
1011 564 1198 641 ῥητοῖς
1246 567 1337 619 καὶ
1376 567 1473 636 τὴν
1516 566 1826 642 συγγραφὴν
1859 566 1973 636 (56)

2109 565 2206 621 ἠιο
2237 565 2379 637 quin
2424 567 2581 638 apud
2622 584 2741 634 vos,
2766 566 2866 638 qui
2899 567 3084 639 ipsius
3133 567 3419 639 sapientia
3449 570 3731 639 majorem

339 661 433 710 τῶν
508 655 656 727 αὖτῷ
739 654 1130 730 πεπραγμένων
1232 652 1392 725 τήνδε
1495 659 1971 727 κατακοσμεῖσθαι.

340 750 485 819 Ἔχει
519 742 576 798 δὲ
604 746 640 812 ἡ
678 744 820 815 λέξις
854 743 1024 806 οὕτως
1059 743 1119 798 ἐκ
1145 749 1243 798 τοῦ
1275 741 1441 821 λόγου
1470 749 1567 798 τοῦ
1600 743 1673 806 εἷς
1704 745 1802 812 τὴν
1834 763 1972 819 παρ-

339 833 511 887 ουσίαν
586 837 695 888 τῶν
773 832 959 887 ἑκατὸν
1034 835 1371 903 πεντήκοντα
1453 835 1566 906 (57)
1642 830 1970 887 ἐπισκόπων·

343 946 365 976 ε
392 921 623 979 Τοιοῦτό
671 942 805 976 ποτε
849 925 1011 977 τοῦτο
1039 923 1101 976 τὸ
1135 921 1416 994 ποίμνιον,
1448 922 1537 976 καὶ
1588 926 1806 976 τοιοῦτο
1858 924 1973 994 νῦν,

2082 654 2142 709 in
2176 656 2416 709 modum
2448 655 2844 725 oblectamini,
2873 656 3046 711 ﬁdem
3086 656 3206 711 haac
3234 658 3420 712 oratio
3453 658 3729 715 inveniat.

2084 742 2196 798 Sed
2229 748 2423 798 tamen
2456 760 2642 815 operae
2686 745 2938 815 pretium
2971 743 3149 800 fuerit
3178 745 3326 800 hanc
3355 745 3426 800 de
3456 746 3633 801 rebus
3662 746 3734 801 ab

2083 848 2150 887 eo
2185 832 2364 904 gestis
2398 831 2702 888 historiam
2735 832 3046 905 ipsiusmet
3067 833 3258 889 verbis
3287 835 3499 890 ornari.
3526 835 3619 890 Sic
3640 852 3739 890 au-

2088 924 2205 975 tem
2229 922 2299 976 ad
2323 922 2563 975 verbum
2589 921 2839 976 habetur
2860 922 2920 977 in
2944 939 3012 978 ea
3032 922 3313 993 oratione,
3333 940 3507 994 quam
3530 924 3739 979 habuit

340 1010 505 1072 οὕτως
563 1009 812 1064 εὖεκτοῦν
866 1032 925 1065 τε
974 1011 1063 1065 καὶ
1121 1009 1549 1084 πλατυνόμενον·
1593 1011 1642 1065 εἴ
1696 1008 1753 1065 δὲ
1808 1011 1976 1083 μήπω

2110 1026 2147 1063 n
2195 1010 2502 1079 praasentia
2553 1014 2790 1064 centum
2822 1011 3253 1082 quinquaginta
3280 1011 3686 1084 episcoporum
3719 1028 3735 1070 :

338 1096 553 1171 τελέως,
613 1097 741 1153 ἀλλ’
796 1097 875 1160 εἷς
942 1097 1106 1154 τοῦτό
1160 1121 1221 1175 γε
1270 1104 1387 1160 ταῖς
1616 1099 1752 1153 κατά
1812 1098 1977 1173 μέρος

2109 1119 2116 1147 ι
2148 1096 2307 1152 Talis
2356 1102 2489 1153 ante
2518 1095 2611 1152 hic
2640 1114 2781 1169 grex
2811 1104 3009 1154 noster
3054 1103 3199 1169 erat,
3222 1099 3472 1171 talisque
3503 1100 3561 1155 in
3593 1118 3738 1173 prae-

343 1184 519 1240 ὁδεῦον
566 1187 920 1263 προσθήκαις·
972 1186 1303 1263 προφητεύω
1351 1184 1430 1254 δὲ,
1463 1185 1545 1241 ὅτι
1592 1187 1681 1241 καὶ
1735 1183 1975 1240 ὁδεῦσον.

343 1273 469 1330 Τάδε
530 1296 624 1347 μοι
670 1274 932 1351 προλέγει
981 1276 1044 1330 τὸ
1096 1278 1313 1349 Ηνεῦμα
1358 1275 1422 1329 τὸ
1470 1276 1650 1349 ἅγιον,
1682 1272 1807 1330 εἷ’τι
1839 1294 1978 1350 προ-

347 1364 562 1441 φητικὸς
611 1363 737 1439 ἐγὼ,
783 1363 870 1417 καὶ
925 1362 1142 1439 βλέπων
1189 1363 1257 1418 τὰ
1302 1360 1627 1439 ἔμπροσθεν.
1676 1387 1706 1415 ››
1754 1360 1863 1417 Οὐκ
1906 1362 1981 1424 εἰς

352 1452 549 1529 μακρὰν
613 1450 671 1506 δὲ
724 1452 815 1507 καὶ
866 1451 930 1507 τὸ
984 1453 1462 1530 προφητευόμενον
1525 1450 1855 1527 ἐπληροῦτο,
1890 1472 1980 1524 μι-

347 1546 472 1616 κροῦ
508 1540 781 1611 Θαλάσσης
831 1541 1056 1615 ψάμμον
1085 1545 1197 1617 (59)
1226 1540 1307 1615 τῷ
1352 1540 1551 1612 πλήθει
1599 1548 1698 1610 τῆς
1748 1541 1985 1611 Ἐκκλη-

350 1631 456 1691 σίας
514 1631 906 1703 μιμησαμένης
961 1630 1050 1685 καὶ
1112 1631 1175 1685 τὸ
1229 1630 1527 1707 παράδοξον
1593 1637 1693 1700 τῆς
1765 1650 1982 1707 προφη-

346 1719 481 1781 τείας
509 1719 573 1773 τὸ
605 1723 785 1792 θαῦμα
821 1727 922 1789 τῆς
950 1714 1217 1781 ἐκϐάσεως
1248 1719 1555 1777 ἐπιστοῦτο.

2096 1186 2307 1253 sentia,
2339 1190 2579 1257 tamque
2631 1185 3028 1256 succulentus,
3059 1187 3291 1259 lateque
3319 1193 3639 1260 porrectus,
3673 1206 3740 1247 ac

2091 1276 2141 1331 si
2173 1278 2433 1332 nondum
2480 1276 2892 1347 perfectionem
2923 1283 3249 1348 assecutus,
3281 1279 3352 1333 ad
3385 1295 3513 1334 eam
3544 1283 3741 1336 tamen

2091 1364 2449 1435 quotidianis
2494 1366 2871 1421 incrementis
2908 1367 3305 1438 progrediens,
3338 1371 3512 1439 atque
3541 1368 3742 1437 etiam,

2092 1458 2158 1508 ut
2213 1470 2492 1525 auguror,
2548 1470 2987 1526 progressurus.
3026 1455 3145 1511 Hoc
3196 1456 3340 1511 mihi
3398 1456 3744 1513 vaticinatur

2094 1542 2346 1614 Spiritus
2377 1547 2635 1608 sanctus,
2661 1543 2710 1598 si
2743 1544 2879 1615 quid
2911 1543 3267 1599 vaticinandi
3299 1550 3420 1600 arte
3446 1546 3628 1614 valeo,
3653 1548 3743 1602 fu-

2092 1636 2341 1703 turaque
2373 1632 2681 1703 prospicio.
2713 1655 2733 1681 ι
2769 1632 2883 1688 Nec
2922 1650 3055 1688 vero
3096 1632 3268 1705 longo
3298 1640 3430 1703 post
3458 1640 3740 1707 tempore,

2094 1721 2249 1791 quod
2283 1720 2626 1792 praedixerat
2656 1720 3016 1792 explebatur,
3042 1721 3299 1777 Ecclesia
3320 1723 3599 1779 nimirum
3623 1741 3744 1780 are-

348 1826 428 1864 nae
461 1809 642 1864 maris
670 1808 1107 1865 multitudinem
1136 1810 1559 1881 propemodum
1591 1813 1886 1881 aequante;
1921 1808 2402 1881 prophetiamque
2424 1808 2495 1864 ab
2526 1808 2834 1864 hominum
2862 1809 3134 1881 opinione
3163 1815 3470 1879 remotam,
3502 1818 3743 1870 eventus

345 1898 691 1954 miraculum
722 1898 1160 1970 comprobabat.

413 1984 560 2040 Ἐπεὶ
611 1981 690 2052 δὲ,
746 1983 1012 2059 βασιλέως
1072 1981 1323 2046 εὐσεϐοῦς
1373 1984 1843 2060 ἀνακηρυχθέντος
1888 1988 1985 2040 τοῦ

2166 1987 2311 2042 Cum
2361 1989 2555 2042 autem
2603 1986 2699 2059 pio
2732 1975 3082 2056 Theodosio,
3113 1987 3284 2058 cujus
3323 1989 3449 2059 jam
3500 2007 3534 2043 a
3580 1989 3750 2046 nobis

345 2070 451 2143 ἤδη
488 2072 783 2147 εἴρημένου
812 2070 1121 2144 Θεοδοσίου,
1154 2077 1268 2149 φῶς
1326 2072 1606 2149 ἐλεύθερον
1653 2077 1722 2147 τῇ
1755 2072 1987 2145 Ἐκκλη-

347 2162 436 2232 σίᾳ
464 2159 770 2235 ἐπέλαμψε,
798 2161 851 2216 τί
885 2159 967 2216 δεῖ
1001 2159 1201 2236 λέγειν,
1252 2160 1379 2224 ὅσας
1426 2162 1757 2238 πανηγύρεις
1807 2161 1990 2238 λόγοις

348 2247 677 2328 ἐφαίδρυνεν,
702 2249 843 2305 ὅσων
871 2254 983 2325 (60)
1018 2248 1321 2325 ὀρθοδόξων
1378 2251 1545 2324 Ουμὸν
1607 2253 1987 2323 κατεπράϋνεν,

350 2340 731 2415 ἆντιμετρῆσαι
762 2340 875 2401 τοῖς
908 2340 1199 2415 αἱρετικοῖς
1250 2342 1348 2410 τήν
1399 2360 1535 2393 ποτε
1579 2339 1765 2393 κακίαν
1822 2338 1991 2412 ἁμιλο

351 2426 636 2500 λωμένων,
688 2429 777 2482 καὶ
832 2428 960 2491 τοὺς
1017 2427 1069 2483 ἐν
1115 2433 1288 2501 καιρῷ
1336 2426 1642 2490 δυναστείας
1702 2425 1989 2498 διώξαντάς

347 2516 521 2571 τεκαὶ
579 2516 957 2589 αἰκισαμένους
1006 2515 1057 2571 ἐν
1114 2521 1288 2591 καιρῷ
1350 2511 1658 2589 μεταϐολῆς
1708 2522 1823 2578 τοῖς
1857 2513 1989 2578 iam;

352 2604 750 2675 ἀντιλυτι-ῆσαι;
782 2605 842 2659 Τί
873 2603 963 2660 οὖν
996 2606 1024 2660 ὁ
1058 2604 1321 2681 μακάριος
1370 2603 1592 2681 ἔλεγενς
1625 2630 1653 2657 ‹‹
1685 2604 1763 2661 Οὐ
1802 2608 1989 2675 ταῦτα,

350 2696 392 2748 ὦ
423 2694 679 2767 ποίμνιον
731 2693 884 2767 ἐμὸν,
911 2695 1139 2769 Χριστὸς
1191 2696 1423 2749 ἀπαιτεῖσ
1458 2691 1569 2749 οὐδ’
1619 2692 1790 2755 οὕτως
1843 2696 1991 2767 ἡμᾶς

350 2780 588 2837 διδάσκει
617 2781 679 2837 τὰ
712 2782 1066 2858 Εὐαγγέλιον.
1098 2782 1301 2858 Καιρὸς
1334 2783 1492 2845 οὗτος
1539 2782 1854 2858 ἐπιστρέψαι
1902 2804 1995 2837 πε-

348 2870 749 2942 πλανημένους.
784 2872 1079 2925 Γνώτωσαν
1115 2868 1454 2947 διδαχθέντες
1490 2871 1557 2926 τὰ
1602 2871 1816 2948 ἀμαρτή
1829 2890 1988 2945 ματα·

349 2961 799 3033 προσπεσάτωσαν
848 2958 927 3032 τῷ
977 2960 1178 3036 Κυρίῳ⁹
1222 2958 1681 3036 ὲξαγγειλάτωσαν
1724 2962 1823 3029 τὴν
1877 2961 1994 3016 ἀσέ-

356 3043 514 3119 ϐειαν,
546 3049 637 3103 καὶ
676 3052 745 3120 τῇ
784 3048 992 3121 ποίμνῃ
1043 3050 1417 3124 μιχθήτωσαν.
1452 3047 1620 3104 Τοῦτο
1667 3048 1790 3121 ἐμοὶ
1842 3047 1991 3104 ὑκδί-

364 3155 527 3208 κησις,
560 3144 806 3205 σωθῆναι
835 3136 963 3199 τοὺς
1014 3134 1368 3208 ἀδικήσαντας
1400 3140 1536 3211 (61),
1567 3138 1654 3192 καὶ
1713 3136 1993 3214 ὁμολογῆ-

358 3245 434 3279 σαι
488 3226 635 3280 καλὰ
693 3225 828 3279 εἶναι
878 3224 912 3279 ἆ
966 3227 1158 3301 πρῴην
1210 3224 1455 3282 ἐδίωκον.
1502 3228 1992 3301 Μακροθυμήσατε,

352 3311 526 3369 τέκνα.

354 3401 543 3465 Καλῶς
600 3404 866 3473 ποιήσατε
919 3408 1035 3465 τοῖς
1099 3408 1342 3477 μισοῦσιν
1394 3405 1550 3477 ὑμᾶς,
1582 3404 1671 3459 καὶ
1712 3402 1870 3479 ἄφετε
1900 3404 1994 3459 αὖ·

350 3496 466 3553 τοῖς
523 3488 729 3553 τελέως
784 3492 852 3546 τὰ
906 3495 1337 3568 παραπτώματα.
1370 3492 1432 3548 Εἰ
1494 3490 1550 3548 δὲ
1607 3493 1725 3549 λίαν
1768 3493 1995 3565 ὁθυμὸς

348 3584 561 3654 περιξεῖ
592 3582 730 3653 (62),
758 3579 847 3634 καὶ
906 3577 1257 3642 δυσκάθεκτος
1299 3584 1333 3651 ἡ
1369 3582 1527 3658 ὀργὴ,
1582 3582 1815 3658 γενέσθω
1870 3583 1996 3658 παρ’

353 3668 508 3740 ὑμῶν
556 3668 650 3722 καὶ
697 3669 760 3722 τὸ
808 3665 1055 3745 δεύτερον
1110 3674 1241 3743 (63).
1285 3672 1506 3725 Ἐάσατε
1549 3677 1715 3725 ταῦτα
1760 3676 1995 3745 Χριστῷ,

348 3756 443 3811 καὶ
512 3755 594 3828 τῷ
682 3756 852 3812 ἐκεῖσε
935 3757 1267 3833 δικαστηρίῳ
1346 3761 1760 3836 παρα-πέμψατε.
1838 3760 1994 3832 Ἐμοὶ

348 3847 456 3921 γὰρ
517 3843 816 3917 ἐκδίκησις,
877 3846 986 3922 ἐγὼ
1054 3845 1422 3903 ἀνταποδώσω
1482 3852 1613 3923 (64),
1674 3847 1823 3922 λέγει
1886 3846 1994 3905 Κύ-

347 3954 488 4009 ριος.
524 3956 555 3984 ›)
599 3934 878 3998 Τοιούτοις
927 3933 993 4004 δὴ
1046 3935 1233 4011 λόγοις
1299 3935 1447 4012 ἄγειν
1502 3938 1674 4001 πείθει
1716 3938 1815 4005 τὴν
1863 3940 1997 4007 ἡσυ-

348 4022 477 4097 χίαν
508 4024 648 4096 (65.)

616 3315 781 3388 Ἀνὴρ
889 3314 1239 3390 μακρόθυμος
1310 3314 1485 3376 πολὺς
1577 3314 1629 3369 έν
1716 3318 2069 3419 φρονήσει.ϐ

2102 2077 2318 2131 mentio
2350 2076 2501 2131 facta
2528 2080 2636 2142 est,
2661 2075 3011 2147 imperatore
3042 2082 3255 2147 creato,
3279 2076 3528 2133 liberum
3562 2077 3751 2134 Eccle~

2101 2165 2200 2220 sise
2230 2164 2429 2220 lumen
2459 2163 2793 2232 affulsisset,
2821 2164 2963 2234 quid
2996 2181 3446 2221 commemorem
3471 2172 3614 2238 quot
3647 2185 3751 2239 pu-

2102 2253 2287 2309 blicos
2318 2256 2636 2308 conventus
2667 2253 3029 2309 orationibus
3060 2254 3185 2309 suis
3213 2253 3570 2322 exhilararit,
3606 2260 3748 2327 quot

2101 2341 2558 2397 orthodoxorum
2590 2341 2954 2396 iracundiam
2986 2341 3288 2414 mitigarit,
3322 2343 3421 2414 qui
3462 2343 3748 2399 haereticis

2102 2446 2252 2498 eam,
2278 2447 2395 2501 qua
2427 2430 2723 2501 quondam
2774 2428 2865 2485 usi
2909 2434 3096 2497 erant,
3127 2432 3561 2501 perversitatem
3595 2433 3749 2504 inju-

2102 2519 2369 2590 riamque
2416 2519 2751 2590 rependere,
2774 2523 2950 2589 atque
2998 2535 3119 2587 eos,
3142 2536 3176 2573 a
3205 2519 3443 2590 quibus,
3469 2537 3603 2576 cum
3653 2538 3749 2577 re-

2103 2624 2235 2663 rum
2285 2608 2631 2679 potirentur,
2658 2607 2858 2662 afﬂicti
2884 2612 2941 2662 et
2970 2608 3281 2663 excruciati
3330 2608 3581 2674 fuerant,
3613 2626 3751 2665 con-

2101 2695 2283 2752 versis
2307 2698 2433 2767 jam
2469 2695 2752 2768 temporis
2782 2695 3028 2764 vicibus,
3058 2696 3266 2752 iisdem
3308 2695 3592 2752 molestiis
3623 2698 3750 2753 affi-

2103 2800 2229 2839 cere
2260 2783 2734 2840 contendebant?
2763 2785 2886 2848 Qua
2914 2784 3092 2856 igitur
3133 2785 3395 2840 oratione
3427 2785 3515 2840 vir
3543 2786 3751 2844 beatus

2104 2874 2404 2930 utebatur!
2447 2896 2468 2923 α
2502 2874 2627 2928 Non
2678 2873 2823 2939 haec,
2856 2890 2888 2928 ο
2919 2890 3076 2945 grex,
3126 2873 3394 2929 Christus
3440 2874 3747 2946 postulat:

2104 2979 2216 3017 non
2245 2962 2327 3018 ita
2358 2979 2463 3017 nos
2494 2962 2869 3034 Evangelium
2912 2963 3096 3018 docet.
3132 2961 3248 3017 Hoc
3295 2969 3553 3033 tempore
3583 2965 3751 3020 aber-

2103 3058 2297 3107 rantes
2331 3052 2386 3106 in
2429 3050 2581 3107 viam
2640 3052 2913 3106 reducere
2970 3051 3258 3106 convenit.
3301 3054 3636 3108 Curandum
3686 3056 3751 3109 ut

2105 3145 2342 3212 peccata
2371 3158 2479 3195 sua
2507 3139 2859 3211 intelligant,
2894 3139 3122 3194 Domini
3155 3139 3403 3211 pedibus
3436 3141 3751 3198 advolven-

2102 3236 2219 3295 tur,
2243 3228 2604 3300 impietatem
2635 3227 2962 3296 enuntient,
2984 3228 3260 3299 gregique
3293 3228 3748 3287 admisceantur.

2108 3318 2224 3373 Hoc
2254 3333 2359 3389 ego
2406 3333 2511 3388 pro
2542 3315 2762 3371 ultione
2790 3316 2997 3383 habeo,
3031 3320 3095 3371 ut
3122 3316 3183 3384 ii,
3207 3335 3240 3371 a
3272 3316 3487 3388 quibus
3533 3317 3753 3389 injuria

2106 3405 2361 3461 lacessiti
2406 3421 2636 3470 sumus,
2669 3404 2921 3460 salutem
2960 3410 3411 3476 consequantur,
3444 3406 3752 3478 praeclara-

2107 3512 2219 3567 que
2249 3512 2316 3550 ea
2343 3510 2471 3549 esse
2503 3495 2909 3565 conﬁteantur,
2930 3510 3055 3565 quae
3087 3511 3202 3550 non
3232 3494 3314 3551 ita
3342 3496 3570 3566 pridem
3602 3497 3756 3553 inse-

2106 3584 2434 3641 ctabantur.
2463 3582 2655 3638 Animi
2686 3583 3017 3654 aequitatem
3057 3582 3285 3652 habete,
3312 3582 3460 3640 Filii.
3494 3584 3597 3639 Vir
3628 3584 3754 3640 ani-

2106 3673 2187 3727 mi
2218 3673 2488 3743 aaquitate
2516 3672 2794 3743 praeditus
2824 3671 3009 3726 afﬂuit
3051 3671 3361 3742 prudentia
3382 3673 3445 3729 1⁸.
3472 3673 3754 3730 Beneﬁcio

2106 3762 2319 3816 efficite
2364 3777 2462 3816 eos
2491 3760 2589 3831 qui
2626 3777 2728 3816 vos
2775 3761 3024 3815 oderunt
3046 3761 3091 3796 1‘
3136 3760 3324 3832 iisque
3373 3760 3587 3817 delicta
3625 3778 3755 3834 per-

2106 3851 2252 3905 fecte
2283 3850 2669 3904 condonante.
2702 3849 2862 3912 Quod
2904 3849 2954 3904 si
3003 3849 3253 3904 nimium
3286 3849 3373 3905 ira
3401 3850 3757 3920 infervescit,

2105 3939 2351 4009 ejusque
2382 3953 2531 4010 aegre
2564 3938 2819 4009 impetus
2843 3938 3093 3993 coerceri
3118 3942 3308 4009 potest
3331 3955 3343 3993 :
3368 3941 3523 4010 quod
3545 3956 3756 3995 secun-

2106 4029 2248 4082 dum
2296 4030 2407 4096 est,
2458 4031 2746 4097 praestate.
2781 4025 3008 4081 Christo
3060 4026 3176 4081 haec
3223 4026 3559 4099 relinquite,
3588 4032 3759 4099 atque

350 4115 423 4169 ad
458 4114 728 4169 futurum
757 4115 1015 4171 tribunal
1046 4116 1443 4172 transmittite.
1473 4117 1609 4171 Mihi
1638 4118 1795 4173 enim
1827 4116 2162 4184 vindictam,
2187 4131 2290 4187 ego
2323 4114 2662 4183 retribuam,
2694 4115 2835 4170 dicit
2862 4114 3146 4171 Dominus
3168 4116 3231 4170 1⁵.
3256 4138 3286 4166 ››
3315 4115 3539 4180 Quibus
3570 4115 3762 4173 verbis

350 4204 472 4258 iras
502 4204 706 4259 sedare
736 4205 1049 4275 persuasit.

426 4294 532 4344 Τοῦ
565 4287 621 4345 δὲ
676 4288 926 4363 πολέμου
984 4291 1362 4369 λωφήσαντος,
1391 4294 1449 4355 ’ὀς
1506 4295 1640 4367 πρὸς
1693 4293 1819 4355 τοὺς
1850 4292 2000 4348 ἐσπε-

358 4380 512 4455 ρίους
576 4374 884 4456 βαρϐάρους
942 4379 1189 4452 συνέστη,
1221 4380 1310 4437 καὶ
1367 4384 1502 4437 κατὰ
1546 4387 1669 4438 νοῦν
1703 4377 1997 4451 ἐκϐεϐηκό-

352 4487 448 4528 τος
486 4467 568 4540 τῷ
615 4466 996 4545 αὐτοκράτορι,
1044 4467 1200 4540 δίκην
1245 4490 1303 4525 τε
1351 4469 1545 4533 αὐτοὺς
1594 4469 2000 4547 εἰσπραξαμένῳ

354 4562 451 4612 τοῦ
482 4557 715 4634 Θράσους
748 4558 918 4632 ἀξίαν,
950 4558 1345 4636 αἰχμαλώτους
1392 4582 1453 4615 τε
1502 4557 1727 4617 λαϐόντι
1773 4561 1863 4616 καὶ
1911 4559 2004 4639 φό-

364 4666 482 4719 ρους
529 4646 748 4717 τάξαντι
795 4653 911 4711 τοῖς
956 4647 1307 4722 ἡττημένοις,
1360 4645 1555 4721 συνέϐη
1616 4654 1864 4723 παρεῖναι
1931 4652 2000 4723 τῇ

364 4733 626 4808 βασιλίδι,
658 4741 775 4797 τοῖς
807 4732 1096 4811 θριάμϐοις
1146 4736 1442 4815 ἐπηρμένῳ
1487 4738 1577 4793 καὶ
1626 4736 2003 4815 γαυρουμένῳ·

2180 4297 2323 4348 Cum
2354 4296 2551 4350 autem
2584 4291 2802 4348 bellum
2832 4292 2996 4364 illud,
3027 4294 3184 4364 quod
3216 4308 3353 4349 cum
3384 4291 3764 4350 occidentali-

2109 4383 2220 4438 bus
2267 4381 2531 4437 barbaris
2562 4386 2792 4453 gestum
2843 4381 3050 4449 fuerat,
3084 4382 3342 4454 scpitum
3390 4386 3545 4438 esset
3590 4386 3766 4453 atque

2113 4470 2449 4542 imperatori
2492 4488 2560 4525 ex
2607 4470 2788 4525 animi
2838 4472 3128 4526 sententia
3156 4470 3446 4541 cessisset,
3469 4470 3541 4526 ab
3574 4470 3765 4542 iisque

2112 4560 2232 4626 ille,
2256 4576 2405 4632 quas
2435 4575 2635 4615 eorum
2684 4560 2930 4615 audacia
2975 4560 3328 4631 merebatur,
3361 4576 3562 4632 poenas
3592 4574 3765 4632 expe-

2111 4649 2323 4715 tiisset,
2356 4648 2731 4720 captivosque
2768 4649 3041 4720 cepisset,
3071 4653 3130 4704 et
3172 4647 3343 4704 victis
3384 4648 3607 4705 tributa
3654 4647 3767 4703 im-

2037 4723 2084 4788 D
2117 4736 2431 4810 posuisset,
2455 4737 2526 4792 ad
2552 4738 2756 4793 urbem
2786 4740 3098 4810 augustam
3116 4737 3294 4807 venit,
3317 4736 3637 4809 triumphis
3656 4734 3773 4792 ela-

428 4855 475 4890 ¹³
504 4855 668 4911 Prov.
702 4872 818 4925 xxv,
848 4856 941 4911 29.
1020 4858 1065 4892 1‘
1094 4856 1299 4913 Matth.
1330 4874 1387 4924 v,
1416 4857 1505 4912 44.
1582 4859 1628 4893 1⁸
1656 4862 1821 4914 Deut.
1853 4872 2034 4924 xxxn,
2065 4855 2165 4922 35;
2201 4854 2367 4909 Rom.
2399 4869 2498 4921 xu,
2534 4854 2619 4908 19.

452 4972 543 5043 56)
578 4974 663 5045 Ita
705 4973 1115 5045 corrigendum
1147 4973 1352 5030 volunt
1399 4974 1648 5032 Montac.
1682 4980 1738 5031 et
1769 4976 1893 5042 alii;
1928 4974 2011 5029 sic

360 5042 542 5130 habet
567 5044 815 5130 Colb.}.
849 5042 909 5100 1h
944 5046 1082 5130 edit.
1114 5048 1182 5118 τῇ
1216 5048 1520 5130 συγγραφῇ.

362 5114 797 5241 inﬁgere»
826 5114 1167 5187 πεντήκοντα
1207 5114 1445 5174 desunt.
1466 5114 1527 5174 in
1574 5120 1701 5174 cod.
1736 5120 1796 5176 P.
1829 5122 1924 5175 ΟΡ.
1957 5121 2016 5172 et

434 5256 552 5325 (58)
580 5261 707 5319 Ταῖς
738 5260 902 5316 deest
934 5260 991 5315 in
1023 5260 1149 5315 cod.
1184 5261 1280 5316 Or.

437 5330 548 5399 (59)
588 5331 723 5385 Cod.
782 5331 843 5386 P.
904 5329 1137 5404 ψάμμον
1194 5348 1326 5387 mox
1378 5331 1531 5388 idem
1590 5332 1717 5388 cod.
1773 5351 2015 5405 μιμησα-

367 5399 537 5470 μένων
548 5440 560 5452 .

432 5473 546 5541 (60)
580 5472 760 5527 Codd.
795 5472 854 5528 P.
890 5473 985 5529 Or.
1018 5474 1176 5529 Colb.
1212 5474 1237 5528 1
1271 5477 1329 5529 et
1355 5474 1409 5540 2,
1444 5471 1590 5529 ὅσον.

432 5473 546 5608 (60)
580 5473 760 5527 Codd.
795 5473 854 5528 P.
890 5473 985 5529 Or.
1018 5474 1176 5529 Colb.
1212 5474 1237 5528 1
1271 5477 1329 5529 et
1355 5474 1409 5540 2,
1444 5473 1590 5529 ὅσον.

432 5545 519 5613 (61
574 5543 737 5619 Hanc
768 5545 1092 5619 lectionem
1142 5562 1211 5600 ex
1251 5545 1431 5619 variis
1476 5546 1650 5619 codd.
1686 5549 2020 5619 proponunt

360 5613 610 5684 Montac.
644 5618 704 5671 et
733 5615 832 5671 alii
862 5617 1027 5684 edit;
1064 5616 1214 5673 hanc
1248 5616 1306 5671 in
1338 5617 1603 5673 versione
1634 5613 1875 5674 admisit
1905 5617 2019 5672 Bil-

362 5682 504 5758 lius,
532 5693 588 5745 et
617 5687 896 5749 exhibent
922 5682 1095 5748 nobis
1123 5688 1290 5747 codd.
1308 5688 1406 5747 0r.
1428 5693 1486 5748 et
1514 5690 1577 5749 P.
1609 5690 1673 5747 In
1704 5690 1843 5748 edit.
1876 5685 2020 5746 ἐκδι-

364 5758 653 5833 κήσανιας.

2189 4972 2303 5045 (6‘3)
2336 4971 2470 5045 God;
2500 4970 2594 5045 ΟΡ·
2626 4972 2842 5045 metri:

2194 5038 2305 5114 (63)
2338 5038 2710 5115 Colrb.71,7x&v
2743 5038 2805 5096 τδ
2834 5038 3101 5115 δεύτερον.

2192 5105 2307 5204 (6'4)
2336 5114 2472 5170 Cod.
2505 5105 2847 5171 P.'Combef.
2880 5118 2937 5169 et
2966 5105 3025 5169 ih
3056 5112 3193 5168 edit.
3229 5110 3587 5184 quibusdam
3616 5105 3772 5163 ἀντα-

2122 5205 2192 5238 πο
2231 5204 2377 5239 ωσω.

2195 5258 2307 5329 (65)
2338 5256 2503 5329 Hunc
2531 5255 2725 5311 locum
2756 5255 2912 5329 varie
2941 5255 3081 5329 varii
3116 5252 3263 5329 edit,
3297 5252 3581 5329 legerunt.
3606 5251 3770 5329 Mon-

2124 5321 2234 5385 tae.
2270 5321 2499 5402 ἡσυχίαν
2552 5346 2695 5401 αγειν
2722 5327 2913 5402 ,πείθει
2965 5327 3064 5393 τὴν
3116 5321 3461 5402 Ἐκκλησίαν.
3483 5324 3778 5402 fersuasit

2125 5395 2489 5457 EccleSiath
2528 5395 2945 5470 cohquiesceret.
2978 5396 3404 5470 Leuvenclaiiis
3429 5411 3441 5449 :
3475 5395 3777 5470 Ecclesium

2125 5473 2361 5542 miriﬁce
2388 5472 2445 5525 in
2476 5466 2651 5526 suam'
2673 5474 2999 5526 sententiam
3042 5468 3339 5542 pertrahit.
3372 5466 3557 5542 Quam
3606 5468 3777 5542 resti-

2126 5537 2339 5598 tuim'us
2369 5542 2597 5597 videtur
2639 5542 2844 5598 Billius
2892 5537 3198 5597 lectionem
3229 5538 3541 5594 admisisse
3574 5554 3587 5591 :
3621 5537 3773 5593 hanc

2129 5616 2299 5669 nobis
2328 5613 2601 5669 exhibent
2631 5615 2793 5669 codd.
2830 5614 2889 5668 P.
2913 5612 3008 5667 Or.
3034 5620 3090 5667 et
3118 5610 3276 5666 Colb.
3306 5614 3358 5667 1.
3382 5609 3544 5666 Colb.
3564 5611 3617 5663 2.
3645 5608 3774 5681 ἄγαν

2127 5685 2427 5760 πείθει-τήν
2478 5683 2759 5760 ἡσυχίαν)
2787 5686 2888 5742 illa
2916 5688 3163 5760 oratione
3209 5684 3447 5760 miriﬁce:
3488 5682 3777 5760 persuadet

2130 5765 2191 5817 ut
2220 5749 2519 5834 quiescant.
2550 5749 2627 5815 In.
2643 5755 2781 5815 edit.
2814 5776 2942 5836 αγαν
2971 5757 3141 5813 πέιθει
3169 5756 3268 5828 τὴν
3299 5749 3647 5826 Ἐκκλησίαν.
