4096 6288
404 355 513 413 291

1539 344 1712 406 VI’I‘A
1766 350 1827 407 S.
1878 340 2247 405 GREGOIlIl
2296 342 2689 408 'l‘Hh‘ULOGl

3694 353 3793 409 292

399 497 503 548 tus
533 491 590 542 et
616 483 895 558 gestiens.
924 484 1002 537 Ac
1033 485 1155 536 tum
1190 479 1525 551 pontiﬁcem
1557 480 1923 553 Gregorium,
1958 495 2033 550 pri

2176 476 2264 531 καὶ
2319 475 2615 547 τηνικαῦτα
2666 475 3052 553 προσδέξασθαι
3127 477 3219 533 τὸν
3283 479 3539 556 ἀρχιερέα
3597 480 3793 556 Γρηγό-

406 593 474 633 eo
506 592 570 632 ac
601 574 902 630 laboribus
949 569 1111 626 illius
1149 569 1394 641 dignum
1442 572 1585 637 erat,
1608 568 1925 625 honorifice
1956 583 2055 623 ac-

407 665 582 738 cepit,
612 661 1025 735 prolixiorique
1057 658 1310 731 alloquio
1351 674 1519 714 suam
1552 673 1688 730 erga
1715 674 1851 713 eum
1882 657 2054 711 bene-

402 754 719 812 volentiam
750 750 1051 821 animique
1072 747 1434 804 alacritatem
1460 746 1802 814 declaravit;
1830 762 1895 801 ac
1926 762 2055 818 pos-

400 849 589 901 tremo
619 843 741 898 haec
773 841 843 896 ad
875 856 1009 896 eum
1042 838 1218 894 verba
1265 836 1475 892 habuit
1508 853 1521 891 :
1552 859 1573 885 α
1609 837 1653 891 Ο
1684 836 1871 902 Pater,
1906 836 2055 890 Deus

398 934 527 1003 tibi,
551 933 789 1003 tuisque
818 928 1158 994 sudoribus,
1190 940 1411 999 per_me
1443 924 1758 981 Ecclesiam
1789 924 2055 979 commit-

398 1025 489 1081 tit.
524 1024 605 1078 En
638 1035 863 1077 sacram
905 1018 1087 1073 aedem
1119 1020 1176 1071 et
1203 1014 1482 1071 thronum
1514 1013 1621 1069 tibi
1652 1013 1838 1068 trado.
1862 1033 1889 1062 »
1914 1013 2053 1068 Bea-

398 1118 498 1170 tus
524 1127 694 1185 porro
725 1107 1059 1179 Gregorius,
1092 1104 1340 1159 miriﬁca
1369 1102 1568 1157 latitia
1598 1102 1891 1174 perfusus,
1916 1116 2049 1156 cum

399 1204 810 1274 imperatorem
834 1195 1168 1260 salutasset,
1194 1207 1260 1248 ac
1281 1191 1429 1248 votis
1449 1191 1838 1263 precibusque
1864 1206 2053 1245 remu-

403 1295 640 1349 neratus
684 1290 857 1353 esset,
889 1284 1096 1356 pedem
1146 1280 1280 1337 aula
1326 1279 1552 1336 extulit.
1584 1279 1780 1335 Ariani
1830 1283 2047 1350 autem,

399 1381 495 1452 qui
526 1379 596 1435 ad
632 1378 743 1433 hoc
775 1388 962 1445 usque
1010 1376 1243 1441 tempus
1291 1372 1721 1425 sacrosanctam
1753 1367 1932 1422 aedem
1964 1371 2047 1423 te-

395 1471 663 1535 nuerant,
696 1463 1040 1521 sicariorum
1073 1474 1313 1515 manum
1348 1458 1657 1529 parabant,
1690 1472 1794 1528 pro
1827 1472 1893 1511 ea
1914 1471 2048 1511 cum

394 1561 562 1615 beato
591 1556 713 1611 viro
743 1551 924 1610 armis
946 1551 1255 1605 decernere
1280 1546 1727 1602 constituentes.
1755 1545 1954 1615 Itaque
1976 1545 2048 1600 ab

393 1650 744 1720 imperatore
775 1641 1011 1713 quidem
1045 1636 1314 1707 precibus
1344 1634 1789 1700 contendebant,
1814 1650 1885 1687 ne
1912 1637 2051 1689 tem-

394 1737 558 1810 plum
591 1732 703 1789 sibi
734 1728 950 1785 aut'erri
982 1726 1218 1791 sineret,
1240 1724 1392 1794 quod
1424 1721 1695 1777 videlicet
1719 1720 1906 1793 ipsius
1936 1721 2047 1776 im-

398 1826 557 1899 perio
589 1821 860 1878 resistere
907 1818 1245 1871 vererentur
1275 1828 1287 1866 :
1322 1815 1595 1867 caeterum
1646 1810 1739 1881 pio
1771 1810 1913 1881 viro,
1946 1810 2047 1864 iis-

397 1932 511 1988 que
542 1912 642 1983 qui
674 1907 939 1983 partibus
986 1902 1175 1975 ipsius
1202 1900 1535 1967 studebant,
1568 1899 1773 1954 mortis
1823 1908 2043 1954 metum

393 1987 788 2065 intentabant,
821 2001 945 2051 tum
978 1991 1208 2065 publice
1239 1989 1419 2045 armis
1454 1988 1745 2053 instructi,
1767 1992 1893 2042 tum
1926 1987 2041 2059 pri-

2165 586 2278 640 ριον
2330 565 2562 639 ἐντίμως
2609 587 2667 621 τε
2713 567 2802 621 καὶ
2844 570 2950 621 τῶν
3002 566 3167 622 αὐτοῦ
3214 567 3393 623 πόνων
3427 567 3678 639 ἐπαξίως,
3714 569 3793 624 καὶ

2163 651 2396 725 διαλέξει
2439 655 2745 729 πλατυτέρα
2789 656 2851 710 τὸ
2899 655 3024 731 περὶ
3074 655 3233 711 αὐτὸν
3292 654 3614 727 ἐνδείξασθαι
3663 658 3790 734 πρό-

2162 744 2354 816 θυμον,
2412 741 2499 798 καὶ
2553 742 2712 806 τέλος
2769 743 2961 799 εἰπεῖν·
3013 769 3042 797 ‹‹
3102 746 3169 800 Ὦ
3224 744 3413 821 πάτερ,
3466 746 3552 801 σοί
3601 767 3659 802 τε
3712 748 3793 802 καὶ

2159 837 2276 893 τοῖς
2308 829 2496 907 ἱδρῶσι
2526 837 2645 896 τοῖς
2682 837 2800 895 σοῖς
2849 832 2920 889 δι’
2944 835 3104 908 ἡμῶν
3138 834 3166 889 ὁ
3196 835 3323 897 Θεὸς
3369 834 3659 911 ἐγχειρίζει
3702 837 3790 905 τὴν

2161 919 2506 991 Ἐκκλησίαν.
2540 918 2676 978 Ἰδοὺ
2709 919 2911 996 δίδωμί
2945 943 3027 977 σοι
3056 923 3148 978 τὸν
3193 923 3339 979 οἷιιον
3387 925 3479 979 τὸν
3522 924 3666 999 ἱερὸν
3713 925 3792 979 καὶ

2159 1011 2247 1065 τὸν
2294 1011 2499 1086 θρόνον.
2543 1033 2574 1063 ››
2622 1012 2679 1066 Ὃ
2728 1008 2788 1067 δὲ
2836 1009 3122 1088 μακάριος,
3175 1012 3528 1089 περιχαρείας
3577 1011 3791 1089 πληρω-

2159 1098 2266 1160 θεὶς
2324 1102 2457 1172 (66),
2518 1098 2893 1174 ἀσπασάμενος
2947 1101 3041 1156 τὸν
3128 1100 3518 1175 αὐτοκράτορα,
3576 1102 3665 1157 καὶ
3721 1102 3791 1158 εύ-

2158 1193 2285 1263 χαῖς
2332 1189 2724 1263 ἀμειψάμενος,
2774 1188 2915 1263 ἐξῄει
2946 1193 3060 1263 (67)
3106 1194 3214 1245 τῶν
3271 1188 3583 1264 βασιλείων.
3634 1193 3696 1246 Oi.
3741 1190 3791 1248 δὲ

2158 1278 2427 1350 ’Δρειανοὶ
2458 1276 2648 1354 (μέχρι
2680 1279 2781 1354 γὰρ
2812 1283 2909 1333 τοῦ
2940 1278 3140 1355 χρόνου
3168 1277 3328 1334 τοῦδε
3372 1280 3464 1335 τὸν
3514 1280 3659 1355 ἱερὸν
3706 1302 3791 1336 κα-

2158 1370 2310 1439 εῖχον
2386 1365 2559 1441 οἶκον)
2636 1366 3026 1442 παρετάττοντο
3098 1370 3365 1446 ξιφήρεις,
3427 1369 3559 1445 ὑπὲρ
3634 1370 3789 1426 αὐτοῦ

2156 1452 2419 1527 πολεμεῖν
2448 1454 2719 1529 ᾑρημένοι
2766 1457 2901 1533 πρὸς
2948 1456 3039 1511 τὸν
3096 1457 3380 1532 μακάριον.
3415 1458 3513 1512 Καὶ
3559 1458 3651 1514 τὸν
3704 1460 3786 1532 μὲν

2161 1544 2386 1619 βασιλέα
2411 1544 2648 1599 ἱκέτευον
2684 1546 2758 1617 μή
2808 1545 3158 1622 ἀφαιρεθῆναι
3192 1549 3304 1619 (68)
3352 1548 3443 1601 τὸν
3494 1546 3665 1618 οἶκον,
3711 1546 3788 1602 δε-

2157 1629 2396 1693 δοικότες
2429 1627 2750 1687 ἀντιϐαίνειν
2781 1637 2861 1704 τῷ
2897 1633 3100 1709 κράτει·
3132 1639 3211 1707 τῷ
3259 1632 3317 1689 δὲ
3364 1633 3499 1708 ὁσίῳ
3546 1636 3636 1690 καὶ
3682 1642 3790 1699 τοῖς

2159 1722 2273 1794 μετ’
2320 1720 2484 1775 αὐτοῦ
2540 1723 2763 1777 θάνατον
2819 1721 3175 1794 ἐπηπείλουν,
3236 1721 3478 1796 δημοσίᾳ
3529 1746 3590 1780 τε
3647 1725 3791 1781 ὁπλιο

2158 1810 2388 1878 σθέντες,
2420 1809 2509 1865 καὶ
2542 1807 2651 1882 ἰδίᾳ
2680 1811 2785 1864 τινὶ
2837 1810 3182 1885 ὑποθέμενοι,
3216 1813 3391 1889 λάθρα
3438 1814 3788 1889 προσελθόντι

2154 1896 2243 1953 διὰ
2292 1902 2401 1953 τῶν
2453 1898 2782 1975 σπλάγχνων
2822 1903 2918 1954 τοῦ
2970 1900 3271 1977 ἀρχιερέως
3301 1900 3456 1956 ὠθεῖν
3507 1902 3569 1956 τὸ
3620 1902 3785 1979 ξίφος.

2153 1987 2251 2041 Καὶ
2281 1989 2317 2056 ἡ
2353 1986 2448 2061 μὲν
2482 1986 2730 2049 σύστασις
2759 1993 2866 2042 τῶν
2899 1987 3181 2061 πολεμίων
3211 1989 3472 2059 τοσαύτη.

388 2094 572 2153 vatim
602 2088 918 2146 subornato
949 2081 1227 2154 quodam,
1256 2077 1356 2150 qui
1405 2078 1479 2133 ad
1527 2076 1861 2150 pontificem
1912 2077 2228 2149 accederet,
2262 2079 2508 2150 ejusque
2539 2083 2742 2149 pectus
2773 2094 2913 2135 ense
2941 2080 3253 2150 trajiceret.
3287 2086 3472 2152 Atque
3522 2080 3643 2137 hinc
3673 2088 3791 2138 erat

382 2182 641 2243 hostium
672 2171 1045 2247 conspiratio.

454 2274 623 2329 Mane
650 2268 872 2337 itaque,
895 2277 1029 2316 cum
1059 2255 1314 2331 populus
1343 2254 1447 2312 Dei
1476 2253 1652 2311 simul
1675 2271 1810 2311 cum
1843 2259 2033 2328 pasto-

380 2381 441 2420 re
471 2362 547 2417 ad
578 2370 805 2415 sacram
837 2351 1018 2407 aedem
1050 2345 1445 2418 recipiendam
1477 2344 1886 2416 perrexissent,
1915 2360 2031 2400 non

381 2453 582 2509 minus
614 2443 824 2519 gravis,
853 2454 1031 2511 quam
1062 2436 1110 2492 si
1142 2435 1347 2491 civitas
1378 2432 1574 2489 hostili
1609 2434 1828 2505 impetu
1859 2449 2033 2504 expu-

384 2541 683 2614 gnaretur,
706 2527 1000 2587 tumultus
1025 2524 1310 2580 excitatus
1331 2526 1442 2590 est,
1467 2520 1666 2577 multis
1690 2522 2031 2578 hominibus

384 2610 444 2685 in
475 2625 618 2683 vicis
640 2626 695 2678 et
724 2616 967 2689 distegis
989 2631 1055 2671 ac
1076 2612 1334 2683 tristegis
1357 2628 1490 2666 cum
1512 2610 1692 2665 armis
1713 2610 2025 2678 stantibus,

380 2713 847 2781 mulieribusque
876 2709 933 2761 et
960 2700 1157 2775 pueris
1195 2715 1428 2772 gravem
1461 2699 1510 2769 ej
1523 2697 1745 2753 ulatum
1778 2698 2029 2769 permis-

376 2808 485 2864 tim
508 2800 840 2859 edentibus.
861 2795 994 2865 .Ipse
1014 2806 1244 2862 quoque
1265 2789 1581 2859 imperator
1604 2786 1887 2857 templum
1912 2804 2030 2842 una

376 2911 510 2953 cum
541 2893 708 2947 beato
737 2882 1010 2955 Gregorio
1044 2879 1345 2951 ingressus
1376 2881 1484 2931 est.
1512 2876 1584 2932 Ut
1615 2882 1809 2931 autem
1845 2875 2030 2931 multa

376 2987 436 3041 in
470 2982 644 3039 rebus
676 2972 950 3033 humanis
980 2985 1119 3024 casu
1152 2967 1380 3022 evenire
1410 2965 1621 3030 solent,
1644 2965 1901 3021 nubibus
1934 2980 2027 3020 so-

382 3074 454 3129 lis
485 3071 683 3127 orbem
736 3063 846 3119 sub
895 3073 1166 3114 auroram
1216 3054 1629 3123 subeuntibus,
1655 3055 1902 3109 tenebrae
1935 3069 2026 3108 re-

381 3165 553 3235 pente
583 3158 788 3211 coortae
819 3152 976 3205 sunt.
1006 3146 1139 3209 Quae
1168 3160 1297 3235 (res,
1321 3147 1385 3197 ut
1414 3159 1447 3197 a
1476 3143 1623 3235 i‘esto
1650 3142 2028 3235 huiusmodi-

2212 2252 2431 2329 Πρωίας
2480 2252 2538 2309 δὲ
2582 2256 2895 2330 γενομένης,
2949 2256 2977 2311 6
3028 2253 3160 2319 λαὸς
3208 2260 3304 2311 τοῦ
3366 2260 3500 2313 Θεοῦ
3550 2257 3663 2330 ἅμα
3708 2262 3782 2329 τῷ

2138 2342 2356 2416 ποιμένι
2383 2340 2547 2413 ἤεσαν
2574 2346 2685 2417 (69)
2720 2345 2810 2399 τὸν
2857 2344 2998 2419 ἱερὸν
3046 2344 3193 2400 οἶκον
3245 2344 3683 2419 ἀποληψόμενοι·
3716 2346 3778 2415 ἧν

2141 2429 2232 2486 οὖν
2267 2433 2426 2508 θροῦς
2454 2453 2512 2487 τε
2534 2429 2710 2494 πολὺς
2737 2432 2828 2487 καὶ
2855 2432 3116 2508 τάραχος,
3152 2434 3258 2509 ούχ
3304 2437 3467 2503 ἦττον
3497 2434 3533 2503 ἢ
3566 2432 3779 2497 πόλεως

2138 2523 2523 2595 πορθουμένης
2554 2520 2613 2575 ἐκ
2639 2519 2921 2593 πολεμίων
2955 2520 3170 2599 ἐφόδου,
3194 2521 3419 2577 πολλῶν
3453 2521 3780 2600 ὁπλοφόρων

2138 2608 2190 2663 ἐν
2218 2607 2500 2672 πλατείαις
2529 2631 2588 2665 τε
2616 2609 2706 2665 καὶ
2738 2606 3032 2685 διωρόφοις
3063 2611 3152 2666 καί
3200 2611 3531 2690 τριωρόφοις
3589 2607 3776 2685 ὄντων,

2135 2696 2356 2768 πολλῆς
2384 2720 2443 2753 τε
2472 2697 2725 2773 οίμωγῆς
2757 2703 3025 2774 γυναικῶν
3075 2700 3164 2755 καὶ
3212 2698 3419 2755 παίδων
3472 2721 3777 2776 συμμιγνυ-

2141 2786 2329 2861 μένης.
2379 2786 2565 2861 Εἶσῄει
2623 2790 2736 2862 (70)
2783 2784 2831 2842 δ’
2888 2787 2980 2843 οὗν
3020 2789 3109 2844 καὶ
3160 2790 3187 2843 6
3240 2787 3492 2863 βασιλεὺς
3547 2789 3659 2862 ἅμα
3704 2793 3779 2861 τῷ

2141 2875 2390 2950 μακαρίῳ
2421 2874 2496 2938 εἷς
2524 2875 2615 2930 τὸν
2647 2877 2804 2933 νεών.
2840 2877 2938 2930 Οἴα
2968 2873 3024 2931 δὲ
3054 2875 3240 2932 πολλᾶ
3271 2872 3554 2950 συμϐαίνει
3587 2877 3637 2931 ἐν
3666 2878 3776 2950 (Ἠ)

2137 2964 2497 3040 ἀνθρωπίνοις
2551 2962 2854 3039 πράγμασι,
2904 2963 3115 3040 πρωίας
3161 2962 3327 3036 οὔσης
3390 2965 3592 3042 γίνεται
3651 2964 3774 3020 σκό-

2133 3074 2248 3125 τος,
2280 3051 2510 3130 νεφέλης
2539 3054 2631 3108 τὸν
2662 3051 2891 3122 ἡλιακὸν
2940 3052 3141 3109 κύκλον
3194 3050 3614 3127 ὑποδραμούσης
3644 3056 3778 3129 (72).

2134 3139 2233 3195 Καὶ
2261 3140 2325 3195 τὸ
2355 3135 2584 3213 συμϐὰν,
2614 3141 2808 3215 ἑορτῆς
2838 3162 2898 3196 τε
2955 3142 3043 3196 καὶ
3101 3140 3462 3220 φαιδρότητος
3519 3142 3779 3215 τοιαύτης

382 3226 494 3322 que
523 3244 813 3301 hilaritate
850 3238 1061 3305 aliena,
1083 3234 1329 3288 Arianos
1380 3232 1660 3300 majorem
1692 3231 1748 3284 in
1784 3231 2025 3287 modum

2150 3227 2381 3305 ὒπάρχσν
2414 3226 2729 3305 ἀλλότριον,
2754 3228 2882 3291 τοὺς
2936 3230 3028 3302 μέν
3082 3230 3390 3306 Ἀρειανοὺς
3439 3230 3612 3287 ἐποίει
3651 3252 3780 3307 φαι-

376 3314 694 3401 recreabat,
720 3326 957 3397 perinde
977 3340 1042 3379 ac
1070 3323 1117 3377 si
1150 3322 1304 3376 Deus
1332 3336 1513 3375 sacras
1535 3320 1675 3374 aedis
1702 3320 2029 3377 translatio-

2150 3314 2447 3393 Βροτέρους,
2479 3317 2555 3381 ὡς
2578 3322 2675 3372 τοῦ
2705 3322 2837 3373 Θεοῦ
2872 3319 2948 3391 μὴ
2991 3316 3341 3382 εὐδοκοῦντος
3388 3324 3456 3393 τῇ
3503 3320 3780 3393 μεταθέσει

377 3443 512 3483 nem
545 3422 741 3478 minus
788 3419 1013 3488 gratam
1063 3411 1303 3465 haberet
1334 3425 1347 3463 :
1379 3406 1634 3462 lidelium
1668 3413 1870 3463 contra
1899 3409 2027 3464 ani-

373 3532 504 3573 mas
536 3504 923 3567 intolerabilis
952 3498 1118 3556 dolor
1147 3498 1461 3553 cruciabat.
1494 3495 1709 3552 Verum
1741 3497 1917 3552 simul
1939 3502 2026 3553 at-

371 3621 484 3679 que
528 3598 839 3673 episcopus
869 3596 926 3647 et
956 3590 1275 3660 imperator
1306 3601 1505 3641 sacras
1532 3583 1726 3679 valvas
1774 3585 2030 3657 ingressi

371 3672 529 3758 sunt,
566 3693 739 3759 atque
769 3694 974 3739 omnes
1013 3693 1191 3733 unam
1242 3673 1626 3745 eamdemque
1675 3672 2030 3732 laudationis

373 3797 573 3839 vocem
606 3771 993 3839 sustulerunt,
1019 3780 1347 3834 manusque
1379 3779 1511 3818 cum
1544 3761 1818 3834 lacrymis
1841 3769 2030 3820 exten-

374 3872 607 3936 derunt,
631 3860 962 3923 confestim,
987 3855 1085 3912 Dei
1120 3850 1500 3925 providentia,
1527 3851 1816 3906 subducta
1846 3851 2024 3938 nube,

367 3960 663 4030 fulgentes
692 3951 833 4007 solis
864 3945 1009 4002 radii
1033 3958 1258 3999 sacram
1284 3941 1525 4030 domum
1549 3938 1859 4030 splendore
1894 3956 2024 4005 ιιειι-

366 4028 673 4111 fuderunt;
710 4052 956 4108 aereque
1000 4032 1339 4088 collustrato
1370 4028 1639 4084 homines
1670 4028 1850 4083 animi
1880 4046 2024 4085 mm-

364 4151 556 4193 rorem
600 4134 658 4186 in
690 4127 952 4184 laetitiam
1001 4122 1460 4185 commutarunt,
1483 4122 1659 4188 atque
1708 4117 2023 4189 imperato.

366 4243 513 4295 rem,
536 4226 603 4277 ut
645 4218 985 4290 episcopum
1018 4213 1074 4264 in
1108 4210 1317 4264 throno
1366 4206 1695 4295 collocaret,
1719 4206 2023 4262 obsecrare

369 4293 545 4384 atque
594 4303 871 4364 obtestari
930 4300 1248 4370 coeperunt.
1278 4297 1353 4351 At
1398 4293 1733 4384 Gregorius,
1765 4311 1899 4384 cum
1948 4295 2021 4351 ab

372 4382 475 4459 illa
506 4399 642 4456 sede
689 4392 1046 4458 abhorreret,
1079 4401 1184 4440 nec
1231 4400 1346 4455 prae
1386 4384 1511 4437 vita:
1558 4382 1935 4453 continentia,
1964 4388 2023 4441 et

370 4488 632 4561 corporis
663 4480 1251 4542 intirmitate,vocem
1284 4472 1343 4526 in
1374 4475 1537 4561 tanto
1568 4470 1875 4561 hominum
1908 4489 2022 4561 nu-

373 4559 534 4637 mero
567 4575 768 4631 efferre
797 4571 1013 4642 posset,
1050 4580 1152 4636 per
1179 4560 1495 4633 quemdam
1526 4559 1619 4615 his
1650 4561 1837 4617 verbis
1870 4560 2020 4616 mul-

2134 3411 2232 3461 τοῦ
2286 3402 2454 3461 οἷ’κου·
2516 3406 2697 3482 ψυχὰς
2774 3403 2833 3462 δὲ
2905 3412 3109 3463 πιστῶν
3187 3407 3306 3463 ἀνία
3376 3408 3578 3478 ἐπίεζεν
3656 3410 3783 3465 ὑπο-

2135 3494 2422 3570 σμύχουσα
2448 3496 2685 3569 (73),⁹Ως
2713 3492 2771 3550 δὲ
2796 3503 2897 3565 τῆς
2927 3497 3075 3569 ἱερᾶς
3105 3495 3391 3572 κιγκλίδος
3422 3497 3452 3553 6'
3478 3519 3539 3553 τε
3568 3499 3779 3572 ποιμὴν

2136 3584 2225 3639 καὶ
2274 3585 2302 3639 6
2349 3582 2600 3659 βασιλεὺς
2649 3580 2777 3639 εἷ’σω
2821 3583 3122 3660 παρέδοσαν
3153 3588 3287 3660 (74),
3321 3583 3464 3660 ⁴ἤρθη
3513 3607 3574 3641 τε
3624 3588 3779 3664 φωνή

2140 3672 2236 3745 μία
2292 3672 2438 3747 παρᾶ
2492 3673 2705 3727 πάντων
2763 3672 3037 3741 αἰνέσεως,
3075 3671 3276 3748 δάκρυά
3309 3695 3366 3728 τε
3424 3674 3514 3729 καὶ
3572 3679 3778 3750 χειρῶν

2136 3759 2367 3824 ἔκτασις.
2402 3757 2641 3835 ’Δθρόως
2698 3765 2795 3816 τοῦ
2852 3759 3041 3839 νέφους
3103 3762 3489 3832 ὑπεξελθόντος
3547 3764 3781 3839 προνοίᾳ

2134 3854 2289 3921 Θεοῦ,
2321 3846 2601 3923 ἐκλάμψαν
2662 3850 2774 3923 (75)
2829 3850 3058 3919 ἡλιακὸν
3116 3850 3274 3915 σέλας
3330 3853 3420 3907 τὸν
3449 3852 3592 3927 ἱερὸν
3626 3852 3777 3908 οἶκον

2134 3927 2455 4013 κατηύγασε·
2506 3936 2597 3992 καὶ
2638 3942 2717 4009 τῷ
2762 3937 2878 4014 ἀέρι
2928 3939 3246 4017 φωτισθέντι
3295 3942 3349 3995 αἱ
3398 3945 3507 3995 τῶν
3574 3941 3781 4017 ἀνθρώ-

2132 4048 2249 4082 πων
2280 4024 2508 4081 διάνοιαι
2537 4026 2637 4095 τήν
2672 4022 2966 4100 δυσθυμίαν
3002 4030 3111 4100 (76)
3144 4026 3218 4090 εἷς
3252 4026 3587 4104 φαιδρότητα
3636 4050 3776 4103 συμ-

2135 4110 2455 4189 μετέϐαλον,
2523 4113 2615 4169 τόν
2692 4134 2752 4169 τε
2831 4114 3055 4190 βασιλέα
3130 4116 3372 4171 ἱκέτευον
3458 4114 3777 4191 ἐγκαθιδρῦ-

2129 4225 2215 4259 σαι
2248 4206 2359 4277 (77)
2390 4203 2481 4257 τὸν
2515 4203 2773 4278 ἀρχιερέα
2800 4208 2878 4275 τῷ
2908 4203 3103 4280 θρόνῳ.
3133 4205 3190 4258 Ὁ
3240 4202 3298 4260 δὲ
3358 4205 3641 4281 μακάριος,
3696 4206 3777 4279 μὴ

2135 4287 2467 4368 βουλόμενος
2505 4290 2675 4347 ἐκεῖσε
2703 4289 3143 4366 καθιδρυνθῆναι,
3175 4293 3336 4357 αὐτὸς
3386 4295 3439 4350 ἐν
3495 4293 3783 4358 τοσούτοις

2130 4381 2385 4459 έκφωνεῖν
2416 4380 2519 4436 ὑπὸ
2563 4386 2664 4450 τῆς
2712 4378 3023 4458 ἐγκρατείας
3070 4382 3160 4436 καὶ
3207 4384 3306 4451 τῆς
3352 4381 3621 4443 ἀσθενείας
3666 4380 3783 4459 οὐχ

2131 4470 2244 4531 οἶός
2294 4491 2352 4526 τε
2405 4466 2503 4539 ὢν,
2534 4474 2847 4548 προσφωνεῖ
2882 4474 2961 4542 τῷ
3014 4468 3212 4542 πλήθει
3261 4469 3351 4526 διά
3398 4491 3544 4533 τινος
3593 4468 3779 4547 λέγων

2130 4557 2334 4622 αὐτοῖς·
2371 4582 2399 4611 ι(
2439 4560 2504 4612 Ὦ
2546 4556 2723 4630 τέκνα,
2771 4562 2862 4613 νῦν
2907 4559 3097 4636 καιρὸς
3148 4558 3626 4635 εύγνωμονοῢντας
3672 4562 3781 4631 τὴν

372 4668 688 4726 titudinem
733 4661 944 4717 aﬂ‘atur
973 4672 987 4711 :
1024 4673 1090 4711 :u
1120 4648 1167 4708 VO
1199 4650 1324 4717 ﬁlii,
1358 4666 1514 4705 nunc
1544 4655 1777 4722 tempus
1823 4655 1913 4706 est
1958 4653 2024 4705 ut

2150 4648 2293 4723 χάριν
2325 4644 2621 4721 ὁμολογεῖν
2647 4646 2726 4724 ἐφ’
2758 4648 2838 4709 οἷς
2872 4645 3162 4751 ἐχαρίσατο
3192 4650 3328 4721 ἡμῖν
3361 4650 3396 4717 ὴ
3428 4646 3611 4725 Τριάς.
3649 4647 3785 4723 Περὶ

371 4755 637 4816 beneficii
670 4762 981 4815 memores,
1010 4744 1085 4799 ob
1127 4758 1195 4798 ea
1226 4757 1352 4813 quae
1383 4738 1592 4812 largita
1622 4739 1879 4795 Trinitas
1909 4742 2017 4809 est,

445 4958 555 5029 (66)
587 4956 835 5029 Montac.
870 4947 1054 5029 qtﬂalii
1085 4944 1225 5002 edit.
1253 4941 1455 4999 volunt
1480 4936 1730 5005 πληθείς.

442 5019 1063 5102 (θηβοά-Οποέξίειτ.
1158 5088 1169 5099 .
1402 5089 1439 5102 ί.

440 5082 1173 5187 Siovolunt'antiqui
1221 5086 1358 5142 edit.
1392 5089 1449 5141 et
1492 5083 1661 5139 codd.
1712 5082 1916 5139 nostri.
1951 5082 2015 5138 In

440 5103 553 5187 (68)
584 5103 678 5155 Sic
706 5103 912 5152 volunt
949 5103 1173 5161 antiqui
1221 5103 1358 5142 emt.
1392 5103 1449 5141 et
1492 5103 1587 5139 eoo

369 5175 507 5233 edit.
541 5171 819 5241 ἀφεθῆναι.
884 5233 906 5241 ι
1287 5227 1322 5241 Α
1365 5225 1400 5241 η
1475 5226 1507 5241 n
1575 5223 1587 5241 ,

440 5220 729 5319 (ὀὸῑᾶὂάΐ
1098 5244 1260 5319 mea
1280 5220 2013 5319 Este-Eainlatéré‘ﬁr-

366 5296 1159 5386 Co‘dSIPT-xerspxépsvm,‘th
1203 5296 1671 5386 sacrqm'dpinum
1715 5296 2014 5355 descendis-

635 5365 999 5459 quih'unsdam‘
1026 5365 1165 5459 ed‘it'.
1198 5365 1674 5441 ἀποκληψόμενοι.

443 5442 717 5532 ᾖ)Πῖἅὼ
751 5457 844 5511 Or.
879 5458 935 5508 et
962 5451 1021 5504 P.
1060 5442 1232 5499 είσίει.

461 5534 551 5603 71)
584 5532 667 5585 Ἐν
704 5531 862 5583 deest
888 5526 943 5578 in
979 5517 1232 5599 cod.”Or.

436 5463 552 5679 (72)
586 5605 672 5679 Ita
702 5601 950 5679 Montac.
977 5598 1033 5679 et
1053 5590 1153 5646 alu
1172 5587 1232 5679 ed

461 5517 551 5603 7i)
584 5532 667 5585 Ἐν
703 5531 862 5603 deest
888 5526 943 5578 in
979 5517 1261 5603 cod..”()r;.

586 5583 672 5660 ita
702 5601 950 5674 Montac.
977 5598 1033 5674 et
1053 5588 1153 5646 alii
1172 5587 1311 5674 edit.
1338 5599 1443 5643 nec
1469 5598 1585 5643 non
1609 5600 1812 5644 amnes
1842 5583 2013 5643 codd.

362 5656 671 5744 ιοὲιὶἱξῐέί
703 5672 843 5733 edit.
873 5656 1339 5749 περιδραμούσης.

2131 4734 2188 4792 δὲ
2215 4740 2312 4792 τοῦ
2344 4735 2537 4813 θρόνου
2569 4735 2800 4799 εἰσαῦθις
2832 4731 3233 4810 ἀναλαϐώμεθα
3261 4739 3395 4811 (78).
3449 4762 3475 4788 n
3531 4742 3706 4793 Ταῦτα
3750 4736 3783 4791 6

2196 4938 2309 5011 (73)
2341 4936 2501 4993 Hanc
2554 4936 2861 5011 lectionem
2918 4936 3220 5011 exhibent
3251 4937 3417 5011 codd.
3468 4937 3785 5011 Or._Colb.

2128 5007 2245 5066 iet
2272 5007 2327 5076 2,
2374 5026 2479 5065 nec
2533 5027 2646 5066 non
2705 5009 2961 5066 Combef.
3014 5011 3077 5066 In
3135 5009 3271 5067 edit.
3332 5008 3518 5064 ἀνίατα
3576 5007 3792 5078 ἰπίεζεν

2128 5080 2382 5136 ὑποσιιῦγ
2393 5100 2470 5135 ον.

2196 5098 2680 5235 :qmnes
2728 5152 2895 5235 codd.
2930 5153 3136 5209 nostri.
3168 5154 3231 5235 in
3282 5151 3420 5235 editi.
3453 5147 3792 5235 παρέδοσαν.

2198 5222 2311 5295 (75)
2344 5225 2427 5279 Ita
2447 5222 2708 5295 (Montes.
2743 5227 2798 5279 et
2828 5240 3032 5282 omnes
3083 5225 3250 5282 codd.
3286 5224 3472 5282 nostri
3519 5222 3586 5281 ac
3614 5230 3796 5281 Gom-

2124 5290 2239 5352 bef.
2272 5290 2337 5350 I’n
2367 5293 2506 5366 edit.
2526 5290 2849 5366 Ῠέλλάμψαν.

2216 5368 2309 5441 79)
2341 5365 2478 5441 (30‘!-
2510 5365 2605 5441 QP-
2638 5361 2972 5441 δύςερῃμίανο

2217 5433 2582 5513 ροᾲκΟιζ
2633 5433 2970 5513 καθιδρῦσαι.
3065 5507 3079 5513 _

2199 5500 2717 5585 (78))COdd._C9]b.
2759 5500 2886 5568 [εἰ
2928 5513 2984 5580 2,
3037 5507 3271 5572 εἰσαῦθις
3318 5500 3797 5585 ἀναϐαλλώμεθα,

2124 5582 2189 5641 in
2214 5580 2493 5657 posterum
2520 5580 2859 5656 differamus.
