4096 6288
135 25 424 45 υπη”ὴ”’
464 30 473 33 “

314 360 404 421 293

1278 348 1646 415 AUCTORE
1691 346 2088 410 GREGORIO
2132 348 2228 408 PR
2242 347 2673 410 ESBYTERO.

3562 354 3681 417 294

317 490 389 564 μὲν
416 486 542 551 λαὸς
576 484 889 560 δεξάμενος,
937 483 1249 560 ἐπραΰνετο·
1284 484 1312 537 ὁ
1343 479 1688 555 αὐτοκράτωρ
1741 476 1799 533 δὲ
1826 484 1924 548 τῆς
1952 540 1953 544 η

2078 480 2256 537 ratias
2286 481 2627 538 referamus.
2652 481 2731 538 De
2750 482 2959 539 throno
2990 489 3183 541 autem
3207 486 3351 542 alias
3381 504 3681 561 agemus.»

318 577 641 655 μετριότητος
710 578 823 651 (79ι
883 578 980 630 τοῦ
1055 569 1247 649 ἀνδρὸς
1312 569 1713 641 κατεπλήττετο
1748 611 1760 624 .
1827 565 1928 622 Καὶ

2074 570 2171 625 [asc
2198 570 2372 626 verba
2414 570 2658 626 audiens
2690 570 2939 643 populus
2972 573 3339 643 mitescebat;
3370 575 3688 649 imperator

315 668 455 729 οὕτως
530 667 626 740 μὶν
686 667 722 734 ἡ
794 665 1097 738 πανήγυρις
1158 659 1378 732 διελύθη
1419 704 1433 718 .
1493 658 1823 737 εὐφροσύνην
1872 677 1933 712 τε

2076 676 2172 714 ero
2202 660 2457 715 hominis
2491 660 2840 716 modestiam
2869 662 2940 717 ad
2972 666 3269 734 stuporem
3299 681 3485 737 usque
3517 669 3691 724 mira-

314 756 543 827 πλείστην
573 755 998 831 παρασχομένου
1036 754 1270 828 Χριστοῦ
1317 749 1406 805 καὶ
1447 746 1762 827 ἀσφάλειαν,
1796 744 1934 801 ὥστε

2074 753 2235 803 tatur.
2292 748 2383 803 Sic
2441 748 2641 803 concio
2706 749 2897 805 soluta
2952 754 3072 819 est,
3131 751 3356 809 Christo
3427 754 3689 812 laetitiam

312 846 708 914 κατευνασθῆναι
755 847 862 898 τῶν
916 862 975 897 τε
1032 839 1218 896 ὅπλων
1288 840 1386 907 τὴν
1443 837 1785 914 παρασκευὴν
1843 833 1933 889 καὶ

311 939 389 1005 τῆς
438 934 630 1008 μανίας
676 934 740 988 τὸ
800 930 937 1001 ζέον·
993 929 1048 985 ἓν
1109 926 1167 985 δὲ
1226 927 1390 1003 μόνον
1449 926 1732 1004 γυμνωθὲν
1784 923 1932 1001 ξίφος

314 1023 558 1099 ἀναιμωτὶ
588 1021 756 1079 πάλιν
790 1015 1139 1095 ἐμϐληθῆναι
1167 1022 1237 1093 τῇ
1268 1016 1553 1097 ξιφοθήκῃ.

373 1287 517 1360 Πλήν
545 1308 610 1364 γε
639 1286 741 1343 ούκ
778 1285 852 1348 εἷς
892 1283 1054 1347 τέλος
1102 1283 1462 1359 συνεχωρήθη
1519 1282 1594 1355 μὴ
1628 1276 1939 1356 ἐνιδρυνθῆ-

312 1382 486 1449 ναιτῷ
534 1376 732 1449 θρόνῳ.
785 1374 985 1449 Καίπερ
1033 1373 1145 1450 γὰρ
1187 1371 1285 1426 οὐκ
1323 1368 1595 1439 ἐθέλοντα,
1644 1368 1732 1424 καὶ
1783 1367 1939 1445 ἰσχυ-

317 1470 408 1542 ρῶς
452 1463 827 1537 ἀναινόμενον,
879 1460 1032 1535 ὅμως
1083 1458 1325 1535 ἐνίδρυσε
1378 1465 1479 1528 τῆς
1530 1456 1939 1535 ἀρχιερωσύνης

313 1560 411 1616 τοῖς
468 1555 667 1614 θώκοις
722 1551 1026 1627 ἀρχιερέων
1082 1548 1298 1620 πληθύς
1333 1590 1345 1603 .
1402 1551 1576 1602 Ταῦτα
1630 1543 1690 1601 δὲ
1748 1545 1939 1619 μικρὸν

314 1643 533 1719 ὕστερον.
594 1643 657 1699 Ὀ
719 1641 814 1714 μὲν
867 1637 963 1693 οὖν
1026 1638 1281 1714 βασιλεὺς
1335 1640 1415 1709 τῷ
1467 1633 1619 1711 ἀνδρὶ
1671 1633 1940 1709 ἐγεγήθει,

312 1732 498 1807 πατρὸς
556 1731 704 1802 αύτῷ
757 1730 926 1803 τιμὴν
984 1728 1073 1782 καὶ
1133 1723 1269 1781 αἰδῶ
1319 1724 1631 1797 ἀπονέμων.
1690 1723 1807 1807 Kal,
1841 1722 1942 1799 γὰρ

2045 854 2337 893 summam
2389 836 2881 909 securitatemque
2912 839 3211 910 afferente;
3246 841 3331 897 ita
3377 849 3443 898 ut
3489 848 3545 900 et
3592 862 3690 901 ar-

2045 943 2273 983 morum
2331 930 2647 998 apparatus
2705 928 3044 1000 consopitus
3102 930 3307 1000 fuerit,
3361 937 3418 988 et
3474 933 3688 991 furoris

2047 1016 2220 1072 ardor
2247 1016 2590 1083 exstinctus,
2622 1019 2798 1088 atque
2839 1034 2993 1073 unus
3031 1018 3314 1076 duntaxat
3343 1022 3499 1079 ensis
3530 1040 3694 1080 exer-

2045 1108 2144 1161 tus
2174 1103 2299 1160 sine
2342 1103 2445 1160 illa
2489 1104 2714 1160 cruoris
2742 1104 3025 1165 effusione
3062 1124 3271 1166 rursus
3299 1110 3510 1184 vagina
3555 1130 3695 1171 con-

2048 1193 2225 1250 ditus.

2120 1285 2402 1337 Caeterum
2443 1281 2495 1338 ei
2542 1283 2613 1338 ad
2653 1286 2970 1339 extremum
3000 1301 3188 1357 usque
3244 1288 3526 1346 obsistere
3580 1306 3698 1348 non

2049 1371 2233 1438 licuit,
2255 1371 2572 1442 quominus
2603 1371 2663 1427 in
2687 1371 2896 1429 throno
2926 1372 3321 1434 collocaretur.
3349 1379 3698 1437 Pontiﬁcum

2051 1460 2207 1517 enim
2241 1460 2556 1516 multitudo
2585 1477 2742 1528 eum,
2766 1462 3035 1533 quamvis
3063 1464 3357 1522 nolentem
3388 1466 3699 1524 vehemen-

2051 1553 2256 1621 terque
2286 1553 2672 1617 recusantem,
2707 1549 2763 1605 in
2804 1551 3283 1626 archiepiscopali
3314 1556 3452 1612 sede
3482 1557 3703 1613 consti-

2051 1637 2184 1693 tuit.
2207 1638 2313 1693 Sed
2346 1636 2468 1693 hinc
2500 1637 2800 1710 aliquanto
2831 1642 3140 1712 posterius.
3172 1643 3395 1698 Interea
3446 1646 3704 1717 impera-

2052 1731 2144 1781 tor
2165 1725 2423 1781 hominis
2446 1727 2869 1783 consuetudine
2891 1728 3309 1803 delectabatur,
3328 1748 3580 1805 eumque
3601 1751 3704 1806 pro

312 1806 476 1890 insi
521 1820 611 1874 καὶ
660 1816 991 1891 παιδεύσεως
1041 1813 1294 1889 ἄμοιρος,
1345 1811 1472 1869 ἀλλ’
1520 1811 1610 1867 οὖν
1659 1806 1884 1879 εὐσεϐὴς
1916 1812 1944 1865 ὁ

2074 1819 2298 1887 )arente
2346 1814 2590 1870 colebat.
2634 1816 2910 1881 Quamvis
2966 1817 3123 1873 enim
3182 1820 3453 1876 doctrinae
3502 1838 3707 1895 expers

312 1909 437 1985 ἀνὴρ
464 1909 554 1963 καὶ
580 1912 775 1985 πρᾷος,
816 1904 869 1961 εἷ’
888 1926 989 1979 περ
1181 1925 1267 1966 τις
1315 1900 1509 1965 ἄλλος.
1542 1900 1715 1962 Αὐτὸς
1746 1899 1802 1955 δὲ
1832 1904 1947 1972 Θεῷ

311 1996 589 2075 σχολάζειν
628 1995 841 2070 μᾶλλον
886 1995 920 2064 ἢ
975 1993 1190 2070 βασιλεῖ
1236 1997 1344 2048 τῶν
1388 1989 1569 2046 καλῶν
1604 1989 1732 2045 εἶναι
1765 1988 1949 2062 οἰόμε-

308 2107 409 2159 νος,
442 2086 502 2141 ού
532 2087 748 2161 συχνῶς
794 2082 997 2158 ὡμίλει
1038 2087 1155 2143 τοῖς
1207 2078 1527 2156 βασιλείοις.
1579 2076 1945 2154 Φιλαργυρίαν

309 2173 364 2230 δὲ
402 2173 528 2236 τοὺς
576 2170 1013 2249 παρισταμένους
1062 2174 1143 2243 τῷ
1193 2167 1409 2246 βασιλεῖ
1454 2171 1742 2229 νοσοῦντας
1782 2167 1948 2241 ὁρῶν,

304 2265 389 2318 καὶ
414 2262 541 2325 τοὺς
574 2259 722 2335 δῶρα
770 2259 1174 2336 χαριζομένους
1220 2254 1688 2333 ἀποδεχομένους,
1728 2259 1836 2310 τῶν
1871 2252 1948 2328 δὲ,

307 2353 416 2414 οἷος
464 2354 531 2421 ἦν
580 2350 739 2411 αὐτὸς
781 2352 919 2423 (81),
973 2346 1120 2423 μάλα
1167 2349 1669 2425 καταφρονοῦντας·
1731 2341 1821 2399 διά
1865 2365 1950 2400 τοι

302 2446 467 2496 ταῦτα
509 2444 627 2502 ταῖς
677 2443 1015 2515 προσευχαῖς
1064 2436 1155 2492 καὶ
1206 2434 1529 2512 ἀγρυπνίαις
1576 2434 1665 2489 καὶ
1699 2430 1950 2488 διδασκα-

309 2528 453 2592 λίαις
498 2534 781 2604 προσεῖχε,
832 2527 921 2582 καὶ
979 2527 1212 2581 ἀσθενῶν
1264 2522 1572 2595 θεραπείαις
1602 2522 1691 2579 καὶ
1740 2522 1950 2577 ἐπισκέ-

307 2622 413 2693 ψει,
461 2622 578 2689 Θεῷ
623 2616 841 2679 τούτοις
884 2615 1153 2691 καθαίρων
1204 2613 1391 2669 ἑαυτὸν
1438 2612 1527 2668 καὶ
1572 2613 1637 2667 τὸ
1673 2610 1950 2685 ποίμνιον·

305 2708 437 2763 ποτὲ
486 2704 543 2762 δὲ
589 2706 680 2761 καὶ
729 2706 868 2781 πρὸς
916 2704 1113 2781 ἀγροὺς
1165 2703 1527 2779 ὑπανεχώρει,
1568 2703 1669 2772 τὴν
1717 2701 1953 2776 ἡσυχίαν

309 2800 513 2866 ποθῶν,
567 2797 658 2850 καὶ
715 2795 779 2849 τὸ
832 2794 1055 2869 συνεχὲς
1108 2796 1215 2846 τῶν
1259 2790 1438 2847 πόνων
1483 2790 1649 2865 ταύτῃ
1698 2790 1954 2863 ἰώμενος,

311 2886 382 2947 ὡς
424 2885 483 2939 ἂν
532 2883 682 2955 αύτῷ
725 2883 788 2938 τὸ
830 2887 988 2956 σῶμα
1033 2881 1168 2958 πρὸς
1213 2880 1337 2941 τοὺς
1387 2878 1577 2958 ἐφεξῆς
1626 2878 1827 2941 πόνους
1878 2881 1953 2952 μὴ

316 2974 606 3047 ἀποκάμοι.
639 2970 846 3034 Αύλαῖς
871 2968 928 3026 δὲ
952 2969 1241 3047 βασιλείων
1266 2969 1504 3046 χρονίως
1538 2963 1800 3023 ἐνέϐαλλε
1820 2969 1955 3041 (82),

320 3063 377 3116 τὸ
417 3069 516 3131 τῆς
573 3060 881 3135 Παροιμίας
937 3058 994 3114 εὖ
1050 3059 1141 3114 καὶ
1197 3058 1513 3133 πρεπόντως
1564 3054 1954 3129 ἐκμελετήσας·

2056 1909 2230 1969 esset,
2256 1904 2388 1976 pius
2414 1907 2610 1960 tamen
2633 1904 2720 1960 vir
2747 1910 2889 1974 erat,
2914 1921 3265 1979 morumque
3294 1909 3531 1967 lenitate
3560 1928 3707 1983 prm-

2058 1994 2239 2063 ditus,
2263 1996 2327 2048 ut
2357 1993 2405 2049 si
2453 1992 2747 2066 quispiam
2780 1993 2953 2051 alius.
2975 1995 3191 2053 Verum
3224 1997 3537 2070 Gregorius
3567 2001 3704 2069 Deo,

2058 2098 2233 2154 quam
2286 2082 2643 2154 imperatori,
2668 2099 2902 2155 operam
2944 2085 3081 2142 dare
3127 2087 3463 2157 praeclarius
3508 2090 3705 2146 existi-

2059 2187 2249 2235 mans,
2282 2170 2440 2226 haud
2482 2170 2812 2242 frequenter
2840 2172 2899 2228 in
2932 2173 3066 2229 aula
3091 2176 3453 2242 versabatur,
3474 2194 3573 2234 eos
3604 2179 3706 2251 qui

2057 2259 2430 2331 imperatoris
2458 2259 2615 2316 latus
2636 2260 2966 2333 cingebant,
2993 2263 3243 2318 avaritiae
3266 2266 3467 2321 morbo
3498 2268 3705 2337 teneri,

2060 2352 2233 2419 atque
2263 2351 2327 2403 ut
2369 2364 2468 2404 eos
2498 2348 2599 2419 qui
2644 2365 2889 2405 munera
2918 2350 3254 2423 efferebant,
3278 2369 3442 2409 caros
3474 2354 3710 2425 habere,

2061 2438 2143 2492 ita
2195 2437 2284 2492 sui
2336 2435 2560 2493 similes
2609 2438 2927 2495 admodum
2978 2441 3277 2512 aspernari
3328 2443 3708 2516 perSpiciens.

2062 2526 2341 2591 Quocirca
2370 2525 2804 2597 precationibus
2836 2530 2894 2583 et
2922 2528 3262 2600 pervigiliis,
3285 2535 3461 2603 atque
3493 2533 3712 2588 doctri-

2062 2615 2174 2682 nis,
2200 2614 2548 2686 aagrotisque
2576 2614 2852 2671 curandis
2882 2619 2939 2670 et
2964 2616 3284 2673 invisendis
3311 2618 3713 2689 incumbebat,

2066 2708 2177 2760 Deo
2210 2720 2336 2760 sese
2363 2703 2458 2759 his
2488 2704 2663 2760 rebus
2695 2720 3045 2777 gregemque
3074 2722 3333 2779 purgans
3368 2725 3380 2764 :
3415 2711 3707 2767 interdum

2063 2793 2236 2849 etiam
2270 2793 2392 2848 ruri
2440 2793 2764 2863 secedebat,
2797 2794 3175 2850 solitudinem
3208 2801 3503 2871 expetens,
3527 2816 3710 2873 eaque

2064 2882 2363 2955 perpetuis
2405 2880 2703 2938 laboribus
2742 2881 3026 2939 afﬂictum
3056 2900 3269 2957 corpus
3316 2903 3603 2955 recreans,
3636 2904 3711 2946 ne

2066 2972 2137 3026 ad
2170 2972 2480 3041 sequentes
2528 2968 2756 3026 labores
2806 2970 3115 3028 fatisceret.
3146 2974 3228 3028 Ad
3263 2974 3457 3031 aulam
3515 2982 3711 3035 autem

2066 3076 2197 3115 raro
2244 3059 2629 3129 commeabat,
2670 3058 2812 3115 illud
2866 3060 3312 3118 Proverbiorum
3364 3069 3518 3121 recte
3576 3084 3713 3124 con-

326 3149 541 3205 Σπάνιον
613 3150 792 3225 εἴσαγε
863 3150 953 3203 σὸν
1028 3145 1171 3203 πόδα
1242 3148 1377 3223 πρὸς
1456 3147 1545 3202 σὸν
1620 3144 1811 3223 φίλον,
1868 3143 1953 3201 ’ίνα

2074 3164 2328 3221 grueque
2359 3146 2778 3219 permeditatus
2812 3166 2824 3203 :
2858 3150 2999 3205 Raro
3042 3150 3231 3222 pedem
3277 3157 3435 3209 tuum
3464 3157 3611 3227 infer
3639 3156 3719 3214 ad

320 3240 393 3313 μὴ
422 3238 687 3311 πλησθείς
718 3258 814 3293 σου
845 3238 955 3311 (83)
991 3238 1194 3310 μισήσῃ
1223 3256 1300 3290 σε.

382 3327 657 3397 Τοσαύτης
709 3323 767 3381 δὲ
813 3326 1023 3399 ποιμὴν
1076 3323 1401 3394 Ἐκκλησίας
1450 3320 1816 3399 ἀποδειχθεὶς,
1868 3323 1958 3377 καὶ

312 3411 646 3493 παραλαϐὼν
675 3412 985 3491 προσόδους
1032 3436 1091 3469 τε
1135 3413 1223 3469 καὶ
1255 3411 1614 3469 παντοδαπῶν
1650 3409 1959 3486 κειμηλίων

309 3505 567 3575 πλῆθος,
621 3504 745 3579 μίαν
800 3501 1055 3581 δραχμὴν
1114 3502 1349 3558 ἐντεῦθεν
1406 3501 1468 3556 ού
1533 3503 1961 3575 προσεκτήσατο·

308 3595 490 3651 καίτοι
540 3615 607 3671 γε
666 3591 991 3670 βουλομένῳ
1045 3593 1133 3648 καὶ
1186 3590 1464 3647 ταλάντων
1510 3590 1763 3669 ἀφθονίαν
1819 3592 1965 3663 αὐτῷ

310 3685 712 3761 περιποιεῖσθαι
762 3682 824 3738 ἃν
875 3680 1169 3757 ἐξεγένετο,
1217 3680 1278 3736 ού
1331 3678 1635 3756 λογισμοὺς
1682 3678 1965 3756 προσόδων

312 3773 407 3830 καὶ
463 3771 787 3843 διοικήσεως
847 3772 960 3845 (84)
1010 3770 1155 3847 παρὰ
1208 3773 1317 3824 τῶν
1373 3768 1841 3842 οἰκονομησάντων
1900 3770 1967 3823 τὰ

310 3868 418 3932 τῆς
474 3858 802 3932 Ἔκκλησίας
852 3859 1205 3930 ἐπεζήτησεν,
1253 3857 1352 3913 οὐκ
1396 3857 1708 3936 ἀναγραφὴν
1762 3861 1964 3913 σκευῶν

314 3953 504 4025 ἱερῶν,
546 3947 869 4020 καπηλικῶν
923 3945 1136 4022 μᾶλλον
1180 3949 1216 4016 ἢ
1249 3944 1708 4016 ἐκκλησιαστικῶν
1760 3943 1965 4022 ἀνδρῶν

314 4041 377 4095 τὸ
441 4037 597 4116 ἔργον
653 4041 765 4113 (85)
820 4041 981 4092 τοῦτο
1041 4030 1357 4106 ὑπολαϐὼν,
1407 4034 1497 4089 καὶ
1546 4034 1828 4111 ἀρχόντων
1870 4034 1969 4089 οὐκ

316 4127 633 4183 ἐπισκόπων
668 4146 682 4161 ·
740 4126 955 4188 τούτοις
1014 4124 1245 4187 ἅπαντας
1302 4121 1630 4178 ἐκπαιδεύων
1691 4127 1806 4196 Θεῷ
1856 4125 1969 4197 (86)

316 4216 664 4293 καθαρότητα
731 4215 1054 4293 προσφέρειν
1127 4221 1227 4283 τῆς
1282 4210 1636 4283 συνειδήσεως
1670 4256 1685 4283 ,
1743 4211 1831 4266 καὶ
1893 4212 1969 4287 μὴ

317 4304 638 4382 ἀνθρώπους
667 4305 948 4381 πειρᾶσθαι
978 4301 1401 4379 λογοθετοῦντας
1430 4299 1654 4357 πείθειν.

1987 3218 2029 3285 C
2067 3218 2328 3305 amicum,
2359 3218 2429 3292 ne
2457 3238 2601 3306 forte
2627 3239 2858 3293 satiatus
2886 3218 3067 3295 oderit
3095 3248 3146 3296 te
3170 3241 3235 3296 1⁸.

2142 3327 2339 3382 Tantae
2371 3341 2543 3396 porro
2576 3324 2843 3382 Ecclesiae
2873 3328 3084 3399 praesul
3114 3328 3444 3400 institutus,
3469 3350 3721 3405 proven-

2071 3417 2285 3485 tusque
2316 3416 2373 3467 et
2401 3411 2691 3469 inﬁnitam
2723 3414 2916 3470 omnis
2945 3416 3173 3487 generis
3204 3418 3596 3493 eximiamque
3628 3440 3722 3478 su-

2073 3499 2421 3574 pellectilem
2454 3505 2822 3569 consecutus,
2856 3520 2929 3559 ne
2971 3505 3143 3561 unica
3172 3507 3407 3577 quidem
3440 3511 3721 3568 drachma

2072 3590 2211 3646 hinc
2244 3589 2549 3646 facultates
2579 3606 2717 3646 suas
2756 3593 2955 3647 auxit:
2990 3610 3124 3648 cum
3155 3599 3348 3651 tamen
3401 3598 3719 3655 maximam

2073 3679 2426 3735 talentorum
2457 3679 2706 3751 copiam,
2741 3680 2790 3736 si
2818 3680 2899 3735 ita
2944 3680 3132 3753 ipsius
3173 3684 3444 3742 voluntas
3476 3686 3724 3759 tulisset,

2075 3766 2344 3840 colligere
2392 3767 2701 3839 potuisset.
2735 3768 2817 3824 Ne
2848 3770 3143 3825 redituum
3189 3774 3423 3843 quidem
3454 3779 3511 3830 et
3540 3777 3727 3832 admi-

2076 3856 2442 3912 nistrationis
2473 3857 2762 3913 rationem
2794 3858 2866 3914 ab
2912 3858 3007 3927 iis,
3032 3860 3131 3931 qui
3182 3861 3449 3919 Ecclesiae
3495 3866 3727 3936 negotia

2078 3950 2509 4018 procurassent,
2541 3946 2824 4017 repetivit,
2858 3963 2963 4002 nec
3000 3947 3380 4019 supellectilis
3415 3968 3593 4008 sacrae
3624 3955 3723 4009 de-

2078 4035 2451 4106 scriptionem
2490 4050 2819 4105 cauponum
2850 4035 3063 4104 verius,
3088 4053 3267 4109 quam
3300 4039 3723 4098 ecclesiastico-

2078 4140 2210 4179 rum
2255 4123 2538 4190 vivorum,
2567 4123 2625 4178 id
2675 4140 2803 4180 esse
2856 4128 3141 4193 statuens,
3173 4143 3240 4182 ac
3296 4129 3728 4203 praefectorum,

2081 4229 2197 4269 non
2229 4211 2636 4283 episcoporum
2662 4229 2675 4266 :
2699 4217 2874 4284 atque
2896 4212 2987 4269 his
3009 4215 3185 4270 rebus
3206 4232 3409 4273 omnes
3431 4220 3733 4289 erudiens,

2083 4306 2148 4358 ut
2207 4298 2575 4356 conscientia
2634 4302 2949 4372 puritatem
3006 4304 3201 4375 potius
3262 4306 3374 4362 Deo
3433 4308 3734 4377 offerrent,

2084 4407 2260 4463 quam
2294 4392 2360 4444 ut
2395 4388 2722 4445 rationibus
2765 4390 3084 4448 referendis
3130 4395 3394 4451 muneris
3424 4396 3516 4452 sui
3547 4396 3736 4455 admi-

2086 4477 2493 4534 nistrationem
2524 4476 2865 4536 hominibus
2894 4481 3143 4551 probare
3174 4482 3517 4541 niterentur.

397 4571 666 4649 Συνεχείᾳ
695 4569 753 4626 δὲ
781 4570 982 4642 πόνων,
1013 4571 1160 4646 γήρᾳ
1204 4590 1263 4625 τε
1289 4568 1379 4624 καὶ
1427 4567 1666 4640 ἀσθενείᾳ
1694 4564 1803 4639 ἤδη
1835 4589 1953 4641 καμι

2153 4567 2414 4622 Tandem
2446 4566 2702 4623 assiduis
2732 4566 3054 4639 laboribus,
3078 4573 3134 4626 et
3154 4572 3337 4641 senio,
3362 4574 3737 4646 corporisque

335 4663 622 4735 πιόμενος,
683 4659 1037 4737 ἀρρωστήσας
1094 4658 1181 4713 ἐπὶ
1238 4662 1337 4714 τοῦ
1387 4654 1692 4730 σκίμποδος
1738 4659 1825 4726 ἦν.
1883 4663 1953 4712 Κα

2089 4653 2490 4711 imbecillitate
2533 4654 2774 4723 fractus,
2803 4661 3046 4728 urgente
3074 4658 3128 4713 vi
3160 4660 3369 4733 morbi,
3393 4663 3634 4734 grabato
3676 4679 3739 4720 se

336 4747 397 4819 δή
425 4755 525 4806 τοῦ
558 4748 741 4824 δήμου
773 4747 987 4817 πλῆθος
1021 4746 1228 4822 ἀθρόως
1263 4743 1552 4815 ἐπεισῆλθε
1578 4750 1657 4817 τῷ
1695 4742 1980 4819 δωματίῳ,

2087 4744 2341 4801 tenebat.
2384 4747 2466 4798 Ac
2516 4742 2833 4800 multitudo
2879 4746 3079 4817 populi
3128 4747 3357 4821 ingens,
3397 4752 3737 4809 cubiculum

327 4838 457 4894 ἐνθα
511 4840 813 4894 κατέκειτο.
872 4838 930 4889 Ὃ
988 4833 1083 4905 δὲ,
1142 4836 1229 4890 οἷα
1286 4834 1439 4913 φιλεῖ
1497 4829 1808 4907 συμϐαίνειν
1865 4838 1953 4889 τοῖ

2088 4834 2146 4887 in
2179 4849 2294 4903 quo
2318 4832 2552 4903 jacebat
2582 4837 2818 4904 repente
2847 4834 3113 4907 ingressa
3141 4843 3247 4894 est.
3284 4840 3412 4911 Ipse
3440 4840 3639 4912 igitur,
3672 4844 3740 4897 ut

326 4929 699 5001 πτοουμένοις
759 4928 873 5000 (87)
908 4968 922 4995 ,
982 4923 1302 5001 ἐπιστρέψας
1379 4923 1466 4979 ἐπὶ
1524 4929 1621 4978 τού
1680 4920 1949 4996 σκίμποδο

2091 4921 2281 4978 solent
2310 4921 2409 4993 qui
2438 4922 2687 4993 strepitu
2719 4921 2915 4995 aliquo
2946 4932 3402 4996 commoventur,
3427 4929 3495 4983 ad
3532 4944 3593 4984 se
3621 4928 3739 4985 col-

326 5017 457 5080 τοὺς
486 5013 680 5085 πόδας,
732 5014 808 5075 εἷς
861 5010 1128 5091 τοῦδαφος
1180 5012 1376 5068 οὑτωσὶ
1422 5010 1719 5083 ἐκαθέζετο,
1767 5011 1820 5065 τί
1854 5010 1981 5085 βού-

399 5135 447 5171 ³⁵
479 5135 643 5191 Prov.
674 5147 803 5199 xxv,
837 5132 924 5187 17.

399 5250 516 5323 (79)
545 5248 707 5323 Colb.
744 5248 796 5315 1,
819 5245 921 5323 τὴν
968 5243 1312 5323 μετριότητα.

399 5265 497 5323 (ἐν
545 5265 707 5308 U010.
744 5265 921 5315 ι,την
1010 5265 1097 5319 ετρ

396 5265 516 5393 (80)
540 5322 793 5393 ()(›(1.ΑΡζ
811 5265 1104 5393 aiming.

420 5387 513 5457 81)
544 5391 725 5450 Codd.
757 5390 918 5446 Golb.
949 5388 1005 5457 2,
1038 5392 1096 5445 et
1123 5388 1217 5444 Or.
1251 5387 1430 5449 οὗτος.

419 5453 515 5527 82)
546 5466 634 5521 Ita
662 5461 835 5518 codd.
867 5453 1025 5516 Colb.
1050 5462 1106 5527 2,
1138 5464 1196 5516 et
1221 5464 1316 5515 Or.
1349 5460 1409 5514 in
1440 5458 1560 5515 edit
1586 5453 1822 5516 ἐνέϐαλε.

400 5528 657 5608 (33)Σοῦ
691 5534 856 5608 deest
885 5530 1134 5608 in‘Colb.
1163 5534 1217 5603 2,
1244 5528 1336 5585 ’tva
1364 5531 1424 5587 in
1454 5531 1582 5589 cod.
1615 5530 1711 5590 Or.
1746 5531 1845 5607 qui
1876 5531 1987 5589 ha-
2096 5528 2246 5608 hanc

322 5598 427 5666 bet
497 5598 638 5681 ίλον,
675 5605 879 5679 μήπως
910 5598 1163 5672 πληθείς.

541 5678 728 5743 Codd.
762 5675 860 5736 Or.
893 5678 952 5734 et
978 5673 1040 5736 Ρ.
1073 5670 1156 5731 διο

494 5686 514 5761 )
541 5670 860 5743 Οοὶιᾶ.Ὀι·.
893 5678 952 5734 et
978 5670 1040 5736 Ρ.
1073 5670 1416 5750 διοικήσεων,
1448 5689 1585 5735 mox
1612 5676 1738 5735 cod.
1770 5676 1834 5737 P.
1865 5673 1989 5749 ἰζτς.

2092 5011 2257 5067 lectis
2278 5010 2337 5066 in
2360 5010 2503 5067 sella
2524 5010 2793 5083 pedibus,
2817 5012 2876 5068 in
2899 5029 3033 5070 eum
3062 5016 3303 5071 modum
3324 5016 3383 5071 in
3408 5017 3739 5089 pavimento

2087 5263 2269 5313 τησεν.

2188 5317 2276 5374 85)
2306 5312 2377 5367 Τὸ
2407 5308 2563 5374 ἔργον
2596 5315 2757 5372 deest
2788 5315 2843 5371 in
2877 5318 3005 5373 cod.
3038 5321 3135 5374 Or.

2188 5317 2258 5370 85
2306 5317 2377 5367 Τὸ
2407 5317 2431 5369 ἕ
2508 5334 2563 5369 ον
2596 5317 2757 5372 deest
2788 5317 2843 5371 in
2877 5318 3005 5373 cod.
3038 5321 3135 5374 Or.

2187 5317 2279 5531 86)
2309 5388 2393 5469 Ita
2436 5332 2686 5443 gentm.
2711 5387 2847 5444 Cod.
2882 5388 2942 5445 P.
2966 5393 3023 5444 et
3051 5390 3304 5448 Combef.
3329 5391 3390 5447 In
3420 5388 3559 5446 edit.
3584 5388 3743 5450 Θεοῦ.

2188 5460 2255 5512 87
2294 5459 2399 5531 ,διο
2426 5460 2630 5515 volunt
2669 5460 2919 5516 Montac.
2952 5462 3120 5517 codd.
3153 5462 3247 5518 Or.
3280 5467 3345 5517 P.
3386 5470 3441 5519 et
3478 5462 3743 5521 Combef.

2188 5459 2279 5521 87)
2308 5459 2399 5514 Sic
2426 5460 2630 5515 volunt
2669 5460 2919 5516 Montac.
2952 5462 3120 5517 codd.
3153 5462 3247 5518 Or.
3280 5467 3345 5517 P.
3386 5470 3441 5519 et
3478 5462 3744 5521 Combef.

2165 5317 2183 5531 Ξ

2293 5529 2602 5608 lectionem
2651 5536 2886 5608 secutus
2912 5536 3024 5608 _est
3068 5534 3293 5608 Billius.
3326 5534 3389 5608 In
3439 5534 3579 5608 edit.
3610 5535 3746 5608 qui:

2096 5601 2266 5682 busd.
2307 5601 2690 5682 ποιουμένοις.
2733 5604 2861 5682 Mog;
2903 5603 3061 5661 Colb.
3114 5607 3164 5682 1,
3196 5603 3485 5682 ἐπιτρέψας
3534 5601 3743 5682 ἐκξτοῦ

2095 5669 2416 5748 σκίμποδος.
2448 5669 2654 5732 B'illius
2695 5676 2885 5748 vertit,
2916 5669 3189 5737 conversis
3217 5680 3278 5736 in
3305 5669 3447 5739 s'ella
3490 5678 3744 5753 pedibus.
