4096 6288
386 301 503 359 295

1504 297 1685 359 Vl'l‘A
1738 301 1802 359 S.
1851 297 2221 359 GREGORII
2264 296 2657 361 THEOLOGI

3673 302 3790 365 296

387 432 645 500 sedebat,
679 429 816 501 quid
849 429 960 485 sibi
1006 446 1207 485 eorum
1256 432 1539 486 adventus
1570 431 1741 487 vellet
1791 449 2028 504 percun-

2150 428 2319 503 λεται,
2370 431 2792 504 πυνθανόμενος,
2843 434 2875 501 ἡ
2926 432 3100 487 αὐτῶν
3154 433 3437 507 παρουσία.
3484 436 3545 489 Oi
3579 432 3656 503 δὲ,
3690 435 3792 509 χά-

385 523 573 576 ctans.
601 519 686 573 [lli
720 524 913 573 autem
936 535 1069 572 cum
1101 524 1156 573 et
1186 519 1257 574 ob
1288 536 1355 574 ea
1384 536 1512 590 quae
1542 520 1874 575 acciderant
1902 537 2028 592 gra-

380 608 495 664 tias
540 612 651 663 Deo
698 605 973 678 egissent,
1006 623 1070 660 ac
1130 623 1231 677 pro
1288 607 1657 679 imperatoris
1715 608 1921 679 salute,
1955 610 2026 664 ob

378 700 679 768 acceptum
728 695 1035 766 templum,
1070 694 1335 767 aliasque
1382 712 1579 751 sacras
1629 698 1802 767 aedes,
1832 697 2028 752 ortho-

378 787 779 856 doxorumque
825 782 1153 850 ecclesiam,
1203 789 1335 839 vota
1391 784 1680 854 fecissent,
1715 785 2028 857 ipsumque

381 876 594 930 horum
624 873 889 929 omnium
939 878 1233 927 auctorem
1267 876 1323 927 et
1352 873 1732 927 architectum
1784 874 2029 945 professi

385 963 655 1028 fuissent,
679 961 792 1017 laeti
818 961 1084 1016 cubiculo
1109 968 1503 1017 excesserunt.
1530 962 1875 1017 Adolescens
1898 979 2027 1018 vero

385 1053 623 1125 quidam
655 1051 911 1120 relictus,
945 1050 1335 1121 manibusque
1366 1050 1488 1105 suis
1534 1052 1684 1104 beati
1713 1050 1820 1104 viri
1853 1052 2028 1122 pedes

384 1140 801 1213 comprimens,
833 1139 905 1193 ab
935 1155 1001 1194 eo
1032 1155 1162 1192 cum
1209 1137 1481 1209 lacrymis
1512 1145 1567 1193 et
1598 1137 2028 1194 lamentationi-

380 1232 493 1287 bus
524 1229 755 1285 sceleris
798 1227 1025 1284 veniam
1075 1226 1319 1299 supplex
1369 1226 1722 1298 postulabat.
1755 1226 2029 1298 Gregorio

379 1324 573 1376 autem
622 1318 957 1374 sciscitante
1009 1316 1148 1387 quid
1200 1315 1310 1370 sibi
1371 1314 1479 1370 hoc
1533 1332 1799 1370 sermone
1835 1316 2027 1382 vellet,

377 1408 523 1463 nihil
558 1407 819 1479 responsi
868 1406 1044 1460 dabat
1076 1421 1089 1458 :
1120 1404 1220 1459 sed
1268 1406 1497 1458 tantum
1549 1403 1805 1474 lugebat,
1838 1421 1903 1458 ac
1937 1421 2028 1459 ve-

379 1499 538 1554 niam
572 1496 816 1569 petebat.
842 1500 985 1548 Tum
1020 1493 1259 1565 quidam
1294 1509 1363 1547 ex
1393 1492 1463 1547 iis
1494 1494 1593 1562 qui
1626 1496 1915 1558 astabant,
1951 1495 2030 1549 ita

376 1586 610 1642 locutus
657 1589 747 1640 est
778 1602 790 1639 :
822 1604 848 1636 α
882 1584 981 1637 llic
1029 1587 1118 1637 est
1164 1580 1258 1636 ille
1289 1581 1542 1636 carnifex
1594 1586 1748 1647 tuus,
1781 1598 1812 1635 ο
1844 1586 2027 1652 pater,

378 1675 536 1747 quia
559 1672 856 1729 nonnullis
884 1672 1240 1727 subornatus
1264 1669 1478 1724 ferrum
1500 1670 1606 1723 tibi
1627 1669 1685 1723 in
1714 1670 2030 1741 praecordis.

380 1765 680 1819 defixurus
724 1766 868 1829 erat,
901 1760 1012 1814 nisi
1044 1758 1309 1813 Christus
1341 1759 1645 1830 perspicue
1676 1758 1783 1813 tibi
1814 1758 2029 1813 auxilio

376 1852 603 1907 fuisset.
639 1851 800 1915 Quod
832 1854 1031 1905 autem
1080 1849 1150 1903 ad
1196 1864 1395 1903 eorum
1428 1846 1782 1901 voluntatem
1820 1848 2028 1901 attine-

375 1942 496 2006 bat,
520 1941 747 1996 facinus
770 1942 1162 2011 perpetratum
1187 1941 1295 1991 est.
1315 1936 1559 1990 Proinde
1587 1952 1738 1989 nunc
1761 1936 1830 1990 ad
1858 1938 2029 2006 pedes

374 2029 482 2086 tibi
514 2029 903 2102 procumbens
935 2025 1170 2092 clamat,
1194 2024 1448 2095 suscepti
1503 2024 1737 2078 sceleris
1779 2026 2027 2095 pmnitu-

380 2120 515 2175 dine
545 2118 806 2172 affectus.
837 2140 856 2164 ο
894 2113 1207 2170 Confestim
1246 2118 1439 2167 autem
1489 2110 1677 2180 Pater,
1711 2117 1775 2167 ut
1804 2117 2027 2184 patrem

380 2224 613 2280 (equum
665 2208 810 2275 erat,
843 2203 1270 2258 adolescentem
1320 2200 1400 2255 ita
1443 2199 1852 2272 alloquitur:«
1886 2205 2030 2257 Pro-

378 2296 560 2370 pitius
606 2294 712 2350 tibi
743 2292 1009 2348 Christus
1056 2291 1152 2360 sit,
1184 2307 1217 2345 0
1247 2289 1613 2356 chsrissime,
1645 2290 1869 2360 tibique
1907 2291 2030 2361 ipse

379 2387 665 2459 ignoscat,
695 2383 795 2454 qui
840 2398 933 2436 me
982 2396 1216 2452 quoque
1265 2378 1529 2434 servavit.
1566 2378 1683 2433 Hoc
1732 2378 1922 2433 solum
1957 2380 2028 2434 ad

381 2472 657 2531 facinoris
688 2469 1119 2527 excusationem
1169 2472 1227 2522 et
1275 2467 1676 2539 purgationem
1712 2484 1743 2522 a
1775 2475 1826 2522 le
1874 2474 2028 2539 peto,

369 2568 434 2618 ut
466 2578 629 2618 meus
661 2560 788 2626 fias,
820 2556 1091 2612 haeresim
1140 2559 1494 2621 exsecratus,
1525 2559 1697 2624 atque
1728 2555 1798 2608 ad
1844 2554 2029 2609 Deum

2063 1792 2106 1857 B

2137 538 2220 595 ριν
2262 520 2702 596 ὁμολογήσαντες
2752 522 2864 593 (88)
2911 525 2989 592 τῷ
3041 525 3155 592 Θεῷ
3202 521 3289 576 ἐπὶ
3332 527 3446 584 τοῖς
3496 523 3790 598 γεγενημέ-

2135 628 2267 679 νοις,
2331 608 2419 662 καὶ
2490 609 2621 682 ὑπὲρ
2686 612 2783 662 τοῦ
2840 607 3107 684 βασιλέως
3168 610 3585 685 ὑπερευξάμενοι
3654 614 3790 684 (89),

2135 692 2310 750 ἕνεκεν
2353 701 2450 750 τοῦ
2498 696 2623 766 νεὼ,
2654 697 2746 751 καὶ
2794 701 2899 751 τῶν
2945 695 3131 751 αλλων
3162 699 3320 773 ἰερῶν
3355 698 3541 763 οἷόιων,
3574 701 3665 754 καὶ
3694 703 3793 769 τῆς

2138 783 2460 854 Ἐκκλησίας
2488 788 2596 839 τῶν
2645 782 2971 860 ὀρθοδόξων,
3016 784 3227 840 πάντων
3280 784 3337 840 δὲ
3367 787 3572 841 τούτων
3616 785 3789 843 αἱίτιον

2135 872 2517 945 προσειπόντες
2559 874 2651 928 τὸν
2708 874 2962 946 ποιμένα,
3017 874 3308 950 γεγηθότες
3360 875 3600 949 ἀπῄεσαν
3652 880 3789 951 (90).

2137 961 2362 1023 Νεανίας
2421 959 2477 1016 δέ
2534 983 2618 1024 τις
2679 960 3043 1039 ὑπολειφθεὶς,
3093 964 3181 1018 καὶ
3228 970 3348 1026 ταῖς
3400 965 3590 1020 ἑαυτοῦ
3631 967 3787 1040 χερσὶ

2138 1048 2433 1122 συμπιέσας
2474 1049 2637 1105 αὐτοῦ
2683 1050 2812 1114 τοὺς
2859 1046 3050 1120 πόδας,
3106 1049 3370 1123 ὀδυρμοῖς
3402 1053 3491 1107 καὶ
3533 1050 3785 1128 δάκρυσιν

2138 1137 2339 1193 ἱκέτευε
2386 1140 2478 1193 τὸν
2534 1138 2794 1213 μακάριον
2849 1144 3153 1215 συγγνῶναι
3202 1140 3347 1211 αύτῷ
3390 1142 3453 1195 τὸ
3502 1142 3785 1215 πλημμέ-

2138 1223 2314 1299 λημα.
2347 1231 2451 1280 Τοῦ
2484 1225 2539 1281 δὲ
2568 1226 2970 1299 πυνθανομένου
2998 1226 3052 1281 τί
3099 1228 3161 1282 τὸ
3209 1227 3502 1304 λεγόμενον
3555 1227 3662 1301 εἴη,
3697 1229 3786 1285 ού-

2139 1312 2224 1369 δὲν
2284 1315 2626 1390 ἀπεκρίνατο,
2676 1314 2823 1385 πλὴν
2870 1320 2967 1371 τοῦ
3020 1318 3255 1392 θρηνεῖν,
3315 1318 3405 1372 xui
3453 1319 3785 1393 συγγνώμην

2137 1404 2325 1459 αἰτεῖν.
2360 1408 2478 1458 Τῶν
2531 1401 2588 1459 δὲ
2634 1406 3040 1480 περισταμένων
3090 1426 3175 1467 τις
3219 1402 3340 1483 ἔφη.
3378 1430 3408 1458 ‹‹
3439 1406 3607 1469 Οὗτός
3648 1406 3786 1461 ἐστιν

2138 1493 2167 1546 ὁ
2197 1492 2288 1553 σὸς
2322 1491 2534 1569 φονεὺς,
2568 1494 2612 1547 ὧ
2658 1494 2770 1565 (91)
2822 1495 3009 1569 πάτερ,
3040 1493 3100 1555 ’ὃς
3131 1490 3361 1566 ἔμελλεν
3404 1494 3463 1549 ὲκ
3491 1496 3786 1573 σκαιωρίας

2137 1585 2296 1634 τινῶν
2346 1580 2482 1634 κατὰ
2542 1586 2649 1635 τῶν
2702 1586 2807 1635 σῶν
2861 1580 3095 1657 έγκάτων
3147 1581 3388 1637 ἐλαύνειν
3448 1583 3597 1662 ξίφος
3650 1586 3785 1659 (92),

2137 1668 2225 1723 xui
2260 1671 2287 1723 ὁ
2319 1669 2554 1741 Χριστός
2588 1691 2682 1723 σου
2730 1674 2913 1746 σαφῶς
2957 1666 3299 1729 ἀντελάϐετο.
3334 1673 3569 1745 Γνώμης
3602 1670 3659 1727 δὲ
3686 1676 3785 1741 τῆς

2139 1756 2312 1811 αὐτῶν
2344 1754 2518 1812 ἕνεκεν
2552 1758 2613 1811 τὸ
2662 1756 2841 1832 δρᾶμα
2890 1758 3217 1830 ἐξετελέσθη.
3252 1759 3435 1834 Ταύτῃ
3479 1782 3566 1815 τοι
3613 1782 3783 1836 προσ-

2135 1845 2348 1899 πίπτων
2388 1846 2488 1919 βοᾷ
2536 1844 2623 1899 ἐπὶ
2670 1851 2738 1919 τῇ
2788 1845 2970 1920 τόλμῃ
3022 1846 3487 1921 μεταμελόμενος.
3522 1850 3787 1906 »Αὐτίκα

2138 1930 2195 1987 δὲ
2226 1934 2253 1986 ὁ
2286 1934 2490 2007 Πατὴρ,
2524 1936 2613 1988 οἵα
2650 1935 2829 2009 πατὴρ
2862 1937 2994 2007 (93),
3027 1934 3152 1990 τάδε
3202 1937 3353 2013 φησί·
3391 1962 3419 1990 ‹‹
3455 1938 3665 1993 Γένοιτό
3699 1960 3786 1994 σοι

2137 2022 2368 2093 Χριστὸς
2402 2024 2513 2093 (94)
2546 2020 2797 2093 εὐμενής,
2832 2024 2876 2077 ὦ
2911 2023 3161 2101 φίλτατε,
3207 2026 3295 2079 xui
3348 2023 3461 2097 δῴη
3516 2048 3602 2080 σοι
3653 2048 3784 2103 συγ-

2135 2110 2360 2185 γνώμην
2393 2109 2574 2183 αὐτὸς,
2626 2111 2653 2164 ὁ
2699 2111 2839 2185 κάμὲ
2885 2115 3209 2188 περισώσας.
3245 2114 3416 2169 Μόνον
3466 2114 3543 2177 εἷς
3577 2116 3788 2171 ἀπολο-

2136 2197 2259 2273 γίαν
2288 2205 2388 2267 τῆς
2415 2196 2632 2271 τόλμης
2683 2198 2813 2271 ἐμὸς
2861 2206 3039 2275 γενοῦ,
3071 2203 3170 2270 τήν
3222 2199 3419 2277 αἵρεσιν
3457 2200 3788 2279 βδελυξάμε-

2136 2307 2249 2356 νος,
2297 2291 2412 2359 Θεῷ
2461 2308 2521 2342 τε
2566 2287 2833 2360 πρόσελθε
2867 2331 2880 2355 ,
2927 2290 3017 2343 xui
3073 2287 3297 2345 δούλευε
3342 2291 3486 2363 αὐτῷ
3534 2290 3785 2349 δουλείαν

2138 2373 2407 2449 εἰλικρινῆ
2455 2376 2544 2431 καὶ
2593 2379 2706 2449 (95)
2760 2376 3026 2434 ἑκούσιον.
3082 2402 3102 2429 ι
3155 2384 3215 2433 ’Π
3267 2378 3356 2434 οὖν
3408 2375 3595 2448 πόλις,
3627 2382 3788 2436 ἀκού-

2139 2484 2273 2518 σασα
2317 2470 2417 2533 τῆς
2465 2464 2801 2541 ἀποκρίσεως
2829 2466 2892 2520 τὸ
2944 2467 3318 2542 μακρόθυμον,
3350 2468 3518 2524 πλέον
3567 2468 3650 2524 ἐπ’
3692 2470 3786 2525 αύ-

2137 2557 2215 2625 τῷ
2246 2552 2446 2631 ἐξήφθη
2481 2552 2860 2631 φιλοστοργίᾳ.

379 2652 645 2720 accedas,
677 2648 906 2721 ipsique
952 2647 1239 2701 sinceram
1272 2648 1329 2699 et
1360 2642 1751 2698 voluntariam
1800 2645 2136 2699 servitutem
2187 2644 2426 2700 servias.
2451 2666 2479 2696 ››
2515 2644 2695 2717 Cujus
2739 2646 2865 2716 jam
2914 2646 3061 2704 lenis
3109 2648 3374 2720 responsi
3406 2666 3541 2705 cum
3575 2650 3789 2706 certior

376 2741 530 2796 facta
558 2742 712 2794 esset
741 2737 964 2805 civitas,
999 2731 1312 2789 ardentiori
1342 2748 1481 2803 erga
1511 2748 1643 2787 eum
1678 2748 1875 2786 amore
1905 2732 2143 2788 incensa
2172 2737 2279 2789 est.

449 2828 568 2884 Sub
592 2827 647 2882 id
669 2842 800 2880 vero
827 2829 1054 2894 tempus
1078 2839 1145 2875 ex
1169 2820 1326 2875 omni
1349 2821 1740 2875 Romanorum
1763 2820 2027 2891 imperio,

2210 2818 2338 2873 Ὑπὸ
2370 2816 2427 2873 δὲ
2454 2821 2544 2874 τὸν
2589 2821 2774 2898 καιρὸν
2823 2825 3009 2876 τοῦτον
3062 2822 3121 2877 ἐκ
3162 2821 3339 2893 πάσης
3388 2827 3487 2893 τῆς
3524 2822 3624 2879 ὑπὸ
3652 2825 3784 2880 Ῥω-

387 2924 773 2992 praeterquam
807 2932 872 2969 ex
893 2915 1135 2985 [Egypto
1158 2918 1212 2966 et
1235 2910 1491 2966 occiduis
1525 2910 1805 2980 partibus,
1831 2915 2028 2965 sancta

2144 2906 2316 2979 μαίων
2350 2911 2460 2980 (96)
2492 2908 2692 2984 ἀρχῆς,
2724 2908 2870 2978 πλὴν
2920 2909 3192 2983 Αἰγύπτου
3238 2912 3327 2966 καὶ
3375 2919 3475 2980 τῆς
3510 2912 3778 2987 ἒσπερίας,

387 3009 793 3081 episc0porum
830 3011 1059 3058 centum
1092 3006 1149 3055 et
1176 2999 1597 3070 quinquaginta
1645 2999 1901 3071 synodus
1933 3015 2031 3053 co-

385 3102 515 3155 acta
540 3103 628 3152 est
658 3100 779 3149 tum
817 3098 879 3147 ut
909 3092 1068 3163 pium
1102 3089 1409 3160 praesulem
1441 3092 1701 3158 augustae
1733 3087 1860 3141 urbi
1896 3104 2035 3159 prae-

384 3188 645 3253 ﬁcerent,
679 3187 800 3239 tum
838 3186 898 3236 ut
926 3180 1176 3234 haereses
1209 3195 1334 3248 qum
1380 3175 1630 3243 interim,
1664 3176 1801 3229 dum
1834 3175 2029 3230 Ariani

383 3291 577 3330 rerum
612 3272 956 3343 potirentur,
980 3271 1190 3323 exortae
1242 3266 1486 3333 fuerant,
1519 3264 1860 3320 meumeniei
1892 3280 2028 3319 con-

383 3362 501 3418 cilii
533 3362 761 3416 deereto
807 3359 877 3412 ab
923 3356 1177 3411 Ecclesia
1205 3355 1670 3409 extruderentur.
1704 3352 2028 3422 Enimvero,

383 3468 511 3523 qua:
559 3450 629 3503 ad
686 3447 935 3501 haereses
984 3442 1376 3515 proﬂigandas
1426 3441 1815 3511 pertinebant,
1848 3441 2029 3494 multo

382 3544 515 3594 ante
543 3553 792 3606 magnus
820 3531 1131 3604 Gregorius
1158 3534 1586 3602 praestruxerat,
1610 3528 1764 3583 velut
1794 3528 2030 3583 insidio-

380 3645 477 3683 sas
508 3626 726 3682 bestias
758 3624 828 3678 ab
861 3621 1124 3677 Ecclesia:
1157 3618 1289 3673 ovili
1336 3634 1577 3672 arcens:
1611 3623 1785 3687 atque
1814 3617 1871 3671 in
1902 3617 2031 3687 ipsa

378 3716 556 3771 etiam
590 3716 961 3770 sacrosancta
1005 3710 1224 3781 synodo
1274 3708 1395 3779 pari
1428 3705 1607 3761 animi
1657 3706 2028 3761 contentione

379 3821 513 3861 cum
555 3803 686 3859 aliis
737 3799 1068 3857 decertavit.
1102 3802 1311 3851 Sancta
1341 3802 1532 3849 autem
1584 3795 1843 3865 synodus
1892 3811 2027 3848 eum

377 3894 714 3965 episcopum
756 3887 1077 3953 constituit,
1112 3886 1566 3956 antesignanum
1596 3888 1653 3937 et
1682 3884 1887 3937 ducem
1923 3883 2026 3937 ba-

378 3983 525 4038 bens
550 3996 825 4047 magnum
851 3979 1016 4033 illum
1042 3972 1519 4029 Antiochensium
1546 3976 1834 4042 pastorem
1860 3971 2028 4027 Mele-

377 4071 545 4135 tium,
579 4071 765 4124 virum
799 4068 892 4139 pia
922 4065 1035 4120 fide
1075 4063 1403 4134 praeditum,
1436 4060 1653 4132 quique
1686 4058 2027 4114 ﬂorentibus

378 4159 733 4213 Arianorum
766 4157 941 4211 rebus
966 4152 1218 4207 Ecclesia
1241 4149 1444 4221 pulsus
1478 4150 1683 4217 fuerat,
1708 4148 2028 4218 multisque

380 4246 821 4302 calamitatibus
843 4241 1145 4298 exhaustis
1167 4240 1443 4294 diuturno
1467 4236 1782 4291 mulctatus
1802 4237 2025 4292 exsilio.

2142 2994 2404 3063 συνῆλθεν
2436 3000 2470 3065 ἡ
2501 3001 2610 3050 τῶν
2642 2997 2824 3052 ἑκατὸν
2878 3000 3211 3068 πεντήκοντα
3258 2998 3379 3074 ἁγία
3419 2998 3657 3070 σύνοδος,
3692 3000 3785 3077 ἆρ-

2141 3082 2329 3157 χιερέα
2374 3092 2701 3153 καταστῆσαι
2751 3088 2817 3159 τῇ
2871 3084 3111 3160 βασιλίδι
3160 3088 3370 3156 πιστὸν,
3416 3091 3504 3143 xui
3552 3089 3647 3150 τὰς
3698 3091 3783 3144 ui-

2144 3170 2313 3243 ρέσιις
2339 3171 2435 3234 τὰς
2463 3171 2512 3226 ἐν
2554 3171 2631 3244 τῷ
2666 3172 2859 3244 μεταξὺ
2887 3178 2993 3227 τῶν
3025 3175 3371 3249 Ἀρειανικῶν
3421 3180 3534 3249 (97)
3565 3177 3784 3253 χρόνων

2142 3259 2459 3337 ἀναφυείσας
2513 3260 2775 3330 ἐξωθῆσαι
2820 3268 2921 3330 τῆς
2973 3261 3298 3332 Ἐκκλησίας
3333 3266 3499 3341 ψήφῳ
3530 3265 3787 3339 οἶχουμε-

2136 3354 2295 3416 νικῆς
2342 3346 2716 3410 συνελεύσεως,
2769 3350 2842 3402 Τὰ
2897 3351 2989 3422 μὲν
3042 3348 3132 3405 οὖν
3179 3352 3313 3406 κατὰ
3368 3357 3476 3407 τῶν
3528 3355 3785 3426 αἱρέσεων

2136 3433 2586 3511 προωδοποίησεν
2720 3436 2883 3512 μέγας
2935 3439 3233 3512 Γρηγόριος
3281 3439 3339 3493 ἐκ
3384 3439 3611 3496 πολλῶν
3676 3448 3783 3498 τῶν

2138 3524 2374 3597 χρόνων,
2410 3524 2591 3599 ὥσπερ
2641 3526 2808 3600 θῆρας
2856 3521 3183 3589 ἐπιϐούλους
3235 3533 3331 3582 τοῦ
3381 3529 3639 3601 ποιμνίου
3683 3539 3785 3602 τῆς

2134 3611 2458 3683 Ἐκκλησίας
2506 3610 2851 3667 ἀποδιώκων·
2907 3614 2996 3669 καὶ
3050 3614 3217 3681 αὐτῆς
3266 3614 3323 3670 δὶ
3374 3617 3653 3689 παρούσης
3683 3626 3785 3689 τῆς

2137 3701 2293 3775 ἁγίας
2321 3698 2563 3773 συνόδου,
2606 3701 2815 3773 ὁμοίως
2861 3705 3286 3779 συνηγωνίσατο.
3315 3707 3377 3761 Ἠ
3411 3702 3469 3760 δὲ
3499 3705 3625 3783 ἁγία
3653 3707 3779 3761 σύν-

2137 3786 2262 3850 οδος
2307 3789 2463 3843 αὑτὸν
2514 3788 2857 3864 ἐνεθρόνισεν,
2905 3791 3153 3865 ἡγεμόνα
3207 3790 3410 3867 ἔχουσα
3459 3795 3551 3848 τὸν
3606 3797 3775 3870 μέγαν

2134 3879 2371 3950 ποιμένα
2397 3884 2496 3947 τῆς
2528 3877 2875 3954 Ἀντιοχέων,
2907 3878 3187 3950 Μελέτιον,
3221 3879 3386 3957 ἄνδρα
3433 3879 3624 3953 εὐσεϐῆ
3680 3886 3777 3957 μὲν

2133 3970 2201 4039 τῇ
2232 3966 2410 4021 πίστει
2438 3966 2526 4021 καὶ
2578 3967 2629 4021 ἐν
2677 3973 2796 4030 τοῖς
2844 3969 3068 4044 χρόνοις
3115 3975 3211 4023 τοῦ
3266 3971 3604 4046 Ἀρειανικοῦ
3650 3972 3786 4048 κρά-

2133 4075 2259 4115 τους
2316 4053 2628 4125 έξελαθέντα
2682 4057 2794 4129 (98)
2849 4063 2950 4126 τῆς
3009 4056 3333 4128 Ἐκκλησίας
3369 4104 3384 4131 ,
3443 4059 3675 4115 πλεῖύτά
3728 4082 3791 4118 τε

2135 4145 2606 4216 κακοπαθήσαντα,
2657 4139 2849 4214 συνέϐη
2903 4144 3081 4219 ἐξορ.ᾳ
3129 4146 3491 4223 πολυχρονίῳ
3547 4147 3791 4223 παραδο-

2137 4233 2315 4301 θῆναι·
2347 4232 2437 4286 τὸν
2494 4229 2549 4286 δὲ
2595 4232 2796 4306 τρόπον
2845 4233 2895 4287 τί
2926 4232 3008 4288 δεῖ
3056 4234 3252 4310 λέγειν,
3288 4237 3478 4299 ὁποῖός
3502 4257 3586 4299 τις
3620 4238 3796 4310 ὑπῆρ-

381 4336 603 4401 Quibus
637 4338 830 4389 autem
857 4329 1118 4385 moribus
1141 4326 1416 4398 praeditus
1448 4329 1620 4389 esset,
1646 4324 1782 4394 quid
1819 4326 2028 4380 referre

2139 4339 2232 4396 χεν
2269 4339 2282 4389 ;
2316 4321 2371 4373 Ὁ
2400 4321 2501 4395 γὰρ
2534 4319 2693 4383 αὐτὸς
2725 4316 2898 4395 πρᾷός
2945 4343 3005 4376 τε
3050 4323 3117 4392 ἦν
3168 4323 3257 4378 καὶ
3290 4321 3637 4399 δραστήριος,
3682 4327 3795 4380 σώ-

379 4439 618 4479 necesse
649 4420 774 4477 est?
807 4422 965 4475 idem
989 4418 1145 4473 enim
1169 4420 1225 4470 et
1247 4419 1588 4469 mansuetus
1618 4418 1745 4467 erat
1772 4417 1828 4467 et
1857 4414 2028 4469 rebus

2139 4429 2287 4486 φρων
2321 4410 2454 4481 (99),
2489 4406 2714 4481 δίκαιος,
2746 4407 3014 4485 ἀνδρεῖος,
3049 4412 3232 4489 σοφὸς,
3264 4412 3353 4467 καὶ
3383 4415 3519 4488 πρὸς
3549 4419 3653 4467 πᾶν
3686 4421 3795 4484 τῆς

379 4510 653 4585 gerendis
686 4509 869 4565 solers
902 4513 959 4563 et
978 4506 1202 4569 efficax,
1226 4503 1821 4574 temperans,justus,
1844 4502 2029 4568 fortis,

2140 4497 2335 4570 ἀρετῆς
2368 4498 2444 4571 (1)
2476 4495 2684 4559 κάλλος
2732 4498 3105 4572 ἀπεξεσμένος.
3156 4501 3363 4555 Τούτου
3412 4498 3470 4556 δὲ
3511 4501 3798 4578 εἰσηγήσει

380 4574 638 4671 sapiens,
674 4603 847 4669 atque
888 4594 1049 4652 omni
1102 4593 1384 4647 virtutum
1433 4606 1643 4662 genere
1692 4589 2028 4662 perpolitus.

2141 4585 2231 4640 xui
2285 4580 2594 4658 συμϐουλίᾳ
2640 4584 2901 4657 συνοδική
2950 4592 3131 4666 ψῆφος
3184 4588 3422 4666 ἐκύρωσε
3464 4591 3564 4658 τὴν
3622 4574 3794 4666 προε-

380 4689 573 4759 Hujus
603 4686 847 4743 consilio
879 4690 1053 4756 atque
1081 4682 1317 4737 hortatu
1344 4679 1618 4751 Gregorio
1650 4684 1911 4751 augustae
1944 4696 2035 4734 ur-

378 4778 473 4833 bis
516 4776 888 4849 episc0patus
945 4770 1174 4828 concilii
1232 4771 1461 4824 decreto
1514 4767 1894 4823 conﬁrmatus
1923 4772 2031 4824 est.

381 4866 512 4939 Ipse
560 4870 775 4934 autem,
811 4862 1073 4936 quamvis
1126 4857 1389 4931 alioquin
1420 4857 1491 4912 ab
1523 4855 1859 4928 episcopatu
1893 4854 2034 4911 alie-

473 5045 563 5116 88)
593 5044 768 5100 Codd.
802 5042 957 5099 Colb.
994 5043 1044 5109 1,
1074 5041 1197 5116 2__et
1352 5032 1808 5116 épO_XoYﬁaovrec.

473 5045 563 5116 88)
593 5045 768 5100 Codd.
802 5045 957 5099 Colb.
994 5045 1044 5109 1,
1074 5045 1109 5094 2
1139 5045 1197 5095 et
1226 5045 1316 5092 Or.
1352 5045 1808 5109 ὸμολογήσοντες.

451 5045 564 5186 (89)
594 5117 772 5172 Codd.
807 5116 901 5171 Οι.
936 5120 993 5171 et
1016 5111 1241 5186 7Col_b._1
1276 5113 1333 5163 et
1360 5110 1417 5175 2,
1450 5105 1886 5179 ὑπερευξόμενοι.

452 5179 566 5258 (90)
596 5188 772 5242 COdd.
804 5190 898 5243 Or.
926 5191 983 5242 et
1012 5185 1072 5258 ΡΪ
1106 5179 1344 5258 ἀπίεσαν.

455 5247 568 5329 (91)
596 5258 661 5329 Ὦ
692 5260 854 5314 deest
881 5260 935 5312 in
970 5256 1095 5313 cod.
1130 5254 1224 5309 Or.
1258 5255 1385 5306 Mox
1416 5249 1582 5304 codd.
1611 5248 1669 5301 P.
1702 5252 1759 5303 et
1784 5247 1943 5303 Colb.
1976 5248 2030 5314 1,

378 5328 695 5401 σκευωρίας.

354 5412 363 5419 “
598 5403 732 5477 God.
766 5401 867 5477 Or._
892 5395 1156 5477 magis“,
1179 5466 1191 5477 .

477 5426 567 5470 ιω)
598 5426 732 5456 uuu.
766 5426 861 5457 ur.
892 5426 954 5453 το
985 5426 1156 5473 ςιφυε..

354 5486 357 5489 ·
449 5426 564 5615 (93)
597 5474 697 5525 Οἴα
725 5473 903 5544 πατήρ
935 5473 1149 5526 desunt
1178 5466 1232 5518 in
1269 5462 1394 5520 cod.
1434 5462 1493 5516 P.

473 5544 563 5615 94)
596 5544 729 5615 Cod.
768 5545 861 5601 Or.
897 5546 991 5596 σοῦ
1020 5534 1297 5615 Χριστόςιι

513 5544 563 5601 4)
596 5544 729 5600 Cod.
768 5534 991 5601 Οι“ξ’σοῦ
1020 5534 1270 5601 Χριστός.

473 5546 563 5610 94)
596 5546 729 5600 Cod.
768 5546 861 5601 Or.
897 5546 991 5596 σοῦ
1020 5546 1064 5595 Χ
1108 5546 1270 5597 ιστόςο

474 5614 563 5688 95)
588 5614 690 5673 Καί
713 5616 910 5676 deerat
932 5614 988 5671 in
1012 5558 1177 5680 edit”
1202 5607 1301 5666 sed
1327 5604 1751 5665 restituendum
1776 5605 2027 5665 Montao.

2143 4671 2295 4748 δρίαν
2344 4681 2444 4743 τῆς
2497 4672 2782 4749 βασιλίδος
2829 4680 2908 4748 τῷ
2956 4676 3264 4753 Γρηγορίῳ.
3295 4680 3352 4731 Ὁ
3392 4676 3469 4749 δὲ,
3501 4681 3695 4755 καίπερ
3722 4682 3794 4735 τὰ

2143 4761 2287 4818 ἄλλα
2319 4760 2683 4838 δυσχεραίνων
2730 4765 2868 4839 πρὸς
2906 4766 3006 4834 τήν
3038 4765 3363 4836 ἐπισκοπὴν,
3416 4768 3573 4840 πόθῳ
3608 4768 3789 4839 μέντοι

2140 4858 2242 4922 τῆς
2271 4850 2531 4924 ποίμνης,
2564 4852 2653 4907 καὶ
2698 4858 2777 4925 τῷ
2813 4854 3076 4927 νομίζειν,
3108 4854 3153 4909 εἰ
3199 4862 3300 4925 τῆς
3352 4854 3631 4931 βασιλίδος
3662 4876 3792 4933 κρα-

2144 5031 2437 5089 iudicavit.

2133 5050 2505 5177 Juiggiiiiiiit.
2539 5104 2779 5177 quidam
2808 5104 3008 5177 volunt
3035 5105 3349 5177 Ῥωμαίοις,
3383 5107 3631 5163 Montac.
3657 5105 3797 5161 Ῥω-

2144 5174 2446 5248 μαίουςηοι
2474 5174 2762 5248 sic’habet
2789 5176 2948 5234 Colb.
2985 5180 3032 5233 1.

2211 5249 2324 5319 (97)
2354 5247 2490 5302 Cod.
2520 5246 2961 5319 Or._iApez_uv6)v.

2212 5315 2323 5391 (98)
2353 5319 2490 5391 Cod.
2523 5319 2585 5373 P.
2621 5315 2920 5386 ἐξελθόντα.

2210 5389 2324 5515 (99)
2356 5389 2598 5465 Σώφρων
2630 5391 2792 5446 deest
2820 5391 2880 5447 in
2910 5392 3038 5448 eod.
3073 5391 3169 5449 Or.

2236 5462 2288 5515 1)
2320 5462 2405 5515 Ita
2434 5462 2600 5515 codd.
2628 5460 2722 5515 Or.
2746 5462 2903 5515 Colb.
2939 5466 2963 5515 1
2999 5468 3057 5515 et
3082 5465 3169 5515 2.l

2142 5531 2174 5587 ἀ
2210 5460 2405 5547 (ιλιιιι
2434 5460 2600 5517 codd.
2628 5460 2722 5520 Or.
2746 5462 2903 5520 Colb.
2939 5466 2963 5520 1
2999 5468 3057 5521 et
3082 5465 3136 5520 2.
3163 5465 3224 5521 In
3258 5462 3397 5521 edit.
3429 5464 3662 5521 tantum
3686 5468 3798 5519 πᾶν

2178 5551 2356 5587 οετης.

2178 5551 2356 5608 ρετης.
