4096 6288
149 25 349 45 ’ποτῇ

290 394 379 454 297

1260 394 1625 456 AUCTORE
1670 395 2067 459 GREGORIO
2110 397 2651 462 PRESBYTEBO.

3545 403 3663 467 298

286 526 456 596 τήσειε,
486 520 709 585 δυνατὸς
752 520 958 579 ἔσεσθαι
1004 523 1100 586 τὰς
1130 523 1181 580 ἐν
1213 523 1402 598 κύκλῳ
1430 532 1527 595 τῆς
1570 526 1900 599 οἰκουμένης

2020 546 2156 586 num
2187 531 2450 587 animum
2477 532 2738 601 haberet,
2772 532 2966 605 gregis
2986 535 3185 589 tamen
3216 539 3498 607 amore,et
3527 536 3664 604 quia

286 611 457 689 ἔριδας.
518 612 699 688 ὥσπερ
759 613 863 667 ἀπὸ
934 620 1160 676 σκοπιᾶς
1234 634 1375 676 τινος
1432 616 1852 688 καταμανθάνων
1889 662 1902 687 ,

287 701 517 774 διαλύειν,
551 702 642 757 καὶ
694 702 829 777 πρὸς
871 700 1058 757 ἕνωσιν
1106 703 1306 780 ἀμφοῖν
1355 709 1470 757 ταῖν
1521 708 1708 780 χεροῖν
1758 706 1904 779 ἄγειν

285 789 544 853 διεστώσας
584 791 680 854 τὰς
730 789 1077 862 Ἐκκλησίας,
1123 790 1299 847 ε’ίλετο
1350 789 1591 864 δέξασθαι
1638 798 1738 863 τήν
1791 793 1906 847 ἐπι-

283 883 463 953 σκοπην
476 927 488 938 .

336 1153 431 1203 Τοῦ
463 1146 521 1203 δὲ
572 1146 725 1203 ὁσίου
777 1145 1046 1205 Μελετίου
1094 1148 1516 1219 τελευτήσαντος
1562 1148 1653 1204 τὸν
1705 1148 1819 1225 βίον
1852 1149 1903 1205 ἐν

280 1242 337 1311 τῇ
370 1236 627 1311 βασιλίδι,
654 1236 856 1313 γίνεται
902 1236 1045 1309 αὖτῷ
1072 1238 1210 1311 τιμὴ
1257 1240 1736 1313 προπεμπτήριος,
1770 1237 1907 1295 ὥστε

277 1334 427 1382 πᾶσαν
473 1325 557 1381 ἐπ’
605 1326 752 1398 αὐτῷ
800 1325 1091 1402 ἐκχυθῆναι
1138 1327 1236 1395 τὴν
1293 1324 1566 1401 βασιλίδα,
1618 1326 1805 1383 πολλὰ
1848 1325 1906 1382 δὲ

277 1422 579 1490 καταγαγεῖν
614 1413 837 1489 δάκρυα,
885 1416 974 1469 καὶ
1020 1418 1315 1486 τηνικαῦτα
1361 1414 1412 1469 ἐν
1464 1416 1728 1492 πρώτοις,
1780 1414 1902 1471 ὅσον

275 1503 348 1575 εἷθη
399 1504 608 1574 πλῆθος
655 1504 1050 1580 ἐπιγνωσθῆναι
1101 1508 1197 1559 τοῦ
1256 1502 1479 1567 ἄστεως.
1534 1502 1697 1565 Αὖθις
1740 1505 1906 1582 φιλο-

276 1593 430 1649 νεικία
458 1594 582 1669 περὶ
626 1591 723 1647 τοῦ
761 1593 975 1669 θρόνου,
1007 1593 1097 1648 καὶ
1144 1592 1281 1669 πρὸς
1320 1592 1605 1663 ἀλλήλους
1637 1593 1902 1669 έζυγομά-

272 1704 395 1759 χουν
441 1682 764 1738 ἐπίσκοποι.
817 1683 914 1736 Καὶ
965 1685 1017 1736 οἲ
1071 1683 1163 1754 μὲν
1212 1683 1278 1736 τὰ
1340 1684 1675 1760 ψηφισθέντα
1726 1680 1905 1738 δίκαια

274 1774 396 1843 εἶναι
439 1772 737 1847 κρίνοντες,
788 1766 977 1847 βέϐαια
1030 1776 1204 1844 μεῖναι
1250 1775 1416 1825 ταῦτα
1466 1767 1797 1827 ἐϐούλοντο·
1851 1773 1902 1826 οἱ

273 1859 325 1915 δὲ
352 1862 665 1915 ἀντέπιπτον
712 1859 848 1933 πρὸς
894 1880 960 1914 τα
1005 1857 1115 1929 ἤδη
1164 1856 1463 1933 δεδογμένα
1509 1860 1711 1922 καλῶς.
1742 1865 1796 1913 '0
1846 1858 1903 1915 δὲ

270 1950 577 2024 Γρηγόριος,
622 1952 698 2023 (2)
755 1949 892 2019 ἅπαξ
938 1950 1037 2018 τήν
1092 1946 1351 2022 καθέδραν
1411 1946 1723 2023 δεξάμενος,
1787 1971 1908 2022 μετ-

274 2045 491 2094 εποιεῖτο
542 2039 728 2109 αὐτῆς,
760 2040 895 2114 πρὸς
942 2036 1138 2099 αὐτοὺς
1192 2039 1479 2113 χρώμενος
1520 2036 1763 2093 τοιοῖσδε
1809 2037 1903 2093 λό-

275 2149 399 2203 γοις·
434 2152 463 2179 ‹‹
501 2128 660 2203 Ἐγὼ,
712 2128 970 2199 ποιμένες
1017 2128 1154 2201 ἱεροὶ
1203 2126 1291 2181 καὶ
1344 2125 1543 2198 τίμιοι,
1574 2129 1674 2196 τήν
1725 2127 1903 2203 ἀρχὴν

274 2218 361 2272 οὐκ
408 2217 608 2286 ἤθελον
670 2223 769 2286 τῆς
833 2213 1113 2290 βασιλίδος
1172 2217 1473 2291 ἡγήσασθαι
1532 2214 1679 2271 ἀλλά
1725 2217 1815 2270 καὶ
1859 2216 1905 2270 εἰ

273 2306 448 2368 πόνοις
491 2326 552 2360 τε
593 2305 683 2359 καὶ
743 2303 964 2379 ἱδρῶσιν
1016 2304 1171 2376 ἐμοῖς
1221 2303 1390 2379 ἐπάγη
1438 2325 1498 2358 τε
1549 2303 1638 2358 καὶ
1694 2304 1902 2374 ηὐξήθη

272 2400 370 2449 τῶν
398 2392 528 2466 τῇδε
557 2397 593 2463 ἡ
623 2392 941 2465 Ἐκκλησία,
996 2392 1148 2469 ἤρκει
1194 2414 1286 2465 μοι
1329 2396 1497 2446 ταῦτα
1540 2396 1618 2464 τῷ
1665 2398 1781 2463 Θεῷ
1814 2404 1907 2463 θη-

274 2484 527 2556 σαυρίζειν
562 2484 690 2557 παρ’
720 2480 883 2536 αὐτοῦ
924 2482 1022 2549 τὴν
1073 2479 1343 2536 ἀντίδοσιν
1384 2480 1723 2553 ἀναμένοντι.
1757 2480 1905 2536 Ἐπεὶ

274 2570 323 2626 δὲ
349 2572 517 2635 πόθος
550 2591 607 2625 τε
634 2570 874 2642 ποίμνης
905 2570 993 2624 καὶ
1046 2570 1196 2642 ὑμῶν
1245 2571 1401 2637 κοινὴ
1450 2574 1633 2647 ψῆφος
1664 2567 1907 2640 δέξασθαί

274 2683 332 2733 με
351 2663 448 2730 τὴν
482 2664 560 2733 (3)
590 2657 849 2731 καθέδραν
895 2654 1221 2729 ἐξεϐιάσατο,
1254 2657 1316 2713 οὔ
1372 2679 1463 2731 μοι
1512 2656 1717 2714 δοκεῖτε
1744 2664 1905 2713 τοῦτο

272 2750 433 2824 ὀρθῶς
501 2754 594 2803 νῦν
645 2749 918 2823 πράττειν,
980 2746 1362 2821 ἀνατρέποντες
1418 2747 1485 2802 τὸ.
1540 2748 1713 2803 οἰκεῖα
1770 2748 1906 2822 πρὸς

268 2841 337 2911 τῷ
366 2842 441 2910 (4)
478 2835 621 2912 μηδὲ
668 2838 898 2899 ἅπαντας
948 2842 1277 2914 συμφωνεῖν·
1328 2834 1473 2892 ἀλλᾶ
1518 2842 1634 2899 τοῖς
1689 2837 1781 2910 μὲν
1816 2834 1906 2891 δο-

269 2934 369 2983 κεῖν
412 2930 677 3004 κρατῆσαι
727 2926 795 2981 τὰ
837 2923 947 2995 ἤδη
1000 2924 1262 2996 δόξαντα,
1311 2931 1427 2988 τοῖς
1480 2922 1537 2980 δὲ
1598 2926 1659 2979 οὐ
1706 2923 1905 2982 δοκεῖν.

271 3018 406 3090 Ἐγὼ
438 3014 494 3071 δὲ
546 3016 607 3071 ού
656 3014 921 3083 πλούτου,
976 3012 1101 3068 οὐδὲ
1145 3012 1365 3087 ὑψηλῆς
1416 3014 1695 3091 ἐφιέμενος
1752 3016 1907 3078 καθέ-

281 3101 420 3178 δρας,
462 3103 586 3160 τάδε
639 3125 807 3182 φημι,
860 3101 988 3158 οὐδέ
1044 3100 1324 3178 βασιλίδος
1370 3104 1731 3179 χρηματίζειν
1793 3103 1908 3160 ἐπί-ε

273 3213 481 3255 σκοπος·
530 3193 678 3249 ἀλλὰ
726 3198 941 3269 πρῶτον
1004 3194 1097 3265 μὶν
1152 3192 1408 3270 ὀρφανίαν
1469 3192 1668 3247 τέκνων
1728 3193 1906 3271 φέρειν

2018 620 2283 675 futurum
2315 622 2777 688 existimabat,ut
2794 622 2841 677 si
2875 622 3073 677 urbem
3094 628 3405 695 augustam
3418 629 3661 695 teneret,

2018 709 2416 765 contentiones
2446 726 2545 780 per
2575 710 2774 765 orbem
2806 714 3095 765 terrarum
3118 710 3468 780 oborientes,
3505 710 3665 767 velut

2017 812 2048 851 e
2079 798 2315 869 specula
2346 800 2598 869 quadam
2633 803 2987 871 perspectas,
3033 799 3450 873 exstingueret,
3482 800 3663 856 dissi-

2018 887 2336 959 dentesque
2367 888 2653 944 Ecclesiae
2684 888 2993 959 ambabus,
3026 891 3091 943 ut
3120 888 3355 955 dicitur,
3387 890 3662 946 manibus

2017 975 2088 1030 ad
2106 976 2381 1033 unionem
2407 977 2895 1049 concordiamque
2915 978 3661 1052 adduceret,episcopatum

2016 1063 2277 1137 accipere
2295 1082 2411 1122 non
2434 1066 2744 1122 recusavit.

2086 1154 2157 1207 At
2184 1170 2316 1210 vero
2348 1154 2615 1211 Meletius
2645 1158 2900 1210 extremo
2927 1153 3055 1210 vitae
3112 1154 3206 1210 die
3254 1154 3663 1213 Constantino-

2015 1239 2132 1311 poli
2164 1243 2525 1313 perfunctus,
2559 1244 2701 1300 adeo
2743 1241 2955 1299 celebri
3006 1247 3180 1315 atque
3225 1244 3544 1300 honoriﬁco
3581 1245 3665 1301 fu-

2016 1346 2151 1386 nere
2182 1332 2439 1401 eﬂ‘ertur,
2474 1337 2539 1388 ut
2567 1333 2639 1387 ad
2675 1333 2871 1404 ipsum
2906 1332 3048 1387 urbs
3079 1336 3201 1388 tota
3230 1349 3357 1389 sese
3406 1334 3665 1391 offunde-

2015 1425 2122 1490 ret,
2156 1421 2587 1493 maximamque
2630 1421 3019 1495 lacrymarum
3068 1422 3186 1478 vim
3235 1424 3545 1491 emitteret,
3595 1441 3661 1481 ac

2013 1513 2138 1565 tum
2169 1510 2713 1584 imprimis,quanta
2735 1512 2947 1567 civium
2964 1511 3279 1568 multitudo
3297 1514 3695 1585 esset,agno-"

2014 1603 2291 1655 sceretur.
2324 1600 2550 1656 Rursus
2574 1600 2773 1672 itaque
2816 1601 2887 1656 de
2934 1602 3145 1657 throno
3177 1601 3470 1658 contentio
3508 1603 3660 1658 exci-

2013 1691 2135 1743 tata
2159 1693 2267 1756 est,
2302 1693 2473 1759 atque
2500 1689 2653 1744 inter
2681 1705 2743 1744 se
2774 1689 3206 1745 altercabantur
3234 1689 3513 1762 episcopi.
3544 1691 3659 1746 Alii

2013 1777 2325 1847 enim,ques
2357 1776 2654 1848 suﬁ'ragiis
2675 1780 2895 1831 statuta
2915 1776 3328 1847 fuerantjusta
3353 1778 3658 1849 essejudi-

1938 1904 1986 1969 B
2016 1869 2235 1935 cantes,
2264 1865 2434 1919 ﬁrma
2462 1881 2529 1919 ea
2559 1881 2795 1920 manere
2824 1863 3113 1921 volebant.
3145 1864 3257 1920 Alii
3285 1865 3513 1938 iis,qua3
3531 1867 3659 1937 jam

2015 1958 2168 2008 recte
2197 1955 2437 2008 decreta
2458 1953 3197 2019 fuerant,adversabantur.
3218 1957 3294 2009 At
3324 1955 3657 2026 Gregorius,

2016 2046 2078 2097 ut
2109 2041 2207 2113 qui
2230 2042 2410 2097 semel
2432 2042 2772 2097 cathedram
2794 2043 3284 2107 admisisset,eam
3305 2043 3659 2112 vindicabat,

2014 2130 2354 2201 hujusmodi
2387 2132 2456 2185 ad
2491 2146 2589 2185 eos
2620 2130 2878 2185 oralione
2910 2136 3081 2185 utens
3115 2149 3127 2185 :
3164 2154 3192 2181 ‹‹
3225 2132 3362 2203 Ego,
3394 2137 3659 2203 pastores

2014 2219 2163 2274 sacri
2216 2223 2271 2273 et
2298 2218 2680 2286 venerabiles,
2711 2219 2969 2290 primum
3003 2224 3261 2291 augustae
3302 2221 3465 2276 urbis
3517 2238 3658 2293 pras-

2015 2308 2296 2361 fecturam
2328 2307 2590 2378 accipere
2608 2307 2981 2362 recusabam:
3014 2325 3081 2363 ac
3102 2307 3236 2363 licet
3263 2308 3382 2364 haec
3403 2308 3661 2366 Ecclesia

2014 2395 2313 2451 laboribus
2355 2395 2786 2467 sudoribusque
2835 2396 2979 2451 meis
3036 2401 3439 2469 coagmentata
3480 2402 3659 2470 atque

2016 2483 2372 2556 amplificata
2404 2483 2632 2550 fuisset,
2656 2485 2799 2539 mihi
2828 2491 3023 2541 tamen
3042 2488 3185 2541 satis
3216 2502 3509 2558 superque
3531 2491 3659 2543 erat

2016 2573 2137 2628 haec
2162 2578 2271 2628 Deo
2299 2572 2713 2638 thesaurizare,
2746 2577 2923 2645 atque
2973 2575 3047 2629 ab
3089 2591 3156 2630 eo
3212 2576 3539 2631 mercedem
3561 2591 3661 2631 ex-

2015 2666 2294 2734 spectare.
2330 2661 2646 2733 Postquam
2680 2666 2875 2718 autem
2906 2666 2963 2717 et
2990 2661 3182 2735 gregis
3212 2668 3492 2732 amore,et
3508 2680 3663 2719 com-

2015 2752 2297 2807 munibus
2326 2752 2539 2807 vestris
2562 2750 2820 2819 calculis,
2854 2751 3193 2807 cathedram
3240 2753 3500 2825 accipere
3528 2768 3660 2809 coa-

2017 2846 2145 2896 ctus
2164 2840 2469 2911 sum,mihi
2498 2839 2956 2912 haudquaquam
2981 2844 3132 2896 recte
3163 2856 3331 2913 agere
3358 2841 3662 2908 videmini,

2018 2930 2142 3001 qui,
2174 2930 2327 3001 quod
2363 2928 2474 3000 ipsi
2508 2929 2747 2999 fecistis,
2771 2928 3093 2984 convellitis
3126 2934 3299 3001 atque
3330 2930 3662 3002 abrogatis:

2018 3023 2084 3073 ut
2113 3018 2344 3073 interim
2385 3022 2633 3082 taceam,
2680 3019 2832 3089 quod
2866 3034 2938 3073 ne
2985 3017 3138 3072 inter
3175 3034 3378 3073 omnes
3423 3019 3659 3090 quidem

2020 3108 2165 3162 satis
2188 3106 2486 3172 convenit;
2523 3122 2721 3167 verum
2766 3104 2865 3161 alii
2905 3122 2973 3161 ea
3021 3122 3147 3176 quae
3185 3108 3313 3177 jam
3345 3107 3665 3162 constituta

2020 3201 2179 3261 sunt,
2212 3200 2337 3251 rata
2367 3209 2496 3249 esse
2526 3194 2735 3249 debere
2765 3198 3041 3263 censent;
3074 3194 3203 3249 aliis
3225 3211 3394 3251 secus
3414 3196 3662 3253 videtur.

267 3283 478 3345 ἀπαθῶς
511 3281 955 3359 δυσχερέστατον,
1005 3281 1092 3337 καὶ
1144 3281 1377 3351 ἠλιθίων
1408 3282 1471 3337 τὸ
1500 3283 1688 3344 πάθος
1723 3281 1907 3338 ἔπειτα

2020 3285 2132 3340 Nec
2160 3300 2292 3340 vero
2323 3283 2441 3339 haec
2474 3301 2506 3337 a
2546 3299 2639 3338 me
2668 3299 2733 3338 eo
2764 3282 3064 3349 dicuntur,
3087 3284 3242 3355 quod
3265 3283 3353 3339 vel
3386 3300 3545 3356 opes,
3576 3284 3665 3339 vel

268 3375 339 3445 μὴ
384 3370 576 3443 δόξητε
608 3373 761 3445 ὑμεῖς
793 3371 971 3448 φθόνῳ
1009 3372 1115 3425 τινὶ
1149 3372 1176 3440 ἢ
1209 3371 1505 3448 κουφότητι
1556 3368 1711 3445 ἕτερα
1740 3374 1908 3447 πράτ-

260 3482 365 3516 τειν
400 3468 511 3517 ’τῶν
560 3462 754 3534 πρώην
797 3458 1169 3534 ἐγνωσμένων.
1232 3460 1297 3515 Εἰ
1347 3457 1405 3514 δὲ
1455 3465 1577 3531 νικᾷ
1619 3461 1746 3536 παρ’
1781 3461 1905 3534 ὑμῖν

260 3552 323 3606 τὰ
367 3548 485 3622 νῧν,
533 3549 624 3604 καὶ
672 3550 738 3603 τὰ
782 3549 973 3621 πρώην
1022 3549 1097 3610 ὡς
1144 3544 1293 3602 ἕωλα
1338 3555 1749 3626 καταφρονεῖται
1809 3553 1905 3622 (5),

258 3638 486 3702 ἀλύπως
524 3646 628 3707 τῆς
662 3637 959 3705 ἐπισκοπῆς
1008 3636 1308 3708 ἐξίσταμαι.
1360 3636 1704 3703 Βουλεύεσθε,
1737 3637 1907 3711 πράτ-

251 3750 369 3784 τετε
412 3730 483 3783 τὰ
511 3728 630 3790 καθ’
672 3726 915 3796 ἑαυτοὺς,
945 3726 1011 3780 τὰ
1058 3726 1445 3801 παριστάμενα.
1483 3727 1639 3799 Ἐμοὶ
1689 3724 1745 3781 δὲ
1775 3727 1908 3801 ἀγα-

252 3819 429 3888 πητὸν
464 3819 500 3885 ἡ
535 3816 738 3889 ἐρημία
787 3816 877 3869 καὶ
928 3813 1095 3869 πάλαι
1144 3815 1235 3869 καὶ
1264 3819 1376 3871 νῦν.
1408 3814 1485 3872 Οὐ
1513 3817 1613 3891 γὰρ
1644 3816 1732 3871 καὶ
1776 3821 1907 3871 Θεοῦ

250 3907 519 3981 εἴρξουσιν
554 3905 607 3959 οἱ
635 3905 726 3958 τὸν
761 3904 947 3979 θρόνον
983 3905 1453 3979 ἀποστερήσοντες.
1486 3927 1513 3953 n

2019 3372 2332 3429 sublimem
2356 3372 2692 3427 cathedram
2739 3378 3025 3443 expetam,
3077 3372 3165 3427 vel
3196 3378 3455 3445 augusta:
3502 3374 3667 3429 urbis

2018 3465 2326 3534 episcOpus
2361 3461 2651 3516 nominari
2683 3461 3119 3533 concupiscam.
3165 3462 3276 3517 Sed
3310 3462 3568 3534 primum
3596 3463 3664 3517 ﬂ-

2018 3551 2229 3606 liorum
2262 3551 2573 3606 orbitatem
2603 3549 2920 3621 tranquillo
2953 3550 3149 3607 animo
3196 3551 3342 3606 ferre
3391 3550 3668 3606 difﬁcilli-

2018 3656 2183 3696 mum
2216 3644 2323 3710 est,
2348 3655 2451 3694 nec
2484 3639 2595 3693 nisi
2629 3638 2890 3694 vecordia
2912 3639 3237 3711 cujuspiam
3262 3639 3518 3695 hominis
3540 3638 3666 3711 pla-

2019 3744 2206 3799 neque
2236 3728 2479 3799 stupidi.
2514 3727 2736 3782 Deinde
2769 3726 2913 3782 illud
2948 3728 3669 3794 metuendum,neinvidia

2019 3818 2271 3890 quadam
2304 3820 2406 3871 aut
2428 3815 2663 3870 levitate
2694 3832 2785 3870 res
2825 3832 3007 3887 nuper
3056 3816 3321 3871 decretas
3351 3816 3667 3872 immutare

2015 3904 2351 3961 videamini.
2385 3903 2546 3968 Quod
2571 3903 2618 3957 si
2673 3903 2833 3959 vobis
2891 3904 3200 3975 praesentia
3259 3903 3447 3975 magis
3505 3904 3664 3959 cordi

252 4012 419 4073 sunt,
452 4021 519 4061 ac
542 4020 635 4058 res
667 4003 817 4057 haud
849 4002 1074 4074 pridem
1109 4002 1456 4057 constitutas
1485 4002 1643 4057 velut
1671 4003 1962 4061 obsoletas
1992 4009 2048 4060 et
2078 4001 2314 4057 frivolas
2345 4000 2741 4068 contemnitis,
2776 4000 2934 4054 haud
2978 4005 3183 4056 maesto
3215 4002 3412 4055 animo
3438 4002 3663 4073 episco-

250 4100 395 4166 patu
430 4108 525 4148 me
556 4091 782 4147 abdico.
809 4090 1128 4146 Consilium
1162 4091 1319 4162 inite,
1353 4108 1445 4147 res
1475 4096 1698 4147 vestras
1728 4094 1901 4164 agite,
1934 4097 1990 4148 et
2022 4089 2307 4163 quidquid
2338 4088 2499 4144 vobis
2534 4088 2591 4142 in
2627 4092 2881 4143 mentem
2931 4087 3169 4143 venerit.
3233 4087 3377 4142 Mihi
3424 4088 3661 4160 quidem

251 4183 514 4239 solitudo
555 4184 614 4237 et
643 4180 782 4235 olim
813 4180 991 4235 chara
1019 4179 1146 4252 fuit,
1179 4184 1235 4236 et
1264 4197 1421 4235 nunc
1459 4184 1565 4236 est.
1599 4180 1723 4237 Non
1756 4182 1913 4237 enim

252 4276 419 4329 sunt.
457 4294 485 4321 »

322 4371 504 4425 Ταῦτα
534 4368 724 4439 εἰπὼν,
774 4367 863 4422 καὶ
911 4366 1228 4439 αἰσθόμενος
1258 4365 1385 4429 τοὺς
1426 4366 1672 4430 πολλοὺς
1705 4363 1907 4442 προϐο-

253 4456 360 4528 λήν
396 4457 574 4514 ἄλλου
600 4454 1023 4525 σπουδάζοντας,
1054 4455 1235 4525 αὐτὸς,
1271 4454 1559 4511 ἀπολιπὼν
1605 4456 1696 4510 τὸν
1739 4456 1909 4528 οἷκον,

255 4544 375 4602 ἔνθα
432 4549 747 4619 κατέμενεν,
798 4543 967 4600 ἄλλον
1024 4550 1343 4621 περισκοπεῖ
1394 4544 1584 4620 πόῤῥω
1640 4552 1740 4614 τῆς
1796 4546 1912 4602 Έκ-

258 4634 528 4709 κλγβίας,
580 4635 711 4697 τούς
768 4655 827 4688 τε
883 4630 1147 4709 θορύϐους
1204 4631 1618 4709 ἀποδιδράσκων
1673 4634 1762 4688 καὶ
1818 4634 1913 4696 τὰς

267 4724 523 4798 ὀχλήσεις
561 4730 669 4780 τῶν
722 4722 1104 4779 συνελεύσεων.
1140 4721 1349 4777 Πολλοὶ
1383 4727 1511 4798 γοῦν
1544 4728 1639 4777 τοῦ
1671 4722 1807 4778 λαοῦ
1837 4726 1914 4798 (6)

257 4812 430 4869 ἐκεῖσε
488 4813 771 4890 συνέρῥεον
801 4857 813 4879 ,
867 4809 1205 4887 δακρύοντες,
1260 4812 1587 4872 ἱκετεύοντες
1622 4856 1637 4881 ,
1696 4807 1911 4867 ἀντιϐο-

258 4898 481 4964 λοῦντες
515 4903 737 4971 ἐλεῆσαι
770 4901 832 4954 τὸ
886 4901 1161 4971 ποίμνιον,
1196 4901 1225 4954 ’ὁ
1255 4900 1447 4962 πόνοις
1488 4920 1548 4954 τε
1592 4900 1682 4955 καὶ
1723 4899 1912 4976 ἱδρῶσι

252 4992 542 5054 τοσούτοις
591 4991 841 5065 ἐξέθρεψέ
882 5010 941 5043 τε
988 4989 1075 5042 καὶ
1124 4986 1343 5059 ηὔξησε,
1376 5012 1403 5041 ι(
1435 4990 1533 5051 Δὸς
1574 4991 1673 5058 τήν
1726 4992 1913 5066 χάριν,

251 5076 475 5155 ὓεγον,
504 5085 620 5140 τοῖς
652 5084 766 5139 σοῖς
816 5076 1122 5153 φιλτάτοις,
1170 5077 1259 5131 καὶ
1311 5078 1391 5139 οἷς
1444 5079 1505 5132 τὸ
1556 5079 1783 5150 ἀκμαῖόν
1818 5100 1915 5132 σου

248 5175 353 5236 τῆς
389 5175 539 5237 ζωῆς
573 5166 965 5240 προαναλώσας
1010 5167 1168 5237 ἡμῖν,
1226 5162 1471 5241 δώρησαι
1500 5166 1589 5220 καὶ
1630 5167 1693 5220 τὸ
1726 5164 1914 5221 λειπό-

248 5276 451 5328 μενον·
479 5255 551 5309 ’ἶν’
578 5253 805 5330 ἔχοιμεν
838 5256 915 5326 (7)
948 5252 1200 5327 λείψανον
1233 5253 1295 5308 τὸ
1328 5254 1416 5308 σὸν
1451 5258 1631 5327 σῶμα,
1664 5256 1716 5309 οἱ
1746 5258 1812 5328 τῇ
1846 5258 1912 5329 σῇ

244 5341 586 5416 διδασκαλίᾳ
628 5341 1057 5421 πεφωτισμένοι.
1091 5368 1118 5395 ››
1166 5342 1414 5411 Τούτοις,
1464 5346 1551 5398 οἷα
1598 5341 1914 5424 φιλότεκνος

317 5500 380 5571 (2

245 5642 377 5712 τήν.

319 5714 401 5790 (4)
437 5713 581 5771 Cod.
617 5712 712 5768 Or.
734 5710 873 5784 πρὸς
902 5707 967 5763 τό

582 5841 847 5902 Pauor.
894 5836 1006 5899 Gs.
1052 5837 1297 5905 XXXV.

437 5498 531 5558 Ὠς
563 5497 728 5553 deest
748 5496 810 5551 in
836 5495 966 5551 cod.
1002 5494 1099 5551 Or.

436 5571 530 5627 Ita
558 5569 726 5626 codd.
758 5568 861 5625 Or.
916 5570 995 5623 et.
1042 5571 1102 5621 Ρ.
1139 5567 1202 5622 In
1250 5567 1373 5624 edit
1417 5571 1645 5626 tantum
1675 5565 1918 5641 δέξασθαι

1947 4186 2114 4236 aDeo
2146 4194 2374 4249 quoque
2403 4194 2510 4233 nos
2568 4177 2868 4244 arcebunt,
2927 4176 3028 4248 qui
3076 4176 3353 4232 thronum
3411 4175 3665 4234 ablaturi

2092 4368 2209 4423 Hac
2239 4364 2750 4432 oratione-habita,
2785 4381 2920 4421 cum
2976 4364 3285 4437 plerosque
3314 4365 3376 4420 in
3424 4364 3670 4422 alterius

2021 4456 2277 4531 episcopi
2309 4455 2660 4512 creationem
2708 4455 2968 4511 studiose
2997 4454 3337 4512 incumbere
3363 4456 3671 4524 sensisset,

2021 4548 2145 4616 ipse
2171 4547 2344 4601 domo
2374 4561 2463 4611 ea,
2514 4543 2572 4598 in
2605 4560 2722 4616 qua
2764 4545 3057 4612 manebat,
3119 4544 3340 4616 relicta,
3388 4543 3564 4601 aliam
3598 4544 3672 4601 ab

2023 4635 2282 4691 Ecclesia
2312 4632 2514 4706 procul
2546 4631 2820 4689 dissitam
2843 4632 3311 4706 circumspectat,
3347 4636 3411 4689 ut
3441 4632 3671 4689 tumul-

2022 4734 2139 4795 tus,
2172 4724 2566 4795 molestosque
2598 4726 2653 4778 et
2673 4722 3041 4794 importunos
3068 4722 3374 4778 hominum
3397 4738 3672 4795 congres-

2022 4830 2124 4869 sus
2158 4813 2456 4883 effugeret.
2490 4811 2767 4867 Permulti
2812 4811 3030 4884 quippe
3087 4828 3157 4867 ex
3212 4811 3438 4883 plebeia
3468 4812 3672 4867 ordine

2022 4902 2161 4959 illuc
2192 4902 2585 4967 conﬂuebant,
2609 4917 2743 4955 cum
2775 4900 3051 4973 lacrymis
3082 4918 3215 4957 eum
3249 4906 3480 4956 orantes
3498 4905 3675 4971 atque

2022 4992 2399 5057 obtestantes,
2434 4995 2498 5045 ut
2545 4989 2762 5062 gregis,
2792 5005 2965 5061 quem
3010 4993 3098 5045 tot
3126 4989 3422 5061 tantisque
3459 4988 3675 5044 labori-

2023 5082 2133 5135 bus
2175 5097 2240 5135 ac
2269 5078 2584 5135 sudoribus
2617 5078 2841 5133 aluerat
2869 5083 3058 5150 ﬁatque
3110 5082 3463 5148 provexerat,
3497 5078 3676 5133 mise-

2023 5172 2266 5223 reretur.
2317 5190 2346 5218 «
2370 5168 2452 5223 Da
2483 5168 2591 5222 hoc
2641 5167 3009 5222 charissimis
3039 5166 3141 5221 tibi
3193 5165 3551 5233 hominibus,
3584 5165 3674 5223 in-

2024 5257 2324 5329 quiebant,
2356 5262 2414 5311 et
2446 5256 2662 5327 quibus
2686 5255 2817 5310 vitae
2837 5259 2948 5310 tuas
2977 5256 3230 5327 vigorem
3267 5255 3675 5326 priusimpen-

2025 5346 2186 5417 disti,
2217 5345 2427 5401 iisdem
2460 5360 2714 5417 quoque,
2746 5345 2900 5416 quod
2930 5344 3058 5399 vitae
3090 5348 3380 5416 superest,
3414 5343 3624 5416 largire
3657 5360 3672 5415 ;

2123 5498 2179 5570 5)
2418 5495 2513 5570 Qr.
2549 5498 2606 5570 et
2719 5498 3124 5570 καταφρονεῖτε.

2124 5563 2179 5625 ϐ’)
2210 5567 2390 5625 Codd.
2422 5567 2517 5624 0r.
2549 5569 2605 5622 et
2632 5566 2692 5622 P.
2726 5564 2784 5619 ἐκ
2810 5563 2909 5620 τοῦ
2939 5563 3095 5623 λαοῦ.

2123 5498 2179 5566 5)
2204 5497 2383 5553 Codd.
2418 5497 2513 5552 Or.
2549 5498 2606 5551 et
2635 5497 2696 5550 P.
2719 5498 3047 5570 καταφρονεῖ

2124 5569 2158 5623 6
2210 5567 2390 5625 Codd.
2422 5567 2517 5624 0r.
2549 5569 2605 5622 et
2632 5566 2692 5622 P.
2726 5564 2784 5619 ἐκ
2810 5571 2907 5620 τοῦ
2939 5563 3049 5620 λαοῑ

2100 5497 2179 5714 g7;
2211 5639 2385 5697 Codd.
2419 5639 2512 5696 0r.
2536 5637 2697 5695 Colb.
2732 5639 2781 5712 1,
2813 5634 3049 5713 ἔχωμεν.
