4096 6288
394 339 512 398 “399

1516 334 1706 394 VITA
1747 336 1813 395 S.
1861 333 2235 394 GREGORII
2278 332 2670 392 THEOLOG]

3686 332 3806 390 300

392 475 457 525 ut
479 470 577 543 qui
610 468 877 526 doctrina
914 470 1018 522 tua
1063 466 1385 522 collustrati
1444 483 1674 539 sumus,
1730 467 1814 523 tui
1865 468 2037 523 etiam

2178 465 2353 540 πατὴρ,
2408 460 2743 537 ἐμαλάσσετο
2792 461 2905 535 μέν,
2953 460 3148 537 ἠπόρει
3201 458 3258 515 δὶ
3299 459 3329 515 ὅ
3373 478 3425 516 τι
3458 458 3669 538 δράσειε
3710 463 3810 536 (8),

392 558 651 632 corporis
683 555 961 627 reliquias
991 555 1336 610 habeamus.
1374 578 1401 605 ››
1433 555 1532 611 His
1574 558 1767 612 verbis
1818 555 2041 612 mollie-

390 650 565 704 batur
583 647 820 719 quidem
841 644 1395 715 indulgentissimus
1416 646 1620 713 Pater;
1647 652 1918 702 caeterum
1943 663 2045 700 an-

392 737 589 809 cipitis
619 740 743 792 erat
786 734 964 789 animi
1020 733 1160 803 quid
1214 739 1430 805 ageret,
1471 734 1772 806 Deumque
1804 734 2049 807 supplex

392 826 595 881 orabat
623 829 711 891 ut,
744 823 898 895 quod
932 822 1039 877 sibi
1076 822 1329 877 maxime
1380 822 1734 891 conveniret,
1775 823 2048 895 dispone-

2150 551 2239 607 καί
2268 554 2357 607 τὸν
2390 553 2514 608 Θεὸν
2550 550 2853 627 ἐξελιπάρει
2883 550 2942 604 τὸ
2990 551 3135 622 αὐτῷ
3185 550 3386 627 πρέπον
3424 550 3811 623 ο²’κονομῆσαι.

2154 642 2368 697 Τούτων
2400 641 2637 717 ἐχόντων
2678 641 2768 694 τὸν
2810 639 3012 712 τρόπον
3059 644 3273 711 τοῦτον,
3305 646 3550 713 παρῆσαν
3598 640 3814 695 ἐπίσκο-

2156 753 2250 786 ποι
2299 730 2626 803 κεκλημένοι
2676 729 2735 783 ἔκ
2780 750 2837 783 τε
2881 729 3156 803 Αἱγύπτου
3212 728 3299 783 καὶ
3348 728 3683 791 Μακεδονίας
3734 730 3811 791 εἰς

2157 823 2219 876 τὸ
2255 820 2561 889 Βυζάντιον,
2590 815 2665 873 ἔτι
2696 826 2795 888 τῆς
2848 818 3141 894 εἰρημένης
3188 816 3533 891 ένδημούσης
3564 816 3813 876 συνόδου.

392 918 501 970 ret.
536 916 669 980 Quae
701 930 835 967 cum
862 912 943 967 ita
974 928 1035 967 se
1065 910 1367 982 haberent,
1403 912 1617 967 aﬁ'uere
1638 912 2049 984 episcopi,tum

2178 909 2265 965 Καὶ
2300 906 2365 976 δὴ
2400 909 2571 977 οὗτοι,
2606 908 2681 969 ὡς
2714 906 2889 982 χωρὶς
2919 914 3019 976 τῆς
3053 906 3227 961 αὐτῶν
3256 907 3487 981 γνώμης
3530 904 3816 983 καθιδρυν-

392 1019 462 1059 ex
511 1003 775 1075 IEgypto,
810 1006 935 1055 tum
969 1018 1038 1056 ex
1069 1000 1431 1070 Macedonia,
1463 1001 1806 1072 Byzantium
1843 1000 2049 1067 vocati,

395 1107 527 1146 cum
561 1091 752 1146 adhuc
778 1090 1117 1162 supradicta
1143 1090 1401 1160 synodus
1433 1089 1492 1144 in
1512 1090 1654 1144 urbe
1685 1091 2050 1145 consisteret.

394 1182 466 1236 Et
495 1180 729 1252 quidem
764 1178 870 1246 illi,
892 1178 1169 1250 quoniam
1184 1179 1497 1249 Gregorius
1526 1179 1673 1233 citra
1698 1194 1898 1233 eorum
1922 1194 2054 1233 sen-

398 1269 640 1324 tentiam
670 1269 879 1323 throno
910 1267 1224 1339 impositus
1284 1268 1494 1333 fuerat,
1548 1267 1806 1322 humano
1846 1266 2056 1321 affectu

400 1358 647 1423 obsessi,
675 1358 905 1412 decreto
937 1356 1380 1427 repugnabant:
1420 1372 1535 1411 non
1574 1356 1727 1426 quod
1761 1372 1893 1410 eum
1926 1355 2056 1410 odio

390 1447 682 1509 haberent
711 1445 1233 1517 (quemadmodum
1267 1444 1510 1499 occultis
1540 1444 1591 1500 ei
1614 1444 2057 1515 signiﬁcationi-

401 1536 514 1591 bus
547 1534 1014 1600 conﬁrmabant),
1050 1534 1150 1588 sed
1182 1538 1247 1587 ut
1279 1550 1397 1600 eos,
1433 1534 1530 1605 qui
1558 1534 1753 1605 ipsum
1787 1534 2059 1605 prazfece-

398 1628 554 1691 rant,
579 1623 1051 1678 ulciscerentur:
1103 1627 1168 1676 ut
1197 1622 1299 1692 qui
1348 1622 1473 1677 sine
1522 1638 1723 1678 eorum
1774 1622 2063 1678 sententia

2165 1000 2348 1059 θέντος
2403 1002 2500 1052 τοῦ
2563 996 2828 1070 μακαρίου
2886 996 3215 1072 Γρηγορίου,
3269 994 3426 1059 πάθει
3489 997 3815 1072 ἀνθρωπίνῳ

2163 1084 2603 1161 κατασχεθέντες,
2652 1084 2934 1159 ἀντέλεγον
2988 1089 3057 1158 τῇ
3112 1086 3301 1162 ψήφῳ·
3337 1083 3464 1160 ουχὶ
3510 1086 3816 1160 Γρηγόριον

2171 1179 2451 1247 μισοῦντες
2483 1175 2583 1247 (ὡς
2628 1173 2783 1228 αὐτὸν
2819 1174 3123 1237 συνέπειθον
3154 1177 3228 1247 (9)
3258 1172 3509 1249 κρυφίοις
3547 1170 3817 1246 δηλώμα-

2168 1264 2293 1336 σιν),
2328 1262 2471 1318 ἀλλά
2518 1262 2643 1324 τοὺς
2697 1259 3118 1337 καθιδρύσαντας
3169 1260 3521 1334 ἀμυνόμενοι,
3568 1261 3641 1323 ὡς
3691 1260 3822 1337 δίχα

2168 1353 2396 1427 γνώμης
2426 1353 2538 1423 (10)
2569 1350 2741 1404 αὐτῶν
2794 1347 3098 1411 δεδωκότας
3143 1350 3234 1404 τὸν
3284 1349 3493 1425 θρόνον.
3528 1351 3588 1407 Ὁ
3629 1347 3684 1405 δὲ
3719 1372 3823 1423 μα-

2168 1442 2355 1517 κάριος
2387 1440 2473 1493 ἐπὶ
2520 1441 2583 1493 τὸ
2614 1439 2743 1494 αὐτὸ
2786 1439 2997 1494 πάντων
3039 1441 3147 1512 [11)
3178 1440 3662 1515 συναθροισθέντων
3710 1444 3818 1494 τῶν

2173 1529 2502 1601 ἐπισκόπων,
2544 1528 2807 1590 καταστάς
2839 1526 2888 1582 ἐν
2928 1526 3075 1601 μέσῳ
3122 1549 3201 1601 τῳ
3251 1526 3507 1604 συλλόγῳ
3540 1531 3672 1602 (12),
3695 1526 3822 1583 τάδε

2173 1638 2322 1694 φησι·

400 1710 873 1783 archiepiscOpali
907 1711 1042 1765 sede
1071 1710 1410 1783 Gregorium
1428 1711 1763 1766 donassent.
1800 1712 1871 1765 At
1888 1710 1977 1765 vir
2006 1711 2230 1779 beatus,
2264 1707 2539 1764 omnibus
2560 1707 2849 1779 episcopis
2899 1707 2958 1761 in
3005 1724 3191 1763 unum
3246 1707 3485 1774 coactis,
3533 1707 3591 1761 in
3626 1706 3819 1762 medio

401 1800 647 1856 concilio
671 1805 855 1866 stans,
890 1800 961 1854 ad
995 1800 1151 1854 hunc
1175 1800 1414 1855 modum
1445 1802 1621 1856 verba
1661 1800 1801 1855 facit
1828 1816 1839 1855 :

479 1918 500 1945 ι
535 1898 655 1952 Viri
687 1896 939 1968 collegae,
967 1900 1430 1969 etcompastores
1464 1899 1837 1954 sacrosancti
1863 1897 2058 1970 gregis
2088 1900 2136 1965 B

399 1986 636 2051 Christi,
667 1991 836 2056 turpe
869 1988 1063 2055 fuerit,
1108 2002 1467 2057 prorsusque
1499 2005 1533 2042 a
1578 1988 1745 2043 vobis
1775 1987 2055 2053 alienum,

405 2076 474 2143 si,
518 2075 615 2147 qui
644 2075 715 2129 ad
739 2091 941 2145 pacem
970 2074 1114 2129 alios
1144 2075 1412 2141 eruditis,
1436 2075 1780 2131 intestinum
1804 2075 1917 2147 ipsi
1937 2074 2057 2131 bel-

401 2163 525 2218 lum
552 2164 704 2219 inter
731 2180 829 2218 vos
860 2163 1139 2219 excitetis.
1189 2164 1451 2227 Quonam
1492 2164 1649 2219 enim
1690 2166 1859 2220 modo
1912 2164 2059 2219 alios

405 2253 475 2307 ad
508 2252 877 2307 concordiam
920 2252 1298 2321 adduxeritis,
1361 2251 1475 2324 ipsi
1524 2253 1678 2308 circa
1736 2252 2057 2308 sententias

404 2344 633 2395 vestras
666 2347 723 2395 et
746 2342 976 2395 decreta
1008 2341 1450 2413 discrepantes?
1474 2342 1554 2396 Ac
1602 2358 1702 2397 vos
1734 2359 1836 2413 per
1866 2341 2058 2397 Trini-

404 2434 584 2485 tatem
617 2430 806 2500 ipsam
839 2429 1099 2497 obsecro,
1126 2434 1191 2484 ut
1213 2434 1402 2484 vestra
1433 2431 1664 2502 negotia
1710 2430 1983 2502 prasclare
2004 2434 2060 2485 et

406 2518 646 2589 paciﬁca
677 2517 831 2571 inter
861 2534 960 2572 vos
993 2516 1354 2589 transigatis.
1417 2519 1579 2581 Quod
1633 2520 1682 2574 si
1741 2519 1907 2573 vobis
1940 2518 2057 2574 ullo

407 2607 582 2661 modo
614 2605 841 2660 dissidii
872 2621 1048 2661 causa
1075 2622 1227 2670 sum,
1284 2606 1497 2661 Jonam
1550 2607 1895 2678 prophetam
1927 2609 2058 2662 vitae

409 2694 750 2765 integritate
782 2710 895 2748 non
929 2710 1160 2764 supero.
1194 2695 1385 2749 Mittite
1430 2712 1516 2750 me
1556 2698 1617 2751 in.
1647 2712 1820 2763 mare,
1868 2700 1919 2751 et
1946 2713 2059 2752 ces-

410 2783 599 2838 sabita
624 2783 771 2837 vobis
800 2782 1139 2835 tumultuum
1176 2783 1415 2853 procella
1458 2784 1519 2837 ¹’¹.
1574 2782 1865 2854 Quidquid
1898 2784 2060 2840 vobis

406 2871 601 2927 visum
631 2869 824 2940 fuerit,
851 2869 1088 2925 tametsi
1119 2887 1151 2925 a
1181 2870 1351 2941 culpa
1380 2870 1895 2939 immunis,vestrae
1924 2890 2060 2929 con-

410 2960 618 3015 cordiae
651 2975 845 3029 causa,
878 2957 1126 3014 libenter
1156 2960 1457 3031 perpetiar.
1483 2961 1713 3016 Throno
1736 2963 2058 3030 exturbate,

408 3049 553 3104 urbe
582 3048 789 3119 ejicite.
838 3048 1065 3102 Tantum
1112 3050 1395 3104 veritatem
1450 3058 1504 3105 et
1552 3066 1761 3120 pacem,
1813 3055 1875 3105 ut
1927 3068 2061 3106 cum

407 3137 685 3193 Zacharia
715 3137 941 3208 loquar,
973 3137 1193 3205 diligite
1225 3137 1286 3191 ¹⁸.
1321 3136 1539 3204 Valete,
1589 3138 1739 3193 sacri
1774 3144 2059 3210 pastores.

410 3242 675 3280 meorum
708 3224 971 3279 laborum
991 3226 1334 3279 memoriam
1376 3231 1717 3298 perpetuam
1752 3244 2058 3284 conserva-

412 3319 490 3370 te.
524 3336 551 3363 ››
577 3313 705 3367 Haec
735 3330 800 3368 eo
834 3312 1153 3384 prolocuto,
1188 3315 1407 3385 pudore
1439 3316 1689 3385 quodam
1744 3316 1854 3388 ipsi
1900 3322 2059 3372 tene-

414 3403 648 3469 bantur,
682 3403 809 3471 ejus
843 3400 1102 3457 uratione
1133 3403 1485 3474 compuncti.
1518 3404 1665 3458 Tum
1692 3404 1894 3475 ipsein
1919 3410 2064 3478 Cap-

414 3491 719 3563 padociam
752 3494 1125 3560 perrecturus
1157 3506 1185 3544 e
1213 3490 1455 3546 concilio
1486 3492 2064 3565 excessit,voluptate

414 3578 591 3635 simul
622 3584 678 3633 et
696 3594 938 3633 maerore
970 3579 1209 3635 affectus
1244 3596 1255 3632 :
1288 3578 1454 3645 illud,
1497 3582 1650 3651 quod
1684 3580 1950 3637 laborum
1975 3599 2064 3638 re-

413 3668 609 3740 quiem
642 3668 958 3722 invenisset
989 3684 1000 3720 :
1036 3666 1165 3737 hoc,
1228 3671 1462 3739 prOpter
1491 3684 1752 3740 gregem,
1806 3686 2063 3741 quonam

413 3757 586 3813 modo
620 3757 813 3828 ipsum
840 3756 1211 3820 relinqueret.

489 3864 550 3919 In
584 3863 777 3919 aulam
811 3867 1004 3918 autem
1038 3863 1348 3935 profectus,
1389 3863 1738 3920 beneﬁcium
1770 3866 1841 3921 ab
1879 3868 2064 3938 Impe-

416 3959 605 4009 ratore
636 3952 989 4024 postulabat,
1025 3953 1116 4007 his
1145 3952 1335 4007 verbis
1392 3954 1556 4023 prius
1613 3971 1747 4009 eum
1806 3955 2016 4009 affatus
2048 3973 2061 4011 :

419 4064 447 4094 ιι
472 4042 600 4098 Tibi
634 4042 889 4113 quidem,
922 4058 953 4095 o
980 4043 1318 4113 Imperator,
1346 4058 1445 4112 pro
1460 4042 1579 4097 tuis
1602 4059 1738 4114 erga
1754 4043 2065 4099 Ecclesiam

420 4132 646 4186 meritis
678 4132 959 4185 retribuat
988 4130 1250 4185 Christus
1284 4131 1338 4184 in
1373 4130 1466 4185 die
1509 4131 1936 4187 retributionis.
1962 4133 2067 4187 Be-

419 4220 692 4275 neﬁcium
727 4224 943 4289 autem,
976 4220 1129 4289 quod
1154 4236 1307 4273 nunc
1339 4236 1372 4274 a
1402 4226 1456 4274 te
1480 4225 1630 4290 peto,
1664 4221 2069 4291 potentissime

420 4308 711 4381 princeps,
740 4309 878 4361 dare
909 4322 979 4361 ne
1009 4307 1284 4377 graveris.
1322 4307 1447 4381 Non
1508 4325 1609 4379 pro
1666 4309 1931 4380 pecuniis
1963 4310 2069 4364 tibi

423 4413 555 4453 sum
604 4396 891 4468 supplex;
925 4411 1040 4449 non
1090 4397 1343 4466 pretiosa
1382 4395 1653 4451 altarium
1734 4403 2072 4469 tegumenta

423 4486 772 4557 concupisco
798 4502 810 4551 ;
846 4501 958 4539 non
986 4485 1249 4557 cognatis
1273 4484 1585 4555 dignitates
1617 4486 1811 4542 ambio
1837 4512 1849 4554 ;
1877 4489 2073 4554 sed,ut

422 4575 722 4629 laboribus
782 4574 1007 4643 liberer,
1054 4573 1312 4628 obsecro.
1354 4572 1552 4629 Cesset
1583 4574 1757 4631 etiam
1806 4576 2069 4646 invidia;

422 4680 624 4735 pacem
655 4661 848 4717 colant
876 4662 1161 4734 epi500pi;
1199 4667 1258 4717 tu
1292 4661 1541 4719 maxime
1574 4664 1631 4719 in
1664 4681 1791 4721 eam
1823 4682 1945 4721 rem
1975 4666 2075 4721 ad-

424 4753 607 4809 nitere
630 4769 643 4819 ;
665 4752 1033 4807 sacerdotum
1064 4751 1284 4807 bellum
1319 4752 1767 4825 comprime,qui
1800 4755 2075 4811 barbaro-

426 4944 471 4982 “
500 4942 632 5013 Jon,
666 4939 794 4997 112.
830 4940 874 4977 ¹⁸
904 4939 1074 4996 Zach.
1104 4958 1224 5013 vm,
1259 4941 1346 4996 19.

502 5150 577 5223 (8)
609 5149 749 5223 Cod.
781 5151 877 5223 ρι’.
904 5142 1106 5223 δράσει.

504 5217 581 5292 (9)
612 5221 749 5276 Cod.
783 5220 876 5275 ΟΡ.
913 5217 1147 5282 ἔπειθον,

502 5289 617 5367 (10)
644 5294 726 5367 Ita
756 5293 1049 5367 codde‘r.
1074 5290 1232 5367 Golb.
1269 5291 1320 5358 1,
1356 5294 1411 5367 et
1442 5290 1514 5367 _2.
1540 5289 1612 5367 ln
1653 5290 1789 5345 edit.
1823 5290 2077 5367 γνώμων·

430 5359 566 5423 mox
600 5359 889 5420 ineisdem
930 5359 1249 5429 δεδωκότες,
1281 5363 1382 5417 sed
1442 5361 1751 5417 lectionem
1796 5359 1951 5417 codf
1981 5365 2076 5420 Or.

431 5456 523 5496 am
534 5436 860 5496 plectimur.

564 5508 615 5563 1)
647 5505 863 5559 Πάντων
898 5506 1059 5562 deest
1089 5506 1145 5560 in
1177 5505 1305 5560 cod.
1341 5503 1437 5560 Or.

530 5574 616 5650 12)
643 5580 779 5634 Cod.
812 5578 874 5633 P.
896 5581 1003 5650 τῶν
1038 5574 1346 5650 συλλόγωνΣ

530 5642 618 5727 13)
645 5650 780 5707 God.
813 5650 909 5707 ΟΡ.
940 5647 1167 5727 αἰσχρὸν
1205 5642 1300 5726 μὲν
1330 5642 1387 5702 ἂν
1417 5642 1523 5720 ε’ίη.

2242 1920 2268 1945 ‹‹
2303 1891 2535 1969 ’Ἄνδρες
2570 1892 2935 1967 συμποιμένες
2964 1898 3063 1962 τῆς
3112 1892 3258 1968 ἱερᾶς
3287 1891 3530 1966 ποίμνης
3563 1894 3821 1967 Χριστοῦ,

2167 1982 2399 2057 αἱσχρὸν
2454 1982 2546 2054 μὲν
2601 1979 2683 2049 εἷή
2738 1983 2850 2054 (13)
2907 1981 2994 2035 καὶ
3044 1980 3324 2043 παντελῶς
3378 1981 3484 2057 οὐχ
3533 1982 3707 2054 ὑμῶν,
3756 1983 3823 2051 εἱ,

2168 2071 2295 2133 τοὺς
2326 2069 2531 2132 ἄλλους
2582 2070 2803 2145 εἰρήνην
2856 2067 3219 2141 παιδεύοντες,
3276 2070 3427 2125 αὐτοὶ
3478 2071 3615 2143 πρὸς
3647 2069 3825 2141 ἀλλή-

2169 2159 2300 2222 λους
2355 2159 2600 2231 πόλεμον
2651 2156 2874 2233 ἤρασθε.
2925 2163 3049 2221 Πῶς
3107 2156 3153 2213 δ’
3201 2159 3259 2214 ἂν
3312 2162 3563 2233 ὁμονοεῖν
3609 2159 3826 2233 ἑτέρους

2167 2249 2387 2321 πείσητε
2418 2252 2554 2320 (14),
2584 2247 2737 2302 αὐτοὶ
2788 2243 2933 2310 ὄντες
2982 2250 3104 2325 περὶ
3152 2251 3221 2303 τά
3251 2246 3515 2304 δοκοῦντα
3557 2248 3821 2325 ἀσύμφω-

2166 2356 2299 2406 νοι;
2355 2335 2511 2391 Ἀλλ’
2564 2336 2787 2391 ἱκετεύω
2836 2337 2975 2410 ὑμᾶς
3026 2338 3157 2412 πρὸς
3205 2344 3304 2407 τῆς
3363 2335 3595 2413 Τριάδος
3652 2336 3823 2407 αὐτῆς

2166 2425 2350 2486 καλῶς
2380 2446 2439 2480 τε
2467 2424 2555 2479 καὶ
2590 2425 2876 2499 εἰρηνικῶς
2929 2423 3197 2480 διαθέσθαι
3246 2425 3313 2480 τά
3344 2426 3478 2500 πρὸς
3510 2423 3817 2495 ἀλλήλους.

2168 2515 2232 2571 Εἰ
2264 2512 2321 2568 δέ
2345 2535 2398 2569 τι
2443 2515 2568 2587 ὑμῖν
2627 2514 2735 2588 ἐγὼ
2783 2521 2884 2584 τῆς
2934 2512 3259 2577 διαστάσεως
3307 2512 3500 2587 αἴτιος,
3557 2514 3655 2569 οὐκ
3705 2515 3820 2587 εἰμὶ

2168 2603 2486 2676 σεμνότερος
2534 2604 2691 2657 Ἰωνᾶ
2736 2607 2833 2657 τοῦ
2875 2605 3178 2681 προφήτου.
3232 2602 3429 2659 Βάλετέ
3480 2624 3545 2675 με
3590 2604 3664 2665 εἰς
3713 2605 3815 2672 τὴν

2170 2692 2479 2764 θάλασσαν,
2537 2693 2624 2747 καὶ
2682 2690 2939 2747 παύσεται
2996 2694 3085 2770 ἀφ’
3142 2693 3292 2765 ὑμῶν
3353 2694 3380 2746 ὁ
3438 2691 3653 2747 κλύδων
3704 2696 3814 2747 τῶν

2168 2784 2421 2856 ταραχῶν
2454 2783 2588 2853 (15).
2630 2782 2901 2853 Αἱροῢμαι
2955 2784 3140 2835 παθεῖν
3198 2781 3227 2835 ὅ
3282 2803 3334 2835 τι
3395 2780 3452 2835 ἃν
3519 2780 3813 2855 βούλησθε,

2168 2870 2360 2945 καίπερ
2393 2870 2567 2931 ἀθῶος
2617 2867 2712 2939 ὣν,
2745 2876 2844 2938 τῆς
2895 2871 3046 2942 ὑμῶν
3077 2867 3250 2925 ἕνεκεν
3300 2869 3575 2943 ὁμονοίας.
3610 2870 3814 2943 Θρόνου

2171 2958 2401 3027 ἐξώσατε
2436 3005 2448 3029 ,
2508 2957 2722 3019 πόλεως
2774 2958 3076 3013 άπελάσατε
3107 3001 3117 3013 .
3178 2958 3348 3013 Μόνον
3402 2962 3501 3028 τήν
3559 2958 3816 3028 ἀλήθειαν

2169 3048 2259 3102 καὶ
2288 3049 2387 3116 τὴν
2441 3047 2685 3121 εἰρήνην,
2727 3047 2803 3109 ὡς
2852 3048 2878 3100 ὁ
2928 3049 3199 3123 Ζαχαρίας
3248 3048 3435 3126 φησὶν,
3486 3048 3815 3123 ἀγαπήσατε.

2170 3136 2467 3213 Ἔρῥωσθε,
2522 3135 2656 3210 ἱεροὶ
2702 3136 2978 3209 ποιμένες,
3011 3137 3100 3191 καὶ
3149 3141 3253 3191 τῶν
3285 3137 3429 3210 ἐμῶν
3481 3137 3653 3192 πόνων
3693 3159 3826 3210 μνη-

2177 3225 2511 3299 μονεύοντες,
2548 3226 2621 3297 μὴ
2659 3224 2990 3295 ἀπολήξητε.
3043 3251 3070 3279 ››
3122 3231 3297 3281 Ταῦτα
3345 3226 3611 3293 εἰπόντος,
3656 3224 3827 3287 αἰδώς

2170 3336 2254 3376 τις
2312 3314 2504 3376 αὐτοὺς
2560 3313 2675 3388 εἶχε
2721 3320 2836 3375 τοῖς
2883 3315 3194 3387 εἰρημένοις
3245 3314 3635 3390 κατανυγέντας
3684 3318 3821 3385 (16).

2170 3406 2228 3459 Ὀ
2265 3404 2357 3475 μὲν
2388 3403 2478 3457 οὗν
2512 3402 2597 3456 ἐπὶ
2626 3404 2726 3471 τήν
2751 3401 3129 3458 Καππαδοκῶν
3162 3401 3518 3478 βαδιούμενος
3553 3403 3827 3477 έξῄειῌἹ)

2169 3497 2267 3547 τοῦ
2308 3490 2606 3565 συλλόγου,
2657 3493 2941 3565 συμμιγὴς
2995 3497 3140 3567 χαρᾷ
3185 3512 3243 3546 τε
3288 3492 3375 3545 καὶ
3426 3492 3710 3568 κατηφείᾳο
3764 3492 3825 3545 τὸ

2178 3582 2292 3654 μὲν,
2325 3581 2408 3635 ὅτι
2437 3585 2542 3634 τῶν
2571 3580 2749 3634 πόνων
2802 3580 3110 3635 ἀνάπαυλαν
3143 3580 3347 3657 ηὕρατο
3380 3584 3513 3654 (18),
3548 3582 3609 3635 τὸ
3641 3579 3697 3635 δὲ
3728 3585 3823 3635 τοῦ

2173 3668 2438 3743 ποιμνίου
2468 3668 2652 3745 χάριν,
2686 3668 2834 3731 ὅπως
2869 3668 2996 3724 αὐτὸ
3026 3668 3420 3743 καταλείψειεν.

2246 3864 2449 3921 Ἐλθὼν
2485 3863 2541 3919 δὲ
2585 3864 2663 3927 εἰς
2708 3864 2774 3919 τὰ
2827 3865 3095 3939 βασίλεια,
3146 3861 3263 3937 ᾔτει
3314 3863 3475 3940 χάριν
3526 3865 3615 3919 τὸν
3666 3863 3825 3919 αύτο-

2175 3955 2432 4030 κράτορα,
2460 3951 2640 4008 τοιάδε
2672 3952 2835 4007 εἰπὼν
2864 3953 3148 4030 πρότερον*
3175 3978 3201 4005 (ι
3238 3952 3312 4007 Σὺ
3346 3954 3462 4025 μὲν,
3498 3954 3542 4007 ὦ
3582 3953 3827 4027 βασιλεῦ,

2177 4043 2250 4097 ὦν
2300 4044 2396 4112 τὴν
2454 4042 2775 4113 Ἐκκλησίαν
2836 4042 3238 4119 εὐηργέτησας,
3298 4044 3685 4117 ἀντιμετρήσαι
3746 4064 3833 4097 σοι

2180 4133 2408 4208 Χριστὸς
2441 4131 2492 4186 ἐν
2544 4130 2724 4205 ἡμέρᾳ
2773 4130 3201 4193 ἀνταποδόσεως·
3233 4133 3294 4185 -ἳν
3326 4129 3383 4185 δὲ
3430 4136 3517 4185 νῦν
3561 4131 3696 4185 αἰτῶ
3726 4131 3830 4206 χά-

2181 4242 2281 4295 ριν,
2316 4224 2361 4274 ὧ
2391 4220 2659 4295 κράτιστε,
2696 4218 2879 4275 δοῦναι
2933 4222 3010 4293 μὴ
3062 4222 3361 4295 ἀπαρνήσῃ.
3396 4220 3467 4274 Οὐ
3522 4220 3644 4293 περὶ
3686 4241 3833 4296 χρη-

2185 4310 2366 4383 μάτων
2418 4310 2680 4365 ἱκετεύω·
2732 4308 2855 4364 063}:
2904 4315 3059 4374 ποθῶ
3102 4308 3381 4379 πολυτελῆ
3436 4310 3838 4385 θυσιαστηρίων

2182 4400 2551 4471 σκεπάσματα,
2604 4398 2664 4453 οὗ
2718 4404 2987 4474 συγγενῶν
3030 4399 3221 4475 ἀρχάς·
3274 4396 3400 4453 ἀλλ’
3447 4398 3673 4452 ἱκετεύω
3722 4404 3833 4453 τῶν

2182 4488 2361 4542 πόνων
2397 4488 2669 4556 ἀνεθῆναι.
2704 4489 2933 4563 Ληγέτω
2965 4485 3022 4542 δὲ
3051 4489 3139 4542 καὶ
3173 4491 3287 4561 (19)
3318 4486 3533 4565 φθόνος,
3568 4486 3837 4563 εἰρηνευέ-

2180 4597 2353 4631 τωσαν
2391 4577 2439 4629 οἰ
2475 4576 2783 4649 ἐπίσκοποι,
2818 4582 2911 4631 σού
2948 4576 3180 4649 μάλιστα
3209 4581 3368 4631 τοῦτο
3412 4574 3832 4645 σπουδάζοντος.

2188 4670 2395 4719 Παῦσον
2423 4670 2527 4719 τῶν
2558 4666 2741 4741 ἱερέων
2791 4667 2881 4720 τὸν
2932 4664 3199 4738 πόλεμον,
3233 4666 3260 4719 ὁ
3293 4667 3491 4735 στήσας
3544 4660 3831 4739 βαρϐάρων

2186 4756 2400 4831 θράσος·
2430 4757 2495 4809 τά
2529 4755 2750 4831 μέγιστα
2778 4754 3011 4831 τρόπαια
3058 4759 3153 4810 τοῦ
3208 4759 3301 4808 σοῦ
3349 4756 3577 4831 κράτους
3630 4751 3705 4806 ἑνὶ
3737 4751 3832 4805 κό-

2265 5149 2559 5223 (14)οο11).
2595 5151 2661 5223 1,7
2678 5148 2935 5223 πείσοιτε.

2266 5221 2379 5291 (15)
2409 5222 2587 5295 Codd.
2632 5222 2727 5295 φιν.
2798 5222 2858 5277 Ρ.
2909 5221 3069 5295 ϐοιὶ).
3107 5224 3130 5278 1
3184 5226 3241 5278 et
3266 5224 3322 5292 2,
3354 5224 3499 5295 τῶν-
3521 5222 3848 5295 συμφορῶν.

2262 5296 2375 5367 (16)
2427 5294 2561 5349 Cod.
2625 5293 2720 5348 Or.
2800 5294 3203 5367 κατανυγέντες.
3260 5295 3396 5350 Cod.
3469 5293 3529 5349 P.
3597 5293 3853 5345 κατανοι-

2188 5364 2394 5438 γέντας.

2260 5438 2375 5509 (17)
2406 5435 2544 5509 Cod.
2578 5434 2673 5509 Qr.
2705 5432 2853 5509 ierat.

2184 5505 2373 5655 {19213)
2403 5508 2539 5563 Cod.
2590 5506 2683 5561 Or.
2742 5505 2957 5582 εὕρατο,
3006 5509 3165 5566 Colb.
3218 5511 3269 5564 1.
3327 5506 3530 5585 εὕρετο.
3590 5507 3731 5565 Cod.
3777 5505 3851 5567 P.

2208 5622 2218 5649 ι
2266 5653 2297 5655 η
2328 5654 2335 5655 ί
2366 5624 2378 5635 ο
2446 5650 2457 5655 _
2570 5648 2582 5655 ,
2627 5651 2641 5655 _
2806 5653 2813 5655 Α
2855 5650 2866 5655 _
3032 5653 3044 5655 _
3120 5652 3138 5655 ,

2208 5622 2378 5649 δι”-’ν’

2255 5653 2368 5727 (19)
2397 5650 2463 5706 At
2491 5648 2582 5705 καί
2610 5651 2825 5709 desunt
2851 5650 2913 5709 in
2944 5653 3073 5711 cod.
3106 5652 3205 5712 Or.
