4096 6288
348 410 456 474 30!

1354 414 1724 479 AUCTORE
1770 416 2166 479 GREGORIO
2211 416 2733 483 PRESBYTERO

3633 419 3751 481 302

344 548 655 620 σμησον,τῇ
686 542 973 624 συμφωνίᾳ
1000 548 1114 621 (20)
1141 551 1249 602 τῶν
1278 547 1606 605 ἐπισκόπων.
1638 546 1846 619 Ταύτην
1877 548 1985 623 ἐγὼ

2128 569 2232 608 νυω
2264 553 2565 609 audaciam
2597 551 3010 624 compescuisti
3044 568 3057 607 :
3086 551 3339 607 maxima
3395 550 3627 622 imperii
3670 550 3753 607 tui

344 632 542 710 δωρεὰν
576 632 853 706 αῗτοῦμαι·
885 632 1085 704 ταύτην
1117 633 1426 690 τελευταίαν
1464 657 1555 709 μοι
1589 637 1700 709 (21)
1727 635 1985 711 παρέχεις

343 723 525 799 χάριν.
561 748 582 775 ι
629 724 918 796 Θαυμάσας
968 720 1025 778 δὲ
1070 724 1137 778 τὰ
1183 723 1444 801 εἰρημένα
1492 722 1521 779 ὅ
1562 745 1622 779 τε
1669 726 1781 798 (22)
1827 724 1987 779 αύτο-

342 814 556 888 κράτωρ
580 811 670 867 καὶ
700 813 752 867 οἱ
782 819 880 882 τῆς
914 812 1224 888 συγκλήτου
1259 813 1486 889 βουλῆς,
1510 814 1596 868 οἷα
1626 816 1737 888 (23)
1769 811 1987 891 σφοδρῷ

340 905 420 974 τῷ
448 902 571 976 περὶ
629 900 788 956 αὐτὸν
846 900 999 973 πόθῳ
1051 901 1456 973 συντετηκότες,
1492 902 1655 976 μόλις
1714 900 1983 957 ἀπέλυσαν

343 990 501 1045 αὐτὸν
535 992 669 1065 (24),
699 992 799 1061 τὴν
832 986 1012 1061 ἔξοδον
1035 989 1432 1065 ἐπιτρέψαντες.

409 1167 807 1243 Ἐνδημοῦντος
840 1166 898 1223 δὲ
926 1168 1092 1224 αὐτοῦ
1138 1164 1214 1224 ἔτι
1262 1173 1329 1243 τῇ
1384 1167 1644 1244 βασιλίδι,
1677 1169 1988 1224 καθίσταται

371 1258 389 1281 ’ν
497 1261 527 1312 θ
658 1258 671 1277 9
748 1263 774 1273 ’⁵
813 1260 824 1278 ί
1204 1259 1218 1281 ε
1280 1261 1291 1277 ‘
1388 1266 1415 1276 αι
1936 1257 1947 1275 Ι

341 1280 417 1322 εις
463 1280 493 1313 τ
522 1280 564 1329 ,ν
614 1280 779 1313 αυτου
828 1257 1138 1329 Εκκλησίαν
1199 1280 1302 1314 υπο
1351 1280 1449 1328 της
1508 1255 1732 1313 συνόδου
1782 1262 1981 1313 Νεκτα-

338 1348 452 1421 ριός
505 1369 587 1409 τις
637 1346 952 1419 ἐπίσκοπος,
980 1348 1211 1421 Ταρσεὺς
1258 1348 1519 1423 ὑπάρχων
1568 1354 1668 1417 τῆς
1714 1346 1981 1408 Κιλικίας.

335 1436 508 1498 Αὐτὸς
555 1433 610 1491 δὲ
655 1436 1169 1512 προσκαλεσάμενος
1372 1439 1462 1491 τὸν
1512 1436 1719 1509 γλῆρον
1751 1436 1840 1491 καὶ
1887 1434 1983 1490 τοῦ

336 1526 470 1581 λαοῦ
516 1525 644 1587 τοὺς
693 1524 971 1601 ἐκκρίτους
1012 1529 1146 1599 (26),
1177 1528 1498 1597 νουθετήσας
1543 1547 1601 1581 τε
1656 1525 1850 1587 αὐτοὺς
1892 1547 1986 1601 φυ-

340 1616 549 1670 λάττειν
596 1615 695 1682 τὴν
759 1616 1217 1688 παρακαταθήκην
1281 1621 1384 1684 τῆς
1440 1614 1694 1681 πίστεως,
1743 1615 1832 1669 καὶ
1888 1614 1984 1676 τὰς

342 1700 565 1765 ἐντολὰς
649 1706 749 1757 τοῦ
840 1707 974 1757 Θεοῦ
1056 1703 1497 1777 κατεργάζεσθαι,
1586 1702 1983 1774 ἀσπασάμενος,

340 1789 527 1847 πολλά
552 1811 613 1845 τε
647 1793 873 1861 κινήσας
926 1792 1089 1846 ἅπασι
1140 1788 1362 1866 δάκρυα,
1394 1799 1493 1861 τῆς
1541 1790 1858 1868 ὁδοιπορίας
1912 1790 1985 1845 εἷ’-

341 1900 495 1955 χετο.
546 1885 805 1955 ’Ἔρχεται
859 1876 918 1934 δὲ
965 1879 1040 1941 εἷς
1090 1880 1389 1955 Ἀριανζὸν,
1441 1880 1648 1956 χωρίον
1695 1878 1984 1935 Καππαδο-

342 1968 486 2037 κίας,
519 1966 652 2043 ὅπερ
710 1966 963 2037 ἐκέκτητο
995 1971 1109 2041 (27)
1158 1969 1216 2022 έκ
1270 1974 1534 2042 πατρικοῦ
1576 1968 1811 2045 κλήρου,
1858 1990 1987 2023 κατ-

349 2056 499 2113 ελθὸν
560 2058 634 2119 εἰς
683 2057 863 2114 αὐτόν.
898 2056 1121 2112 Πολλοῦ
1170 2054 1227 2112 δὲ
1281 2058 1487 2133 χρόνου
1560 2058 1987 2134 παρῳχηκότος,

348 2146 434 2223 ἀφ’
464 2146 525 2201 οὗ
559 2144 839 2208 Βασίλειος
870 2145 898 2199 ὁ
942 2144 1104 2221 μέγας
1153 2146 1288 2223 πρὸς
1337 2148 1427 2201 τὸν
1480 2147 1605 2201 Θεὸν
1658 2145 1987 2218 ένεδήμησεν

347 2234 403 2291 ἐκ
428 2239 527 2290 τοῦ
570 2235 693 2310 βίου
738 2234 955 2306 τούτου,
987 2235 1124 2308 πρὸς
1175 2236 1514 2310 ὑψηλοτέραν
1568 2237 1710 2305 ζωὴν
1765 2236 1989 2310 μεταθέ-

352 2346 509 2397 μενος
556 2324 626 2379 τὰ
671 2323 932 2397 παρόντα,
965 2324 1172 2399 γράψας
1218 2326 1310 2379 τὸν
1357 2324 1438 2379 ἐπ’
1486 2324 1633 2397 αύτῷ
1690 2324 1989 2403 ἐπιτάφιον,

346 2413 417 2475 εἲς
474 2415 571 2482 σὴν
623 2413 929 2487 Καισαρέων
990 2414 1092 2482 ἧκε
1135 2414 1234 2481 τὴν
1293 2413 1439 2489 ἱερὰν
1493 2412 1857 2488 μητρόπολιν
1903 2414 1992 2468 καὶ

350 2505 750 2579 προσφωνήσας
794 2502 886 2557 τὸν
937 2500 1104 2577 λόγον
1150 2506 1217 2575 τῇ
1265 2502 1581 2575 Ἐκκλησία,
1633 2498 1869 2573 έϐάδιζει
1914 2500 1995 2557 οἷ’-

350 2591 499 2648 καδε.

418 2679 621 2755 Χρόνον
684 2677 742 2735 δὲ
798 2677 1050 2735 πλεῖστον
1109 2686 1207 2749 τῆς
1292 2679 1557 2753 πατρίδος
1627 2682 1791 2736 αὐτοῦ
1856 2682 1997 2736 ἀπο-

351 2768 658 2846 λειφθέντος
715 2766 803 2822 διὰ
858 2770 957 2837 τήν
1008 2768 1059 2824 έν
1110 2774 1179 2843 τῇ
1234 2768 1473 2845 βασιλίδι
1542 2766 1827 2847 διατριϐὴν
1878 2768 1998 2843 (δύο

354 2858 452 2933 γὰρ
504 2857 591 2911 καὶ
647 2854 772 2911 δέκα
821 2854 912 2927 ἔτη
966 2856 1128 2934 λόγος
1178 2856 1337 2913 αὐτόν
1367 2858 1418 2912 έν
1460 2863 1539 2930 τῷ
1588 2859 1863 2932 Βυζαντίῳ
1910 2879 2003 2913 πε-

359 2945 681 3019 ποιηκέναι),
731 2941 926 3017 συνέϐη
975 2950 1082 3002 τῶν
1133 2945 1559 3022 Ἀπὸλλιναρίου
1612 2953 1867 3021 μαθητῶν
1918 2969 2000 3002 τι-

367 3055 457 3095 νας
487 3034 560 3095 εἷς
589 3037 686 3105 τὴν
721 3031 969 3110 δευτέραν
1022 3034 1283 3111 ἐπαρχίαν
1332 3041 1439 3090 τῶν
1492 3036 1863 3091 Καππαδοκῶν
1893 3040 2005 3109 (28)

380 3120 610 3186 πολλοὺς
670 3125 765 3197 μὲν
821 3123 1140 3194 ἐξαπατῆσαι
1173 3130 1289 3187 τοῖς
1341 3123 1532 3200 λόγοις
1582 3129 1682 3195 τῆς
1741 3122 2005 3199 ἀσεϐείας,

373 3217 640 3284 τολμῆσαι
691 3212 749 3267 δὲ
801 3215 967 3287 μέχρι
996 3214 1102 3267 ’καὶ
1146 3211 1306 3267 τοῦδε
1347 3217 1458 3287 (29)
1498 3213 1836 3291 προσελθεῖν,
1872 3214 2010 3270 ὥστε

2020 1927 2067 1991 Β

2098 641 2357 713 trophaea
2387 660 2503 697 una
2533 660 2593 697 re
2619 659 2852 709 exorna,
2871 641 3150 696 nimirum
3172 640 3582 712 episcoporum
3614 656 3753 695 con-

2098 731 2312 785 cordia.
2347 735 2464 786 Hoc
2494 747 2598 803 ego
2630 732 2851 787 donum
2883 748 2915 785 a
2954 735 3009 786 te
3042 734 3172 802 peto
3209 746 3222 784 :
3256 729 3365 784 hoc
3396 728 3542 783 mihi
3574 729 3757 784 bene-

2098 819 2295 874 ficium
2320 819 2593 875 ultimum
2626 820 2877 892 porrige.
2912 841 2940 869 »
2973 820 3088 874 Hac
3121 818 3384 873 oratione
3410 819 3751 888 Imperator.

2097 911 2154 962 et
2184 908 2284 978 qui
2309 908 2583 963 senatorii
2602 908 2825 964 ordinis
2844 908 3094 978 erant,in
3110 905 3555 962 admirationem
3578 906 3750 977 rapti,

2100 1001 2161 1051 ut
2191 1001 2323 1068 pote
2348 997 2630 1052 acerrimo
2670 997 2859 1068 ipsius
2891 1012 3089 1051 amore
3119 996 3621 1061 contabescentes,
3649 994 3751 1049 ab-

2094 1086 2273 1140 eundi
2303 1085 2456 1141 iecta
2487 1085 2761 1141 facultate
2781 1086 2875 1140 vix
2897 1103 2931 1141 a
2962 1102 3022 1141 se
3053 1085 3429 1140 dimiserunt.

2166 1176 2448 1230 Caeterum
2471 1174 2571 1229 illo
2603 1174 2795 1230 adhuc
2827 1174 2885 1228 in
2918 1179 3170 1245 augusta
3200 1174 3345 1229 urbe
3376 1178 3606 1246 agente,
3639 1173 3749 1228 Ne-
3841 1169 3855 1181 ’

2095 1262 2313 1318 otarius
2344 1264 2608 1335 quidam,
2658 1265 2840 1318 Tarso
2889 1262 3097 1318 Ciliciae
3139 1261 3366 1318 civitate
3425 1265 3609 1329 ortus,
3645 1262 3751 1316 Ec-

2096 1352 2282 1406 clesiae
2313 1352 2500 1424 ipsius
2522 1370 2556 1407 a
2587 1353 2808 1424 synodo
2850 1352 3160 1424 episcOpus
3191 1351 3587 1407 constituitur.
3622 1350 3753 1422 Ipse

2096 1445 2289 1496 autem
2318 1458 2449 1496 cum
2484 1440 2704 1497 clerum
2737 1458 2803 1496 ac
2855 1440 3407 1513 praestantissimum
3463 1455 3755 1511 quemque

2095 1546 2163 1584 ex
2196 1530 2393 1601 populi
2439 1529 2821 1587 multitudine
2868 1530 3190 1595 accivisset,
3221 1546 3458 1600 eosque,
3511 1533 3574 1583 ut
3620 1528 3757 1582 ﬁdei

2096 1618 2428 1690 depositum
2461 1623 2778 1686 servarent,
2813 1619 3031 1691 Deique
3062 1622 3347 1690 praecepta
3379 1632 3761 1688 exsequeren'

2096 1711 2212 1775 tur,
2246 1708 2671 1774 admonuisset,
2703 1708 3161 1779 complexusque
3188 1705 3757 1777 fuisset,multasque

2099 1797 2374 1852 omnibus
2400 1796 2658 1868 lacymas
2717 1797 3023 1866 movisset,
3076 1796 3269 1850 itineri
3320 1811 3382 1850 se
3416 1794 3594 1865 dedit,
3626 1798 3756 1848 tan-
3830 1862 3833 1865 ν

2100 1886 2349 1956 demque
2377 1886 2689 1941 Arianzum
2723 1885 3003 1957 pervenit.
3054 1883 3428 1956 Cappadociae
3474 1886 3671 1939 autem
3704 1882 3755 1938 is

2098 1971 2261 2028 locus
2283 1978 2571 2045 est,quem
2604 1989 2671 2027 ex
2698 1977 2941 2043 paterna
2990 1972 3331 2027 haereditate
3374 1971 3446 2027 ad
3489 1986 3552 2026 se
3582 1970 3757 2025 devo-

2099 2061 2287 2117 lutum
2303 2062 2663 2134 possidebat.
2678 2062 2822 2116 Cum
2842 2066 3036 2117 autem
3061 2060 3315 2115 multum
3344 2059 3627 2131 temporis
3648 2058 3758 2114 ﬂu-

2099 2151 2301 2223 xisset,
2334 2168 2401 2205 ex
2431 2168 2545 2223 quo
2566 2150 2818 2205 Basilius
2834 2166 3082 2221 magnus
3100 2166 3166 2204 ex
3197 2149 3305 2204 hac
3323 2148 3444 2203 vita
3472 2147 3543 2203 ad
3567 2147 3753 2202 Deum

2100 2238 2371 2302 evolarat,
2409 2256 2474 2293 ac
2506 2239 2963 2310 praesentiacum
2982 2237 3325 2293 sublimiore
3352 2237 3474 2293 vita
3490 2252 3759 2293 oommu.

2101 2332 2275 2399 taret,
2311 2327 2537 2382 funebri
2560 2328 2818 2383 oratione
2849 2327 2909 2381 in
2936 2326 3125 2399 ipsius
3156 2326 3388 2381 laudem
3423 2324 3758 2397 conscripta

2104 2434 2329 2474 sacram
2361 2416 2803 2472 Caesariensium
2832 2414 3203 2487 metrOpolim
3254 2414 3418 2482 adiit,
3461 2413 3759 2469 Ecclesia-

2106 2523 2221 2579 que
2248 2510 2585 2578 nuncupata
2640 2523 2706 2561 ac
2736 2506 2930 2561 dicata
2976 2521 3044 2561 ea
3101 2504 3362 2560 oratione
3419 2505 3662 2559 domum
3696 2519 3759 2558 se

2107 2598 2343 2667 recepit.

2180 2684 2290 2740 Sed
2323 2701 2453 2740 cum
2485 2684 2690 2756 perdiu
2720 2684 2846 2755 ipse
2875 2701 2909 2739 a
2937 2682 3146 2755 patria,
3173 2685 3479 2754 propterea
3509 2679 3665 2752 quod
3699 2678 3763 2735 in

2110 2773 2485 2846 imperatoria
2516 2774 2658 2828 urbe
2689 2775 3170 2839 commoraretur,
3204 2770 3487 2825 abfuisset
3519 2768 3765 2840 (duode-

2111 2864 2224 2917 cim
2256 2878 2512 2933 namque
2562 2864 2756 2933 ipsum
2789 2860 3046 2933 Byzantii
3078 2876 3263 2915 annos
3302 2860 3493 2931 egisse
3520 2857 3763 2929 ferunt),

2113 2951 2323 3006 accidit
2351 2956 2416 3006 ut
2447 2951 2687 3021 quidam
2720 2950 3061 3021 Apollinarii
3102 2948 3376 3019 discipuli
3408 2947 3466 3001 in
3508 2947 3766 3002 secunda

2115 3041 2520 3112 Cappadocum
2537 3040 2806 3111 praefectu
2817 3057 2879 3094 ra
2910 3038 3033 3095 suis
3051 3036 3369 3109 impietatis
3387 3035 3761 3091 sermonibus

2117 3130 2337 3184 multos
2366 3129 2427 3183 in
2460 3129 2722 3184 fraudem
2754 3129 3111 3195 inducerent,
3144 3143 3327 3198 eoque
3349 3125 3604 3181 audaciae
3626 3140 3761 3195 pro-

2120 3223 2518 3291 grederentur,
2555 3222 2620 3271 ut
2647 3218 2718 3271 ad
2742 3217 2898 3271 hunc
2921 3232 3153 3287 quoque
3190 3215 3550 3281 accederent,
3584 3216 3762 3283 atque

368 3301 454 3354 καί
485 3300 813 3363 ἐπισκόπους
857 3301 908 3356 έν
954 3307 1022 3375 τῇ
1068 3303 1228 3378 χώρᾳ
1272 3311 1673 3379 χειροτονῆσαι,
1705 3304 1794 3359 καὶ
1842 3303 2006 3373 αὐτῆς

2128 3308 2424 3378 episcopos
2454 3306 2514 3361 in
2546 3322 2613 3361 ea
2662 3305 2893 3377 regione
2942 3309 3222 3371 crearent,
3282 3319 3354 3358 ne
3383 3302 3496 3373 ipsi
3527 3301 3769 3372 quidem

370 3386 426 3445 δὲ
466 3398 568 3459 τῆς
630 3395 951 3460 Ναζιανζοῦ.
1000 3390 1254 3465 Καθαίρει
1317 3393 1409 3464 μὲν
1460 3391 1551 3447 οῦν
1597 3396 1713 3463 (30)
1758 3394 1857 3461 τὴν
1903 3400 2009 3447 Να-

371 3480 577 3548 ζιανζὸν
607 3485 705 3534 τοῦ
737 3480 991 3535 τοιούτου
1023 3479 1188 3556 ἄγους
1220 3482 1295 3545 ὡς
1325 3482 1574 3557 τάχιστα·
1629 3480 1748 3537 λίαν
1797 3480 1854 3537 δέ
1907 3484 2013 3537 ἱκε-

366 3568 657 3641 τευόμενος
707 3571 1002 3641 προστῆναι
1045 3578 1144 3640 τῆς
1190 3569 1471 3646 πατρίδος,
1529 3570 1591 3625 ού
1649 3568 1865 3647 δέχεται
1912 3573 2010 3640 τὴν

370 3656 676 3727 ἐπισκοπὴν
758 3657 957 3731 (μάλα
1039 3661 1141 3735 γὰρ
1224 3662 1314 3715 τὸν
1401 3660 1634 3735 ἡσύχιον
1722 3658 2015 3733 μετεδίωκε

373 3746 531 3821 βίον)·
592 3745 683 3800 καί
738 3767 859 3801 τινα
916 3746 1184 3803 Εύλάλιον
1242 3751 1343 3818 τῆς
1411 3753 1709 3818 Ναζιανζοῦ
1784 3748 2017 3821 ποιμένα

368 3836 714 3905 κατέστησεν,
776 3837 833 3889 ὃν
894 3834 1049 3912 ἔσχεν
1114 3835 1242 3913 ἄγαν
1303 3837 1354 3893 έν
1410 3843 1525 3900 τοῖς
1578 3838 1810 3910 τιμίοις,
1861 3840 2016 3913 θερα-

371 3923 604 3978 πεύοντά
644 3944 704 3978 τε
759 3923 941 3996 αὐτὸν,
990 3926 1079 3980 καὶ
1151 3926 1368 4002 μέτριον
1434 3927 1497 3981 τὸ
1550 3930 1682 3997 ἦθος
1720 3929 2020 4002 τυγχάνον-

372 4032 436 4066 τα
466 4014 600 4085 (34).
633 4011 807 4074 Αύτὸς
843 4010 899 4068 δὲ
929 4012 981 4067 ἐν
1012 4014 1251 4086 ἀσθενείᾳ
1296 4014 1686 4090 κρατούμενος,
1720 4014 1770 4069 έν
1802 4019 2018 4091 Ἀριαν-

380 4105 489 4169 ζοῖς
519 4100 577 4154 ἀν
586 4100 784 4176 έψυχεν
818 4104 953 4175 (32).

445 4186 786 4264 Ὁδοιπορεῖν
816 4189 914 4244 οὐκ
953 4187 1029 4245 ἔτι
1081 4191 1193 4253 οἷός
1237 4213 1296 4246 τε
1344 4190 1436 4264 ὢν,
1469 4190 1757 4247 ἐπέστελλε
1807 4190 2021 4263 Κληδο-

376 4278 478 4350 νίῳ
534 4275 612 4351 τῷ
670 4274 1039 4354 πρεσϐυτέρῳ,
1092 4279 1247 4356 ἀνδρὶ
1304 4276 1544 4336 θεοσεϐεῖ
1598 4282 1689 4336 καὶ
1736 4284 2024 4357 θεράποντι

378 4366 587 4441 γνησίῳ
644 4372 798 4439 Θεοῦ,
842 4368 931 4423 καὶ
991 4369 1193 4445 ἑτέροις
1248 4370 1409 4441 τισὶν,
1466 4369 1605 4424 ὥστε
1660 4371 1734 4442 μή
1796 4368 2026 4446 παραδέ-

377 4466 567 4531 χεσθαι
624 4456 715 4511 τὸν
774 4455 969 4531 λοιμὸν
1017 4465 1116 4528 τῆς
1159 4457 1438 4532 αἱρέσεως,
1471 4460 1564 4521 τάς
1594 4480 1653 4513 τε
1682 4460 2025 4536 χειροτονίας

448 4599 559 4669 (20)
592 4600 673 4655 Ita
700 4600 905 4657 volunt
924 4607 1170 4659 Montac.
1206 4608 1262 4658 et
1302 4603 1399 4658 alii
1430 4603 1570 4659 edit.
1607 4603 1692 4659 Ita
1723 4604 1893 4661 codd.
1929 4622 2029 4660 no-

380 4665 505 4745 stri.
538 4665 657 4742 Or.,
691 4672 849 4745 Colb.
882 4674 938 4741 4,
966 4676 1044 4741 2.,
1075 4681 1161 4745 Ρ.,
1194 4692 1419 4731 necnon
1468 4680 1523 4730 et
1554 4676 1755 4732 Gomb.
1798 4677 1859 4731 In
1890 4678 2029 4732 edit.
2061 4665 2107 4728 D

377 4741 649 4819 zdcﬂieol
671 4744 771 4819 την
790 4747 1135 4819 συμφωνίαν.

448 4814 562 4888 (21)
594 4814 687 4869 Sic
708 4814 883 4888 Golb.
908 4814 955 4874 1’.
989 4825 1045 4875 et
1074 4821 1202 4875 cod.
1228 4817 1393 4873 Or.In
1412 4814 1655 4888 editae!
1686 4818 1873 4873 deest:
1898 4836 2031 4874 mox

380 4886 553 4965 codd;
569 4889 723 4965 P._et
744 4886 904 4943 Colb.
942 4891 990 4957 1,
1026 4891 1312 4965 παρέχοις,
1346 4906 1523 4961 quam
1550 4886 1857 4947 lectionem
1881 4891 2031 4946 indi-

383 4961 475 5011 cat
496 4956 750 5012 Montac.

452 5028 568 5169 (22)
598 5030 680 5083 Ita
709 5029 869 5085 Colb.
899 5033 923 5086 1
960 5038 1015 5088 et
1042 5036 1095 5103 2,
1131 5030 1219 5085 ὅτε
1250 5031 1415 5087 deest
1435 5031 1494 5085 in
1528 5032 1676 5087 edit.

474 5099 545 5152 23
598 5101 734 5155 Cod.
769 5101 863 5157 Or.
899 5101 999 5169 θ’ίῳ
1056 5101 1300 5169 σφοδρῷ,
1344 5120 1477 5159 mox
1534 5104 1676 5158 idem

474 5099 734 5181 23)'Cod.
769 5101 863 5157 Or.
899 5101 999 5176 θ’ίῳ
1056 5099 1300 5181 σφοδρῷ,
1344 5120 1477 5159 mox
1534 5104 1688 5158 idem
1749 5104 1877 5159 cod.
1910 5123 2031 5157 συν-

384 5169 690 5237 εστηκότες.

598 5239 775 5323 Μόλις
799 5320 806 5323 Δ
833 5244 1101 5323 ἀπέλυσαν
1127 5318 1137 5323 _
1163 5243 1354 5323 αὐτόν,
1403 5249 1513 5323 etc.
1562 5245 1739 5301 Nobis
1795 5247 2036 5323 CCII]be

383 5312 501 5391 ﬁsii
530 5312 935 5391 interpretatio
987 5318 1181 5391 magis
1204 5312 1437 5391 arridet
1452 5333 1638 5391 quam
1668 5316 1855 5373 versio
1886 5318 2037 5391 Billii

410 5384 505 5512 Ege
536 5384 841 5512 sictréddit
875 5406 888 5444 :
926 5411 954 5441 ‹‹
985 5384 1496 5446 vix'discedendi'
1520 5393 1866 5461 potestatem
1924 5389 2036 5463 ipsi

512 5474 621 5512 run
658 5501 670 5512 .
704 5479 733 5508 »

512 5474 670 5514 runt.
704 5479 733 5508 »

457 5528 568 5600 (25)
595 5529 689 5586 Sic
718 5529 967 5587 Montac.
1028 5537 1087 5589 et
1138 5530 1237 5588 alii
1282 5529 1485 5587 volunt
1530 5531 1668 5587 edit.
1703 5548 1717 5587 :
1751 5530 1834 5588 sic
1868 5531 2037 5588 codd.

384 5598 506 5667 Or.,
543 5598 623 5674 P,,
655 5602 811 5657 Colb.
846 5603 900 5669 4,
947 5607 1003 5674 2,
1045 5608 1102 5660 et
1158 5604 1413 5659 Combef.
1464 5602 1529 5658 In
1580 5603 1718 5659 edit.
1776 5601 1948 5659 Αὐτὸν
1982 5600 2040 5658 δὲ

385 5668 890 5743 προκαλεσάμενος.

457 5744 574 5819 (26)
613 5742 748 5803 Cod.
809 5746 906 5803 Or.
958 5744 1261 5823 έγκρίτους,
1326 5744 1651 5818 νουθετήσας
1707 5742 1902 5811 αὐτοὺς
1945 5767 2040 5831 (ρυ-

2119 3396 2406 3452 Nazianzo
2436 3399 2758 3466 parcentes.
2800 3398 2926 3466 [pse
2972 3410 3104 3449 vero
3150 3391 3503 3447 Nazianzum
3535 3388 3770 3461 quidem

2121 3485 2231 3540 hoc
2262 3483 2489 3555 piaculo
2522 3500 2697 3553 quam
2731 3482 3030 3538 celerrime
3080 3481 3368 3553 purgavit.
3401 3484 3542 3534 Cum
3574 3482 3773 3533 autem

2125 3572 2353 3629 obnixis
2387 3572 2658 3644 precibus
2675 3576 3001 3643 rogaretur,
3036 3575 3101 3625 ut
3131 3569 3331 3641 patriae
3370 3567 3614 3624 antistes
3649 3580 3780 3621 esse

2123 3661 2315 3730 vellet,
2349 3660 2558 3715 adduci
2583 3676 2699 3715 non
2731 3660 2922 3731 potuit
2963 3662 3027 3714 ut
3058 3659 3462 3730 episCOpatum
3494 3654 3783 3725 acciperet

2128 3748 2532 3822 (tranquillam
2557 3748 2710 3804 enim
2744 3748 2924 3803 vitam
2966 3748 3212 3802 mirifice
3262 3742 3732 3814 consectabatur)
3765 3760 3780 3811 ;

2126 3856 2328 3895 verum
2361 3837 2657 3892 Eulalium
2689 3838 3243 3908 quemdam,quem,
3273 3839 3338 3888 ut
3367 3834 3458 3888 sui
3477 3831 3784 3901 cultorem,

2129 3930 2614 3997 moderatumque
2644 3925 2967 3992 hominem,
3005 3922 3298 3995 imprimis
3329 3921 3577 3976 charum
3604 3918 3787 3974 habe-

2130 4018 2249 4086 bat,
2283 4015 2555 4071 Nazianzi
2582 4014 2924 4085 episcopum
2956 4011 3284 4068 constituit.
3309 4011 3439 4081 Ipse
3468 4012 3665 4063 autem
3694 4006 3788 4063 in-

2132 4106 2405 4161 ﬁrmitate
2436 4119 2678 4176 pressus
2710 4102 2943 4158 Arianzi
2978 4117 3189 4173 corpus
3220 4098 3598 4155 refocillabat.

2202 4200 2343 4249 Cum
2374 4198 2571 4247 autem
2602 4194 2726 4261 jam
2758 4192 2868 4246 iter
2899 4192 3087 4246 facere
3143 4206 3259 4245 non
3317 4187 3553 4254 valeret,
3589 4185 3791 4241 Cledo-

2138 4284 2298 4339 nium
2344 4282 2770 4354 presbyterum,
2831 4281 3019 4335 virum
3070 4280 3256 4351 pium,
3314 4291 3635 4347 verumque
3690 4275 3791 4330 Dei

2137 4368 2719 4442 cultorem,aliosque
2752 4368 3068 4424 nonnullos
3091 4384 3194 4440 per
3216 4367 3444 4423 litteras
3460 4363 3789 4433 admonuit,

2138 4478 2209 4516 ne
2240 4457 2472 4514 haeresis
2521 4463 2744 4529 pestem
2790 4458 3179 4529 susciperent,
3214 4455 3315 4511 sed
3347 4452 3793 4526 Apollinarista-

2139 4598 2351 4657 λάττειν
2384 4619 2482 4669 την
2515 4598 2859 4673 παραθήκην.

2209 4674 2321 4746 (27)
2356 4665 2800 4746 l_t_a'Montac.;et'
2820 4670 2916 4746 alii
2946 4670 3085 4746 edit.
3120 4668 3326 4725 volunt
3358 4686 3376 4723 :
3399 4666 3479 4723 ita
3511 4666 3679 4722 codd.
3702 4665 3793 4736 P.,

2138 4740 2259 4811 01".,
2292 4740 2452 4798 Colb.
2478 4745 2503 4796 1
2541 4748 2597 4797 et
2622 4743 2677 4796 2.
2715 4743 2776 4797 In
2806 4742 2944 4797 edit.
2977 4740 3281 4810 έκέκτησεν.

2209 4808 2319 4888 (28)
2353 4815 2602 4888 Montac.
2631 4813 2870 4888 cui_non
2894 4808 3226 4888 repugnant
3246 4809 3516 4888 apliiedit.
3553 4826 3566 4863 :
3602 4808 3791 4888 Forte.

2142 4878 2352 4970 inquit,
2374 4887 2547 4968 .deest
2564 4881 2936 4970 ‘E‘Eeic‘Sovyac,
2958 4878 3075 4967 autv
3090 4878 3520 4970 ἐπεισελθόντας·
3556 4894 3693 4970 nam
3723 4878 3796 4961 de

2141 4948 2284 5030 iisin
2300 4948 2489 5030 prima
2511 4948 2940 5030 ad_Cledonium
2957 4952 3522 5030 epistolaQregorius
3544 4948 3685 5005 aitoi
3703 4951 3789 5000 νῦν

2142 5019 2478 5099 ἐπελθόντες,
2506 5028 2593 5102 vel
2626 5034 2691 5083 ut
2719 5034 2807 5084 est
2845 5019 3191 5102 inscriptis,
3225 5019 3647 5102 ἐπεῖσελθῷντξςο

2215 5102 2327 5173 (29)
2359 5093 2815 5175 ΒὶσΜοοιεοεμθι
2832 5100 2942 5175 _alii
2999 5093 3168 5175 edit._
3196 5111 3445 5175 quorum
3479 5093 3792 5175 lectionem

2144 5164 2494 5230 confirmant
2522 5172 2691 5227 codd.
2712 5172 2796 5240 P.,
2822 5172 2941 5239 Or.,
2974 5170 3168 5226 Cole
3190 5164 3313 5235 e't2,
3345 5167 3405 5222 in
3436 5164 3794 5236 quibusdam

2143 5264 2277 5299 ποοε
2320 5246 2452 5299 θεῖν.

2187 5264 2796 5389 ρῖἕοξῖέέ-Μοιιιεοει
2824 5313 2921 5370 alii
2946 5313 3081 5370 edit.
3103 5316 3187 5367 lta
3220 5309 3391 5366 codd.
3423 5305 3583 5363 Colb.
3605 5307 3630 5359 1
3655 5306 3713 5361 et
3738 5307 3795 5360 2.

2150 5383 2517 5461 In'ediitgoﬁv
2547 5387 2729 5441 deest.
2944 5457 2981 5461 __
3067 5454 3081 5461 _
3153 5454 3163 5461 _
3480 5447 3515 5461 ..
3659 5446 3695 5461 ..

2217 5458 2628 5534 (3l)_Monta_c.
2664 5454 3400 5534 etaliieditincipxovm,
3478 5450 3570 5534 ita
3622 5450 3800 5534 etiam

2146 5519 2434 5599 codd.'_P.,
2459 5529 2617 5585 Colb.
2653 5529 2705 5598 1,
2734 5530 2788 5585 2.
2829 5532 2959 5584 Mox
3017 5529 3132 5584 duo
3173 5519 3527 5599 posteriores
3557 5519 3799 5586 habent,

2147 5600 2308 5663 αὐτὸς
2332 5597 2387 5654 δὲ
2418 5599 2678 5665 ἀσθενείᾳ,

2218 5676 2331 5745 (32)
2362 5675 2499 5732 Cod.
2529 5678 2593 5729 P.
2624 5668 2904 5747 ἀνέψυξεν.
