4096 6288
282 340 400 401 303

1413 330 1597 392 VITA
1640 333 1703 389 S.
1752 325 2115 387 GREGORll
2163 324 2559 386 THEOIDGI

3575 326 3697 399 304

287 489 420 529 rum
452 468 949 532 ordinationes,ut
970 464 1222 522 nefarias
1252 469 1309 521 et
1338 466 1410 522 ab
1444 464 1697 520 Ecclesia
1717 462 1916 518 Catho-

2040 458 2245 515 ἀθετεῖν
2290 465 2397 516 τῶν
2450 459 2967 537 Ἀπολλιναριστῶν,
3016 461 3092 524 ὡς
3138 462 3403 534 ἀθέσμους
3451 461 3539 517 καὶ
3589 460 3690 518 ἀλ-

287 561 401 616 lica
432 560 672 626 alienas,
706 573 808 630 pro
839 556 1020 611 irritis
1070 555 1369 611 haberent.
1428 554 1543 609 Nec
1598 570 1731 608 vero
1791 551 1916 607 sati:

2046 546 2264 624 λοτρίας
2295 558 2397 620 τῆς
2427 551 2726 621 καθολικῆς
2752 550 3098 621 Ἐκκλησίας.
3133 549 3272 621 Ἤδή
3309 549 3366 606 δὲ
3407 552 3468 607 οὐ
3523 553 3689 627 μέχρι

286 648 540 704 habebat
568 646 726 700 nuda
756 650 812 699 et
842 643 1095 714 simplici
1128 640 1551 697 contestatione
1581 640 1652 695 ad
1683 655 1781 694 eos
1815 638 1933 693 uti:

282 752 482 792 verum
505 734 735 807 plenius
767 733 1123 803 uberiusque
1153 731 1462 797 scribebat,
1494 728 1729 801 singula
1767 729 1934 783 abor-

284 829 414 881 tivaa
434 822 775 897 Apollinarii
809 821 1047 877 haeresis
1088 820 1521 891 impietatisque
1554 818 1744 889 capita
1772 833 1935 872 ever-

282 906 1716 984 tensatqueopprimens,qucmadmodumliquido
1738 910 1933 961 osten-

285 1004 434 1058 dunt
461 1005 589 1056 tum
636 1001 763 1055 duae
814 998 923 1053 illae
982 999 1054 1054 ad
1102 998 1442 1053 Cledonium
1493 995 1772 1067 epistolae,
1806 999 1932 1050 tum

188 1110 195 1115 ί
282 1090 571 1163 Ριιωοὶρυθ
590 1092 873 1144 tractatus
926 1086 1156 1159 poetici,
1190 1102 1337 1157 quos
1367 1085 1624 1157 reliquit.
1668 1084 1842 1139 Porro
1873 1082 1933 1137 in

280 1180 520 1251 poeticis
549 1175 1078 1247 lucubrationibus,
1098 1192 1345 1246 quarum
1360 1174 1532 1230 etiam
1567 1179 1700 1230 ante
1722 1172 1933 1228 memi-

284 1269 365 1339 ni,
399 1267 615 1339 duplex
661 1266 743 1319 illi
804 1282 1015 1336 scopus
1075 1263 1409 1335 propositus
1441 1268 1563 1319 erat
1607 1262 1816 1329 :alter,
1868 1265 1933 1317 ut

281 1357 525 1428 impiam
566 1354 799 1427 tyranni
826 1352 1045 1409 Juliani
1088 1353 1299 1424 legem,
1360 1370 1477 1423 qua
1526 1350 1839 1406 Christiani
1896 1367 1930 1405 a

282 1446 541 1517 profanis
571 1443 897 1515 disciplinis
928 1442 1297 1508 arcebantur,
1322 1440 1603 1512 puerilem
1636 1445 1810 1511 atque
1840 1440 1927 1495 in-

282 1537 514 1589 ﬁrmam
537 1539 595 1588 et
615 1531 923 1586 ridiculam
937 1548 1063 1586 esse
1077 1532 1409 1586 ostenderet
1435 1549 1447 1586 :
1483 1530 1928 1601 alter,quoniam

280 1623 711 1695 Apollinarium
728 1621 944 1675 multos
976 1620 1156 1675 libros
1186 1619 1361 1675 variis
1391 1620 1721 1675 carminum
1753 1635 1925 1691 gene-

283 1712 447 1767 ribus
475 1711 747 1772 texuisse,
782 1710 994 1780 iisque,
1040 1713 1238 1781 utpote
1266 1709 1558 1765 eruditum
1605 1709 1925 1775 hominem,

282 1799 629 1872 dicendique
657 1798 932 1853 facultate
955 1801 1351 1869 praestantem,
1386 1798 1601 1852 multos
1637 1798 1707 1852 ad
1740 1799 1925 1853 haere-

2042 644 2139 693 τοῦ
2187 638 2325 713 ψιλῇ
2381 637 2742 716 διαμαρτυρίᾳ
2788 641 2925 716 πρὸς
2957 638 3151 703 αὐτοὺς
3183 642 3511 714 χρήσασθαι,
3545 642 3692 697 ἀλλὰ

2044 728 2131 781 καὶ
2183 727 2619 804 διεξοδικώτερον
2687 727 2906 807 ἔγραφε,
2954 730 3070 783 καθ’
3121 729 3175 783 ’ἐν
3244 730 3553 805 ἀνατρέπων
3624 730 3693 785 τὰ

2040 824 2141 885 τῆς
2198 812 2438 873 ἀσεϐείας
2498 816 2918 893 Ἀπολλιναρίου
2973 814 3341 891 ἀμϐλώματα.
3401 824 3571 873 Τοῦτο
3632 817 3693 874 δὲ

2045 903 2343 960 δεικνύουσι
2378 912 2560 984 σαφῶς
2590 906 2645 961 α’ί
2698 929 2757 962 τε
2802 908 2940 983 πρὸς
2990 904 3287 973 Κληδόνιον
3335 905 3429 962 δύο
3478 907 3691 964 ἐπιστο-

2044 994 2067 1050 )
2120 995 2133 1016 ς
2236 995 2247 1014 ,
2353 994 2364 1015 Ι
2714 997 2727 1015 κ
2860 993 2885 1016 ,ι
3422 997 3441 1015 η

2065 1016 2156 1063 ιαι,
2190 1011 2301 1070 ουχ
2329 996 2523 1065 ἠκιστα
2557 994 2613 1051 δὲ
2641 1018 2728 1051 και
2762 997 2813 1050 οἱ
2860 1016 3122 1069 εμμετροι
3173 994 3355 1071 λόγοι,
3389 1018 3482 1059 ους
3528 1019 3689 1052 κατα-

2043 1082 2270 1139 λέλοιπε
2318 1087 2451 1159 (33).
2504 1087 2633 1161 Περὶ
2680 1084 2737 1141 δὶ
2782 1091 2891 1141 τῶν
2938 1086 3243 1161 ἐμμέτρων,
3277 1087 3350 1139 ὧν
3412 1086 3686 1159 ἐμνήσθην

2038 1172 2129 1227 καὶ
2181 1174 2391 1249 πρώην,
2436 1172 2614 1237 διττὸς
2671 1174 2817 1248 αὐτῷ
2868 1175 3079 1250 γέγονεν
3128 1175 3155 1228 ὁ
3200 1174 3422 1235 σκοπός·
3473 1179 3689 1250 πρῶτος

2045 1261 2139 1334 μὲν
2170 1264 2303 1335 (34),
2337 1262 2484 1325 ὅπως
2527 1265 2625 1332 τῆν
2676 1262 2905 1337 ἄθεσμον
2938 1261 3238 1319 Ἰουλιανοῦ
3281 1268 3378 1318 τοῦ
3424 1265 3687 1338 τυράννου

2038 1351 2362 1423 νομοθεσίαν
2393 1350 2728 1426 μειρακιώδη
2779 1353 2867 1406 καὶ
2911 1351 3204 1428 ἀνίσχυρον
3257 1352 3553 1427 ἀπαλέγξῃ,
3605 1374 3688 1407 κε-

2042 1437 2302 1495 λεύουσαν
2375 1442 2450 1513 μῆ
2533 1446 2770 1513 μετεῖναι
2837 1445 3179 1517 Χριστιανοῖς
3244 1448 3343 1511 τῆς
3402 1440 3682 1513 Ἑλλήνων

2038 1526 2299 1591 παιδείας·
2337 1527 2585 1606 δεύτερος
2631 1528 2688 1585 δὲ
2735 1532 2868 1605 (35),
2901 1529 3015 1585 ἐπεὶ
3060 1531 3203 1605 ἑώρα
3261 1529 3681 1606 Ἀπολλινάριον

2040 1617 2277 1692 ῥάψαντα
2306 1621 2418 1692 (36)
2458 1618 2827 1695 πολυστίχους
2884 1614 3109 1694 βίϐλους
3161 1618 3220 1674 ἐκ
3268 1617 3540 1696 διαφόρων
3596 1621 3686 1693 μέ-

2035 1727 2201 1782 τρων,
2249 1709 2338 1762 καὶ
2395 1708 2607 1770 τούτοις
2655 1706 2927 1783 κλέψαντα
2968 1707 3095 1771 τοὺς
3160 1707 3405 1771 πολλοὺς
3458 1708 3535 1771 εἷς
3582 1710 3680 1778 τὴν

2036 1794 2260 1871 α’ίρεσιν,
2311 1798 2385 1860 ὡς
2445 1797 2747 1873 ἐλλόγιμον
2809 1796 2992 1868 δῆθεν,
3043 1797 3332 1873 ἀναγκαῖον
3394 1798 3575 1870 ᾠήθη,
3627 1796 3681 1853 ἐν

282 1891 394 1945 sim
429 1905 594 1945 suam
628 1887 883 1942 illexisse
913 1887 1318 1958 perspiciebat,
1354 1887 1679 1942 necessario
1711 1885 1822 1942 sibi
1849 1887 1916 1942 fa-

2036 1858 2335 1961 ’A'ptav('oi¢
2368 1858 2660 1962 ῆσυχάζίυν
2693 1888 2825 1959 μετὰ
3013 1858 3358 1965 ὑποστροφὴν
3406 1858 3505 1942 καί
3540 1858 3685 1963 ’σχο-

282 1980 553 2035 ciendum
588 1976 830 2049 putavit,
886 1982 948 2030 ut
978 1975 1205 2031 Arianzi
1265 1980 1397 2047 post
1446 1976 1698 2031 reditum
1746 1992 1923 2030 suum

275 2068 603 2138 quiescens,
634 2069 805 2136 atque
838 2064 910 2119 ab
941 2063 1216 2119 omnibus
1250 2064 1495 2136 negotiis
1529 2064 1922 2135 accupationi-

271 2160 501 2228 busque
515 2156 773 2222 feriatus,
798 2155 1085 2211 cudendis
1110 2155 1376 2211 versibus
1409 2155 1674 2210 animum
1697 2155 1921 2225 adjice-

274 2253 380 2303 ret.
407 2250 591 2317 Atque
620 2244 755 2299 hinc
789 2244 1087 2298 uberrima
1116 2244 1261 2299 mihi
1294 2243 1474 2315 hujus
1495 2243 1775 2300 orationis
1797 2261 1919 2300 ma-

268 2336 414 2392 teria
441 2334 683 2390 collecta
712 2337 821 2388 est.

340 2426 485 2480 Cum
509 2429 705 2479 autem
740 2420 1005 2476 nonnihil
1021 2420 1431 2493 temporisillic
1452 2420 1748 2477 solitarius
1771 2423 1921 2495 egis-

267 2521 374 2581 set,
434 2514 730 2582 vilamquc
779 2508 1150 2581 philosophia
1211 2515 1541 2581 purgasset,
1598 2528 1663 2566 ac
1709 2512 1922 2583 majori

267 2598 744 2672 contemplationi
774 2598 1040 2653 animum
1072 2598 1483 2667 addixisset,in
1501 2604 1759 2655 extrema
1789 2607 1917 2657 tan-

266 2694 400 2747 dem
432 2693 730 2746 senectute
762 2688 1045 2742 caducam
1076 2687 1227 2742 hanc
1267 2690 1446 2743 vitam
1504 2704 1636 2743 cum
1693 2689 1919 2746 meliori

263 2786 321 2838 et
372 2777 701 2835 sublimiori
754 2793 949 2850 rerum
1012 2780 1188 2843 statu,
1251 2777 1421 2845 cujus
1477 2776 1570 2831 hic
1606 2783 1918 2849 pertenues

260 2870 434 2924 etiam
469 2865 691 2937 species
723 2864 813 2918 vix
846 2864 1085 2935 reperiri
1145 2870 1382 2935 queant,
1415 2866 1785 2936 permutavit.
1819 2870 1916 2922 At-

257 2974 367 3028 que
398 2955 643 3012 ornandi
668 2953 905 3025 quidem
930 2952 1190 3025 Gregorii
1222 2970 1463 3009 munere
1486 2970 1589 3025 pro
1621 2954 1920 3012 virilimea

260 3050 602 3119 perfunctus
634 3050 1082 3115 sum,quantum
1106 3045 1177 3098 ad
1203 3044 1257 3097 id
1284 3045 1589 3112 attinebat,
1611 3050 1675 3099 ut
1696 3051 1752 3101 et
1785 3045 1913 3101 bon-

260 3137 448 3192 Patris
477 3141 533 3192 et
554 3151 777 3199 eorum,
804 3134 903 3204 qui
929 3134 1103 3187 vitam
1137 3132 1297 3188 illius
1329 3134 1529 3189 audire
1549 3136 1897 3207 gestiebant,

2036 1974 2139 2043 λήν
2188 1975 2332 2050 ἄγων
2367 1979 2500 2049 (37),
2533 1977 2619 2030 οἵα
2662 1978 2995 2053 πραγμάτων
3045 1975 3493 2053 ἀπηλλαγμένος,
3523 1998 3677 2047 τηνις

2031 2061 2199 2117 καῦτα
2271 2066 2472 2139 γράψαι
2528 2065 2595 2119 τὰ
2670 2060 2934 2138 ἔμμετρα,
2994 2065 3111 2121 ὅθεν
3195 2087 3286 2139 μοι
3365 2066 3585 2142 εὕρηται
3641 2069 3676 2137 ἡ

2031 2150 2259 2224 πλείστη
2296 2152 2401 2224 ὕλη
2432 2151 2598 2223 τῆσδε
2625 2157 2725 2224 τῆς
2761 2154 3086 2217 ὑποθέσεως.

2100 2421 2357 2486 Ἐνταῦθα
2403 2422 2689 2497 ἠρεμήσας
2736 2422 2957 2499 χρόνον,
2989 2423 3076 2477 καὶ
3121 2421 3354 2499 καθάρας
3407 2424 3498 2479 τὸν
3554 2424 3671 2500 βίον

2030 2508 2344 2588 φιλοσοφίᾳ,
2396 2510 2686 2585 γενόμενός
2733 2532 2791 2565 τε
2833 2510 2884 2565 ἐν
2937 2511 3134 2586 θεωρίᾳ
3185 2511 3414 2585 μείζονι,
3460 2514 3671 2586 μετατί-

2029 2601 2171 2653 θεται
2228 2600 2326 2668 τῆν
2377 2598 2634 2674 ἐπίκηρον
2679 2597 2839 2670 τήνδε
2889 2601 3032 2669 ζωὴν
3067 2601 3117 2655 ἐν
3155 2600 3343 2676 βαθείᾳ
3382 2605 3452 2675 τῇ
3504 2599 3675 2673 πολιᾷ

2027 2689 2163 2763 πρὸς
2192 2689 2291 2758 τὴν
2336 2686 2541 2762 ἀμείνω
2589 2689 2677 2743 καὶ
2729 2684 3066 2764 ὑψηλοτέραν
3127 2692 3467 2761 κατάστασιν,
3500 2693 3564 2761 ῆς
3596 2691 3678 2746 έν-

2026 2780 2193 2832 ταῦθα
2252 2776 2412 2850 μόλις
2468 2780 2581 2851 (38)
2643 2777 2700 2832 ἂν
2762 2778 3000 2853 εὑρεθείη
3073 2780 3162 2833 καὶ
3233 2780 3299 2834 τὰ
3368 2778 3669 2852 ἰνδάλματα

2030 2866 2185 2937 Ἐμοὶ
2217 2868 2311 2938 μὲν
2344 2868 2433 2920 οὗν
2466 2868 2581 2939 (39)
2614 2869 2713 2935 τῆς
2763 2866 2836 2928 είς
2885 2866 3043 2921 αὑτὸν
3090 2875 3256 2940 τιμῆς
3308 2868 3385 2930 εἰς
3444 2866 3663 2941 δύναμιν

2030 2955 2344 3033 ἀφωσίωται
2384 2954 2504 3010 ὅσον
2555 2955 2645 3011 τὸν
2694 2955 2858 3010 πόθον
2909 2956 3310 3032 ἀποπληρῶσαι
3358 2958 3563 3029 Πατρός
3612 2980 3671 3014 τε

2029 3045 2228 3119 ἀγαθοῦ
2271 3045 2359 3098 καὶ
2406 3048 2513 3098 τῶν
2561 3044 2628 3098 τὰ
2674 3043 2878 3099 ἐκείνου
2923 3044 3260 3116 ποθούντων,
3287 3045 3374 3099 καὶ
3425 3045 3582 3112 ὥστε,
3617 3046 3667 3102 έν

2029 3132 2199 3208 ὀλίγῳ
2244 3130 2657 3211 συνειληφότας,
2708 3131 2850 3209 ἔχειν
2907 3135 3166 3209 βραχεῖάν
3229 3155 3350 3189 τινα
3402 3139 3499 3190 τοῦ
3548 3134 3671 3210 βίου

260 3226 410 3284 votis
439 3224 861 3289 satisfacerem,
893 3227 1068 3293 atque
1099 3227 1165 3276 ut
1194 3222 1463 3294 exiguam
1491 3225 1809 3294 quamdam
1831 3224 1910 3280 vi-

2034 3224 2352 3299 ἰναγραφήψ
2411 3222 2481 3275 Τὸ
2535 3221 2637 3296 γὰρ
2714 3223 2921 3276 ἅπαντα
2993 3220 3382 3297 ἐκδιηγεῖσθαι,
3440 3224 3475 3292 ἢ
3530 3223 3666 3299 πρός

263 3322 332 3373 ta:
365 3313 817 3384 descriptionem
860 3312 1108 3366 breviter
1157 3311 1636 3383 comprehensam
1670 3312 1910 3369 habere-

265 3421 420 3462 mus.
446 3403 589 3457 Nam
624 3416 827 3455 omnes
858 3399 1018 3454 illius
1049 3398 1251 3454 laudes
1298 3400 1543 3471 vitaeque
1570 3408 1913 3457 ornamenta

264 3507 573 3564 exponere,
606 3493 707 3544 aut
738 3504 840 3560 pro
888 3488 969 3542 rei
1016 3487 1299 3558 dignitate
1328 3492 1596 3557 tractare,
1628 3492 1771 3545 adeo
1800 3490 1909 3545 dif-

264 3581 415 3637 ﬁcile
448 3584 621 3650 atque
647 3580 895 3632 arduum
931 3576 1125 3645 fuerit,
1160 3581 1223 3631 ut
1278 3577 1433 3631 haud
1486 3579 1606 3633 scio
1647 3596 1719 3633 an
1754 3579 1912 3650 quis-

265 3687 461 3742 quam,
491 3684 691 3723 eorum
724 3666 898 3720 etiam
930 3665 1030 3736 qui
1090 3681 1385 3720 summam
1414 3666 1757 3723 eruditionis
1788 3668 1909 3725 lau-

265 3762 396 3815 dem
420 3756 715 3814 consecuti
747 3759 905 3819 sunt,
929 3753 1038 3809 hoc
1069 3758 1343 3826 praestare
1397 3756 1603 3826 possit.
1633 3757 1719 3811 Tu
1750 3774 1907 3825 vero,

264 3850 430 3905 Pater
477 3850 660 3911 beate,
692 3847 913 3915 verique
960 3842 1121 3898 illius
1162 3843 1571 3899 tabernaculi"
1612 3844 1909 3915 inspector

258 3945 319 3995 et
345 3937 595 3999 console,
630 3936 730 3989 ubi
779 3934 1170 3989 exsultationi:
1224 3936 1276 3987 et
1333 3935 1529 3989 salutis
1550 3936 1731 3989 vari:20
1778 3936 1905 3993 lau-

259 4027 525 4084 dantium
560 4025 739 4080 Deum
766 4022 1111 4095 angelorum
1163 4022 1381 4093 pariter
1428 4039 1494 4078 ac
1542 4028 1901 4093 sanctorum,

258 4115 516 4188 Gregorii
548 4114 655 4179 tui,
688 4112 786 4183 qui
812 4113 1081 4184 exiguam
1132 4111 1282 4165 hanc
1325 4112 1755 4168 oratiunculam
1789 4114 1900 4170 ela-

252 4204 499 4272 boravit,
527 4218 749 4258 memor
779 4205 923 4255 csto.
950 4199 1226 4264 Quamvis
1256 4200 1409 4255 enim
1446 4201 1517 4256 ob
1545 4202 1755 4258 virium
1788 4202 1899 4258 im-

2022 3310 2189 3381 ἀξίαν,
2224 3310 2323 3364 οὐκ
2376 3307 2496 3364 οἶδα
2553 3308 2605 3364 εἷ’
2649 3332 2733 3372 τις
2780 3311 2868 3364 καὶ
2910 3315 3017 3365 τῶν
3064 3308 3195 3385 ἄγαν
3225 3310 3310 3365 ἐπὶ
3343 3312 3504 3390 σοφίᾳ
3547 3324 3667 3376 θαυ·

2028 3398 2347 3473 μαζομένων
2400 3405 2625 3467 ποιῆσαι
2685 3398 2975 3475 ἷσχύσειεν·
3011 3399 3073 3453 σὺ
3132 3397 3189 3454 δέ
3249 3422 3366 3474 μοι,
3400 3402 3444 3454 ὧ
3498 3404 3665 3475 μακά-

2022 3507 2103 3563 ριε
2161 3487 2355 3563 Πάτερ,
2405 3487 2493 3542 καὶ
2548 3494 2650 3557 τῆς
2725 3495 2924 3557 σκηνῆς
2980 3492 3079 3558 τῆς
3132 3489 3403 3559 ἀληθινῆς
3462 3490 3669 3547 έπόπτα

2018 3581 2106 3631 καὶ
2171 3576 2364 3650 μύστα,
2396 3574 2517 3640 ἔνθα
2583 3579 2733 3655 φωνὴ
2796 3576 3175 3652 ἀγαλλιάσεως
3225 3580 3313 3633 καὶ
3374 3582 3667 3656 σωτηρίας,

2020 3665 2330 3738 ὑμνούντων
2364 3666 2489 3721 Θεὸν
2523 3665 2765 3741 ἀγγέλων
2813 3687 2872 3721 τε
2918 3666 3006 3721 καὶ
3057 3667 3220 3743 ἁγίων
3249 3672 3381 3743 (40),
3420 3669 3669 3743 μέμνησο

2016 3754 2320 3831 Γρηγορίου
2376 3759 2473 3810 τοῦ
2527 3760 2642 3826 σοῦ,
2700 3755 2906 3831 βραχέα
2967 3777 3046 3817 ςοι
3088 3754 3215 3811 τάδε
3264 3756 3667 3836 φιλοσοφήσαν-

2013 3865 2124 3905 τος.
2162 3844 2224 3897 El
2274 3844 2377 3919 γὰρ
2419 3844 2507 3898 καὶ
2540 3851 2639 3913 τῆς
2668 3842 2946 3916 δυνάμεως
2976 3841 3168 3900 ἐνδέων
3216 3849 3329 3919 (41)
3358 3854 3457 3914 τῆς
3514 3848 3666 3920 ἀξίας

2014 3932 2492 4007 ἀπολιμπάνομαι,
2523 3933 2619 3987 κπὶ
2670 3936 2781 4007 (42)
2811 3937 2975 3988 ταῦτα
3013 3933 3137 4009 περὶ
3187 3939 3285 3988 σοῦ
3315 3938 3428 4008 (43)
3460 3935 3661 4011 λέγων,

2012 4020 2139 4077 ἀλλ’
2171 4021 2230 4076 ού
2267 4017 2453 4095 μέμψῃ
2483 4024 2550 4094 τῇ
2603 4022 2900 4097 προθυμίᾳ.
2940 4022 3019 4090 Σὴ
3070 4021 3173 4097 γάρ
3225 4023 3365 4077 ἐστιν
3413 4023 3587 4094 ἐκείνη
3621 4029 3656 4097 ἡ

2010 4112 2129 4187 ἰερὰ
2196 4112 2369 4189 φωνὴ,
2400 4112 2488 4165 καὶ
2546 4115 2662 4183 Θεῷ
2721 4110 2950 4187 λέγουσα
3007 4110 3165 4189 φίλον
3214 4113 3345 4168 εἶναι
3404 4115 3465 4169 τὸ
3521 4117 3656 4170 κατὰ

2012 4198 2237 4273 δύναμιν
2271 4202 2405 4274 (44).

250 4293 625 4353 becillitatem
654 4288 967 4344 virtutibus
997 4288 1113 4343 tuis
1144 4304 1343 4359 parem
1376 4289 1699 4345 orationem
1749 4307 1865 4346 non
1920 4290 2237 4357 attulerim,
2282 4290 2458 4361 idque
2507 4290 2577 4344 dc
2622 4293 2677 4344 te
2724 4290 2897 4345 verba
2948 4290 3205 4358 faciens;
3247 4292 3659 4364 promptitudi-

249 4400 384 4440 nem
415 4386 611 4437 tamen
661 4376 841 4434 animi
889 4375 1348 4447 haudquaquam
1397 4378 1717 4435 accusabis.
1770 4379 1893 4437 Tua
1939 4381 2095 4436 enim
2144 4396 2248 4434 vox
2298 4377 2400 4435 illa
2440 4394 2606 4435 sacra
2648 4382 2755 4449 est,
2806 4380 2923 4435 Deo
2962 4378 3017 4435 id
3052 4385 3284 4453 gratum
3316 4397 3462 4447 esse,
3496 4384 3653 4453 quod

246 4473 469 4531 viribus
500 4466 832 4541 respondet.

317 4704 363 4741 η
391 4702 561 4760 Hebr.
595 4716 713 4770 vm,
734 4700 789 4755 2.
822 4699 867 4735 ²⁰
899 4697 1047 4755 Psal.
1081 4715 1253 4768 cxvn,
1280 4700 1364 4756 15.

315 4937 771 5013 (33)Mo_ntac._et
792 4932 1050 5013 alii‘edit.
1076 4932 1414 5013 sic‘volunt,
1438 4948 1541 4989 nec
1574 4950 1687 4989 non
1720 4934 1887 4991 codd.

241 5001 580 5073 P.‘et'Colb.
613 5010 667 5061 2.
702 5007 765 5061 In
797 5005 933 5060 odit.
967 5001 1319 5061 καταλέλιπε.

334 5084 423 5149 34)
451 5081 587 5136 Cod.
705 5079 918 5151 πρῶτον
956 5076 1071 5151 μέν.

445 5152 582 5208 Cod.
618 5150 676 5205 P.
703 5143 1052 5275 δὲύτερον-δέ.

334 5228 424 5275 36)
456 5228 699 5275 Montac.
734 5225 790 5275 et
820 5237 851 5273 a
878 5236 917 5273 11
949 5219 1052 5274 edit

312 5216 424 5295 (36)
456 5228 699 5279 Montac.
734 5225 790 5275 et
820 5216 917 5275 alii
949 5218 1086 5274 edit.
1148 5233 1213 5273 ac
1262 5217 1427 5272 codd.
1460 5216 1619 5274 Colb.
1650 5221 1705 5290 2,
1740 5227 1791 5275 et
1822 5220 1882 5276 P.

236 5300 538 5377 γράψαντα.
1018 5359 1049 5371 η
1186 5359 1195 5369 ι

308 5371 422 5441 (37)
448 5369 535 5441 Ita
566 5364 815 5441 Montac.
851 5364 907 5441 et
956 5358 1061 5441 alii
1109 5359 1272 5441 edit,
1305 5375 1409 5414 nec
1455 5377 1567 5441 non
1600 5362 1766 5441 codd.
1795 5362 1880 5435 P.,

240 5431 461 5503 Co‘lbfi
489 5442 547 5492 et
574 5438 629 5500 2,
654 5451 719 5489 ac
742 5432 1004 5505 (Combef.
1042 5432 1103 5485 In
1124 5431 1279 5505 edit.
1313 5450 1457 5505 αγων
1490 5433 1671 5489 deest.

312 5511 426 5599 (38)
458 5508 635 5565 Codd.
661 5504 820 5562 Colb.
854 5505 876 5559 4
917 5506 973 5559 et
998 5506 1033 5557 2
1067 5500 1248 5579 μόγις.

2071 4930 2182 5001 (39)
2212 4930 2370 4986 Colb.
2408 4932 2435 4985 1
2465 4934 2521 5003 et
2558 4933 2712 5003 2._ac
2770 4928 3025 4989 Combet.
3058 4931 3277 4989 habent
3323 4933 3390 4987 τὰ
3418 4938 3518 5003 τῆς
3547 4931 3641 4994 εἷς.

1998 4998 2129 5057 ΜόΧ
2150 4998 2274 5057 cod.
2304 5003 2364 5056 P.
2397 5001 2545 5073 nat-5r
2571 4998 2816 5073 δύναμιν,

2202 5075 2348 5147 βοᾷ,
2381 5074 2439 5127 Ρ.
2464 5072 2553 5147 καὶ
2587 5073 2906 5147 ἀνθρώπων.

2069 5141 2180 5218 (41)
2202 5141 2429 5218 Ένδέων
2463 5146 2629 5218 deest
2658 5141 2714 5200 in
2741 5147 2868 5202 cod.
2903 5151 2967 5200 P.

2064 5216 2179 5288 (42)
2210 5216 2366 5272 Orat.
2401 5217 2458 5272 in
2484 5217 2785 5288 Basilium.

2038 5286 2179 5398 ἐφ’)
2205 5288 2360 5344 Colb.
2390 5288 2445 5357 2,
2482 5286 2613 5364 ὑπὲρ
2660 5292 2774 5342 σοῦ.
2827 5289 2957 5345 Mox
3001 5289 3127 5345 cod.
3182 5288 3240 5345 P.
3299 5286 3424 5344 ἀλλ’
3456 5288 3546 5344 οὗν
3580 5288 3643 5344 οὗ

1994 5360 2201 5431 etaim-

2061 5428 2177 5503 (44)
2205 5430 2339 5503 Cod.
2375 5432 2435 5487 P.
2469 5431 2650 5501 addit,
2678 5430 2761 5486 ὅτι
2794 5430 2938 5503 αὐτῷ
2966 5433 3001 5500 ἡ
3026 5428 3153 5501 δόξα
3183 5429 3257 5492 εἷς
3288 5430 3416 5495 τοὺς
3446 5431 3644 5494 αἰῶνας

1987 5503 2095 5557 τῶν
2128 5501 2360 5561 αἰώνων.
2389 5504 2589 5579 Ἀμήν.
