4096 6288
436 473 556 535 305

1302 471 1685 536 VETERUM
1726 472 1828 533 ET
1872 472 2441 534 RECENTIORUM
2485 470 2992 532 TESTIMONIA.

3733 466 3853 529 306

1167 702 1673 841 sELECTA
1736 753 2306 843 VE’J‘ERUM
2383 753 3103 840 'I‘ESTIMONIA.

1524 934 1603 994 IN
1652 933 1971 995 LAUDEM
2020 933 2302 994 SANGTI
2350 934 2746 994 GREGORII.

1793 1214 1900 1276 Ea:
1929 1212 2158 1275 Basilio
2184 1213 2375 1294 (epist.
2407 1215 2492 1294 8).

502 1350 699 1409 Σκεῢος
729 1346 968 1424 ἐκλογῆς
1018 1347 1106 1402 καὶ
1153 1348 1320 1424 φρέαρ
1379 1346 1532 1422 βαθύ’
1585 1345 1728 1422 λέγω
1777 1343 1834 1402 δὲ
1879 1346 1941 1401 τὸ
1978 1350 2074 1401 τοῦ

2259 1352 2375 1403 Vas
2407 1348 2725 1419 electionis,
2750 1352 2804 1403 et
2834 1352 3046 1420 puteus
3078 1348 3428 1420 profundus,
3451 1364 3517 1403 os
3543 1347 3669 1402 dico
3690 1346 3845 1401 Ghri'

424 1432 663 1513 Χριστοῦ
692 1435 871 1510 στόμα
902 1434 1224 1512 Γρηγόριον.

2189 1438 2263 1493 sti
2300 1437 2665 1509 Gregorium.

766 1564 875 1625 Ea:
901 1563 1296 1646 Hieronymo,
1331 1563 1633 1641 Catologo
1654 1556 1877 1642 script.
1913 1563 2163 1637 eccles.,
2206 1584 2267 1637 η,
2304 1580 2491 1635 cxvu,
2545 1572 2681 1623 tom.
2734 1564 2834 1635 ιν,
2864 1572 3029 1641 part.
3047 1580 3114 1636 II,
3172 1581 3318 1642 pag.
3360 1564 3498 1622 126.

497 1671 826 1737 Gregorius,
861 1668 1119 1741 primum
1164 1669 1552 1734 Sasimorum,
1593 1669 1803 1724 deinde
1834 1669 2075 1724 Nazian-

427 1774 609 1813 zenus
655 1759 988 1829 episcopus,
1035 1757 1124 1811 vir
1174 1756 1713 1828 eloquentissimus,
1762 1761 2079 1828 praeceptor

427 1863 616 1911 meus,
652 1863 686 1901 a
714 1862 825 1917 quo
872 1845 1194 1917 scripturas
1242 1846 1589 1917 explanante
1639 1847 1836 1914 didici,
1873 1847 1943 1900 ad
1975 1846 2076 1900 tri-

424 1937 591 2007 ginta
622 1934 808 1990 millia
836 1951 1108 1989 versuum
1143 1936 1339 1989 omnia
1369 1951 1542 2005 opera
1591 1952 1698 1989 sua
1727 1936 2074 2005 composuit,

420 2042 457 2081 e
486 2024 704 2097 quibus
740 2022 836 2078 illa
866 2027 1041 2078 sunt:
1076 2025 1151 2077 De
1192 2030 1362 2077 morte
1404 2024 1598 2094 fratris
1650 2024 1913 2084 Cwsarii;
1948 2022 2074 2097 Περὶ

423 2111 835 2189 φιλοπτωχίας²
890 2112 1096 2167 Laudes
1138 2112 1615 2174 Machabaeorum;
1662 2113 1869 2168 Laudes
1915 2114 2078 2167 Atha-

421 2204 574 2258 nasii
590 2220 609 2263 ;
642 2200 859 2256 Laudes
888 2200 1116 2255 Maximi
1142 2200 1481 2272 philosophi,
1523 2205 1652 2271 post
1680 2200 1949 2257 exsilium
1982 2219 2074 2257 rc-

419 2291 596 2360 versi,
624 2305 800 2361 quem
844 2289 988 2345 falso
1036 2290 1273 2344 nomine
1305 2290 1545 2361 quidam
1594 2290 1840 2346 Heronis
1870 2306 2075 2363 super-

426 2382 794 2451 scripserunt
820 2394 833 2432 :
869 2378 1009 2449 quia
1038 2382 1126 2433 est
1156 2382 1212 2433 et
1242 2377 1391 2433 alius
1414 2377 1561 2433 liber
1587 2378 2074 2450 vituperationem

426 2470 695 2541 ejusdem
714 2466 949 2522 Maximi
975 2465 1314 2537 continens;
1337 2467 1501 2537 quasi
1537 2484 1652 2523 non
1674 2466 2075 2523 licueriteum-

2189 1670 2318 1724 dem
2353 1673 2409 1723 et
2438 1668 2678 1723 laudare
2711 1672 2767 1724 et
2796 1670 3123 1739 vituperare
3156 1684 3257 1739 pro
3288 1672 3566 1738 tempore.
3601 1671 3668 1721 Et
3695 1666 3842 1721 liber

2187 1758 2520 1813 hexametro
2552 1774 2741 1822 versu,
2776 1758 3130 1829 virginitatis
3173 1760 3230 1811 et
3267 1756 3605 1828 nuptiarum
3638 1761 3841 1810 contra

2188 1863 2249 1901 se
2278 1847 2715 1902 disserentium.
2751 1846 3046 1902 Adversum
3089 1847 3419 1901 Eunomium
3469 1845 3614 1899 liber
3643 1862 3834 1912 unus;

2191 1938 2259 1991 De
2286 1938 2502 2003 Spiritu
2529 1944 2711 1991 sancto
2742 1934 2887 1991 liber
2918 1953 3071 1989 unus
3096 1953 3109 2001 ;
3134 1943 3319 1991 contra
3346 1935 3636 1991 lulianum
3666 1938 3838 2004 impe-

2185 2034 2424 2080 ratorem
2455 2023 2587 2078 libri
2620 2025 2754 2078 duo.
2790 2024 3038 2078 Secutus
3081 2027 3170 2077 est
3216 2028 3412 2077 autem
3466 2022 3836 2077 Polemonem

2185 2113 2415 2167 dicendi
2471 2116 2800 2166 caractere:
2853 2112 3097 2182 vivoque
3126 2128 3187 2165 se
3236 2111 3577 2182 episcopum
3626 2112 3681 2166 in
3717 2112 3839 2168 loco

2186 2218 2292 2257 suo
2340 2202 2642 2268 ordinans,
2695 2201 2811 2254 ruri
2864 2200 3041 2254 vitam
3093 2199 3363 2253 monachi
3404 2201 3677 2255 exercuit.
3725 2201 3838 2255 De-

2185 2291 2476 2361 oessitque
2509 2294 2641 2344 ante
2665 2290 2771 2344 hoc
2804 2290 2983 2344 ferme
3004 2288 3346 2359 triennium,
3373 2289 3483 2344 sub
3514 2289 3837 2346 Theodosio

2184 2379 2467 2451 principe.

1130 2590 1235 2652 Ea:
1267 2591 1502 2671 Rufino.
1540 2592 1796 2673 Prologo
1826 2593 1887 2653 in
1919 2598 2077 2655 orat.
2108 2594 2409 2673 Gregorii,
2443 2612 2588 2674 quas
2616 2593 2826 2653 Latine
2855 2590 3135 2653 reddidit.

499 2700 834 2774 Gregorius,
888 2702 974 2756 vir
1022 2717 1125 2773 per
1181 2701 1379 2755 omnia
1426 2699 1921 2772 incomparabilis,
1976 2700 2077 2773 qui

425 2793 603 2849 verbo
653 2796 712 2847 et
734 2790 1013 2863 operibus
1041 2789 1254 2857 clarus,
1284 2788 1831 2861 splendidissimum
1876 2788 2075 2845 lumen

425 2882 686 2939 scientias
716 2880 929 2937 Christi
974 2877 1244 2934 Ecclesiis
1291 2878 1563 2949 praibuit,
1594 2879 1732 2933 dum
1775 2894 1841 2933 ea
1880 2879 2077 2934 docuit

431 2988 557 3042 quae
588 2970 740 3040 fecit,
769 2985 873 3023 nec
922 2968 1182 3039 seipsum
1232 2967 1640 3022 condemnavit
1686 2968 1909 3039 agendo
1941 2985 2076 3023 con-

436 3060 611 3115 traria
640 3075 813 3130 quam
864 3058 1125 3113 docebat.
1182 3058 1243 3111 Et
1283 3058 1473 3111 multis
1523 3058 1854 3129 interjeotis:
1888 3058 2075 3129 Hujus

432 3164 619 3221 neque
646 3148 761 3202 vita
790 3146 1013 3217 aliquid
1062 3145 1421 3217 probabilius
1470 3149 1527 3200 et
1574 3146 1855 3213 sanctius,
1889 3164 2077 3217 neque

423 3237 763 3310 eloquentia
792 3234 1007 3290 clarius
1037 3240 1094 3290 et
1140 3235 1449 3301 illustrius,
1503 3251 1690 3306 neque
1730 3236 1840 3290 ﬁde
1872 3235 2076 3306 purius

423 3333 483 3385 et
513 3326 750 3392 rectius,
784 3316 979 3395 neque”
1014 3322 1261 3379 scientia
1292 3322 1520 3393 plenius
1559 3328 1615 3378 et
1642 3324 1955 3395 perfectius
1986 3324 2074 3379 in-

2186 2701 2379 2757 venire
2409 2706 2621 2773 potest,
2655 2704 2850 2773 utpote
2880 2701 2977 2773 qui
3001 2700 3162 2757 solus
3189 2701 3265 2757 sit
3294 2702 3364 2757 de
3394 2702 3563 2773 cujus
3595 2702 3708 2758 ﬁde
3739 2720 3837 2759 ne-

2187 2789 2535 2846 dissidentes
2569 2791 2804 2863 quidem
2836 2790 2986 2845 inter
3015 2806 3075 2846 se
3093 2793 3183 2859 (ut
3213 2790 3335 2844 ﬁeri
3369 2790 3536 2861 solet)
3569 2796 3761 2861 partes
3783 2796 3841 2846 et

2185 2880 2381 2935 studia
2410 2880 2710 2951 disputare
2743 2879 3073 2950 potuerint:
3111 2880 3208 2934 sed
3246 2879 3300 2934 id
3336 2879 3653 2935 obtinuerit
3684 2882 3837 2952 apud

2185 2968 2500 3024 Dominum
2534 2974 2588 3023 et
2611 2968 2896 3024 Ecclesias
2928 2968 3025 3023 Dei
3052 2967 3263 3036 meriti,
3298 2972 3365 3023 ut
3386 2969 3722 3041 quicunque
3744 2987 3844 3025 au~

2184 3074 2287 3114 sus
2320 3056 2489 3113 fuerit
2519 3057 2797 3113 doctrinm
2826 3059 2953 3129 ejus
2983 3057 3043 3112 in
3072 3056 3266 3128 aliquo
3298 3057 3595 3129 refragari,
3632 3074 3700 3113 ex
3730 3058 3840 3114 hoc

2185 3147 2311 3218 ipso
2343 3147 2481 3217 quia
2512 3147 2635 3217 ipse
2666 3147 2853 3218 magis
2886 3146 2963 3202 sit
2993 3147 3295 3202 haereticus
3328 3150 3626 3218 arguatur.
3658 3148 3839 3204 Mani-

2185 3236 2400 3291 festum
2433 3252 2686 3307 namque
2716 3235 3000 3291 indicium
3041 3242 3147 3303 est,
3182 3253 3297 3291 non
3343 3253 3471 3291 esse
3503 3242 3670 3292 rectas
3704 3238 3839 3294 ﬁdei

2183 3325 2506 3390 hominem,
2538 3326 2640 3396 qui
2672 3324 2731 3379 in
2763 3326 2876 3380 ﬁde
2907 3325 3182 3398 Gregorio
3215 3342 3330 3380 non
3360 3328 3694 3383 concordat.

1096 3450 1205 3510 Ex
1243 3448 1540 3510 Theodoro
1574 3449 1837 3511 Studita.
1871 3451 2060 3513 lamb.
2087 3470 2275 3528 LXVII,
2305 3472 2449 3533 pag.
2498 3453 2635 3526 766,
2662 3450 2804 3511 edit.
2838 3451 3169 3512 Sirmondi.

572 3559 819 3629 Βροντῶν
851 3556 916 3645 ’ἰὰ
944 3556 1058 3608 θεῖα
1177 3554 1289 3649 βοῇ
1320 3557 1424 3645 τῷν
1455 3551 1767 3643 δογμᾴτων,

573 3622 826 3712 ’Ἦχησας
855 3622 1148 3712 ὅντωςίεὴν
1172 3622 1516 3700 ὗπὸυράνιον,
1534 3622 1751 3712 ζμᾴκαρ

574 3696 870 3772 Κᾳῖπᾴσας
900 3696 1065 3772 ἀπρῖξ
1093 3696 1342 3772 μωράνας
1374 3699 1468 3759 τὰς
1500 3696 1753 3772 αἱρέσεις,

571 3771 671 3825 Τὸν
705 3769 910 3842 κόσμον
947 3768 1223 3844 ἐστήριξας
1256 3768 1305 3822 ἐν
1338 3774 1454 3830 τοῖς
1486 3773 1599 3831 σοῖς
1633 3769 1840 3845 λόγοις.

2106 3561 2153 3625 Β

2327 3560 2462 3626 Quae
2493 3561 2551 3613 tu
2578 3560 2788 3629 potenti
2815 3574 2937 3613 voce
2965 3559 3164 3630 [adisti
3188 3567 3379 3615 tonans

2329 3631 2588 3696 Oracula,
2622 3632 2817 3694 omnis.
2850 3631 2991 3700 dive,
3026 3631 3259 3685 mundus
3288 3631 3504 3686 audiit:

2326 3703 2715 3770 Perimensque
2742 3706 2961 3756 cunctas
2991 3703 3225 3759 haereses
3251 3704 3543 3771 radicitus,

2329 3773 2521 3829 Orbem
2550 3775 2867 3828 universum
2894 3790 3068 3829 sermo
3097 3775 3342 3844 ﬁrmavit
3372 3783 3515 3829 tuus.

1128 3895 1291 3956 Idem
1323 3894 1465 3955 ibid.
1496 3894 1895 3955 Antirrhetico
1926 3912 1971 3956 II
2001 3896 2299 3957 adversus
2326 3898 2796 3970 Iconomachos,
2823 3916 2966 3977 pag.
3006 3900 3140 3958 123.

498 3999 597 4055 Καὶ
656 3998 722 4069 δὴ
785 3999 1125 4073 ἀκουσόμεθα
1179 4005 1284 4055 τῶν
1313 4001 1753 4077 κορυφαιοτάτων
1799 4000 2072 4075 Πατέρων,

424 4088 736 4166 Βρηγορίου
770 4090 863 4163 μὲν
887 4094 984 4144 τοῦ
1014 4086 1311 4163 Θεολόγου.
1393 4132 1405 4146 .
1487 4132 1500 4145 .
1581 4086 1867 4144 Βασιλείου
1893 4086 1951 4143 δὲ
1977 4094 2075 4144 τοῦ

426 4186 475 4234 Μ
484 4177 613 4255 εγάλ
622 4200 684 4232 ου
694 4223 706 4234 .

1009 4268 1103 4322 Ἐκ
1129 4270 1235 4322 τῶν
1273 4264 1493 4323 Σουΐδα.

502 4372 854 4451 Γρηγόριος,
932 4378 1232 4443 Ναζιανζοῢ
1298 4373 1587 4436 ἐπίσκοπος
1664 4375 1943 4446 (σταθμὸς
2019 4371 2077 4429 δέ

431 4462 568 4517 ἐστιν
631 4463 786 4525 οὗτος
842 4460 1297 4534 Καππαδοκίας),
1358 4463 1493 4538 ἀνὴρ
1573 4461 2025 4538 ἐλλογιμώτατος
2059 4508 2073 4534 ,

429 4552 719 4627 ἀναγκαῖος
766 4550 924 4630 φίλος
974 4552 1255 4607 Βασιλείου
1306 4556 1402 4607 τοῦ
1451 4559 1551 4621 τῆς
1594 4550 1909 4629 Καισαρείας
1959 4552 2073 4607 ἐπι-

430 4641 655 4710 σκόπου,
686 4647 789 4710 τῆς
832 4640 882 4695 έν
934 4639 1306 4712 Καππαδοκίᾳ.
1358 4639 1525 4703 Οὗτος
1575 4641 1635 4695 οὐ
1688 4642 1851 4713 μόνον
1898 4663 2075 4717 γραμ-

2255 4003 2573 4058 Audiemus
2605 4008 2756 4058 certe
2787 4003 2947 4074 ipsos
2979 4004 3212 4059 Patrum
3245 4004 3597 4076 coryphazos,
3623 4004 3842 4076 Grego-

2186 4092 2339 4147 rium
2361 4093 2743 4164 Theologum.
2776 4135 2784 4145 .
2809 4128 2826 4146 .
2857 4135 2868 4145 .
2898 4133 2909 4145 .
2937 4134 2949 4146 .
2974 4092 3258 4149 Basilium
3280 4110 3513 4165 quoque
3538 4094 3841 4167 Magnum.

2397 4272 2480 4325 Ea:
2509 4269 2698 4337 Suida,
2726 4269 2915 4325 Lexic.
2950 4278 3081 4326 tom.
3113 4271 3156 4338 I,
3184 4287 3312 4342 pag.
3349 4271 3474 4327 196.

2256 4376 2591 4448 Gregorius,
2614 4375 2922 4447 episcopus
2944 4376 3340 4432 Nazianzenus
3371 4378 3483 4448 (est
3506 4381 3698 4433 autem
3722 4377 3841 4431 Na-

2184 4464 2421 4520 zianzus
2434 4464 2606 4518 statio
2619 4464 3091 4535 Cappadociae),vi
3104 4464 3659 4536 reloquentissimus
3682 4481 3842 4520 sum-

2188 4570 2320 4608 mus
2349 4554 2575 4608 amicus
2606 4553 2803 4607 Basilii
2834 4553 3103 4608 Caesareae
3134 4553 3511 4625 Cappadociae
3537 4554 3700 4609 urbis
3721 4554 3841 4625 epi-

2187 4643 2365 4713 sc0pi.
2393 4642 2495 4697 Hic
2519 4659 2632 4697 non
2665 4642 2837 4697 modo
2858 4642 3254 4714 grammaticae
3272 4642 3640 4714 poeticesque
3666 4642 3840 4699 laude

434 4731 657 4802 ματικὸς
702 4730 791 4784 καὶ
839 4729 905 4784 τὰ
953 4728 1006 4791 ἐς
1048 4730 1146 4798 τὴν
1198 4729 1417 4799 ποίησιν
1464 4727 1655 4801 δεξιὸς,
1703 4727 1847 4783 ἀλλὰ
1878 4729 2074 4802 πολλῷ

2189 4731 2447 4797 ﬂorebat,
2482 4731 2579 4787 sed
2614 4730 2796 4785 multo
2821 4732 3008 4802 magis
3032 4730 3254 4801 philoso
3265 4731 3459 4800 phiam
3486 4732 3837 4799 excoluerat,

427 4818 618 4874 πλεῖον
668 4818 758 4872 καὶ
810 4818 883 4880 εἷς
933 4816 1255 4893 φιλοσοφίαν
1304 4816 1589 4890 ἰξήσκητο,
1640 4817 1727 4872 καὶ
1778 4818 1960 4894 ῥήτωρ
2004 4820 2071 4888 ἧν

429 4905 766 4984 ἀμφιδέξιος.
819 4907 990 4968 Οὗτος
1047 4904 1243 4982 ἔγραψε
1296 4904 1677 4981 καταλογάδην
1726 4905 1930 4965 πολλά.
1979 4908 2071 4970 Εἷς

428 4996 529 5070 γὰρ
589 5000 734 5070 τρεῖς
795 4992 1055 5071 μυριάδας
1122 4994 1325 5070 στίχων
1382 4994 1450 5049 τὰ
1507 4997 1853 5070 συντάγματα
1910 4996 2073 5051 αὐτοῦ

430 5087 711 5154 συνέθηκεν
748 5103 760 5115 ”
822 5085 909 5161 ἀφ’
962 5084 1035 5138 ὧν
1091 5084 1191 5139 εἱσι
1249 5081 1418 5138 τάδε·
1477 5083 1625 5157 Περὶ’
1664 5088 1761 5154 τῆς
1816 5084 2073 5155 τελευτῆς

426 5177 523 5227 τοῦ
570 5170 809 5250 ἀδελφοῦ
862 5173 1179 5246 Καισαρείου
1211 5221 1225 5245 ,
1278 5172 1563 5250 ἐπιτάφιος
1611 5174 1686 5235 εἰς
1740 5175 1827 5228 τὸν
1882 5175 2073 5229 έαυτοῦ

429 5264 653 5338 πατέρα,
683 5258 866 5336 ἕτερος
911 5262 988 5323 εἷς
1036 5264 1132 5331 τὴν
1182 5260 1422 5338 ἀδελφὴν
1472 5263 1787 5337 Ιόργονίαν,
1823 5264 1951 5336 Περὶ
1984 5286 2071 5341 φι-

427 5351 755 5427 λυπτωχίας
790 5398 802 5422 ,
861 5354 1112 5405 Ἕπαινοι
1189 5356 1293 5405 τῶν
1355 5346 1760 5420 Μακκαϐαίων,
1822 5354 2074 5407 Ἐτναινοι

420 5445 781 5519 ηΚυπριανοῦ,
841 5447 1092 5495 Ἔπαινοι
1151 5440 1465 5495 Ἀθανασίου
1500 5488 1515 5513 ,
1574 5447 1822 5496 ’Έπαινοι
1892 5444 2070 5517 Ἥρω-

423 5552 515 5592 νος
593 5530 897 5608 φιλοσόφου
948 5549 960 5562 ·
1019 5531 1162 5585 Κατᾶ
1240 5529 1540 5586 Ἰουλιανοῦ
1606 5534 1725 5585 ’τοῦ
1807 5531 2072 5605 βασιλέως

430 5619 586 5695 λόγοι
639 5617 755 5690 δύο,
816 5621 947 5696 Περὶ
1002 5624 1099 5674 τοῦ
1158 5619 1317 5696 ἁγίου
1374 5618 1687 5692 Πνεῦματος
1754 5619 1921 5695 λόγος
1977 5621 2072 5693 εἷς,

432 5709 791 5786 πανηγυρικοὶ
847 5707 1002 5786 λόγοι
1062 5706 1207 5780 δέκα,
1266 5710 1354 5764 καὶ
1409 5705 1583 5785 ἕτεροι
1640 5708 1927 5784 πλεῖστοι,
1987 5710 2075 5765 καὶ

434 5804 562 5853 πᾶσι
610 5799 901 5876 γνώριμοι.
952 5797 1325 5871 Ἠκολούθησε
1372 5795 1428 5854 δὲ
1472 5801 1551 5855 τῶ
1600 5796 1931 5874 Πολέμωνος
1978 5821 2077 5876 χα-

2187 4825 2360 4891 atque
2388 4821 2447 4875 in
2480 4821 2733 4875 oratoria
2762 4820 3032 4875 facultate
3062 4820 3312 4891 insignis
3342 4824 3483 4875 erat.
3516 4820 3695 4874 Prosa
3714 4836 3837 4874 ora-

2185 4909 2340 4964 tione
2370 4908 2659 4979 permulta
2706 4908 3068 4980 conscripsit.
3118 4909 3202 4963 Ad
3236 4908 3477 4979 triginta
3523 4908 3679 4962 enim
3710 4925 3836 4962 ver-

2183 5014 2359 5053 suum
2393 4996 2573 5052 millia
2622 5014 2797 5069 Opera
2827 5014 2933 5052 sua
2981 4996 3297 5061 contexuit,
3340 5012 3407 5051 ex
3450 4997 3664 5066 quibus
3698 4998 3836 5050 sunt

2184 5086 2340 5153 haec;
2376 5088 2446 5141 De
2492 5094 2663 5141 morte
2713 5086 2939 5141 Ctesarii
2982 5087 3205 5155 fratris,
3258 5084 3519 5139 funebris
3559 5084 3743 5139 oratio
3774 5084 3833 5138 in

2182 5176 2340 5231 obitu
2376 5176 2576 5246 patris,
2612 5175 2793 5229 altera
2821 5175 2879 5227 in
2928 5175 3124 5229 funere
3155 5173 3453 5242 Gorgonise
3493 5173 3731 5243 sororis,
3763 5174 3837 5230 De

2180 5281 2486 5336 pauperum
2516 5281 2725 5329 amore,
2776 5264 2985 5319 Laudes
3033 5263 3490 5329 Machabzeorum,
3545 5263 3835 5332 Cypriani,

2183 5356 2495 5425 Athanasii,
2555 5356 2786 5409 Hero-nis
2844 5352 3172 5422 philosophi,
3225 5353 3488 5405 adversus
3544 5352 3837 5407 Julianum

2184 5445 2477 5498 orationes
2508 5446 2655 5509 duae,
2693 5444 2765 5497 De
2808 5442 3020 5512 Spiritu
3047 5445 3234 5496 saneto
3264 5441 3409 5495 liber
3452 5457 3625 5504 unus,
3658 5457 3834 5511 pane-

2185 5533 2389 5605 gyricis
2420 5532 2712 5588 orationes
2742 5533 2962 5601 decem,
2996 5530 3234 5600 aliaeque
3263 5530 3591 5602 complures
3622 5546 3687 5584 ac
3713 5530 3835 5585 cui-

2183 5624 2273 5677 vis
2304 5628 2470 5677 notaa.
2504 5624 2747 5676 Secutus
2779 5626 2866 5675 est
2896 5621 2951 5675 in
2985 5619 3277 5675 scribendi
3326 5636 3535 5691 genere
3566 5620 3835 5674 Polemo-

2184 5728 2316 5767 nem
2352 5711 2786 5777 Laodicenscm,
2820 5710 2920 5781 qui
2952 5710 3210 5781 Smyrnae
3243 5708 3591 5764 rhetoricam
3616 5706 3831 5770 docuit,

2186 5806 2360 5873 atque
2393 5800 2665 5857 Aristidis
2711 5788 2959 5856 oratoris
3007 5804 3325 5871 praeceptor
3367 5796 3609 5854 exstitit.
3640 5795 3833 5851 Alium
