4096 6288
272 443 391 505 307

266 588 506 645 quoque
540 573 853 627 tractatum
886 569 1115 626 heroico
1150 569 1407 625 carmine
1438 569 1694 641 scripsit,
1727 569 1784 624 in
1815 586 1930 640 quo

2046 572 2274 642 ρακτῆρι
2356 570 2453 621 τοῦ

265 662 668 734 virginitatem
690 663 747 715 et
775 660 952 714 vitam
977 660 1349 729 conjugatam
1372 674 1473 729 per
1494 674 1555 713 se
1579 659 1933 713 disserentes

268 750 519 815 inducit,
553 747 787 820 aliaque
818 748 994 803 etiam
1028 752 1376 819 argumenta
1410 746 1568 801 omni
1601 745 1931 800 carminum

270 854 483 912 genere
512 836 851 909 complexus
899 840 1007 903 est,
1059 853 1183 907 quae
1233 836 1470 907 quidem
1528 836 1599 889 ad
1638 850 1933 889 summam

276 928 591 997 subducta,
624 925 867 999 triginta
894 942 1171 981 versuum
1214 924 1400 980 millia
1446 924 1782 979 conﬁciunt.
1814 927 1933 977 Hu-

266 1017 371 1087 jus
402 1032 573 1087 porro
602 1014 860 1086 Gregorii
894 1014 1141 1069 Arianus
1164 1030 1396 1085 quoque
1426 1012 1852 1083 Philostorgius
1877 1012 1935 1066 in

275 1106 369 1161 sui
400 1105 682 1177 temporis
712 1103 958 1159 historia
1007 1103 1363 1158 mentionem
1412 1103 1547 1158 tacit
1577 1102 1669 1157 his
1702 1101 1893 1157 verbis
1923 1107 1937 1146 τ

279 1216 309 1244 ‹‹
344 1194 422 1249 Ea
450 1196 799 1265 tempestate
829 1192 1142 1262 Gregorius
1174 1190 1229 1244 in
1268 1191 1410 1245 urbe
1441 1190 1804 1245 Nazianzena
1834 1189 1937 1243 flo-

278 1282 446 1339 rebat
476 1285 585 1352 (est
607 1286 799 1337 autem
824 1280 1149 1335 Nazianzus
1195 1279 1371 1333 statio
1395 1278 1813 1350 Cappadociae),
1839 1278 1941 1333 Ba-

280 1372 453 1427 silius
484 1371 544 1425 in
575 1374 832 1425 Caesarea
861 1367 1233 1440 Cappadociae
1258 1368 1485 1434 urbe,et
1503 1366 1939 1438 Appollinarius

280 1461 342 1516 in
371 1460 648 1515 Laodicea
677 1458 874 1531 Syriae.
907 1457 975 1511 Hi
1006 1462 1123 1511 tres
1171 1456 1279 1511 viri
1328 1473 1429 1528 pro
1478 1455 1846 1523 homoousio,
1879 1455 1937 1510 id

278 1556 367 1605 est
388 1545 901 1613 consubstantiali,
924 1546 1203 1601 adversus
1225 1561 1323 1600 eos
1351 1544 1452 1617 qui
1474 1544 1600 1599 Filii
1622 1545 1937 1600 essentiam

276 1654 312 1693 a
344 1636 534 1693 Patris
565 1635 822 1691 essentia
862 1635 1151 1689 diversam
1183 1650 1311 1689 esse
1360 1633 1803 1704 profitebantur,
1836 1635 1935 1688 de-

278 1726 604 1790 certabant,
639 1724 923 1793 lanaeque
968 1739 1172 1778 omnes
1220 1739 1321 1778 eos
1359 1721 1801 1788 antecellebant,
1835 1710 1937 1793 qui

277 1813 367 1871 vel
400 1813 563 1885 prius
595 1812 681 1868 vel
714 1816 863 1884 post,
895 1813 966 1867 ad
994 1828 1183 1867 meam
1215 1828 1402 1883 usque
1431 1815 1660 1867 aetatem
1692 1810 1937 1881 hujusce

1133 438 1517 501 VETERUM
1565 438 1663 499 ET
1709 436 2273 499 RECENTIOBUM
2316 432 2826 497 TESTIMONIA.

3562 432 3685 496 308

2539 564 2863 637 Λαοεικέως,
2948 568 3045 618 τοῦ
3118 562 3559 642 σοφιστεύσαντος
3632 566 3682 619 ἐν

2043 654 2287 729 Σμύρνῃ,
2319 656 2377 717 ὃς
2431 654 2665 730 ἐγεγόνει
2715 650 3040 714 διδάσκαλος
3076 650 3410 727 Ἀριστείδου
3453 658 3551 708 τοῦ
3585 653 3684 730 ῥή-

2039 764 2218 817 τορος.
2257 744 2495 819 Ἐγράιρη
2533 740 2590 796 δὲ
2640 741 2784 813 αύτῷ
2832 742 2920 796 καὶ
2967 742 3120 816 ἑτέρα
3173 737 3362 816 βίϐλος
3404 740 3473 797 δι’
3504 742 3688 816 ἑξαμέ-

2041 853 2203 907 τρων,
2236 830 2524 904 παρθενίας
2574 831 2663 885 καὶ
2715 833 2897 905 γάμου
2943 831 3057 885 καθ’
3107 829 3327 893 ἒάυτοὺς
3370 829 3689 906 διαλεγομέ-

2045 941 2172 975 νων·
2207 922 2295 975 xui
2329 920 2403 982 sic
2454 921 2635 994 ἑτέρας
2688 919 2971 983 ὑποθέσεις
3022 918 3072 972 έν
3122 919 3401 980 παντοίοις
3433 919 3521 973 καὶ
3572 918 3690 974 δια-

2048 1011 2237 1087 φόροις
2291 1011 2542 1083 μέτροις,
2596 1011 2747 1063 ἄτινα
2797 1009 3110 1084 συνάγονατι
3158 1007 3233 1069 εἷς
3281 1008 3424 1063 ἐπῶν
3477 1011 3693 1081 μυριά-

2049 1097 2140 1160 δας
2168 1104 2335 1173 τρεῖς.
2368 1104 2471 1153 Τοῦ
2505 1096 2562 1152 δὲ
2594 1098 2893 1173 Γρηγορίου
2941 1097 3133 1152 τούτου
3178 1097 3265 1151 xui
3298 1095 3696 1173 Φιλοστόργιος

2049 1189 2077 1242 6
2119 1189 2390 1261 Ἀρειανὸς
2451 1187 2500 1242 ἐν
2550 1191 2618 1260 τῇ
2666 1188 2781 1241 κατ’
2827 1186 2985 1241 αὐτὸν
3043 1185 3256 1261 ἱστορίᾳ
3310 1188 3533 1259 μνήμην
3595 1208 3695 1242 πε·-

2048 1276 2292 1345 ποίηται,
2351 1275 2441 1329 καί
2499 1294 2656 1350 φησι*
2702 1299 2729 1325 ι(
2792 1274 3092 1349 Γρηγόριος
3150 1275 3253 1349 γὰρ
3307 1272 3523 1344 ἤκμαζε
3578 1276 3697 1330 κατ’

2049 1363 2286 1426 ἐκείνους
2333 1364 2459 1426 τοὺς
2510 1364 2742 1439 χρόνους
2796 1363 2848 1418 ἐν
2893 1368 2961 1436 τῇ
3014 1367 3293 1434 Ναζιανζῷ
3341 1364 3601 1436 (σταθμὸς
3636 1361 3695 1418 δὲ

2049 1454 2206 1515 οὗτος
2267 1455 2294 1508 ὁ
2369 1450 2533 1515 τόπος
2612 1450 3067 1523 Καππαδοκίας),
3128 1454 3217 1506 καὶ
3294 1450 3575 1514 Βασίλειος
3644 1451 3696 1507 ἐν

2050 1541 2337 1615 Καισαρείᾳ
2383 1550 2483 1611 τῆς
2546 1539 2956 1612 Καππαδοκίας,
3017 1541 3105 1595 καὶ
3159 1539 3579 1615 Ἀπολλινάριος
3639 1540 3692 1596 ἐν

2045 1634 2113 1705 τῇ
2165 1629 2451 1701 Λαοδικείᾳ
2496 1633 2594 1699 τῆς
2647 1629 2861 1705 Συρίας.
2910 1636 3062 1705 Τρεῖς
3118 1628 3183 1699 δὴ
3234 1629 3383 1683 οὗτοι
3432 1629 3555 1684 τότε
3603 1628 3695 1685 ἄν·

2047 1717 2168 1796 δρες
2200 1725 2296 1775 τοῦ
2327 1719 2619 1793 ὁμοουσίόυ
2668 1718 3026 1795 προύμάχουν
3073 1718 3209 1773 κατὰ
3234 1722 3331 1772 τοῦ
3363 1717 3693 1794 ἐτερουσίου,

2050 1813 2241 1885 μακρῷ
2314 1810 2515 1871 πάντας
2592 1807 3005 1883 παρενεγκόντες
3082 1806 3208 1868 τοὺς
3282 1807 3544 1882 πρότερον
3603 1808 3693 1863 καὶ

279 1908 451 1958 secta
483 1900 871 1973 patrocinium
917 1904 1339 1971 susceperunt:
1373 1900 1514 1955 adeo
1557 1904 1619 1954 ut
1648 1916 1761 1970 prae
1792 1900 1944 2002 ipsiq

2050 1897 2267 1971 ὕστερον
2324 1899 2485 1973 ἄχρις
2548 1897 2682 1969 ἐμοΰ
2738 1898 2836 1965 τὴς
2894 1896 3061 1965 αὐτῆς
3122 1897 3377 1973 αἱρέσεως
3435 1897 3699 1969 προστάν-

2216 1987 2227 2002 .
2390 1984 2442 2002 Α
2640 1988 2652 2002 ,
2744 1986 2756 2002 τ
2834 1990 2855 2001 ..
3027 1986 3090 2002 η..
3265 1986 3278 2001 κ
3351 1986 3445 2002 ..Α
3536 1987 3545 2002 ,

279 1990 365 2047 illi
400 1994 647 2046 externae
687 1989 961 2044 doctrinae
1012 1989 1481 2061 magnitudinem
1532 1993 1853 2052 evaserant,
1887 1976 1945 2043 et

279 2079 638 2136 Athanasius
655 2096 800 2151 puer
823 2084 1177 2149 senseretur,
1193 2094 1443 2149 namque
1460 2082 1549 2133 est
1566 2078 1625 2130 in
1641 2094 1938 2132 summam

280 2167 342 2223 in
377 2167 561 2223 sacris
594 2167 933 2239 Scripturis,
980 2172 1264 2237 quantum
1310 2168 1381 2221 ad
1422 2165 1726 2222 lectionem
1758 2170 1813 2221 et
1841 2182 1938 2220 ex-

279 2257 537 2328 peditam
570 2256 915 2311 memoriam
948 2256 1329 2323 conducebat,
1364 2272 1479 2311 non
1509 2254 1807 2326 vulgarem
1836 2272 1938 2310 ex-

278 2344 623 2418 perientiam
671 2344 986 2413 habebant,
1048 2362 1113 2401 ac
1162 2344 1539 2417 potissimum
1598 2344 1933 2416 Gregorius-

276 2433 411 2489 Jam
440 2450 571 2489 vero
603 2434 663 2489 in
694 2450 800 2489 suo
827 2434 1075 2505 quisque
1105 2434 1400 2490 scribendi
1440 2449 1649 2505 genere
1680 2434 1936 2490 maxima

278 2521 555 2577 facultate
577 2522 854 2592 praeditus
873 2526 1015 2577 erat.
1040 2521 1435 2592 Apollinarius
1457 2522 1672 2593 quippe
1699 2523 1757 2576 in
1780 2538 1933 2577 com-

280 2609 567 2665 mentario
595 2609 825 2665 dicendi
856 2625 1065 2680 genere
1118 2609 1497 2681 praecellebat.
1545 2610 1798 2666 Basilius
1830 2629 1932 2666 au-

279 2702 399 2753 tem
429 2698 489 2751 in
518 2696 863 2769 panegyrico
887 2697 1195 2770 insigniter
1215 2698 1529 2753 eminebat.
1556 2704 1628 2752 At
1646 2716 1779 2755 vero
1800 2701 1932 2755 Gre-

281 2785 443 2858 gorio
475 2785 534 2841 in
580 2790 829 2857 utroque
876 2786 1009 2842 licet
1056 2786 1389 2857 exercitato,
1440 2788 1513 2842 ad
1553 2788 1932 2859 conscriptio-

287 2891 421 2930 nem
452 2879 647 2930 tamen
680 2875 866 2947 magis
890 2876 1164 2931 tendebat
1184 2878 1388 2931 oratio.
1411 2879 1597 2947 Atque
1630 2882 1693 2931 ut
1720 2876 1937 2947 Apolli-

289 2964 454 3019 nario
487 2964 545 3017 in
589 2964 835 3019 dicendo
884 2965 1163 3036 grandior
1211 2982 1277 3020 ac
1325 2964 1569 3037 plenior,
1620 2966 1700 3021 ita
1730 2984 1934 3021 rursus

291 3050 505 3107 Basilio
557 3052 780 3108 firmior
834 3059 976 3108 erat.
1026 3053 1291 3126 Cumque
1339 3059 1500 3110 tanta
1542 3071 1744 3110 eorum
1784 3060 1939 3111 esset

289 3145 417 3196 tum
450 3141 509 3195 in
537 3140 780 3198 dicendo
803 3146 929 3197 tum
950 3142 1011 3197 in
1035 3143 1342 3199 scribendo
1364 3143 1628 3213 facultas,
1654 3148 1780 3198 tum
1804 3160 1937 3199 vero

287 3230 373 3285 ita
424 3231 689 3285 moribus
736 3233 1056 3302 comparati
1089 3236 1272 3297 erant,
1322 3238 1387 3287 ut
1428 3232 1514 3287 vel
1545 3232 1667 3288 solo
1699 3238 1938 3304 aspectu

2046 2007 2163 2049 τας*
2200 1987 2274 2049 ὡς
2312 1984 2479 2041 παῖδα
2526 1988 2652 2061 παρ’
2700 1986 2882 2047 αὐτοῖς
2930 1986 3178 2061 κριθῆναι
3225 1986 3315 2039 τὸν
3351 1986 3696 2045 ’Δθανάσιον.

2047 2081 2153 2145 Τῆς
2210 2096 2269 2129 τε
2330 2077 2429 2152 γὰρ
2506 2073 2695 2147 ἔξωθεν
2774 2074 3122 2146 καλουμένης
3192 2070 3526 2136 παιδεύσεως
3582 2073 3697 2129 ἐπι-

2045 2162 2301 2219 πλεῖστον
2345 2164 2495 2218 οὗτοι
2544 2161 3034 2237 προεληλύθεισαν,
3081 2158 3171 2216 xui
3216 2166 3323 2216 τῶν
3363 2163 3523 2237 ἱερῶν
3557 2168 3695 2237 Γρα-

2046 2258 2181 2330 φῶν,
2233 2252 2404 2307 ὁπόσα
2453 2252 2527 2314 εἰς
2577 2251 2876 2326 ἀνάγνωσιν
2922 2250 3011 2305 xui
3059 2251 3157 2318 τὴν
3208 2249 3509 2327 πρόχειρον
3562 2253 3697 2324 μνή-

2048 2363 2153 2415 μην
2188 2340 2379 2413 ἐτὲλει,
2410 2340 2629 2410 πολλὴν
2662 2341 2815 2415 εἶχον
2844 2341 2943 2408 τήν
2973 2337 3275 2415 ἐμπειρίαν,
3314 2339 3403 2394 καὶ
3458 2337 3696 2412 μάλιστά

2042 2452 2106 2505 γε
2161 2431 2335 2486 αὐτῶν
2389 2432 2417 2486 ὁ
2474 2430 2773 2506 Γρηγόριος
2807 2473 2820 2487 .
2882 2428 2979 2483 Καὶ
3050 2429 3155 2502 μὴν
3215 2428 3305 2483 καὶ
3364 2430 3693 2506 συγγράφειν

2038 2517 2261 2582 ἕκαστος
2303 2520 2476 2575 αὐτῶν
2528 2520 2604 2582 είς
2650 2520 2741 2574 τὸν
2782 2518 2946 2573 αὐτοῦ
2992 2518 3193 2593 τρόπον
3225 2519 3290 2587 ἦν
3331 2518 3688 2580 ἱκανώτατος.

2039 2614 2126 2680 Τῷ
2185 2608 2277 2681 μέν
2336 2630 2397 2683 γε
2452 2606 2862 2683 Ἀπολλιναρίῳ
2916 2608 2979 2661 τὸ
3034 2608 3483 2679 ὑπομνηματικὸν
3542 2604 3685 2669 εἶδος

2038 2704 2140 2767 τῆς
2199 2696 2393 2767 λέξεως
2453 2688 2651 2770 μακρῷ
2704 2694 2892 2772 ἄριστα
2945 2696 3078 2771 εἶχε·
3141 2695 3419 2756 Βασίλειος
3478 2691 3535 2749 δὲ
3583 2716 3687 2749 πα-

2040 2787 2319 2861 νηγυρίσαι
2371 2786 2754 2861 λαμπρότατος
2803 2787 2892 2854 ἦν’
2941 2790 3020 2857 τῷ
3070 2782 3127 2839 δέ
3165 2805 3227 2859 γε
3259 2782 3564 2859 Γρηγορίῳ,
3597 2782 3689 2836 καὶ

2042 2876 2167 2950 παρ’
2214 2875 2543 2952 ἀμφοτέροις
2598 2874 2981 2946 ἐξεταζομένῳ,
3035 2873 3201 2946 μέίζω
3251 2872 3400 2947 βάσιν
3454 2871 3528 2932 εἶς
3562 2892 3687 2946 συγ-

2042 2965 2252 3041 γραφὴν
2300 2964 2442 3038 εἶχεν
2492 2964 2518 3017 6
2561 2962 2749 3037 λόγος.
2802 2963 2897 3017 Καὶ
2946 2965 3011 3031 ἦν
3052 2963 3218 3016 εἰπεῖν
3268 2958 3691 3033 Ἀπολλιναρίου

2050 3054 2141 3125 μὲν
2205 3050 2509 3125 ἁδρότερος,
2561 3050 2851 3108 Βασιλείου
2910 3048 2967 3105 δὲ
3024 3050 3442 3125 σταθεριίηερος,
3498 3047 3698 3103 Τοσαύ-

2044 3163 2146 3211 της
2195 3139 2251 3196 δὲ
2298 3141 2480 3202 αὐτοῖς
2529 3141 2579 3195 ἐν
2627 3147 2705 3213 τῷ
2753 3138 2931 3215 λέγειν
2991 3140 3078 3195 xui
3136 3139 3359 3216 γράφειν
3413 3136 3696 3211 δυνάμεως

2048 3228 2237 3302 οὔσης,
2270 3230 2360 3285 καὶ
2388 3230 2450 3284 τὸ
2479 3232 2609 3299 ἦθος
2661 3227 2814 3284 οὐδὲν
2864 3230 3026 3297 ἧττον
3056 3230 3108 3281 οἱ
3148 3226 3337 3301 ἄνδρες
3366 3227 3696 3303 παρείχοντο

289 3318 598 3390 plerosque
629 3320 700 3373 ad
748 3336 809 3374 se
856 3319 1087 3375 allicere
1134 3320 1411 3376 facillime
1440 3326 1699 3393 possent.
1734 3322 1937 3394 Itaque

2048 3321 2184 3393 πρὸς
2239 3320 2339 3388 τὴν
2396 3323 2503 3372 τῶν
2563 3316 2788 3373 πολλῶν
2847 3317 2966 3371 θέαν
3026 3315 3480 3391 ἐπαγωγότατον.
3538 3318 3697 3369 ’Ὥστε

284 3405 498 3477 partim
555 3406 681 3478 ipso
730 3406 968 3475 intuitu,
1017 3409 1229 3479 partim
1279 3410 1670 3480 sermonibus,
1718 3411 1931 3482 partim

286 3493 461 3551 editis
480 3494 991 3551 lucubrationibus
1006 3498 1076 3551 ad
1091 3514 1229 3553 suas
1242 3503 1436 3569 partes
1450 3498 1932 3555 familiaritatem-

282 3599 399 3655 que
432 3600 600 3639 suam
634 3601 733 3639 eos
762 3584 1197 3655 pertrahebant,
1229 3587 1325 3654 qui
1377 3586 1574 3657 aliqua
1603 3587 1810 3643 harum
1842 3605 1930 3644 re-

278 3688 411 3727 rum
445 3672 675 3729 facilius
708 3674 834 3744 capi
867 3678 1155 3745 poterant.
1179 3674 1310 3731 Haec
1341 3676 1411 3731 de
1441 3676 1560 3732 illis
1591 3677 1774 3732 obiter
1801 3677 1931 3731 Phi-

276 3760 618 3833 lostorgius,
651 3762 819 3833 isque
850 3764 1117 3831 Arianus,
1144 3762 1357 3819 litteris
1377 3766 1696 3821 mandavit.
1721 3766 1928 3821 Adhuc

277 3867 449 3923 porro
481 3856 779 3922 superstes
810 3852 1144 3923 Gregorius,
1175 3853 1488 3925 subrogato
1516 3854 1627 3909 sibi
1651 3856 1707 3908 in
1738 3854 1929 3911 Eccle-

279 3938 368 3994 sia
410 3940 773 3996 Nazianzena
818 3940 1109 4013 episcopo,
1155 3942 1277 3997 ruri
1319 3943 1499 3997 vitam
1542 3943 1927 3999 monasticam

277 4028 415 4101 egit.
447 4030 635 4100 Atque
666 4030 738 4085 ad
781 4030 1100 4103 nonaginta
1129 4048 1312 4087 annos
1338 4037 1395 4086 et
1426 4032 1579 4087 ultra
1607 4038 1773 4088 astate
1802 4050 1931 4105 pro-

277 4121 497 4184 vectus,
548 4118 873 4174 Theodosio
924 4119 1211 4174 decimum
1263 4122 1500 4176 tertium
1550 4122 1777 4193 imperii
1818 4140 1926 4177 an-

276 4222 421 4261 num
453 4211 678 4278 agente,
729 4206 907 4262 vitam
958 4224 1090 4263 cum
1139 4213 1325 4265 morte
1371 4212 1771 4281 commutavit,
1817 4213 1925 4268 hoc

278 4309 463 4348 unum
496 4292 806 4366 indignum
836 4295 1050 4351 virtute
1072 4312 1180 4352 sua
1205 4314 1434 4368 passus,
1459 4299 1612 4368 quod
1647 4298 1927 4372 principis

278 4380 442 4435 urbis
493 4380 769 4436 cathedra
817 4382 1099 4453 expulsus
1146 4388 1257 4451 est,
1308 4384 1675 4455 improbique
1733 4387 1928 4457 potius

277 4468 443 4526 electi
496 4473 654 4539 sunt,
705 4486 881 4539 quam
929 4470 1027 4541 qui
1075 4470 1287 4527 virtute
1334 4488 1400 4528 ac
1443 4472 1570 4529 vita;
1620 4473 1928 4545 splendore

279 4573 484 4614 omnes
514 4556 791 4613 anteibat.

2040 3408 2130 3462 xui
2163 3409 2243 3469 οἷς
2277 3408 2549 3483 ἑωρῶντο,
2580 3408 2669 3460 καὶ
2720 3409 2802 3468 οἷς
2845 3403 3033 3479 ἔλεγον
3067 3404 3155 3459 καὶ
3203 3404 3373 3458 ὁπόσα
3401 3404 3695 3481 γράφοντες

2042 3494 2362 3561 διεδίδοσαν,
2418 3498 2506 3550 διὰ
2552 3495 2765 3550 πάντων
2816 3493 2982 3570 ᾕρουν
3013 3494 3088 3556 εἷς
3130 3495 3228 3563 τήν
3260 3495 3461 3548 ἑαυτῶν
3492 3513 3690 3546 κοινω-

2040 3585 2152 3640 νίαν
2184 3585 2311 3647 τοὺς
2342 3587 2461 3648 καθ’
2508 3587 2686 3639 ὁτιοῦν
2737 3583 2909 3638 αὐτῶν
2958 3583 3348 3659 εὐμαρέστερον
3379 3579 3685 3636 ἁλίσκεσθαι

2042 3672 2389 3747 δυναμένους.
2435 3678 2675 3728 Τοσαῦτα
2724 3672 2847 3748 περὶ
2900 3672 3071 3727 αὐτῶν
3132 3673 3208 3734 ὡς
3258 3672 3307 3725 έν
3357 3668 3689 3746 παραδρομῇ

2042 3763 2443 3837 Φιλοστόργιος
2475 3807 2491 3833 ,
2540 3762 2629 3816 xui
2685 3767 2852 3816 ταῦτα
2910 3762 3183 3837 ’Δρειανὸς
3242 3758 3355 3829 ὢν,
3415 3756 3641 3835 ἔγραψεν
3675 3800 3689 3815 .

2041 3854 2160 3909 Ἔτι
2201 3857 2329 3926 γοῦν
2362 3853 2563 3924 περιὼν
2597 3851 2671 3912 εἷς
2720 3851 2809 3905 τὸν
2863 3851 3060 3905 οἱκεῖον
3108 3849 3272 3903 τόπον
3307 3849 3334 3903 6
3368 3848 3694 3924 Γρηγόριος,

2041 3940 2330 3994 ἐπίσκοπον
2371 3942 2707 4010 καταστήσας
2756 3939 2807 3992 ἐν
2852 3943 2920 4012 τῇ
2968 3936 3216 4013 λαχούσῃ
3264 3936 3422 3992 αὐτὸν
3456 3935 3695 4005 Ἐκκλη-

2041 4030 2149 4101 σίᾳ,
2182 4029 2339 4090 αὐτὸς
2390 4029 2440 4081 έν
2487 4029 2636 4103 ἀγρῷ
2664 4049 2766 4081 τινι
2805 4028 2919 4102 βίον
2978 4024 3267 4099 μοναδικὸν
3326 4026 3691 4100 ἀπηνέγκατο.

2042 4117 2269 4181 Ἐλάσας
2322 4116 2378 4171 δὲ
2423 4118 2547 4192 περὶ
2604 4117 2672 4170 τὰ
2731 4116 3072 4186 ἐννενήκοντα
3120 4113 3211 4192 ἔτη
3271 4114 3359 4169 καὶ
3408 4114 3654 4169 ἐπέκεινα
3682 4143 3696 4171 ν

2040 4204 2330 4263 Θεοδοσίου
2359 4206 2538 4281 τρίτον
2587 4204 2676 4259 xui
2728 4202 2947 4259 δέκατον
2997 4202 3117 4265 ἔτος
3148 4201 3400 4277 ἄγοντος,
3441 4200 3703 4257 καταλύει

2036 4298 2127 4350 τὸν
2168 4295 2305 4370 βίον,
2339 4295 2546 4364 ἀνάξιον
2572 4291 2733 4349 τοῦτο
2762 4300 2863 4362 τῆς
2913 4292 3076 4347 αύτοῦ
3126 4293 3310 4346 παθὼν
3356 4291 3577 4367 ἀρετῆς,
3608 4290 3699 4345 καὶ

2037 4388 2134 4453 τῆς
2177 4381 2437 4457 καθέδρας
2489 4384 2927 4457 ἀποκρουσθῆναι
2973 4388 3072 4451 τῆς
3138 4378 3535 4456 βασιλευούσης
3585 4383 3699 4433 τῶν

2038 4472 2277 4544 πόλεων,
2330 4472 2420 4526 καὶ
2468 4478 2829 4547 προκριθῆναι
2884 4468 3097 4543 μᾶλλον
3130 4470 3258 4531 τοὺς
3304 4468 3697 4546 φαυλοτέρους,

2039 4566 2073 4633 ἣ
2101 4563 2191 4618 τὸν
2226 4561 2307 4616 ἐπ’
2339 4562 2503 4638 ἀρετῇ
2536 4561 2626 4616 καὶ
2658 4559 3008 4634 λαμπρότητι
3065 4558 3186 4635 βίου
3235 4558 3451 4615 πάντων
3485 4556 3695 4632 μᾶλλον

2040 4651 2396 4729 ὑπερέχοντα.

1545 4822 1656 4884 Ex
1685 4822 1959 4887 Sz'meone
1987 4824 2411 4907 Metaphraste.

352 4955 601 5027 Magnus
658 4954 754 5009 hic
802 4954 1116 5025 Gregorius
1174 4955 1503 5029 Theologus
1569 4957 1749 5013 vitam
1808 4959 1934 5031 ipse
1962 4969 2009 5033 D
2044 4975 2142 5017 eos
2172 4959 2271 5031 qui
2308 4958 2554 5014 actionis
2575 4957 2749 5014 laude
2774 4957 3081 5022 ﬂorebant,
3106 4955 3465 5026 superasset,
3488 4966 3553 5007 eo
3576 4968 3701 5007 rur-

277 5060 445 5099 suam
468 5044 736 5116 exposuit
756 5044 811 5097 in
840 5043 911 5098 iis
937 5045 1280 5100 funebribus
1302 5046 1686 5117 orationibus,
1716 5049 1933 5118 quibus

274 5132 555 5187 Basilium
589 5132 891 5204 Magnum,
936 5134 1278 5207 Gregorium
1326 5139 1571 5206 patrem,
1617 5137 1931 5192 Caesarium

271 5222 535 5291 fratrem,
568 5226 625 5276 et
655 5222 1008 5293 Gorgoniam
1055 5239 1315 5279 sororem
1358 5227 1546 5278 ornat.
1581 5226 1658 5279 Ac
1688 5226 1933 5296 proinde

277 5310 377 5381 qui
402 5309 578 5365 vitam
598 5308 756 5365 illius
778 5312 1271 5383 conscripserunt,
1289 5328 1401 5367 non
1421 5312 1845 5385 aliundequam
1865 5332 1933 5371 ex

277 5398 465 5469 ipsius
496 5399 771 5471 operibus
822 5400 1051 5456 dicendi
1102 5405 1511 5472 argumentum
1561 5409 1928 5475 acceperunt.

277 5487 395 5542 Hoc
440 5504 623 5543 unum
676 5489 1003 5544 necessario
1053 5489 1384 5559 dicendum,
1438 5492 1593 5561 quod
1642 5492 1931 5565 siquidem

280 5576 431 5646 apud
468 5574 735 5630 homines
767 5578 1039 5633 exsistere
1060 5594 1294 5634 necesse
1320 5583 1444 5634 erat
1465 5579 1717 5651 efﬁgiem
1742 5599 1931 5653 quan-

283 5667 419 5722 dam
451 5669 502 5721 et
536 5665 893 5722 columniam
918 5684 983 5723 ex
1011 5670 1285 5726 omnibus
1314 5670 1627 5727 virtutibus
1658 5677 1931 5729 constan-

285 5758 427 5827 tem,
460 5753 567 5811 hoc
598 5759 721 5812 erat
752 5755 1084 5828 Gregorius.
1117 5758 1264 5814 Nam
1295 5774 1428 5815 cum
1467 5760 1595 5817 vita:
1622 5761 1932 5833 splendore

2045 5065 2147 5105 sus
2176 5046 2688 5120 contemplationis
2736 5061 3083 5121 progressus
3131 5046 3239 5110 est,
3294 5046 3359 5097 ut
3384 5056 3591 5097 omnes
3617 5040 3706 5097 illi

2047 5136 2345 5210 sapientiae
2403 5135 2794 5207 doctrinaeque
2850 5134 3025 5189 laude
3081 5132 3377 5198 cederent,
3424 5134 3546 5186 tam
3577 5131 3707 5202 ejus

2044 5245 2170 5300 quae
2200 5226 2260 5282 in
2294 5226 2486 5282 verbis
2517 5241 2691 5298 quam
2727 5241 2855 5297 quae
2905 5223 2966 5278 in
3001 5221 3135 5277 ﬁdei
3176 5221 3553 5293 dogmatibus
3582 5238 3709 5277 ver-

2044 5321 2231 5373 satur.
2266 5316 2428 5371 Unde
2460 5315 2635 5370 etiam
2668 5313 2944 5384 Theologi
2968 5316 3425 5385 cognomentum
3460 5311 3707 5383 adeptus

2040 5410 2147 5462 est.
2181 5406 2475 5470 Quantum
2529 5408 2725 5459 autem
2769 5404 2839 5458 ad
2891 5400 3150 5471 corporis
3196 5401 3444 5455 formam
3476 5399 3704 5468 attinet,

2042 5498 2266 5552 statura
2300 5494 2575 5550 mediocri
2607 5498 2751 5560 erat,
2785 5491 3044 5564 pallidus
3090 5490 3549 5563 aliquantulum,
3584 5506 3700 5547 non

2041 5588 2235 5640 tamen
2272 5584 2417 5637 citra
2447 5586 2833 5653 venustatem,
2868 5581 3144 5652 depresso
3167 5596 3332 5649 naso,
3366 5576 3696 5649 superciliis

2042 5674 2098 5728 in
2132 5676 2355 5729 rectum
2381 5671 2691 5744 protensis,
2725 5673 2963 5743 aspectu
2990 5667 3207 5726 blando
3228 5673 3285 5725 et
3306 5666 3489 5738 suavi,
3513 5665 3691 5723 altero

2041 5762 2227 5835 oculo,
2260 5777 2468 5834 nempe
2497 5761 2719 5830 dextro,
2756 5757 3078 5831 subtristis,
3113 5774 3287 5831 quem
3330 5758 3507 5814 etiam
3536 5754 3690 5811 cica-
