  <div class='ocr_page' id='page_1' title='image "/cluster/home/n/w/nwhite01/storage/ocr_20150623/35/mdp.39015012934389/158.png"; bbox 0 0 4096 6288; ppageno 0'>
   <div class='ocr_carea' id='block_1_1' title="bbox 272 446 1894 516">
    <p class='ocr_par' dir='ltr' id='par_1_1' title="bbox 272 448 1894 516">
     <span class='ocr_line' id='line_1_1' title="bbox 272 448 1894 516; baseline 0.004 -9"><span class='ocrx_word' id='word_1_1' title='bbox 272 448 383 508; x_wconf 82' lang='grc'><strong>309</strong></span> <span class='ocrx_word' id='word_1_2' title='bbox 1127 452 1505 516; x_wconf 74' lang='lat' dir='ltr'><strong>VETERUM</strong></span> <span class='ocrx_word' id='word_1_3' title='bbox 1552 452 1654 514; x_wconf 86' lang='lat' dir='ltr'><strong>ET</strong></span> <span class='ocrx_word' id='word_1_4' title='bbox 1700 452 1894 514; x_wconf 80' lang='lat' dir='ltr'><strong>REGE</strong></span> 
     </span>
    </p>
   </div>
   <div class='ocr_carea' id='block_1_2' title="bbox 2010 446 3678 516">
    <p class='ocr_par' dir='ltr' id='par_1_2' title="bbox 2016 446 3678 516">
     <span class='ocr_line' id='line_1_2' title="bbox 2016 446 3678 516; baseline 0.001 -4"><span class='ocrx_word' id='word_1_5' title='bbox 2016 451 2267 514; x_wconf 77' lang='lat' dir='ltr'><strong>lOllUM</strong></span> <span class='ocrx_word' id='word_1_6' title='bbox 2312 453 2821 516; x_wconf 78' lang='lat' dir='ltr'><strong>TESTIMONIA.</strong></span> <span class='ocrx_word' id='word_1_7' title='bbox 3559 446 3678 513; x_wconf 86' lang='lat' dir='ltr'><strong>3l0</strong></span> 
     </span>
    </p>
   </div>
   <div class='ocr_carea' id='block_1_3' title="bbox 270 581 3675 658">
    <p class='ocr_par' dir='ltr' id='par_1_3' title="bbox 270 581 3675 658">
     <span class='ocr_line' id='line_1_3' title="bbox 270 581 3675 658; baseline 0.001 -23"><span class='ocrx_word' id='word_1_8' title='bbox 270 581 379 635; x_wconf 84' lang='lat' dir='ltr'><strong>trix</strong></span> <span class='ocrx_word' id='word_1_9' title='bbox 428 582 702 653; x_wconf 76' lang='lat' dir='ltr'><strong>quedam</strong></span> <span class='ocrx_word' id='word_1_10' title='bbox 749 583 1146 653; x_wconf 78' lang='lat' dir='ltr'><strong>contrahebat,</strong></span> <span class='ocrx_word' id='word_1_11' title='bbox 1199 585 1381 641; x_wconf 87' lang='lat' dir='ltr'><strong>barba</strong></span> <span class='ocrx_word' id='word_1_12' title='bbox 1428 603 1543 642; x_wconf 92' lang='lat' dir='ltr'><strong>non</strong></span> <span class='ocrx_word' id='word_1_13' title='bbox 1602 584 1914 658; x_wconf 88' lang='lat' dir='ltr'><strong>promissa,</strong></span> <span class='ocrx_word' id='word_1_14' title='bbox 1947 586 2000 652; x_wconf 79' lang='grc' dir='ltr'><strong>Α</strong></span> <span class='ocrx_word' id='word_1_15' title='bbox 2032 584 2228 640; x_wconf 83' lang='lat' dir='ltr'><strong>calvus</strong></span> <span class='ocrx_word' id='word_1_16' title='bbox 2257 585 2402 656; x_wconf 87' lang='lat' dir='ltr'><strong>erat)</strong></span> <span class='ocrx_word' id='word_1_17' title='bbox 2453 585 2618 641; x_wconf 90' lang='lat' dir='ltr'><strong>albos</strong></span> <span class='ocrx_word' id='word_1_18' title='bbox 2667 587 2858 642; x_wconf 81' lang='lat' dir='ltr'><strong>crines</strong></span> <span class='ocrx_word' id='word_1_19' title='bbox 2908 584 3177 655; x_wconf 82' lang='lat' dir='ltr'><strong>habebat,</strong></span> <span class='ocrx_word' id='word_1_20' title='bbox 3230 599 3491 639; x_wconf 86' lang='lat' dir='ltr'><strong>summas</strong></span> <span class='ocrx_word' id='word_1_21' title='bbox 3536 585 3675 640; x_wconf 90' lang='lat' dir='ltr'><strong>item</strong></span> 
     </span>
    </p>
   </div>
   <div class='ocr_carea' id='block_1_4' title="bbox 268 670 3473 746">
    <p class='ocr_par' dir='ltr' id='par_1_4' title="bbox 268 670 3473 746">
     <span class='ocr_line' id='line_1_4' title="bbox 268 670 3473 746; baseline 0.001 -22"><span class='ocrx_word' id='word_1_22' title='bbox 268 670 449 725; x_wconf 90' lang='lat' dir='ltr'><strong>densa</strong></span> <span class='ocrx_word' id='word_1_23' title='bbox 482 675 707 727; x_wconf 89' lang='lat' dir='ltr'><strong>tamen.</strong></span> <span class='ocrx_word' id='word_1_24' title='bbox 741 674 864 739; x_wconf 88' lang='lat' dir='ltr'><strong>Qua</strong></span> <span class='ocrx_word' id='word_1_25' title='bbox 892 677 1056 745; x_wconf 88' lang='lat' dir='ltr'><strong>parte</strong></span> <span class='ocrx_word' id='word_1_26' title='bbox 1077 673 1273 729; x_wconf 84' lang='lat' dir='ltr'><strong>calvus</strong></span> <span class='ocrx_word' id='word_1_27' title='bbox 1296 690 1410 730; x_wconf 91' lang='lat' dir='ltr'><strong>non</strong></span> <span class='ocrx_word' id='word_1_28' title='bbox 1428 679 1553 731; x_wconf 87' lang='lat' dir='ltr'><strong>erat</strong></span> <span class='ocrx_word' id='word_1_29' title='bbox 1584 675 1745 746; x_wconf 88' lang='lat' dir='ltr'><strong>(nam</strong></span> <span class='ocrx_word' id='word_1_30' title='bbox 1778 675 1917 729; x_wconf 92' lang='lat' dir='ltr'><strong>sub-</strong></span> <span class='ocrx_word' id='word_1_31' title='bbox 2030 673 2223 729; x_wconf 84' lang='lat' dir='ltr'><strong>barbe</strong></span> <span class='ocrx_word' id='word_1_32' title='bbox 2255 678 2450 745; x_wconf 89' lang='lat' dir='ltr'><strong>partes</strong></span> <span class='ocrx_word' id='word_1_33' title='bbox 2478 676 2636 729; x_wconf 91' lang='lat' dir='ltr'><strong>velut</strong></span> <span class='ocrx_word' id='word_1_34' title='bbox 2667 675 2827 729; x_wconf 90' lang='lat' dir='ltr'><strong>fumo</strong></span> <span class='ocrx_word' id='word_1_35' title='bbox 2858 674 3080 729; x_wconf 89' lang='lat' dir='ltr'><strong>obsitas</strong></span> <span class='ocrx_word' id='word_1_36' title='bbox 3110 674 3473 729; x_wconf 84' lang='lat' dir='ltr'><strong>ostendebat.</strong></span> 
     </span>
    </p>
   </div>
   <div class='ocr_carea' id='block_1_5' title="bbox 719 800 3232 883">
    <p class='ocr_par' dir='ltr' id='par_1_5' title="bbox 719 800 3232 883">
     <span class='ocr_line' id='line_1_5' title="bbox 719 800 3232 883; baseline 0 -23"><span class='ocrx_word' id='word_1_37' title='bbox 719 800 918 860; x_wconf 84' lang='lat' dir='ltr'><strong>Conon</strong></span> <span class='ocrx_word' id='word_1_38' title='bbox 949 800 1017 861; x_wconf 88' lang='lat' dir='ltr'><strong>de</strong></span> <span class='ocrx_word' id='word_1_39' title='bbox 1046 811 1245 862; x_wconf 67' lang='lat' dir='ltr'><strong>sancto</strong></span> <span class='ocrx_word' id='word_1_40' title='bbox 1277 801 1529 876; x_wconf 86' lang='lat' dir='ltr'><strong>Basilio,</strong></span> <span class='ocrx_word' id='word_1_41' title='bbox 1562 802 1725 883; x_wconf 84' lang='lat' dir='ltr'><strong>apud</strong></span> <span class='ocrx_word' id='word_1_42' title='bbox 1749 800 2035 863; x_wconf 84' lang='lat' dir='ltr'><strong>Bolland.</strong></span> <span class='ocrx_word' id='word_1_43' title='bbox 2069 800 2345 881; x_wconf 86' lang='lat' dir='ltr'><strong>Append.</strong></span> <span class='ocrx_word' id='word_1_44' title='bbox 2380 802 2460 862; x_wconf 88' lang='lat' dir='ltr'><strong>ad</strong></span> <span class='ocrx_word' id='word_1_45' title='bbox 2486 812 2624 862; x_wconf 90' lang='lat' dir='ltr'><strong>tom.</strong></span> <span class='ocrx_word' id='word_1_46' title='bbox 2660 801 2729 863; x_wconf 89' lang='grc' dir='ltr'><em>ΙΙ</em></span> <span class='ocrx_word' id='word_1_47' title='bbox 2749 802 2942 874; x_wconf 87' lang='lat' dir='ltr'><strong>Junii,</strong></span> <span class='ocrx_word' id='word_1_48' title='bbox 2975 800 3081 861; x_wconf 90' lang='lat' dir='ltr'><strong>ode</strong></span> <span class='ocrx_word' id='word_1_49' title='bbox 3125 818 3232 861; x_wconf 85' lang='lat' dir='ltr'><strong>v11.</strong></span> 
     </span>
    </p>
   </div>
   <div class='ocr_carea' id='block_1_6' title="bbox 2101 908 3676 979">
    <p class='ocr_par' dir='ltr' id='par_1_6' title="bbox 2101 908 3676 979">
     <span class='ocr_line' id='line_1_6' title="bbox 2101 908 3676 979; baseline 0 -16"><span class='ocrx_word' id='word_1_50' title='bbox 2101 908 2145 963; x_wconf 92' lang='grc' dir='ltr'><strong>Ο</strong></span> <span class='ocrx_word' id='word_1_51' title='bbox 2178 908 2484 963; x_wconf 89' lang='lat' dir='ltr'><strong>consensio</strong></span> <span class='ocrx_word' id='word_1_52' title='bbox 2515 909 2844 963; x_wconf 87' lang='lat' dir='ltr'><strong>animorum</strong></span> <span class='ocrx_word' id='word_1_53' title='bbox 2892 912 2948 963; x_wconf 91' lang='lat' dir='ltr'><strong>et</strong></span> <span class='ocrx_word' id='word_1_54' title='bbox 2987 912 3188 962; x_wconf 90' lang='lat' dir='ltr'><strong>sancta</strong></span> <span class='ocrx_word' id='word_1_55' title='bbox 3234 908 3516 962; x_wconf 79' lang='lat' dir='ltr'><strong>societas!</strong></span> <span class='ocrx_word' id='word_1_56' title='bbox 3561 924 3676 979; x_wconf 79' lang='lat' dir='ltr'><strong>qua</strong></span> 
     </span>
    </p>
   </div>
   <div class='ocr_carea' id='block_1_7' title="bbox 2027 996 3675 1069">
    <p class='ocr_par' dir='ltr' id='par_1_7' title="bbox 2027 996 3675 1069">
     <span class='ocr_line' id='line_1_7' title="bbox 2027 996 3675 1069; baseline 0.002 -19"><span class='ocrx_word' id='word_1_57' title='bbox 2027 997 2186 1051; x_wconf 90' lang='lat' dir='ltr'><strong>velut</strong></span> <span class='ocrx_word' id='word_1_58' title='bbox 2209 1014 2360 1064; x_wconf 81' lang='lat' dir='ltr'><strong>unus</strong></span> <span class='ocrx_word' id='word_1_59' title='bbox 2378 1001 2433 1051; x_wconf 89' lang='lat' dir='ltr'><strong>et</strong></span> <span class='ocrx_word' id='word_1_60' title='bbox 2454 996 2793 1051; x_wconf 86' lang='lat' dir='ltr'><strong>individuus</strong></span> <span class='ocrx_word' id='word_1_61' title='bbox 2816 996 2874 1052; x_wconf 91' lang='lat' dir='ltr'><strong>in</strong></span> <span class='ocrx_word' id='word_1_62' title='bbox 2898 996 3130 1069; x_wconf 88' lang='lat' dir='ltr'><strong>gemino</strong></span> <span class='ocrx_word' id='word_1_63' title='bbox 3156 1012 3395 1067; x_wconf 90' lang='lat' dir='ltr'><strong>corpore</strong></span> <span class='ocrx_word' id='word_1_64' title='bbox 3426 996 3675 1068; x_wconf 81' lang='lat' dir='ltr'><strong>spiritus</strong></span> 
     </span>
    </p>
   </div>
   <div class='ocr_carea' id='block_1_8' title="bbox 2028 1084 3673 1156">
    <p class='ocr_par' dir='ltr' id='par_1_8' title="bbox 2028 1084 3673 1156">
     <span class='ocr_line' id='line_1_8' title="bbox 2028 1084 3673 1156; baseline 0.001 -17"><span class='ocrx_word' id='word_1_65' title='bbox 2028 1086 2085 1139; x_wconf 92' lang='lat' dir='ltr'><strong>in</strong></span> <span class='ocrx_word' id='word_1_66' title='bbox 2110 1086 2384 1156; x_wconf 82' lang='lat' dir='ltr'><strong>Gregorio</strong></span> <span class='ocrx_word' id='word_1_67' title='bbox 2408 1085 2659 1141; x_wconf 82' lang='lat' dir='ltr'><strong>Basilius</strong></span> <span class='ocrx_word' id='word_1_68' title='bbox 2686 1085 2879 1141; x_wconf 90' lang='lat' dir='ltr'><strong>divino</strong></span> <span class='ocrx_word' id='word_1_69' title='bbox 2902 1101 3102 1140; x_wconf 88' lang='lat' dir='ltr'><strong>amore</strong></span> <span class='ocrx_word' id='word_1_70' title='bbox 3128 1085 3347 1151; x_wconf 91' lang='lat' dir='ltr'><strong>unitus,</strong></span> <span class='ocrx_word' id='word_1_71' title='bbox 3371 1085 3431 1139; x_wconf 92' lang='lat' dir='ltr'><strong>in</strong></span> <span class='ocrx_word' id='word_1_72' title='bbox 3457 1084 3673 1140; x_wconf 87' lang='lat' dir='ltr'><strong>Basilio</strong></span> 
     </span>
    </p>
   </div>
   <div class='ocr_carea' id='block_1_9' title="bbox 2027 1173 3677 1246">
    <p class='ocr_par' dir='ltr' id='par_1_9' title="bbox 2027 1173 3677 1246">
     <span class='ocr_line' id='line_1_9' title="bbox 2027 1173 3677 1246; baseline -0.002 -15"><span class='ocrx_word' id='word_1_73' title='bbox 2027 1174 2340 1245; x_wconf 82' lang='lat' dir='ltr'><strong>Gregorius</strong></span> <span class='ocrx_word' id='word_1_74' title='bbox 2372 1174 2498 1229; x_wconf 87' lang='lat' dir='ltr'><strong>fuit.</strong></span> <span class='ocrx_word' id='word_1_75' title='bbox 2532 1175 2704 1230; x_wconf 87' lang='lat' dir='ltr'><strong>Orate</strong></span> <span class='ocrx_word' id='word_1_76' title='bbox 2742 1190 2900 1230; x_wconf 89' lang='lat' dir='ltr'><strong>nunc</strong></span> <span class='ocrx_word' id='word_1_77' title='bbox 2932 1190 3034 1246; x_wconf 90' lang='lat' dir='ltr'><strong>pro</strong></span> <span class='ocrx_word' id='word_1_78' title='bbox 3065 1189 3238 1246; x_wconf 80' lang='lat' dir='ltr'><strong>grege</strong></span> <span class='ocrx_word' id='word_1_79' title='bbox 3281 1178 3481 1229; x_wconf 87' lang='lat' dir='ltr'><strong>nostro</strong></span> <span class='ocrx_word' id='word_1_80' title='bbox 3513 1173 3677 1229; x_wconf 89' lang='lat' dir='ltr'><strong>Chri-</strong></span> 
     </span>
    </p>
   </div>
   <div class='ocr_carea' id='block_1_10' title="bbox 2026 1268 2205 1320">
    <p class='ocr_par' dir='ltr' id='par_1_10' title="bbox 2026 1268 2205 1320">
     <span class='ocr_line' id='line_1_10' title="bbox 2026 1268 2205 1320; baseline -0.017 0"><span class='ocrx_word' id='word_1_81' title='bbox 2026 1268 2205 1320; x_wconf 89' lang='lat' dir='ltr'><strong>stum.</strong></span> 
     </span>
    </p>
   </div>
   <div class='ocr_carea' id='block_1_11' title="bbox 331 902 1917 981">
    <p class='ocr_par' dir='ltr' id='par_1_11' title="bbox 331 902 1917 981">
     <span class='ocr_line' id='line_1_11' title="bbox 331 902 1917 981; baseline 0.002 -25"><span class='ocrx_word' id='word_1_82' title='bbox 331 904 398 956; x_wconf 83' lang='grc' dir='ltr'>Ὦ</span> <span class='ocrx_word' id='word_1_83' title='bbox 444 902 726 975; x_wconf 79' lang='grc' dir='ltr'><strong>σύμπνοια</strong></span> <span class='ocrx_word' id='word_1_84' title='bbox 780 909 876 958; x_wconf 76' lang='grc' dir='ltr'><strong>νοῦ</strong></span> <span class='ocrx_word' id='word_1_85' title='bbox 933 906 1051 981; x_wconf 80' lang='grc' dir='ltr'>ἱερά</span> <span class='ocrx_word' id='word_1_86' title='bbox 1098 927 1155 960; x_wconf 87' lang='grc' dir='ltr'><strong>τε</strong></span> <span class='ocrx_word' id='word_1_87' title='bbox 1203 906 1453 981; x_wconf 79' lang='grc' dir='ltr'><strong>ξυνωρὶς,</strong></span> <span class='ocrx_word' id='word_1_88' title='bbox 1503 909 1537 975; x_wconf 74' lang='grc' dir='ltr'><strong>ἡ</strong></span> <span class='ocrx_word' id='word_1_89' title='bbox 1591 906 1768 979; x_wconf 80' lang='grc' dir='ltr'>ὥσπερ</span> <span class='ocrx_word' id='word_1_90' title='bbox 1824 906 1917 979; x_wconf 83' lang='grc' dir='ltr'>μία</span> 
     </span>
    </p>
   </div>
   <div class='ocr_carea' id='block_1_12' title="bbox 264 990 1914 1070">
    <p class='ocr_par' dir='ltr' id='par_1_12' title="bbox 264 990 1914 1070">
     <span class='ocr_line' id='line_1_12' title="bbox 264 990 1914 1070; baseline 0.002 -25"><span class='ocrx_word' id='word_1_91' title='bbox 264 993 415 1067; x_wconf 75' lang='grc' dir='ltr'>ψυχὴ</span> <span class='ocrx_word' id='word_1_92' title='bbox 452 991 506 1047; x_wconf 81' lang='grc' dir='ltr'><strong>ἐν</strong></span> <span class='ocrx_word' id='word_1_93' title='bbox 544 990 660 1047; x_wconf 86' lang='grc' dir='ltr'>δυσὶ</span> <span class='ocrx_word' id='word_1_94' title='bbox 711 994 953 1066; x_wconf 82' lang='grc' dir='ltr'><strong>σώμασιν</strong></span> <span class='ocrx_word' id='word_1_95' title='bbox 1006 992 1329 1069; x_wconf 76' lang='grc' dir='ltr'><strong>ἀδιαίρετος,</strong></span> <span class='ocrx_word' id='word_1_96' title='bbox 1364 994 1413 1049; x_wconf 77' lang='grc' dir='ltr'><strong>ἐν</strong></span> <span class='ocrx_word' id='word_1_97' title='bbox 1468 996 1759 1070; x_wconf 77' lang='grc' dir='ltr'><strong>Γρηγορίῳ</strong></span> <span class='ocrx_word' id='word_1_98' title='bbox 1809 1002 1914 1051; x_wconf 84' lang='grc' dir='ltr'><strong>Βα-</strong></span> 
     </span>
    </p>
   </div>
   <div class='ocr_carea' id='block_1_13' title="bbox 264 1079 1916 1160">
    <p class='ocr_par' dir='ltr' id='par_1_13' title="bbox 264 1079 1916 1160">
     <span class='ocr_line' id='line_1_13' title="bbox 264 1079 1916 1160; baseline 0.002 -26"><span class='ocrx_word' id='word_1_99' title='bbox 264 1079 490 1153; x_wconf 80' lang='grc' dir='ltr'><strong>σίλειος,</strong></span> <span class='ocrx_word' id='word_1_100' title='bbox 526 1081 682 1153; x_wconf 84' lang='grc' dir='ltr'><strong>πόθῳ</strong></span> <span class='ocrx_word' id='word_1_101' title='bbox 727 1084 889 1153; x_wconf 78' lang='grc' dir='ltr'>θεῖκῴ</span> <span class='ocrx_word' id='word_1_102' title='bbox 939 1082 1293 1156; x_wconf 77' lang='grc' dir='ltr'><strong>συνημμένοι,</strong></span> <span class='ocrx_word' id='word_1_103' title='bbox 1346 1084 1397 1137; x_wconf 84' lang='grc' dir='ltr'>ἐν</span> <span class='ocrx_word' id='word_1_104' title='bbox 1449 1082 1718 1157; x_wconf 78' lang='grc' dir='ltr'><strong>Βασιλείῳ</strong></span> <span class='ocrx_word' id='word_1_105' title='bbox 1770 1091 1916 1160; x_wconf 69' lang='grc' dir='ltr'><strong>Γρη⁴</strong></span> 
     </span>
    </p>
   </div>
   <div class='ocr_carea' id='block_1_14' title="bbox 259 1168 1913 1248">
    <p class='ocr_par' dir='ltr' id='par_1_14' title="bbox 259 1168 1913 1248">
     <span class='ocr_line' id='line_1_14' title="bbox 259 1168 1913 1248; baseline 0.003 -25"><span class='ocrx_word' id='word_1_106' title='bbox 259 1168 465 1243; x_wconf 81' lang='grc' dir='ltr'><strong>γόριος·</strong></span> <span class='ocrx_word' id='word_1_107' title='bbox 524 1168 615 1225; x_wconf 68' lang='grc' dir='ltr'><strong>νῦν</strong></span> <span class='ocrx_word' id='word_1_108' title='bbox 677 1170 978 1226; x_wconf 75' lang='grc' dir='ltr'>ἱκετεύσανε</span> <span class='ocrx_word' id='word_1_109' title='bbox 1035 1172 1263 1245; x_wconf 82' lang='grc' dir='ltr'><strong>Χριστὸν</strong></span> <span class='ocrx_word' id='word_1_110' title='bbox 1320 1172 1452 1248; x_wconf 74' lang='grc' dir='ltr'>ὑπὲρ</span> <span class='ocrx_word' id='word_1_111' title='bbox 1506 1180 1605 1242; x_wconf 81' lang='grc' dir='ltr'><strong>τῆς</strong></span> <span class='ocrx_word' id='word_1_112' title='bbox 1674 1171 1913 1247; x_wconf 82' lang='grc' dir='ltr'><strong>ποίμνης</strong></span> 
     </span>
    </p>
   </div>
   <div class='ocr_carea' id='block_1_15' title="bbox 256 1260 448 1331">
    <p class='ocr_par' dir='ltr' id='par_1_15' title="bbox 256 1260 448 1331">
     <span class='ocr_line' id='line_1_15' title="bbox 256 1260 448 1331; baseline 0 -18"><span class='ocrx_word' id='word_1_113' title='bbox 256 1260 289 1327; x_wconf 70' lang='grc' dir='ltr'>ἡ</span> <span class='ocrx_word' id='word_1_114' title='bbox 310 1263 448 1331; x_wconf 83' lang='grc' dir='ltr'><strong>μῶν.</strong></span> 
     </span>
    </p>
   </div>
   <div class='ocr_carea' id='block_1_16' title="bbox 326 1510 3678 1583">
    <p class='ocr_par' dir='ltr' id='par_1_16' title="bbox 326 1510 3678 1583">
     <span class='ocr_line' id='line_1_16' title="bbox 326 1510 3678 1583; baseline 0 -19"><span class='ocrx_word' id='word_1_115' title='bbox 326 1510 420 1565; x_wconf 85' lang='lat' dir='ltr'><strong>His</strong></span> <span class='ocrx_word' id='word_1_116' title='bbox 468 1510 785 1567; x_wconf 76' lang='lat' dir='ltr'><strong>subnectere</strong></span> <span class='ocrx_word' id='word_1_117' title='bbox 836 1513 1129 1581; x_wconf 78' lang='lat' dir='ltr'><strong>potuissem</strong></span> <span class='ocrx_word' id='word_1_118' title='bbox 1189 1515 1499 1569; x_wconf 86' lang='lat' dir='ltr'><strong>testimonia</strong></span> <span class='ocrx_word' id='word_1_119' title='bbox 1549 1515 1827 1570; x_wconf 85' lang='lat' dir='ltr'><strong>Haimonis</strong></span> <span class='ocrx_word' id='word_1_120' title='bbox 1880 1514 2365 1581; x_wconf 85' lang='lat' dir='ltr'><strong>Halberstatensis,</strong></span> <span class='ocrx_word' id='word_1_121' title='bbox 2414 1530 2531 1583; x_wconf 85' lang='lat' dir='ltr'><strong>cap.</strong></span> <span class='ocrx_word' id='word_1_122' title='bbox 2594 1514 2645 1582; x_wconf 87' lang='grc'>4,</span> <span class='ocrx_word' id='word_1_123' title='bbox 2698 1515 2797 1569; x_wconf 89' lang='lat' dir='ltr'><strong>lib.</strong></span> <span class='ocrx_word' id='word_1_124' title='bbox 2832 1531 2867 1568; x_wconf 87' lang='lat' dir='ltr'><strong>x</strong></span> <span class='ocrx_word' id='word_1_125' title='bbox 2899 1513 3113 1568; x_wconf 88' lang='lat' dir='ltr'><strong>Histor.</strong></span> <span class='ocrx_word' id='word_1_126' title='bbox 3173 1510 3411 1579; x_wconf 80' lang='lat' dir='ltr'><strong>Eccles.;</strong></span> <span class='ocrx_word' id='word_1_127' title='bbox 3472 1510 3678 1583; x_wconf 56' lang='lat' dir='ltr'><strong>Adonis</strong></span> 
     </span>
    </p>
   </div>
   <div class='ocr_carea' id='block_1_17' title="bbox 274 1581 3675 1658">
    <p class='ocr_par' dir='ltr' id='par_1_17' title="bbox 274 1581 3675 1658">
     <span class='ocr_line' id='line_1_17' title="bbox 274 1581 3675 1658; baseline 0 -22"><span class='ocrx_word' id='word_1_128' title='bbox 274 1581 959 1658; x_wconf 42' lang='lat' dir='ltr'><strong>Biennensisepiseopiin</strong></span> <span class='ocrx_word' id='word_1_129' title='bbox 988 1583 1251 1658; x_wconf 64' lang='lat' dir='ltr'><strong>Chronic.</strong></span> <span class='ocrx_word' id='word_1_130' title='bbox 1286 1590 1443 1639; x_wconf 76' lang='lat' dir='ltr'><strong>etate</strong></span> <span class='ocrx_word' id='word_1_131' title='bbox 1468 1595 1657 1648; x_wconf 74' lang='lat' dir='ltr'><strong>sexta;</strong></span> <span class='ocrx_word' id='word_1_132' title='bbox 1691 1586 1920 1658; x_wconf 76' lang='lat' dir='ltr'><strong>Goﬂridi</strong></span> <span class='ocrx_word' id='word_1_133' title='bbox 1972 1587 2173 1642; x_wconf 80' lang='lat' dir='ltr'><strong>Viterb.</strong></span> <span class='ocrx_word' id='word_1_134' title='bbox 2214 1581 2502 1658; x_wconf 61' lang='lat' dir='ltr'><strong>Chronic.</strong></span> <span class='ocrx_word' id='word_1_135' title='bbox 2524 1581 2678 1656; x_wconf 84' lang='lat' dir='ltr'><strong>parte</strong></span> <span class='ocrx_word' id='word_1_136' title='bbox 2706 1595 2887 1653; x_wconf 73' lang='lat' dir='ltr'><strong>sexta,</strong></span> <span class='ocrx_word' id='word_1_137' title='bbox 2920 1587 3017 1639; x_wconf 88' lang='lat' dir='ltr'><strong>ubi</strong></span> <span class='ocrx_word' id='word_1_138' title='bbox 3045 1584 3109 1639; x_wconf 84' lang='lat' dir='ltr'><strong>de</strong></span> <span class='ocrx_word' id='word_1_139' title='bbox 3134 1585 3359 1658; x_wconf 67' lang='lat' dir='ltr'><strong>Iuliano</strong></span> <span class='ocrx_word' id='word_1_140' title='bbox 3392 1582 3558 1637; x_wconf 82' lang='lat' dir='ltr'><strong>verba</strong></span> <span class='ocrx_word' id='word_1_141' title='bbox 3586 1584 3675 1658; x_wconf 68' lang='lat' dir='ltr'><strong>fa-</strong></span> 
     </span>
    </p>
   </div>
   <div class='ocr_carea' id='block_1_18' title="bbox 258 1653 3675 1727">
    <p class='ocr_par' dir='ltr' id='par_1_18' title="bbox 258 1653 3675 1727">
     <span class='ocr_line' id='line_1_18' title="bbox 258 1653 3675 1727; baseline 0.001 -22"><span class='ocrx_word' id='word_1_142' title='bbox 258 1654 559 1727; x_wconf 21' lang='lat' dir='ltr'><strong>cit_;APetri</strong></span> <span class='ocrx_word' id='word_1_143' title='bbox 586 1654 652 1709; x_wconf 87' lang='lat' dir='ltr'><strong>de</strong></span> <span class='ocrx_word' id='word_1_144' title='bbox 681 1655 979 1727; x_wconf 64' lang='lat' dir='ltr'><strong>Natalibus</strong></span> <span class='ocrx_word' id='word_1_145' title='bbox 1012 1657 1069 1727; x_wconf 84' lang='lat' dir='ltr'><strong>in</strong></span> <span class='ocrx_word' id='word_1_146' title='bbox 1101 1655 1365 1727; x_wconf 85' lang='lat' dir='ltr'><strong>catalogo</strong></span> <span class='ocrx_word' id='word_1_147' title='bbox 1396 1653 1884 1714; x_wconf 40' lang='lat' dir='ltr'><strong>sanctorumfﬁb.</strong></span> <span class='ocrx_word' id='word_1_148' title='bbox 1920 1675 1982 1725; x_wconf 77' lang='grc' dir='ltr'><strong>ιι,</strong></span> <span class='ocrx_word' id='word_1_149' title='bbox 2015 1675 2133 1726; x_wconf 85' lang='lat' dir='ltr'><strong>cap.</strong></span> <span class='ocrx_word' id='word_1_150' title='bbox 2166 1657 2271 1719; x_wconf 83' lang='lat'><strong>69;</strong></span> <span class='ocrx_word' id='word_1_151' title='bbox 2295 1659 2449 1712; x_wconf 84' lang='lat' dir='ltr'><strong>Petri</strong></span> <span class='ocrx_word' id='word_1_152' title='bbox 2474 1653 2697 1723; x_wconf 74' lang='lat' dir='ltr'><strong>criniti,</strong></span> <span class='ocrx_word' id='word_1_153' title='bbox 2734 1658 2830 1711; x_wconf 85' lang='lat' dir='ltr'><strong>lib.</strong></span> <span class='ocrx_word' id='word_1_154' title='bbox 2864 1674 2965 1719; x_wconf 83' lang='lat' dir='ltr'><strong>vn,</strong></span> <span class='ocrx_word' id='word_1_155' title='bbox 2992 1672 3111 1727; x_wconf 82' lang='lat' dir='ltr'><strong>cap.</strong></span> <span class='ocrx_word' id='word_1_156' title='bbox 3150 1657 3199 1721; x_wconf 84' lang='grc'><strong>1,</strong></span> <span class='ocrx_word' id='word_1_157' title='bbox 3230 1654 3565 1727; x_wconf 83' lang='lat' dir='ltr'><strong>Dehonest.</strong></span> <span class='ocrx_word' id='word_1_158' title='bbox 3594 1653 3675 1727; x_wconf 62' lang='lat' dir='ltr'><strong>dif</strong></span> 
     </span>
    </p>
   </div>
   <div class='ocr_carea' id='block_1_19' title="bbox 260 1720 3675 1796">
    <p class='ocr_par' dir='ltr' id='par_1_19' title="bbox 260 1720 3675 1796">
     <span class='ocr_line' id='line_1_19' title="bbox 260 1720 3675 1796; baseline 0.001 -19"><span class='ocrx_word' id='word_1_159' title='bbox 260 1724 421 1795; x_wconf 92' lang='lat' dir='ltr'><strong>scipl.</strong></span> <span class='ocrx_word' id='word_1_160' title='bbox 450 1741 465 1779; x_wconf 87' lang='lat'><strong>:</strong></span> <span class='ocrx_word' id='word_1_161' title='bbox 507 1727 797 1781; x_wconf 80' lang='lat' dir='ltr'><strong>Trithemzi</strong></span> <span class='ocrx_word' id='word_1_162' title='bbox 826 1726 906 1780; x_wconf 92' lang='lat' dir='ltr'><strong>De</strong></span> <span class='ocrx_word' id='word_1_163' title='bbox 937 1726 1203 1796; x_wconf 87' lang='lat' dir='ltr'><strong>scriptor.</strong></span> <span class='ocrx_word' id='word_1_164' title='bbox 1237 1720 1555 1783; x_wconf 61' lang='lat' dir='ltr'><strong>ecclesiast.</strong></span> <span class='ocrx_word' id='word_1_165' title='bbox 1583 1747 1595 1795; x_wconf 93' lang='lat'>;</span> <span class='ocrx_word' id='word_1_166' title='bbox 1633 1730 1935 1795; x_wconf 83' lang='lat' dir='ltr'><strong>Mantuani,</strong></span> <span class='ocrx_word' id='word_1_167' title='bbox 1968 1720 2087 1784; x_wconf 45' lang='lat' dir='ltr'><strong>libf</strong></span> <span class='ocrx_word' id='word_1_168' title='bbox 2110 1745 2149 1792; x_wconf 84' lang='lat'><strong>1,</strong></span> <span class='ocrx_word' id='word_1_169' title='bbox 2183 1730 2325 1784; x_wconf 86' lang='lat' dir='ltr'><strong>Fast.</strong></span> <span class='ocrx_word' id='word_1_170' title='bbox 2360 1728 2621 1783; x_wconf 85' lang='lat' dir='ltr'><strong>Sabellici</strong></span> <span class='ocrx_word' id='word_1_171' title='bbox 2652 1720 2918 1783; x_wconf 79' lang='lat' dir='ltr'><strong>Enneade</strong></span> <span class='ocrx_word' id='word_1_172' title='bbox 2948 1729 3000 1792; x_wconf 92' lang='lat'><strong>7,</strong></span> <span class='ocrx_word' id='word_1_173' title='bbox 3037 1720 3130 1781; x_wconf 79' lang='lat' dir='ltr'><strong>lib.</strong></span> <span class='ocrx_word' id='word_1_174' title='bbox 3176 1720 3250 1781; x_wconf 83' lang='lat' dir='ltr'><strong>1x.</strong></span> <span class='ocrx_word' id='word_1_175' title='bbox 3301 1725 3404 1780; x_wconf 86' lang='lat' dir='ltr'><strong>Sed</strong></span> <span class='ocrx_word' id='word_1_176' title='bbox 3452 1726 3583 1795; x_wconf 85' lang='lat' dir='ltr'><strong>quia</strong></span> <span class='ocrx_word' id='word_1_177' title='bbox 3613 1720 3675 1779; x_wconf 79' lang='grc' dir='ltr'><strong>Ιιὶ</strong></span> 
     </span>
    </p>
   </div>
   <div class='ocr_carea' id='block_1_20' title="bbox 258 1796 3673 1872">
    <p class='ocr_par' dir='ltr' id='par_1_20' title="bbox 258 1796 3673 1872">
     <span class='ocr_line' id='line_1_20' title="bbox 258 1796 3673 1872; baseline 0 -24"><span class='ocrx_word' id='word_1_178' title='bbox 258 1809 440 1872; x_wconf 64' lang='lat' dir='ltr'><strong>omnes</strong></span> <span class='ocrx_word' id='word_1_179' title='bbox 460 1812 577 1851; x_wconf 84' lang='lat' dir='ltr'><strong>non</strong></span> <span class='ocrx_word' id='word_1_180' title='bbox 598 1796 824 1872; x_wconf 76' lang='lat' dir='ltr'><strong>aliunde</strong></span> <span class='ocrx_word' id='word_1_181' title='bbox 849 1798 1078 1872; x_wconf 82' lang='lat' dir='ltr'><strong>haurire</strong></span> <span class='ocrx_word' id='word_1_182' title='bbox 1104 1806 1422 1872; x_wconf 83' lang='lat' dir='ltr'><strong>potuerunt,</strong></span> <span class='ocrx_word' id='word_1_183' title='bbox 1456 1816 1617 1870; x_wconf 87' lang='lat' dir='ltr'><strong>quam</strong></span> <span class='ocrx_word' id='word_1_184' title='bbox 1645 1816 1714 1854; x_wconf 76' lang='lat' dir='ltr'><strong>ea:</strong></span> <span class='ocrx_word' id='word_1_185' title='bbox 1742 1802 1825 1855; x_wconf 87' lang='lat' dir='ltr'><strong>his</strong></span> <span class='ocrx_word' id='word_1_186' title='bbox 1873 1816 2002 1872; x_wconf 86' lang='lat' dir='ltr'><strong>quos</strong></span> <span class='ocrx_word' id='word_1_187' title='bbox 2049 1817 2217 1869; x_wconf 82' lang='lat' dir='ltr'><strong>supra</strong></span> <span class='ocrx_word' id='word_1_188' title='bbox 2267 1801 2578 1869; x_wconf 84' lang='lat' dir='ltr'><strong>citavimus,</strong></span> <span class='ocrx_word' id='word_1_189' title='bbox 2609 1798 2773 1853; x_wconf 81' lang='lat' dir='ltr'><strong>nulla</strong></span> <span class='ocrx_word' id='word_1_190' title='bbox 2819 1798 2962 1852; x_wconf 84' lang='lat' dir='ltr'><strong>mihi</strong></span> <span class='ocrx_word' id='word_1_191' title='bbox 3007 1814 3174 1852; x_wconf 87' lang='lat' dir='ltr'><strong>causa</strong></span> <span class='ocrx_word' id='word_1_192' title='bbox 3203 1797 3321 1851; x_wconf 84' lang='lat' dir='ltr'><strong>visa</strong></span> <span class='ocrx_word' id='word_1_193' title='bbox 3352 1799 3673 1872; x_wconf 73' lang='lat' dir='ltr'><strong>est,__qugm-</strong></span> 
     </span>
    </p>
   </div>
   <div class='ocr_carea' id='block_1_21' title="bbox 258 1866 3674 1942">
    <p class='ocr_par' dir='ltr' id='par_1_21' title="bbox 258 1866 3674 1942">
     <span class='ocr_line' id='line_1_21' title="bbox 258 1866 3674 1942; baseline 0 -22"><span class='ocrx_word' id='word_1_194' title='bbox 258 1868 437 1942; x_wconf 71' lang='lat' dir='ltr'><strong>qbrem</strong></span> <span class='ocrx_word' id='word_1_195' title='bbox 471 1868 719 1942; x_wconf 82' lang='lat' dir='ltr'><strong>eamdem</strong></span> <span class='ocrx_word' id='word_1_196' title='bbox 748 1871 1007 1942; x_wconf 82' lang='lat' dir='ltr'><strong>cramben</strong></span> <span class='ocrx_word' id='word_1_197' title='bbox 1038 1866 1200 1942; x_wconf 80' lang='lat' dir='ltr'><strong>toties</strong></span> <span class='ocrx_word' id='word_1_198' title='bbox 1230 1872 1335 1924; x_wconf 81' lang='lat' dir='ltr'><strong>tibi</strong></span> <span class='ocrx_word' id='word_1_199' title='bbox 1363 1866 1723 1925; x_wconf 79' lang='lat' dir='ltr'><strong>obtruderem.</strong></span> <span class='ocrx_word' id='word_1_200' title='bbox 1759 1866 1935 1939; x_wconf 75' lang='lat' dir='ltr'><strong>Quare</strong></span> <span class='ocrx_word' id='word_1_201' title='bbox 1966 1872 2054 1926; x_wconf 81' lang='lat' dir='ltr'><strong>hic</strong></span> <span class='ocrx_word' id='word_1_202' title='bbox 2081 1866 2247 1941; x_wconf 78' lang='lat' dir='ltr'><strong>ﬁnem</strong></span> <span class='ocrx_word' id='word_1_203' title='bbox 2277 1866 2574 1942; x_wconf 82' lang='lat' dir='ltr'><strong>imponam,</strong></span> <span class='ocrx_word' id='word_1_204' title='bbox 2606 1887 2717 1924; x_wconf 89' lang='lat' dir='ltr'><strong>non</strong></span> <span class='ocrx_word' id='word_1_205' title='bbox 2762 1875 2947 1925; x_wconf 88' lang='lat' dir='ltr'><strong>tamen</strong></span> <span class='ocrx_word' id='word_1_206' title='bbox 2990 1876 3123 1942; x_wconf 85' lang='lat' dir='ltr'><strong>ante</strong></span> <span class='ocrx_word' id='word_1_207' title='bbox 3151 1885 3313 1939; x_wconf 86' lang='lat' dir='ltr'><strong>quam</strong></span> <span class='ocrx_word' id='word_1_208' title='bbox 3345 1866 3674 1942; x_wconf 72' lang='lat' dir='ltr'><strong>PselliCyri</strong></span> 
     </span>
    </p>
   </div>
   <div class='ocr_carea' id='block_1_22' title="bbox 259 1937 3671 2013">
    <p class='ocr_par' dir='ltr' id='par_1_22' title="bbox 259 1937 3671 2013">
     <span class='ocr_line' id='line_1_22' title="bbox 259 1937 3671 2013; baseline 0 -20"><span class='ocrx_word' id='word_1_209' title='bbox 259 1937 427 2013; x_wconf 50' lang='grc' dir='ltr'><strong>(ἑνδεσί</strong></span> <span class='ocrx_word' id='word_1_210' title='bbox 457 1941 747 2013; x_wconf 71' lang='lat' dir='ltr'><strong>scriptoris</strong></span> <span class='ocrx_word' id='word_1_211' title='bbox 777 1941 1121 2013; x_wconf 77' lang='lat' dir='ltr'><strong>epigramma</strong></span> <span class='ocrx_word' id='word_1_212' title='bbox 1150 1941 1213 1996; x_wconf 86' lang='lat' dir='ltr'><strong>de</strong></span> <span class='ocrx_word' id='word_1_213' title='bbox 1244 1942 1588 1997; x_wconf 62' lang='lat' dir='ltr'><strong>Nazianzeno</strong></span> <span class='ocrx_word' id='word_1_214' title='bbox 1612 1937 1798 1998; x_wconf 74' lang='lat' dir='ltr'><strong>nostro</strong></span> <span class='ocrx_word' id='word_1_215' title='bbox 1833 1944 2028 1998; x_wconf 80' lang='lat' dir='ltr'><strong>Latine</strong></span> <span class='ocrx_word' id='word_1_216' title='bbox 2072 1937 2364 2013; x_wconf 79' lang='lat' dir='ltr'><strong>utcunque</strong></span> <span class='ocrx_word' id='word_1_217' title='bbox 2381 1942 2693 2009; x_wconf 81' lang='lat' dir='ltr'><strong>reddidero,</strong></span> <span class='ocrx_word' id='word_1_218' title='bbox 2726 1958 2789 1995; x_wconf 87' lang='lat' dir='ltr'><strong>ac</strong></span> <span class='ocrx_word' id='word_1_219' title='bbox 2817 1941 3095 1996; x_wconf 85' lang='lat' dir='ltr'><strong>coronidis</strong></span> <span class='ocrx_word' id='word_1_220' title='bbox 3127 1937 3259 2010; x_wconf 80' lang='lat' dir='ltr'><strong>vice,</strong></span> <span class='ocrx_word' id='word_1_221' title='bbox 3291 1940 3485 2011; x_wconf 86' lang='lat' dir='ltr'><strong>magni</strong></span> <span class='ocrx_word' id='word_1_222' title='bbox 3516 1937 3671 1994; x_wconf 82' lang='lat' dir='ltr'><strong>illius</strong></span> 
     </span>
    </p>
   </div>
   <div class='ocr_carea' id='block_1_23' title="bbox 257 2009 1429 2083">
    <p class='ocr_par' dir='ltr' id='par_1_23' title="bbox 257 2009 1429 2083">
     <span class='ocr_line' id='line_1_23' title="bbox 257 2009 1429 2083; baseline 0.007 -22"><span class='ocrx_word' id='word_1_223' title='bbox 257 2009 476 2065; x_wconf 82' lang='lat' dir='ltr'><strong>Erasmi</strong></span> <span class='ocrx_word' id='word_1_224' title='bbox 504 2010 573 2066; x_wconf 90' lang='lat' dir='ltr'><strong>de</strong></span> <span class='ocrx_word' id='word_1_225' title='bbox 601 2012 792 2067; x_wconf 85' lang='lat' dir='ltr'><strong>eodem</strong></span> <span class='ocrx_word' id='word_1_226' title='bbox 816 2011 1081 2081; x_wconf 80' lang='lat' dir='ltr'><strong>iudicium</strong></span> <span class='ocrx_word' id='word_1_227' title='bbox 1116 2029 1429 2083; x_wconf 86' lang='lat' dir='ltr'><strong>apposuero.</strong></span> 
     </span>
    </p>
   </div>
   <div class='ocr_carea' id='block_1_24' title="bbox 1524 2236 2407 2301">
    <p class='ocr_par' dir='ltr' id='par_1_24' title="bbox 1524 2236 2407 2301">
     <span class='ocr_line' id='line_1_24' title="bbox 1524 2236 2407 2301; baseline -0.001 -2"><span class='ocrx_word' id='word_1_228' title='bbox 1524 2238 1834 2301; x_wconf 85' lang='lat' dir='ltr'><em>PSELLI</em></span> <span class='ocrx_word' id='word_1_229' title='bbox 1870 2236 2407 2301; x_wconf 81' lang='lat' dir='ltr'><strong>EPIGRAMMA.</strong></span> 
     </span>
    </p>
   </div>
   <div class='ocr_carea' id='block_1_25' title="bbox 1940 2350 3506 2422">
    <p class='ocr_par' dir='ltr' id='par_1_25' title="bbox 1940 2350 3506 2422">
     <span class='ocr_line' id='line_1_25' title="bbox 1940 2350 3506 2422; baseline -0.003 -12"><span class='ocrx_word' id='word_1_230' title='bbox 1940 2356 1988 2420; x_wconf 92' lang='grc' dir='ltr'><strong>Β</strong></span> <span class='ocrx_word' id='word_1_231' title='bbox 2018 2353 2373 2410; x_wconf 79' lang='lat' dir='ltr'><strong>Christicolae</strong></span> <span class='ocrx_word' id='word_1_232' title='bbox 2394 2353 2663 2408; x_wconf 84' lang='lat' dir='ltr'><strong>columen</strong></span> <span class='ocrx_word' id='word_1_233' title='bbox 2698 2353 2969 2408; x_wconf 89' lang='lat' dir='ltr'><strong>defensor</strong></span> <span class='ocrx_word' id='word_1_234' title='bbox 3000 2351 3250 2407; x_wconf 81' lang='lat' dir='ltr'><strong>maxime</strong></span> <span class='ocrx_word' id='word_1_235' title='bbox 3280 2350 3506 2422; x_wconf 88' lang='lat' dir='ltr'><strong>gentis;</strong></span> 
     </span>
    </p>
   </div>
   <div class='ocr_carea' id='block_1_26' title="bbox 2084 2441 3363 2499">
    <p class='ocr_par' dir='ltr' id='par_1_26' title="bbox 2084 2441 3363 2499">
     <span class='ocr_line' id='line_1_26' title="bbox 2084 2441 3363 2499; baseline 0 -2"><span class='ocrx_word' id='word_1_236' title='bbox 2084 2448 2385 2499; x_wconf 89' lang='lat' dir='ltr'><strong>Stentoreo</strong></span> <span class='ocrx_word' id='word_1_237' title='bbox 2418 2442 2649 2498; x_wconf 91' lang='lat' dir='ltr'><strong>Triadis</strong></span> <span class='ocrx_word' id='word_1_238' title='bbox 2681 2459 2897 2497; x_wconf 89' lang='lat' dir='ltr'><strong>numen</strong></span> <span class='ocrx_word' id='word_1_239' title='bbox 2932 2442 2990 2496; x_wconf 94' lang='lat' dir='ltr'><strong>in</strong></span> <span class='ocrx_word' id='word_1_240' title='bbox 3023 2457 3120 2496; x_wconf 89' lang='lat' dir='ltr'><strong>ore</strong></span> <span class='ocrx_word' id='word_1_241' title='bbox 3152 2441 3363 2497; x_wconf 88' lang='lat' dir='ltr'><strong>ferens.</strong></span> 
     </span>
    </p>
   </div>
   <div class='ocr_carea' id='block_1_27' title="bbox 261 2350 1616 2423">
    <p class='ocr_par' dir='ltr' id='par_1_27' title="bbox 261 2350 1616 2423">
     <span class='ocr_line' id='line_1_27' title="bbox 261 2350 1616 2423; baseline 0.004 -19"><span class='ocrx_word' id='word_1_242' title='bbox 261 2350 471 2407; x_wconf 86' lang='lat' dir='ltr'><strong>Divine</strong></span> <span class='ocrx_word' id='word_1_243' title='bbox 508 2350 731 2423; x_wconf 85' lang='lat' dir='ltr'><strong>sophie</strong></span> <span class='ocrx_word' id='word_1_244' title='bbox 764 2352 941 2407; x_wconf 85' lang='lat' dir='ltr'><strong>decus</strong></span> <span class='ocrx_word' id='word_1_245' title='bbox 972 2351 1302 2409; x_wconf 79' lang='lat' dir='ltr'><strong>immortale</strong></span> <span class='ocrx_word' id='word_1_246' title='bbox 1333 2370 1616 2410; x_wconf 89' lang='lat' dir='ltr'><strong>canamus</strong></span> 
     </span>
    </p>
   </div>
   <div class='ocr_carea' id='block_1_28' title="bbox 324 2440 1650 2513">
    <p class='ocr_par' dir='ltr' id='par_1_28' title="bbox 324 2440 1650 2513">
     <span class='ocr_line' id='line_1_28' title="bbox 324 2440 1650 2513; baseline 0.002 -18"><span class='ocrx_word' id='word_1_247' title='bbox 324 2440 697 2513; x_wconf 86' lang='lat' dir='ltr'><strong>Gregorium,</strong></span> <span class='ocrx_word' id='word_1_248' title='bbox 730 2440 914 2512; x_wconf 88' lang='lat' dir='ltr'><strong>viguit</strong></span> <span class='ocrx_word' id='word_1_249' title='bbox 944 2457 1057 2513; x_wconf 90' lang='lat' dir='ltr'><strong>quo</strong></span> <span class='ocrx_word' id='word_1_250' title='bbox 1090 2458 1237 2496; x_wconf 87' lang='lat' dir='ltr'><strong>nova</strong></span> <span class='ocrx_word' id='word_1_251' title='bbox 1274 2447 1457 2498; x_wconf 84' lang='lat' dir='ltr'><strong>Roma</strong></span> <span class='ocrx_word' id='word_1_252' title='bbox 1486 2444 1650 2498; x_wconf 90' lang='lat' dir='ltr'><strong>duce.</strong></span> 
     </span>
    </p>
   </div>
   <div class='ocr_carea' id='block_1_29' title="bbox 258 2526 1734 2602">
    <p class='ocr_par' dir='ltr' id='par_1_29' title="bbox 258 2526 1734 2602">
     <span class='ocr_line' id='line_1_29' title="bbox 258 2526 1734 2602; baseline 0.005 -22"><span class='ocrx_word' id='word_1_253' title='bbox 258 2526 497 2585; x_wconf 81' lang='lat' dir='ltr'><strong>Viribus</strong></span> <span class='ocrx_word' id='word_1_254' title='bbox 530 2528 747 2600; x_wconf 90' lang='lat' dir='ltr'><strong>eloquii</strong></span> <span class='ocrx_word' id='word_1_255' title='bbox 779 2528 982 2599; x_wconf 90' lang='lat' dir='ltr'><strong>valuit,</strong></span> <span class='ocrx_word' id='word_1_256' title='bbox 1010 2529 1339 2602; x_wconf 85' lang='lat' dir='ltr'><strong>lingueque</strong></span> <span class='ocrx_word' id='word_1_257' title='bbox 1369 2532 1633 2587; x_wconf 80' lang='lat' dir='ltr'><strong>disertae:</strong></span> <span class='ocrx_word' id='word_1_258' title='bbox 1728 2532 1734 2539; x_wconf 84' lang='grc'><strong>’</strong></span> 
     </span>
    </p>
   </div>
   <div class='ocr_carea' id='block_1_30' title="bbox 323 2617 1455 2690">
    <p class='ocr_par' dir='ltr' id='par_1_30' title="bbox 323 2617 1455 2690">
     <span class='ocr_line' id='line_1_30' title="bbox 323 2617 1455 2690; baseline 0.003 -18"><span class='ocrx_word' id='word_1_259' title='bbox 323 2617 639 2673; x_wconf 84' lang='lat' dir='ltr'><strong>Mellifluos</strong></span> <span class='ocrx_word' id='word_1_260' title='bbox 669 2618 825 2672; x_wconf 91' lang='lat' dir='ltr'><strong>dulci</strong></span> <span class='ocrx_word' id='word_1_261' title='bbox 858 2619 1101 2690; x_wconf 90' lang='lat' dir='ltr'><strong>protulit</strong></span> <span class='ocrx_word' id='word_1_262' title='bbox 1132 2636 1231 2675; x_wconf 91' lang='lat' dir='ltr'><strong>ore</strong></span> <span class='ocrx_word' id='word_1_263' title='bbox 1261 2637 1455 2675; x_wconf 90' lang='lat' dir='ltr'><strong>sonos.</strong></span> 
     </span>
    </p>
   </div>
   <div class='ocr_carea' id='block_1_31' title="bbox 261 2705 1766 2780">
    <p class='ocr_par' dir='ltr' id='par_1_31' title="bbox 261 2705 1766 2780">
     <span class='ocr_line' id='line_1_31' title="bbox 261 2705 1766 2780; baseline 0.002 -20"><span class='ocrx_word' id='word_1_264' title='bbox 261 2705 513 2761; x_wconf 79' lang='lat' dir='ltr'><strong>Maxima</strong></span> <span class='ocrx_word' id='word_1_265' title='bbox 537 2706 668 2761; x_wconf 90' lang='lat' dir='ltr'><strong>laus</strong></span> <span class='ocrx_word' id='word_1_266' title='bbox 698 2706 757 2760; x_wconf 90' lang='lat' dir='ltr'><strong>in</strong></span> <span class='ocrx_word' id='word_1_267' title='bbox 784 2722 848 2761; x_wconf 92' lang='lat' dir='ltr'><strong>eo</strong></span> <span class='ocrx_word' id='word_1_268' title='bbox 881 2707 1156 2762; x_wconf 89' lang='lat' dir='ltr'><strong>doctrine</strong></span> <span class='ocrx_word' id='word_1_269' title='bbox 1188 2708 1494 2780; x_wconf 88' lang='lat' dir='ltr'><strong>utriusque</strong></span> <span class='ocrx_word' id='word_1_270' title='bbox 1520 2708 1766 2777; x_wconf 83' lang='lat' dir='ltr'><strong>refulsit,</strong></span> 
     </span>
    </p>
   </div>
   <div class='ocr_carea' id='block_1_32' title="bbox 323 2795 1597 2868">
    <p class='ocr_par' dir='ltr' id='par_1_32' title="bbox 323 2795 1597 2868">
     <span class='ocr_line' id='line_1_32' title="bbox 323 2795 1597 2868; baseline 0.002 -18"><span class='ocrx_word' id='word_1_271' title='bbox 323 2795 451 2851; x_wconf 90' lang='lat' dir='ltr'><strong>Sive</strong></span> <span class='ocrx_word' id='word_1_272' title='bbox 480 2796 726 2868; x_wconf 89' lang='lat' dir='ltr'><strong>profana</strong></span> <span class='ocrx_word' id='word_1_273' title='bbox 756 2795 900 2852; x_wconf 90' lang='lat' dir='ltr'><strong>velis</strong></span> <span class='ocrx_word' id='word_1_274' title='bbox 930 2797 1227 2868; x_wconf 87' lang='lat' dir='ltr'><strong>dogmata,</strong></span> <span class='ocrx_word' id='word_1_275' title='bbox 1263 2796 1380 2852; x_wconf 90' lang='lat' dir='ltr'><strong>sive</strong></span> <span class='ocrx_word' id='word_1_276' title='bbox 1414 2815 1597 2853; x_wconf 89' lang='lat' dir='ltr'><strong>sacra.</strong></span> 
     </span>
    </p>
   </div>
   <div class='ocr_carea' id='block_1_33' title="bbox 261 2884 1552 2957">
    <p class='ocr_par' dir='ltr' id='par_1_33' title="bbox 261 2884 1552 2957">
     <span class='ocr_line' id='line_1_33' title="bbox 261 2884 1552 2957; baseline 0.003 -20"><span class='ocrx_word' id='word_1_277' title='bbox 261 2884 303 2937; x_wconf 93' lang='grc' dir='ltr'><strong>Ο</strong></span> <span class='ocrx_word' id='word_1_278' title='bbox 331 2884 486 2940; x_wconf 90' lang='lat' dir='ltr'><strong>salve</strong></span> <span class='ocrx_word' id='word_1_279' title='bbox 519 2885 776 2956; x_wconf 89' lang='lat' dir='ltr'><strong>conjunx</strong></span> <span class='ocrx_word' id='word_1_280' title='bbox 805 2884 1148 2941; x_wconf 86' lang='lat' dir='ltr'><strong>charissime</strong></span> <span class='ocrx_word' id='word_1_281' title='bbox 1178 2886 1552 2957; x_wconf 88' lang='lat' dir='ltr'><strong>virginitatis,</strong></span> 
     </span>
    </p>
   </div>
   <div class='ocr_carea' id='block_1_34' title="bbox 329 2972 1767 3044">
    <p class='ocr_par' dir='ltr' id='par_1_34' title="bbox 329 2972 1767 3044">
     <span class='ocr_line' id='line_1_34' title="bbox 329 2972 1767 3044; baseline 0.001 -16"><span class='ocrx_word' id='word_1_282' title='bbox 329 2972 461 3036; x_wconf 83' lang='lat' dir='ltr'><strong>Que</strong></span> <span class='ocrx_word' id='word_1_283' title='bbox 490 2974 655 3044; x_wconf 88' lang='lat' dir='ltr'><strong>prius</strong></span> <span class='ocrx_word' id='word_1_284' title='bbox 680 2974 739 3028; x_wconf 90' lang='lat' dir='ltr'><strong>in</strong></span> <span class='ocrx_word' id='word_1_285' title='bbox 773 2991 1007 3029; x_wconf 91' lang='lat' dir='ltr'><strong>summo</strong></span> <span class='ocrx_word' id='word_1_286' title='bbox 1037 2975 1298 3041; x_wconf 86' lang='lat' dir='ltr'><strong>numine,</strong></span> <span class='ocrx_word' id='word_1_287' title='bbox 1333 2976 1540 3031; x_wconf 87' lang='lat' dir='ltr'><strong>deinde</strong></span> <span class='ocrx_word' id='word_1_288' title='bbox 1573 2976 1767 3032; x_wconf 89' lang='lat' dir='ltr'><strong>choris</strong></span> 
     </span>
    </p>
   </div>
   <div class='ocr_carea' id='block_1_35' title="bbox 268 3056 1897 3136">
    <p class='ocr_par' dir='ltr' id='par_1_35' title="bbox 268 3056 1897 3136">
     <span class='ocr_line' id='line_1_35' title="bbox 268 3056 1897 3136; baseline 0.004 -22"><span class='ocrx_word' id='word_1_289' title='bbox 268 3056 571 3133; x_wconf 83' lang='lat' dir='ltr'><strong>Angelicis,</strong></span> <span class='ocrx_word' id='word_1_290' title='bbox 604 3063 883 3135; x_wconf 85' lang='lat' dir='ltr'><strong>purisque</strong></span> <span class='ocrx_word' id='word_1_291' title='bbox 914 3063 1219 3119; x_wconf 88' lang='lat' dir='ltr'><strong>hominum</strong></span> <span class='ocrx_word' id='word_1_292' title='bbox 1253 3065 1651 3136; x_wconf 87' lang='lat' dir='ltr'><strong>complexibus</strong></span> <span class='ocrx_word' id='word_1_293' title='bbox 1684 3065 1897 3121; x_wconf 90' lang='lat' dir='ltr'><strong>heret:</strong></span> 
     </span>
    </p>
   </div>
   <div class='ocr_carea' id='block_1_36' title="bbox 328 3150 1463 3223">
    <p class='ocr_par' dir='ltr' id='par_1_36' title="bbox 328 3150 1463 3223">
     <span class='ocr_line' id='line_1_36' title="bbox 328 3150 1463 3223; baseline 0.004 -18"><span class='ocrx_word' id='word_1_294' title='bbox 328 3151 688 3223; x_wconf 87' lang='lat' dir='ltr'><strong>Assidueque</strong></span> <span class='ocrx_word' id='word_1_295' title='bbox 718 3156 886 3207; x_wconf 91' lang='lat' dir='ltr'><strong>tuum</strong></span> <span class='ocrx_word' id='word_1_296' title='bbox 918 3150 1048 3207; x_wconf 84' lang='lat' dir='ltr'><strong>leta</strong></span> <span class='ocrx_word' id='word_1_297' title='bbox 1074 3153 1265 3208; x_wconf 88' lang='lat' dir='ltr'><strong>cubile</strong></span> <span class='ocrx_word' id='word_1_298' title='bbox 1297 3154 1463 3209; x_wconf 90' lang='lat' dir='ltr'><strong>fovet.</strong></span> 
     </span>
    </p>
   </div>
   <div class='ocr_carea' id='block_1_37' title="bbox 2014 2530 3316 2601">
    <p class='ocr_par' dir='ltr' id='par_1_37' title="bbox 2014 2530 3316 2601">
     <span class='ocr_line' id='line_1_37' title="bbox 2014 2530 3316 2601; baseline 0 -16"><span class='ocrx_word' id='word_1_299' title='bbox 2014 2532 2305 2588; x_wconf 86' lang='lat' dir='ltr'><strong>Heretice</strong></span> <span class='ocrx_word' id='word_1_300' title='bbox 2338 2532 2493 2587; x_wconf 90' lang='lat' dir='ltr'><strong>salve</strong></span> <span class='ocrx_word' id='word_1_301' title='bbox 2526 2532 2735 2586; x_wconf 84' lang='lat' dir='ltr'><strong>manie</strong></span> <span class='ocrx_word' id='word_1_302' title='bbox 2764 2530 3092 2585; x_wconf 79' lang='lat' dir='ltr'><strong>certissima</strong></span> <span class='ocrx_word' id='word_1_303' title='bbox 3113 2530 3316 2601; x_wconf 88' lang='lat' dir='ltr'><strong>pestis,</strong></span> 
     </span>
    </p>
   </div>
   <div class='ocr_carea' id='block_1_38' title="bbox 2083 2617 3549 2691">
    <p class='ocr_par' dir='ltr' id='par_1_38' title="bbox 2083 2617 3549 2691">
     <span class='ocr_line' id='line_1_38' title="bbox 2083 2617 3549 2691; baseline -0.003 -15"><span class='ocrx_word' id='word_1_304' title='bbox 2083 2624 2206 2687; x_wconf 88' lang='lat' dir='ltr'><strong>Qua</strong></span> <span class='ocrx_word' id='word_1_305' title='bbox 2230 2621 2404 2676; x_wconf 88' lang='lat' dir='ltr'><strong>simul</strong></span> <span class='ocrx_word' id='word_1_306' title='bbox 2438 2620 2701 2691; x_wconf 84' lang='lat' dir='ltr'><strong>Oppressi</strong></span> <span class='ocrx_word' id='word_1_307' title='bbox 2737 2619 2889 2688; x_wconf 88' lang='lat' dir='ltr'><strong>Lybs</strong></span> <span class='ocrx_word' id='word_1_308' title='bbox 2921 2618 3277 2688; x_wconf 84' lang='lat' dir='ltr'><strong>Macedoque</strong></span> <span class='ocrx_word' id='word_1_309' title='bbox 3309 2617 3549 2672; x_wconf 87' lang='lat' dir='ltr'><strong>cadunt.</strong></span> 
     </span>
    </p>
   </div>
   <div class='ocr_carea' id='block_1_39' title="bbox 2012 2705 3665 2780">
    <p class='ocr_par' dir='ltr' id='par_1_39' title="bbox 2012 2705 3665 2780">
     <span class='ocr_line' id='line_1_39' title="bbox 2012 2705 3665 2780; baseline -0.002 -15"><span class='ocrx_word' id='word_1_310' title='bbox 2012 2711 2261 2780; x_wconf 69' lang='lat' dir='ltr'><strong>Quaeque</strong></span> <span class='ocrx_word' id='word_1_311' title='bbox 2282 2710 2481 2763; x_wconf 87' lang='lat' dir='ltr'><strong>Arium</strong></span> <span class='ocrx_word' id='word_1_312' title='bbox 2517 2707 2961 2779; x_wconf 82' lang='lat' dir='ltr'><strong>perirnis,cujus</strong></span> <span class='ocrx_word' id='word_1_313' title='bbox 2989 2706 3367 2762; x_wconf 89' lang='lat' dir='ltr'><strong>sanctissima</strong></span> <span class='ocrx_word' id='word_1_314' title='bbox 3398 2705 3665 2777; x_wconf 87' lang='lat' dir='ltr'><strong>primum</strong></span> 
     </span>
    </p>
   </div>
   <div class='ocr_carea' id='block_1_40' title="bbox 2082 2796 3663 2870">
    <p class='ocr_par' dir='ltr' id='par_1_40' title="bbox 2082 2796 3663 2870">
     <span class='ocr_line' id='line_1_40' title="bbox 2082 2796 3663 2870; baseline -0.003 -16"><span class='ocrx_word' id='word_1_315' title='bbox 2082 2799 2357 2855; x_wconf 87' lang='lat' dir='ltr'><strong>Horribili</strong></span> <span class='ocrx_word' id='word_1_316' title='bbox 2390 2816 2455 2853; x_wconf 90' lang='lat' dir='ltr'><strong>ac</strong></span> <span class='ocrx_word' id='word_1_317' title='bbox 2488 2799 2678 2870; x_wconf 80' lang='lat' dir='ltr'><strong>stygio</strong></span> <span class='ocrx_word' id='word_1_318' title='bbox 2712 2802 2868 2853; x_wconf 79' lang='lat' dir='ltr'><strong>secta</strong></span> <span class='ocrx_word' id='word_1_319' title='bbox 2899 2798 3091 2853; x_wconf 90' lang='lat' dir='ltr'><strong>furore</strong></span> <span class='ocrx_word' id='word_1_320' title='bbox 3121 2796 3309 2852; x_wconf 89' lang='lat' dir='ltr'><strong>Trias.</strong></span> <span class='ocrx_word' id='word_1_321' title='bbox 3549 2796 3663 2869; x_wconf 90' lang='lat' dir='ltr'><strong>[est</strong></span> 
     </span>
    </p>
   </div>
   <div class='ocr_carea' id='block_1_41' title="bbox 2012 2886 3375 2957">
    <p class='ocr_par' dir='ltr' id='par_1_41' title="bbox 2012 2886 3375 2957">
     <span class='ocr_line' id='line_1_41' title="bbox 2012 2886 3375 2957; baseline -0.003 -14"><span class='ocrx_word' id='word_1_322' title='bbox 2012 2887 2178 2944; x_wconf 89' lang='lat' dir='ltr'><strong>Salve</strong></span> <span class='ocrx_word' id='word_1_323' title='bbox 2209 2887 2484 2943; x_wconf 87' lang='lat' dir='ltr'><strong>doctrine</strong></span> <span class='ocrx_word' id='word_1_324' title='bbox 2516 2888 2804 2954; x_wconf 84' lang='lat' dir='ltr'><strong>Antistes,</strong></span> <span class='ocrx_word' id='word_1_325' title='bbox 2836 2890 3010 2957; x_wconf 90' lang='lat' dir='ltr'><strong>atque</strong></span> <span class='ocrx_word' id='word_1_326' title='bbox 3041 2886 3215 2940; x_wconf 88' lang='lat' dir='ltr'><strong>unica</strong></span> <span class='ocrx_word' id='word_1_327' title='bbox 3236 2901 3375 2940; x_wconf 91' lang='lat' dir='ltr'><strong>cura</strong></span> 
     </span>
    </p>
   </div>
   <div class='ocr_carea' id='block_1_42' title="bbox 2082 2974 3337 3046">
    <p class='ocr_par' dir='ltr' id='par_1_42' title="bbox 2082 2974 3337 3046">
     <span class='ocr_line' id='line_1_42' title="bbox 2082 2974 3337 3046; baseline -0.002 -17"><span class='ocrx_word' id='word_1_328' title='bbox 2082 2977 2398 3042; x_wconf 86' lang='lat' dir='ltr'><strong>Pieridum,</strong></span> <span class='ocrx_word' id='word_1_329' title='bbox 2424 2975 2639 3046; x_wconf 88' lang='lat' dir='ltr'><strong>eloquii</strong></span> <span class='ocrx_word' id='word_1_330' title='bbox 2670 2974 3104 3045; x_wconf 85' lang='lat' dir='ltr'><strong>rhetoricesque</strong></span> <span class='ocrx_word' id='word_1_331' title='bbox 3136 2974 3337 3028; x_wconf 91' lang='lat' dir='ltr'><strong>decus.</strong></span> 
     </span>
    </p>
   </div>
   <div class='ocr_carea' id='block_1_43' title="bbox 2011 3061 3409 3136">
    <p class='ocr_par' dir='ltr' id='par_1_43' title="bbox 2011 3061 3409 3136">
     <span class='ocr_line' id='line_1_43' title="bbox 2011 3061 3409 3136; baseline -0.002 -16"><span class='ocrx_word' id='word_1_332' title='bbox 2011 3065 2265 3121; x_wconf 88' lang='lat' dir='ltr'><strong>Saltator</strong></span> <span class='ocrx_word' id='word_1_333' title='bbox 2297 3064 2519 3136; x_wconf 88' lang='lat' dir='ltr'><strong>lugens,</strong></span> <span class='ocrx_word' id='word_1_334' title='bbox 2544 3064 2775 3119; x_wconf 87' lang='lat' dir='ltr'><strong>Triadis</strong></span> <span class='ocrx_word' id='word_1_335' title='bbox 2797 3063 2896 3135; x_wconf 91' lang='lat' dir='ltr'><strong>qui</strong></span> <span class='ocrx_word' id='word_1_336' title='bbox 2930 3062 3170 3118; x_wconf 90' lang='lat' dir='ltr'><strong>numine</strong></span> <span class='ocrx_word' id='word_1_337' title='bbox 3200 3061 3409 3133; x_wconf 87' lang='lat' dir='ltr'><strong>plenus</strong></span> 
     </span>
    </p>
   </div>
   <div class='ocr_carea' id='block_1_44' title="bbox 2082 3149 3483 3225">
    <p class='ocr_par' dir='ltr' id='par_1_44' title="bbox 2082 3149 3483 3225">
     <span class='ocr_line' id='line_1_44' title="bbox 2082 3149 3483 3225; baseline -0.002 -17"><span class='ocrx_word' id='word_1_338' title='bbox 2082 3154 2237 3209; x_wconf 89' lang='lat' dir='ltr'><strong>Hanc</strong></span> <span class='ocrx_word' id='word_1_339' title='bbox 2267 3169 2497 3225; x_wconf 87' lang='lat' dir='ltr'><strong>quoque</strong></span> <span class='ocrx_word' id='word_1_340' title='bbox 2526 3151 2833 3223; x_wconf 86' lang='lat' dir='ltr'><strong>terrigenis</strong></span> <span class='ocrx_word' id='word_1_341' title='bbox 2866 3151 3142 3207; x_wconf 91' lang='lat' dir='ltr'><strong>omnibus</strong></span> <span class='ocrx_word' id='word_1_342' title='bbox 3171 3149 3483 3222; x_wconf 87' lang='lat' dir='ltr'><strong>eloqueris.</strong></span> 
     </span>
    </p>
   </div>
   <div class='ocr_carea' id='block_1_45' title="bbox 923 3400 1894 3466">
    <p class='ocr_par' dir='ltr' id='par_1_45' title="bbox 923 3401 1893 3466">
     <span class='ocr_line' id='line_1_45' title="bbox 923 3401 1893 3466; baseline 0.003 -4"><span class='ocrx_word' id='word_1_343' title='bbox 923 3401 1258 3463; x_wconf 79' lang='lat' dir='ltr'><em>ERASMI</em></span> <span class='ocrx_word' id='word_1_344' title='bbox 1299 3402 1422 3463; x_wconf 86' lang='lat' dir='ltr'><em>DE</em></span> <span class='ocrx_word' id='word_1_345' title='bbox 1469 3401 1893 3466; x_wconf 80' lang='lat' dir='ltr'><strong>GREGORIO</strong></span> 
     </span>
    </p>
   </div>
   <div class='ocr_carea' id='block_1_46' title="bbox 2010 3400 2985 3466">
    <p class='ocr_par' dir='ltr' id='par_1_46' title="bbox 2010 3400 2985 3464">
     <span class='ocr_line' id='line_1_46' title="bbox 2010 3400 2985 3464; baseline -0.004 0"><span class='ocrx_word' id='word_1_346' title='bbox 2010 3400 2518 3464; x_wconf 78' lang='grc' dir='ltr'><strong>ΑΖΙΑΝΖΕΝΟ</strong></span> <span class='ocrx_word' id='word_1_347' title='bbox 2557 3400 2985 3464; x_wconf 85' lang='lat' dir='ltr'><strong>JUDICIUM.</strong></span> 
     </span>
    </p>
   </div>
   <div class='ocr_carea' id='block_1_47' title="bbox 1094 3507 2813 3588">
    <p class='ocr_par' dir='ltr' id='par_1_47' title="bbox 1094 3507 2813 3588">
     <span class='ocr_line' id='line_1_47' title="bbox 1094 3507 2813 3588; baseline -0.001 -20"><span class='ocrx_word' id='word_1_348' title='bbox 1094 3507 1293 3587; x_wconf 83' lang='lat' dir='ltr'><strong>Epist.</strong></span> <span class='ocrx_word' id='word_1_349' title='bbox 1322 3508 1586 3588; x_wconf 69' lang='lat' dir='ltr'><strong>praeﬁxa</strong></span> <span class='ocrx_word' id='word_1_350' title='bbox 1616 3508 1758 3569; x_wconf 86' lang='lat' dir='ltr'><strong>edit.</strong></span> <span class='ocrx_word' id='word_1_351' title='bbox 1797 3508 2047 3571; x_wconf 86' lang='lat' dir='ltr'><strong>Claudii</strong></span> <span class='ocrx_word' id='word_1_352' title='bbox 2074 3507 2469 3581; x_wconf 81' lang='lat' dir='ltr'><strong>Chevallonii,</strong></span> <span class='ocrx_word' id='word_1_353' title='bbox 2501 3527 2601 3568; x_wconf 88' lang='lat' dir='ltr'><strong>an.</strong></span> <span class='ocrx_word' id='word_1_354' title='bbox 2638 3509 2813 3568; x_wconf 78' lang='grc'><strong>1532.</strong></span> 
     </span>
    </p>
   </div>
   <div class='ocr_carea' id='block_1_48' title="bbox 320 3638 3658 3712">
    <p class='ocr_par' dir='ltr' id='par_1_48' title="bbox 320 3638 3658 3712">
     <span class='ocr_line' id='line_1_48' title="bbox 320 3638 3658 3712; baseline 0 -19"><span class='ocrx_word' id='word_1_355' title='bbox 320 3639 377 3693; x_wconf 90' lang='lat' dir='ltr'><strong>In</strong></span> <span class='ocrx_word' id='word_1_356' title='bbox 410 3638 693 3710; x_wconf 87' lang='lat' dir='ltr'><strong>Gregorio</strong></span> <span class='ocrx_word' id='word_1_357' title='bbox 741 3639 1096 3695; x_wconf 80' lang='lat' dir='ltr'><strong>Nazianzeno</strong></span> <span class='ocrx_word' id='word_1_358' title='bbox 1140 3640 1326 3711; x_wconf 87' lang='lat' dir='ltr'><strong>pietas</strong></span> <span class='ocrx_word' id='word_1_359' title='bbox 1369 3643 1792 3711; x_wconf 89' lang='lat' dir='ltr'><strong>propemodum</strong></span> <span class='ocrx_word' id='word_1_360' title='bbox 1823 3660 1891 3698; x_wconf 90' lang='lat' dir='ltr'><strong>ex</strong></span> <span class='ocrx_word' id='word_1_361' title='bbox 1928 3644 1969 3709; x_wconf 84' lang='lat' dir='ltr'>C</span> <span class='ocrx_word' id='word_1_362' title='bbox 2012 3642 2288 3709; x_wconf 89' lang='lat' dir='ltr'><strong>modavit,</strong></span> <span class='ocrx_word' id='word_1_363' title='bbox 2322 3657 2506 3712; x_wconf 89' lang='lat' dir='ltr'><strong>eoque</strong></span> <span class='ocrx_word' id='word_1_364' title='bbox 2537 3640 2721 3695; x_wconf 87' lang='lat' dir='ltr'><strong>fusior</strong></span> <span class='ocrx_word' id='word_1_365' title='bbox 2752 3642 2861 3702; x_wconf 90' lang='lat' dir='ltr'><strong>est,</strong></span> <span class='ocrx_word' id='word_1_366' title='bbox 2902 3656 2966 3694; x_wconf 82' lang='lat' dir='ltr'><strong>ac</strong></span> <span class='ocrx_word' id='word_1_367' title='bbox 3009 3638 3363 3711; x_wconf 90' lang='lat' dir='ltr'><strong>simplicior;</strong></span> <span class='ocrx_word' id='word_1_368' title='bbox 3398 3644 3454 3694; x_wconf 92' lang='lat' dir='ltr'><strong>et</strong></span> <span class='ocrx_word' id='word_1_369' title='bbox 3485 3639 3542 3694; x_wconf 89' lang='lat' dir='ltr'><strong>in</strong></span> <span class='ocrx_word' id='word_1_370' title='bbox 3572 3639 3658 3695; x_wconf 89' lang='lat' dir='ltr'><strong>lo-</strong></span> 
     </span>
    </p>
   </div>
   <div class='ocr_carea' id='block_1_49' title="bbox 252 3730 1894 3801">
    <p class='ocr_par' dir='ltr' id='par_1_49' title="bbox 252 3730 1894 3801">
     <span class='ocr_line' id='line_1_49' title="bbox 252 3730 1894 3801; baseline 0.004 -22"><span class='ocrx_word' id='word_1_371' title='bbox 252 3742 415 3798; x_wconf 84' lang='lat' dir='ltr'><strong>equo</strong></span> <span class='ocrx_word' id='word_1_372' title='bbox 439 3731 623 3782; x_wconf 84' lang='lat' dir='ltr'><strong>certat</strong></span> <span class='ocrx_word' id='word_1_373' title='bbox 650 3744 781 3782; x_wconf 90' lang='lat' dir='ltr'><strong>cum</strong></span> <span class='ocrx_word' id='word_1_374' title='bbox 813 3730 1122 3796; x_wconf 84' lang='lat' dir='ltr'><strong>facundia;</strong></span> <span class='ocrx_word' id='word_1_375' title='bbox 1159 3731 1257 3785; x_wconf 91' lang='lat' dir='ltr'><strong>sed</strong></span> <span class='ocrx_word' id='word_1_376' title='bbox 1311 3735 1468 3784; x_wconf 82' lang='lat' dir='ltr'><strong>amat</strong></span> <span class='ocrx_word' id='word_1_377' title='bbox 1498 3730 1894 3801; x_wconf 80' lang='lat' dir='ltr'><strong>significantes</strong></span> 
     </span>
    </p>
   </div>
   <div class='ocr_carea' id='block_1_50' title="bbox 252 3814 1892 3889">
    <p class='ocr_par' dir='ltr' id='par_1_50' title="bbox 252 3814 1892 3889">
     <span class='ocr_line' id='line_1_50' title="bbox 252 3814 1892 3889; baseline 0.004 -23"><span class='ocrx_word' id='word_1_378' title='bbox 252 3815 686 3886; x_wconf 87' lang='lat' dir='ltr'><strong>argutias,quas</strong></span> <span class='ocrx_word' id='word_1_379' title='bbox 708 3831 774 3869; x_wconf 91' lang='lat' dir='ltr'><strong>eo</strong></span> <span class='ocrx_word' id='word_1_380' title='bbox 796 3814 1095 3870; x_wconf 83' lang='lat' dir='ltr'><strong>difﬁcilius</strong></span> <span class='ocrx_word' id='word_1_381' title='bbox 1118 3822 1206 3871; x_wconf 89' lang='lat' dir='ltr'><strong>est</strong></span> <span class='ocrx_word' id='word_1_382' title='bbox 1240 3816 1439 3871; x_wconf 89' lang='lat' dir='ltr'><strong>Latine</strong></span> <span class='ocrx_word' id='word_1_383' title='bbox 1472 3818 1892 3889; x_wconf 86' lang='lat' dir='ltr'><strong>reddere,quod</strong></span> 
     </span>
    </p>
   </div>
   <div class='ocr_carea' id='block_1_51' title="bbox 248 3900 1893 3977">
    <p class='ocr_par' dir='ltr' id='par_1_51' title="bbox 248 3900 1893 3977">
     <span class='ocr_line' id='line_1_51' title="bbox 248 3900 1893 3977; baseline 0.003 -21"><span class='ocrx_word' id='word_1_384' title='bbox 248 3900 532 3975; x_wconf 72' lang='lat' dir='ltr'><strong>pleraeque</strong></span> <span class='ocrx_word' id='word_1_385' title='bbox 571 3910 711 3958; x_wconf 89' lang='lat' dir='ltr'><strong>sunt</strong></span> <span class='ocrx_word' id='word_1_386' title='bbox 755 3904 810 3958; x_wconf 93' lang='lat' dir='ltr'><strong>in</strong></span> <span class='ocrx_word' id='word_1_387' title='bbox 854 3906 1048 3960; x_wconf 87' lang='lat' dir='ltr'><strong>verbis</strong></span> <span class='ocrx_word' id='word_1_388' title='bbox 1100 3906 1245 3959; x_wconf 82' lang='lat' dir='ltr'><strong>site.</strong></span> <span class='ocrx_word' id='word_1_389' title='bbox 1287 3905 1431 3959; x_wconf 92' lang='lat' dir='ltr'><strong>Tota</strong></span> <span class='ocrx_word' id='word_1_390' title='bbox 1480 3921 1611 3960; x_wconf 88' lang='lat' dir='ltr'><strong>vero</strong></span> <span class='ocrx_word' id='word_1_391' title='bbox 1663 3906 1893 3977; x_wconf 84' lang='lat' dir='ltr'><strong>phrasis</strong></span> 
     </span>
    </p>
   </div>
   <div class='ocr_carea' id='block_1_52' title="bbox 246 3990 1893 4050">
    <p class='ocr_par' dir='ltr' id='par_1_52' title="bbox 246 3990 1893 4050">
     <span class='ocr_line' id='line_1_52' title="bbox 246 3990 1893 4050; baseline 0.004 -7"><span class='ocrx_word' id='word_1_392' title='bbox 246 3990 509 4046; x_wconf 89' lang='lat' dir='ltr'><strong>nonnihil</strong></span> <span class='ocrx_word' id='word_1_393' title='bbox 544 3993 766 4048; x_wconf 87' lang='lat' dir='ltr'><strong>accedit</strong></span> <span class='ocrx_word' id='word_1_394' title='bbox 801 3994 870 4047; x_wconf 89' lang='lat' dir='ltr'><strong>ad</strong></span> <span class='ocrx_word' id='word_1_395' title='bbox 905 4000 1265 4049; x_wconf 89' lang='lat' dir='ltr'><strong>structuram</strong></span> <span class='ocrx_word' id='word_1_396' title='bbox 1308 3994 1703 4050; x_wconf 86' lang='lat' dir='ltr'><strong>Isocraticam.</strong></span> <span class='ocrx_word' id='word_1_397' title='bbox 1740 3996 1893 4050; x_wconf 81' lang='lat' dir='ltr'><strong>Adde</strong></span> 
     </span>
    </p>
   </div>
   <div class='ocr_carea' id='block_1_53' title="bbox 246 4080 1889 4153">
    <p class='ocr_par' dir='ltr' id='par_1_53' title="bbox 246 4080 1889 4153">
     <span class='ocr_line' id='line_1_53' title="bbox 246 4080 1889 4153; baseline 0.003 -20"><span class='ocrx_word' id='word_1_398' title='bbox 246 4082 391 4148; x_wconf 87' lang='lat' dir='ltr'><strong>quod</strong></span> <span class='ocrx_word' id='word_1_399' title='bbox 426 4080 500 4135; x_wconf 89' lang='lat' dir='ltr'><strong>de</strong></span> <span class='ocrx_word' id='word_1_400' title='bbox 529 4082 701 4137; x_wconf 87' lang='lat' dir='ltr'><strong>rebus</strong></span> <span class='ocrx_word' id='word_1_401' title='bbox 733 4082 966 4152; x_wconf 91' lang='lat' dir='ltr'><strong>divinis,</strong></span> <span class='ocrx_word' id='word_1_402' title='bbox 1000 4099 1127 4153; x_wconf 86' lang='lat' dir='ltr'><strong>que</strong></span> <span class='ocrx_word' id='word_1_403' title='bbox 1159 4082 1250 4137; x_wconf 91' lang='lat' dir='ltr'><strong>vix</strong></span> <span class='ocrx_word' id='word_1_404' title='bbox 1282 4082 1416 4137; x_wconf 91' lang='lat' dir='ltr'><strong>ullis</strong></span> <span class='ocrx_word' id='word_1_405' title='bbox 1454 4084 1640 4138; x_wconf 88' lang='lat' dir='ltr'><strong>verbis</strong></span> <span class='ocrx_word' id='word_1_406' title='bbox 1686 4085 1889 4138; x_wconf 90' lang='lat' dir='ltr'><strong>huma-</strong></span> 
     </span>
    </p>
   </div>
   <div class='ocr_carea' id='block_1_54' title="bbox 244 4168 1890 4244">
    <p class='ocr_par' dir='ltr' id='par_1_54' title="bbox 244 4168 1890 4244">
     <span class='ocr_line' id='line_1_54' title="bbox 244 4168 1890 4244; baseline 0.005 -25"><span class='ocrx_word' id='word_1_407' title='bbox 244 4168 327 4224; x_wconf 86' lang='lat' dir='ltr'><strong>nis</strong></span> <span class='ocrx_word' id='word_1_408' title='bbox 358 4169 640 4240; x_wconf 90' lang='lat' dir='ltr'><strong>explicari</strong></span> <span class='ocrx_word' id='word_1_409' title='bbox 671 4175 937 4242; x_wconf 90' lang='lat' dir='ltr'><strong>possunt,</strong></span> <span class='ocrx_word' id='word_1_410' title='bbox 970 4171 1222 4226; x_wconf 88' lang='lat' dir='ltr'><strong>libenter</strong></span> <span class='ocrx_word' id='word_1_411' title='bbox 1242 4189 1308 4227; x_wconf 86' lang='lat' dir='ltr'><strong>ac</strong></span> <span class='ocrx_word' id='word_1_412' title='bbox 1334 4172 1670 4244; x_wconf 88' lang='lat' dir='ltr'><strong>frequenter</strong></span> <span class='ocrx_word' id='word_1_413' title='bbox 1700 4173 1890 4243; x_wconf 91' lang='lat' dir='ltr'><strong>philo-</strong></span> 
     </span>
    </p>
   </div>
   <div class='ocr_carea' id='block_1_55' title="bbox 245 4260 1893 4333">
    <p class='ocr_par' dir='ltr' id='par_1_55' title="bbox 245 4260 1893 4333">
     <span class='ocr_line' id='line_1_55' title="bbox 245 4260 1893 4333; baseline 0.002 -21"><span class='ocrx_word' id='word_1_414' title='bbox 245 4260 541 4329; x_wconf 86' lang='lat' dir='ltr'><strong>sophatur.</strong></span> <span class='ocrx_word' id='word_1_415' title='bbox 588 4260 786 4315; x_wconf 89' lang='lat' dir='ltr'><strong>Frater</strong></span> <span class='ocrx_word' id='word_1_416' title='bbox 819 4260 1001 4331; x_wconf 86' lang='lat' dir='ltr'><strong>hujus</strong></span> <span class='ocrx_word' id='word_1_417' title='bbox 1059 4262 1311 4316; x_wconf 87' lang='lat' dir='ltr'><strong>Basilius</strong></span> <span class='ocrx_word' id='word_1_418' title='bbox 1360 4262 1523 4317; x_wconf 87' lang='lat' dir='ltr'><strong>suavi</strong></span> <span class='ocrx_word' id='word_1_419' title='bbox 1554 4263 1804 4333; x_wconf 89' lang='lat' dir='ltr'><strong>quodam</strong></span> <span class='ocrx_word' id='word_1_420' title='bbox 1837 4266 1893 4317; x_wconf 89' lang='lat' dir='ltr'><strong>et</strong></span> 
     </span>
    </p>
   </div>
   <div class='ocr_carea' id='block_1_56' title="bbox 248 4345 1892 4421">
    <p class='ocr_par' dir='ltr' id='par_1_56' title="bbox 248 4345 1892 4421">
     <span class='ocr_line' id='line_1_56' title="bbox 248 4345 1892 4421; baseline 0.004 -21"><span class='ocrx_word' id='word_1_421' title='bbox 248 4345 575 4403; x_wconf 81' lang='lat' dir='ltr'><strong>inaﬂ‘ectato</strong></span> <span class='ocrx_word' id='word_1_422' title='bbox 602 4348 876 4405; x_wconf 90' lang='lat' dir='ltr'><strong>dictionis</strong></span> <span class='ocrx_word' id='word_1_423' title='bbox 912 4350 1093 4415; x_wconf 86' lang='lat' dir='ltr'><strong>ﬂuxu,</strong></span> <span class='ocrx_word' id='word_1_424' title='bbox 1128 4356 1185 4405; x_wconf 91' lang='lat' dir='ltr'><strong>et</strong></span> <span class='ocrx_word' id='word_1_425' title='bbox 1210 4350 1506 4421; x_wconf 86' lang='lat' dir='ltr'><strong>pietatem,</strong></span> <span class='ocrx_word' id='word_1_426' title='bbox 1531 4357 1587 4406; x_wconf 90' lang='lat' dir='ltr'><strong>et</strong></span> <span class='ocrx_word' id='word_1_427' title='bbox 1616 4351 1892 4407; x_wconf 86' lang='lat' dir='ltr'><strong>eruditio-</strong></span> 
     </span>
    </p>
   </div>
   <div class='ocr_carea' id='block_1_57' title="bbox 246 4438 1890 4511">
    <p class='ocr_par' dir='ltr' id='par_1_57' title="bbox 246 4438 1890 4511">
     <span class='ocr_line' id='line_1_57' title="bbox 246 4438 1890 4511; baseline 0.004 -23"><span class='ocrx_word' id='word_1_428' title='bbox 246 4450 391 4506; x_wconf 85' lang='lat' dir='ltr'><strong>nem,</strong></span> <span class='ocrx_word' id='word_1_429' title='bbox 428 4442 485 4492; x_wconf 90' lang='lat' dir='ltr'><strong>et</strong></span> <span class='ocrx_word' id='word_1_430' title='bbox 518 4454 787 4506; x_wconf 88' lang='lat' dir='ltr'><strong>acumen,</strong></span> <span class='ocrx_word' id='word_1_431' title='bbox 820 4438 1009 4493; x_wconf 90' lang='lat' dir='ltr'><strong>sicubi</strong></span> <span class='ocrx_word' id='word_1_432' title='bbox 1042 4456 1134 4494; x_wconf 90' lang='lat' dir='ltr'><strong>res</strong></span> <span class='ocrx_word' id='word_1_433' title='bbox 1169 4439 1445 4510; x_wconf 85' lang='lat' dir='ltr'><strong>postulat,</strong></span> <span class='ocrx_word' id='word_1_434' title='bbox 1479 4444 1535 4494; x_wconf 90' lang='lat' dir='ltr'><strong>et</strong></span> <span class='ocrx_word' id='word_1_435' title='bbox 1564 4440 1890 4511; x_wconf 88' lang='lat' dir='ltr'><strong>perspicui-</strong></span> 
     </span>
    </p>
   </div>
   <div class='ocr_carea' id='block_1_58' title="bbox 248 4526 1889 4598">
    <p class='ocr_par' dir='ltr' id='par_1_58' title="bbox 248 4526 1889 4598">
     <span class='ocr_line' id='line_1_58' title="bbox 248 4526 1889 4598; baseline 0.004 -22"><span class='ocrx_word' id='word_1_436' title='bbox 248 4526 441 4592; x_wconf 85' lang='lat' dir='ltr'><strong>tatem,</strong></span> <span class='ocrx_word' id='word_1_437' title='bbox 470 4531 527 4581; x_wconf 87' lang='lat' dir='ltr'><strong>et</strong></span> <span class='ocrx_word' id='word_1_438' title='bbox 550 4526 1012 4597; x_wconf 87' lang='lat' dir='ltr'><strong>jucunditatem,</strong></span> <span class='ocrx_word' id='word_1_439' title='bbox 1038 4534 1092 4582; x_wconf 90' lang='lat' dir='ltr'><strong>et</strong></span> <span class='ocrx_word' id='word_1_440' title='bbox 1117 4528 1165 4582; x_wconf 88' lang='lat' dir='ltr'><strong>si</strong></span> <span class='ocrx_word' id='word_1_441' title='bbox 1198 4544 1373 4598; x_wconf 87' lang='lat' dir='ltr'><strong>quam</strong></span> <span class='ocrx_word' id='word_1_442' title='bbox 1407 4526 1583 4583; x_wconf 82' lang='lat' dir='ltr'><strong>aliam</strong></span> <span class='ocrx_word' id='word_1_443' title='bbox 1615 4529 1889 4583; x_wconf 88' lang='lat' dir='ltr'><strong>virtutem</strong></span> 
     </span>
    </p>
   </div>
   <div class='ocr_carea' id='block_1_59' title="bbox 249 4609 1889 4688">
    <p class='ocr_par' dir='ltr' id='par_1_59' title="bbox 249 4609 1889 4688">
     <span class='ocr_line' id='line_1_59' title="bbox 249 4609 1889 4688; baseline 0.004 -23"><span class='ocrx_word' id='word_1_444' title='bbox 249 4609 303 4666; x_wconf 89' lang='lat' dir='ltr'><strong>in</strong></span> <span class='ocrx_word' id='word_1_445' title='bbox 339 4620 567 4670; x_wconf 87' lang='lat' dir='ltr'><strong>oratore</strong></span> <span class='ocrx_word' id='word_1_446' title='bbox 594 4614 927 4671; x_wconf 88' lang='lat' dir='ltr'><strong>Christiano</strong></span> <span class='ocrx_word' id='word_1_447' title='bbox 958 4618 1278 4687; x_wconf 83' lang='lat' dir='ltr'><strong>quisquam</strong></span> <span class='ocrx_word' id='word_1_448' title='bbox 1320 4617 1653 4672; x_wconf 88' lang='lat' dir='ltr'><strong>desiderare</strong></span> <span class='ocrx_word' id='word_1_449' title='bbox 1686 4617 1889 4688; x_wconf 88' lang='lat' dir='ltr'><strong>possit,</strong></span> 
     </span>
    </p>
   </div>
   <div class='ocr_carea' id='block_1_60' title="bbox 248 4702 1888 4776">
    <p class='ocr_par' dir='ltr' id='par_1_60' title="bbox 248 4702 1888 4776">
     <span class='ocr_line' id='line_1_60' title="bbox 248 4702 1888 4776; baseline 0.004 -22"><span class='ocrx_word' id='word_1_450' title='bbox 248 4702 668 4774; x_wconf 86' lang='lat' dir='ltr'><strong>complectitur.</strong></span> <span class='ocrx_word' id='word_1_451' title='bbox 697 4704 953 4760; x_wconf 86' lang='lat' dir='ltr'><strong>Joannes</strong></span> <span class='ocrx_word' id='word_1_452' title='bbox 983 4704 1435 4776; x_wconf 81' lang='lat' dir='ltr'><strong>Chrysostomus</strong></span> <span class='ocrx_word' id='word_1_453' title='bbox 1466 4705 1663 4760; x_wconf 89' lang='lat' dir='ltr'><strong>Basilii</strong></span> <span class='ocrx_word' id='word_1_454' title='bbox 1686 4722 1888 4776; x_wconf 87' lang='lat' dir='ltr'><strong>quem-</strong></span> 
     </span>
    </p>
   </div>
   <div class='ocr_carea' id='block_1_61' title="bbox 248 4791 1889 4864">
    <p class='ocr_par' dir='ltr' id='par_1_61' title="bbox 248 4791 1889 4864">
     <span class='ocr_line' id='line_1_61' title="bbox 248 4791 1889 4864; baseline 0.003 -20"><span class='ocrx_word' id='word_1_455' title='bbox 248 4792 559 4847; x_wconf 86' lang='lat' dir='ltr'><strong>admodum</strong></span> <span class='ocrx_word' id='word_1_456' title='bbox 590 4792 648 4847; x_wconf 90' lang='lat' dir='ltr'><strong>in</strong></span> <span class='ocrx_word' id='word_1_457' title='bbox 681 4791 918 4859; x_wconf 90' lang='lat' dir='ltr'><strong>litteris,</strong></span> <span class='ocrx_word' id='word_1_458' title='bbox 949 4794 1032 4849; x_wconf 88' lang='lat' dir='ltr'><strong>sic</strong></span> <span class='ocrx_word' id='word_1_459' title='bbox 1064 4793 1241 4848; x_wconf 89' lang='lat' dir='ltr'><strong>etiam</strong></span> <span class='ocrx_word' id='word_1_460' title='bbox 1269 4793 1328 4848; x_wconf 93' lang='lat' dir='ltr'><strong>in</strong></span> <span class='ocrx_word' id='word_1_461' title='bbox 1380 4794 1738 4864; x_wconf 80' lang='lat' dir='ltr'><strong>professione</strong></span> <span class='ocrx_word' id='word_1_462' title='bbox 1763 4794 1889 4849; x_wconf 92' lang='lat' dir='ltr'><strong>sin-</strong></span> 
     </span>
    </p>
   </div>
   <div class='ocr_carea' id='block_1_62' title="bbox 247 4880 1885 4955">
    <p class='ocr_par' dir='ltr' id='par_1_62' title="bbox 247 4880 1885 4955">
     <span class='ocr_line' id='line_1_62' title="bbox 247 4880 1885 4955; baseline 0.003 -22"><span class='ocrx_word' id='word_1_463' title='bbox 247 4880 477 4936; x_wconf 89' lang='lat' dir='ltr'><strong>cerioris</strong></span> <span class='ocrx_word' id='word_1_464' title='bbox 507 4880 635 4936; x_wconf 86' lang='lat' dir='ltr'><strong>vite</strong></span> <span class='ocrx_word' id='word_1_465' title='bbox 668 4882 885 4948; x_wconf 89' lang='lat' dir='ltr'><strong>socius,</strong></span> <span class='ocrx_word' id='word_1_466' title='bbox 919 4888 1093 4955; x_wconf 88' lang='lat' dir='ltr'><strong>atque</strong></span> <span class='ocrx_word' id='word_1_467' title='bbox 1124 4888 1215 4950; x_wconf 92' lang='lat' dir='ltr'><strong>(ut</strong></span> <span class='ocrx_word' id='word_1_468' title='bbox 1242 4882 1323 4937; x_wconf 88' lang='lat' dir='ltr'><strong>ita</strong></span> <span class='ocrx_word' id='word_1_469' title='bbox 1360 4882 1587 4954; x_wconf 86' lang='lat' dir='ltr'><strong>loquar)</strong></span> <span class='ocrx_word' id='word_1_470' title='bbox 1618 4882 1885 4949; x_wconf 86' lang='lat' dir='ltr'><strong>Achates,</strong></span> 
     </span>
    </p>
   </div>
   <div class='ocr_carea' id='block_1_63' title="bbox 244 4968 1889 5043">
    <p class='ocr_par' dir='ltr' id='par_1_63' title="bbox 244 4968 1889 5043">
     <span class='ocr_line' id='line_1_63' title="bbox 244 4968 1889 5043; baseline 0.002 -20"><span class='ocrx_word' id='word_1_471' title='bbox 244 4968 523 5040; x_wconf 91' lang='lat' dir='ltr'><strong>quidquid</strong></span> <span class='ocrx_word' id='word_1_472' title='bbox 548 4969 666 5025; x_wconf 87' lang='lat' dir='ltr'><strong>fere</strong></span> <span class='ocrx_word' id='word_1_473' title='bbox 688 4969 938 5041; x_wconf 88' lang='lat' dir='ltr'><strong>scripsit,</strong></span> <span class='ocrx_word' id='word_1_474' title='bbox 959 4971 1029 5025; x_wconf 89' lang='lat' dir='ltr'><strong>ad</strong></span> <span class='ocrx_word' id='word_1_475' title='bbox 1050 4970 1391 5041; x_wconf 80' lang='lat' dir='ltr'><strong>pepulerem</strong></span> <span class='ocrx_word' id='word_1_476' title='bbox 1412 4974 1649 5043; x_wconf 88' lang='lat' dir='ltr'><strong>captum</strong></span> <span class='ocrx_word' id='word_1_477' title='bbox 1670 4987 1889 5027; x_wconf 81' lang='lat' dir='ltr'><strong>accom-</strong></span> 
     </span>
    </p>
   </div>
   <div class='ocr_carea' id='block_1_64' title="bbox 2006 3728 3659 3800">
    <p class='ocr_par' dir='ltr' id='par_1_64' title="bbox 2006 3728 3659 3800">
     <span class='ocr_line' id='line_1_64' title="bbox 2006 3728 3659 3800; baseline -0.001 -15"><span class='ocrx_word' id='word_1_478' title='bbox 2006 3731 2089 3785; x_wconf 91' lang='lat' dir='ltr'><strong>cis</strong></span> <span class='ocrx_word' id='word_1_479' title='bbox 2121 3730 2535 3785; x_wconf 90' lang='lat' dir='ltr'><strong>communibus</strong></span> <span class='ocrx_word' id='word_1_480' title='bbox 2568 3729 2805 3800; x_wconf 86' lang='lat' dir='ltr'><strong>spatiari</strong></span> <span class='ocrx_word' id='word_1_481' title='bbox 2838 3728 3064 3795; x_wconf 88' lang='lat' dir='ltr'><strong>maluit,</strong></span> <span class='ocrx_word' id='word_1_482' title='bbox 3091 3745 3268 3799; x_wconf 89' lang='lat' dir='ltr'><strong>quam</strong></span> <span class='ocrx_word' id='word_1_483' title='bbox 3293 3728 3350 3782; x_wconf 91' lang='lat' dir='ltr'><strong>in</strong></span> <span class='ocrx_word' id='word_1_484' title='bbox 3385 3728 3659 3783; x_wconf 86' lang='lat' dir='ltr'><strong>difficilli-</strong></span> 
     </span>
    </p>
   </div>
   <div class='ocr_carea' id='block_1_65' title="bbox 2006 3816 3657 3891">
    <p class='ocr_par' dir='ltr' id='par_1_65' title="bbox 2006 3816 3657 3891">
     <span class='ocr_line' id='line_1_65' title="bbox 2006 3816 3657 3891; baseline -0.001 -18"><span class='ocrx_word' id='word_1_485' title='bbox 2006 3820 2118 3874; x_wconf 90' lang='lat' dir='ltr'><strong>mis</strong></span> <span class='ocrx_word' id='word_1_486' title='bbox 2150 3819 2363 3873; x_wconf 86' lang='lat' dir='ltr'><strong>vcrsari</strong></span> <span class='ocrx_word' id='word_1_487' title='bbox 2388 3817 2829 3889; x_wconf 88' lang='lat' dir='ltr'><strong>questionibus.</strong></span> <span class='ocrx_word' id='word_1_488' title='bbox 2866 3818 2982 3871; x_wconf 86' lang='lat' dir='ltr'><strong>Hoc</strong></span> <span class='ocrx_word' id='word_1_489' title='bbox 3014 3817 3351 3891; x_wconf 88' lang='lat' dir='ltr'><strong>triumviros</strong></span> <span class='ocrx_word' id='word_1_490' title='bbox 3373 3833 3490 3871; x_wconf 90' lang='lat' dir='ltr'><strong>una</strong></span> <span class='ocrx_word' id='word_1_491' title='bbox 3520 3816 3657 3872; x_wconf 90' lang='lat' dir='ltr'><strong>tulit</strong></span> 
     </span>
    </p>
   </div>
   <div class='ocr_carea' id='block_1_66' title="bbox 2004 3899 3652 3979">
    <p class='ocr_par' dir='ltr' id='par_1_66' title="bbox 2004 3899 3652 3979">
     <span class='ocr_line' id='line_1_66' title="bbox 2004 3899 3652 3979; baseline -0.001 -18"><span class='ocrx_word' id='word_1_492' title='bbox 2004 3914 2143 3962; x_wconf 86' lang='lat' dir='ltr'><strong>etas</strong></span> <span class='ocrx_word' id='word_1_493' title='bbox 2173 3908 2325 3978; x_wconf 91' lang='lat' dir='ltr'><strong>apud</strong></span> <span class='ocrx_word' id='word_1_494' title='bbox 2360 3907 2607 3975; x_wconf 85' lang='lat' dir='ltr'><strong>Grecos,</strong></span> <span class='ocrx_word' id='word_1_495' title='bbox 2634 3899 2859 3979; x_wconf 81' lang='lat' dir='ltr'><strong>pietate</strong></span> <span class='ocrx_word' id='word_1_496' title='bbox 2886 3921 3074 3976; x_wconf 89' lang='lat' dir='ltr'><strong>pares,</strong></span> <span class='ocrx_word' id='word_1_497' title='bbox 3102 3920 3205 3958; x_wconf 91' lang='lat' dir='ltr'><strong>nec</strong></span> <span class='ocrx_word' id='word_1_498' title='bbox 3235 3904 3504 3974; x_wconf 87' lang='lat' dir='ltr'><strong>dispares</strong></span> <span class='ocrx_word' id='word_1_499' title='bbox 3526 3921 3652 3960; x_wconf 90' lang='lat' dir='ltr'><strong>eru-</strong></span> 
     </span>
    </p>
   </div>
   <div class='ocr_carea' id='block_1_67' title="bbox 2004 3992 3649 4061">
    <p class='ocr_par' dir='ltr' id='par_1_67' title="bbox 2004 3992 3649 4061">
     <span class='ocr_line' id='line_1_67' title="bbox 2004 3992 3649 4061; baseline -0.001 -10"><span class='ocrx_word' id='word_1_500' title='bbox 2004 3997 2244 4061; x_wconf 89' lang='lat' dir='ltr'><strong>ditione,</strong></span> <span class='ocrx_word' id='word_1_501' title='bbox 2278 3996 2376 4050; x_wconf 90' lang='lat' dir='ltr'><strong>sed</strong></span> <span class='ocrx_word' id='word_1_502' title='bbox 2409 3995 2682 4049; x_wconf 82' lang='lat' dir='ltr'><strong>dictionis</strong></span> <span class='ocrx_word' id='word_1_503' title='bbox 2715 3998 3011 4048; x_wconf 89' lang='lat' dir='ltr'><strong>caractere</strong></span> <span class='ocrx_word' id='word_1_504' title='bbox 3042 3992 3384 4047; x_wconf 89' lang='lat' dir='ltr'><strong>dissimiles.</strong></span> <span class='ocrx_word' id='word_1_505' title='bbox 3418 3996 3574 4057; x_wconf 87' lang='lat' dir='ltr'><strong>Quos</strong></span> <span class='ocrx_word' id='word_1_506' title='bbox 3599 3994 3649 4049; x_wconf 88' lang='lat' dir='ltr'><strong>si</strong></span> 
     </span>
    </p>
   </div>
   <div class='ocr_carea' id='block_1_68' title="bbox 2004 4081 3649 4152">
    <p class='ocr_par' dir='ltr' id='par_1_68' title="bbox 2004 4081 3649 4152">
     <span class='ocr_line' id='line_1_68' title="bbox 2004 4081 3649 4152; baseline -0.002 -13"><span class='ocrx_word' id='word_1_507' title='bbox 2004 4102 2131 4139; x_wconf 90' lang='lat' dir='ltr'><strong>cum</strong></span> <span class='ocrx_word' id='word_1_508' title='bbox 2152 4083 2367 4138; x_wconf 88' lang='lat' dir='ltr'><strong>nostris</strong></span> <span class='ocrx_word' id='word_1_509' title='bbox 2393 4084 2652 4137; x_wconf 87' lang='lat' dir='ltr'><strong>conferre</strong></span> <span class='ocrx_word' id='word_1_510' title='bbox 2673 4081 2835 4136; x_wconf 83' lang='lat' dir='ltr'><strong>velis.</strong></span> <span class='ocrx_word' id='word_1_511' title='bbox 2859 4081 3315 4152; x_wconf 83' lang='lat' dir='ltr'><strong>Chrysostomus</strong></span> <span class='ocrx_word' id='word_1_512' title='bbox 3336 4098 3449 4136; x_wconf 89' lang='lat' dir='ltr'><strong>non</strong></span> <span class='ocrx_word' id='word_1_513' title='bbox 3472 4083 3649 4139; x_wconf 83' lang='lat' dir='ltr'><strong>dissi-</strong></span> 
     </span>
    </p>
   </div>
   <div class='ocr_carea' id='block_1_69' title="bbox 2004 4170 3651 4244">
    <p class='ocr_par' dir='ltr' id='par_1_69' title="bbox 2004 4170 3651 4244">
     <span class='ocr_line' id='line_1_69' title="bbox 2004 4170 3651 4244; baseline -0.001 -16"><span class='ocrx_word' id='word_1_514' title='bbox 2004 4173 2161 4228; x_wconf 92' lang='lat' dir='ltr'><strong>milis</strong></span> <span class='ocrx_word' id='word_1_515' title='bbox 2206 4180 2294 4228; x_wconf 91' lang='lat' dir='ltr'><strong>est</strong></span> <span class='ocrx_word' id='word_1_516' title='bbox 2341 4173 2689 4244; x_wconf 84' lang='lat' dir='ltr'><strong>Augustino,</strong></span> <span class='ocrx_word' id='word_1_517' title='bbox 2740 4170 3057 4241; x_wconf 88' lang='lat' dir='ltr'><strong>Gregorius</strong></span> <span class='ocrx_word' id='word_1_518' title='bbox 3104 4170 3433 4239; x_wconf 81' lang='lat' dir='ltr'><strong>Ambrosio,</strong></span> <span class='ocrx_word' id='word_1_519' title='bbox 3468 4172 3565 4243; x_wconf 91' lang='lat' dir='ltr'><strong>qui</strong></span> <span class='ocrx_word' id='word_1_520' title='bbox 3602 4173 3651 4226; x_wconf 90' lang='lat' dir='ltr'><strong>si</strong></span> 
     </span>
    </p>
   </div>
   <div class='ocr_carea' id='block_1_70' title="bbox 2002 4258 3655 4333">
    <p class='ocr_par' dir='ltr' id='par_1_70' title="bbox 2002 4258 3655 4333">
     <span class='ocr_line' id='line_1_70' title="bbox 2002 4258 3655 4333; baseline -0.001 -16"><span class='ocrx_word' id='word_1_521' title='bbox 2002 4263 2193 4317; x_wconf 78' lang='lat' dir='ltr'><strong>Grece</strong></span> <span class='ocrx_word' id='word_1_522' title='bbox 2226 4261 2577 4333; x_wconf 87' lang='lat' dir='ltr'><strong>scripsisset,</strong></span> <span class='ocrx_word' id='word_1_523' title='bbox 2604 4260 2925 4331; x_wconf 89' lang='lat' dir='ltr'><strong>plurimum</strong></span> <span class='ocrx_word' id='word_1_524' title='bbox 2958 4258 3175 4331; x_wconf 90' lang='lat' dir='ltr'><strong>negotii</strong></span> <span class='ocrx_word' id='word_1_525' title='bbox 3201 4260 3410 4315; x_wconf 90' lang='lat' dir='ltr'><strong>fuisset</strong></span> <span class='ocrx_word' id='word_1_526' title='bbox 3438 4260 3655 4316; x_wconf 86' lang='lat' dir='ltr'><strong>exhibi-</strong></span> 
     </span>
    </p>
   </div>
   <div class='ocr_carea' id='block_1_71' title="bbox 2000 4348 3651 4422">
    <p class='ocr_par' dir='ltr' id='par_1_71' title="bbox 2000 4348 3651 4422">
     <span class='ocr_line' id='line_1_71' title="bbox 2000 4348 3651 4422; baseline 0 -17"><span class='ocrx_word' id='word_1_527' title='bbox 2000 4354 2168 4406; x_wconf 91' lang='lat' dir='ltr'><strong>turus</strong></span> <span class='ocrx_word' id='word_1_528' title='bbox 2201 4351 2520 4422; x_wconf 89' lang='lat' dir='ltr'><strong>interpreti.</strong></span> <span class='ocrx_word' id='word_1_529' title='bbox 2556 4352 2733 4415; x_wconf 91' lang='lat' dir='ltr'><strong>Quem</strong></span> <span class='ocrx_word' id='word_1_530' title='bbox 2794 4348 3007 4402; x_wconf 88' lang='lat' dir='ltr'><strong>Basilio</strong></span> <span class='ocrx_word' id='word_1_531' title='bbox 3051 4348 3342 4403; x_wconf 87' lang='lat' dir='ltr'><strong>conferam</strong></span> <span class='ocrx_word' id='word_1_532' title='bbox 3390 4351 3651 4405; x_wconf 89' lang='lat' dir='ltr'><strong>nondum</strong></span> 
     </span>
    </p>
   </div>
   <div class='ocr_carea' id='block_1_72' title="bbox 2001 4437 3652 4508">
    <p class='ocr_par' dir='ltr' id='par_1_72' title="bbox 2001 4437 3652 4508">
     <span class='ocr_line' id='line_1_72' title="bbox 2001 4437 3652 4508; baseline -0.001 -14"><span class='ocrx_word' id='word_1_533' title='bbox 2001 4440 2250 4505; x_wconf 90' lang='lat' dir='ltr'><strong>invenio,</strong></span> <span class='ocrx_word' id='word_1_534' title='bbox 2303 4439 2414 4494; x_wconf 91' lang='lat' dir='ltr'><strong>nisi</strong></span> <span class='ocrx_word' id='word_1_535' title='bbox 2469 4438 2517 4494; x_wconf 92' lang='lat' dir='ltr'><strong>si</strong></span> <span class='ocrx_word' id='word_1_536' title='bbox 2568 4438 2698 4508; x_wconf 88' lang='lat' dir='ltr'><strong>quis</strong></span> <span class='ocrx_word' id='word_1_537' title='bbox 2743 4437 3178 4507; x_wconf 83' lang='lat' dir='ltr'><strong>Scripturarum</strong></span> <span class='ocrx_word' id='word_1_538' title='bbox 3233 4437 3652 4507; x_wconf 90' lang='lat' dir='ltr'><strong>cognitionem,</strong></span> 
     </span>
    </p>
   </div>
   <div class='ocr_carea' id='block_1_73' title="bbox 2001 4525 3652 4599">
    <p class='ocr_par' dir='ltr' id='par_1_73' title="bbox 2001 4525 3652 4599">
     <span class='ocr_line' id='line_1_73' title="bbox 2001 4525 3652 4599; baseline -0.002 -16"><span class='ocrx_word' id='word_1_539' title='bbox 2001 4546 2178 4599; x_wconf 87' lang='lat' dir='ltr'><strong>quam</strong></span> <span class='ocrx_word' id='word_1_540' title='bbox 2204 4528 2407 4583; x_wconf 90' lang='lat' dir='ltr'><strong>habuit</strong></span> <span class='ocrx_word' id='word_1_541' title='bbox 2440 4528 2849 4599; x_wconf 80' lang='lat' dir='ltr'><strong>Hieronymus,</strong></span> <span class='ocrx_word' id='word_1_542' title='bbox 2877 4542 3010 4580; x_wconf 91' lang='lat' dir='ltr'><strong>cum</strong></span> <span class='ocrx_word' id='word_1_543' title='bbox 3034 4526 3315 4581; x_wconf 88' lang='lat' dir='ltr'><strong>Lactantii</strong></span> <span class='ocrx_word' id='word_1_544' title='bbox 3338 4525 3487 4581; x_wconf 90' lang='lat' dir='ltr'><strong>felici</strong></span> <span class='ocrx_word' id='word_1_545' title='bbox 3514 4527 3652 4582; x_wconf 81' lang='lat' dir='ltr'><strong>faci-</strong></span> 
     </span>
    </p>
   </div>
   <div class='ocr_carea' id='block_1_74' title="bbox 2000 4615 3653 4687">
    <p class='ocr_par' dir='ltr' id='par_1_74' title="bbox 2000 4615 3653 4687">
     <span class='ocr_line' id='line_1_74' title="bbox 2000 4615 3653 4687; baseline -0.001 -16"><span class='ocrx_word' id='word_1_546' title='bbox 2000 4616 2164 4672; x_wconf 87' lang='lat' dir='ltr'><strong>litate</strong></span> <span class='ocrx_word' id='word_1_547' title='bbox 2191 4616 2438 4686; x_wconf 91' lang='lat' dir='ltr'><strong>copulet.</strong></span> <span class='ocrx_word' id='word_1_548' title='bbox 2466 4620 2550 4670; x_wconf 87' lang='lat' dir='ltr'><strong>Me</strong></span> <span class='ocrx_word' id='word_1_549' title='bbox 2578 4620 2729 4669; x_wconf 88' lang='lat' dir='ltr'><strong>certe</strong></span> <span class='ocrx_word' id='word_1_550' title='bbox 2760 4632 2793 4668; x_wconf 89' lang='lat' dir='ltr'><strong>a</strong></span> <span class='ocrx_word' id='word_1_551' title='bbox 2823 4615 3099 4669; x_wconf 83' lang='lat' dir='ltr'><strong>vertendo</strong></span> <span class='ocrx_word' id='word_1_552' title='bbox 3122 4615 3397 4685; x_wconf 89' lang='lat' dir='ltr'><strong>Gregorio</strong></span> <span class='ocrx_word' id='word_1_553' title='bbox 3420 4631 3653 4687; x_wconf 89' lang='lat' dir='ltr'><strong>semper</strong></span> 
     </span>
    </p>
   </div>
   <div class='ocr_carea' id='block_1_75' title="bbox 2000 4702 3652 4774">
    <p class='ocr_par' dir='ltr' id='par_1_75' title="bbox 2000 4702 3652 4774">
     <span class='ocr_line' id='line_1_75' title="bbox 2000 4702 3652 4774; baseline -0.001 -15"><span class='ocrx_word' id='word_1_554' title='bbox 2000 4706 2283 4759; x_wconf 89' lang='lat' dir='ltr'><strong>deterruit</strong></span> <span class='ocrx_word' id='word_1_555' title='bbox 2311 4704 2579 4758; x_wconf 89' lang='lat' dir='ltr'><strong>dictionis</strong></span> <span class='ocrx_word' id='word_1_556' title='bbox 2612 4703 2862 4774; x_wconf 87' lang='lat' dir='ltr'><strong>argutia,</strong></span> <span class='ocrx_word' id='word_1_557' title='bbox 2894 4707 2950 4756; x_wconf 90' lang='lat' dir='ltr'><strong>et</strong></span> <span class='ocrx_word' id='word_1_558' title='bbox 2980 4719 3177 4757; x_wconf 85' lang='lat' dir='ltr'><strong>rerum</strong></span> <span class='ocrx_word' id='word_1_559' title='bbox 3210 4702 3571 4769; x_wconf 87' lang='lat' dir='ltr'><strong>sublimitas,</strong></span> <span class='ocrx_word' id='word_1_560' title='bbox 3595 4708 3652 4757; x_wconf 91' lang='lat' dir='ltr'><strong>et</strong></span> 
     </span>
    </p>
   </div>
   <div class='ocr_carea' id='block_1_76' title="bbox 2000 4791 3647 4862">
    <p class='ocr_par' dir='ltr' id='par_1_76' title="bbox 2000 4791 3647 4862">
     <span class='ocr_line' id='line_1_76' title="bbox 2000 4791 3647 4862; baseline -0.001 -15"><span class='ocrx_word' id='word_1_561' title='bbox 2000 4793 2319 4848; x_wconf 89' lang='lat' dir='ltr'><strong>allusiones</strong></span> <span class='ocrx_word' id='word_1_562' title='bbox 2364 4793 2760 4847; x_wconf 89' lang='lat' dir='ltr'><strong>subobscure.</strong></span> <span class='ocrx_word' id='word_1_563' title='bbox 2813 4793 2951 4845; x_wconf 87' lang='lat' dir='ltr'><strong>Eam</strong></span> <span class='ocrx_word' id='word_1_564' title='bbox 3010 4792 3368 4862; x_wconf 87' lang='lat' dir='ltr'><strong>provinciam</strong></span> <span class='ocrx_word' id='word_1_565' title='bbox 3433 4791 3647 4846; x_wconf 90' lang='lat' dir='ltr'><strong>eximio</strong></span> 
     </span>
    </p>
   </div>
   <div class='ocr_carea' id='block_1_77' title="bbox 2002 4878 3647 4953">
    <p class='ocr_par' dir='ltr' id='par_1_77' title="bbox 2002 4878 3647 4953">
     <span class='ocr_line' id='line_1_77' title="bbox 2002 4878 3647 4953; baseline -0.002 -16"><span class='ocrx_word' id='word_1_566' title='bbox 2002 4882 2253 4953; x_wconf 81' lang='lat' dir='ltr'><strong>quodam</strong></span> <span class='ocrx_word' id='word_1_567' title='bbox 2287 4881 2519 4953; x_wconf 89' lang='lat' dir='ltr'><strong>pietatis</strong></span> <span class='ocrx_word' id='word_1_568' title='bbox 2547 4881 2750 4934; x_wconf 87' lang='lat' dir='ltr'><strong>ardore</strong></span> <span class='ocrx_word' id='word_1_569' title='bbox 2778 4880 2888 4935; x_wconf 92' lang='lat' dir='ltr'><strong>sibi</strong></span> <span class='ocrx_word' id='word_1_570' title='bbox 2918 4878 3173 4951; x_wconf 89' lang='lat' dir='ltr'><strong>sumpsit</strong></span> <span class='ocrx_word' id='word_1_571' title='bbox 3199 4878 3519 4934; x_wconf 83' lang='lat' dir='ltr'><strong>Bilibaldus</strong></span> <span class='ocrx_word' id='word_1_572' title='bbox 3551 4896 3647 4934; x_wconf 91' lang='lat' dir='ltr'><strong>no-</strong></span> 
     </span>
    </p>
   </div>
   <div class='ocr_carea' id='block_1_78' title="bbox 2001 4970 2881 5039">
    <p class='ocr_par' dir='ltr' id='par_1_78' title="bbox 2001 4970 2881 5039">
     <span class='ocr_line' id='line_1_78' title="bbox 2001 4970 2881 5039; baseline -0.001 -14"><span class='ocrx_word' id='word_1_573' title='bbox 2001 4976 2141 5039; x_wconf 90' lang='lat' dir='ltr'><strong>ster,</strong></span> <span class='ocrx_word' id='word_1_574' title='bbox 2177 4970 2268 5025; x_wconf 92' lang='lat' dir='ltr'><strong>cui</strong></span> <span class='ocrx_word' id='word_1_575' title='bbox 2302 4974 2358 5025; x_wconf 88' lang='lat' dir='ltr'><strong>et</strong></span> <span class='ocrx_word' id='word_1_576' title='bbox 2390 4971 2742 5024; x_wconf 86' lang='lat' dir='ltr'><strong>immortuus</strong></span> <span class='ocrx_word' id='word_1_577' title='bbox 2774 4973 2881 5024; x_wconf 90' lang='lat' dir='ltr'><strong>est.</strong></span> 
     </span>
    </p>
   </div>
   <div class='ocr_carea' id='block_1_79' title="bbox 589 5120 3304 5264">
    <p class='ocr_par' dir='ltr' id='par_1_79' title="bbox 589 5120 3304 5264">
     <span class='ocr_line' id='line_1_79' title="bbox 589 5120 3304 5264; baseline -0 -82"><span class='ocrx_word' id='word_1_578' title='bbox 589 5120 707 5196; x_wconf 78' lang='lat' dir='ltr'><strong>Qui</strong></span> <span class='ocrx_word' id='word_1_579' title='bbox 734 5120 899 5203; x_wconf 82' lang='lat' dir='ltr'><strong>apud</strong></span> <span class='ocrx_word' id='word_1_580' title='bbox 938 5131 1148 5183; x_wconf 82' lang='lat' dir='ltr'><strong>veteres</strong></span> <span class='ocrx_word' id='word_1_581' title='bbox 1178 5131 1445 5183; x_wconf 85' lang='lat' dir='ltr'><strong>auctores</strong></span> <span class='ocrx_word' id='word_1_582' title='bbox 1474 5120 1851 5185; x_wconf 85' lang='lat' dir='ltr'><strong>Nazianzeni</strong></span> <span class='ocrx_word' id='word_1_583' title='bbox 1892 5125 2272 5264; x_wconf 52' lang='lat' dir='ltr'><strong>nigmznerint</strong></span> <span class='ocrx_word' id='word_1_584' title='bbox 2298 5142 2372 5183; x_wconf 75' lang='lat' dir='ltr'><strong>ea:</strong></span> <span class='ocrx_word' id='word_1_585' title='bbox 2403 5122 2676 5202; x_wconf 83' lang='lat' dir='ltr'><strong>illiusque</strong></span> <span class='ocrx_word' id='word_1_586' title='bbox 2705 5122 2941 5201; x_wconf 80' lang='lat' dir='ltr'><strong>scriptis</strong></span> <span class='ocrx_word' id='word_1_587' title='bbox 2973 5120 3304 5181; x_wconf 81' lang='lat' dir='ltr'><strong>testimonia</strong></span> 
     </span>
     <span class='ocr_line' id='line_1_80' title="bbox 1759 5207 2141 5264; baseline -0.003 0"><span class='ocrx_word' id='word_1_588' title='bbox 1759 5212 1937 5264; x_wconf 83' lang='lat' dir='ltr'><strong>nrotu</strong></span> <span class='ocrx_word' id='word_1_589' title='bbox 1997 5207 2141 5263; x_wconf 87' lang='lat' dir='ltr'><strong>rint.</strong></span> 
     </span>
    </p>
   </div>
   <div class='ocr_carea' id='block_1_80' title="bbox 1754 5207 2141 5284">
    <p class='ocr_par' dir='ltr' id='par_1_80' title="bbox 1754 5207 2141 5284">
     <span class='ocr_line' id='line_1_81' title="bbox 1754 5207 2141 5284; baseline 0.003 -22"><span class='ocrx_word' id='word_1_590' title='bbox 1754 5207 2141 5284; x_wconf 81' lang='lat' dir='ltr'><strong>protulerint.</strong></span> 
     </span>
    </p>
   </div>
   <div class='ocr_carea' id='block_1_81' title="bbox 303 5324 3655 5400">
    <p class='ocr_par' dir='ltr' id='par_1_81' title="bbox 303 5324 3655 5400">
     <span class='ocr_line' id='line_1_82' title="bbox 303 5324 3655 5400; baseline -0.001 -19"><span class='ocrx_word' id='word_1_591' title='bbox 303 5324 407 5381; x_wconf 84' lang='lat' dir='ltr'><strong>Vix</strong></span> <span class='ocrx_word' id='word_1_592' title='bbox 438 5324 596 5381; x_wconf 89' lang='lat' dir='ltr'><strong>ullus</strong></span> <span class='ocrx_word' id='word_1_593' title='bbox 627 5326 687 5382; x_wconf 91' lang='lat' dir='ltr'><strong>in</strong></span> <span class='ocrx_word' id='word_1_594' title='bbox 717 5330 841 5383; x_wconf 89' lang='lat' dir='ltr'><strong>tota</strong></span> <span class='ocrx_word' id='word_1_595' title='bbox 871 5326 1090 5383; x_wconf 85' lang='lat' dir='ltr'><strong>Grecia</strong></span> <span class='ocrx_word' id='word_1_596' title='bbox 1124 5328 1375 5400; x_wconf 86' lang='lat' dir='ltr'><strong>scriptor</strong></span> <span class='ocrx_word' id='word_1_597' title='bbox 1402 5329 1645 5396; x_wconf 83' lang='lat' dir='ltr'><strong>exstitit,</strong></span> <span class='ocrx_word' id='word_1_598' title='bbox 1679 5329 1749 5384; x_wconf 91' lang='lat' dir='ltr'><strong>de</strong></span> <span class='ocrx_word' id='word_1_599' title='bbox 1797 5346 1888 5385; x_wconf 89' lang='lat' dir='ltr'><strong>ec-</strong></span> <span class='ocrx_word' id='word_1_600' title='bbox 1924 5332 1970 5395; x_wconf 91' lang='lat' dir='ltr'><strong>D</strong></span> <span class='ocrx_word' id='word_1_601' title='bbox 2001 5328 2104 5396; x_wconf 89' lang='lat' dir='ltr'><strong>vit,</strong></span> <span class='ocrx_word' id='word_1_602' title='bbox 2152 5333 2217 5383; x_wconf 90' lang='lat' dir='ltr'><strong>ut</strong></span> <span class='ocrx_word' id='word_1_603' title='bbox 2260 5329 2470 5383; x_wconf 88' lang='lat' dir='ltr'><strong>bonam</strong></span> <span class='ocrx_word' id='word_1_604' title='bbox 2525 5330 2751 5398; x_wconf 89' lang='lat' dir='ltr'><strong>partem</strong></span> <span class='ocrx_word' id='word_1_605' title='bbox 2810 5324 3093 5380; x_wconf 86' lang='lat' dir='ltr'><strong>librorum</strong></span> <span class='ocrx_word' id='word_1_606' title='bbox 3148 5341 3389 5379; x_wconf 91' lang='lat' dir='ltr'><strong>suorum</strong></span> <span class='ocrx_word' id='word_1_607' title='bbox 3438 5325 3509 5379; x_wconf 85' lang='lat' dir='ltr'><strong>de</strong></span> <span class='ocrx_word' id='word_1_608' title='bbox 3540 5325 3655 5379; x_wconf 85' lang='lat' dir='ltr'><strong>ﬁde</strong></span> 
     </span>
    </p>
   </div>
   <div class='ocr_carea' id='block_1_82' title="bbox 242 5411 1887 5491">
    <p class='ocr_par' dir='ltr' id='par_1_82' title="bbox 242 5411 1887 5491">
     <span class='ocr_line' id='line_1_83' title="bbox 242 5411 1887 5491; baseline 0.004 -24"><span class='ocrx_word' id='word_1_609' title='bbox 242 5411 581 5471; x_wconf 87' lang='lat' dir='ltr'><strong>clesiasticis</strong></span> <span class='ocrx_word' id='word_1_610' title='bbox 610 5414 838 5487; x_wconf 90' lang='lat' dir='ltr'><strong>loquor,</strong></span> <span class='ocrx_word' id='word_1_611' title='bbox 868 5416 967 5488; x_wconf 89' lang='lat' dir='ltr'><strong>qui</strong></span> <span class='ocrx_word' id='word_1_612' title='bbox 1004 5434 1116 5472; x_wconf 93' lang='lat' dir='ltr'><strong>non</strong></span> <span class='ocrx_word' id='word_1_613' title='bbox 1150 5416 1638 5488; x_wconf 83' lang='lat' dir='ltr'><strong>perhonorificam</strong></span> <span class='ocrx_word' id='word_1_614' title='bbox 1672 5418 1887 5491; x_wconf 86' lang='lat' dir='ltr'><strong>Grego-</strong></span> 
     </span>
    </p>
   </div>
   <div class='ocr_carea' id='block_1_83' title="bbox 241 5501 1892 5579">
    <p class='ocr_par' dir='ltr' id='par_1_83' title="bbox 241 5501 1892 5579">
     <span class='ocr_line' id='line_1_84' title="bbox 241 5501 1892 5579; baseline 0.007 -26"><span class='ocrx_word' id='word_1_615' title='bbox 241 5501 306 5557; x_wconf 90' lang='lat' dir='ltr'><strong>rii</strong></span> <span class='ocrx_word' id='word_1_616' title='bbox 337 5504 699 5559; x_wconf 89' lang='lat' dir='ltr'><strong>mentionem</strong></span> <span class='ocrx_word' id='word_1_617' title='bbox 750 5505 972 5575; x_wconf 88' lang='lat' dir='ltr'><strong>fecerit,</strong></span> <span class='ocrx_word' id='word_1_618' title='bbox 1025 5523 1093 5561; x_wconf 88' lang='lat' dir='ltr'><strong>ex</strong></span> <span class='ocrx_word' id='word_1_619' title='bbox 1142 5507 1447 5578; x_wconf 89' lang='lat' dir='ltr'><strong>ipsiusque</strong></span> <span class='ocrx_word' id='word_1_620' title='bbox 1498 5509 1775 5579; x_wconf 84' lang='lat' dir='ltr'><strong>operibus</strong></span> <span class='ocrx_word' id='word_1_621' title='bbox 1809 5513 1892 5564; x_wconf 87' lang='lat' dir='ltr'><strong>te-</strong></span> 
     </span>
    </p>
   </div>
   <div class='ocr_carea' id='block_1_84' title="bbox 243 5591 1891 5664">
    <p class='ocr_par' dir='ltr' id='par_1_84' title="bbox 243 5591 1891 5664">
     <span class='ocr_line' id='line_1_85' title="bbox 243 5591 1891 5664; baseline 0.004 -19"><span class='ocrx_word' id='word_1_622' title='bbox 243 5591 513 5648; x_wconf 84' lang='lat' dir='ltr'><strong>stimonia</strong></span> <span class='ocrx_word' id='word_1_623' title='bbox 544 5593 895 5664; x_wconf 87' lang='lat' dir='ltr'><strong>produxerit.</strong></span> <span class='ocrx_word' id='word_1_624' title='bbox 949 5595 1351 5651; x_wconf 86' lang='lat' dir='ltr'><strong>Damascenus</strong></span> <span class='ocrx_word' id='word_1_625' title='bbox 1394 5602 1549 5651; x_wconf 87' lang='lat' dir='ltr'><strong>certe</strong></span> <span class='ocrx_word' id='word_1_626' title='bbox 1596 5614 1712 5652; x_wconf 92' lang='lat' dir='ltr'><strong>non</strong></span> <span class='ocrx_word' id='word_1_627' title='bbox 1756 5614 1891 5652; x_wconf 86' lang='lat' dir='ltr'><strong>con-</strong></span> 
     </span>
    </p>
   </div>
   <div class='ocr_carea' id='block_1_85' title="bbox 266 5682 1894 5757">
    <p class='ocr_par' dir='ltr' id='par_1_85' title="bbox 266 5682 1894 5757">
     <span class='ocr_line' id='line_1_86' title="bbox 266 5682 1894 5757; baseline 0.005 -24"><span class='ocrx_word' id='word_1_628' title='bbox 266 5684 439 5736; x_wconf 86' lang='lat' dir='ltr'><strong>entus</strong></span> <span class='ocrx_word' id='word_1_629' title='bbox 489 5682 715 5754; x_wconf 89' lang='lat' dir='ltr'><strong>scripta</strong></span> <span class='ocrx_word' id='word_1_630' title='bbox 768 5700 876 5739; x_wconf 89' lang='lat' dir='ltr'><strong>sua</strong></span> <span class='ocrx_word' id='word_1_631' title='bbox 918 5683 1105 5755; x_wconf 89' lang='lat' dir='ltr'><strong>ipsius</strong></span> <span class='ocrx_word' id='word_1_632' title='bbox 1152 5686 1493 5743; x_wconf 82' lang='lat' dir='ltr'><strong>auctoritate</strong></span> <span class='ocrx_word' id='word_1_633' title='bbox 1534 5702 1894 5757; x_wconf 85' lang='lat' dir='ltr'><strong>sepenume-</strong></span> 
     </span>
    </p>
   </div>
   <div class='ocr_carea' id='block_1_86' title="bbox 246 5769 1898 5846">
    <p class='ocr_par' dir='ltr' id='par_1_86' title="bbox 246 5769 1898 5846">
     <span class='ocr_line' id='line_1_87' title="bbox 246 5769 1898 5846; baseline 0.005 -25"><span class='ocrx_word' id='word_1_634' title='bbox 246 5780 306 5823; x_wconf 89' lang='lat' dir='ltr'><strong>ro</strong></span> <span class='ocrx_word' id='word_1_635' title='bbox 342 5769 722 5839; x_wconf 82' lang='lat' dir='ltr'><strong>conﬁrmare,</strong></span> <span class='ocrx_word' id='word_1_636' title='bbox 754 5771 1045 5828; x_wconf 87' lang='lat' dir='ltr'><strong>sexcentis</strong></span> <span class='ocrx_word' id='word_1_637' title='bbox 1097 5771 1240 5828; x_wconf 89' lang='lat' dir='ltr'><strong>locis</strong></span> <span class='ocrx_word' id='word_1_638' title='bbox 1280 5773 1361 5829; x_wconf 90' lang='lat' dir='ltr'><strong>ita</strong></span> <span class='ocrx_word' id='word_1_639' title='bbox 1416 5788 1551 5829; x_wconf 87' lang='lat' dir='ltr'><strong>eum</strong></span> <span class='ocrx_word' id='word_1_640' title='bbox 1612 5774 1898 5846; x_wconf 87' lang='lat' dir='ltr'><strong>compila-</strong></span> 
     </span>
    </p>
   </div>
   <div class='ocr_carea' id='block_1_87' title="bbox 2002 5413 3655 5487">
    <p class='ocr_par' dir='ltr' id='par_1_87' title="bbox 2002 5413 3655 5487">
     <span class='ocr_line' id='line_1_88' title="bbox 2002 5413 3655 5487; baseline -0.003 -13"><span class='ocrx_word' id='word_1_641' title='bbox 2002 5418 2333 5474; x_wconf 85' lang='lat' dir='ltr'><strong>Orthodoxa</strong></span> <span class='ocrx_word' id='word_1_642' title='bbox 2363 5434 2429 5471; x_wconf 86' lang='lat' dir='ltr'><strong>ex</strong></span> <span class='ocrx_word' id='word_1_643' title='bbox 2449 5417 2577 5487; x_wconf 90' lang='lat' dir='ltr'><strong>ejus</strong></span> <span class='ocrx_word' id='word_1_644' title='bbox 2599 5415 2764 5471; x_wconf 90' lang='lat' dir='ltr'><strong>libris</strong></span> <span class='ocrx_word' id='word_1_645' title='bbox 2789 5414 3103 5481; x_wconf 89' lang='lat' dir='ltr'><strong>consuerit,</strong></span> <span class='ocrx_word' id='word_1_646' title='bbox 3130 5417 3283 5468; x_wconf 88' lang='lat' dir='ltr'><strong>totas</strong></span> <span class='ocrx_word' id='word_1_647' title='bbox 3306 5413 3655 5485; x_wconf 87' lang='lat' dir='ltr'><strong>plerumque</strong></span> 
     </span>
    </p>
   </div>
   <div class='ocr_carea' id='block_1_88' title="bbox 2005 5501 3656 5579">
    <p class='ocr_par' dir='ltr' id='par_1_88' title="bbox 2005 5501 3656 5579">
     <span class='ocr_line' id='line_1_89' title="bbox 2005 5501 3656 5579; baseline -0.001 -19"><span class='ocrx_word' id='word_1_648' title='bbox 2005 5506 2272 5579; x_wconf 90' lang='lat' dir='ltr'><strong>periodos</strong></span> <span class='ocrx_word' id='word_1_649' title='bbox 2305 5505 2483 5560; x_wconf 87' lang='lat' dir='ltr'><strong>nullis</strong></span> <span class='ocrx_word' id='word_1_650' title='bbox 2514 5505 2706 5560; x_wconf 90' lang='lat' dir='ltr'><strong>verbis</strong></span> <span class='ocrx_word' id='word_1_651' title='bbox 2737 5503 3065 5559; x_wconf 89' lang='lat' dir='ltr'><strong>immutatis</strong></span> <span class='ocrx_word' id='word_1_652' title='bbox 3098 5503 3155 5557; x_wconf 91' lang='lat' dir='ltr'><strong>in</strong></span> <span class='ocrx_word' id='word_1_653' title='bbox 3206 5501 3507 5558; x_wconf 88' lang='lat' dir='ltr'><strong>volumina</strong></span> <span class='ocrx_word' id='word_1_654' title='bbox 3546 5520 3656 5558; x_wconf 91' lang='lat' dir='ltr'><strong>sua</strong></span> 
     </span>
    </p>
   </div>
   <div class='ocr_carea' id='block_1_89' title="bbox 2004 5591 3655 5666">
    <p class='ocr_par' dir='ltr' id='par_1_89' title="bbox 2004 5591 3655 5666">
     <span class='ocr_line' id='line_1_90' title="bbox 2004 5591 3655 5666; baseline -0.001 -17"><span class='ocrx_word' id='word_1_655' title='bbox 2004 5596 2381 5650; x_wconf 83' lang='lat' dir='ltr'><strong>transferens.</strong></span> <span class='ocrx_word' id='word_1_656' title='bbox 2410 5595 2467 5649; x_wconf 92' lang='lat' dir='ltr'><strong>Id</strong></span> <span class='ocrx_word' id='word_1_657' title='bbox 2489 5595 2641 5665; x_wconf 92' lang='lat' dir='ltr'><strong>quod</strong></span> <span class='ocrx_word' id='word_1_658' title='bbox 2669 5593 2967 5666; x_wconf 84' lang='lat' dir='ltr'><strong>productis</strong></span> <span class='ocrx_word' id='word_1_659' title='bbox 2990 5592 3346 5663; x_wconf 89' lang='lat' dir='ltr'><strong>quibusdam</strong></span> <span class='ocrx_word' id='word_1_660' title='bbox 3371 5591 3511 5648; x_wconf 91' lang='lat' dir='ltr'><strong>locis</strong></span> <span class='ocrx_word' id='word_1_661' title='bbox 3531 5593 3655 5665; x_wconf 88' lang='lat' dir='ltr'><strong>pla-</strong></span> 
     </span>
    </p>
   </div>
   <div class='ocr_carea' id='block_1_90' title="bbox 2006 5681 3651 5753">
    <p class='ocr_par' dir='ltr' id='par_1_90' title="bbox 2006 5681 3651 5753">
     <span class='ocr_line' id='line_1_91' title="bbox 2006 5681 3651 5753; baseline -0.001 -15"><span class='ocrx_word' id='word_1_662' title='bbox 2006 5702 2148 5739; x_wconf 90' lang='lat' dir='ltr'><strong>num</strong></span> <span class='ocrx_word' id='word_1_663' title='bbox 2183 5685 2365 5739; x_wconf 84' lang='lat' dir='ltr'><strong>facere</strong></span> <span class='ocrx_word' id='word_1_664' title='bbox 2394 5684 2833 5752; x_wconf 83' lang='lat' dir='ltr'><strong>constitueram,</strong></span> <span class='ocrx_word' id='word_1_665' title='bbox 2872 5681 2929 5735; x_wconf 91' lang='lat' dir='ltr'><strong>ni</strong></span> <span class='ocrx_word' id='word_1_666' title='bbox 2968 5681 3023 5735; x_wconf 91' lang='lat' dir='ltr'><strong>id</strong></span> <span class='ocrx_word' id='word_1_667' title='bbox 3066 5681 3179 5753; x_wconf 91' lang='lat' dir='ltr'><strong>ipsi</strong></span> <span class='ocrx_word' id='word_1_668' title='bbox 3218 5686 3338 5737; x_wconf 88' lang='lat' dir='ltr'><strong>tam</strong></span> <span class='ocrx_word' id='word_1_669' title='bbox 3381 5683 3651 5753; x_wconf 84' lang='lat' dir='ltr'><strong>frequens</strong></span> 
     </span>
    </p>
   </div>
   <div class='ocr_carea' id='block_1_91' title="bbox 2007 5770 3650 5845">
    <p class='ocr_par' dir='ltr' id='par_1_91' title="bbox 2007 5770 3650 5845">
     <span class='ocr_line' id='line_1_92' title="bbox 2007 5770 3650 5845; baseline -0.002 -15"><span class='ocrx_word' id='word_1_670' title='bbox 2007 5788 2134 5830; x_wconf 89' lang='lat' dir='ltr'><strong>esse</strong></span> <span class='ocrx_word' id='word_1_671' title='bbox 2165 5772 2603 5845; x_wconf 88' lang='lat' dir='ltr'><strong>comperissem,</strong></span> <span class='ocrx_word' id='word_1_672' title='bbox 2635 5775 2699 5827; x_wconf 89' lang='lat' dir='ltr'><strong>ut</strong></span> <span class='ocrx_word' id='word_1_673' title='bbox 2730 5770 2922 5843; x_wconf 88' lang='lat' dir='ltr'><strong>prima</strong></span> <span class='ocrx_word' id='word_1_674' title='bbox 2960 5770 3149 5829; x_wconf 81' lang='lat' dir='ltr'><strong>fronte</strong></span> <span class='ocrx_word' id='word_1_675' title='bbox 3192 5771 3412 5826; x_wconf 87' lang='lat' dir='ltr'><strong>furtum</strong></span> <span class='ocrx_word' id='word_1_676' title='bbox 3444 5770 3650 5842; x_wconf 85' lang='lat' dir='ltr'><strong>depre-</strong></span> 
     </span>
    </p>
   </div>
  </div>
