4096 6288
353 431 466 494 311

1212 424 1589 488 VETERUM
1635 425 1735 484 ET
1778 423 2338 486 RECENTIORUM
2384 423 2887 486 TESTIMONIA.

3640 422 3758 484 312

355 565 534 621 bendi
567 565 781 636 posset.
803 562 948 627 Quid
973 562 1042 616 de
1066 562 1429 616 Thcodoreto
1454 559 1774 630 dicam,qui
1808 559 1995 629 ipsam
2029 559 2084 624 Α
2114 557 2342 612 Christo
2375 558 2539 626 illud,
2573 562 2628 614 et
2657 559 2713 612 in
2739 558 2996 614 Ecclesia
3017 558 3429 628 interpretans,
3457 573 3570 611 non
3599 572 3661 610 se
3681 557 3761 611 ita

362 669 595 726 quoque
612 651 864 721 theologi
886 650 1146 723 phrasim
1162 649 1479 705 ati‘ectavit?
1497 649 2002 714 Quemadmodum

361 758 430 798 ex
460 741 630 796 unico
660 740 846 811 capite
880 739 1013 793 libri
1046 738 1238 810 quarti
1270 741 1466 795 Haeret.
1489 738 1808 807 fabularum
1838 753 2003 806 aper-

362 831 590 888 tissime
613 829 816 900 liquet,
844 828 941 884 ubi
967 845 1034 884 ex
1058 828 1232 883 variis
1254 827 1509 899 Gregorii
1535 825 1767 896 scriptis
1799 825 2007 880 oratio-

362 935 499 976 nem
521 935 689 974 suam
709 915 1458 973 concinnavit.DeNestorio
1474 914 2006 984 enimloquens(~’15)

363 1005 580 1076 ’Δλλην
614 1004 665 1076 ἐξ
697 1002 873 1073 ἄλλης
907 999 1150 1076 ἀμείϐων
1197 1004 1406 1078 χώραν,
1437 1003 1674 1076 καθάπερ
1709 1000 2006 1075 Αἲγυπτια-

365 1097 435 1167 κή
467 1116 548 1158 τις
590 1094 799 1168 μάστιξ,
831 1097 900 1167 τῇ
953 1093 1165 1168 μεγάλῃ
1211 1097 1317 1147 τῶν
1374 1093 1699 1165 Ἀντιοχέων
1751 1089 2008 1162 ἐνέσκηψε

367 1184 547 1241 πόλιν
585 1183 635 1239 ἐν
663 1183 829 1257 ταύτῃ
859 1182 1040 1257 λόγων
1090 1180 1406 1257 ἐλευθερίων
1454 1180 1683 1256 μετρίως
1740 1198 2008 1253 μετεσχη-

369 1275 596 1345 κὼς....,
652 1277 719 1346 τῇ
780 1269 1076 1342 Ἐκκλησία
1131 1269 1227 1325 τοῦ
1285 1274 1417 1325 Θεοῦ
1483 1271 1690 1345 προϊὼν
1769 1268 2008 1345 εἶσεφθά-

372 1386 462 1442 ρη.
496 1365 566 1419 Et
598 1363 768 1436 paulo
801 1363 1044 1418 inferius
1076 1380 1088 1416 :
1123 1361 1379 1415 Ἐνταῦθά
1424 1381 1516 1432 μοι
1567 1358 1758 1413 λοιπὸν
1811 1357 1897 1411 καὶ
1947 1357 2013 1410 τὰ

373 1450 640 1526 δράματα,
697 1453 770 1505 ὧν
835 1455 1031 1524 μικροῦ
1088 1448 1310 1524 πλήρης
1383 1454 1525 1502 πᾶσα
1566 1450 1636 1523 γῆ
1680 1468 1738 1501 τε
1784 1447 1873 1501 καὶ
1916 1446 2014 1500 Θά-

2113 653 2427 714 asserat,ut
2449 648 2766 704 testimonii
2793 647 3123 719 postulabat
3146 646 3758 718 dignitas,expressis-

2114 754 2194 800 se,
2230 739 2327 792 sed
2362 738 2792 807 quodammodo
2827 736 3072 790 dixerit:
3128 736 3255 789 Scio
3288 736 3426 806 quia
3456 737 3618 790 locus
3649 735 3762 790 iste

2115 826 2509 880 ineffabilibus
2543 826 2751 897 plenus
2773 826 2848 881 sit
2872 825 3276 894 sacramentis,
3302 829 3358 879 et
3379 825 3640 879 divinum
3665 841 3764 880 cor

2116 919 2336 986 quaerat
2367 915 2719 986 interpretis.
2757 937 2783 962 ››

2187 1005 2549 1075 Augustinus
2572 1006 2679 1074 (48)
2698 1002 2944 1074 epistola
2962 1019 3166 1058 cxcvm
3189 1002 3259 1056 ad
3283 1001 3766 1057 Fortunatianum

2118 1095 2308 1150 citatis
2338 1095 2688 1164 quibusdam
2714 1111 2781 1148 ex
2805 1093 3143 1157 Athanasio,
3172 1116 3197 1141 ‹‹
3223 1091 3535 1162 Gregorius
3567 1090 3766 1159 etiam,

2119 1184 2326 1254 inquit,
2377 1187 2617 1238 sanctus
2662 1183 2972 1253 episc0pus
3034 1179 3342 1236 Orientalis
3398 1178 3768 1250 apertissime

2121 1273 2279 1339 dicit,
2305 1273 2485 1327 Deum
2513 1277 2720 1327 natura
2740 1270 3112 1338 invisibilem,
3141 1270 3374 1340 quando
3399 1269 3660 1339 patribus
3681 1269 3765 1323 vi-

2121 1380 2222 1418 sus
2253 1367 2362 1428 est,
2386 1363 2537 1416 sicut
2559 1361 2760 1432 Moysi,
2785 1377 2918 1414 cum
2943 1377 3057 1430 quo
3081 1359 3222 1413 facie
3248 1359 3319 1412 ad
3347 1357 3553 1412 faciem
3572 1357 3770 1428 loque:

2123 1451 2313 1517 batur,
2347 1449 2599 1520 alicujus
2629 1448 3042 1520 conspicabilis
3089 1446 3344 1501 materiae
3386 1445 3768 1517 dispositione

372 1541 562 1598 λαττα.
589 1547 802 1597 Annon
835 1541 957 1596 haec
990 1542 1104 1595 duo
1135 1540 1262 1594 loca
1292 1540 1362 1594 ad
1393 1540 1635 1593 verbum
1667 1537 2017 1610 transcripta
2124 1545 2447 1610 assumpta,
2483 1538 2641 1593 salva
2671 1555 2777 1592 sua
2807 1535 3206 1591 invisibilitate
3238 1535 3417 1590 videri
3449 1535 3768 1607 potuisse.»

375 1637 513 1688 sunt
562 1647 630 1686 ex
678 1629 1078 1684 Athanasiana
1125 1627 1386 1698 Gregorii
1439 1626 1743 1681 oratione?
1791 1626 2017 1680 Rursus
2125 1628 2276 1684 Citat
2307 1633 2508 1699 postea
2537 1627 2933 1681 Ambrosium.

373 1720 496 1775 haec
525 1720 701 1774 verba
752 1720 856 1784 Τῆς
895 1716 1030 1770 κατὰ
1082 1712 1647 1771 Κωνσταντινούπολιν
1695 1717 1800 1766 τῶν
1854 1712 2016 1787 ὀρθο-

377 1805 546 1877 δόξων
619 1804 916 1873 καθολικῆς
995 1802 1317 1873 Ἐκκλησίας
1389 1804 1488 1871 τὴν
1564 1799 1852 1876 προεδρίαν
1929 1801 2017 1855 πί-

2200 1717 2356 1771 Idem
2390 1717 2498 1786 (49)
2530 1716 2630 1770 lib.
2667 1733 2683 1770 1
2719 1715 2917 1770 Contra
2962 1716 3248 1770 lulianum
3282 1715 3667 1785 Pelagianam,
3701 1714 3772 1769 de

2128 1808 2360 1877 peccato
2392 1803 2681 1875 originali,
2707 1807 2836 1874 post
2859 1803 3064 1857 citatos
3088 1802 3416 1858 Occidentis
3447 1801 3770 1874 episcopos,

377 1894 638 1968 στεύεται,
667 1893 817 1949 οὐδὲν
853 1891 908 1948 δὲ
937 1896 1096 1962 ἧττον
1129 1892 1216 1948 καὶ
1248 1899 1347 1962 τῆς
1405 1891 1729 1964 οἰκουμένης
1785 1890 2016 1961 ἀπάσης.

2128 1893 2211 1949 sic
2243 1895 2312 1948 de
2342 1893 2612 1964 Gregorio
2657 1892 3037 1958 Nazianzeno,
3092 1907 3263 1963 quem
3315 1892 3570 1963 primum
3624 1891 3775 1947 inter

377 1987 686 2060 Ipsissima
715 1989 853 2040 sunt
884 1985 1059 2039 verba
1080 1982 1480 2053 Gregorii,etsi
1503 1983 1697 2038 locum
1721 2000 1877 2037 nunc
1902 1999 2017 2037 non

377 2075 520 2132 satis
554 2073 812 2131 memini.
832 2074 991 2140 Quod
1017 2078 1071 2128 et
1100 2073 1229 2128 aliis
1261 2073 1449 2127 verbis
1471 2072 1553 2127 ita
1582 2073 1743 2127 eii‘ert
1775 2073 1834 2126 in
1869 2072 2020 2128 Basi-

371 2165 547 2235 liana,
584 2164 681 2217 Διὰ
714 2167 838 2235 μιᾶς
866 2168 965 2230 τῆς
994 2161 1302 2236 Καισαρέως
1353 2157 1568 2221 πόλεως
1611 2160 1681 2231 τῇ
1731 2159 2018 2233 οἰκουμένῃ

374 2251 516 2326 πάσῃ
547 2249 847 2327 πυρσεύειν.
881 2252 1013 2306 Jam
1044 2268 1177 2305 cum
1210 2251 1360 2304 idem
1403 2249 1623 2305 Theod.
1656 2251 1855 2305 eodem
1892 2249 2042 2307 loco:

365 2344 466 2411 ait,
517 2343 603 2403 Ὡς
641 2340 743 2415 γὰρ
794 2340 884 2394 τὸν
937 2339 1186 2414 μέγιστον
1239 2338 1440 2393 ἐκεῖνον
1491 2332 1755 2393 κατέλαϐε
1803 2338 2012 2413 Θρόνον,

367 2431 607 2506 καθάπερ
652 2429 772 2484 τινὰ
817 2425 1104 2503 τυραννίδα
1149 2429 1246 2495 τῆς
1293 2425 1704 2502 ἀρχιερωσύνης
1747 2428 1846 2496 τὴν
1880 2447 2014 2503 προ-

369 2519 582 2573 στασίαν
620 2518 878 2593 ἀρπάσας·
910 2517 1293 2590 proculdubio
1325 2517 1446 2572 haec
1478 2535 1511 2572 a
1537 2517 1812 2589 Gregorio
1854 2534 2013 2574 acce-

368 2608 473 2682 pit,
506 2609 675 2678 cujus
705 2607 765 2662 in
795 2606 1194 2662 Athanasiana
1224 2605 1348 2660 haec
1387 2606 1560 2660 verba
1605 2610 1766 2671 sunt,
1808 2603 1879 2659 Οὐ
1911 2604 2013 2680 γὰρ

374 2693 514 2770 ὁμοῦ
544 2716 601 2749 τε
630 2688 1036 2767 καταλαμϐάνει
1068 2694 1155 2747 τὸν
1191 2692 1403 2764 θρόνον,
1438 2690 1617 2767 ὥσπερ
1673 2692 1724 2746 οἱ
1769 2693 2014 2768 τυραννί-

369 2782 434 2840 δα
479 2784 597 2839 τινὰ
626 2785 660 2852 ἢ
708 2781 1081 2856 κληρονομίαν
1132 2779 1432 2854 παράδοξον
1485 2780 1834 2857 ἁρπάσαντες.
1869 2785 2012 2839 Rur-

372 2893 474 2932 sus
505 2871 784 2942 illa,oi’xoc
813 2874 880 2927 τὰ
908 2870 1094 2927 πολλὰ
1127 2866 1367 2947 βιϐλίοις
1393 2871 1872 2946 προσανὲχων,καὶ
1895 2873 2012 2936 καθ’

372 2962 605 3036 ἡσυχίαν
640 2962 810 3032 ἑαυτῷ
857 2960 1266 3036 συγγινόμενος,
1302 2978 1369 3015 ex
1417 2961 1680 3017 oratione
1728 2963 1799 3017 ad
1849 2962 2010 3016 Aria-

364 3069 472 3109 nos
503 3058 741 3124 sumpta
771 3055 929 3107 sunt.
963 3051 1074 3106 Sed
1107 3051 1175 3105 de
1207 3050 1315 3105 hoc
1349 3050 1513 3105 satis.
1544 3053 1781 3116 Quantas
1813 3055 2009 3106 autem

373 3143 541 3197 fama:
574 3147 747 3212 atque
775 3140 1140 3196 auctoritatis
1161 3139 1219 3194 in
1252 3140 1521 3194 universa
1537 3139 1793 3196 Ecclesia
1823 3139 2009 3210 ipsius

367 3235 750 3286 monumenta
780 3229 1016 3294 fuerint,
1050 3228 1210 3283 nullo
1242 3233 1588 3299 argumento
1621 3228 1878 3299 apertius
1909 3229 2008 3284 de-

2128 1983 2380 2037 Orientis
2410 1982 2715 2053 episcopos
2747 1982 3043 2038 nominat:
3099 2003 3127 2030 ‹‹
3160 1981 3270 2035 Sed
3306 1997 3422 2035 non
3454 1980 3559 2034 tibi
3591 1981 3777 2036 deerit

2129 2071 2323 2142 magni
2353 2070 2608 2125 nominis
2633 2075 2688 2124 et
2713 2070 2867 2123 fama
2889 2069 3262 2124 celeberrima
3285 2068 3529 2123 illustris
3555 2069 3774 2141 episco-

2129 2177 2240 2232 pus
2260 2159 2434 2215 etiam
2458 2160 2528 2214 de
2551 2159 2817 2230 partibus
2838 2157 3108 2226 Orientis,
3133 2159 3301 2228 cujus
3324 2157 3556 2229 eloquia
3577 2158 3774 2229 ingen-

2128 2250 2200 2304 tis
2226 2250 2431 2304 merito
2454 2247 2673 2319 gratiae,
2699 2247 2871 2302 etiam
2904 2246 2961 2300 in
2993 2246 3253 2318 linguam
3291 2247 3554 2301 Latinam
3588 2252 3778 2302 trans—

2127 2337 2243 2393 lata
2265 2353 2687 2408 usquequaque
2711 2336 3061 2391 claruerunt.
3088 2336 3295 2390 Sedeat
3319 2352 3452 2408 ergo
3483 2352 3616 2390 cum
3643 2335 3772 2391 istis

2131 2427 2394 2482 Patribus
2423 2425 2668 2498 (Latinis
2699 2425 2942 2496 scilicet)
2969 2425 3143 2480 etiam
3170 2429 3407 2480 sanctus
3437 2425 3771 2497 Gregorius,

2125 2519 2181 2571 et
2208 2533 2342 2571 cum
2375 2515 2458 2571 eis
2493 2520 2606 2571 tum
2637 2514 3062 2571 criminationis
3087 2514 3322 2570 inanem
3346 2515 3605 2587 patiatur
3626 2514 3772 2569 invi-

2125 2604 2315 2661 diam:
2350 2606 2491 2660 dum
2525 2610 2719 2659 tamen
2753 2621 2886 2659 cum
2909 2604 2993 2659 eis
3015 2607 3218 2659 contra
3241 2604 3512 2658 novitiam
3547 2607 3771 2674 pestem

2123 2698 2396 2762 vestram,
2431 2693 2835 2749 medicinalem
2867 2698 2923 2748 et
2955 2693 3079 2764 ipse
3113 2694 3365 2765 proterat
3396 2693 3767 2748 sententiam.

2122 2783 2275 2838 Audi
2307 2800 2441 2855 ergo
2473 2783 2610 2854 quid
2662 2783 2855 2838 dicat:
2905 2785 3120 2854 Imago,
3177 2781 3386 2852 inquit,
3421 2781 3519 2835 Dei
3573 2780 3766 2836 labem

2122 2889 2406 2944 corporeze
2430 2873 2830 2928 inunda‘tionis
2861 2876 3159 2943 expurget,
3182 2875 3237 2926 et
3258 2872 3624 2939 conjunctam
3655 2870 3766 2925 sibi

2120 2978 2354 3016 carnem
2386 2961 2556 3016 Verbi
2604 2962 2702 3016 Dei
2749 2961 3008 3016 sublevet
3057 2959 3281 3031 pennis.
3321 2961 3384 3012 Et
3414 2958 3701 3030 quamvis,
3731 2977 3757 3008 ιο

2119 3055 2228 3105 etc.
2261 3051 2407 3105 Citat
2437 3055 2492 3104 et
2523 3054 2725 3122 postea
2769 3067 2837 3104 ex
2885 3050 3142 3104 oratione
3179 3054 3257 3104 De
3289 3050 3580 3119 baptismo.
3616 3069 3643 3098 ι(
3677 3054 3767 3104 An

2117 3139 2221 3193 tibi
2248 3157 2423 3211 parva
2444 3140 2501 3193 in
2528 3157 2642 3193 uno
2657 3139 2932 3209 Gregorio
2949 3139 3356 3209 episcoporum
3380 3137 3767 3194 Orientalium

2120 3229 2350 3283 videtur
2371 3229 2690 3283 auctoritas
2706 3228 2733 3282 ?
2757 3229 2852 3282 Est
2873 3228 3107 3297 quidem
3131 3231 3294 3282 tanta
3319 3232 3656 3297 persona,ut
3678 3245 3770 3283 ne-

367 3317 682 3373 monstrari
715 3322 922 3388 potest,
954 3333 1126 3387 quam
1179 3295 1339 3387 quod
1383 3317 1571 3370 Latini
1621 3295 1692 3372 ne
1724 3321 2008 3387 punctum
2041 3295 2084 3361 α
2123 3333 2234 3388 que
2261 3317 2355 3372 ille
2385 3317 2494 3370 hoc
2517 3316 2630 3370 nisi
2652 3333 2718 3371 ex
2742 3317 2854 3371 ﬁde
2876 3295 3209 3371 Christiana
3232 3295 3506 3371 omnibus
3531 3316 3766 3371 notissi-

367 3407 606 3478 quidem
637 3405 916 3476 temporis
940 3405 1011 3459 iis
1034 3421 1227 3460 carere
1245 3405 1654 3470 sustinuerint,
1679 3407 1778 3461 sed
1811 3407 2010 3461 statim

370 3496 432 3550 in
457 3494 680 3550 Latium
705 3494 1110 3549 transferenda
1130 3495 1733 3565 curarint,eorumque
1757 3496 2014 3552 testimo-

369 3584 484 3640 niis
507 3583 684 3638 libros
708 3599 845 3638 suos
869 3581 1144 3636 illustrari
1156 3581 1361 3639 nt.Nos
1385 3583 1605 3638 caeteris
1625 3583 1860 3639 omissis
1883 3584 2012 3656 ipsa

365 3677 598 3728 tantum
631 3672 857 3726 lumina
889 3671 1270 3743 proferemus.

440 3761 822 3832 Hieronymus
854 3761 965 3832 (46)
987 3776 1120 3814 eum
1150 3762 1558 3830 praeceptorem
1581 3777 1753 3816 suum
1780 3762 1916 3817 facit
1951 3764 2007 3817 in

370 3850 650 3919 Catalogo
679 3852 1004 3921 scriptorum
1035 3849 1328 3904 ecclesiast.
1353 3853 1409 3902 et
1434 3848 1492 3901 in
1521 3849 1802 3922 Apologia
1823 3851 2013 3922 priore

369 3939 625 3995 adversus
653 3941 911 4010 Ruﬁnum
932 3956 950 3992 :
985 3961 1012 3988 «
1045 3940 1128 3992 An
1187 3936 1425 4007 injuria,
1457 3937 1670 4008 inquit,
1725 3940 1829 3995 tibi
1863 3941 2013 3996 facta

363 4029 633 4099 est,quod
654 4045 754 4098 pro
778 4031 834 4082 te
858 4025 1735 4099 Apollinarium,Didymumque
1755 4034 2011 4086 sectatus

366 4133 499 4172 sum
527 4117 553 4170 ‘i
582 4116 881 4188 Numquid
935 4116 992 4170 in
1034 4115 1136 4170 illa
1164 4114 1410 4186 epistola
1439 4115 1786 4187 Gregorium
1819 4118 2008 4175 virum

361 4204 913 4276 eloquentissimum
946 4221 1059 4258 non
1094 4205 1254 4274 potui
1287 4203 1637 4259 nominare?
1684 4205 1821 4269 Quis
1853 4209 2007 4278 apud

361 4293 591 4348 Latinos
624 4310 728 4364 par
755 4294 843 4346 sui
879 4291 1013 4346 est?
1058 4294 1180 4358 Quo
1230 4307 1334 4364 ego
1380 4293 1661 4364 magistro
1706 4293 1922 4366 glorior
1950 4303 2008 4352 et

365 4381 612 4438 exsulto.
640 4403 667 4430 »
699 4381 796 4436 Sui
823 4385 1015 4435 autem
1045 4381 1328 4451 imparem
1353 4382 1505 4451 apud
1533 4382 1769 4438 Latinos
1792 4384 2004 4457 Grego-

361 4468 515 4524 rium
547 4470 777 4524 videtur
806 4470 1018 4534 dicere,
1054 4473 1118 4522 ut
1158 4471 1319 4523 notet
1359 4469 1676 4526 Ruﬁnum:
1724 4473 1822 4542 qui
1874 4490 2003 4529 cum

361 4558 486 4629 ipse
508 4558 661 4628 apud
687 4573 825 4611 suos
847 4561 999 4611 esset
1019 4555 1816 4627 eloquentissimus,Ruﬁnus
1839 4562 1897 4616 in
1922 4564 2005 4618 in-

2122 3422 2219 3459 ma
2240 3405 2486 3460 diceret:
2516 3422 2617 3460 nec
2641 3404 2723 3458 illi
2743 3422 2874 3460 eum
2901 3409 3019 3459 tam
3047 3404 3269 3459 clarum
3296 3405 3574 3460 baberent
3596 3409 3766 3476 atque

2120 3495 2536 3562 venerandum,
2572 3494 2682 3548 nisi
2716 3493 2838 3547 hmo
2870 3494 2940 3548 ab
2972 3492 3072 3548 illo
3099 3494 3254 3548 dicta
3277 3511 3339 3548 ex
3365 3493 3562 3565 regula
3584 3494 3763 3549 notis-

2122 3582 2283 3637 sima
2311 3582 2565 3637 veritatis
2597 3585 2998 3654 agnoscerent.
3035 3604 3061 3631 ››

2196 3671 2354 3724 Idem
2395 3670 2495 3724 lib.
2531 3688 2569 3723 11
2601 3671 2880 3725 adversus
2923 3671 3193 3725 eumdem
3243 3687 3372 3742 pag.
3405 3671 3510 3725 530
3542 3669 3682 3726 citat
3711 3675 3768 3726 et

2122 3760 2365 3831 explicat
2397 3759 2822 3814 Nazianzenum
2855 3777 2922 3814 ex
2945 3759 3043 3814 lib.
3069 3761 3426 3831 Apologelz'co.
3453 3760 3520 3815 Et
3541 3759 3641 3815 lib.
3666 3761 3766 3817 De-

2122 3850 2258 3905 dono
2287 3851 2707 3920 perseverantiae
2738 3866 2862 3920 cap.
2899 3850 2984 3918 19,
3032 3865 3097 3904 ex
3129 3849 3387 3905 oratione
3420 3851 3478 3903 in
3508 3853 3766 3905 Penteco-

2121 3943 2255 3995 stem
2286 3939 2684 3994 testimonium
2718 3941 2968 4010 protert:
3006 3939 3102 3993 ubi
3139 3943 3332 3994 tamen
3369 3956 3468 4010 pro
3502 3961 3528 3988 «
3563 3941 3767 4011 depre-

2121 4029 2366 4098 cabitur,
2402 4049 2428 4076 ››
2462 4028 2800 4082 vertendum
2833 4029 3041 4098 fuerat,
3081 4049 3107 4077 ‹‹
3139 4028 3602 4098 deprecabimur.
3640 4050 3667 4076 ››

2193 4117 2506 4189 Gregorius
2540 4116 2692 4186 Papa
2723 4117 2859 4188 (50),
2885 4117 2944 4170 in
2974 4116 3210 4187 prologo
3241 4117 3425 4171 tertiae
3454 4116 3638 4187 partis
3667 4117 3769 4170 Pa-

2117 4205 2344 4261 storalis
2373 4220 2546 4272 curae,
2583 4204 2944 4276 Theologum
2980 4209 3247 4260 nostrum
3293 4204 3373 4259 ita
3423 4205 3599 4259 citat:
3632 4226 3660 4254 «
3697 4203 3770 4259 Ut

2116 4281 2287 4366 longe
2319 4299 2452 4351 ante
2483 4311 2588 4350 nos
2620 4295 2953 4349 reverendae
2985 4293 3276 4348 memoriae
3309 4293 3622 4365 Gregorius
3654 4294 3774 4352 Na-

2116 4384 2425 4438 zianzenus
2448 4383 2829 4438 edocuit.Non
2846 4399 2964 4437 una
2980 4384 3301 4453 eademque
3316 4382 3543 4437 cunctis
3565 4383 3772 4438 exhor-

2114 4473 2254 4528 tatio
2287 4473 2576 4543 congruit,
2603 4473 2741 4542 quia
2765 4489 2876 4527 non
2911 4477 3152 4527 cunctos
3189 4490 3289 4543 par
3319 4489 3550 4527 morum
3584 4471 3771 4543 quali-

2113 4568 2209 4617 tas
2241 4561 2533 4633 astringit.
2559 4584 2584 4610 »
2610 4561 2739 4616 Hazc
2762 4578 2932 4632 porro
2953 4563 3124 4617 verba
3145 4566 3284 4616 sunt
3302 4561 3561 4632 Gregorii
3586 4561 3767 4617 nostri
3822 4561 3826 4564 ’

364 4645 783 4717 terpretatione
805 4644 1029 4716 aliquot
1051 4645 1209 4701 illius
1230 4645 1556 4701 orationum
1580 4664 1785 4718 parum
1819 4653 2015 4722 gnavi-
2045 4661 2090 4724 Ι)
2120 4668 2138 4705 1
2170 4653 2437 4721 Apologet.

358 4739 447 4791 ter
477 4752 537 4790 se
570 4739 850 4807 gesserat,
876 4751 1062 4806 neque
1087 4733 1229 4789 satis
1253 4733 1498 4790 feliciter
1526 4740 1697 4792 tantae
1729 4739 2008 4812 eloquen-

359 4824 450 4879 tiae
483 4824 880 4896 responderat.

431 4913 589 4968 Idem
621 4913 1010 4985 Hieronymus
1044 4913 1176 4983 (47),
1211 4911 1507 4984 explicans
1540 4914 1679 4970 illud
1716 4917 1924 4989 Ephes'
1951 4937 2004 4992 γ’

351 5004 440 5072 32,
473 5007 897 5058 Sacramentum
931 5002 1026 5057 hoc
1056 5019 1315 5073 magnum
1346 5012 1424 5057 est
1454 5021 1475 5064 ;
1505 5021 1602 5072 ego
1653 5016 1860 5074 autem,
1895 5012 2004 5064 etc.

355 5115 382 5141 ‹‹
413 5092 725 5164 Gregorius
748 5092 1165 5159 Nazianzenus,
1189 5091 1404 5164 inquit,
1429 5093 1514 5147 vir
1534 5094 1700 5149 valde
1727 5095 2006 5168 eloquens

352 5183 409 5235 et
441 5180 497 5234 in
529 5180 843 5251 Scripturis
874 5179 1134 5252 apprime
1166 5181 1454 5243 eruditus,
1482 5197 1614 5238 cum
1649 5184 1719 5239 de
1750 5185 1858 5240 hoc
1890 5203 2004 5241 me-

353 5285 487 5324 cum
521 5273 802 5325 tractaret
833 5268 979 5336 loco,
1014 5268 1238 5325 solebat
1268 5271 1495 5326 dicere:
1528 5271 1671 5327 Vide
1716 5279 2002 5344 quantum

360 5358 532 5415 istius
589 5359 828 5431 capituli
888 5367 1313 5415 sacramentum
1372 5360 1468 5429 sit,
1502 5368 1563 5416 ul
1601 5363 1912 5435 Apostolus
1943 5365 2001 5420 in

431 5554 548 5627 (45)
578 5554 741 5627 Tom.
776 5554 868 5627 IV,
902 5570 1033 5627 pag.
1065 5555 1191 5611 244.

429 5625 544 5700 (is)
569 5626 739 5700 10m.
771 5626 869 5700 ιν,
901 5625 1050 5698 part.
1086 5645 1148 5696 11,
1182 5645 1236 5700 p.
1271 5628 1394 5700 363.

424 5696 538 5771 (ῃ)
569 5696 732 5771 Tom.
769 5697 863 5771 ιν,
896 5696 1043 5771 part.
1077 5715 1116 5766 ι,
1152 5696 1206 5771 p'.
1235 5699 1358 5754 393.

426 5767 543 5838 (48)
571 5768 733 5826 Tom.
769 5768 836 5838 II,
871 5767 928 5841 p1
960 5770 1087 5826 500.

2192 4741 2302 4794 Leo
2334 4745 2489 4811 Papa
2511 4740 2644 4809 (51),
2671 4739 2866 4811 Magni
2891 4745 3273 4812 cognomento
3306 4739 3645 4809 honoratus,
3666 4739 3762 4809 qui

2115 4830 2519 4900 pontificatum
2542 4829 2798 4899 suscepit
2820 4829 2973 4884 circa
2998 4846 3216 4884 annum
3243 4828 3472 4883 Domini
3492 4828 3615 4898 441,
3639 4827 3759 4899 epi-

2117 4922 2268 4973 stota
2296 4935 2500 4973 cxxxw
2528 4919 2600 4972 ad
2633 4918 2882 4973 Leonem
2913 4919 3241 4990 Augustum
3265 4920 3468 4972 contra
3487 4915 3762 4988 blasphe-

2117 5007 2265 5063 mias
2285 5007 2530 5063 Nestorii
2557 5010 2615 5063 et
2637 5007 2990 5080 Eutychetis,
3015 5006 3196 5062 sancti
3220 5005 3478 5078 Gregorii
3502 5006 3764 5078 episcopi

2114 5096 2462 5153 Nazianzeni
2489 5097 2546 5152 in
2579 5097 2821 5154 homilia
2851 5102 2934 5153 De
2961 5097 3282 5168 Epiphania
3324 5095 3445 5151 hinc
3475 5097 3653 5152 verba
3683 5097 3764 5153 ci-

2117 5190 2242 5243 tat:
2279 5209 2306 5237 ‹‹
2340 5190 2482 5242 Cum
2515 5203 2651 5258 ergo
2681 5186 3062 5258 processisset
3093 5201 3161 5241 ex
3206 5186 3443 5257 Virgine
3494 5185 3671 5257 Deus,
3704 5187 3763 5242 in

2114 5292 2200 5345 ea,
2236 5292 2409 5346 quam
2467 5281 2874 5346 assumpserat
2931 5275 3192 5331 humana
3250 5281 3482 5341 natura,
3516 5292 3701 5331 unum
3735 5293 3765 5330 e

2114 5365 2344 5420 duobus
2378 5364 2490 5420 sibi
2523 5364 2772 5419 invicem
2805 5364 3114 5420 contrariis
3163 5365 3472 5434 exsistens,
3506 5381 3677 5421 carne
3709 5368 3764 5422 et

2183 5561 2296 5630 (49)
2327 5560 2493 5614 Tom.
2527 5563 2598 5628 Χ,
2634 5575 2690 5630 p.
2720 5561 2848 5614 501..

2209 5561 2275 5614 49
2327 5561 2493 5614 Tom.
2527 5563 2598 5628 Χ,
2634 5575 2690 5630 p.
2720 5561 2791 5614 50

2204 5561 2296 5702 5οζ
2323 5631 2488 5686 Tom.
2518 5629 2585 5700 II,
2621 5648 2676 5702 p7.
2704 5632 2792 5686 33.

2204 5701 2293 5773 51)
2327 5702 2386 5758 S.
2417 5702 2547 5770 Leo,
2581 5701 2718 5758 edit.
2747 5702 2940 5760 in-fol.
2972 5721 3030 5778 p.
3061 5704 3188 5759 353.
