4096 6288
3696 460 3816 521 314

405 473 524 534 313
1280 470 1659 534 VETERUM
1707 470 1805 531 ET
1847 468 2414 531 RECENTIORUM
2456 467 2962 531 TESTIMONIA.

399 609 636 681 spiritu,
664 608 821 666 aliud
845 609 903 664 in
926 608 1109 664 Deum
1127 608 1469 675 assumitur,
1490 606 1647 662 aliud
1673 604 1902 662 deitatis
1925 622 2051 677 gra-
2079 608 2135 673 Α
2238 605 2501 661 Gelasius
2534 606 2603 663 de
2635 606 2865 661 duabus
2908 605 2967 661 in
2999 602 3229 660 Christo
3277 600 3503 659 naturis
3534 601 3813 657 adversus

399 697 483 753 tia
517 703 769 771 praestat.
804 699 963 753 Idem
995 697 1185 751 infra:
1214 696 1429 751 Missus
1461 702 1546 751 est
1568 694 1827 766 quidem,
1855 695 1954 749 sed
1991 697 2055 749 ut
2164 695 2479 769 Eutychem
2508 700 2563 751 et
2591 696 2947 761 Nestorium,
2997 692 3183 749 multa
3228 695 3484 747 veterum
3518 692 3813 764 theologo-

399 785 601 842 homo.
636 787 860 858 Duplex
881 786 1034 841 enim
1057 790 1179 841 erat
1198 786 1256 840 in
1283 801 1349 841 eo
1380 788 1610 840 natura.
1637 784 1776 837 Inde
1798 783 2053 855 denique
2164 801 2315 849 rum,
2340 790 2405 839 ut
2432 786 2658 857 Ignatii,
2687 784 2993 847 Eustathii,
3023 782 3333 855 Hippolyti,
3360 781 3681 843 Athanasii,
3708 786 3813 837 Eu-

399 878 463 930 et
492 874 778 931 laboravit
808 893 875 929 ex
906 874 1129 935 itinere.
1165 875 1299 929 inde
1338 878 1395 929 et
1423 873 1648 943 esuriit,
1682 877 1737 927 et
1766 872 1965 938 sitivit,
1996 876 2053 927 et

400 965 789 1020 contristatus
821 969 929 1032 est,
962 967 1018 1019 et
1050 963 1222 1033 flevit,
1254 963 1499 1018 humani
1550 962 1810 1033 corporis
1842 961 1986 1032 lege.
2019 983 2047 1012 ››

393 1051 551 1107 Citat
577 1057 775 1124 postea
805 1053 1085 1107 Basiliam
1118 1054 1456 1124 episcopum
1485 1053 1915 1123 Cappadocum.

469 1142 817 1197 Vincentius
850 1142 1171 1197 Lirinensis
1213 1144 1327 1196 fere
1360 1142 1428 1196 ad
1465 1142 1637 1196 ﬁnem
1672 1140 1825 1204 libri,
1873 1155 2048 1211 quem

396 1232 570 1286 docte
619 1232 895 1287 adversus
939 1231 1213 1302 profanas
1257 1231 1541 1286 novitates
1585 1222 1956 1300 conscripsit,
1987 1228 2047 1282 in

387 1319 685 1391 Ephesina
716 1321 937 1391 synodo
962 1336 1067 1375 suo
1090 1324 1351 1391 tempore
1378 1323 1578 1374 contra
1608 1318 1939 1374 Nestorium
1962 1332 2049 1370 ce-

384 1408 637 1478 lebrata,
671 1409 890 1480 scripta
920 1408 1264 1464 Nazianzeni
1294 1409 1530 1464 recitata
1560 1406 1781 1462 scribit.
1816 1428 1844 1456 «
1877 1406 2055 1460 Adhi'

388 1496 517 1551 bita
550 1502 688 1551 sunt
718 1498 916 1565 etiam,
973 1498 1186 1569 inquit,
1239 1497 1341 1553 illa
1386 1496 1755 1569 Cappadociae
1800 1495 2047 1561 lumina,

394 1589 639 1641 sanctus
662 1585 976 1658 Gregorius
999 1586 1309 1659 episcopus
1327 1590 1384 1641 et
1400 1586 1697 1641 confessor
1719 1586 1787 1639 de
1809 1584 2048 1639 Nazian-

395 1674 472 1728 do
503 1673 589 1729 vel
616 1675 938 1730 Nazianzo:
972 1679 1213 1730 sanctus
1244 1673 1496 1730 Basilius
1527 1676 1798 1731 Cmsarere
1829 1677 2048 1745 Cappa-

394 1762 575 1818 docia;
606 1765 918 1836 episcopus
948 1768 1003 1820 et
1028 1765 1343 1819 confessor.
1378 1788 1398 1815 ι)

466 1854 601 1917 Quae
634 1859 830 1908 autem
864 1854 923 1909 in
955 1870 1023 1909 ea
1051 1854 1272 1926 synodo
1303 1869 1371 1908 ex
1416 1853 1776 1908 Nazianzeno
1808 1850 2048 1907 recitata

388 1942 533 2011 sint,
562 1941 645 1997 sic
676 1943 953 2045 Rusticus
980 1944 1278 2045 d‘iaﬂconus.
1301 1948 1501 1998 contra
1529 1941 2045 2045 aeephalos'com-
2076 1981 2123 2045 Β
2153 1972 2481 2044 Epiphania
2511 1972 2649 2027 citat
2688 1941 2799 2043 (ἐξ)
2824 1989 2836 2025 ε

390 2035 702 2094 memorat,
736 2032 835 2086 ubi
869 2034 939 2087 de
992 2032 1322 2086 differentia
1354 2036 1503 2087 Inter
1553 2032 1711 2088 Unus
1742 2035 1799 2085 et
1831 2029 2044 2096 Unum,

384 2120 555 2174 Alius
586 2124 643 2175 et
661 2120 854 2175 Aliud.
879 2142 907 2169 ››
924 2124 1059 2187 Sua,
1077 2120 1271 2191 inquit
1290 2122 1421 2191 (55),
1439 2121 1715 2191 dogmata
1734 2119 2043 2175 confirma-

387 2208 475 2263 vit
505 2208 820 2279 (Ephesina
850 2208 1073 2264 scilicet
1101 2208 1380 2280 synodus)
1414 2209 1566 2263 inter
1612 2207 1762 2263 beati
1797 2208 2045 2264 Nazian-

395 2297 524 2352 zeni
547 2298 808 2369 Gregorii
833 2297 1352 2363 lectiones,dicens
1377 2298 1495 2353 ita:
1529 2297 1692 2352 Alius
1723 2296 1954 2368 quidem
1989 2300 2047 2351 et

388 2385 555 2440 Aliud
590 2402 659 2441 ex
691 2386 905 2457 quibus
926 2386 1227 2441 Saivator:
1261 2386 1553 2457 siquidem
1580 2403 1693 2441 non
1724 2386 1877 2440 idem
1902 2384 2045 2439 invi-

385 2473 559 2531 sibile
580 2474 821 2543 visibili,
854 2479 910 2530 et
939 2474 996 2529 id
1027 2475 1182 2545 quod
1202 2473 1585 2547 intemporale
1610 2474 1689 2529 illi
1714 2474 1869 2546 quod
1902 2474 2039 2529 sub-

384 2562 729 2634 temporale.
768 2585 796 2612 ››
828 2564 962 2626 Quae
1007 2565 1182 2618 verba
1228 2580 1295 2619 ex
1344 2564 1535 2635 priore
1581 2566 1652 2618 ad
1697 2564 2037 2620 Cledonium

389 2651 636 2723 epistola
654 2656 892 2723 sumpta
912 2657 1071 2722 sunt,
1096 2669 1269 2723 quam
1293 2651 1351 2706 in
1373 2653 1573 2707 eodem
1598 2652 1746 2708 libro
1770 2653 2039 2725 pluribus

386 2739 531 2795 locis
565 2741 745 2807 citat;
779 2745 953 2811 atque
983 2741 1158 2795 etiam
1191 2740 1492 2796 haereticos
1536 2742 1623 2811 (ut
1650 2741 1731 2795 illi
1773 2742 1917 2797 nihil
1949 2743 2036 2797 in-

384 2833 675 2885 tentatum
724 2834 779 2884 et
826 2830 1231 2900 incorruptum
1281 2830 1642 2901 relinquunt)
1693 2836 1749 2884 et
1795 2832 2036 2889 maxime

386 2918 758 2974 Nestorianos
791 2918 1131 2972 Nazianzeni
1165 2918 1485 2973 sententias
1516 2920 1798 2990 quasdam
1832 2922 1903 2975 ad
1940 2922 2031 2977 sui

392 3006 598 3061 erroris
654 3006 1152 3062 confirmationem
1210 3008 1549 3077 detorquere
1599 3012 1876 3064 tentasse.
1936 3010 2031 3065 Sic

386 3094 538 3149 enim
571 3094 644 3150 ibi
676 3095 1003 3163 haereticus,
1035 3096 1134 3167 qui
1164 3096 1410 3168 loquens
1431 3096 1750 3166 inducitur,
1786 3099 2022 3169 objicit:

384 3203 413 3237 α
438 3184 744 3239 Hominem
776 3202 949 3256 quem
983 3184 1297 3257 Apostolus
1339 3185 1496 3240 velut
1533 3186 1591 3240 in
1625 3187 1740 3241 duo
1772 3188 2024 3259 partitus

372 3276 483 3341 est,
515 3278 727 3329 sanctis
760 3274 1052 3330 memoriae
1074 3275 1386 3347 Gregorius
1409 3292 1593 3330 unum
1616 3276 1808 3332 modis
1838 3278 2024 3332 omni-

2162 876 2305 930 sebii
2343 875 2625 947 Pamphili
2671 876 2857 930 citans
2903 874 3255 937 testimonia,
3298 876 3353 928 et
3386 872 3507 927 haec
3549 870 3809 945 Gregorii

2161 966 2500 1021 Nazianzeni
2533 966 2591 1020 in
2630 964 2813 1021 Natali
2846 965 3070 1019 Domini
3104 963 3302 1018 laudat
3334 962 3482 1033 (53):
3518 984 3545 1009 ‹‹
3594 962 3813 1032 Duplex

2160 1058 2283 1110 erat
2312 1055 2596 1119 Christus,
2628 1053 2801 1108 homo
2844 1054 3079 1123 quidem
3120 1053 3271 1123 quod
3304 1051 3627 1119 videbatur,
3660 1053 3810 1105 Deus

2159 1159 2291 1198 vero
2311 1144 2462 1215 quod
2489 1160 2601 1197 non
2625 1143 2947 1211 videbatur,
2968 1142 3280 1197 comedens
3303 1140 3535 1211 quidem
3558 1138 3808 1194 uthomo

2158 1250 2288 1287 vere
2319 1238 2375 1287 et
2406 1232 2577 1287 sicuti
2612 1250 2737 1286 nos.
2764 1231 2977 1286 Habuit
3007 1231 3159 1286 enim
3184 1231 3378 1285 carnis
3398 1228 3651 1284 similem
3675 1245 3807 1299 pas-

2160 1321 2497 1377 sibilitatem
2513 1322 2677 1376 sicuti
2696 1338 2820 1375 nos.
2841 1342 2866 1369 »
2885 1320 3099 1374 Ibidem
3116 1320 3288 1374 etiam
3304 1334 3371 1373 ex
3382 1320 3644 1389 ejusdem
3662 1318 3815 1390 prio-

2160 1427 2219 1466 re
2242 1412 2311 1466 ad
2340 1410 2679 1465 Clodonium
2700 1410 2944 1481 epistola
2967 1408 3251 1481 permulta
3276 1409 3508 1481 profert,
3530 1410 3807 1479 quemad-

2160 1500 2397 1556 modum
2430 1504 2485 1555 et
2514 1516 2581 1554 ex
2612 1499 2856 1572 epistola
2886 1500 2957 1553 ad
2988 1498 3342 1553 Ncctarium.

2228 1617 2483 1672 Joannes
2502 1616 2805 1688 episcopus
2822 1617 3138 1680 Romanus,
3161 1614 3349 1670 tribus
3366 1613 3683 1669 Justiniani
3707 1613 3808 1669 im-

2157 1706 2442 1778 peratoris
2471 1704 2894 1776 quaestionibus
2922 1704 3302 1776 respondens,
3326 1707 3389 1757 ut
3422 1703 3623 1774 probet
3652 1702 3809 1759 Chri-

2157 1800 2313 1851 stum
2346 1812 2521 1849 unam
2554 1811 2682 1849 esse
2711 1811 2777 1848 ex
2800 1794 3062 1865 personis
3094 1792 3419 1857 Trinitatis,
3458 1795 3587 1863 post
3616 1793 3807 1864 Augu-

2157 1884 2377 1939 stinum
2437 1883 2556 1937 haec
2606 1882 2866 1954 Gregorii
2916 1881 3258 1936 Nazianzeni
3307 1898 3374 1936 ex
3422 1897 3689 1937 sermone
3738 1882 3807 1937 de

2885 1993 2912 2020 ‹‹
2967 1977 3141 2025 Deum
3190 1986 3323 2025 cum
3374 1970 3524 2037 dico,
3564 1970 3804 2025 omnino

2158 2078 2274 2118 uno
2297 2061 2519 2115 lumine
2541 2060 2908 2115 illustrainur
2929 2058 3106 2113 simul
3126 2064 3183 2113 et
3200 2060 3408 2125 tribus,
3430 2076 3546 2113 uno
3568 2060 3805 2130 quidem

2155 2152 2477 2205 secundum
2503 2150 2967 2219 uniuscujusque
2989 2149 3370 2219 proprietates
3388 2148 3507 2202 sive
3528 2150 3806 2204 substan-

2154 2240 2286 2306 tias,
2322 2239 2473 2294 sicut
2496 2238 2684 2311 placet
2702 2237 2995 2307 aliquibus
3019 2236 3230 2305 dicere,
3254 2237 3372 2292 sive
3396 2252 3672 2307 personas
3694 2237 3806 2308 (ni—

2154 2328 2235 2383 hil
2264 2328 2418 2383 enim
2452 2345 2555 2400 pro
2585 2326 2998 2382 vocabulorum
3032 2325 3364 2381 diversitate
3395 2325 3803 2381 dissidendum

2153 2422 2259 2485 est,
2294 2434 2427 2472 cum
2459 2418 2528 2472 ad
2563 2417 2831 2472 eumdem
2865 2432 3104 2470 sensum
3159 2415 3465 2469 nominum
3498 2414 3805 2471 diversitas

2151 2511 2421 2579 provocet
2437 2510 2493 2561 et
2514 2504 2895 2574 intellectum)
2914 2522 3097 2559 unum
3118 2508 3311 2559 autem
3330 2504 3651 2558 secundum
3671 2505 3806 2559 sub-

2150 2597 2449 2666 stantiam,
2482 2595 2569 2650 vel
2595 2594 2824 2650 deitatis
2852 2595 3095 2649 ratione.
3131 2592 3417 2647 Dividitur
3446 2609 3602 2665 ergo,
3635 2596 3700 2647 ut
3722 2592 3804 2647 ita

2148 2686 2338 2741 dicam
2372 2684 2823 2751 indivisibiliter,
2858 2683 3233 2754 conjungitur
3263 2682 3650 2751 divisibiliter,
3685 2700 3803 2738 una

2145 2780 2233 2831 est
2262 2776 2319 2830 in
2352 2775 2540 2829 tribus
2573 2774 2777 2829 deitas.
2815 2796 2841 2822 ))

2212 2893 2587 2948 Justinianus
2610 2892 2632 2945 Ι
2652 2892 2988 2961 Imperator,
3007 2890 3189 2945 Ediet.
3211 2891 3489 2945 adversus
3511 2889 3624 2945 tria
3661 2889 3809 2962 Capi

2141 2982 2283 3044 tula,
2319 2988 2379 3036 ut
2409 2984 2555 3036 duas
2587 2986 2827 3036 naturas
2855 2986 2912 3035 et
2961 2981 3243 3035 unitatem
3277 2996 3534 3051 personas
3566 2984 3796 3035 asserat

2137 3069 2198 3126 in
2229 3069 2479 3142 Christo,
2512 3074 2781 3126 sanctum
2824 3071 3166 3141 Gregorium
3212 3068 3572 3139 Theologum
3606 3069 3787 3125 semel

2137 3164 2195 3215 et
2224 3159 2436 3215 iterum
2470 3159 2756 3215 nominat.
2794 3158 2997 3215 Concit.
3031 3164 3175 3215 tom.
3217 3158 3287 3229 V,
3322 3176 3378 3230 p.
3411 3160 3536 3213 698.

2202 3292 2448 3343 Sanctus
2475 3286 2817 3341 Theodorus
2848 3286 3079 3341 Studita
3102 3283 3372 3356 pluribus
3406 3285 3464 3338 in
3495 3282 3637 3340 locis
3669 3284 3783 3357 (55)

372 3362 485 3418 bus
508 3363 794 3430 nominat.
823 3381 893 3419 ne
915 3364 1147 3420 Christo
1171 3380 1306 3419 eum
1328 3364 1650 3431 conferens,
1672 3366 1818 3421 duos
1841 3367 2027 3422 videa-
2052 3340 2094 3407 (ἶ
2133 3376 2390 3448 Gregorii
2426 3376 2643 3447 profert
2687 3374 3046 3440 testimonia,
3089 3373 3178 3429 vel
3222 3373 3281 3427 in
3331 3390 3450 3428 suae
3482 3374 3785 3429 sententiae

351 3454 474 3507 .tur
500 3450 765 3508 Christos
785 3469 1065 3517 asserere,
1091 3474 1118 3503 »
1150 3456 1259 3509 etc.
1284 3454 1352 3507 Et
1382 3458 1515 3524 post
1540 3470 1551 3509 :
1586 3475 1613 3503 ‹‹
1638 3454 1789 3510 Dixit
1813 3455 2025 3511 alicubi

381 3540 698 3613 Apostolus
730 3558 742 3597 :
768 3544 911 3610 Quia
930 3552 1132 3613 quanto
1153 3544 1225 3598 iis
1245 3544 1343 3613 qui
1359 3544 1496 3613 foris
1517 3545 1585 3610 ²¹,
1612 3565 1639 3593 ››
1662 3548 1769 3600 etc.
1796 3545 2037 3613 Suhjiei-

382 3633 483 3685 tur
512 3630 649 3684 inde
677 3631 983 3703 explicatio
1002 3630 1263 3687 locorum
1291 3631 1454 3686 Pauli
1486 3636 1542 3687 et
1563 3632 1926 3689 Nazianzeni.
1952 3634 2036 3689 Ibi

384 3720 543 3775 enim
559 3726 761 3776 contra
782 3721 1082 3778 haereticos
1100 3722 1369 3795 pluribus
1387 3723 1710 3794 explicatur
1726 3725 1839 3779 ista
1856 3726 2039 3781 Theo-

382 3809 502 3882 logi
534 3812 826 3865 sententia
851 3837 863 3866 :
898 3813 991 3866 Sic
1020 3828 1089 3865 ex
1118 3813 1347 3867 duabus
1370 3813 1596 3867 naturis
1624 3813 1909 3879 Christus,
1930 3816 2038 3869 sic-

384 3903 451 3953 ut
480 3915 549 3953 ex
568 3900 768 3953 anima
788 3906 845 3954 et
875 3916 1114 3971 corpore
1134 3901 1326 3956 homo.
1359 3899 1518 3955 Illam
1543 3902 1698 3957 enim
1731 3903 2036 3958 haereticus

380 3992 449 4042 ut
480 4005 513 4042 α
545 3989 669 4043 suis
702 3990 963 4059 partibus
994 3994 1246 4045 stantem
1273 3988 1331 4044 in
1365 3990 1622 4045 medium
1651 3993 2031 4063 proponebat,

378 4079 443 4129 ut
476 4080 532 4130 et
563 4075 877 4131 nonnullas
908 4076 1075 4146 alias,
1108 4093 1256 4148 quas
1287 4078 1562 4134 Rusticus
1586 4078 1708 4149 ipse
1737 4082 1940 4136 eodem
1974 4082 2036 4137 li-

378 4164 482 4219 bro
514 4163 786 4236 pluribus
816 4165 1080 4235 explicat.

2147 3465 2557 3538 patrocinium.
2588 3465 2677 3520 vel
2709 3469 2774 3518 ut
2818 3464 2991 3518 verba
3022 3462 3211 3517 sancti
3261 3462 3515 3518 doctoris
3544 3479 3577 3516 a
3610 3463 3801 3529 pravis

2146 3554 2550 3610 haereticorum
2579 3553 3155 3625 interpretationibus
3185 3552 3459 3606 vindicet.
3492 3551 3580 3605 Sic
3611 3551 3803 3605 Antir-

2146 3642 2364 3698 rhetico
2395 3660 2433 3697 ιι
2464 3644 2721 3697 adversus
2753 3642 3163 3705 Iconomachos,
3198 3644 3340 3695 tom.
3374 3641 3441 3693 V.
3478 3640 3641 3712 Oper.
3679 3641 3799 3695 Sir-

2147 3733 2366 3795 mondi,
2401 3749 2453 3801 p.
2492 3733 2612 3785 107.
2648 3736 2814 3800 item,
2847 3730 2989 3786 ibid.
3025 3747 3156 3802 pag.
3197 3732 3317 3796 125,
3355 3731 3475 3795 1‘26,
3507 3731 3628 3784 127.
3656 3732 3797 3785 Item

2149 3821 2489 3890 Re/utatione
2536 3822 2830 3891 impiorum
2878 3829 3209 3891 poematum,
3244 3835 3373 3891 pag.
3409 3819 3528 3873 193.
3578 3822 3799 3874 Rursus

2146 3909 2413 3965 Adversus
2444 3912 2837 3977 Iconomachos,
2863 3926 2989 3980 cap.
3012 3926 3065 3963 vx
3089 3912 3145 3963 et
3174 3925 3269 3971 vn,
3304 3924 3435 3979 pag.
3466 3908 3571 3962 213
3591 3912 3649 3962 et
3671 3924 3794 3978 seq.

2146 3999 2356 4053 Iterum
2390 3998 2556 4069 epist.
2594 3998 2689 4053 lib.
2726 4014 2785 4063 ιι,
2833 3997 3001 4069 epist.
3048 4012 3209 4051 xxxvr
3250 4012 3378 4067 pag.
3432 3997 3553 4051 445.
3589 4000 3666 4051 Ac
3696 3996 3796 4052 de-

2145 4103 2307 4143 mum
2339 4087 2506 4159 epist.
2540 4104 2684 4157 CLIV,
2714 4105 2767 4159 p.
2801 4089 2926 4142 623.

1503 4266 1595 4328 De
1624 4269 1898 4347 operibus
1926 4279 1980 4331 et
2012 4274 2245 4355 scriptis
2279 4273 2667 4348 Nazianzeni,

446 4376 656 4433 Omnia
713 4395 840 4451 quas
898 4378 1243 4436 Nazianzeni
1306 4380 1542 4437 nomine
1601 4381 2030 4460 inscribuntur,

375 4462 518 4521 citra
550 4466 1005 4523 controversiam
1039 4468 1227 4540 ipsius
1269 4474 1409 4524 sunt
1459 4475 1666 4543 praeter
1696 4474 2029 4547 metaphra-

374 4553 463 4608 sin
494 4556 559 4609 in
587 4556 963 4624 Ecclesiasten,
1016 4574 1138 4628 quae
1171 4557 1283 4630 ipsi
1335 4557 1482 4615 falso
1528 4560 1827 4629 tribuitur,
1876 4569 1941 4619 ut
1969 4565 2027 4619 in

376 4648 723 4714 argumento
752 4661 820 4700 ex
850 4646 1197 4718 Hieronymo
1246 4647 1552 4704 docuimus
1579 4666 1593 4716 ;
1646 4654 1703 4705 et
1733 4652 2026 4724 significa-

370 4731 593 4789 tionem
624 4735 684 4788 in
718 4735 1073 4807 Ezechielem,
1124 4753 1247 4807 qua!
1288 4741 1389 4792 aut
1432 4737 1588 4795 illius
1622 4757 1735 4795 non
1791 4747 1898 4810 est,
1930 4748 2030 4799 aut

368 4827 526 4878 certe
558 4826 630 4881 ab
661 4842 727 4881 eo
759 4842 873 4882 non
902 4826 1078 4883 edita.
1415 4827 1420 4832 ’

442 4912 583 4969 Duas
632 4919 863 4971 exstant
916 4916 1207 4972 orationes
1262 4916 1422 4973 illius
1471 4935 1505 4973 a
1559 4920 1768 4976 Ruﬁno
1817 4922 2028 4980 Latinas

371 5001 557 5068 facte,
591 5020 719 5074 quas
748 5021 862 5059 non
895 5009 1035 5060 sunt
1072 5006 1130 5060 in
1182 5010 1373 5062 Graeco
1422 5010 1755 5082 exemplari.
1793 5012 2023 5085 (Perpe-

374 5105 500 5145 ram
534 5090 807 5164 Gregorio
838 5094 1131 5149 orationes
1178 5095 1322 5151 istas
1353 5096 1561 5152 tribuit
1610 5098 1836 5166 Billius,
1870 5105 1935 5156 ut
1966 5103 2026 5159 in

374 5178 691 5253 praloquio
726 5183 1107 5255 notavimus.)

444 5269 524 5324 Ex
554 5270 723 5326 docta
753 5271 912 5328 illius
942 5272 1000 5327 in
1032 5274 1252 5329 dictum
1285 5276 1575 5348 Evangelii
1604 5277 1849 5340 homilia
1874 5282 2027 5338 vide-

374 5359 471 5411 tur
491 5358 709 5415 multas
733 5359 877 5416 alias
899 5362 1026 5432 ejus
1044 5363 1274 5434 generis
1296 5367 1698 5437 composuisse
1722 5383 1735 5421 :
1762 5374 1825 5424 ut
1846 5387 2021 5442 quem

367 5450 591 5502 certum
624 5449 701 5504 sit
730 5453 786 5504 et
814 5450 1083 5505 Nazianzi
1114 5456 1172 5506 et
1231 5452 1733 5528 Constantinopoli
1782 5463 1839 5515 et
1884 5460 2021 5517 alibi

438 5573 482 5609 ²²
513 5578 537 5628 I
565 5574 693 5632 Cor.
728 5593 783 5645 v,
816 5576 903 5633 13.

438 5715 550 5861 ξῦἓζ
583 5716 724 5801 Bibl:
756 5718 908 5776 Patr.
942 5725 1081 5779 tom.
1115 5720 1205 5778 IV.

460 5788 530 5843 53
582 5789 667 5846 Id.
700 5789 844 5847 ibid.

460 5788 550 5847 53)
582 5789 667 5846 Id.
700 5788 844 5847 ibid.

2142 4392 2358 4463 saepius
2387 4409 2418 4447 e
2464 4396 2745 4465 suggestu
2795 4394 2868 4449 ad
2918 4395 3198 4466 populum
3248 4396 3678 4453 concionatum.
3712 4404 3795 4454 Ac

2142 4480 2387 4536 fortasse
2418 4481 2476 4535 in
2509 4498 2706 4538 sacros
2735 4482 2913 4539 libros
2942 4476 3395 4542 commentarios
3423 4486 3622 4552 edidit,
3657 4487 3795 4559 Epi-

2141 4568 2470 4641 stolamque
2513 4570 2673 4625 Pauli
2724 4573 2795 4627 ad
2843 4572 3246 4645 Philippenses
3292 4575 3519 4631 videtur
3560 4577 3793 4648 scriptis

2142 4657 2265 4713 suis
2300 4658 2643 4716 illustrasse.
2680 4662 2741 4715 In
2775 4660 2886 4717 ﬁne
2915 4663 3068 4718 enim
3118 4663 3527 4720 Anathematis
3561 4684 3789 4721 morum

2140 4746 2334 4820 Cyriili
2365 4747 2448 4803 sic
2496 4748 2728 4821 legitur.
2764 4750 2827 4807 D.
2878 4750 3136 4824 Gregorii
3186 4753 3441 4825 episcopi
3486 4756 3545 4809 in
3574 4758 3790 4825 Episto—

2140 4836 2249 4890 lam
2292 4839 2367 4892 ad
2414 4839 2808 4912 Philippenses.
2862 4845 3051 4912 Atque
3098 4841 3207 4897 hoc
3260 4842 3647 4915 fragmentum
3696 4844 3789 4901 hic

2139 4926 2487 4983 ascribitur:
2524 4931 2628 4984 Hoc
2654 4932 2929 5001 sapia/ur,
2976 4930 3183 5004 inquit,
3235 4933 3378 5002 quod
3406 4937 3455 4987 et
3488 4934 3548 4988 in
3577 4934 3790 4991 Christo

2135 5016 2279 5087 Iesu,
2312 5019 2407 5088 qui
2433 5034 2554 5073 cum
2587 5021 2642 5074 in
2674 5023 2859 5090 forma
2912 5024 3012 5077 Dei
3050 5025 3200 5090 esset,
3246 5040 3356 5077 non
3405 5026 3663 5095 rapinam
3690 5043 3789 5079 ar-

2137 5103 2376 5161 bitratus
2404 5112 2483 5162 est
2514 5124 2625 5164 esse
2672 5110 2949 5180 aequaelem
2995 5112 3096 5165 Deo
3118 5130 3136 5165 :
3184 5110 3275 5167 sed
3319 5115 3670 5185 semetipsum
3700 5131 3789 5170 ea:-

2134 5196 2396 5268 inanivit,
2427 5198 2662 5267 formam
2691 5200 2834 5257 servi
2874 5202 3179 5270 suscipiens
3202 5201 3267 5257 ³2.
3318 5221 3339 5250 α
3392 5203 3539 5268 Quid
3571 5220 3787 5275 paupe-

2134 5284 2257 5341 rius
2288 5285 2347 5342 in
2386 5288 2519 5359 Deo,
2551 5305 2725 5359 quam
2772 5290 2957 5346 forma
2986 5290 3183 5346 servi?
3232 5292 3377 5357 Quid
3412 5292 3695 5349 humilius
3727 5293 3786 5349 in

2134 5374 2287 5447 Rege
2318 5380 2683 5445 cunctorum,
2708 5395 2885 5449 quam
2912 5380 2983 5434 ad
3014 5381 3487 5437 communionem
3512 5383 3786 5454 pauperis

2133 5468 2343 5520 nostris
2376 5470 2593 5522 naturae
2625 5472 2833 5539 sponte
2854 5469 3047 5525 venire
3068 5470 3095 5525 ‘2
3117 5470 3236 5526 Rex
3264 5487 3467 5543 regum
3502 5476 3557 5527 et
3586 5471 3782 5528 omi-

2200 5589 2247 5623 ²²
2276 5589 2522 5663 Philipp.
2558 5608 2619 5659 ιι,
2648 5593 2777 5648 5-7.

2216 5731 2286 5786 54
2339 5730 2380 5788 Ε
2427 5732 2523 5790 ist.
2557 5733 2591 5788 3
2619 5734 2690 5790 ad
2719 5733 2867 5806 Sam,
2900 5740 2942 5795 t.
2977 5736 3046 5796 IV
3078 5737 3237 5796 Cone.
3341 5784 3352 5797 .
3389 5742 3543 5799 1751.

2194 5731 2308 5877 255;
2338 5748 2488 5862 Egit.
2519 5806 2697 5866 Sirm.
3245 5782 3263 5813 ’
3296 5758 3332 5814 Ρ

2338 5803 2488 5862 Edit.
2519 5806 2671 5863 Sirm
2685 5846 2697 5866 .
