4096 6288
232 377 349 440 315

1354 384 1620 446 JACOBl
1666 384 1895 445 BILLII
1943 384 2531 447 PR/EFATIONES.

3524 384 3654 446 316

232 528 345 566 nus
376 509 805 567 dominantium
836 511 1100 570 induitur
1121 515 1308 570 forma
1338 516 1487 571 servi
1512 534 1525 571 :
1550 517 1734 588 judex
1755 534 1878 573 om-
1907 519 1963 584 Α
1995 516 2178 589 possit
2231 516 2628 573 Nazianzenus
2682 520 2898 585 noster,
2932 516 3167 588 quando
3219 516 3415 573 statim
3493 516 3652 573 aliud

232 599 397 655 nium
431 601 494 655 lit
525 601 796 657 subditus
826 604 1211 675 potestatibus
1251 610 1526 661 creatura
1553 624 1565 662 :
1598 606 1884 661 Dominus

233 690 291 744 in
324 689 600 761 spelunca
632 690 976 763 deponitur;
1009 694 1107 764 qui
1152 695 1349 750 omnia
1391 695 1666 766 continet,
1706 696 1765 751 in
1797 696 1884 750 di-

230 776 483 833 versorio
517 796 628 833 non
661 779 883 834 invenit
930 780 1143 849 locum,
1178 784 1272 839 sed
1325 784 1382 839 in
1415 801 1669 856 prasepe
1704 785 1884 856 proji-

232 865 384 921 citur
404 866 804 936 jumentorum
831 886 844 937 ;
868 871 1124 927 mundus
1156 876 1211 927 et
1237 872 1651 929 immaculatus
1684 874 1885 929 sordes

231 954 481 1027 suscipit
504 955 774 1011 humana
798 962 1039 1025 natura,
1062 965 1116 1015 et
1143 977 1243 1032 per
1263 961 1461 1017 omnia
1480 966 1883 1034 paupertatem

232 1047 493 1097 nostram
527 1046 839 1113 transiens,
890 1065 1071 1118 usque
1103 1050 1171 1103 ad
1224 1050 1429 1105 mortis
1476 1051 1633 1106 venit
1662 1050 1884 1122 experi-

233 1136 519 1187 mentum.
554 1133 923 1191 Considerate
974 1139 1328 1209 paupertatis
1360 1144 1693 1211 spontanea
1724 1157 1884 1194 men-

234 1236 433 1275 suram
459 1238 473 1276 :
499 1221 614 1276 vita
636 1228 880 1278 mortem
906 1230 1131 1297 gustat:
1158 1226 1344 1282 Judex
1373 1228 1678 1283 deducitur
1699 1229 1768 1283 ad
1786 1231 1883 1299 ju-

233 1308 451 1365 dicium
482 1334 496 1377 ;
528 1310 657 1365 vita
701 1313 964 1368 omnium
1006 1315 1376 1371 existentium
1424 1316 1709 1371 Dominus
1740 1318 1885 1372 sub-

234 1398 394 1453 ditur
421 1400 723 1455 sententia
750 1402 1070 1470 judicantis
1097 1422 1109 1472 ;
1143 1422 1240 1459 rex
1284 1406 1546 1461 omnium
1578 1406 1883 1475 virtutum,

236 1502 363 1557 qua
396 1486 551 1542 ultra
584 1490 869 1545 mundum
894 1498 1052 1559 sunt,
1077 1494 1502 1565 spiculatorum
1527 1512 1639 1550 non
1664 1495 1887 1567 respuit

235 1591 469 1631 manus.
508 1599 527 1625 ι
566 1577 694 1633 Haec
724 1578 804 1633 ibi
835 1596 903 1635 ex
932 1580 1207 1653 Gregorio
1246 1582 1538 1655 episeopo;
1572 1584 1669 1655 qui
1704 1584 1884 1639 videri

1993 606 2306 676 subjicitur
2352 624 2420 661 ex
2469 606 2684 661 Basilio
2735 610 2961 678 Magno,
3010 607 3079 660 de
3129 606 3319 661 fructu
3359 596 3652 678 passionis

1993 695 2206 750 Christi
2240 696 2664 751 testimonium.
2699 696 2997 769 Nyssenus
3041 699 3240 750 autem
3270 701 3326 751 et
3355 696 3651 752 Neocasa-

1994 784 2225 849 riensis,
2246 786 2397 855 quod
2420 785 2625 848 sciam,
2652 784 2797 840 nihil
2816 785 2873 839 in
2897 784 3049 839 hanc
3067 783 3313 856 Paupuli
3333 784 3651 856 Epistolam

1993 872 2375 944 scripserunt.

2067 962 2328 1033 Baptista
2358 962 2652 1017 Guarinus
2700 962 2938 1017 Guarini
2989 961 3096 1016 viri
3136 961 3460 1017 doctissimi
3497 961 3653 1017 {ilius

1994 1052 2055 1106 in
2090 1050 2353 1106 Latinum
2387 1050 2629 1106 vertisse
2664 1051 2879 1105 dicitur
2909 1050 3167 1123 Gregorii
3206 1051 3548 1127 Nazianzeni
3582 1051 3651 1106 ad

1995 1140 2291 1195 Christum
2323 1144 2379 1195 et
2410 1139 2652 1195 Mariam
2689 1140 2980 1194 orationes
3013 1140 3070 1194 in
3103 1139 3455 1210 appendice:
3493 1139 3653 1195 Cata-

1996 1230 2106 1299 logi
2129 1231 2459 1298 scriptorum
2489 1228 2985 1284 ecclesiasticarum
3013 1227 3321 1283 Trithemii
3353 1233 3409 1282 et
3439 1227 3655 1283 Biblio-

1994 1317 2165 1373 theca
2195 1316 2592 1389 Lycosthenis,
2613 1321 2676 1371 ut
2698 1321 2754 1371 et
2784 1317 2991 1372 beatus
3014 1316 3330 1371 Rhenanus
3363 1317 3507 1371 duas
3538 1318 3656 1389 epi-

1995 1405 2175 1461 stolas
2204 1406 2467 1477 ejusdem
2502 1406 2571 1459 ad
2601 1405 3012 1461 Themistium.
3047 1406 3119 1460 At
3148 1404 3258 1460 illa
3290 1421 3474 1475 neque
3499 1405 3648 1460 Gra-

1995 1511 2059 1550 ce
2089 1511 2277 1565 neque
2308 1494 2510 1549 Latine
2529 1494 2588 1548 in
2622 1510 2835 1550 manus
2867 1511 3028 1550 meas
3059 1494 3245 1549 adhuc
3280 1493 3534 1549 incidere
3557 1510 3655 1566 po-

1994 1587 2254 1639 tuerunt.

307 1821 435 1875 Haec
462 1829 587 1874 sunt
615 1836 738 1892 qua?
786 1824 986 1879 Bittius
1033 1825 1250 1893 collegit
1297 1829 1351 1880 et
1376 1826 1675 1881 adornavit
1723 1828 1781 1880 in
1830 1825 2058 1881 laudem
2100 1833 2155 1880 et
2194 1824 2633 1881 illustrationem
2682 1825 2882 1880 eximii
2925 1826 3193 1879 Doctoris.
3230 1829 3418 1880 Pauca
3448 1824 3656 1895 adjeci'

235 1923 381 1962 mus.
424 1910 589 1965 Billio
618 1914 705 1965 vel
734 1913 940 1979 ignota,
972 1915 1055 1968 vel
1085 1914 1327 1969 nondum
1357 1916 1415 1968 in
1448 1916 1622 1970 lucem
1664 1916 1826 1969 edita.
1857 1919 1987 1972 Jam
2021 1916 2263 1985 superest
2303 1922 2360 1971 ut
2390 1915 2569 1981 Billii,
2619 1914 3002 1983 Leuvenklaii,
3038 1912 3387 1977 Genebrardi,
3421 1914 3470 1968 et
3500 1913 3652 1967 alio-

235 2013 361 2051 rum
389 1999 485 2069 qui
516 1999 760 2070 Gregorii
782 2003 1039 2072 aperibus
1068 2020 1295 2058 manum
1345 2004 1719 2059 adhibuerunt
1758 2005 2129 2074 praefationes
2174 2004 2261 2058 hic
2288 2004 2667 2075 subjiciamus.
2726 2002 2893 2057 Billii
2925 2004 3211 2074 epistolam
3242 2001 3430 2057 Carolo
3462 2002 3658 2057 Lotho-

235 2087 395 2158 ringo
422 2087 700 2143 cardinali
721 2095 1111 2162 nuncupatam,
1140 2094 1424 2164 priorique
1451 2094 1685 2149 editioni
1724 2093 2034 2164 pra/imam,
2065 2095 2253 2163 forsan
2300 2092 2584 2148 detrahere
2616 2093 2873 2147 licuisset.
2909 2092 2973 2146 At
3002 2092 3150 2146 tanti
3178 2092 3288 2146 viri
3315 2093 3653 2160 reverentia,

236 2174 489 2230 libellum
512 2178 566 2229 in
598 2194 700 2249 quo
723 2180 1065 2236 calamitosas
1091 2186 1430 2253 tempestates
1458 2185 1548 2237 sui
1574 2184 1684 2239 aevi
1714 2191 1827 2237 tam
1856 2183 2131 2253 eleganter
2160 2182 2440 2252 describit,
2476 2191 2589 2237 tam
2618 2197 2808 2235 amare
2846 2181 3234 2250 luget,cateris
3270 2180 3388 2246 eius
3445 2173 3659 2249 ingenii

235 2268 604 2321 monumentis
633 2272 950 2325 connectere
977 2269 1334 2340 decrevimus,
1361 2274 1609 2328 maxime
1636 2276 1699 2327 ut
1725 2288 1794 2328 ne
1819 2272 2123 2327 minimum
2167 2270 2297 2343 quid
2326 2272 2411 2326 vel
2440 2286 2509 2326 ea:
2553 2271 2797 2341 antiquis
2833 2268 3167 2324 editionibus
3204 2267 3513 2323 desiderare
3546 2268 3653 2323 lec-

236 2362 404 2410 torem
431 2358 698 2412 sinamus.

841 2546 1340 2586 REVERENDISSIMO
1382 2550 1439 2587 IN
1479 2548 1718 2587 CHRISTO
1758 2547 1926 2587 PATRI
1965 2546 2034 2586 AC
2074 2547 2295 2586 DOMINO
2336 2546 2392 2585 D.
2432 2546 2648 2585 CAROLO
2688 2545 3047 2584 LOTHARINGO

1334 2636 1662 2688 CARDINALI,
1701 2636 1769 2675 AC
1806 2625 2060 2674 PRlNCIPI
2099 2635 2555 2683 ILLUSTRISSIMO,

1082 2724 1330 2763 JACOBUS
1370 2724 1595 2763 BILLIUS
1632 2725 1811 2764 ABBAS
1850 2724 1900 2763 S.
1942 2724 2248 2763 MICHAELIS
2290 2724 2349 2762 IN
2387 2724 2602 2776 EREMO,
2645 2723 2694 2761 S.
2737 2723 2791 2762 D.

297 2842 459 2906 Quod
510 2843 592 2899 ait
640 2844 736 2900 ille
784 2836 967 2902 totius
1016 2847 1395 2920 philosophia
1456 2839 1702 2903 antistes
1749 2847 1879 2903 Pla-
1909 2851 1956 2917 B
1985 2866 2120 2920 pace
2176 2847 2488 2903 amaritudo
2527 2864 2648 2904 mea
2698 2849 3055 2903 amarissima
3085 2847 3149 2903 2⁵.
3182 2846 3246 2900 In
3290 2849 3455 2900 tanta
3485 2848 3649 2899 tran-

226 2936 281 2985 to
312 2931 446 3001 (56),
480 2949 724 2988 summa
748 2940 921 3007 atque
942 2936 1233 2992 effrenata
1253 2936 1539 2992 libertatis
1560 2941 1878 2993 extremam

227 3017 575 3092 plerumque
606 3023 943 3079 servitutem
993 3025 1276 3081 asseclam
1318 3042 1466 3091 esse,
1516 3027 1669 3097 quod
1704 3026 1879 3081 etiam

226 3107 604 3181 Hippocrates
633 3112 767 3183 (57),
813 3129 1118 3185 corporum
1170 3114 1542 3170 habitudines
1586 3116 1657 3170 ad
1688 3119 1879 3171 extre-

228 3213 392 3252 mum
417 3199 698 3255 bonitatis
728 3203 1061 3272 perductas,
1093 3204 1449 3275 periculosas
1479 3221 1608 3259 esse
1634 3221 1646 3259 :
1681 3205 1789 3259 hoc
1821 3204 1881 3258 in

224 3285 554 3343 Christiana
584 3295 785 3345 nostra
814 3291 1110 3361 republica
1149 3309 1263 3347 non
1312 3294 1439 3347 sine
1474 3293 1727 3348 maximo
1758 3293 1881 3364 pio-

224 3391 355 3429 rum
389 3376 653 3432 omnium
687 3378 883 3434 dolore
912 3379 1021 3434 hac
1054 3380 1271 3435 misera
1320 3385 1667 3452 tempestate
1701 3398 1882 3436 unus-

228 3463 479 3534 quisque
510 3471 775 3521 nostrum
810 3468 1119 3539 experitur.
1153 3469 1297 3523 Nam
1341 3469 1387 3523 si
1421 3470 1556 3539 quis
1594 3469 1881 3524 ﬂorentis-

228 3552 446 3606 simum
479 3552 643 3608 illum
677 3559 916 3621 statum,
951 3572 1065 3627 quo
1096 3561 1333 3612 Patrum
1367 3557 1651 3612 memoria
1683 3556 1884 3629 religio

229 3645 374 3706 erat,
409 3659 541 3696 cum
590 3660 655 3698 eo
706 3660 879 3715 quem
928 3645 1021 3700 his
1071 3645 1484 3716 perditissimis
1524 3647 1885 3717 temporibus

227 3730 520 3801 videmus,
551 3734 965 3804 composuerit,
1000 3733 1251 3804 perfecto
1281 3745 1552 3805 quantum
1580 3736 1754 3790 distat
1787 3735 1883 3789 0r-

230 3829 315 3876 tus
340 3821 408 3876 ab
440 3822 725 3878 Occidente
748 3824 812 3889 2’,
860 3827 1089 3878 tantum
1121 3823 1274 3878 inter
1320 3828 1636 3895 utrumque
1666 3830 1885 3879 statum

226 3908 507 3965 interesse
537 3912 874 3982 comperiet.
908 3913 1022 3968 Nec
1052 3929 1184 3972 vero
1222 3913 1279 3967 in
1315 3930 1375 3968 re
1403 3914 1546 3967 adeo
1581 3913 1889 3967 manifesta

225 3997 399 4069 longa
428 4001 684 4056 oratione
716 4019 862 4073 opus
901 4019 1029 4057 esse
1073 4008 1230 4071 puto.
1289 4002 1436 4057 lllud
1473 4002 1663 4073 potius
1691 4001 1886 4057 dolen-

231 4088 375 4142 dum
425 4093 599 4160 atque
648 4090 1171 4162 ingemiscendum,
1226 4108 1331 4146 nos
1378 4097 1499 4146 tam
1550 4091 1886 4163 praclaram

234 4176 635 4233 hareditatem
669 4196 701 4233 a
733 4179 1056 4249 majoribus
1087 4186 1383 4251 acceptam
1417 4184 1613 4235 tenere
1644 4196 1755 4234 non
1792 4196 1887 4249 po-

237 4267 445 4321 tuisse.
478 4267 586 4321 Sed
616 4266 838 4322 scilicet
886 4285 1082 4323 verum
1132 4273 1220 4324 est
1267 4269 1420 4340 quod
1454 4269 1565 4324 dici
1596 4268 1763 4333 solet,
1797 4285 1892 4323 sa-

238 4356 499 4411 tietatem
532 4355 895 4411 contumeliae
917 4362 1093 4427 atque
1118 4356 1441 4413 insolentia
1465 4362 1711 4411 matrem
1744 4373 1892 4412 esse.

311 4445 427 4500 Nos
462 4461 873 4516 prosperarum
923 4462 1115 4500 rerum
1168 4445 1328 4500 velut
1374 4450 1603 4501 nectare
1642 4445 1893 4517 quodam

237 4533 453 4597 obruti,
474 4533 627 4588 bona
656 4538 858 4588 nostra
890 4534 1350 4605 ingnoravimus,
1373 4550 1476 4590 nec
1511 4532 1671 4608 μέγαν
1705 4527 1892 4603 ὄλϐον,

235 4628 301 4678 ut
349 4622 420 4677 de
476 4621 722 4677 Tantalo
782 4623 862 4677 ait
920 4623 1206 4677 Pindarus
1266 4624 1377 4696 (58)
1436 4623 1735 4695 καταπέψαι
1786 4611 1895 4694 (59)

234 4711 537 4785 potuimus
564 4727 576 4764 ε
603 4710 874 4782 idemque
898 4710 1066 4767 nobis
1092 4712 1301 4766 accidit
1329 4713 1482 4783 quod
1514 4713 1733 4767 Judais
1756 4712 1895 4767 olim

239 4817 391 4873 saepe
413 4818 521 4856 usu
546 4800 774 4855 venisse
792 4799 1064 4871 legimus,
1087 4801 1187 4871 qui
1206 4801 1563 4872 simulatque
1581 4801 1891 4866 incrassati,

235 4890 593 4962 impinguali,
668 4890 893 4945 dilatati
968 4895 1127 4958 sunt,
1204 4890 1471 4962 protinus
1549 4888 1893 4945 recalcitra-

235 4985 369 5036 runt
391 4980 459 5049 2‘,
485 4984 549 5034 ut
593 4980 747 5050 quod
795 4978 1019 5050 Appius
1068 4978 1163 5033 ille
1213 4980 1282 5033 de
1317 4979 1595 5034 Romanis
1644 4979 1892 5046 dicebat,

235 5069 533 5141 negotium
566 5068 683 5123 illis
712 5068 943 5136 melius,
969 5085 1144 5140 quam
1170 5069 1357 5123 otium
1384 5068 1669 5124 committi
1701 5084 1890 5139 posse,

232 5169 293 5223 in
327 5175 433 5213 nos
465 5174 579 5212 non
620 5156 912 5212 immerito
961 5158 1219 5229 torqueri
1269 5158 1483 5229 possit,
1524 5156 1895 5228 Ecclesiaque

231 5248 326 5304 his
356 5246 612 5303 Ezechiae
662 5246 852 5303 verbis
899 5246 1203 5302 commode
1256 5248 1337 5301 uti
1388 5250 1606 5319 queat:
1658 5246 1791 5301 Ecce
1832 5248 1892 5301 in

1991 2937 2257 3009 quilitate
2288 2954 2533 2993 somnus
2566 2937 2637 2992 iis
2683 2937 2961 3007 obrepsit,
2996 2936 3098 3007 qui
3137 2936 3207 2990 ad
3244 2934 3512 2990 Ecclesia
3545 2950 3653 3005 gu-

1990 3026 2306 3082 bernacula
2336 3026 2636 3082 sedebant.
2671 3026 2796 3081 Non
2826 3025 3157 3081 litterarum
3188 3039 3493 3079 sacrarum
3525 3028 3657 3078 stu-

1992 3115 2105 3171 diis
2136 3115 2493 3185 incumbere,
2527 3132 2644 3170 non
2678 3115 2905 3186 plebem
2942 3113 3052 3169 sibi
3083 3112 3463 3169 commissam
3499 3112 3659 3167 salu-

1991 3204 2161 3260 tifera
2206 3204 2472 3259 doctrina
2527 3219 2783 3277 pascere,
2844 3218 2959 3258 non
3016 3201 3146 3258 vita
3204 3201 3540 3273 integritate
3590 3217 3656 3257 ac

1992 3292 2379 3348 sanctimonia
2427 3292 2649 3348 caeteris
2697 3289 3043 3363 pralucere;
3092 3291 3194 3345 sed
3243 3288 3334 3346 vel
3381 3289 3651 3359 dormire,

1990 3380 2079 3437 vel
2102 3381 2211 3437 sibi
2234 3380 2378 3452 ipsis
2404 3385 2637 3437 tantum
2660 3379 2919 3451 Vigilare,
2943 3386 3001 3435 et
3023 3380 3261 3451 quidem
3295 3379 3377 3433 ita
3390 3378 3649 3449 vigilare,

1994 3475 2060 3525 ut
2084 3468 2268 3525 altum
2299 3469 2552 3525 dormire
2582 3469 2936 3541 prastiterit.
2983 3468 3184 3533 Qualis
3234 3482 3401 3539 porro
3433 3466 3650 3538 guber-

1995 3562 2181 3627 nator,
2214 3558 2360 3613 tales
2408 3562 2671 3629 proreta,
2717 3557 2864 3612 tales
2914 3561 3125 3621 nauta,
3177 3555 3322 3611 tales
3354 3558 3644 3621 vectores;

1995 3653 2073 3717 et,
2109 3652 2172 3701 ut
2203 3648 2285 3703 ait
2340 3647 2660 3717 Scriptura,
2693 3648 2872 3716 qualis
2918 3645 3186 3711 sacerdos,
3221 3646 3350 3700 talis
3396 3648 3449 3698 et
3474 3659 3654 3714 popu—

1998 3738 2085 3791 lus
2104 3737 2167 3802 ²⁸,
2204 3736 2366 3789 mala
2398 3737 2678 3790 sementis
2726 3735 2878 3789 mala
2927 3751 3114 3806 seges,
3149 3733 3436 3787 malorum
3474 3732 3663 3804 magi-

2000 3830 2254 3881 strorum
2287 3824 2423 3879 mali
2456 3823 2751 3895 discipuli,
2788 3823 2926 3877 mali
2955 3822 3202 3893 exempli
3240 3822 3393 3877 mala
3423 3838 3666 3893 expres»-

2000 3915 2106 3971 sio.
2140 3915 2355 3969 Omnes
2386 3912 2829 3976 declinavimus,
2853 3917 2908 3967 et
2929 3911 3168 3967 inutiles
3198 3911 3334 3965 facti
3371 3926 3580 3965 sumus
3600 3911 3667 3964 ⁷⁷.

2000 4008 2269 4058 Pastores
2298 4001 2508 4056 inertia
2536 4001 2922 4074 languerunt:
2959 3999 3214 4073 populus
3246 3998 3452 4072 quales
3486 4015 3674 4054 mere-

2001 4093 2196 4162 batur,
2233 4091 2375 4146 tales
2408 4096 2674 4162 pastores
2706 4089 2939 4145 habuit.

2081 4179 2317 4235 Interim
2365 4177 2689 4250 versipellis
2743 4182 2939 4232 noster
2989 4176 3287 4243 inimicus,
3339 4198 3367 4225 «
3400 4176 3539 4247 (59')
3569 4174 3672 4245 qui

2007 4268 2296 4323 inferioris
2342 4268 2520 4337 hujus
2567 4267 2773 4321 mundi
2829 4267 3084 4321 scabiem
3136 4282 3202 4319 ac
3258 4263 3670 4336 languentium

2007 4358 2203 4412 ulcera
2232 4355 2440 4428 scalpit
2470 4360 2643 4425 atque
2689 4354 2956 4426 ablingit,
2998 4354 3096 4425 qui
3147 4353 3245 4407 ubi
3277 4352 3417 4424 quid
3450 4352 3571 4406 vitii
3612 4356 3672 4407 et

2008 4445 2351 4517 corruptela
2380 4449 2486 4513 est,
2535 4443 2914 4498 cadaveribus
2962 4443 3183 4497 assidet
3214 4441 3671 4512 putredinesque

2008 4538 2344 4598 contrectat,
2381 4556 2407 4581 ››
2449 4532 2783 4604 pastoribus
2832 4531 2889 4585 in
2942 4531 3134 4586 officio
3184 4532 3571 4595 cessantibus,
3606 4529 3667 4582 in

2006 4640 2211 4695 agrum
2242 4621 2473 4677 Domini
2504 4621 2704 4675 furtim
2740 4620 3041 4691 ingressus
3071 4619 3292 4673 zizania
3314 4616 3666 4690 supersemi-

2005 4711 2163 4767 navit
2184 4712 2248 4778 ’3,
2276 4716 2619 4780 tantamque
2661 4707 2994 4778 justissimo
3042 4708 3142 4762 Dei
3185 4706 3408 4777 judicio
3440 4710 3665 4772 tempe-

2004 4805 2214 4856 statem
2249 4814 2562 4869 rerumque
2604 4796 2872 4851 omnium
2920 4794 3419 4867 perturbationem
3451 4788 3667 4846 excita~

2004 4890 2108 4955 vit,
2136 4894 2198 4943 ut
2225 4906 2258 4942 a
2289 4888 2465 4959 jactis
2515 4885 2815 4957 religionis
2859 4889 3069 4939 nostra
3121 4879 3537 4946 fundamentis,
3576 4877 3670 4931 vix

2006 4979 2126 5033 ulla
2156 4976 2386 5049 gravior
2415 4975 2792 5045 acerbiorque
2842 4973 3162 5028 exstiterit:
3214 4985 3447 5041 quoque
3479 4967 3671 5037 majo»

2004 5083 2127 5123 rem
2160 5071 2415 5138 stragem
2441 5066 2499 5119 in
2532 5064 2629 5119 Dei
2654 5061 2862 5138 castris
2883 5062 3097 5130 ederet,
3131 5057 3322 5130 angeli
3355 5056 3504 5112 lucis
3539 5071 3665 5126 per-

2004 5172 2210 5211 sonam
2242 5155 2354 5210 sibi
2386 5152 2741 5208 induendam
2775 5148 3019 5221 putavit,
3048 5150 3113 5202 ut
3144 5164 3260 5218 quo
3290 5145 3530 5211 tectius,
3562 5143 3676 5201 hoc

2002 5260 2233 5317 quoque
2263 5243 2570 5299 nocentius
2592 5237 3096 5314 perniciosiusque
3125 5236 3286 5291 virus
3318 5251 3498 5291 suum
3526 5233 3675 5291 sim-

303 5367 349 5401 ²³
377 5363 531 5419 Psal.
597 5380 695 5430 cn,
757 5364 844 5420 12.
923 5364 969 5400 ²⁴
1000 5368 1164 5422 Deut.
1223 5381 1403 5434 χχιιι,
1438 5364 1523 5419 15.
1603 5364 1790 5421 ²⁸Ιεθη
1848 5383 1883 5421 x

2002 5382 2083 5436 ιιι,
2146 5364 2231 5419 17.
2309 5362 2353 5397 ³⁸
2409 5360 2650 5429 Ose.1v,
2696 5361 2751 5417 9.
2831 5359 2875 5393 ²⁷
2909 5358 3056 5416 Psal.
3110 5375 3206 5426 LII,
3254 5358 3307 5413 4.
3381 5356 3427 5393 ⁸⁸
3458 5356 3674 5414 Matth.

238 5454 365 5506 x111,
396 5437 486 5492 25.

331 5561 422 5630 se)
455 5560 578 5615 Lib.
611 5560 686 5615 De
709 5574 849 5630 rep.,
880 5560 933 5615 3.

331 5561 401 5615 56
455 5561 578 5615 Lib.
611 5561 686 5615 De
709 5574 849 5630 rep.,
880 5561 902 5615 Ξ

329 5633 399 5687 57
452 5630 574 5686 Lib.
608 5647 645 5697 ι,
680 5631 815 5703 aph.
849 5632 902 5687 3.

306 5561 422 5779 358;
449 5701 690 5776 Olymp.,
722 5703 816 5759 od.
849 5704 899 5758 1.

326 5701 417 5776 58)
449 5701 690 5776 Olymp.,
718 5701 816 5759 od.
849 5704 899 5758 1.

2075 5560 2186 5630 (59)
2219 5558 2277 5612 Id
2311 5562 2399 5613 est
2430 5559 2713 5630 ingentem
2744 5556 3064 5628 felicitatem.
3090 5570 3437 5627 concoquere.

2076 5628 2190 5701 (59)
2219 5631 2323 5701 Ap.
2355 5630 2649 5701 Cyprian.,
2682 5628 2741 5682 in
2775 5634 2947 5701 App.,
2980 5645 3038 5700 p.
3071 5644 3205 5685 cvu.
