4096 6288
258 399 381 459 317

1410 399 1681 461 JACOBI
1727 399 1961 460 BILLII
2006 399 2474 463 PBJEFATION
2487 401 2600 462 ES.

3570 398 3686 462 318

261 530 613 605 plicioribus
644 531 860 588 animis
916 532 1245 589 instillaret.
1308 533 1426 589 Sub
1487 533 1594 588 hac
1641 533 1800 588 larva
1842 534 1922 588 ita
1952 536 2007 601 Α
2037 534 2171 589 dere
2201 531 2491 604 desiisset,
2525 549 2586 589 se
2619 536 2812 588 tamen
2847 549 3056 588 caecam
3083 549 3211 590 esse
3238 532 3547 602 nesciebat,
3583 535 3684 590 sed

263 621 468 676 omnia
500 621 769 677 confudit
790 638 854 677 ac
886 639 1123 678 sursum
1157 622 1549 694 deorsumque
1572 623 1836 694 jactavit,
1858 626 1924 679 ut

261 711 320 765 in
348 711 670 782 antiquum
705 712 879 766 chaos
913 729 1058 783 pene
1084 712 1413 778 reciderint,
1445 714 1582 783 facti
1611 729 1723 783 que
1751 714 1924 767 simus

261 801 498 870 quasiin
525 801 808 870 principio
847 817 970 855 cum
1007 803 1150 856 Deus
1169 804 1343 855 nostri
1375 818 1483 855 non
1515 802 1919 871 dominaretur,

257 905 358 944 nec
391 892 752 944 invocaretur
781 906 979 943 nomen
1008 892 1123 960 ejus
1171 907 1338 960 super
1367 906 1461 943 nos
1495 890 1561 945 ⁵³³.
1603 890 1798 944 Terris
1829 906 1921 944 sa-

255 979 447 1033 lutem
477 977 713 1048 longam
741 977 955 1032 dixisse
986 979 1213 1031 videtur
1231 978 1486 1033 charitas
1523 977 1922 1048 ;improbitati

257 1072 440 1137 atque
476 1066 855 1137 impudentiae
914 1067 1151 1122 habenae
1195 1084 1396 1121 omnes
1448 1067 1704 1121 remissas
1760 1072 1919 1121 sunt.

252 1155 442 1210 Plena
477 1156 678 1210 omnia
709 1156 845 1220 odii,
875 1157 1130 1210 rixarum
1186 1162 1242 1211 et
1277 1156 1716 1220 maledicentim,
1749 1155 1922 1226 plena

255 1244 462 1298 livoris
497 1249 553 1299 et
600 1243 898 1298 virulentae
929 1245 1339 1299 contentionis.
1373 1243 1705 1298 Amicorum
1737 1249 1794 1298 et
1825 1245 1922 1299 ho-

255 1333 444 1387 stium
481 1332 710 1387 nullum
763 1333 1098 1388 discrimen.
1151 1333 1331 1388 Nemo
1389 1332 1649 1404 seipsum
1681 1333 1920 1404 propius

258 1419 533 1491 inspicit,
568 1423 666 1476 sed
701 1421 949 1477 salutem
984 1439 1150 1476 suam
1187 1423 1241 1475 in
1276 1425 1400 1475 tuto
1457 1421 1673 1476 versari
1723 1422 1920 1476 existi-

261 1515 413 1581 mat,
438 1511 582 1565 dum
616 1510 762 1565 alios
794 1511 952 1566 omni
984 1510 1162 1565 animi
1196 1511 1510 1565 acerbitate
1549 1516 1724 1581 atque
1757 1527 1918 1565 ama-

264 1598 530 1654 rulentia
562 1600 898 1655 insectetur.
934 1623 960 1648 ‹‹
995 1601 1244 1655 Pereunt
1276 1600 1446 1666 bona,
1499 1602 1562 1653 ut
1596 1601 1675 1653 ait
1724 1604 1921 1654 noster

253 1688 581 1758 Gregorius
610 1690 743 1761 (60),
777 1690 934 1743 nuda
963 1693 1019 1744 et
1044 1693 1246 1760 aperta
1294 1693 1432 1743 sunt
1480 1687 1653 1752 mala,
1689 1689 1921 1760 naviga-

255 1777 337 1832 tio
381 1778 440 1831 in
472 1783 659 1844 nocte,
694 1778 786 1832 fax
826 1794 1142 1849 nusquam,
1175 1778 1443 1832 Christus
1487 1777 1721 1832 dormit.
1761 1800 1780 1826 ι
1817 1780 1915 1833 Re-

2031 622 2091 677 in
2116 624 2354 679 domum
2386 624 2754 678 tenebrosam
2804 623 2861 678 id
2922 622 3238 694 rejiciebat,
3293 622 3522 694 alioque
3583 622 3684 677 mi-

2033 729 2198 784 grare
2236 712 2380 767 velle
2431 713 2680 768 dicebat.
2742 714 2822 768 Ex
2881 730 2994 784 quo
3054 712 3303 767 efﬁcitur
3351 715 3414 765 ut
3462 712 3682 766 nemini

2033 818 2274 874 prorsus
2307 802 2506 856 cedere
2540 802 2889 870 sustineant,
2944 818 3143 855 verum
3195 801 3412 855 cerebri
3474 801 3564 854 sui
3616 802 3681 854 ﬁ-

2032 895 2269 961 gmenta
2303 893 2382 945 ita
2405 891 2624 962 perdite
2657 896 2851 946 ament
2883 896 3056 962 atque
3097 891 3519 961 amplexentur,
3555 893 3619 943 ut
3649 907 3682 945 a

2031 979 2348 1034 visceribus
2380 981 2502 1035 suis
2528 980 2720 1049 potius
2754 980 2938 1050 avelli,
2979 997 3154 1051 quam
3187 997 3221 1033 a
3251 983 3529 1050 concepta
3586 995 3675 1033 se-

2032 1067 2144 1122 mel
2177 1069 2447 1138 opinione
2479 1069 2736 1123 abstrahi
2790 1069 3105 1140 patiantur.
3142 1069 3255 1139 (63)
3287 1092 3312 1117 «
3349 1072 3436 1121 Ita
3466 1068 3679 1138 perditi

2032 1158 2301 1228 perdunt,
2342 1162 2397 1211 et
2444 1158 2736 1227 depravati
2795 1174 3049 1212 errorem
3121 1156 3423 1227 pravitatis
3480 1156 3678 1210 infun-

2030 1246 2196 1313 dunt,
2229 1265 2255 1296 ιι
2296 1263 2360 1299 ac
2389 1245 2549 1300 virus
2577 1264 2748 1301 suum
2774 1263 3244 1318 quaquaversum
3267 1261 3539 1317 spargere
3563 1263 3680 1302 m0-

2030 1334 2259 1389 liuntur
2289 1352 2300 1389 :
2336 1339 2400 1389 ut
2430 1352 2543 1390 non
2579 1336 2681 1390 abs
2722 1353 2782 1390 re
2821 1337 3065 1407 Cyprius
3097 1335 3193 1389 ille
3225 1335 3533 1406 episcopus
3564 1335 3676 1407 (64)

2030 1440 2126 1478 eos
2186 1417 2526 1494 ἐκθαμϐητὰς
2585 1427 2689 1475 τῶν
2749 1419 3035 1498 προϐάτων
3113 1422 3202 1476 καὶ
3276 1421 3511 1496 πτῦρτας
3569 1427 3676 1477 τῶν

2028 1516 2379 1585 περιστερῶν,
2438 1511 2525 1564 καὶ
2585 1507 2820 1579 σοϐητὰς
2878 1517 2983 1565 τῶν
3041 1516 3136 1566 τοῦ
3187 1516 3417 1586 Χριστοῦ
3479 1512 3674 1585 ἀρνίων

2028 1600 2117 1656 καὶ
2151 1602 2476 1674 θρεμμάτων
2502 1608 2685 1658 vocet.
2727 1603 2815 1657 Sic
2846 1605 3116 1674 impurus
3177 1602 3360 1657 hostis
3418 1603 3677 1657 fructum

2030 1706 2261 1747 omnem
2295 1691 2692 1746 memorabilis
2722 1691 2880 1746 illius
2907 1690 3197 1762 supplicii,
3226 1691 3377 1761 quod
3411 1690 3678 1746 Christus

2030 1781 2087 1834 in
2112 1796 2281 1834 cruce
2307 1779 2566 1851 pertulit,
2618 1786 2679 1834 ut
2717 1781 2858 1849 ﬁlios
2912 1782 3027 1846 Dei,
3080 1782 3176 1851 qui
3219 1788 3377 1834 erant
3423 1779 3679 1851 dispersi,

249 1868 590 1936 frigesce-nte
618 1865 703 1919 vel
755 1867 946 1936 potius
977 1866 1260 1920 exstincta
1289 1867 1558 1921 charitate
1587 1866 1828 1921 abundat
1857 1867 1917 1921 in
1950 1893 1996 1956 Β
2027 1877 2377 1939 congregaret
2398 1871 2451 1923 in
2483 1886 2656 1923 unum
2703 1870 2767 1937 ³³,
2803 1870 3069 1924 funditus
3100 1869 3301 1924 tollere
3325 1874 3499 1941 atque
3531 1868 3679 1923 evel-

253 1956 404 2009 orbe
435 1956 700 2027 iniquitas
731 1956 792 2009 ³ο.
827 1956 1172 2010 Exundante
1199 1971 1367 2026 porro
1391 1960 1562 2026 atque
1593 1956 1652 2010 in
1676 1957 1921 2010 immen-

252 2060 397 2098 sum
430 2050 796 2099 excrescente
827 2044 1157 2116 iniquitate,
1189 2044 1478 2098 vindicem
1509 2045 1609 2099 Dei
1661 2044 1922 2117 gladium

253 2134 658 2205 ardentesque
691 2133 821 2188 illas
853 2134 1098 2204 sagittas
1131 2134 1174 2170 ³³
1201 2134 1257 2187 in
1290 2150 1396 2188 nos
1423 2134 1627 2188 cadere
1683 2152 1797 2190 non
1835 2138 1925 2190 est

250 2221 498 2278 mirum.

343 2314 542 2383 Itaque
571 2312 729 2366 haud
763 2311 879 2366 scio
931 2329 1005 2367 an
1056 2328 1170 2367 non
1226 2311 1409 2366 multo
1457 2312 1821 2367 commodius
1853 2314 1923 2368 de

267 2399 389 2455 hoc
419 2405 616 2456 nostro
643 2405 906 2472 tempore
936 2401 1126 2456 dicere
1157 2401 1322 2455 nobis
1360 2400 1552 2468 liceat,
1602 2402 1758 2470 quod
1790 2402 1922 2473 Epi-

268 2489 531 2560 phanius
561 2489 835 2560 (61)olim
870 2491 940 2544 de
987 2507 1093 2545 sua
1139 2493 1485 2561 tempestate
1542 2490 1613 2544 ob
1654 2491 1919 2546 eamdem

273 2595 514 2632 causam
551 2579 796 2633 dicebat.
832 2602 858 2628 ‹‹
894 2579 1223 2633 Mirandum
1258 2579 1483 2648 esthoc
1537 2583 1816 2649 tempore,
1865 2584 1921 2634 et

272 2682 392 2720 non
421 2666 776 2720 mirandum.
829 2667 1183 2734 Mirandum,
1248 2668 1404 2738 quod
1452 2671 1649 2722 nostro
1706 2669 1918 2724 saeculo

272 2754 472 2808 omnia
504 2755 822 2826 implentur
856 2773 868 2810 :
905 2773 1016 2810 non
1045 2761 1236 2810 autern
1274 2756 1914 2824 mirandum,quiaim-

269 2842 412 2913 pleri
444 2860 510 2898 ea
541 2860 774 2898 necesse
791 2849 897 2898 est.
921 2865 949 2892 »
985 2845 1050 2898 Et
1103 2844 1303 2914 paucis
1334 2845 1522 2899 verbis
1554 2845 1872 2916 interjectis
1899 2863 1910 2901 :

272 2954 293 2978 α
317 2933 437 2995 Quo
466 2949 768 3003 progressa
797 2939 883 2987 est
916 2949 1078 2987 mens
1112 2933 1367 2988 hominis
1396 2934 1659 3004 pronaad
1691 2933 1913 2989 malum

268 3020 341 3073 ab
366 3020 740 3076 adolescentia
771 3040 876 3076 sua
894 3022 920 3075 ?
941 3026 1092 3085 Quas
1113 3023 1244 3076 ﬁdei
1278 3027 1468 3093 partes
1495 3039 1605 3076 non
1636 3022 1914 3093 perdidit?

258 3107 320 3162 ln
357 3110 565 3179 quibus
595 3111 1098 3181 disputationibus
1122 3111 1432 3166 utilitatem
1465 3128 1578 3165 non
1619 3113 1911 3182 perturba-

251 3202 336 3252 v1t
367 3199 591 3255 consilii
617 3199 1012 3271 perversitas?
1037 3222 1063 3251 υ
1100 3200 1247 3267 Quid
1279 3200 1432 3255 enim
1459 3200 1485 3254 ?
1514 3201 1600 3254 An
1660 3217 1773 3254 non
1807 3202 1906 3256 de-

251 3287 718 3359 ploratissimam
756 3290 902 3344 hanc
947 3294 1173 3344 aetatem
1212 3289 1369 3344 velut
1417 3290 1597 3361 digito
1644 3289 1903 3345 indicare

251 3377 487 3432 videtur
510 3379 596 3432 vir
618 3378 715 3432 ille
747 3379 1184 3446 sanctissimus,
1215 3379 1273 3433 in
1303 3395 1422 3450 qua
1458 3378 1546 3433 vel
1579 3395 1721 3434 nova
1761 3396 1906 3450 quo-

251 3467 394 3520 tidie
428 3467 705 3538 dogmata
727 3467 1015 3534 feruntur,
1070 3467 1158 3522 vel
1183 3468 1309 3537 jam
1352 3467 1489 3522 olim
1540 3485 1821 3539 oppressa
1850 3474 1907 3523 et

254 3555 488 3627 sepulta
536 3557 596 3610 in
651 3556 841 3611 lucem
895 3557 1281 3611 revocantur?
1313 3557 1511 3627 Neque
1562 3557 1715 3611 enim
1763 3557 1907 3612 satis

252 3645 466 3699 habuit
513 3650 688 3700 Satan
724 3645 1099 3701 inferioribus
1141 3645 1274 3700 telis
1307 3647 1585 3701 adversus
1644 3663 1749 3701 nos
1800 3647 1905 3712 uti,

255 3735 372 3788 nisi
405 3735 580 3788 etiam
613 3751 855 3798 venena,
908 3739 970 3789 ut
995 3735 1075 3789 ait
1106 3733 1223 3802 ille,
1283 3733 1424 3790 oculo
1458 3739 1695 3806 peteret,
1731 3740 1907 3806 atque

252 3839 324 3877 ex
357 3823 765 3878 saluberrimis
795 3823 921 3877 vita
947 3822 1206 3879 fontibus
1241 3840 1273 3877 a
1305 3840 1364 3878 se
1382 3823 1623 3888 vitiatis,
1661 3830 1904 3878 mortem

252 3910 424 3964 nobis
459 3911 812 3981 propinaret,
830 3911 1158 3983 sagittaque
1179 3910 1276 3967 illa
1300 3928 1402 3982 per
1419 3912 1573 3966 diem
1591 3912 1821 3967 volante
1839 3913 1908 3982 3”,

253 3998 362 4053 hoc
391 4009 494 4064 est,
532 4006 594 4053 ut
627 4017 727 4071 per
760 4001 1060 4055 haereticos
1085 4001 1143 4054 in
1202 4004 1539 4054 sanctarum
1582 4001 1908 4072 intelligen-

255 4088 338 4142 tia
367 4090 592 4160 Scriptu
606 4106 822 4156 rarum,
856 4088 1173 4144 Ecclesiam
1205 4089 1663 4145 convulneraret.

335 4178 613 4232 Hincillte
639 4182 723 4233 tot
753 4183 994 4250 tamque
1053 4179 1318 4233 dissectae
1371 4185 1563 4245 sectae,
1617 4196 1763 4249 quas
1810 4196 1911 4250 per

258 4284 395 4322 suos
428 4262 708 4323 satellites
765 4272 886 4323 toto
941 4268 1078 4322 orbe
1120 4268 1447 4323 Christiano
1505 4269 1744 4340 spargit,
1809 4270 1909 4339 qui

262 4356 485 4411 utinam
519 4356 633 4427 ipsi
665 4362 792 4411 tum
827 4374 944 4411 sua
974 4362 1101 4412 tum
1161 4357 1408 4412 aliorum
1459 4357 1666 4412 salutis
1712 4358 1911 4413 minus

262 4446 485 4518 prodigi
521 4447 750 4500 essent!
792 4445 1026 4501 Utinam
1059 4447 1277 4502 fastum
1329 4447 1497 4502 illum
1530 4463 1704 4501 suum
1737 4451 1913 4518 atque

267 4534 655 4605 arrogantiam
689 4535 1164 4606 comprimerent,
1196 4552 1300 4590 nec
1331 4535 1736 4605 antiquitatem
1786 4537 1910 4591 uni-

2032 1959 2150 2014 lere
2173 1958 2360 2014 modis
2392 1959 2664 2013 omnibus
2695 1963 2957 2012 conatur.
3001 1958 3155 2012 Nihil
3189 1958 3342 2012 enim
3375 1975 3508 2013 eum
3542 1975 3681 2029 gra-

2031 2049 2159 2102 vius
2191 2048 2354 2118 angit
2375 2052 2431 2101 et
2460 2048 2771 2112 excruciat,
2799 2064 2974 2117 quam
3025 2064 3133 2117 pax
3161 2046 3407 2102 aliorum
3455 2051 3511 2100 et
3541 2063 3678 2100 con-

2031 2137 2249 2206 cordia,
2274 2138 2442 2205 cujus
2474 2152 2536 2191 se
2565 2153 2670 2190 suo
2704 2135 2914 2190 scelere
2945 2140 3238 2206 expertem
3294 2135 3469 2189 videt.
3520 2134 3679 2188 Nihil

2033 2230 2121 2281 est
2165 2226 2317 2296 quod
2353 2225 2577 2280 avidius
2607 2229 2858 2295 expetat,
2908 2229 3081 2294 atque
3138 2224 3195 2276 in
3230 2239 3344 2293 quo
3376 2223 3681 2278 vehemen-

2031 2315 2151 2369 tius
2181 2314 2456 2382 elaboret,
2479 2330 2654 2384 quam
2688 2318 2749 2367 ut
2780 2312 2970 2367 nobile
3014 2312 3156 2366 illud
3208 2311 3423 2366 amoris
3481 2328 3546 2365 ac
3578 2313 3677 2365 be-
3770 2331 3775 2336 ·

2031 2403 2368 2458 nevolentiaa
2418 2402 2700 2472 legatum,
2741 2401 2894 2471 quod
2947 2401 3214 2454 Christus
3262 2398 3526 2453 Ecclesiae
3558 2415 3673 2454 suae

2031 2497 2382 2548 testamento
2404 2490 2660 2562 reliquit,
2686 2489 2853 2544 nobis
2884 2495 3242 2559 extorqueat.
3301 2491 3380 2542 Ac
3431 2489 3673 2559 proinde

2030 2599 2176 2652 quas
2208 2585 2399 2652 potest
2429 2579 2826 2634 contentiones
2859 2579 2913 2631 in
2941 2580 3110 2633 domo
3144 2578 3243 2632 Dei
3270 2577 3493 2644 serit,et
3515 2578 3670 2648 quod

2028 2671 2097 2725 de
2129 2675 2312 2725 morte
2338 2670 2719 2740 Hieronymus
2770 2668 2958 2722 aiebat
2984 2667 3118 2738 (65),
3155 2690 3174 2715 α
3211 2668 3416 2721 fratres
3449 2666 3672 2737 dividit,

2026 2764 2083 2814 et
2110 2759 2456 2814 charissima
2486 2760 2640 2812 inter
2669 2773 2730 2812 se
2790 2757 3028 2811 nomina
3067 2756 3318 2811 crudelis
3377 2760 3433 2810 et
3488 2757 3674 2811 durus

2025 2847 2320 2903 dissociat.
2348 2868 2369 2897 ι

2094 2941 2225 2991 Huic
2259 2936 2401 3007 proh
2438 2934 2636 2990 dolor!
2673 2952 2784 2990 non
2831 2936 2957 3005 jam
3012 2934 3274 3000 auribus,
3336 2935 3436 2988 sed
3487 2933 3671 2988 oculis

2024 3025 2169 3096 ipsis
2201 3025 2508 3079 haurimus
2543 3041 2556 3080 :
2591 3041 2706 3078 non
2732 3026 2865 3094 jam
2918 3022 3193 3093 legimus,
3239 3023 3338 3076 sed
3387 3021 3678 3077 sentimus

2024 3131 2320 3186 quamque
2367 3111 2594 3181 κακίστη
2656 3109 2957 3184 δαιμόνων,
3025 3117 3090 3166 ut
3147 3110 3442 3182 Euripidis
3501 3111 3674 3165 verbo

2022 3207 2173 3270 utar,
2205 3203 2282 3258 sit
2306 3202 2564 3270 haeresis,
2599 3219 2715 3256 non
2749 3207 2868 3256 tam
2901 3218 2969 3255 ex
3020 3200 3317 3255 annalium
3366 3199 3672 3268 memoria,

2016 3309 2193 3363 quam
2225 3308 2292 3346 ex
2323 3292 2661 3346 nostrismet
2697 3291 2810 3361 ipsi
2874 3289 3307 3344 calamitatibus
3356 3304 3539 3359 cogno
3559 3288 3682 3342 sci-

2017 3398 2172 3436 mus.
2208 3380 2422 3436 Multas
2453 3380 2691 3450 quidem
2720 3395 3043 3451 gravesque
3065 3378 3354 3432 hzsresum
3392 3376 3679 3448 procellas

2017 3470 2074 3525 in
2108 3475 2365 3525 veterum
2399 3468 2798 3524 monumentis
2843 3468 3168 3539 descriptas
3200 3467 3469 3521 videmus
3511 3484 3522 3520 :
3575 3467 3676 3521 sed

2018 3560 2202 3614 multo
2225 3559 2458 3629 gravius
2491 3576 2596 3613 nos
2628 3557 2913 3622 afﬁciunt,
2954 3574 3101 3627 quas
3134 3555 3247 3627 ipsi
3281 3556 3580 3610 cernimus
3612 3572 3677 3609 ac

2017 3650 2331 3703 sentimus.
2391 3648 2463 3703 Ut
2502 3648 2659 3703 enim
2715 3663 2807 3701 res
2864 3646 3072 3716 procul
3131 3647 3201 3700 ab
3244 3645 3429 3700 oculis
3459 3645 3680 3699 dissita:

2019 3737 2202 3792 multo
2239 3737 2492 3791 minores
2540 3736 2830 3798 videntur,
2880 3752 3056 3806 quam
3109 3751 3239 3804 quae
3298 3732 3553 3804 propiori
3584 3734 3680 3786 in-

2017 3827 2257 3881 tervallo
2290 3830 2655 3897 spectantur,
2679 3826 2880 3880 eodem
2926 3823 3103 3878 modo
3147 3822 3268 3876 ﬁeri
3319 3838 3431 3875 non
3466 3825 3676 3891 potest,

2021 3916 2160 3986 quin
2199 3931 2453 3984 prassens
2483 3913 2787 3968 calamitas
2812 3911 2999 3965 multo
3036 3909 3357 3981 graviorem
3392 3909 3561 3964 nobis
3583 3909 3680 3963 do-

2019 4005 2199 4059 lorem
2240 4004 2454 4067 inurat,
2503 4019 2678 4072 quam
2712 4018 2860 4072 quas
2909 4000 2964 4052 in
3021 3999 3435 4052 historicorum
3512 3998 3677 4054 libris

2019 4093 2174 4148 velut
2207 4094 2262 4146 in
2288 4091 2489 4146 tabula
2523 4091 2778 4161 quadam
2819 4090 3002 4158 pietas
3035 4089 3355 4141 intuemur.
3415 4087 3478 4140 Et
3537 4104 3677 4142 sane

2020 4199 2253 4252 {equum
2286 4185 2429 4246 erat,
2463 4183 2528 4233 ut
2576 4179 2676 4250 qui
2710 4179 3038 4234 vicinorum
3090 4180 3424 4231 nostrorum
3458 4177 3678 4232 tristis-

2022 4270 2188 4327 simis
2238 4268 2519 4339 exemplis
2570 4267 2788 4323 erudiri
2850 4265 3236 4335 negleximus,
3293 4264 3403 4335 ipsi
3436 4266 3676 4319 tandem

2020 4359 2152 4414 aliis
2176 4359 2234 4412 in
2266 4357 2597 4428 exemplum
2622 4372 3099 4428 proponeremur,
3128 4353 3431 4424 caaterique
3479 4371 3546 4408 ex
3580 4370 3677 4408 no-

2019 4448 2114 4504 bis
2144 4449 2559 4502 documentum
2593 4450 2886 4517 caperent,
2922 4445 3061 4514 quid
3115 4443 3226 4498 sibi
3282 4446 3435 4498 esset
3494 4443 3551 4496 in
3585 4459 3678 4498 ea-

2022 4537 2154 4592 dem
2188 4552 2366 4590 causa
2406 4534 2956 4606 pertimescendum.
2993 4537 3183 4603 Atque
3215 4533 3442 4586 utinam
3475 4532 3674 4586 verbe-

266 4637 485 4677 versam
508 4623 781 4678 caecitatis
795 4624 1321 4696 atqueignorantiae
1345 4627 1623 4680 damnare
1646 4624 1905 4691 mallent,
1939 4619 1986 4683 D
2018 4625 2182 4680 ribus
2204 4624 2429 4689 saltem,
2466 4623 2833 4695 ut‘Phryges,
2860 4627 2915 4677 et
2945 4621 3183 4693 quidem
3216 4621 3426 4676 iterum
3461 4638 3526 4675 ac
3558 4626 3674 4676 ter—

265 4727 437 4781 quam
468 4728 725 4768 errorem
748 4729 924 4767 suum
956 4713 1251 4767 conﬁteri!
1309 4714 1418 4768 Sed
1452 4714 1627 4769 habet
1657 4713 1764 4769 hoc
1797 4713 1909 4768 im-

262 4800 432 4871 primi
468 4798 744 4876 φιλαυτία,
770 4801 1058 4856 haeresum
1093 4803 1357 4857 omnium
1419 4819 1631 4873 parens
1661 4803 1910 4858 certissi-

264 4907 377 4957 ma,
405 4891 563 4961 quod
599 4891 692 4958 iis,
753 4890 854 4961 qui
903 4890 1012 4945 hoc
1061 4891 1199 4946 vitio
1248 4891 1445 4946 infecti
1502 4896 1660 4960 sunt,
1711 4891 1910 4946 oculos

261 4995 497 5049 prorsus
530 4980 838 5051 morbique
869 4997 1103 5035 sensum
1138 4996 1369 5035 omnem
1395 4980 1584 5052 eripit,
1623 4981 1909 5053 planeque

259 5069 460 5124 eodem
513 5069 688 5124 modo
760 5085 856 5124 eos
898 5069 1097 5137 afﬁcit,
1149 5087 1263 5140 quo
1304 5069 1650 5142 Harpastem
1683 5071 1906 5125 fatuam

258 5173 422 5212 suam
458 5159 681 5213 Seneca
701 5158 813 5230 (62)
863 5158 1160 5213 laborasse
1214 5159 1437 5229 scribit,
1497 5176 1625 5230 quae
1659 5176 1791 5214 cum
1823 5161 1906 5215 vi-

2020 4714 2098 4769 tio
2132 4714 2413 4785 repetitis,
2435 4713 2704 4767 meliores
2723 4712 3107 4775 efﬁceremur,
3142 4726 3208 4764 ac
3240 4725 3354 4763 non
3388 4711 3581 4780 potius
3602 4710 3673 4763 ad

2019 4808 2137 4858 tam
2172 4803 2349 4857 duras
2379 4801 2582 4873 plagas
2611 4802 3184 4871 obstupesceremus.
3222 4799 3356 4863 Sed,
3394 4799 3547 4867 quod
3581 4799 3674 4851 vix

2019 4893 2144 4948 sine
2172 4891 2443 4962 lacrymis
2467 4889 2576 4944 dici
2613 4895 2822 4952 potest,
2857 4889 2926 4942 ad
2961 4887 3175 4941 doloris
3219 4903 3456 4940 sensum
3490 4887 3674 4939 obdu-

2018 4984 2207 5037 ruisse
2229 4982 2515 5035 videmur.
2565 4980 2828 5049 Dz'ssipali
2887 4977 3044 5031 enim
3096 4992 3309 5039 sumus,
3373 4981 3434 5029 ut
3484 4975 3677 5045 inquit

2015 5072 2326 5143 Propheta,
2359 5078 2408 5125 et
2457 5085 2568 5125 non
2596 5069 2907 5138 compuncti
2930 5067 2992 5120 3‘.
3032 5068 3307 5120 Percussit
3364 5080 3458 5118 nos
3490 5064 3676 5118 Domi-

2016 5177 2141 5231 nus,
2173 5168 2352 5216 etnon
2380 5159 2659 5214 doluimus
2690 5177 2711 5222 ;
2739 5158 2954 5212 attriuit
3011 5170 3132 5220 nos,
3169 5157 3222 5208 et
3271 5155 3557 5208 renuimus
3586 5170 3676 5208 ac-

323 5339 507 5392 ”lsa.
560 5354 717 5409 Lxm,
781 5338 866 5393 19.
933 5339 978 5372 ³ο
1007 5339 1207 5394 Matth.
1237 5355 1386 5410 xxxv,
1439 5339 1522 5394 12.
1595 5339 1638 5375 3‘
1699 5339 1854 5396 Psal.
1921 5355 2022 5408 vn,
2064 5342 2151 5397 17.
2211 5341 2256 5375 ⁸²
2315 5338 2466 5396 Psal.
2525 5354 2614 5406 xc,
2700 5339 2755 5393 6.
2821 5336 2864 5370 ³³
2910 5334 3077 5391 Joan.
3131 5351 3188 5400 ι,
3239 5333 3328 5388 52.
3413 5332 3458 5367 ⁸⁸
3524 5331 3672 5388 Psal.

257 5425 442 5477 xxxw,
476 5410 565 5464 16.

327 5593 440 5658 (60)
463 5591 631 5660 Epist.
669 5590 739 5644 ad
761 5591 1095 5646 Eudoxium.
1122 5590 1199 5644 al.
1231 5608 1422 5647 xxxrx.

332 5664 445 5732 (61)
469 5662 588 5735 Lib.
624 5666 884 5735 iu._tom.
921 5661 1288 5735 lI,Ac_tver.sus
1349 5663 1610 5733 Antidic.,
1664 5679 1720 5735 p.
1756 5663 1913 5720 1034.

334 5735 446 5806 (62)
477 5734 678 5790 Senec.
712 5733 772 5791 in
805 5733 1022 5791 Hercul.
1059 5733 1257 5793 Oetaeo.

2097 5591 2208 5694 (63)
2241 5589 2517 5673 Ογριιὶειιι..
2540 5589 2620 5644 lib
2654 5593 2738 5644 De
2769 5587 2898 5643 idol.
2933 5603 3084 5652 van.,
3116 5603 3172 5658 p.
3207 5588 3332 5641 226.

2099 5664 2180 5694 rm.
2243 5663 2424 5694 πτωηι.
2482 5662 2561 5694 m.
2735 5666 2853 5694 inm
2912 5658 2958 5694 ιι
3017 5675 3050 5694 η
3109 5659 3246 5694 mno

2118 5658 2208 5734 64)
2243 5658 2448 5734 Epiph.
2482 5662 2583 5716 lib.
2619 5677 2701 5734 lilii:
2735 5666 2877 5716 tom.
2912 5658 2980 5728 II,
3016 5675 3073 5730 p,
3109 5659 3265 5734 10_0_9.

2118 5669 2208 5717 64Χ
2244 5669 2448 5745 Epiph.
2482 5669 2583 5716 lib.
2619 5677 2701 5714 ιιι.
2735 5669 2877 5716 tom.
2913 5669 2980 5728 ll,
3016 5675 3073 5730 p,
3109 5669 3246 5713 10W

2098 5669 2208 5808 (65)
2233 5734 2414 5807 Epist.
2443 5734 2531 5806 35,
2554 5739 2596 5790 t.
2630 5731 2721 5802 IV,
2757 5735 2906 5804 part.
2965 5747 3006 5800 1,
3031 5747 3088 5803 p.
3120 5731 3246 5786 267.
