4096 6288
379 380 498 449 319

1489 400 1759 465 JACOBI
1802 404 2034 466 BILLlI
2078 407 2669 474 PRJEFATIONES.

3674 419 3795 480 320

381 523 563 590 cz'pere
587 521 937 623 disciplinam
963 528 1031 623 ξε.
1057 530 1274 623 _Belluaa
1334 537 1383 593 si
1443 539 1675 610 quando
1734 557 1763 597 e
1804 541 2029 613 laqueis
2058 545 2111 609 Α
2141 544 2382 616 tigrides
2417 565 2479 603 se
2520 550 2797 621 praebent.
2860 551 3090 623 Christi,
3152 551 3321 622 cujus
3380 551 3790 608 admirabilem

382 610 688 679 evaserint,
714 629 780 667 ea
817 618 1014 674 omnia
1056 619 1203 688 loca,
1260 624 1318 680 in
1370 628 1584 699 quibus
1616 628 1854 699 laqueos
1879 610 2029 687 wesse

383 699 780 773 suspicantur,
797 706 998 763 sedulo
1032 709 1265 784 fugiunt
1294 730 1308 782 ;
1343 733 1447 772 nos
1476 718 1640 773 bardi
1673 723 1729 775 et
1756 722 2029 777 vecordes

383 788 456 842 ad
478 791 747 846 eumdem
764 795 1024 864 quotidie
1044 798 1297 871 lapidem
1322 804 1729 879 impingimus,
1746 810 1800 863 et
1818 825 2026 880 pyrau-

378 880 601 969 starum
626 880 683 934 in
708 898 950 951 morem,
982 888 1252 946 ambusta
1294 895 1419 963 jam
1452 895 1622 951 toties
1666 913 1732 951 ac
1763 898 1878 953 fere
1899 898 2027 969 jam

380 967 591 1023 adusta
620 985 863 1041 corpora
897 974 1149 1034 flammis
1175 980 1364 1037 adhuc
1397 985 1798 1041 admovemus.

451 1057 923 1133 Quotusquisque
955 1069 1041 1120 est
1070 1068 1249 1133 enim,
1279 1070 1375 1142 qui
1409 1072 1465 1127 in
1494 1077 1611 1129 tam
1643 1075 1823 1130 denso
1882 1074 2028 1131 cala-

378 1145 649 1202 mitatum
682 1152 915 1221 agmine
950 1156 1246 1213 meliorem
1281 1165 1533 1216 mentem
1567 1162 1793 1225 induat.
1817 1168 1871 1219 et
1898 1181 2029 1220 con-

379 1233 576 1306 cipiat,
600 1253 667 1292 ao
700 1240 865 1308 quasi
916 1246 1200 1313 parturiat
1230 1249 1500 1318 spiritum
1534 1251 1742 1308 salutis
1770 1254 1813 1287 ³⁸
1833 1253 1860 1307 Ῡ
1890 1252 2027 1309 Om-

380 1339 485 1379 nes
517 1340 663 1397 pene
695 1327 901 1385 iisdem
934 1335 1195 1406 vestigiis
1228 1336 1578 1407 insistimus,
1621 1341 1777 1397 vitiis
1808 1343 2027 1399 nostris

381 1412 857 1503 indulgemus,ea
884 1422 1178 1478 mordicus
1214 1425 1551 1499 retinemus,
1585 1431 1865 1501 novisque
1891 1449 2029 1503 quo-

378 1502 520 1557 tidie
551 1504 787 1576 ﬂagitiis
820 1509 1213 1577 cumulamus,
1276 1532 1399 1586 nec,
1440 1521 1503 1571 ut
1556 1535 1687 1572 cum
1740 1502 1923 1590 lyrico
1952 1521 2029 1574 lo-

381 1606 529 1660 quar
558 1594 690 1663 (66),
726 1612 827 1665 per
851 1602 1111 1654 nostrum
1146 1603 1403 1671 patimur
1424 1606 1616 1661 scelus
1637 1608 1917 1663 iracunda
1934 1609 2029 1664 Jo-

377 1696 509 1734 vem
542 1698 753 1752 ponere
788 1684 1050 1742 fulmina.
1088 1690 1247 1745 Hauc
1283 1710 1477 1747 rerum
1528 1696 1904 1751 acerbitatem
1930 1699 2026 1752 de-

380 1767 699 1839 ploramus,
725 1772 874 1828 hanc
915 1780 1195 1848 temporis
1230 1780 1624 1839 infelicitatem
1658 1802 2026 1855 accusamus,

381 1859 552 1928 cujus
585 1859 694 1929 ipsi
746 1862 901 1918 nnici
964 1866 1109 1921 fabri
1169 1874 1343 1941 atque
1403 1872 1651 1929 artiﬁces
1686 1891 1910 1930 sumus.
1942 1878 2026 1931 Ad

381 1946 565 2018 ﬂagra
596 1965 1059 2023 murmuramus,
1090 1958 1572 2030 quiscorpionum
1594 1963 1637 1997 3"
1670 1963 1819 2021 ictus
1841 1982 2026 2021 mere-

380 2051 534 2091 mur.
568 2037 841 2095 Dolemus
872 2044 1068 2098 omnia
1098 2045 1229 2115 plus
1251 2065 1425 2118 quam
1447 2051 1723 2108 feralibus
1752 2054 1901 2109 odiis
1933 2072 2026 2109 ar-

380 2124 537 2189 dere,
570 2130 626 2180 et
646 2143 779 2182 cum
834 2130 942 2185 Deo
972 2131 1031 2186 in
1064 2136 1311 2204 gratiam
1344 2138 1531 2194 redire
1562 2157 1677 2195 non
1726 2159 2022 2199 curamus.

380 2214 556 2278 Quasi
586 2232 716 2270 vero
748 2223 902 2274 certa
944 2238 1054 2292 pax
1108 2224 1261 2278 inter
1306 2242 1403 2282 eos
1456 2228 1779 2287 coalescere
1829 2237 2023 2305 queat,

380 2302 480 2373 qui
510 2309 675 2360 aDeo
709 2307 867 2377 pacis
917 2326 1043 2365 sese
1110 2319 1477 2385 averterunt;
1534 2322 1712 2391 atque
1750 2320 1789 2375 ii
1836 2302 2023 2378 mem;-

379 2391 485 2483 bra
504 2396 701 2449 tenere
756 2404 989 2466 queant,
1051 2402 1147 2472 qui
1190 2409 1377 2475 caput,
1432 2412 1495 2461 ut
1531 2413 1618 2462 est
1665 2411 1819 2475 apud
1873 2415 2025 2483 Apo-

379 2481 596 2537 stolum
622 2483 687 2551 ³⁸,
714 2500 823 2540 non
852 2488 1155 2545 tenent.'Ut
1186 2494 1342 2549 enim
1386 2495 1445 2551 in
1506 2498 1722 2554 circulo
1755 2516 1867 2572 quo
1897 2481 2028 2557 lon-

380 2569 849 2662 giusancentro
910 2575 1074 2632 lineas
1134 2583 1577 2657 protrahuntur,
1635 2589 1743 2644 hoc
1771 2569 2026 2662 tquoque

377 2654 740 2728 longioribus
771 2661 1254 2723 intervallisinter
1274 2688 1335 2725 se
1365 2654 1585 2728 distant
1618 2694 1629 2730 :
1662 2677 1733 2731 ad
1752 2654 2023 2733 eumdem

378 2746 618 2841 modum
652 2764 767 2841 quo
798 2751 1048 2841 quisque
1092 2754 1323 2829 longius
1398 2779 1431 2817 a
1487 2763 1603 2819 Deo
1662 2766 1927 2838 discedit,
1961 2786 2025 2825 eo

379 2835 553 2886 etiam
587 2835 776 2906 magis
808 2854 840 2890 a
873 2839 1122 2897 fraterna
1179 2846 1480 2917 charitate,
1526 2851 1642 2909 imo
1673 2855 1841 2909 etiam
1876 2835 2023 2912 ase‘

382 2920 511 2992 ipso
534 2930 879 2981 removetur.

452 3012 597 3104 Nam
630 3016 768 3087 quid
800 3019 871 3074 de
900 3020 973 3075 iis
998 3021 1209 3091 dicam,
1246 3028 1343 3099 qui
1375 3031 1447 3085 ab
1479 3031 1745 3088 Ecclesits
1787 3050 2025 3104 corpore

378 3103 599 3158 nefarie
647 3122 709 3159 se
756 3109 1164 3180 praeciderunt,
1224 3117 1323 3186 qui
1372 3120 1755 3177 inconsutilem
1785 3123 1828 3163 '9
1858 3103 2022 3179 illam

377 3193 589 3248 Christi
618 3202 859 3268 vestem,
892 3202 983 3255 cui
1018 3203 1431 3264 immanissimi
1487 3212 1662 3267 etiam
1720 3216 2021 3271 carnifices

2140 636 2453 704 quemdam
2484 639 2672 695 zelum
2704 657 2819 712 prae
2851 657 2914 697 se
2970 640 3251 709 ferebant,
3311 641 3531 713 templa
3571 640 3794 698 distur-

2140 722 2299 791 bant,
2326 728 2746 797 patrimonium
2771 730 3394 801 diripiunt,ministros
3412 730 3788 787 obtruncant.

2141 811 2332 885 Regis,
2357 817 2525 887 cujus
2556 819 2960 874 auctoritatem
2992 820 3425 891 imperiumque
3454 818 3568 874 sibi
3595 837 3791 875 sacro-

2139 908 2409 959 sanctum
2441 922 2569 961 esse
2592 907 2831 963 alternis
2862 925 3040 980 prope
3068 908 3263 964 verbis
3284 908 3791 976 afﬁrmabant,ur-

2137 991 2241 1046 bes
2296 994 2349 1047 vi
2407 998 2579 1066 atque
2631 997 2813 1052 armis
2857 1001 3212 1069 expugnant,
3272 996 3499 1052 tributa
3562 996 3788 1069 legunt,

2139 1084 2434 1155 sceptrum
2467 1083 2664 1150 etiam,
2690 1084 2738 1139 si
2770 1085 3017 1157 possint,
3039 1090 3381 1157 extorquere
3402 1086 3787 1141 contendunt.

2138 1170 2363 1242 Populi,
2396 1173 2564 1243 cujus
2595 1189 2792 1240 causa,
2824 1173 3136 1246 populares
3164 1174 3432 1229 videlicet
3497 1174 3789 1241 homines,

2138 1276 2290 1315 anno
2322 1261 2605 1332 superiori
2636 1263 2702 1317 ad
2747 1281 2911 1318 arma
2962 1281 3023 1319 se
3070 1264 3279 1319 invitos
3311 1264 3460 1319 trahi
3492 1265 3788 1319 testaban-

2137 1352 2253 1418 tur,
2296 1350 2561 1405 fortunas
2609 1367 2812 1406 omnes
2862 1368 2963 1424 per
3012 1352 3486 1408 crudelissimum
3552 1351 3786 1407 latroci-

2139 1438 2302 1492 nium
2336 1438 2787 1510 eripiunt,eique
2819 1457 2921 1511 pro
2951 1441 3216 1497 libertate
3249 1441 3539 1515 promissa
3571 1443 3790 1513 gravis—

2139 1526 2349 1581 simam
2375 1528 2743 1599 tyrannidem
2771 1528 3137 1600 invexerunt,
3159 1547 3261 1601 pro
3285 1529 3639 1602 ligneojugo
3673 1530 3791 1585 fer-

2139 1631 2301 1669 reum
2334 1614 2792 1687 imposuerunt?
2814 1617 2977 1673 Unde
3008 1623 3202 1673 autem
3236 1619 3395 1675 fures
3439 1635 3786 1691 agnoscere-

2140 1721 2291 1774 mus,
2318 1704 2427 1760 nisi
2463 1705 2813 1773 furarentur,
2848 1710 2904 1761 et
2935 1712 3341 1779 mactarent,et
3370 1708 3739 1777 perderent‘0
3760 1709 3787 1762 ?

2141 1794 2300 1849 Unde
2324 1793 2511 1865 lupos,
2537 1794 2648 1850 nisi
2682 1795 3025 1868 sanguinem
3060 1797 3335 1851 sitirent?
3369 1797 3531 1853 Unde
3563 1797 3785 1867 vipera-
3842 1822 3851 1829 -

2139 1900 2267 1939 rum
2302 1884 2637 1957 progeniem
2661 1886 2725 1952 “,
2763 1886 2873 1940 nisi
2917 1889 3161 1940 matrem
3221 1885 3601 1940 arroderent?
3622 1884 3786 1940 Unde

2136 1990 2308 2045 apros
2341 1973 2630 2029 solitarios
2662 1975 2727 2040 ‘2,
2751 1975 2860 2029 nisi
2888 1974 3342 2045 pulcherrimam
3368 1973 3527 2028 illam
3554 1973 3781 2029 vineam

2138 2064 2537 2134 pervastarcnt
2566 2062 2593 2115 ‘?
2626 2063 2784 2119 Unde
2810 2063 2993 2118 leonis
3024 2063 3311 2135 rugientis
3341 2064 3385 2097 ‘3
3416 2062 3783 2129 catulos,nisi

2137 2151 2373 2207 obvium
2405 2168 2698 2222 quemque
2746 2153 3131 2207 devorarent?
3160 2151 3321 2206 Unde
3353 2152 3603 2223 denique
3632 2153 3783 2222 ejus,

2137 2240 2236 2312 qui
2275 2241 2399 2311 jam
2434 2240 2567 2295 inde
2625 2258 2657 2294 a
2712 2240 2903 2311 prima
2960 2257 3155 2295 rerum
3216 2240 3438 2313 origine
3492 2239 3787 2295 homicida

2137 2329 2339 2397 fuit“,
2374 2328 2608 2397 liberos,
2660 2329 2773 2385 nisi
2833 2346 3036 2385 cruore
3092 2333 3268 2400 atque
3320 2328 3480 2384 omni
3541 2328 3787 2384 feritatis

2136 2434 2344 2491 genere
2376 2423 2754 2491 pascerentur
2782 2418 2809 2473 ?

2206 2507 2345 2570 Quis
2377 2508 2747 2579 interpretari
2776 2512 2964 2580 potest
2985 2507 3326 2578 iniquiusne
3347 2507 3564 2564 bellum
3599 2523 3793 2563 susce-

2137 2597 2347 2669 perint,
2382 2614 2453 2651 an
2480 2597 2777 2652 crudelius
2851 2603 2908 2652 et
2959 2597 3228 2668 rapacius
3276 2601 3480 2667 gerant
3508 2596 3536 2650 7
3566 2596 3792 2659 Quibus

2137 2688 2347 2759 Opibus
2381 2688 2501 2743 haec
2532 2687 2831 2753 harathra,
2866 2704 2981 2759 quo
2999 2687 3287 2759 sanguine
3310 2687 3429 2740 haec
3462 2685 3786 2755 hirudines,

2136 2782 2269 2831 ante
2300 2794 2465 2847 quas,
2500 2781 2565 2831 ut
2586 2776 2898 2848 Scriptura!
2931 2776 3119 2830 verbis
3160 2780 3309 2843 utar,
3351 2776 3508 2845 quasi
3545 2774 3788 2829 nihilum

2134 2869 2215 2921 est
2235 2867 2464 2933 sanguis
2496 2867 2560 2931 ‘5,
2595 2865 2812 2936 expleri
2845 2869 3061 2936 queant
3092 2864 3119 2917 ‘f
3150 2863 3376 2917 Habent
3431 2868 3584 2917 certe
3630 2862 3785 2917 unde

2134 2956 2194 3011 in
2226 2955 2567 3010 confusione
2599 2971 2705 3009 sua
2736 2954 3077 3026 glorientur.
3108 2953 3386 3006 Vicerunt
3422 2967 3627 3006 omnes
3657 2967 3782 3006 om-

2135 3044 2295 3099 nium
2320 3046 2553 3098 aetatum
2585 3042 2910 3097 haereticos.
2942 3043 3225 3095 Vicerunt
3254 3038 3642 3113 impudentia,
3662 3056 3785 3095 sce-

2133 3133 2269 3201 lere,
2303 3132 2764 3204 impertunitate,
2814 3129 3056 3201 rapinis,
3116 3129 3478 3185 crudelitate.
3524 3130 3648 3183 Non
3681 3145 3786 3183 ex-

2134 3223 2431 3287 struendo,
2463 3226 2527 3275 ut
2553 3219 2883 3293 Babylonici
2915 3218 3291 3273 aedificatores
3324 3219 3388 3286 ‘5,
3423 3218 3524 3273 sed
3546 3221 3781 3272 vastan-

375 3292 778 3380 pepercerunt,
794 3288 852 3380 in
878 3290 1137 3380 infinitas
1169 3302 1364 3366 partes
1393 3294 1712 3371 sciderunt,
1742 3309 2021 3377 tantaque
2052 3282 2095 3349 (ἶ
2134 3312 2226 3380 do,
2261 3310 2587 3373 everlendo,
2638 3282 2931 3364 eirurendo
2971 3323 3182 3363 nomen
3232 3324 3406 3362 suum
3466 3306 3780 3373 celebrare,

366 3373 633 3459 amentia
663 3378 987 3449 praecipites
1014 3382 1299 3452 feruntur,
1323 3392 1387 3443 ut
1408 3394 1903 3459 quemadmodum
1927 3373 2020 3450 sa-

376 3458 684 3555 lamandra
712 3465 771 3555 in
804 3467 955 3538 igne,
989 3471 1071 3525 sic
1103 3472 1214 3543 ipsi
1255 3476 1313 3530 in
1363 3478 1625 3535 dissidiis
1658 3482 2021 3555 funestisque

377 3549 845 3609 conflictionibus
875 3557 1083 3626 vivant,
1104 3567 1277 3633 atque
1305 3567 1583 3623 adversus
1614 3570 1904 3640 publicam
1924 3549 2021 3627 or-

378 3636 469 3731 bis
492 3642 864 3698 concordiam
919 3650 1258 3718 conjurasse
1302 3636 1664 3713 videantur-‘2
1694 3683 1721 3710 α
1756 3662 1869 3731 (67)
1899 3662 2021 3716 Nisi

376 3727 530 3781 enim
559 3746 757 3799 pacem
782 3733 1064 3808 odissent,
1098 3739 1155 3793 in
1213 3743 1437 3801 unitate
1481 3753 1633 3803 certe
1664 3727 2023 3819 per-mansis-

375 3822 524 3872 sent.
552 3840 578 3867 »
606 3819 667 3874 In
701 3838 933 3879 summa
961 3828 1198 3885 miseria
1248 3849 1543 3891 summam
1576 3839 1928 3906 felicitatem,
1963 3841 2021 3895 in

375 3907 630 4000 maxima
671 3914 1106 3979 perturbatione
1147 3921 1645 3988 jucundissimam
1704 3931 2023 4000 quamdam

374 3996 629 4065 quietem
656 3999 743 4053 vel
766 4001 1070 4072 simulant,
1099 4010 1184 4062 vel
1218 4012 1508 4083 opinionis
1537 3996 1737 4073 errore
1759 4020 1870 4075 sibi
1894 4036 2025 4075 con-

376 4084 628 4158 ﬁngunt.
664 4089 835 4147 Extra
865 4111 1060 4151 arcam
1101 4115 1231 4155 esse
1276 4105 1550 4173 gaudent,
1613 4124 1679 4162 ac
1749 4108 1906 4163 velut
1953 4110 2025 4164 de

378 4179 535 4271 certa
556 4177 745 4235 salute
774 4181 884 4235 sibi
915 4187 1304 4255 gratulantur.
1365 4194 1457 4249 Sic
1492 4195 1762 4252 nimiram
1823 4202 2022 4271 aegroti

377 4264 618 4357 quidam
651 4284 942 4340 nusquam
976 4291 1090 4329 non
1124 4277 1439 4347 quietiores
1470 4299 1531 4337 se
1566 4284 1705 4355 fore,
1730 4264 1906 4357 quam
1965 4290 2023 4343 in

379 4356 582 4409 stratis
611 4358 735 4412 suis
758 4360 1337 4423 arbitrantur.Perire
1362 4371 1556 4425 miseri
1584 4391 1697 4428 non
1734 4356 2025 4449 recusant,

379 4444 519 4498 dum
555 4444 698 4501 alios
729 4448 787 4500 in
834 4453 1098 4507 eamdem
1153 4471 1349 4512 secum
1404 4461 1718 4529 perniciem
1766 4444 2023 4521 trahant.

378 4533 658 4605 Idemque
676 4537 723 4590 si
744 4554 857 4591 non
889 4556 1005 4607 ore,
1036 4544 1226 4614 reipsa
1244 4550 1437 4603 tamen
1472 4549 1905 4626 clamant,quod
1930 4555 2027 4611 ille

2131 3399 2639 3470 immortalemque
2660 3399 2750 3453 sui
2786 3398 3127 3452 memoriam
3160 3396 3407 3468 posteris
3451 3394 3781 3465 relinquere

2131 3489 2475 3545 moliuntur.
2511 3490 2855 3559 Quanquam
2888 3487 3161 3543 credetne
3188 3501 3448 3557 unquam
3472 3483 3778 3555 posteritas

2130 3582 2360 3634 tantum
2390 3577 2601 3632 furoris
2632 3578 2687 3630 in
2723 3575 2959 3631 Francis
2995 3575 3354 3641 hominibus,
3389 3573 3578 3645 iisque
3608 3572 3780 3628 defea-

2132 3677 2271 3723 catae
2306 3667 2604 3738 religionis
2643 3665 2811 3720 titulo
2861 3682 2988 3721 sese
3047 3664 3501 3731 venditantibus,
3535 3660 3785 3717 exstitis-

2133 3773 2194 3812 se
2225 3757 2252 3812 ?
2281 3756 2405 3812 Non
2439 3756 2650 3822 credet,
2686 3755 3074 3826 imposturam
3104 3754 3215 3808 sibi
3237 3753 3448 3808 factam
3481 3750 3781 3819 clamabit,

2134 3846 2245 3901 nisi
2280 3862 2554 3916 expressa
2585 3848 2759 3899 tantae
2819 3843 3087 3898 amentiae
3138 3843 3499 3897 monimenta
3544 3839 3603 3894 in
3636 3844 3785 3894 tem-

2133 3935 2361 4005 plorum
2394 3935 2581 3989 ruinis
2611 3933 2838 3988 viderit.
2874 3932 3012 3988 Mihi
3043 3931 3280 4005 quidem
3311 3948 3426 3986 non
3459 3930 3518 3984 in
3549 3927 3787 4001 publica

2135 4025 2331 4090 modo,
2362 4024 2460 4078 sed
2493 4022 2749 4077 etiamin
2784 4020 3006 4093 privata
3037 4020 3390 4088 calamitate,
3424 4034 3599 4089 quam
3634 4016 3783 4071 nihil

2136 4113 2193 4167 in
2227 4111 2366 4179 illis,
2425 4128 2542 4165 non
2602 4111 2791 4165 dicam
2850 4108 3185 4174 Christiani,
3239 4108 3339 4163 sed
3399 4123 3472 4162 ne
3527 4106 3784 4161 hominis

2137 4202 2374 4275 quidem
2407 4205 2581 4264 esset,
2631 4199 2860 4254 abunde
2890 4197 3138 4269 experiri
3195 4196 3458 4268 contigit.
3519 4195 3687 4261 Nam,
3720 4198 3787 4249 ut

2138 4291 2439 4363 Regiensis
2490 4287 2697 4342 insulas
2753 4286 3083 4341 vastitatem
3146 4290 3483 4357 praeteream
3529 4283 3613 4356 (in
3646 4299 3781 4354 qua,

2137 4380 2391 4453 quandiu
2424 4376 2754 4449 superiores
2795 4374 3040 4442 fuimus,
3069 4372 3234 4428 licuit
3260 4373 3379 4428 illis
3410 4390 3516 4428 suo
3547 4373 3659 4427 ritu
3695 4372 3785 4427 vi-

2136 4487 2286 4536 vere,
2323 4467 2670 4523 faculatibus
2720 4464 2843 4519 suis
2891 4463 3071 4518 libere
3120 4462 3553 4534 tranquilleque
3601 4462 3715 4516 frui
3766 4478 3779 4515 :

2138 4556 2495 4628 simulatque
2522 4559 2715 4610 autem
2765 4552 2963 4607 vicinae
2997 4550 3253 4623 Rupellaa
3314 4551 3557 4622 perfidia
3585 4549 3785 4605 basili-

377 4625 533 4717 βριξά
567 4626 851 4717 Ψελείουω
885 4628 1019 4701 (68).
1045 4654 1071 4679 “
1106 4632 1235 4688 Ηωο
1268 4635 1396 4707 ipsa
1421 4638 1646 4709 pollens
1693 4625 1888 4716 inclyti
1922 4650 2021 4701 Pe-
2051 4654 2096 4717 Ι)
2128 4665 2291 4705 scum
2313 4625 2502 4713 illum,
2546 4659 2720 4715 quem
2760 4647 2844 4698 tot
2891 4642 3062 4697 annis
3118 4640 3487 4711 parturierat,
3536 4638 3778 4710 peperit,

375 4711 527 4784 lopis
549 4714 759 4770 domus
781 4723 911 4773 ruat
932 4719 1017 4773 vel
1063 4721 1120 4776 in
1155 4740 1266 4793 me,
1314 4726 1631 4785 dummodo
1664 4731 1722 4787 in
1784 4711 2019 4790 fratrem

444 4897 648 4964 Itaque
678 4895 777 4966 qui
808 4914 921 4952 non
952 4898 1033 4955 ita
1063 4903 1553 4977 pridem(tantum
1578 4910 1635 4964 in
1658 4910 1741 4966 eis
1774 4912 2021 4968 simula-

373 4981 551 5038 tionis
580 4985 895 5043 artificium
928 4992 1073 5063 erat)
1106 4993 1187 5047 nil
1220 4995 1331 5049 nisi
1385 5013 1585 5068 pacem
1626 5003 2021 5057 concordiam-

374 5088 486 5143 que
507 5072 731 5144 spirare
761 5077 1055 5150 plerisque
1084 5084 1450 5155 videbantur,
1477 5079 1651 5143 iidem
1670 5107 1825 5144 nunc
1855 5108 2018 5161 aper-

374 5167 431 5215 ta
454 5163 661 5231 fronte,
696 5169 753 5219 et
784 5182 962 5239 regno
995 5170 1246 5241 Parides,
1288 5180 1346 5229 et
1376 5176 1596 5244 optimo
1631 5180 1841 5249 cuique
1874 5181 2019 5235 Pha-

373 5251 612 5321 larides,
646 5257 796 5311 sacri
829 5259 1004 5314 etiam
1046 5262 1268 5318 ordinis
1300 5263 1634 5322 hominibus
1683 5267 1815 5339 plus
1843 5286 2020 5341 quam

2130 4736 2283 4793 illico
2315 4732 2548 4805 templis
2578 4732 2828 4787 ﬂammas
2852 4729 3098 4800 injectae,
3134 4727 3383 4783 fortunis
3417 4725 3647 4793 nostris,
3683 4725 3782 4778 do-

2130 4825 2506 4895 mesticisque
2527 4820 2822 4886 omnibus,
2853 4836 3002 4891 quos
3023 4818 3259 4890 quidem
3295 4816 3547 4886 arripere
3575 4820 3779 4885 potue-

2130 4919 2289 4982 runt,
2323 4910 2736 4969 manusallatzs
2759 4902 3425 4980 sunt),quisMichaelini
3452 4902 3635 4957 nootri
3668 4919 3781 4957 coe-

2131 5004 2289 5059 nobii
2321 5002 2545 5058 cladem
2579 5000 2699 5055 ulla
2730 4996 3053 5069 quamlibet
3110 4993 3331 5066 tragica
3386 4991 3647 5048 oratione
3678 5010 3783 5064 pro

2130 5092 2209 5147 rei
2235 5092 2537 5147 atrocitate
2559 5088 2862 5159 deplorare
2890 5089 3065 5156 queat
3093 5084 3120 5138 ?

2201 5182 2420 5235 Domus
2451 5196 2518 5234 ea
2547 5175 2963 5249 antiquissima
2994 5178 3050 5229 et
3078 5172 3481 5227 illustrissitua
3510 5176 3654 5239 erat,
3692 5177 3780 5227 at-

2133 5288 2244 5342 que
2268 5273 2394 5341 ipsa
2425 5284 2657 5341 quoque
2679 5270 2989 5320 structum
3010 5262 3202 5334 specie
3217 5260 3558 5334 religionem
3577 5278 3786 5333 quam-

442 5390 493 5476 ξιξ
514 5390 632 5476 .ler.
665 5408 718 5457 v,
747 5393 875 5476 3.“3°
906 5395 1031 5476 iss;
1078 5398 1228 5476 xavi,
1266 5398 1348 5453 18.
1407 5400 1557 5476 ³⁷ᾘΙ
1616 5403 1754 5476 Reg.
1788 5408 1885 5473 xit,
1922 5407 2005 5461 14.

2138 5404 2436 5471 301035.11,
2496 5402 2574 5456 19.
2615 5400 3043 5476 3_°_Jo_an._xu_1,
3092 5398 3183 5464 23,
3237 5396 3514 5476 ‘°_:loan_2
3578 5412 3636 5476 ξ,
3695 5395 3781 5449 10.

370 5462 411 5495 *ί
440 5462 646 5549 Μαίη).
684 5466 849 5531 111,7.
918 5467 963 5500 ⁴²
994 5466 1127 5523 Psal
1164 5486 1176 5523 :
1215 5462 1413 5538 ‘Luix,
1448 5474 1539 5529 14.
1610 5475 1651 5509 ⁴³
1683 5462 1885 5532 ΓΡθῐιιί
1919 5494 1970 5549 ν,
2002 5478 2056 5532 8.
2135 5477 2180 5513 “
2224 5477 2390 5532 Joan.
2424 5462 2566 5541 'vm,
2625 5470 2723 5527 44.
2774 5472 2819 5506 ⁴⁸
2885 5462 3040 5527 Eccl.
3119 5462 3241 5536 vin,
3300 5469 3386 5524 19.
3472 5468 3516 5503 “
3574 5466 3785 5522 Genes.

368 5550 446 5602 χι,
474 5538 524 5590 4.

464 5684 560 5759 (ξφ)
588 5681 809 5759 Horat.,
838 5684 942 5759 lib.
967 5702 986 5741 1
1009 5685 1215 5759 Carm,,
1249 5689 1342 5746 od.
1376 5691 1427 5745 3.
1784 5718 1787 5721 ν

464 5684 536 5740 66
588 5684 809 5750 Horat.,
838 5684 942 5740 lib.
967 5702 986 5741 1
1009 5685 1215 5759 Carm,,
1249 5689 1342 5746 od.
1376 5691 1427 5745 3.

441 5684 827 5831 imiAugust‘.
860 5758 925 5816 in
948 5760 1092 5831 psal.
1125 5775 1275 5820 calx.
1307 5778 1346 5818 1.
1377 5762 1469 5822 IV.
1502 5781 1559 5838 p.
1597 5763 1756 5824 1371.

2197 5692 2307 5764 (68)
2340 5690 2541 5747 Senec.
2565 5687 2626 5743 in
2657 5686 2869 5758 Thyest.
2938 5662 2956 5765 ς
