4096 6288
234 302 343 365 321

1344 292 1606 357 JOCOBI
1653 286 1880 354 BILLII
1924 284 2517 353 PREFATIONES.

3523 294 3647 360 3i2.

234 442 367 496 dam
397 436 828 510 spectatoribus
862 433 1201 489 incutiebat.
1234 434 1314 487 Ea
1346 431 1548 487 multis
1578 429 1877 485 calamito-
1908 427 1964 495 Α
1997 426 2259 483 belehem
2307 446 2409 500 pro
2464 430 2723 502 legitimo
2782 433 3042 505 principe
3098 452 3412 507 agnoscere
3443 440 3640 495 volue-

235 532 314 585 sis
349 528 575 597 solatio,
612 526 843 595 pietatis
874 540 1051 578 causa
1089 522 1492 577 exsulantibus
1524 519 1784 591 perfugio
1817 533 1881 571 ac

234 616 521 689 praesidio,
555 620 611 669 ct
661 622 746 668 ut‘
771 630 903 667 cum
934 613 1042 666 Job
1064 613 1105 645 ‘7
1139 612 1350 677 dicam,
1384 610 1575 663 oculus
1602 622 1762 673 casco,
1791 622 1883 677 pes

228 708 443 775 claudo,
459 709 646 759 mater
667 705 907 773 pauperi
930 701 1271 773 plerumque
1294 700 1498 753 fuerat.
1520 696 1882 767 Praecipuum

233 801 428 851 autem
464 794 650 865 ipsius
683 794 863 847 decus
907 794 1050 857 erat,
1084 789 1237 861 quod
1286 788 1346 842 in
1396 788 1504 841 hoc
1552 786 1883 840 animarum

231 884 446 941 diluvio
480 882 603 937 sola
651 897 819 953 pene,
846 879 1002 934 velut
1044 895 1178 933 arca
1206 877 1342 947 Noe,
1376 875 1575 930 diluvii
1607 875 1720 929 vim
1773 873 1881 927 mi-

230 975 389 1029 nime
424 976 710 1028 senserat.
744 969 838 1024 Bis
870 970 1131 1035 obsessa,
1165 966 1253 1022 bis
1284 967 1354 1020 de
1384 965 1649 1019 hostibus
1680 963 1886 1017 trium-

232 1063 467 1135 pharat.

362 1169 507 1219 Felix
539 1168 641 1215 heu
668 1166 679 1213 ε
718 1164 959 1221 nimium,
991 1162 1115 1212 felix
1148 1163 1189 1211 si
1222 1163 1399 1211 littora
1420 1164 1627 1210 tantum

364 1230 654 1294 Anglorum
689 1240 961 1290 nunquam
984 1226 1280 1288 tetigissent
1311 1228 1491 1273 nostra
1521 1225 1731 1271 carinae.

232 1329 683 1401 Quamprimum
746 1325 897 1380 enim
962 1322 1266 1395 Rupellani
1328 1340 1429 1393 pro
1483 1322 1614 1375 vino
1664 1327 1715 1375 et
1773 1318 1891 1374 sale

233 1418 486 1488 aliisque
530 1416 707 1470 rebus
756 1413 826 1468 ad
877 1412 1003 1467 vitae
1064 1428 1235 1466 usum
1300 1409 1670 1474 necessariis,
1704 1424 1894 1462 aeneas

230 1506 532 1562 machinas
566 1503 820 1575 ingentis
844 1500 1271 1572 magnitudinis
1295 1499 1366 1554 ab
1395 1498 1634 1571 Angelis
1665 1512 1895 1568 accepe.

232 1600 393 1661 runt,
427 1594 625 1650 statim
675 1593 843 1646 tertia
874 1589 1156 1660 expeditio
1189 1590 1467 1643 adversus
1513 1589 1755 1642 domum
1792 1602 1895 1640 no-

234 1690 421 1739 stram
454 1681 795 1752 suscipitur.
831 1683 1156 1734 Accurrunt
1180 1678 1439 1749 undique
1474 1678 1670 1732 hostes
1707 1693 1774 1730 ex
1804 1692 1895 1745 op.

234 1772 391 1845 pidis
420 1776 476 1826 et
512 1770 699 1842 pagis,
734 1785 801 1823 ex
849 1767 1079 1823 insulis.
1116 1772 1265 1823 Deus
1314 1768 1482 1831 bone,
1518 1783 1692 1837 quam
1747 1770 1899 1825 truci
1932 1798 1978 1862 B

232 1861 425 1927 vultu,
455 1876 631 1931 quam
672 1856 981 1929 impotenti
1016 1856 1228 1921 furore,
1259 1872 1434 1926 quam
1483 1854 1746 1909 inaudita
1776 1854 1898 1908 ani-

238 1966 473 2004 morum
506 1946 702 2002 rabie!
737 1946 963 2000 Nostris
995 1945 1230 2015 quidem
1266 1944 1454 2015 primo
1504 1960 1608 1999 nec
1659 1943 1899 1998 animus

238 2040 307 2095 ad
339 2037 761 2103 resistendum,
789 2051 892 2090 nec
914 2034 1063 2089 vires
1086 2033 1492 2099 deerant.Sed,
1517 2038 1899 2104 posteaquam

239 2128 535 2182 immanes
562 2124 670 2179 illae
695 2124 1027 2179 bombardse
1046 2122 1258 2177 dirutis
1278 2121 1551 2176 omnibus
1576 2136 1901 2193 propugna—

239 2216 391 2273 culis
422 2232 623 2269 muros
666 2214 791 2284 jam
843 2212 1002 2283 ipsos
1034 2211 1280 2282 dejicere
1310 2216 1610 2282 cceperunt
1645 2229 1657 2265 :
1694 2228 1898 2282 quem-

244 2321 480 2376 cunque
509 2303 664 2359 Deus
696 2301 972 2356 voluisset
1017 2304 1285 2355 eventum
1315 2305 1648 2372 exspectare
1679 2300 1901 2356 malue-

246 2399 411 2461 runt,
443 2409 617 2465 quam
649 2390 837 2446 ullum
870 2388 1180 2445 deditionis
1211 2390 1451 2444 verbum
1485 2389 1639 2462 apud
1671 2406 1769 2445 eos
1799 2390 1902 2446 ha-

249 2486 413 2551 bere,
438 2499 584 2554 quos
636 2480 922 2553 quidquid
977 2478 1390 2551 promisissent
1437 2495 1551 2533 non
1587 2478 1701 2533 alia
1730 2496 1903 2549 quam

249 2572 472 2628 Punica
492 2572 604 2625 ﬁde
635 2569 999 2641 praestituros
1018 2584 1145 2623 esse
1177 2567 1567 2623 certissimum
1592 2566 1904 2623 habebant.

254 2662 458 2717 Idibus
498 2676 633 2731 ergo
674 2657 961 2721 Januarii,
986 2673 1159 2728 quem
1193 2656 1347 2711 diem
1380 2656 1632 2728 Rupellze
1667 2657 1908 2712 defectio

261 2748 559 2823 superiore
593 2763 745 2802 anno
776 2746 880 2800 toti
927 2745 1123 2801 Galliae
1156 2746 1445 2801 nefastum
1499 2746 1766 2815 reddidit,
1801 2746 1909 2802 ho-

261 2839 372 2894 stis
402 2856 503 2910 per
545 2837 821 2907 disjectas
873 2835 1022 2889 muri
1073 2839 1264 2905 partes
1309 2834 1661 2905 irrumpens,
1693 2834 1911 2906 promi-

266 2943 470 2983 scuam
526 2925 971 2987 cmnobitarum,
1016 2922 1465 2977 domesticorum
1518 2941 1804 2989 meorum,
1847 2940 1913 2979 ac

273 3016 618 3070 rusticorum
666 3018 919 3084 stragem
952 3013 1151 3066 edidit.
1185 3012 1392 3083 Optato
1422 3017 1617 3066 tamen
1673 3029 1781 3066 nox
1813 3012 1913 3066 ad-

266 3104 506 3160 veniens
536 3105 707 3158 finem
741 3102 995 3157 caedibus
1037 3100 1353 3171 attulisset,
1386 3101 1433 3155 si
1467 3118 1599 3155 cum
1631 3100 1703 3156 iis
1735 3101 1916 3157 hosti-

1993 523 2149 570 runt.
2176 522 2247 571 At
2280 524 2360 586 tu,
2397 518 2516 574 filia
2537 519 2847 591 Babylonis
2871 523 3104 589 misera,
3130 530 3189 579 tu
3217 543 3429 583 vesana
3458 532 3643 584 carni-

1994 606 2107 669 fex,
2139 612 2199 659 tu
2235 607 2437 660 mortis
2486 608 2625 675 tilia,
2652 616 2824 680 atque
2856 611 2913 665 in
2948 614 3138 669 medio
3172 617 3388 671 umbrae
3436 619 3641 674 mortis

1994 692 2289 760 habitans,
2324 697 2463 766 quid
2514 698 2724 767 egisti?
2776 699 2879 755 Ubi
2930 708 3019 756 est
3065 702 3304 759 victoria
3354 707 3498 761 tua?
3544 708 3641 763 Di-

1994 782 2217 837 ruendo
2277 782 2468 851 ruisti,
2503 787 2796 856 perdendo
2848 790 3091 858 periisti.
3134 791 3353 847 Coelum
3403 796 3641 862 habent,

1996 870 2210 940 quibus
2254 875 2508 940 terram;
2560 876 2806 944 patriam
2840 878 3074 940 habent,
3110 882 3324 951 quibus
3372 884 3643 940 exsilium

1998 959 2278 1015 invidisti.
2297 960 2338 1015 Ο
2363 962 2545 1017 beata:
2573 964 2991 1037 animaa,quam
3016 971 3307 1039 pretiosus
3328 972 3386 1027 in
3410 990 3650 1046 conspe-

1998 1052 2094 1103 ctu
2126 1048 2355 1104 Domini
2390 1052 2673 1108 transitus
2702 1060 2910 1123 vester,
2939 1074 2972 1112 a
3009 1057 3133 1114 luto
3166 1061 3318 1116 faecis
3350 1062 3420 1117 ad
3451 1063 3646 1119 locum

1998 1153 2248 1209 pascuae,
2285 1157 2316 1193 a
2349 1145 2500 1196 terra
2539 1142 2768 1198 deserta
2807 1144 2963 1200 invia
3010 1152 3065 1203 et
3114 1148 3397 1219 inaquosa
3428 1153 3496 1206 ad
3531 1157 3645 1208 ter-

2002 1243 2125 1280 ram
2159 1228 2434 1283 fluentem
2477 1230 2624 1285 lacte
2676 1237 2732 1286 et
2779 1233 2972 1299 melle,
3004 1254 3035 1289 a
3067 1242 3318 1294 torrente
3366 1242 3648 1297 amaritu-

2004 1315 2155 1369 dinis
2187 1317 2257 1369 ad
2311 1322 2627 1373 torrentem
2662 1320 2994 1393 voluptatis,
3025 1326 3095 1378 ab
3130 1326 3261 1397 igne
3292 1334 3347 1382 et
3376 1345 3529 1400 aqua
3577 1332 3649 1386 ad

2004 1403 2399 1475 refrigerium!
2426 1406 2609 1468 Quam
2634 1409 2802 1464 dulce
2824 1417 2911 1466 est
2932 1414 3092 1468 vobis
3117 1415 3172 1468 in
3197 1418 3345 1487 Agni
3370 1420 3649 1475 comitatu

2006 1509 2152 1563 esse,
2178 1494 2404 1549 Christo
2452 1496 2721 1559 l'rui,sub
2772 1516 2995 1571 magnae
3046 1503 3203 1558 illius
3253 1505 3484 1575 gallinae
3543 1509 3651 1564 alis

2008 1581 2386 1653 requiescere,
2414 1585 2572 1639 nulla
2599 1587 2718 1656 jam
2755 1590 3047 1659 scandala,
3075 1593 3295 1649 nullam
3324 1595 3652 1666 gladiorum

2011 1672 2217 1739 aciem,
2243 1671 2435 1727 nullos
2458 1676 2790 1730 venantium
2828 1678 3087 1750 laqueos,
3114 1683 3332 1739 nullam
3358 1687 3473 1739 vim
3498 1688 3658 1741 bom-

2012 1761 2326 1815 bardarum
2359 1762 2771 1820 extimescere!
2806 1768 2988 1830 Quam
3024 1770 3366 1839 praeclarum
3399 1776 3657 1846 negotia-

2012 1850 2185 1905 tionis
2218 1867 2423 1921 genus,
2458 1870 2559 1922 pro
2590 1854 2812 1926 exiguis
2844 1859 3150 1929 sanguinis
3182 1864 3363 1932 guttis
3409 1881 3655 1935 regnum

2012 1939 2309 2007 oculorum,
2346 1958 2445 2011 pro
2474 1944 2824 1999 carbonibus
2858 1946 3222 2018 thesaurum,
3256 1969 3358 2023 pro
3389 1956 3658 2010 stercori-

2011 2029 2121 2083 bus
2154 2030 2525 2100 margaritam
2560 2032 2820 2104 accipere

2083 2118 2191 2172 Sed
2228 2119 2479 2187 profecto
2502 2122 2593 2188 (ne
2625 2121 2848 2178 diutius
2879 2130 3041 2180 extra
3062 2128 3415 2186 curriculum
3440 2134 3660 2188 feratur

2012 2206 2276 2276 epistola)
2329 2223 2432 2261 nec
2490 2214 2689 2263 nostra
2747 2210 2973 2279 domus,
3008 2229 3110 2268 nec
3168 2220 3252 2270 tot
3303 2218 3657 2288 templorum

2014 2294 2200 2350 millia
2248 2295 2307 2349 in
2357 2295 2465 2350 hoc
2511 2313 2686 2369 regno
2732 2300 3211 2371 conﬂagrassent,
3253 2304 3361 2360 nisi
3408 2308 3659 2378 vulpibus

2013 2384 2163 2450 istis,
2211 2401 2329 2454 quae
2386 2387 2575 2440 vineas
2630 2388 3005 2443 demetiuntur
3038 2392 3099 2456 ‘9,
3132 2396 3313 2462 foveas
3372 2396 3572 2452 habere
3591 2398 3657 2465 5°,

2014 2473 2209 2544 vespis
2252 2472 2383 2527 istis
2432 2476 2588 2529 favos
2618 2477 2750 2547 ((50),
2782 2477 2834 2531 id
2889 2484 2994 2545 est,
3030 2480 3317 2538 hmreticis
3375 2485 3662 2541 Ecclesiae

2017 2563 2202 2617 facere
2236 2563 2482 2616 nimium
2534 2565 2633 2619 diu
2665 2566 2944 2622 licuisset.
2979 2568 3123 2624 Hinc
3172 2572 3520 2641 gravissima
3563 2574 3665 2629 illa

2018 2651 2167 2721 apud
2222 2650 2500 2705 Basiliam
2550 2653 2823 2725 Magnum
2879 2657 3159 2725 querela:
3214 2661 3532 2731 Baptizant,
3574 2664 3664 2718 in-

2020 2741 2145 2810 quit
2176 2740 2309 2810 (70),
2344 2739 2425 2793 illi
2477 2746 2739 2796 mortuos
2788 2744 3053 2811 efferunt,
3088 2754 3332 2817 aegrotos
3379 2750 3663 2823 invisunt,

2020 2833 2127 2884 etc.
2153 2828 2291 2893 Quis
2314 2828 2407 2883 hic
2432 2846 2542 2883 non
2571 2830 2954 2901 ingemiscat?
2975 2835 3113 2898 Quis
3139 2854 3248 2892 non
3273 2837 3665 2910 lacrymarum

2023 2919 2240 2972 fontem
2264 2933 2394 2971 cum
2419 2918 2723 2973 Jeremia51
2751 2922 3025 2991 requirat,
3044 2931 3107 2979 ut
3127 2929 3349 2981 tantam
3373 2928 3671 2984 calamita-

2022 3013 2139 3061 tem
2176 3008 2294 3077 pari
2330 3006 2465 3061 ﬂetu
2502 3017 2891 3079 prosequatur
2912 3012 2938 3065 ?
2972 3013 3071 3068 llic
3102 3015 3255 3070 enim
3287 3020 3405 3072 tota
3428 3016 3511 3073 vis
3534 3016 3674 3073 mali

2025 3102 2309 3151 versatur.
2335 3096 2475 3151 Nam
2516 3114 2646 3151 cum
2681 3100 2862 3155 altare
2893 3103 3172 3159 adversus
3201 3105 3379 3161 altare
3409 3108 3674 3180 erigitur,

265 3193 379 3248 bus
410 3210 497 3247 res
528 3192 748 3247 nostris
801 3191 1027 3255 fuisset,
1053 3190 1150 3261 qui
1186 3190 1417 3244 nonnisi
1460 3190 1517 3243 in
1569 3190 1773 3261 primis
1822 3207 1913 3245 ex-
1949 3165 1990 3230 C
2031 3203 2093 3240 ac
2115 3203 2255 3239 verae
2281 3203 2505 3256 sponsae
2530 3185 2655 3241 loco
2680 3188 2863 3258 pellex
2887 3190 3433 3257 inducitur,infirmi
3458 3165 3678 3267 quique

268 3282 645 3355 pugnationis
689 3279 1060 3346 tumultibus,
1094 3278 1274 3333 animi
1324 3280 1594 3333 ferociam
1647 3280 1923 3334 adhibere

265 3379 713 3426 consueverunt.
753 3369 862 3423 Sed
896 3385 1029 3422 cum
1064 3367 1363 3437 monstris,
1401 3384 1530 3421 cum
1567 3368 1755 3437 furiis,
1789 3384 1922 3421 cum

266 3459 588 3516 teterrimis
621 3458 813 3513 omnis
844 3457 1231 3512 humanitatis
1263 3456 1534 3511 hostibus
1566 3474 1656 3512 res
1689 3462 1832 3511 erat.

341 3550 544 3619 Itaque
587 3553 818 3620 postero
848 3546 961 3615 die,
998 3562 1129 3600 cum
1161 3546 1284 3614 jam
1321 3562 1421 3616 per
1453 3547 1640 3599 noctis
1671 3548 1924 3616 quietem

271 3638 360 3693 ira
400 3636 763 3692 deferbuisse
811 3636 1109 3698 debuerat,
1141 3634 1446 3689 inchoatas
1496 3636 1678 3689 caedes
1729 3650 1925 3705 prcss-

276 3730 562 3798 quuntur,
586 3741 650 3780 ac
675 3724 836 3779 fusos
868 3738 970 3794 per
988 3721 1294 3794 templum,
1322 3723 1655 3793 passimque
1685 3728 1806 3778 tota
1827 3724 1929 3777 do-

280 3832 398 3882 mo,
422 3814 815 3885 nequidquam
860 3828 1060 3867 eorum
1102 3810 1587 3878 misericordiam,
1613 3829 1740 3884 quae
1774 3812 1934 3867 nulla

278 3903 337 3958 in
398 3902 599 3957 ferreis
657 3900 989 3973 pectoribus
1048 3904 1202 3966 erat,
1259 3898 1640 3970 implorantes
1698 3905 1937 3961 necant,

280 3991 465 4061 Multi,
501 3991 854 4063 quibuscum
896 3990 966 4045 de
997 3988 1113 4043 vita
1156 3989 1338 4060 pretio
1371 3988 1713 4045 redimenda
1744 3996 1934 4045 trans-

281 4086 473 4137 actum
519 4080 727 4145 fuerat,
762 4077 960 4133 statim
994 4078 1167 4147 jussu
1204 4077 1417 4131 ducum
1452 4080 1778 4147 contrajus
1810 4078 1933 4134 bel-

282 4169 345 4237 li,
378 4171 582 4239 fasque
612 4183 806 4232 omne,
838 4165 1136 4220 trucidati.
1174 4163 1372 4220 Multis
1405 4166 1580 4219 etiam
1612 4167 1679 4220 ad
1716 4166 1933 4238 impor-

282 4264 486 4313 tunam
518 4257 754 4311 victoris
797 4256 1101 4309 libidinem
1161 4253 1368 4324 laqueo
1416 4254 1610 4309 fractaa
1662 4257 1934 4312 cervices.

287 4348 519 4418 Direpta
552 4362 704 4414 mox,
732 4350 907 4415 atque
938 4343 1178 4397 incensa
1206 4342 1416 4397 domus
1441 4360 1453 4398 :
1478 4343 1739 4414 direptus
1761 4345 1936 4400 etiam

288 4451 493 4508 pagus,
526 4440 582 4491 et
620 4435 860 4506 quidem
895 4437 1015 4487 tam
1065 4431 1407 4498 inhumane,
1440 4436 1507 4486 ut
1536 4432 1726 4488 viduis
1756 4438 1813 4489 et
1844 4450 1934 4489 or-

2033 3274 2377 3330 addubitare
2393 3274 2898 3346 iucipiunt,utraui
2916 3283 3146 3336 tandem
3169 3300 3271 3354 pro
3286 3301 3417 3339 vera
3430 3289 3680 3358 conjuge

2035 3368 2353 3435 agnoscant
2377 3379 2389 3418 :
2410 3363 2683 3435 idemque
2711 3370 3128 3438 propemodum
3162 3372 3344 3439 aiunt,
3371 3375 3523 3443 quod
3547 3372 3682 3429 Tul-

2032 3454 2146 3507 lius
2166 3469 2232 3507 ex
2252 3452 2547 3524 tragmdia,
2570 3457 2679 3506 Ποῧ
2701 3453 2899 3531 σκάφος
2922 3456 2984 3511 τὸ
3004 3461 3110 3511 τῶν
3132 3457 3418 3534 Ἀτρειδῶν
3438 3479 3450 3529 ;
3472 3463 3549 3517 Ex
3566 3479 3681 3533 quo

2036 3542 2386 3608 ei’licitur,ut
2407 3542 2562 3597 velut
2582 3544 2809 3600 duabus
2835 3546 2993 3602 sellis
3025 3550 3284 3615 sedeant,
3309 3552 3581 3622 quodque
3614 3552 3684 3607 de

2042 3632 2336 3686 llioscuris
2359 3632 2677 3702 antiquitas
2698 3634 2883 3700 ﬁnxit,
2908 3654 3064 3692 nunc
3090 3640 3242 3709 apud
3276 3657 3518 3709 superos
3541 3641 3681 3707 sint,

2042 3736 2196 3774 nunc
2230 3721 2383 3789 apud
2418 3720 2634 3774 inferos
2659 3737 2671 3776 :
2697 3738 2761 3775 ac
2807 3722 3121 3778 desultoria
3171 3726 3423 3796 quadam
3456 3726 3686 3781 levitate

2042 3824 2197 3862 nunc
2230 3809 2299 3861 ad
2336 3807 2441 3862 hos
2470 3825 2622 3862 nunc
2646 3810 2715 3863 ad
2740 3808 2869 3864 illos
2890 3828 2950 3865 se
2972 3814 3289 3867 conferant.
3315 3814 3479 3867 Nunc
3502 3814 3684 3868 Deum

2045 3895 2220 3951 Israel
2270 3904 2619 3967 sequuntur,
2664 3914 2816 3952 nunc
2850 3898 3008 3966 Baal;
3046 3918 3198 3956 nunc
3230 3902 3298 3955 de
3333 3919 3537 3957 mensa
3580 3906 3687 3957 Do-

2046 3986 2189 4039 mini
2222 3986 2555 4051 comedunt,
2591 4002 2745 4038 nunc
2793 3987 2863 4040 de
2909 4004 3114 4043 mensa
3140 3989 3392 4061 Jezabel,
3426 3991 3543 4046 im'o
3575 3991 3689 4045 dae-

2048 4073 2407 4139 moniorum;
2465 4090 2616 4126 nunc
2672 4076 2919 4128 filiorum
2976 4078 3057 4131 vel
3108 4080 3297 4149 potius
3346 4081 3689 4153 angelorum

2045 4180 2193 4235 pane
2225 4166 2556 4230 vescuntur,
2590 4179 2745 4218 nunc
2776 4180 3083 4234 porcorum
3116 4166 3346 4239 siliquis
3376 4169 3694 4241 herbisque

2046 4251 2163 4307 illis
2209 4250 2446 4318 amaris,
2482 4266 2606 4322 quas
2645 4252 2699 4305 in
2734 4254 2935 4308 mortis
2983 4254 3095 4310 olla
3144 4264 3504 4329 coquuntur;
3538 4275 3695 4314 nunc

2046 4342 2116 4395 de
2146 4341 2394 4395 Jortlane
2452 4339 2679 4410 bibunt,
2714 4360 2867 4397 nunc
2909 4344 2977 4399 de
3024 4348 3198 4414 Mars,
3251 4348 3321 4402 de
3367 4349 3593 4403 Amana
3638 4353 3696 4404 et

2048 4428 2350 4500 Pharphar
2380 4428 2571 4485 ﬂuviis
2598 4430 2894 4499 Damasci;
2930 4451 3084 4489 nunc
3114 4436 3184 4490 de
3216 4436 3471 4494 fontibos
3505 4435 3697 4494 Salva-

291 4525 519 4596 phanis,
549 4524 766 4595 quibus
817 4537 974 4577 nunc
1024 4519 1164 4575 solis
1215 4521 1639 4592 propemodum
1688 4527 1932 4594 constat,
1968 4532 2013 4596 D
2045 4517 2188 4574 toris
2221 4536 2405 4590 aquas
2435 4519 2736 4585 hauriunt,
2771 4538 2924 4575 nunc
2956 4524 3026 4578 de
3072 4524 3338 4580 cisternis
3372 4526 3693 4599 dissipatis.

294 4611 437 4668 nihil
469 4619 675 4685 praeter
703 4609 1143 4667 acerbissimam
1169 4609 1384 4663 famem
1416 4608 1822 4683 lacrymasque
1851 4628 1938 4668 re-

290 4702 491 4758 lictum
517 4702 610 4758 sit.
631 4702 765 4771 Sed,
786 4717 818 4754 o
839 4700 1063 4767 beatos,
1085 4697 1184 4768 qui
1210 4702 1445 4769 propter
1462 4699 1756 4754 Christum
1779 4700 1939 4771 (nam

294 4792 342 4847 is
373 4808 626 4863 quoque,
654 4794 720 4846 ut
748 4789 899 4844 veris
938 4792 994 4844 et
1042 4786 1414 4857 sempiternis
1445 4788 1653 4859 opibus
1702 4806 1807 4846 nos
1839 4807 1940 4846 cu-

294 4881 560 4947 mularet,
612 4880 669 4935 in
721 4880 974 4951 egestate
1021 4874 1161 4932 vixit
1191 4875 1254 4947 ‘3)
1307 4874 1651 4933 facultatum
1700 4896 1941 4935 suarum

297 4971 666 5043 naufragium
700 4984 860 5039 aequo
906 4965 1100 5021 animo
1134 4964 1365 5019 ferunt!
1401 4966 1595 5039 Longe
1624 4985 1754 5023 vero
1802 4969 1943 5023 bea-

296 5060 487 5130 tiores,
513 5060 614 5131 qui
668 5057 850 5113 stolas
881 5072 1020 5111 suas
1050 5054 1108 5109 in
1141 5054 1276 5127 agni
1323 5057 1609 5127 sanguine
1657 5055 1943 5126 laverunt,

298 5148 617 5219 quibusque
650 5163 764 5201 non
798 5144 912 5201 alia
957 5143 1164 5199 mortis
1196 5161 1376 5199 causa
1428 5144 1554 5213 fuit,
1581 5160 1756 5215 quam
1790 5147 1945 5217 quod

298 5252 399 5291 nec
431 5235 758 5292 adulteram
791 5250 894 5307 pro
918 5248 1156 5304 sponsa,
1181 5249 1285 5287 nec
1316 5248 1515 5287 semen
1538 5232 1810 5288 Chanaan
1844 5250 1946 5305 pro

300 5327 518 5383 semine
547 5325 717 5392 Juda,
746 5340 849 5380 nec
870 5320 1224 5378 Absalonem
1247 5325 1347 5377 aut
1370 5320 1681 5376 Jeroboam
1706 5326 1807 5378 aut
1835 5324 1948 5379 Ta-

367 5477 409 5511 "
439 5477 570 5533 Job.
602 5490 761 5547 xxix,
796 5476 881 5533 15.
959 5474 1005 5511 ⁴³
1036 5475 1089 5530 ΙΙ
1118 5472 1245 5531 Cor.
1276 5490 1400 5546 vm,
1432 5472 1484 5529 9.

369 5630 489 5711 (69)
516 5630 767 5706 Tertul.,
799 5629 840 5689 l.
871 5645 949 5704 Iv,
980 5627 1103 5687 adv.
1134 5625 1297 5685 ﬂare.

2048 4609 2115 4663 Et
2150 4608 2647 4680 quemadmodum
2691 4608 2967 4666 animalia
2997 4614 3261 4683 quaedam
3294 4621 3452 4681 sunt,
3476 4633 3601 4686 qum
3636 4616 3693 4669 in

2053 4704 2297 4768 utroque
2345 4695 2630 4751 elemento
2689 4699 2929 4770 degunt,
2963 4701 3034 4755 ob
3089 4718 3335 4772 eamque
3395 4720 3628 4758 causam
3666 4720 3699 4757 θ.

2050 4786 2261 4841 Graecis
2311 4778 2545 4860 ἀμφίϐια
2602 4788 2999 4855 nominantur,
3030 4794 3086 4844 et
3140 4798 3399 4845 monstra
3430 4792 3697 4863 quaedam

2050 4875 2343 4930 interdum
2394 4874 2700 4941 exsistunt,
2746 4876 2926 4932 altera
2974 4881 3232 4949 corporis
3283 4886 3442 4950 parte
3492 4880 3697 4934 huma-

2055 4981 2211 5033 nam,
2236 4964 2415 5017 altera
2448 4960 2763 5018 belluinam
2799 4966 3044 5020 formam
3071 4968 3460 5037 przri'ercntiu;
3497 4968 3699 5022 eodem

2055 5054 2227 5108 modo
2258 5050 2370 5121 ipsi
2403 5067 2506 5105 nec
2556 5052 2724 5122 plane
2763 5054 3089 5123 orthodoxi,
3125 5072 3228 5111 nec
3276 5062 3470 5127 aperte
3518 5056 3702 5111 haere-

2054 5143 2152 5196 tici
2186 5146 2344 5211 sunt,
2368 5141 2467 5194 sed
2528 5141 2781 5196 mediam
2838 5144 3366 5214 quamdamsinter
3424 5148 3705 5214 utrosque

2056 5229 2447 5285 conditionem
2483 5234 2699 5286 tenent.
2732 5232 2811 5286 Ita
2844 5232 2931 5287 vel
2962 5249 3094 5287 cum
3125 5232 3403 5287 Zacharia
3435 5234 3702 5288 obmute-

2058 5322 2250 5385 scunt,
2285 5317 2373 5375 vel
2407 5334 2539 5373 cum
2590 5319 2893 5376 dubitante
2939 5322 3106 5378 Petro
3156 5322 3340 5395 mergi
3391 5320 3707 5395 incipiunt,

1563 5475 1608 5511 ‘9
1636 5473 1799 5532 Cant.
1833 5492 1896 5545 II,
1930 5474 2017 5534 15.
2094 5473 2137 5508 ⁵ο
2168 5472 2306 5528 Luc.
2338 5485 2417 5539 1x,
2446 5469 2537 5525 58.
2613 5471 2657 5507 δι
2688 5473 2903 5531 Jerem.
2938 5491 3016 5551 1x,
3052 5476 3104 5533 1.

2133 5622 2245 5705 (70)
2274 5621 2450 5680 Basil.
2483 5622 2510 5679 1
2544 5621 2717 5703 epist,
2794 5622 2797 5623 ⁷
