4096 6288
403 343 522 405 323

1534 341 1805 405 JACOBI
1852 336 2085 404 BILLII
2131 339 2723 404 PREFATIONES.

3697 343 3814 405 324

396 478 519 548 jam
546 481 789 549 jamque
813 477 969 531 haud
1003 475 1175 532 dubie
1201 492 1439 548 pessum
1466 475 1625 543 ituri,
1648 477 1758 531 nisi
1792 476 2058 531 Christus
2088 481 2141 546 Α
2172 477 2454 532 bertatem
2487 476 2809 531 vindicatos
2852 491 2979 530 esse
3026 474 3373 546 gloriantur,
3403 492 3532 532 eum
3562 477 3659 548 qui
3689 479 3823 532 emit

401 585 499 628 eos
533 584 708 622 manu
744 569 1003 637 arreptos
1033 564 1089 618 in
1126 564 1453 620 naviculam
1486 565 1804 620 retraxerit.

468 665 614 718 Sunt
658 662 776 728 alii,
832 664 930 734 qui
979 663 1212 718 tametsi
1261 664 1332 718 ab
1382 663 1541 717 omni
1594 663 1791 717 hzeresi
1842 663 2057 717 abhor-

397 756 583 818 reant,
617 750 854 820 perinde
887 755 1076 805 tamen
1112 756 1284 821 atque
1315 768 1412 805 eos
1436 750 1788 805 orthoddxiee
1821 752 2053 820 pudeat,

394 839 655 894 veritatis
690 839 1078 909 patrocinium
1103 840 1400 907 deserunt,
1430 857 1495 893 ac
1520 856 1591 894 ne
1624 840 1761 909 quid
1797 840 1910 894 odii
1946 841 2057 894 sibi

395 929 548 1000 apud
575 927 842 982 homines
871 928 1140 995 conﬂant,
1165 927 1376 999 impias
1405 929 1688 982 adversus
1715 928 1899 983 Deum
1925 930 2054 983 bas-

393 1017 658 1089 phemias
692 1016 885 1071 surdis
932 1017 1174 1072 auribus
1223 1017 1672 1072 transmittunt:
1723 1017 1892 1088 quasi
1925 1033 2057 1072 vero

393 1123 509 1161 non
542 1110 605 1160 ut
631 1106 788 1162 corde
835 1106 903 1160 ad
944 1107 1225 1176 justitiam
1271 1107 1534 1173 creditur,
1586 1109 1665 1160 sic
1704 1122 1799 1161 ore
1828 1123 2058 1176 quoque

391 1198 658 1265 confessio
707 1195 777 1249 ad
823 1195 1056 1250 salutem
1099 1195 1228 1263 ﬁeri
1278 1196 1323 1229 ⁵³
1373 1196 1596 1250 debeat.
1655 1197 1727 1249 Ad
1783 1213 1930 1265 quos
1962 1212 2055 1250 ac-

394 1285 630 1348 cedunt,
664 1284 764 1354 qui
797 1285 866 1338 ad
899 1284 1369 1339 adversariorum
1402 1285 1652 1354 gratiam
1686 1285 1909 1339 aditum
1945 1283 2055 1338 sibi

395 1372 690 1441 muniunt,
725 1391 788 1427 ac
822 1372 974 1428 velut
1023 1374 1240 1428 amicos
1272 1378 1500 1444 parant,
1537 1375 1657 1443 qui,
1694 1373 1739 1427 si
1786 1373 1925 1427 forte
1956 1373 2054 1426 de-

391 1464 644 1533 fecerint,
697 1464 962 1533 recipiant
1022 1478 1120 1516 eos
1178 1465 1239 1516 in
1293 1479 1390 1516 sua
1449 1463 1808 1517 tabernacula
1831 1463 1892 1514 ⁵³.
1954 1461 2054 1516 His

397 1567 511 1605 non
537 1550 708 1622 paulo
732 1550 1130 1606 sceleratiores
1152 1550 1402 1605 habendi
1429 1555 1588 1619 sunt,
1614 1550 1712 1622 qui
1737 1551 1844 1606 sub
1860 1552 2053 1606 ovium

394 1639 541 1711 pelle
573 1638 741 1710 lupos
773 1638 998 1707 celant;
1033 1656 1283 1710 quorum
1315 1656 1421 1694 vox
1473 1640 1707 1710 quidem
1739 1657 1848 1693 vox
1876 1639 2054 1694 Jacob

393 1733 504 1794 est,
537 1730 636 1784 sed
665 1734 719 1784 et
751 1745 960 1784 manus
990 1734 1046 1783 et
1077 1729 1312 1784 animus
1342 1729 1496 1784 Esau
1529 1733 1703 1796 sunt;
1737 1728 1836 1799 qui
1867 1729 1925 1783 in
1951 1729 2051 1784 Ec-

2168 582 2252 621 eos
2281 575 2558 635 negantes,
2592 582 2653 620 ac
2683 566 3117 636 superducentes,
3160 566 3268 619 sibi
3296 567 3522 620 celerem
3550 567 3817 637 perditio-

2167 671 2292 709 nem
2319 655 2382 709 ⁵⁸.
2418 655 2678 710 Ridendo
2710 663 2971 726 pereunt,
3009 654 3262 723 jocando
3313 654 3531 709 serium
3575 655 3817 711 exitium

2169 743 2278 798 sibi
2310 747 2636 798 accersunt.
2669 743 2738 797 Hi
2771 749 2911 798 sunt
2940 744 3054 797 veri
3090 742 3376 814 gigantes,
3412 743 3508 813 qui
3542 743 3819 815 blasphe-

2169 850 2324 887 mam
2360 834 2620 904 linguam
2654 833 2712 887 in
2746 833 2953 888 coelum
3004 833 3269 901 mittunt,
3316 849 3381 887 ac
3414 839 3593 888 Deum
3627 834 3816 889 omni-

2167 927 2462 993 potentem
2495 922 2673 992 impio
2718 922 2867 976 bello
2918 922 3250 977 lacessunt:
3307 939 3452 992 quos
3503 924 3559 978 in
3591 929 3816 979 Satanas

2167 1011 2393 1082 peculio
2418 1012 2543 1080 jam
2574 1028 2700 1066 esse
2741 1011 3035 1082 quispiam
3085 1028 3200 1066 non
3250 1012 3542 1067 immerito
3589 1012 3814 1068 dixerit.

2167 1100 2382 1170 quippe
2414 1099 2514 1170 qui
2564 1105 2808 1154 internas
2859 1099 3195 1154 inimicitias
3246 1116 3381 1155 cum
3432 1117 3496 1156 eo
3546 1117 3816 1171 suscepe-

2167 1189 2305 1254 rint,
2339 1187 2437 1259 qui
2471 1187 2632 1243 solus
2663 1188 2806 1259 ipsis
2854 1189 3071 1242 mederi
3117 1193 3359 1259 poterat.
3410 1189 3526 1244 Hos
3559 1206 3671 1244 non
3707 1192 3819 1245 mi-

2167 1294 2277 1332 nus
2309 1294 2486 1347 quam
2522 1277 2882 1348 Epiphanius
2905 1280 3214 1332 Anomoaos
3239 1279 3374 1348 (72),
3401 1297 3421 1328 ι
3458 1279 3668 1350 virgini
3701 1297 3823 1335 cor-

2165 1371 2369 1436 ruptas,
2404 1382 2588 1432 caecae,
2634 1366 2844 1432 surda,
2898 1370 2955 1419 et
3005 1372 3177 1420 mutas
3227 1383 3566 1437 comparare
3610 1385 3820 1438 possu-

2165 1471 2321 1523 mus,
2354 1471 2529 1525 quam
2563 1471 2732 1510 nemo
2766 1459 3099 1526 corruptam
3131 1471 3258 1510 esse
3300 1455 3519 1511 nescit:
3556 1476 3584 1505 »
3618 1463 3821 1528 rogata

2165 1547 2360 1598 autem
2394 1561 2427 1599 a
2459 1561 2574 1615 quo
2607 1547 2880 1614 corrupta
2928 1543 3024 1610 sit,
3058 1561 3172 1598 non
3227 1545 3409 1610 audit,
3445 1544 3583 1615 quia
3614 1547 3816 1613 surda,

2165 1649 2268 1687 nec
2299 1649 2434 1687 eum
2467 1633 2634 1698 vidit,
2666 1632 2805 1703 quia
2849 1649 3018 1700 caeca,
3055 1648 3160 1688 nec
3208 1632 3400 1688 dicere
3431 1637 3642 1705 potest,
3677 1635 3817 1705 quia

2163 1726 2346 1777 muta.

393 1816 579 1917 clesiaa
612 1832 849 1917 corpore
883 1818 962 1871 ita
1001 1826 1157 1886 sunt,
1193 1822 1256 1872 ut
1284 1817 1462 1872 Sinon
1517 1817 1574 1916 in
1609 1817 1749 1915 urbe
1778 1817 2050 1886 Trojana,
2086 1853 2130 1917 B
2234 1819 2581 1889 Quanquam
2614 1820 2754 1889 quid
2791 1823 2983 1874 mutos
3015 1835 3114 1874 eos
3150 1819 3357 1890 apello,
3399 1821 3486 1892 lui
3519 1838 3635 1876 non
3666 1822 3808 1893 jam,

391 1905 577 1961 velut
605 1905 789 1960 Judas
820 1905 878 1959 in
913 1923 1096 1960 ccena.
1126 1907 1305 1960 Nemo
1350 1910 1437 1960 est
1467 1905 1566 1976 qui
1597 1905 1857 1960 oratione
1889 1922 2053 1961 asse-

399 1994 497 2065 qui
532 1994 735 2062 possit,
768 1999 1046 2065 quantam
1079 1995 1178 2048 isti
1210 1995 1461 2050 versutis
1492 1995 1615 2049 suis
1639 1993 1899 2048 consiliis
1929 2011 2052 2064 per-

397 2083 608 2139 niciem
683 2083 1011 2154 reipublicae
1069 2084 1409 2138 Christiana
1471 2083 1726 2154 quotidie
1787 2083 2048 2138 afferant.

397 2172 534 2227 Plus
583 2172 808 2226 artibus
857 2173 980 2227 suis
1031 2173 1309 2236 efliciunt,
1362 2189 1537 2242 quam
1590 2173 1808 2226 ferrum
1855 2188 2050 2239 omne,

400 2277 580 2332 quam
608 2261 694 2314 vis
727 2261 950 2315 ormnis
984 2277 1302 2316 armorum.
1337 2263 1413 2314 Ac
1435 2266 1739 2331 propterea
1769 2259 1884 2314 illis
1915 2277 2047 2314 cum

397 2349 574 2404 totius
599 2350 800 2404 mundi
827 2349 1102 2404 scandalo
1126 2367 1157 2403 a
1180 2350 1302 2403 suis
1326 2349 1645 2420 coryphaeis
1669 2349 2048 2418 permittitur,

396 2438 757 2508 religionem,
791 2455 964 2507 quam
999 2443 1184 2492 morte
1225 2439 1393 2508 pejus
1443 2438 1709 2504 oderunt,
1744 2436 2044 2505 simulare,

399 2526 861 2581 orthodoxorum
920 2526 1138 2598 templa
1177 2525 1356 2595 adire,
1391 2526 1469 2580 rei
1501 2542 1675 2580 sacra:
1742 2525 2045 2593 interesse,

397 2615 624 2684 aliaque
655 2614 873 2680 omnia,
907 2630 1034 2684 quae
1066 2618 1224 2668 secta
1245 2619 1594 2678 exsecratur,
1622 2615 1807 2668 facere
1836 2631 1848 2680 ;
1883 2613 2047 2668 dum-

398 2704 570 2758 modo
610 2704 725 2760 bac
775 2702 1145 2757 simulatione
1195 2702 1505 2757 factionem
1560 2703 1895 2772 provebant.
1944 2701 2044 2757 Hic

398 2792 654 2864 profecto
686 2792 828 2846 mihi
874 2790 1162 2847 succurrit
1204 2790 1345 2845 illud
1394 2791 1664 2863 Augusti,
1698 2791 1796 2861 qui
1829 2806 1895 2845 ex
1926 2795 2045 2846 tota

397 2897 466 2936 ea
496 2879 896 2952 suppellectile
944 2897 1123 2950 quam
1169 2880 1423 2935 moriens
1455 2881 1692 2951 quidam
1748 2880 2043 2935 Romanus

393 2969 682 3024 immenso
714 2987 821 3023 aere
853 2969 1039 3023 alieno
1072 2970 1316 3024 obrutus
1344 2968 1676 3039 reliquerat,
1710 2969 1921 3024 lectum
1956 2985 2042 3024 so-

393 3057 516 3114 lum
551 3059 859 3115 emendum
896 3057 1139 3126 curavit,
1173 3060 1326 3127 quod
1372 3058 1491 3111 fieri
1538 3075 1651 3112 non
1687 3075 1855 3129 posse
1887 3057 2040 3113 dice-

392 3152 502 3218 ret,
538 3147 678 3218 quin
712 3145 881 3218 longe
913 3150 1170 3218 optimus
1210 3151 1385 3213 esset,
1421 3148 1475 3200 in
1527 3164 1641 3217 quo
1675 3148 1848 3202 homo
1880 3151 2041 3201 tanta

2164 1913 2225 1961 ut
2255 1907 2416 1973 olim,
2445 1908 2802 1979 impietatem
2854 1913 3080 1979 pectore
3129 1909 3389 1964 clausam
3441 1913 3660 1975 tenent,
3694 1928 3809 1966 non

2162 1997 2220 2049 in
2254 1996 2505 2068 angulis,
2533 2003 2597 2051 ut
2619 2015 2821 2069 nuper,
2843 1999 3175 2063 effundunt,
3201 1998 3301 2053 sed
3326 1998 3384 2052 in
3411 1998 3675 2053 omnium
3695 1999 3812 2071 ple-

2162 2102 2408 2156 rumque
2437 2085 2621 2140 oculis
2679 2091 2851 2156 atque
2897 2090 3208 2156 conspectu
3270 2102 3338 2140 ex
3385 2103 3481 2141 ore
3513 2089 3809 2142 teterrimo

2159 2179 2457 2241 evomunt,
2492 2180 2808 2246 portasque
2856 2175 3128 2246 aperiunt
3166 2192 3281 2229 non
3322 2175 3566 2245 justitiae
3614 2177 3677 2241 ⁵⁷,
3706 2175 3806 2230 sed

2159 2262 2455 2317 atheismi.
2489 2264 2555 2318 Hi
2591 2265 2638 2318 si
2671 2264 2899 2334 superis
2946 2264 3152 2334 placet,
3204 2264 3532 2334 Scripturas
3578 2281 3810 2336 quoque

2159 2351 2480 2420 proferunt,
2509 2368 2656 2423 quas
2683 2353 2895 2421 rident,
2929 2369 3034 2407 nec
3065 2353 3216 2407 serio
3238 2369 3300 2407 se
3326 2368 3516 2424 agere,
3549 2355 3650 2409 sed
3681 2358 3808 2409 tan-

2157 2441 2282 2493 tum
2317 2439 2617 2511 disputare
2636 2440 2783 2495 velle
2814 2441 3160 2512 profitentur
3186 2459 3197 2496 :
3226 2457 3290 2496 ac
3316 2441 3611 2497 Christum
3644 2459 3811 2498 oscu-

2156 2526 2372 2596 lantur,
2409 2534 2471 2584 ut
2503 2530 2786 2599 prodant;
2825 2530 2931 2584 hoc
2967 2536 3076 2594 est,
3107 2529 3433 2586 doctrinam
3466 2547 3691 2587 sacram
3725 2530 3810 2586 al-

2154 2613 2372 2686 legant,
2405 2621 2471 2671 ut
2500 2621 2780 2672 evertant.
2815 2618 3071 2682 Quorum
3096 2618 3204 2672 hac
3226 2623 3571 2688 tempestate
3603 2623 3807 2674 tantus

2153 2710 2468 2773 proventus
2499 2709 2606 2773 est,
2641 2711 2704 2760 ut
2734 2723 2849 2760 non
2881 2705 3008 2761 sine
3040 2724 3217 2761 causa
3245 2708 3396 2777 apud
3431 2712 3722 2762 nostrates
3743 2709 3802 2763 in

2153 2793 2524 2863 proverbium
2556 2794 2784 2864 abierit,
2816 2794 3028 2850 Noxias
3060 2794 3267 2848 herbas
3300 2794 3413 2848 cito
3446 2809 3796 2849 excrescere.

2153 2902 2181 2930 ‹‹
2229 2881 2343 2953 (73)
2393 2882 2486 2937 Sic
2534 2883 2734 2937 inanes
2779 2882 2956 2954 paleae
3006 2887 3349 2953 tempestate
3391 2885 3709 2951 jactentur,
3743 2889 3802 2938 et

2149 2969 2417 3024 invalidae
2450 2971 2685 3026 arbores
2715 2972 2969 3026 turbinis
3012 2971 3343 3026 incursione
3376 2976 3733 3027 evertuntur.
3767 2992 3793 3024 ι

2150 3058 2255 3113 Sed
2289 3075 2606 3130 quanquan
2645 3059 2806 3114 nulla
2835 3061 3136 3131 capitalior
3167 3060 3348 3131 pestis
3380 3061 3450 3115 ab
3483 3060 3804 3116 infestissi-

2151 3163 2243 3201 mo
2275 3149 2504 3218 generis
2554 3150 2736 3204 nostri
2791 3149 2956 3204 hoste
3001 3149 3317 3220 excogitari
3369 3154 3578 3220 potest,
3625 3166 3802 3221 quam

395 3236 528 3290 artis
554 3235 725 3291 alieni
761 3235 912 3291 mole
943 3252 1257 3307 oppressus
1290 3252 1495 3304 somno
1549 3236 1853 3291 frueretur.
1891 3235 2042 3290 Con-
2075 3219 2115 3284 (ἶ
2155 3235 2430 3291 ὴωτθεὶδε
2483 3254 2549 3292 ex
2597 3255 2664 3291 ea
2707 3242 2903 3292 tamen
2956 3237 3066 3292 hoc
3119 3219 3411 3292 commodi
3464 3219 3802 3308 percipitur.

395 3324 574 3379 simili
605 3325 758 3378 enim
795 3325 964 3378 modo
989 3324 1363 3378 firmissimas
1387 3341 1452 3378 ac
1479 3323 1683 3378 robore
1714 3322 2048 3394 triplicique

395 3429 524 3482 aere,
560 3417 624 3466 ut
655 3412 751 3467 ille
783 3413 862 3468 ait
892 3413 1025 3484 (71),
1060 3413 1333 3482 obseptas
1380 3429 1507 3466 esse
1539 3412 1880 3482 hujusmodi
1911 3429 2048 3466 con-

393 3500 669 3557 scientias
700 3519 935 3557 necesse
966 3507 1073 3572 est,
1115 3518 1240 3572 quae
1291 3501 1350 3555 in
1383 3506 1545 3556 tanto
1588 3500 1802 3556 scelere
1831 3518 2048 3557 securae

393 3590 836 3660 conquiescunt.

463 3687 565 3741 Est
594 3687 752 3742 aliud
777 3687 1085 3743 hominum
1109 3705 1296 3760 genus
1327 3705 1575 3760 quorum
1611 3687 1773 3742 salus
1804 3705 1906 3759 spe
1929 3687 2045 3742 exi-

400 3791 516 3848 gua
547 3783 920 3847 extremaque
953 3779 1183 3847 pendet;
1209 3795 1274 3832 ac
1306 3793 1484 3847 prope
1514 3776 1814 3847 deplorata
1841 3782 1948 3843 est,
1981 3780 2047 3832 ut

401 3881 518 3919 non
551 3871 670 3920 tam
705 3866 950 3936 medico,
976 3883 1150 3936 quam
1179 3867 1427 3932 Christo,
1450 3866 1549 3937 qui
1574 3871 1832 3921 mortuos
1865 3865 2048 3921 susci-

391 3957 496 4020 tat,
547 3972 694 4026 opus
745 3956 952 4010 habere
990 3956 1317 4010 videantur.
1379 3957 1452 4010 De
1504 3954 1596 4009 his
1642 3954 1849 4026 loquor
1897 3972 2045 4027 quos

367 4045 698 4114 .aptissimo
731 4046 962 4100 nomine
995 4044 1390 4119 ἀπη).γηκότας
1442 4046 1756 4116 Apostolus
1789 4053 1952 4102 vocat
1977 4049 2043 4116 5‘,

393 4132 490 4202 qui
527 4137 588 4186 ut
619 4133 674 4187 in
705 4134 817 4187 Nili
851 4136 1155 4207 catadupis
1188 4137 1258 4190 ad
1295 4136 1516 4190 ruentis
1557 4134 1816 4190 ﬂuminis
1852 4137 2042 4208 frago-

390 4236 514 4274 rem
583 4221 782 4276 incolw
843 4223 1273 4279 obsurdescunt
1338 4224 1420 4278 ita
1490 4223 1570 4278 illi
1629 4231 2042 4295 perpetuarum

392 4309 856 4380 disputationum
906 4313 1074 4367 tadio
1134 4313 1297 4367 fracti
1357 4319 1533 4384 atque
1589 4314 1794 4378 enecti,
1840 4331 2042 4370 omnes

391 4397 454 4453 in
487 4397 820 4454 universum
857 4400 1165 4472 religiones
1197 4419 1459 4472 peraeque
1477 4407 1838 4473 aversantur,
1871 4408 2043 4474 atque

392 4487 452 4540 in
536 4485 828 4556 pestilenti
908 4488 1234 4544 derisorum
1313 4489 1590 4544 cathedra
1666 4489 1775 4544 sibi
1843 4493 2040 4547 sedem

2159 3326 2312 3394 quod
2341 3325 2476 3379 hinc
2509 3325 2715 3392 elucet,
2750 3327 2850 3397 qui
2883 3325 3068 3396 probi,
3105 3326 3203 3396 qui
3235 3326 3410 3380 fucati
3442 3332 3616 3396 atque
3647 3326 3809 3381 adul-

2157 3414 2330 3468 terini
2360 3414 2674 3470 Christiani
2723 3415 2860 3469 sint.
2911 3416 3132 3469 Necesse
3177 3423 3272 3480 est,
3328 3415 3518 3485 inquit
3561 3417 3804 3483 Aposto-

2155 3502 2249 3556 lus
2281 3503 2344 3572 ⁵⁸,
2377 3501 2608 3558 haereses
2650 3520 2782 3575 esse,
2834 3511 2891 3558 ut
2927 3504 3025 3574 qui
3072 3503 3296 3574 probati
3340 3511 3489 3568 sunt,
3520 3504 3807 3573 manifesti

2155 3592 2312 3660 ﬁant.
2342 3591 2536 3646 Rebus
2569 3591 2905 3664 tranquillis
2935 3596 2992 3647 et
3024 3591 3264 3663 pacatis,
3290 3591 3455 3646 fortis
3487 3595 3542 3646 et
3572 3607 3809 3662 genero-

2156 3696 2259 3734 sus
2291 3679 2459 3734 miles
2493 3680 2564 3734 ab
2586 3680 2792 3750 ignavo
2815 3683 2869 3734 et
2891 3679 3096 3733 timido
3115 3677 3430 3733 internosci
3454 3693 3568 3732 non
3593 3680 3805 3748 potest.

2154 3771 2225 3823 At
2255 3773 2450 3824 exorto
2473 3767 2622 3823 bello
2655 3767 2795 3838 quid
2815 3767 2966 3822 inter
2994 3771 3307 3836 utrumque
3337 3765 3711 3821 descriminis
3734 3764 3810 3820 sit

2154 3857 2321 3912 facile
2352 3857 2721 3928 perspicitur.
2754 3855 2913 3911 Alter
2941 3857 3140 3912 statim
3172 3856 3398 3926 abjecto
3431 3860 3594 3910 scuto
3628 3854 3810 3926 turpi-

2153 3951 2243 4001 ter
2271 3963 2334 4002 se
2364 3947 2421 4000 in
2453 3947 2652 4017 fugam
2699 3946 2971 4015 conjicit:
3029 3944 3176 4000 alter
3224 3943 3500 4016 periculis
3531 3944 3808 4000 omnibus

2155 4052 2367 4107 magno
2399 4040 2572 4106 atque
2603 4035 2892 4106 intrepido
2923 4034 3118 4089 animo
3149 4050 3277 4089 sese
3306 4035 3494 4090 oﬂert.
3527 4034 3677 4099 Quot
3707 4034 3808 4088 ho-

2153 4125 2341 4180 mines
2374 4123 2775 4196 superioribus
2823 4123 2982 4178 hisce
3015 4122 3184 4178 annis
3235 4123 3509 4191 vidimus,
3540 4122 3640 4193 qui
3671 4139 3804 4178 cum

2153 4213 2504 4269 orthodoxiaz
2537 4212 2789 4283 speciem
2823 4213 2983 4265 omni
3013 4212 3128 4266 vita
3158 4229 3272 4282 pra:
3308 4228 3372 4268 se
3403 4211 3697 4280 tulissent,
3733 4211 3804 4265 ad

2153 4303 2371 4376 primas
2404 4302 2592 4356 noctis
2623 4301 2893 4355 tenebras
2917 4300 2974 4354 in
2998 4300 3224 4356 Christo
3249 4300 3624 4355 scandalizati
3643 4305 3804 4368 sunt,

2151 4409 2316 4462 eoque
2359 4393 2553 4446 relicto
2600 4393 2865 4461 fugerunt
2913 4390 2978 4453 5°,
3029 4389 3145 4444 imo
3196 4388 3686 4461 transfugerunt?
3741 4388 3806 4443 Et

2151 4481 2247 4553 qui
2283 4479 2412 4551 plus
2458 4495 2632 4551 quam
2680 4477 2911 4547 trabali,
2961 4481 3024 4532 ut
3072 4478 3254 4546 aiunt,
3306 4477 3467 4533 clavo
3516 4477 3575 4532 in
3611 4476 3805 4532 Eccle-

392 4575 578 4646 ﬁgunt
613 4575 674 4629 εδ,
713 4575 778 4629 Ili
812 4580 1042 4631 tantum
1087 4579 1251 4632 abest
1300 4583 1363 4633 ut
1395 4579 1500 4634 hac
1551 4595 1744 4634 rerum
1777 4581 2041 4636 omnium
2073 4586 2120 4650 D
2155 4569 2241 4624 sia
2276 4568 2371 4623 ﬁxi
2421 4585 2548 4623 esse
2596 4567 2963 4636 videbantur,
3011 4583 3187 4636 seque
3239 4567 3436 4622 lsraeli
3489 4584 3593 4638 pro
3636 4582 3803 4621 muro

391 4664 826 4736 perturbatione
853 4673 1350 4734 commoveantur,
1386 4672 1449 4723 ut
1489 4667 1662 4722 etiam
1696 4685 1764 4722 ex
1795 4669 2044 4740 publicis

391 4752 827 4808 calamitatibus
876 4757 1232 4811 uberrimam
1286 4757 1437 4812 risus
1503 4774 1755 4811 messem
1807 4758 2038 4812 faciant.

394 4840 626 4909 Omnes,
689 4860 838 4913 quos
897 4844 1160 4900 Ecclesiae
1238 4862 1415 4901 causa
1470 4847 1620 4901 serio
1679 4847 1878 4916 afficit,
1939 4863 2042 4918 pro

392 4930 590 4985 stultis
648 4935 703 4985 et
762 4932 987 4987 insanis
1066 4934 1300 5002 habent,
1361 4952 1427 4990 ac
1485 4937 1554 4988 de
1613 4935 1747 4989 lana
1805 4936 2044 5006 caprina

393 5021 738 5075 contendere
773 5025 944 5093 atque
979 5023 1126 5078 inter
1157 5041 1217 5079 se
1251 5023 1514 5079 altercari
1551 5024 1734 5078 aiunt.
1768 5027 2045 5095 Compen-

393 5108 640 5165 diariam
667 5110 814 5167 viam
839 5113 909 5166 ad
938 5113 1397 5185 tranquilitatem
1420 5130 1548 5168 esse
1581 5119 1820 5166 censent
1843 5111 2039 5185 ἀθεΐαν,

392 5198 634 5269 ejusque
669 5199 944 5256 beneﬁcio
977 5219 1039 5257 se
1071 5219 1138 5257 ex
1185 5201 1532 5274 gravissima
1577 5201 1854 5256 servitute
1880 5202 1938 5258 in
1970 5203 2038 5258 li-

469 5352 512 5385 ⁵³
544 5355 708 5408 Rom.
742 5370 798 5419 x,
835 5356 918 5409 10.
998 5357 1040 5389 ⁵³
1071 5357 1208 5411 Luc.
1259 5374 1371 5426 xvx,
1422 5357 1475 5410 9.

398 5423 440 5458 ⁵⁵
468 5428 490 5476 Ι
523 5425 650 5479 Cor.
683 5443 761 5491 x1,
796 5427 880 5482 19.
958 5428 1002 5462 ‘9
1033 5427 1237 5484 Matth.
1271 5423 1425 5496 xxvi,
1458 5428 1547 5481 66.

492 5595 584 5675 31)
614 5596 810 5675 liorat.
845 5601 914 5658 II.
947 5604 1203 5675 1_Carm.,
1236 5603 1332 5658 od.
1364 5602 1415 5659 3.
1495 5654 1497 5656 .

491 5667 584 5741 72)
617 5668 740 5725 Lib.
775 5687 856 5744 III,
893 5678 934 5730 t.
970 5673 1014 5747 I,
1045 5667 1336 5748 pag.'990.

2154 4660 2383 4713 futuros
2413 4657 2819 4721 ostendebant,
2853 4655 2964 4726 ipsi
2997 4656 3166 4727 primi
3217 4655 3537 4711 foedissime
3566 4668 3801 4710 corrue-

2152 4748 2342 4802 runt?

2225 4846 2341 4901 Hoc
2372 4861 2507 4916 ergo
2542 4845 2760 4899 bonum
2795 4843 2988 4899 attulit
3019 4843 3276 4910 haeresis,
3313 4842 3464 4910 quod
3495 4845 3550 4895 et
3588 4840 3801 4895 horum

2153 4935 2591 4990 simulationem
2643 4933 2918 5005 prodidit,
2970 4937 3025 4987 et
3071 4933 3358 4986 bonorum
3408 4927 3803 4984 constantiam

2153 5025 2452 5094 animique
2485 5022 2950 5093 magnitudinem
2999 5020 3330 5076 declaravit.
3365 5019 3496 5073 Fuit
3534 5034 3669 5090 ergo
3704 5017 3807 5073 illa

2154 5115 2326 5185 quasi
2358 5113 2507 5184 lapis
2539 5112 2779 5183 quidam
2802 5109 3093 5165 heraclius
3117 5125 3316 5164 verum
3351 5125 3562 5163 aurum
3594 5125 3628 5164 a
3660 5107 3806 5164 falso

2154 5204 2515 5270 discernens,
2550 5201 2719 5272 quasi
2748 5200 2901 5271 ignis
2931 5199 3253 5256 contrarias
3291 5198 3564 5253 materias
3595 5196 3808 5252 distin—

1555 5355 1837 5427 5‘Ephes.
1901 5375 1978 5427 xv,
2031 5360 2047 5415 1

2194 5361 2238 5395 ⁵⁸
2269 5357 2422 5416 Psal.
2455 5373 2497 5426 ι,
2530 5357 2579 5412 1.
2658 5356 2700 5392 ⁵⁸
2733 5356 2782 5413 II
2826 5359 2981 5411 Petr.
3016 5372 3078 5428 ιι,
3112 5356 3163 5410 1.
3241 5356 3283 5390 ⁵⁷
3314 5355 3469 5412 Psal.
3502 5371 3669 5424 cxvu,
3706 5354 3791 5412 19.

2231 5605 2340 5681 (73)
2373 5603 2564 5678 Cypr.,
2597 5601 2671 5658 De
2698 5600 2839 5657 unit.
2865 5600 3032 5668 Eccl"
3066 5617 3121 5673 p.
3160 5601 3282 5660 197.
