4096 6288
342 311 463 370 325

1481 305 1750 371 JACOBI
1797 308 2022 368 BILLII
2073 302 2672 368 PR/EFATIONES.

3636 307 3753 371 3‘26

340 459 548 515 guens,
582 440 750 513 quasi
789 440 1181 497 ventilabrum
1232 439 1459 511 paleam
1512 458 1545 496 a
1586 441 1776 495 tritico
1826 456 1989 511 sepa-
2020 441 2076 506 Α
2108 438 2309 510 spicio,
2339 438 2774 512 immortalique
2792 439 2965 495 laude
2988 439 3197 512 dignos
3220 441 3521 498 existimo:
3554 443 3772 515 quippe

343 548 483 587 rans
511 531 576 598 ⁸ο,
604 530 857 601 denique
887 531 1053 600 quasi
1087 533 1296 584 ventus
1327 534 1382 584 et
1412 528 1609 601 pluvia
1640 529 1853 601 quibus
1880 545 1998 600 per-

346 620 615 691 spicuum
650 620 833 685 fieret,
870 620 964 689 qui
988 618 1047 672 in
1072 618 1180 673 levi
1207 635 1401 685 arena,
1428 619 1526 689 qui
1550 619 1608 673 in
1633 620 1802 673 ﬁrma
1841 622 2004 689 petra

346 708 482 762 ﬁdei
517 724 632 762 sua
668 708 1047 762 fundamenta
1096 707 1463 776 jecissent“.
1500 707 1694 763 Rebus
1743 706 1890 761 latis
1943 707 2002 760 in

346 795 722 851 adulatorum
756 796 932 851 turba
964 795 1176 851 sinceri
1209 796 1378 851 amici
1413 796 1629 853 latent:
1665 800 1862 850 astate
1904 794 2004 867 qui

346 884 623 957 parietes,
659 902 785 955 qua
820 884 956 940 tecti
986 888 1179 956 partes
1211 885 1427 939 vitiosae
1459 886 1597 955 sint,
1632 902 1757 956 qua
1808 889 2007 940 contra

345 974 489 1029 vitio
509 978 744 1028 careant
775 990 888 1029 non
913 973 1080 1027 facile
1107 973 1497 1045 dignoscitur:
1534 973 1851 1045 tranquillo
1884 990 2005 1028 ma-

348 1062 402 1118 ri
434 1064 529 1116 vix
560 1062 813 1117 discerni
845 1067 1056 1133 potest,
1090 1080 1217 1133 qua
1249 1080 1382 1133 pars
1416 1065 1576 1119 navis
1635 1064 1860 1135 integra
1908 1063 2002 1131 sit,

348 1168 479 1223 qua
507 1151 881 1221 naufragium
915 1151 1189 1206 minetur.
1228 1152 1421 1206 Rebus
1455 1157 1650 1207 autem
1674 1151 1925 1219 afﬂictis,
1952 1154 2008 1206 et

351 1246 479 1295 orta
510 1239 721 1306 hieme,
742 1246 916 1311 atque
944 1243 1190 1311 urgente
1218 1245 1560 1312 tempestate
1577 1241 1772 1295 statim
1809 1239 2009 1295 discri-

352 1344 485 1383 men
520 1327 816 1391 elucescit,
852 1327 1192 1399 tolliturque
1224 1329 1415 1384 omnis
1446 1328 1749 1384 dubitatio.
1806 1332 2009 1383 Certus

354 1416 722 1472 Christianus
747 1417 806 1471 in
831 1434 890 1472 re
934 1416 1155 1471 incerta
1187 1418 1471 1474 cernitur:
1505 1417 1696 1473 hieme
1722 1435 1836 1474 non
1869 1418 2007 1488 ruit,

356 1506 457 1561 sed
518 1504 773 1560 firmiore
821 1505 997 1560 etiam
1046 1522 1220 1578 quam
1267 1511 1439 1561 antea
1488 1508 1671 1579 gradu
1722 1506 2008 1573 consistit,

358 1594 752 1666 periculisque
787 1594 931 1665 ipsis
964 1594 1289 1663 roboratur,
1324 1600 1498 1668 atque
1528 1601 1592 1651 ut
1622 1596 1916 1668 eleganter
1933 1596 2013 1651 ait

357 1690 526 1755 poeta
556 1684 691 1754 (74),
726 1683 805 1737 Ab
838 1683 963 1753 ipso
995 1683 1157 1737 ducit
1210 1700 1348 1755 opes
1396 1685 1779 1757 animumque
1836 1685 2008 1740 ferro.

2112 527 2210 599 qui
2244 544 2447 583 omnes
2478 528 2699 600 ingenii
2729 529 3123 601 doctrinaque
3181 546 3320 602 opes
3378 532 3448 585 ad
3499 539 3771 587 ornatum

2111 616 2313 687 templi
2348 616 2468 685 Dei,
2501 617 2609 672 hoc
2641 622 2729 673 est
2756 618 3022 673 Ecclesia
3073 620 3394 685 conferant,
3458 608 3619 676 nulla
3675 621 3774 677 ho-

2115 705 2338 758 minum
2366 706 2519 773 odia,
2554 704 2774 760 nullam
2809 707 3090 763 invidiam
3136 708 3541 779 extimescant,
3586 709 3775 763 nullas

2115 792 2371 848 hostium
2404 794 2593 849 minas
2616 794 2982 868 insidiasque
3008 797 3408 863 reformident,
3431 799 3603 853 modo
3626 815 3777 853 rem-

2117 880 2415 953 publicam
2449 882 2841 938 Christianam
2876 885 2947 939 ab
2981 886 3140 939 omni
3165 901 3357 941 errore
3376 903 3581 957 puram
3600 892 3775 958 atque

2118 971 2405 1042 integram
2438 976 2738 1026 tueantur.
2770 972 2812 1027 Ο
2848 979 3127 1045 quantam
3160 973 3279 1029 illis
3311 974 3524 1030 laboris
3558 992 3773 1047 opera-

2119 1075 2230 1129 que
2262 1060 2586 1115 mercedem
2621 1062 2903 1133 propheta
2933 1062 3273 1133 pollicetur:
3306 1064 3628 1132 Fulgebunt,
3685 1064 3773 1119 in-

2120 1148 2265 1218 quit,
2300 1151 2459 1218 quasi
2487 1149 2750 1220 splendor
2776 1152 3136 1221 ﬁrmamenti,
3186 1156 3238 1207 et
3294 1154 3454 1223 quasi
3499 1154 3668 1208 stella
3716 1155 3777 1207 in

2113 1245 2405 1307 perpetuas
2434 1240 2778 1294 atcrnitates
2808 1240 2874 1294 ⁸³.

2190 1326 2335 1389 Quid
2370 1327 2547 1398 igitur
2579 1328 2647 1382 de
2675 1328 2743 1382 iis
2767 1329 3030 1384 dicemus
3054 1329 3778 1401 quiinlsumma'juvanda

2120 1414 2384 1470 Ecclesia
2416 1416 2716 1483 facultate,
2748 1418 2887 1471 dum
2942 1419 3211 1489 prasenti
3274 1421 3391 1475 otio
3440 1421 3775 1488 consulunt,

2122 1509 2244 1571 aut,
2279 1506 2430 1576 quod
2473 1504 2817 1561 sceleratius
2850 1512 2959 1575 est,
2992 1508 3333 1564 hominibus
3366 1509 3674 1582 displicere
3704 1511 3779 1566 ti-

2121 1599 2302 1661 ment,
2336 1594 2486 1649 sacri
2517 1593 2699 1666 hujus
2732 1594 2863 1649 belli
2896 1596 3114 1652 otiosos
3156 1614 3217 1651 se
3248 1604 3603 1668 spectatores
3632 1616 3778 1670 pra-

2123 1683 2278 1748 bent,
2314 1699 2419 1737 nec
2451 1683 2521 1737 ad
2554 1682 2891 1753 hujusmodi
2926 1684 3263 1740 incendium
3294 1687 3778 1759 restinguendum

357 1773 427 1827 Et
456 1771 954 1842 quemadmodum
987 1771 1227 1844 egregia
1259 1789 1504 1844 gemma
1535 1776 1593 1828 in
1627 1775 1812 1829 noctis
1853 1779 2010 1829 tene-
2045 1809 2092 1873 Β
2121 1770 2413 1868 guttulam
2446 1789 2624 1870 unam
2658 1789 2820 1843 aqua
2854 1774 3058 1828 afferre
3115 1775 3369 1832 curant?
3414 1778 3519 1831 Sed
3572 1782 3633 1831 ut
3660 1776 3781 1873 -his

354 1861 477 1917 bris
501 1861 716 1916 clarius
757 1877 933 1932 quam
968 1861 1024 1915 in
1061 1862 1253 1916 media
1308 1862 1438 1918 luce
1480 1864 1733 1919 micant:
1777 1863 1861 1918 sic
1916 1863 2015 1918 ille

354 1951 413 2004 in
449 1948 922 2021 persecutionum
957 1949 1202 2021 caligine
1242 1950 1562 2007 illustriora
1619 1953 1850 2024 pietatis
1895 1969 2017 2007 sua

355 2039 709 2093 documenta
737 2040 972 2109 prabet.
1008 2039 1248 2093 Etiamsi
1284 2041 1341 2095 in
1374 2041 1629 2097 Ecclesia
1657 2042 1874 2097 zizania
1928 2042 2013 2097 vi-

357 2128 517 2182 deat:
555 2145 669 2182 non
701 2128 832 2182 ideo
886 2131 1083 2182 tamen
1142 2128 1457 2184 Ecclesiam
1509 2131 1739 2186 deserit.
1801 2132 2013 2203 Exspe-

356 2217 630 2271 ctandam
662 2232 791 2271 esse
824 2232 1077 2271 messem
1113 2234 1225 2272 non
1248 2217 1479 2289 ignorat
1504 2237 1516 2274 :
1542 2218 1757 2291 alioqui
1783 2220 2013 2291 pericu-

358 2305 486 2359 lum
518 2304 882 2376 impendere,
919 2321 989 2361 ne
1039 2306 1216 2361 simul
1277 2324 1409 2362 cum
1464 2309 1702 2363 zizaniis
1754 2309 2015 2363 triticum

365 2394 540 2449 etiam
573 2392 869 2448 avellatur.
905 2392 1069 2449 Dolet
1100 2395 1336 2466 quidem
1370 2396 1480 2467 ipsi
1504 2398 1704 2453 noxias
1726 2397 2015 2453 herbasin

370 2484 589 2553 optimo
618 2498 757 2554 agro
790 2481 1114 2553 puliulare:
1148 2485 1249 2539 sed
1302 2501 1415 2539 non
1470 2485 1579 2540 hoc
1638 2486 1747 2541 sibi
1799 2490 2018 2542 temere

370 2572 734 2643 superbeque
765 2576 1015 2643 arrogat,
1051 2573 1204 2643 quod
1237 2572 1343 2628 soli
1378 2574 1473 2628 Dei
1494 2574 1635 2631 Filio
1670 2580 2016 2637 reservatur,

372 2660 653 2714 nimirum
688 2660 912 2714 zizania
944 2677 977 2715 a
1008 2661 1198 2716 tritico
1229 2678 1517 2733 separare,
1553 2680 1865 2735 areamque
1897 2682 2020 2735 per-

371 2764 640 2819 purgare.
669 2747 789 2802 Scit
820 2736 1053 2819 quidem
1082 2766 1150 2803 ea
1178 2749 1237 2804 in
1260 2766 1390 2804 area
1421 2767 1549 2806 esse
1578 2768 1763 2823 posse,
1796 2753 1854 2807 in
1893 2753 2022 2808 hor-

370 2852 467 2891 reo
500 2852 612 2891 non
648 2852 836 2907 posse.
872 2836 1108 2900 Quoties
1142 2838 1387 2893 hareses
1418 2844 1614 2895 enatas
1643 2841 1819 2912 videt,
1851 2842 2020 2897 toties

375 2924 728 2979 declarandae
759 2925 989 2980 virtutis
1022 2927 1475 3000 constantiaque
1504 2946 1621 2984 sua
1659 2931 2020 2985 occasionem

383 3012 489 3066 sibi
528 3013 776 3069 oblatam
811 3015 1006 3069 sentit.

450 3101 559 3156 Cur
585 3108 777 3158 autem
807 3103 879 3158 ob
910 3103 1159 3159 hareses
1191 3111 1357 3161 nutet
1386 3106 1544 3162 illius
1568 3109 1730 3177 fides,
1757 3127 1883 3180 qua
1907 3109 2017 3164 nisi

2125 1859 2361 1939 omissis
2395 1861 2462 1913 ad
2488 1860 2824 1915 institutum
2850 1878 3181 1917 sermonem
3213 1865 3467 1929 redeam,
3500 1864 3781 1920 eximium

2126 1946 2265 2000 illud
2299 1964 2365 2002 ac
2397 1948 2694 2019 singulare
2726 1966 2862 2020 erga
2893 1968 3000 2004 nos
3030 1950 3243 2005 Christi
3271 1952 3617 2007 beneficium
3644 1953 3778 2030 fuit,

2125 2037 2281 2107 quod
2308 2036 2555 2092 hareses
2587 2039 2702 2092 fore
2737 2038 3168 2110 praenuntiavit,
3219 2045 3284 2093 ut
3332 2041 3610 2097 adversus
3657 2058 3777 2113 eas,

2123 2129 2402 2195 tanquam
2440 2126 2718 2180 adversus
2750 2127 3198 2181 infestissimum
3224 2129 3781 2199 atqueimmunissi-

2127 2229 2290 2267 mum
2323 2212 2551 2268 hostem
2585 2214 2762 2268 animi
2798 2214 2982 2268 nostri
3014 2231 3203 2269 arcem
3228 2216 3411 2271 multo
3435 2223 3565 2273 ante
3590 2220 3784 2275 muni-

2126 2318 2343 2357 remus.
2380 2302 2607 2358 Accedit
2635 2303 2811 2357 etiam
2843 2302 2961 2370 illa,
2996 2308 3052 2358 et
3082 2305 3317 2373 quidem
3350 2306 3605 2362 maxima
3641 2324 3777 2362 con-

2129 2389 2357 2458 solatio,
2399 2408 2530 2445 cum
2564 2392 2889 2463 cogitamus
2948 2393 3020 2446 ab
3077 2392 3343 2447 Ecclesia
3405 2395 3779 2453 incunabulis

2132 2496 2317 2550 usque
2349 2481 2419 2534 ad
2452 2479 2601 2535 hanc
2631 2485 2856 2534 atatem
2888 2480 2978 2534 vix
3003 2480 3187 2535 ullum
3208 2486 3440 2552 tempus
3461 2485 3778 2557 exstitisse,

2130 2570 2282 2640 quod
2316 2586 2428 2623 non
2461 2568 2512 2624 ei
2544 2570 2822 2623 adversus
2851 2569 2984 2624 ﬁdei
3005 2569 3202 2625 hostes
3220 2570 3629 2628 decertandum
3657 2574 3779 2628 fue-

2130 2659 2244 2713 rit:
2273 2662 2336 2712 ut
2367 2674 2478 2712 non
2512 2658 2637 2711 sine
2668 2674 2847 2712 causa
2891 2658 3153 2713 militans
3212 2659 3470 2715 Ecclesia
3519 2662 3779 2733 appelle-

2130 2753 2243 2802 tur.
2280 2748 2361 2803 Ne
2393 2763 2568 2801 aurea
2598 2747 2831 2817 quidem
2864 2752 3004 2802 atas
3033 2749 3103 2802 ab
3132 2747 3473 2817 hujusmodi
3504 2750 3780 2807 ﬂuctibus

2131 2836 2414 2891 immunis
2447 2836 2573 2892 fuit.
2606 2836 2738 2907 lpsa
2770 2853 3000 2907 quoque
3032 2854 3169 2891 suos
3203 2837 3407 2891 habuit
3435 2842 3779 2910 Hymenaos

2130 2932 2186 2982 et
2215 2926 2589 2994 Alexandros,
2624 2942 2762 2980 suos
2790 2925 3058 2980 Nicolaos
3089 2930 3144 2981 et
3173 2925 3496 2992 Cerinthos,
3531 2929 3630 2999 qui
3688 2929 3782 2984 vix

2131 3016 2189 3070 in
2221 3015 2411 3070 lucem
2444 3014 2656 3069 editam
2690 3015 2995 3084 adhucque
3017 3014 3325 3069 lactentem
3358 3018 3685 3095 Opprimere
3716 3034 3782 3073 ac

2132 3105 2202 3160 de
2234 3104 2426 3159 medio
2457 3104 2656 3158 tollere
2687 3104 2874 3158 conati
2906 3109 3062 3157 sunt.
3096 3103 3201 3158 Vix
3247 3120 3314 3158 ex
3363 3104 3454 3159 his
3503 3105 3781 3162 ﬂuctibus

372 3189 734 3261 exsisterent,
768 3192 959 3248 verbis
991 3192 1203 3248 Christi
1239 3194 1381 3250 fides
1414 3213 1525 3251 non
1568 3202 1879 3266 constaret,
1914 3216 2018 3253 ve-
2050 3175 2091 3240 C
2131 3198 2466 3259 emerserat,
2500 3209 2631 3247 cum
2667 3192 2797 3247 aliis
2828 3192 3074 3263 aliisque
3111 3192 3360 3247 subinde
3392 3194 3659 3265 procellis
3691 3197 3782 3265 ja-

370 3279 627 3350 ritasque
656 3281 788 3352 ipsa
811 3280 938 3337 falsi
971 3282 1452 3340 convinceretur?
1508 3285 1709 3342 Nonne
1759 3287 2024 3343 Christus

372 3384 443 3422 ne
472 3385 579 3423 nos
605 3368 909 3441 inepinata
934 3370 1087 3427 mala
1121 3374 1548 3445 perturbarent,
1587 3381 2024 3431 exsurrecturos

373 3457 848 3529 pseudochristos
880 3464 937 3515 et
968 3461 1507 3533 pseudoprOphetas
1560 3465 1847 3535 pradixit,
1897 3470 2024 3520 tan-

374 3549 551 3617 taque
580 3548 755 3602 etiam
788 3548 1073 3603 miracula
1101 3550 1380 3621 edituros,
1426 3556 1490 3606 ut
1547 3553 1594 3607 si
1642 3554 1763 3609 fieri
1821 3554 2023 3625 possit,

377 3632 542 3689 electi
575 3652 806 3707 quoque
836 3635 897 3691 in
926 3652 1182 3694 errorem
1220 3640 1600 3711 impellantur
1618 3642 1705 3697 5’?
1734 3642 1806 3697 Ut
1862 3644 2022 3715 quis-

380 3723 514 3792 quis
546 3724 786 3779 miretur
813 3724 1060 3782 haereses
1090 3741 1239 3794 esse,
1271 3729 1425 3784 idem
1459 3730 1603 3785 nihil
1636 3731 1791 3786 aliud
1828 3732 2027 3787 mirari

379 3811 661 3883 videatur,
696 3829 868 3885 quam
904 3830 1027 3869 rem
1060 3832 1092 3870 a
1112 3816 1338 3873 Christo
1357 3822 1519 3873 tanto
1537 3824 1669 3873 ante
1690 3821 2028 3891 praedictam

382 3903 801 3972 reprasentari.
835 3902 981 3966 Quid
1014 3906 1168 3976 quod
1201 3908 1429 3979 expedit
1461 3908 1806 3981 plerumque
1846 3910 2027 3966 hare-

383 4006 478 4046 ses
509 3991 736 4057 exoriri,
773 3997 835 4046 ut
872 3994 1319 4050 intermortuum
1372 3996 1606 4068 pietatis
1637 3999 1898 4053 studium
1941 4016 2028 4054 re-

386 4085 648 4146 novetur,
678 4081 935 4153 collapsa
965 4100 1030 4138 ac
1064 4100 1238 4155 prope
1259 4083 1444 4139 deleta
1468 4102 1696 4141 morum
1721 4087 2031 4160 disciplina

386 4169 645 4239 erigatur
672 4174 727 4224 et
755 4169 1133 4241 instauretur,
1168 4189 1233 4227 ac
1263 4173 1536 4244 denique,
1580 4177 1732 4246 quod
1783 4177 1863 4231 ait
1920 4178 2028 4231 Au-

388 4258 680 4327 gustinus,
714 4257 947 4329 pigritia
979 4262 1281 4316 hominum
1313 4264 1656 4319 excutiatur.
1691 4269 1853 4321 Certe
1897 4283 2031 4321 cum

388 4345 774 4401 Themistocle
805 4349 971 4403 nobis
1001 4350 1219 4421 Optimo
1242 4353 1375 4421 jure
1403 4352 1593 4408 dicere
1642 4353 1794 4420 licet,
1843 4355 2032 4411 Perie-

391 4448 610 4499 ramus,
668 4435 778 4490 nisi
810 4438 1188 4506 perissemus.
1250 4442 1435 4496 Tanto
1483 4448 1715 4497 veterno
1768 4446 2033 4516 oppressi

2133 3282 2275 3337 ctari
2309 3282 2500 3353 coepit.
2549 3281 2720 3351 Saepe,
2766 3276 2980 3351 inquit,
3031 3288 3486 3351 expugnaverunt
3513 3300 3598 3339 me
3636 3285 3784 3356 aju-

2134 3376 2347 3428 ventute
2375 3388 2517 3437 mea,
2553 3372 2651 3425 sed
2687 3371 2822 3441 quid
2846 3370 2873 3423 ?
2900 3386 3010 3425 non
3067 3376 3321 3441 poterunt
3358 3372 3500 3427 mihi
3541 3375 3607 3429 3‘.
3661 3377 3786 3430 Ad-

2134 3478 2348 3517 versum
2365 3477 2451 3516 me
2468 3477 2532 3515 ne
2553 3462 2690 3531 ipsa
2702 3461 2933 3531 quidem
2957 3462 3130 3531 inferi
3135 3463 3312 3531 porta
3333 3461 3788 3536 pravaluerunt,

2134 3570 2239 3608 nec
2271 3570 2528 3623 unquam
2559 3552 2936 3622 pravalebunt
2966 3551 3028 3605 ⁸⁵.

2169 3703 2172 3706 ,
2206 3644 2432 3708 Quanto
2463 3657 2598 3712 ergo
2621 3640 2825 3695 solatio
2851 3640 3116 3711 perfundi
3140 3640 3310 3696 debet
3340 3640 3656 3697 Christiani
3690 3658 3789 3713 pe-

2136 3736 2287 3802 ctus,
2321 3747 2455 3785 cum
2488 3729 2887 3785 tristissimam
2921 3728 3167 3798 hujusce
3196 3730 3790 3802 tempestatisimagi-

2138 3837 2269 3875 nem
2294 3821 2351 3873 in
2370 3824 2625 3874 veterum
2652 3820 3047 3873 monumentis
3070 3819 3151 3871 ita
3168 3818 3238 3871 ad
3264 3816 3456 3872 vivum
3496 3818 3789 3889 depictam

2136 3908 2311 3972 videt,
2346 3911 2409 3960 ut
2440 3907 2548 3960 sub
2581 3922 2780 3960 eorum
2817 3921 3064 3975 persona
3097 3919 3185 3958 res
3216 3907 3415 3957 nostra
3445 3904 3563 3974 geri
3596 3905 3790 3959 videa-

2136 4001 2234 4050 tur
2253 3996 2279 4049 ‘?
2304 3996 2445 4049 Nam
2470 3995 2517 4050 si
2540 3999 2752 4066 agroto
2775 4010 2841 4047 ea
2865 3994 3100 4047 demum
3123 3991 3440 4047 consolatio
3455 3993 3795 4063 gratissima

2140 4102 2267 4141 esse
2298 4082 2463 4145 solet,
2497 4100 2623 4153 qua
2656 4084 2726 4137 ab
2768 4099 2833 4136 eo
2883 4081 3143 4146 affertur,
3194 4082 3292 4151 qui
3349 4082 3549 4137 eodem
3601 4083 3792 4137 morbi

2140 4189 2347 4245 genere
2372 4172 2683 4242 aliquando
2708 4170 3073 4225 conﬂictatus
3095 4177 3209 4224 est:
3240 4170 3634 4241 quidtandem
3654 4189 3794 4227 cau-

2143 4281 2217 4318 sa
2249 4278 2376 4317 esse
2406 4265 2614 4332 potest,
2647 4260 2783 4329 quin
2816 4259 2873 4313 in
2916 4258 3265 4328 gravissima
3315 4258 3421 4314 hac
3465 4260 3797 4317 calamitate

2143 4368 2355 4423 magno
2380 4350 2587 4405 solatio
2621 4349 2931 4403 Christiani
2970 4348 3226 4402 hominis
3278 4348 3441 4403 dolor
3472 4349 3795 4420 mitigetur,

2143 4458 2272 4495 cum
2310 4441 2522 4495 mentis
2553 4437 2751 4494 oculos
2793 4438 2863 4491 ad
2900 4438 3090 4507 prisca
3138 4436 3347 4491 sacula
3387 4439 3688 4504 convertit,
3732 4454 3798 4493 ac

392 4523 757 4591 tenebamur,
783 4529 846 4579 ut
870 4542 983 4580 non
1010 4528 1117 4584 nisi
1143 4530 1459 4585 durissimo
1481 4531 1588 4586 hoc
1609 4532 1815 4588 baculo
1836 4551 2035 4607 exper-
2068 4545 2115 4605 ι)
2146 4547 2278 4585 cum
2312 4528 2701 4583 sanctissimis
2723 4527 2882 4593 viris,
2918 4526 3016 4596 qui
3050 4527 3107 4580 in
3140 4526 3360 4581 eisdem
3397 4544 3590 4589 rerum
3641 4543 3799 4582 acer-

397 4610 589 4679 gefieri
620 4629 952 4685 possemus,
988 4620 1156 4686 atque
1187 4619 1259 4672 ab
1292 4619 1495 4676 inertia
1528 4621 1596 4675 ad
1630 4621 1888 4678 laborem
1939 4626 2039 4679 do-

396 4698 706 4771 ctrinaque
737 4703 1001 4758 studium
1029 4706 1302 4761 revocari.
1343 4707 1473 4763 Haec
1503 4708 1700 4780 itaque
1729 4714 2046 4784 tempestas

392 4789 563 4844 nobis
596 4789 1049 4848 innumerabiles
1076 4793 1282 4850 heroas
1318 4798 1661 4867 procreavit,
1690 4800 1791 4870 qui
1830 4801 2043 4871 partim

393 4877 626 4949 Optima
657 4896 722 4934 ac
752 4882 1177 4951 probatissima
1209 4886 1337 4939 vita
1360 4889 1642 4958 exemplo,
1677 4892 1887 4959 partim
1922 4907 2047 4946 eru-

392 4967 703 5024 ditissimis
734 4970 853 5026 suis
884 4970 1391 5029 lucubrationibus
1417 4976 1734 5032 Ecclesiam
1767 4980 2045 5036 adversus

391 5054 644 5112 furiosos
676 5057 1080 5116 hareticorum
1136 5062 1391 5134 impetus
1446 5067 1725 5122 acerrime
1775 5068 2044 5125 defende-

392 5149 551 5200 runt.
586 5145 741 5210 Quos
771 5148 1040 5220 equidem
1071 5151 1196 5224 ipse
1229 5169 1333 5224 pro
1364 5170 1429 5209 eo
1461 5171 1525 5210 ac
1557 5160 1813 5211 meretur
1843 5157 2047 5229 singu-

390 5230 534 5289 laris
560 5251 760 5292 eorum
792 5236 977 5309 pietas
1007 5244 1064 5295 et
1090 5241 1297 5314 virtus,
1330 5243 1498 5299 unice
1529 5244 1788 5301 admiror
1833 5263 1899 5302 ac
1946 5264 2044 5304 su-

2151 4620 2438 4675 bitatibus
2468 4617 2673 4673 versati
2704 4620 2861 4685 sunt,
2892 4616 3049 4669 velut
3071 4609 3465 4685 colloquitur?
3490 4617 3634 4671 Nam
3665 4632 3802 4671 cum

2153 4713 2283 4768 illos
2314 4727 2381 4764 ex
2406 4713 2490 4762 tot
2521 4707 2817 4777 tantisque
2842 4704 3262 4759 afﬂictionibus
3293 4705 3391 4759 Dei
3441 4704 3803 4775 benignitate

2151 4800 2388 4855 tandem
2412 4794 2727 4867 aliquando
2760 4798 3047 4848 extractos
3080 4794 3254 4849 fuisse
3286 4794 3446 4865 legit,
3478 4798 3677 4847 tamne
3698 4794 3805 4847 im-

2154 4892 2245 4963 pie
2270 4887 2356 4943 vel
2390 4887 2461 4941 de
2492 4883 2710 4940 summi
2742 4883 3003 4937 numinis
3036 4883 3315 4954 potentia,
3350 4881 3435 4936 vel
3493 4882 3564 4935 de
3616 4881 3803 4951 ipsius

2155 4970 2291 5051 erga
2322 4992 2427 5031 nos
2459 4989 2657 5029 amore
2687 4972 2983 5044 cogitabit,
3016 4977 3080 5025 ut
3111 4976 3212 5026 aut
3244 4987 3480 5024 manum
3516 4971 3643 5040 ejus
3700 4971 3804 5024 ah-

2155 5066 2471 5124 breviatam
2505 5078 2633 5117 esse
2663 5062 2728 5127 εδ,
2760 5076 2866 5114 nec
2908 5062 3031 5130 jam
3068 5058 3292 5114 salvare
3322 5075 3515 5129 posse,
3549 5063 3650 5113 aut
3674 5060 3803 5128 ejus

2155 5174 2292 5229 erga
2324 5172 2427 5209 nos
2458 5151 2803 5209 charitatem
2834 5148 3129 5203 refrixisse
3154 5148 3514 5203 arbitretur?
3545 5149 3691 5213 Quid
3745 5149 3805 5203 in

2153 5242 2493 5317 hujusmodi
2519 5240 2803 5296 librorum
2825 5237 3070 5293 lectione
3114 5236 3245 5291 aliis
3273 5237 3515 5307 accidat,
3546 5252 3807 5308 pronun-

467 5388 512 5423 ⁶⁰
534 5388 860 5470 Matth._111_,
894 5392 979 5449 12.
994 5394 1055 5470 f‘
1090 5394 1293 5451 Matth.
1325 5413 1427 5466 vn,
1456 5398 1646 5453 25-27.
1680 5399 1728 5436 ⁶²
1759 5398 1964 5458 Matth.
1996 5419 2021 5458 Σ

2135 5442 2150 5470 ,
2182 5400 2370 5457 11-24.
2402 5397 2446 5433 ⁸³
2478 5399 2621 5451 Dan.
2653 5410 2755 5462 x11,
2794 5392 2850 5448 3.
2882 5392 2928 5427 ⁶⁴
2961 5388 3115 5449 Psal.
3144 5405 3375 5457 cxxvm,
3407 5389 3466 5447 2.
3525 5388 3569 5425 ⁵⁸
3598 5387 3804 5448 Matth.

396 5476 515 5529 xvr,
550 5461 636 5515 18.
659 5462 703 5496 ⁸⁸
735 5462 868 5534 Isai.
904 5480 954 5532 ι,
987 5466 1042 5520 2.

479 5631 590 5708 (74)
622 5630 781 5708 Hor.,
813 5632 917 5693 lib.
941 5651 999 5695 ιν
1029 5637 1235 5714 Carm,
1268 5640 1361 5698 od.
1392 5639 1449 5700 4.
