  <div class='ocr_page' id='page_1' title='image "/cluster/home/n/w/nwhite01/storage/ocr_20150623/35/mdp.39015012934389/167.png"; bbox 0 0 4096 6288; ppageno 0'>
   <div class='ocr_carea' id='block_1_1' title="bbox 332 220 3747 292">
    <p class='ocr_par' dir='ltr' id='par_1_1' title="bbox 332 220 3747 292">
     <span class='ocr_line' id='line_1_1' title="bbox 332 220 3747 292; baseline 0.001 -5"><span class='ocrx_word' id='word_1_1' title='bbox 332 225 447 287; x_wconf 71' lang='grc'>327</span> <span class='ocrx_word' id='word_1_2' title='bbox 1462 220 1731 287; x_wconf 83' lang='lat' dir='ltr'>JACOBI</span> <span class='ocrx_word' id='word_1_3' title='bbox 1776 227 2002 289; x_wconf 84' lang='lat' dir='ltr'>BILLlI</span> <span class='ocrx_word' id='word_1_4' title='bbox 2046 224 2636 292; x_wconf 69' lang='lat' dir='ltr'>PREFATIONES.</span> <span class='ocrx_word' id='word_1_5' title='bbox 3627 232 3747 291; x_wconf 80' lang='lat'>328</span> 
     </span>
    </p>
   </div>
   <div class='ocr_carea' id='block_1_2' title="bbox 329 359 3743 436">
    <p class='ocr_par' dir='ltr' id='par_1_2' title="bbox 329 359 3743 436">
     <span class='ocr_line' id='line_1_2' title="bbox 329 359 3743 436; baseline 0.001 -21"><span class='ocrx_word' id='word_1_6' title='bbox 329 361 476 416; x_wconf 90' lang='lat' dir='ltr'>tiare</span> <span class='ocrx_word' id='word_1_7' title='bbox 508 375 753 431; x_wconf 89' lang='lat' dir='ltr'>nequeo.</span> <span class='ocrx_word' id='word_1_8' title='bbox 787 360 868 416; x_wconf 90' lang='lat' dir='ltr'>De</span> <span class='ocrx_word' id='word_1_9' title='bbox 898 375 989 414; x_wconf 90' lang='lat' dir='ltr'>me</span> <span class='ocrx_word' id='word_1_10' title='bbox 1018 364 1173 416; x_wconf 87' lang='lat' dir='ltr'>certe</span> <span class='ocrx_word' id='word_1_11' title='bbox 1194 359 1488 415; x_wconf 84' lang='lat' dir='ltr'>afﬁrmare</span> <span class='ocrx_word' id='word_1_12' title='bbox 1536 376 1799 432; x_wconf 89' lang='lat' dir='ltr'>possum,</span> <span class='ocrx_word' id='word_1_13' title='bbox 1846 376 1973 415; x_wconf 89' lang='lat' dir='ltr'>eam</span> <span class='ocrx_word' id='word_1_14' title='bbox 2004 364 2058 429; x_wconf 80' lang='grc' dir='ltr'>Α</span> <span class='ocrx_word' id='word_1_15' title='bbox 2089 362 2324 417; x_wconf 85' lang='lat' dir='ltr'>nomine</span> <span class='ocrx_word' id='word_1_16' title='bbox 2356 379 2449 417; x_wconf 91' lang='lat' dir='ltr'>me</span> <span class='ocrx_word' id='word_1_17' title='bbox 2481 362 2588 419; x_wconf 82' lang='lat' dir='ltr'>tibi</span> <span class='ocrx_word' id='word_1_18' title='bbox 2620 362 3050 419; x_wconf 89' lang='lat' dir='ltr'>obstrictiorem</span> <span class='ocrx_word' id='word_1_19' title='bbox 3082 376 3355 434; x_wconf 87' lang='lat' dir='ltr'>agnosco,</span> <span class='ocrx_word' id='word_1_20' title='bbox 3379 379 3557 435; x_wconf 89' lang='lat' dir='ltr'>quam</span> <span class='ocrx_word' id='word_1_21' title='bbox 3586 364 3743 436; x_wconf 89' lang='lat' dir='ltr'>quod</span> 
     </span>
    </p>
   </div>
   <div class='ocr_carea' id='block_1_3' title="bbox 332 448 3741 524">
    <p class='ocr_par' dir='ltr' id='par_1_3' title="bbox 332 448 3741 524">
     <span class='ocr_line' id='line_1_3' title="bbox 332 448 3741 524; baseline 0.001 -20"><span class='ocrx_word' id='word_1_22' title='bbox 332 450 478 504; x_wconf 87' lang='lat' dir='ltr'>mihi</span> <span class='ocrx_word' id='word_1_23' title='bbox 502 450 846 522; x_wconf 91' lang='lat' dir='ltr'>plerumque</span> <span class='ocrx_word' id='word_1_24' title='bbox 872 466 1080 521; x_wconf 91' lang='lat' dir='ltr'>magno</span> <span class='ocrx_word' id='word_1_25' title='bbox 1103 448 1309 504; x_wconf 88' lang='lat' dir='ltr'>solatio</span> <span class='ocrx_word' id='word_1_26' title='bbox 1332 453 1508 519; x_wconf 86' lang='lat' dir='ltr'>atque</span> <span class='ocrx_word' id='word_1_27' title='bbox 1526 449 1758 503; x_wconf 85' lang='lat' dir='ltr'>utilitati</span> <span class='ocrx_word' id='word_1_28' title='bbox 1779 449 1976 504; x_wconf 89' lang='lat' dir='ltr'>fuisse.</span> <span class='ocrx_word' id='word_1_29' title='bbox 2089 450 2145 505; x_wconf 89' lang='lat' dir='ltr'>in</span> <span class='ocrx_word' id='word_1_30' title='bbox 2183 451 2470 523; x_wconf 67' lang='lat' dir='ltr'>Ecclesiae,</span> <span class='ocrx_word' id='word_1_31' title='bbox 2491 450 2973 507; x_wconf 88' lang='lat' dir='ltr'>Christianissimi</span> <span class='ocrx_word' id='word_1_32' title='bbox 3009 451 3182 523; x_wconf 86' lang='lat' dir='ltr'>regis,</span> <span class='ocrx_word' id='word_1_33' title='bbox 3215 451 3511 524; x_wconf 81' lang='lat' dir='ltr'>totiusque</span> <span class='ocrx_word' id='word_1_34' title='bbox 3560 452 3741 523; x_wconf 81' lang='lat' dir='ltr'>hujus</span> 
     </span>
    </p>
   </div>
   <div class='ocr_carea' id='block_1_4' title="bbox 327 539 1974 611">
    <p class='ocr_par' dir='ltr' id='par_1_4' title="bbox 327 539 1974 611">
     <span class='ocr_line' id='line_1_4' title="bbox 327 539 1974 611; baseline 0 -17"><span class='ocrx_word' id='word_1_35' title='bbox 327 540 409 594; x_wconf 82' lang='lat' dir='ltr'>Ex</span> <span class='ocrx_word' id='word_1_36' title='bbox 440 544 787 611; x_wconf 59' lang='lat' dir='ltr'>quol‘actum</span> <span class='ocrx_word' id='word_1_37' title='bbox 814 545 919 607; x_wconf 91' lang='lat' dir='ltr'>est,</span> <span class='ocrx_word' id='word_1_38' title='bbox 968 545 1030 593; x_wconf 93' lang='lat' dir='ltr'>ut</span> <span class='ocrx_word' id='word_1_39' title='bbox 1062 542 1286 596; x_wconf 78' lang='lat' dir='ltr'>Graecos</span> <span class='ocrx_word' id='word_1_40' title='bbox 1319 540 1540 594; x_wconf 81' lang='lat' dir='ltr'>Latinis</span> <span class='ocrx_word' id='word_1_41' title='bbox 1592 539 1974 610; x_wconf 90' lang='lat' dir='ltr'>conjungens,</span> 
     </span>
    </p>
   </div>
   <div class='ocr_carea' id='block_1_5' title="bbox 326 628 1973 701">
    <p class='ocr_par' dir='ltr' id='par_1_5' title="bbox 326 628 1973 701">
     <span class='ocr_line' id='line_1_5' title="bbox 326 628 1973 701; baseline 0 -18"><span class='ocrx_word' id='word_1_42' title='bbox 326 628 386 683; x_wconf 88' lang='lat' dir='ltr'>in</span> <span class='ocrx_word' id='word_1_43' title='bbox 421 629 611 684; x_wconf 88' lang='lat' dir='ltr'>nobile</span> <span class='ocrx_word' id='word_1_44' title='bbox 641 629 785 684; x_wconf 89' lang='lat' dir='ltr'>illud</span> <span class='ocrx_word' id='word_1_45' title='bbox 825 631 1147 684; x_wconf 89' lang='lat' dir='ltr'>amicorum</span> <span class='ocrx_word' id='word_1_46' title='bbox 1199 646 1303 701; x_wconf 89' lang='lat' dir='ltr'>par</span> <span class='ocrx_word' id='word_1_47' title='bbox 1350 630 1585 683; x_wconf 85' lang='lat' dir='ltr'>tandem</span> <span class='ocrx_word' id='word_1_48' title='bbox 1636 628 1973 696; x_wconf 85' lang='lat' dir='ltr'>inciderem,</span> 
     </span>
    </p>
   </div>
   <div class='ocr_carea' id='block_1_6' title="bbox 326 717 1972 791">
    <p class='ocr_par' dir='ltr' id='par_1_6' title="bbox 326 717 1972 791">
     <span class='ocr_line' id='line_1_6' title="bbox 326 717 1972 791; baseline -0.001 -18"><span class='ocrx_word' id='word_1_49' title='bbox 326 718 609 774; x_wconf 86' lang='lat' dir='ltr'>Basilium</span> <span class='ocrx_word' id='word_1_50' title='bbox 630 720 908 791; x_wconf 86' lang='lat' dir='ltr'>Magnum</span> <span class='ocrx_word' id='word_1_51' title='bbox 931 728 983 773; x_wconf 90' lang='lat' dir='ltr'>et</span> <span class='ocrx_word' id='word_1_52' title='bbox 1004 718 1347 789; x_wconf 85' lang='lat' dir='ltr'>Gregorium</span> <span class='ocrx_word' id='word_1_53' title='bbox 1364 717 1792 773; x_wconf 90' lang='lat' dir='ltr'>Nazianzenum</span> <span class='ocrx_word' id='word_1_54' title='bbox 1812 718 1972 772; x_wconf 87' lang='lat' dir='ltr'>dico:</span> 
     </span>
    </p>
   </div>
   <div class='ocr_carea' id='block_1_7' title="bbox 323 806 1972 878">
    <p class='ocr_par' dir='ltr' id='par_1_7' title="bbox 323 806 1972 878">
     <span class='ocr_line' id='line_1_7' title="bbox 323 806 1972 878; baseline 0 -17"><span class='ocrx_word' id='word_1_55' title='bbox 323 807 384 861; x_wconf 89' lang='lat' dir='ltr'>in</span> <span class='ocrx_word' id='word_1_56' title='bbox 412 824 662 878; x_wconf 90' lang='lat' dir='ltr'>quorum</span> <span class='ocrx_word' id='word_1_57' title='bbox 694 808 928 878; x_wconf 84' lang='lat' dir='ltr'>scriptis</span> <span class='ocrx_word' id='word_1_58' title='bbox 957 812 1186 863; x_wconf 87' lang='lat' dir='ltr'>tantum</span> <span class='ocrx_word' id='word_1_59' title='bbox 1240 823 1386 862; x_wconf 74' lang='lat' dir='ltr'>versa</span> <span class='ocrx_word' id='word_1_60' title='bbox 1442 806 1694 878; x_wconf 88' lang='lat' dir='ltr'>pietatis,</span> <span class='ocrx_word' id='word_1_61' title='bbox 1740 810 1972 861; x_wconf 89' lang='lat' dir='ltr'>tantum</span> 
     </span>
    </p>
   </div>
   <div class='ocr_carea' id='block_1_8' title="bbox 324 894 1971 969">
    <p class='ocr_par' dir='ltr' id='par_1_8' title="bbox 324 894 1971 969">
     <span class='ocr_line' id='line_1_8' title="bbox 324 894 1971 969; baseline -0.001 -18"><span class='ocrx_word' id='word_1_62' title='bbox 324 896 601 952; x_wconf 82' lang='lat' dir='ltr'>doctrinae</span> <span class='ocrx_word' id='word_1_63' title='bbox 662 902 835 969; x_wconf 89' lang='lat' dir='ltr'>atque</span> <span class='ocrx_word' id='word_1_64' title='bbox 881 896 1224 969; x_wconf 71' lang='lat' dir='ltr'>eloquentiae</span> <span class='ocrx_word' id='word_1_65' title='bbox 1281 895 1455 964; x_wconf 87' lang='lat' dir='ltr'>lucet,</span> <span class='ocrx_word' id='word_1_66' title='bbox 1516 900 1581 949; x_wconf 90' lang='lat' dir='ltr'>ut</span> <span class='ocrx_word' id='word_1_67' title='bbox 1637 894 1829 950; x_wconf 87' lang='lat' dir='ltr'>nescio</span> <span class='ocrx_word' id='word_1_68' title='bbox 1896 912 1971 950; x_wconf 93' lang='lat' dir='ltr'>an</span> 
     </span>
    </p>
   </div>
   <div class='ocr_carea' id='block_1_9' title="bbox 323 984 1971 1058">
    <p class='ocr_par' dir='ltr' id='par_1_9' title="bbox 323 984 1971 1058">
     <span class='ocr_line' id='line_1_9' title="bbox 323 984 1971 1058; baseline -0.001 -17"><span class='ocrx_word' id='word_1_69' title='bbox 323 987 477 1058; x_wconf 90' lang='lat' dir='ltr'>apud</span> <span class='ocrx_word' id='word_1_70' title='bbox 510 986 736 1042; x_wconf 79' lang='lat' dir='ltr'>Graecos</span> <span class='ocrx_word' id='word_1_71' title='bbox 769 987 1124 1057; x_wconf 88' lang='lat' dir='ltr'>Latinosque</span> <span class='ocrx_word' id='word_1_72' title='bbox 1155 984 1402 1041; x_wconf 88' lang='lat' dir='ltr'>inveniri</span> <span class='ocrx_word' id='word_1_73' title='bbox 1428 984 1677 1056; x_wconf 83' lang='lat' dir='ltr'>possint,</span> <span class='ocrx_word' id='word_1_74' title='bbox 1707 984 1805 1055; x_wconf 90' lang='lat' dir='ltr'>qui</span> <span class='ocrx_word' id='word_1_75' title='bbox 1838 984 1971 1055; x_wconf 81' lang='lat' dir='ltr'>plus</span> 
     </span>
    </p>
   </div>
   <div class='ocr_carea' id='block_1_10' title="bbox 320 1072 1969 1146">
    <p class='ocr_par' dir='ltr' id='par_1_10' title="bbox 320 1072 1969 1146">
     <span class='ocr_line' id='line_1_10' title="bbox 320 1072 1969 1146; baseline -0.002 -16"><span class='ocrx_word' id='word_1_76' title='bbox 320 1076 667 1131; x_wconf 81' lang='lat' dir='ltr'>eruditionis</span> <span class='ocrx_word' id='word_1_77' title='bbox 698 1092 833 1131; x_wconf 91' lang='lat' dir='ltr'>eum</span> <span class='ocrx_word' id='word_1_78' title='bbox 862 1075 1069 1146; x_wconf 81' lang='lat' dir='ltr'>majori</span> <span class='ocrx_word' id='word_1_79' title='bbox 1129 1075 1359 1131; x_wconf 82' lang='lat' dir='ltr'>dicendi</span> <span class='ocrx_word' id='word_1_80' title='bbox 1407 1072 1679 1128; x_wconf 81' lang='lat' dir='ltr'>facultate</span> <span class='ocrx_word' id='word_1_81' title='bbox 1729 1073 1969 1143; x_wconf 90' lang='lat' dir='ltr'>copula-</span> 
     </span>
    </p>
   </div>
   <div class='ocr_carea' id='block_1_11' title="bbox 320 1166 458 1221">
    <p class='ocr_par' dir='ltr' id='par_1_11' title="bbox 320 1166 458 1221">
     <span class='ocr_line' id='line_1_11' title="bbox 320 1166 458 1221; baseline 0 0"><span class='ocrx_word' id='word_1_82' title='bbox 320 1166 458 1221; x_wconf 89' lang='lat' dir='ltr'>rint.</span> 
     </span>
    </p>
   </div>
   <div class='ocr_carea' id='block_1_12' title="bbox 390 1250 1967 1323">
    <p class='ocr_par' dir='ltr' id='par_1_12' title="bbox 390 1250 1967 1323">
     <span class='ocr_line' id='line_1_12' title="bbox 390 1250 1967 1323; baseline -0.003 -14"><span class='ocrx_word' id='word_1_83' title='bbox 390 1255 478 1309; x_wconf 90' lang='lat' dir='ltr'>Me</span> <span class='ocrx_word' id='word_1_84' title='bbox 512 1259 665 1309; x_wconf 88' lang='lat' dir='ltr'>certe</span> <span class='ocrx_word' id='word_1_85' title='bbox 696 1253 1093 1308; x_wconf 72' lang='lat' dir='ltr'>Nazianzenus</span> <span class='ocrx_word' id='word_1_86' title='bbox 1123 1252 1279 1323; x_wconf 79' lang='lat' dir='ltr'>gravi</span> <span class='ocrx_word' id='word_1_87' title='bbox 1315 1250 1411 1305; x_wconf 91' lang='lat' dir='ltr'>illo</span> <span class='ocrx_word' id='word_1_88' title='bbox 1452 1268 1515 1304; x_wconf 87' lang='lat' dir='ltr'>ac</span> <span class='ocrx_word' id='word_1_89' title='bbox 1547 1250 1785 1305; x_wconf 85' lang='lat' dir='ltr'>sublimi</span> <span class='ocrx_word' id='word_1_90' title='bbox 1820 1250 1967 1305; x_wconf 89' lang='lat' dir='ltr'>seri-</span> 
     </span>
    </p>
   </div>
   <div class='ocr_carea' id='block_1_13' title="bbox 318 1340 1961 1416">
    <p class='ocr_par' dir='ltr' id='par_1_13' title="bbox 318 1340 1961 1416">
     <span class='ocr_line' id='line_1_13' title="bbox 318 1340 1961 1416; baseline -0.002 -19"><span class='ocrx_word' id='word_1_91' title='bbox 318 1343 491 1398; x_wconf 86' lang='lat' dir='ltr'>bendi</span> <span class='ocrx_word' id='word_1_92' title='bbox 524 1360 732 1416; x_wconf 83' lang='lat' dir='ltr'>genere</span> <span class='ocrx_word' id='word_1_93' title='bbox 764 1343 845 1397; x_wconf 84' lang='lat' dir='ltr'>ita</span> <span class='ocrx_word' id='word_1_94' title='bbox 875 1343 1086 1410; x_wconf 77' lang='lat' dir='ltr'>affecit,</span> <span class='ocrx_word' id='word_1_95' title='bbox 1121 1346 1182 1395; x_wconf 86' lang='lat' dir='ltr'>ut</span> <span class='ocrx_word' id='word_1_96' title='bbox 1215 1340 1612 1395; x_wconf 88' lang='lat' dir='ltr'>incredibilem</span> <span class='ocrx_word' id='word_1_97' title='bbox 1647 1340 1961 1410; x_wconf 76' lang='lat' dir='ltr'>quamdam</span> 
     </span>
    </p>
   </div>
   <div class='ocr_carea' id='block_1_14' title="bbox 317 1429 1959 1501">
    <p class='ocr_par' dir='ltr' id='par_1_14' title="bbox 317 1429 1959 1501">
     <span class='ocr_line' id='line_1_14' title="bbox 317 1429 1959 1501; baseline -0.002 -15"><span class='ocrx_word' id='word_1_98' title='bbox 317 1432 758 1488; x_wconf 87' lang='lat' dir='ltr'>oblectationem</span> <span class='ocrx_word' id='word_1_99' title='bbox 787 1449 856 1486; x_wconf 79' lang='lat' dir='ltr'>ex</span> <span class='ocrx_word' id='word_1_100' title='bbox 912 1432 1038 1501; x_wconf 92' lang='lat' dir='ltr'>ejus</span> <span class='ocrx_word' id='word_1_101' title='bbox 1097 1429 1340 1485; x_wconf 76' lang='lat' dir='ltr'>lectione</span> <span class='ocrx_word' id='word_1_102' title='bbox 1401 1445 1633 1499; x_wconf 88' lang='lat' dir='ltr'>semper</span> <span class='ocrx_word' id='word_1_103' title='bbox 1689 1429 1959 1499; x_wconf 84' lang='lat' dir='ltr'>ceperim.</span> 
     </span>
    </p>
   </div>
   <div class='ocr_carea' id='block_1_15' title="bbox 316 1517 1957 1590">
    <p class='ocr_par' dir='ltr' id='par_1_15' title="bbox 316 1517 1957 1590">
     <span class='ocr_line' id='line_1_15' title="bbox 316 1517 1957 1590; baseline -0.001 -16"><span class='ocrx_word' id='word_1_104' title='bbox 316 1520 592 1583; x_wconf 87' lang='lat' dir='ltr'>Quocirca</span> <span class='ocrx_word' id='word_1_105' title='bbox 623 1520 767 1575; x_wconf 90' lang='lat' dir='ltr'>mihi</span> <span class='ocrx_word' id='word_1_106' title='bbox 799 1520 1155 1590; x_wconf 85' lang='lat' dir='ltr'>jampridem</span> <span class='ocrx_word' id='word_1_107' title='bbox 1188 1517 1341 1572; x_wconf 86' lang='lat' dir='ltr'>haud</span> <span class='ocrx_word' id='word_1_108' title='bbox 1391 1517 1763 1572; x_wconf 85' lang='lat' dir='ltr'>mediocriter</span> <span class='ocrx_word' id='word_1_109' title='bbox 1805 1517 1957 1572; x_wconf 88' lang='lat' dir='ltr'>dole-</span> 
     </span>
    </p>
   </div>
   <div class='ocr_carea' id='block_1_16' title="bbox 314 1606 1959 1677">
    <p class='ocr_par' dir='ltr' id='par_1_16' title="bbox 314 1606 1959 1677">
     <span class='ocr_line' id='line_1_16' title="bbox 314 1606 1959 1677; baseline -0.001 -14"><span class='ocrx_word' id='word_1_110' title='bbox 314 1608 435 1675; x_wconf 89' lang='lat' dir='ltr'>bat,</span> <span class='ocrx_word' id='word_1_111' title='bbox 468 1614 699 1663; x_wconf 89' lang='lat' dir='ltr'>tantum</span> <span class='ocrx_word' id='word_1_112' title='bbox 721 1609 911 1663; x_wconf 89' lang='lat' dir='ltr'>virum</span> <span class='ocrx_word' id='word_1_113' title='bbox 936 1608 1133 1662; x_wconf 90' lang='lat' dir='ltr'>minus</span> <span class='ocrx_word' id='word_1_114' title='bbox 1158 1608 1491 1677; x_wconf 85' lang='lat' dir='ltr'>frequenter</span> <span class='ocrx_word' id='word_1_115' title='bbox 1514 1606 1816 1660; x_wconf 84' lang='lat' dir='ltr'>hominum</span> <span class='ocrx_word' id='word_1_116' title='bbox 1845 1624 1959 1661; x_wconf 88' lang='lat' dir='ltr'>ma-</span> 
     </span>
    </p>
   </div>
   <div class='ocr_carea' id='block_1_17' title="bbox 2089 540 3739 612">
    <p class='ocr_par' dir='ltr' id='par_1_17' title="bbox 2089 540 3739 612">
     <span class='ocr_line' id='line_1_17' title="bbox 2089 540 3739 612; baseline 0.002 -19"><span class='ocrx_word' id='word_1_117' title='bbox 2089 540 2458 595; x_wconf 84' lang='lat' dir='ltr'>afﬂictissimi</span> <span class='ocrx_word' id='word_1_118' title='bbox 2491 540 2651 612; x_wconf 86' lang='lat' dir='ltr'>regni</span> <span class='ocrx_word' id='word_1_119' title='bbox 2686 556 2924 594; x_wconf 84' lang='lat' dir='ltr'>causam</span> <span class='ocrx_word' id='word_1_120' title='bbox 2956 542 3119 593; x_wconf 89' lang='lat' dir='ltr'>tanta</span> <span class='ocrx_word' id='word_1_121' title='bbox 3140 540 3739 596; x_wconf 87' lang='lat' dir='ltr'>animisollicitudine</span> 
     </span>
    </p>
   </div>
   <div class='ocr_carea' id='block_1_18' title="bbox 2085 626 3735 699">
    <p class='ocr_par' dir='ltr' id='par_1_18' title="bbox 2085 626 3735 699">
     <span class='ocr_line' id='line_1_18' title="bbox 2085 626 3735 699; baseline 0.001 -17"><span class='ocrx_word' id='word_1_122' title='bbox 2085 626 2397 693; x_wconf 75' lang='lat' dir='ltr'>incumbis,</span> <span class='ocrx_word' id='word_1_123' title='bbox 2425 634 2505 683; x_wconf 92' lang='lat' dir='ltr'>tot</span> <span class='ocrx_word' id='word_1_124' title='bbox 2528 645 2700 683; x_wconf 89' lang='lat' dir='ltr'>curas</span> <span class='ocrx_word' id='word_1_125' title='bbox 2724 634 2805 682; x_wconf 91' lang='lat' dir='ltr'>tot</span> <span class='ocrx_word' id='word_1_126' title='bbox 2841 644 3130 683; x_wconf 68' lang='lat' dir='ltr'>aerumnas</span> <span class='ocrx_word' id='word_1_127' title='bbox 3168 628 3440 699; x_wconf 80' lang='lat' dir='ltr'>suscipis,</span> <span class='ocrx_word' id='word_1_128' title='bbox 3472 646 3538 684; x_wconf 90' lang='lat' dir='ltr'>eo</span> <span class='ocrx_word' id='word_1_129' title='bbox 3568 629 3735 684; x_wconf 83' lang='lat' dir='ltr'>deni-</span> 
     </span>
    </p>
   </div>
   <div class='ocr_carea' id='block_1_19' title="bbox 2086 716 3735 789">
    <p class='ocr_par' dir='ltr' id='par_1_19' title="bbox 2086 716 3735 789">
     <span class='ocr_line' id='line_1_19' title="bbox 2086 716 3735 789; baseline 0.001 -17"><span class='ocrx_word' id='word_1_130' title='bbox 2086 734 2198 788; x_wconf 92' lang='lat' dir='ltr'>que</span> <span class='ocrx_word' id='word_1_131' title='bbox 2230 718 2427 773; x_wconf 90' lang='lat' dir='ltr'>omnia</span> <span class='ocrx_word' id='word_1_132' title='bbox 2455 723 2557 773; x_wconf 89' lang='lat' dir='ltr'>tua</span> <span class='ocrx_word' id='word_1_133' title='bbox 2588 716 2786 773; x_wconf 88' lang='lat' dir='ltr'>studia</span> <span class='ocrx_word' id='word_1_134' title='bbox 2818 718 3016 782; x_wconf 83' lang='lat' dir='ltr'>refers,</span> <span class='ocrx_word' id='word_1_135' title='bbox 3048 722 3111 771; x_wconf 90' lang='lat' dir='ltr'>ut</span> <span class='ocrx_word' id='word_1_136' title='bbox 3140 718 3428 772; x_wconf 88' lang='lat' dir='ltr'>truncatis</span> <span class='ocrx_word' id='word_1_137' title='bbox 3448 719 3735 789; x_wconf 89' lang='lat' dir='ltr'>(quando-</span> 
     </span>
    </p>
   </div>
   <div class='ocr_carea' id='block_1_20' title="bbox 2082 805 3772 879">
    <p class='ocr_par' dir='ltr' id='par_1_20' title="bbox 2082 805 3772 879">
     <span class='ocr_line' id='line_1_20' title="bbox 2082 805 3772 879; baseline 0.002 -18"><span class='ocrx_word' id='word_1_138' title='bbox 2082 806 2317 878; x_wconf 89' lang='lat' dir='ltr'>quidem</span> <span class='ocrx_word' id='word_1_139' title='bbox 2352 824 2455 862; x_wconf 90' lang='lat' dir='ltr'>nec</span> <span class='ocrx_word' id='word_1_140' title='bbox 2485 807 2680 862; x_wconf 89' lang='lat' dir='ltr'>sanari</span> <span class='ocrx_word' id='word_1_141' title='bbox 2712 805 2931 872; x_wconf 92' lang='lat' dir='ltr'>volunt,</span> <span class='ocrx_word' id='word_1_142' title='bbox 2965 822 3068 860; x_wconf 91' lang='lat' dir='ltr'>nec</span> <span class='ocrx_word' id='word_1_143' title='bbox 3100 806 3227 861; x_wconf 87' lang='lat' dir='ltr'>sine</span> <span class='ocrx_word' id='word_1_144' title='bbox 3275 811 3433 862; x_wconf 90' lang='lat' dir='ltr'>certa</span> <span class='ocrx_word' id='word_1_145' title='bbox 3476 808 3735 879; x_wconf 88' lang='lat' dir='ltr'>corporis</span> <span class='ocrx_word' id='word_1_146' title='bbox 3768 860 3772 865; x_wconf 83' lang='grc'><strong><em>,</em></strong></span> 
     </span>
    </p>
   </div>
   <div class='ocr_carea' id='block_1_21' title="bbox 2080 894 3731 968">
    <p class='ocr_par' dir='ltr' id='par_1_21' title="bbox 2080 894 3731 968">
     <span class='ocr_line' id='line_1_21' title="bbox 2080 894 3731 968; baseline 0 -17"><span class='ocrx_word' id='word_1_147' title='bbox 2080 896 2336 967; x_wconf 89' lang='lat' dir='ltr'>pernicie</span> <span class='ocrx_word' id='word_1_148' title='bbox 2368 895 2519 951; x_wconf 91' lang='lat' dir='ltr'>ultra</span> <span class='ocrx_word' id='word_1_149' title='bbox 2548 896 2784 952; x_wconf 88' lang='lat' dir='ltr'>retineri</span> <span class='ocrx_word' id='word_1_150' title='bbox 2833 895 3077 967; x_wconf 84' lang='lat' dir='ltr'>queunt)</span> <span class='ocrx_word' id='word_1_151' title='bbox 3122 894 3375 968; x_wconf 89' lang='lat' dir='ltr'>putridis</span> <span class='ocrx_word' id='word_1_152' title='bbox 3430 896 3731 967; x_wconf 88' lang='lat' dir='ltr'>membris,</span> 
     </span>
    </p>
   </div>
   <div class='ocr_carea' id='block_1_22' title="bbox 2080 984 3732 1057">
    <p class='ocr_par' dir='ltr' id='par_1_22' title="bbox 2080 984 3732 1057">
     <span class='ocr_line' id='line_1_22' title="bbox 2080 984 3732 1057; baseline 0.001 -17"><span class='ocrx_word' id='word_1_153' title='bbox 2080 984 2315 1057; x_wconf 66' lang='lat' dir='ltr'>reliqum</span> <span class='ocrx_word' id='word_1_154' title='bbox 2347 991 2540 1057; x_wconf 87' lang='lat' dir='ltr'>partes</span> <span class='ocrx_word' id='word_1_155' title='bbox 2561 990 2995 1042; x_wconf 88' lang='lat' dir='ltr'>conserventur.</span> <span class='ocrx_word' id='word_1_156' title='bbox 3029 984 3169 1050; x_wconf 86' lang='lat' dir='ltr'>Quis</span> <span class='ocrx_word' id='word_1_157' title='bbox 3192 989 3386 1041; x_wconf 86' lang='lat' dir='ltr'>autem</span> <span class='ocrx_word' id='word_1_158' title='bbox 3415 1002 3527 1041; x_wconf 93' lang='lat' dir='ltr'>non</span> <span class='ocrx_word' id='word_1_159' title='bbox 3555 986 3732 1057; x_wconf 89' lang='lat' dir='ltr'>videt,</span> 
     </span>
    </p>
   </div>
   <div class='ocr_carea' id='block_1_23' title="bbox 2078 1074 3733 1147">
    <p class='ocr_par' dir='ltr' id='par_1_23' title="bbox 2078 1074 3733 1147">
     <span class='ocr_line' id='line_1_23' title="bbox 2078 1074 3733 1147; baseline 0.001 -18"><span class='ocrx_word' id='word_1_160' title='bbox 2078 1080 2366 1147; x_wconf 89' lang='lat' dir='ltr'>quantum</span> <span class='ocrx_word' id='word_1_161' title='bbox 2400 1075 2503 1130; x_wconf 91' lang='lat' dir='ltr'>tibi</span> <span class='ocrx_word' id='word_1_162' title='bbox 2552 1074 2771 1131; x_wconf 91' lang='lat' dir='ltr'>laboris</span> <span class='ocrx_word' id='word_1_163' title='bbox 2826 1075 3235 1146; x_wconf 87' lang='lat' dir='ltr'>perferendum</span> <span class='ocrx_word' id='word_1_164' title='bbox 3295 1074 3393 1143; x_wconf 89' lang='lat' dir='ltr'>sit,</span> <span class='ocrx_word' id='word_1_165' title='bbox 3445 1080 3733 1147; x_wconf 90' lang='lat' dir='ltr'>quantum</span> 
     </span>
    </p>
   </div>
   <div class='ocr_carea' id='block_1_24' title="bbox 2076 1163 3731 1235">
    <p class='ocr_par' dir='ltr' id='par_1_24' title="bbox 2076 1163 3731 1235">
     <span class='ocr_line' id='line_1_24' title="bbox 2076 1163 3731 1235; baseline 0.001 -16"><span class='ocrx_word' id='word_1_166' title='bbox 2076 1164 2469 1219; x_wconf 86' lang='lat' dir='ltr'>dimicationis</span> <span class='ocrx_word' id='word_1_167' title='bbox 2501 1165 2896 1234; x_wconf 89' lang='lat' dir='ltr'>subeundum,</span> <span class='ocrx_word' id='word_1_168' title='bbox 2930 1168 2995 1219; x_wconf 89' lang='lat' dir='ltr'>ut</span> <span class='ocrx_word' id='word_1_169' title='bbox 3023 1167 3108 1219; x_wconf 87' lang='lat' dir='ltr'>tot</span> <span class='ocrx_word' id='word_1_170' title='bbox 3128 1163 3594 1235; x_wconf 87' lang='lat' dir='ltr'>Achitophelium</span> <span class='ocrx_word' id='word_1_171' title='bbox 3622 1166 3731 1221; x_wconf 88' lang='lat' dir='ltr'>sub</span> 
     </span>
    </p>
   </div>
   <div class='ocr_carea' id='block_1_25' title="bbox 2073 1252 3730 1324">
    <p class='ocr_par' dir='ltr' id='par_1_25' title="bbox 2073 1252 3730 1324">
     <span class='ocr_line' id='line_1_25' title="bbox 2073 1252 3730 1324; baseline 0.001 -16"><span class='ocrx_word' id='word_1_172' title='bbox 2073 1252 2244 1324; x_wconf 87' lang='lat' dir='ltr'>vulpe</span> <span class='ocrx_word' id='word_1_173' title='bbox 2275 1253 2580 1309; x_wconf 87' lang='lat' dir='ltr'>latentium</span> <span class='ocrx_word' id='word_1_174' title='bbox 2615 1253 2859 1308; x_wconf 91' lang='lat' dir='ltr'>consilia</span> <span class='ocrx_word' id='word_1_175' title='bbox 2889 1254 3179 1324; x_wconf 80' lang='lat' dir='ltr'>dissipes;</span> <span class='ocrx_word' id='word_1_176' title='bbox 3237 1259 3293 1309; x_wconf 89' lang='lat' dir='ltr'>et</span> <span class='ocrx_word' id='word_1_177' title='bbox 3322 1253 3465 1309; x_wconf 90' lang='lat' dir='ltr'>dum</span> <span class='ocrx_word' id='word_1_178' title='bbox 3521 1253 3620 1309; x_wconf 89' lang='lat' dir='ltr'>alii</span> <span class='ocrx_word' id='word_1_179' title='bbox 3672 1254 3730 1310; x_wconf 91' lang='lat' dir='ltr'>in</span> 
     </span>
    </p>
   </div>
   <div class='ocr_carea' id='block_1_26' title="bbox 2075 1342 3728 1415">
    <p class='ocr_par' dir='ltr' id='par_1_26' title="bbox 2075 1342 3728 1415">
     <span class='ocr_line' id='line_1_26' title="bbox 2075 1342 3728 1415; baseline 0.001 -19"><span class='ocrx_word' id='word_1_180' title='bbox 2075 1348 2272 1414; x_wconf 89' lang='lat' dir='ltr'>aperto</span> <span class='ocrx_word' id='word_1_181' title='bbox 2301 1342 2449 1398; x_wconf 91' lang='lat' dir='ltr'>bello</span> <span class='ocrx_word' id='word_1_182' title='bbox 2480 1343 2769 1415; x_wconf 89' lang='lat' dir='ltr'>egregiam</span> <span class='ocrx_word' id='word_1_183' title='bbox 2817 1342 3150 1413; x_wconf 67' lang='lat' dir='ltr'>reipublicae</span> <span class='ocrx_word' id='word_1_184' title='bbox 3200 1359 3436 1414; x_wconf 85' lang='lat' dir='ltr'>operam</span> <span class='ocrx_word' id='word_1_185' title='bbox 3490 1348 3728 1411; x_wconf 83' lang='lat' dir='ltr'>navant,</span> 
     </span>
    </p>
   </div>
   <div class='ocr_carea' id='block_1_27' title="bbox 2073 1430 3730 1501">
    <p class='ocr_par' dir='ltr' id='par_1_27' title="bbox 2073 1430 3730 1501">
     <span class='ocr_line' id='line_1_27' title="bbox 2073 1430 3730 1501; baseline 0.001 -15"><span class='ocrx_word' id='word_1_186' title='bbox 2073 1432 2377 1500; x_wconf 88' lang='lat' dir='ltr'>provideas</span> <span class='ocrx_word' id='word_1_187' title='bbox 2410 1431 2665 1499; x_wconf 90' lang='lat' dir='ltr'>interim,</span> <span class='ocrx_word' id='word_1_188' title='bbox 2701 1449 2770 1486; x_wconf 89' lang='lat' dir='ltr'>ne</span> <span class='ocrx_word' id='word_1_189' title='bbox 2802 1430 2937 1501; x_wconf 91' lang='lat' dir='ltr'>quid</span> <span class='ocrx_word' id='word_1_190' title='bbox 2971 1431 3042 1485; x_wconf 90' lang='lat' dir='ltr'>ab</span> <span class='ocrx_word' id='word_1_191' title='bbox 3074 1430 3315 1485; x_wconf 90' lang='lat' dir='ltr'>occultis</span> <span class='ocrx_word' id='word_1_192' title='bbox 3348 1431 3618 1487; x_wconf 87' lang='lat' dir='ltr'>hostibus</span> <span class='ocrx_word' id='word_1_193' title='bbox 3660 1449 3730 1488; x_wconf 87' lang='lat' dir='ltr'>ea</span> 
     </span>
    </p>
   </div>
   <div class='ocr_carea' id='block_1_28' title="bbox 2071 1518 3721 1591">
    <p class='ocr_par' dir='ltr' id='par_1_28' title="bbox 2071 1518 3721 1591">
     <span class='ocr_line' id='line_1_28' title="bbox 2071 1518 3721 1591; baseline 0.002 -19"><span class='ocrx_word' id='word_1_194' title='bbox 2071 1520 2403 1573; x_wconf 90' lang='lat' dir='ltr'>detrimenti</span> <span class='ocrx_word' id='word_1_195' title='bbox 2435 1518 2740 1591; x_wconf 84' lang='lat' dir='ltr'>patiatur?</span> <span class='ocrx_word' id='word_1_196' title='bbox 2768 1519 2866 1574; x_wconf 88' lang='lat' dir='ltr'>Est</span> <span class='ocrx_word' id='word_1_197' title='bbox 2897 1518 3131 1590; x_wconf 87' lang='lat' dir='ltr'>quidem</span> <span class='ocrx_word' id='word_1_198' title='bbox 3158 1519 3397 1574; x_wconf 91' lang='lat' dir='ltr'>omnino</span> <span class='ocrx_word' id='word_1_199' title='bbox 3442 1536 3616 1591; x_wconf 92' lang='lat' dir='ltr'>grave</span> <span class='ocrx_word' id='word_1_200' title='bbox 3655 1538 3721 1576; x_wconf 91' lang='lat' dir='ltr'>ac</span> 
     </span>
    </p>
   </div>
   <div class='ocr_carea' id='block_1_29' title="bbox 2070 1606 3725 1679">
    <p class='ocr_par' dir='ltr' id='par_1_29' title="bbox 2070 1606 3725 1679">
     <span class='ocr_line' id='line_1_29' title="bbox 2070 1606 3725 1679; baseline 0.001 -17"><span class='ocrx_word' id='word_1_201' title='bbox 2070 1606 2378 1663; x_wconf 85' lang='lat' dir='ltr'>molestum</span> <span class='ocrx_word' id='word_1_202' title='bbox 2405 1608 2475 1674; x_wconf 92' lang='lat' dir='ltr'>ei,</span> <span class='ocrx_word' id='word_1_203' title='bbox 2503 1607 2601 1679; x_wconf 91' lang='lat' dir='ltr'>qui</span> <span class='ocrx_word' id='word_1_204' title='bbox 2623 1625 2690 1663; x_wconf 83' lang='lat' dir='ltr'><strong>ex</strong></span> <span class='ocrx_word' id='word_1_205' title='bbox 2712 1607 3078 1679; x_wconf 88' lang='lat' dir='ltr'>publicorum</span> <span class='ocrx_word' id='word_1_206' title='bbox 3106 1608 3470 1679; x_wconf 87' lang='lat' dir='ltr'>negotiorum</span> <span class='ocrx_word' id='word_1_207' title='bbox 3499 1608 3725 1664; x_wconf 89' lang='lat' dir='ltr'>tumul-</span> 
     </span>
    </p>
   </div>
   <div class='ocr_carea' id='block_1_30' title="bbox 313 1694 3724 1798">
    <p class='ocr_par' dir='ltr' id='par_1_30' title="bbox 313 1694 3724 1798">
     <span class='ocr_line' id='line_1_30' title="bbox 313 1694 3724 1798; baseline 0.001 -46"><span class='ocrx_word' id='word_1_208' title='bbox 313 1698 491 1796; x_wconf 80' lang='lat' dir='ltr'>nibus</span> <span class='ocrx_word' id='word_1_209' title='bbox 518 1698 645 1768; x_wconf 90' lang='lat' dir='ltr'>teri,</span> <span class='ocrx_word' id='word_1_210' title='bbox 674 1714 845 1768; x_wconf 85' lang='lat' dir='ltr'>quam</span> <span class='ocrx_word' id='word_1_211' title='bbox 883 1696 1202 1798; x_wconf 63' lang='lat' dir='ltr'>singularis</span> <span class='ocrx_word' id='word_1_212' title='bbox 1234 1694 1421 1794; x_wconf 77' lang='lat' dir='ltr'>ipsius</span> <span class='ocrx_word' id='word_1_213' title='bbox 1454 1695 1725 1749; x_wconf 84' lang='lat' dir='ltr'>facundia</span> <span class='ocrx_word' id='word_1_214' title='bbox 1782 1700 1956 1765; x_wconf 89' lang='lat' dir='ltr'>atque</span> <span class='ocrx_word' id='word_1_215' title='bbox 1990 1734 2034 1798; x_wconf 78' lang='grc' dir='ltr'><strong>Β</strong></span> <span class='ocrx_word' id='word_1_216' title='bbox 2066 1697 2225 1798; x_wconf 67' lang='lat' dir='ltr'>tibus</span> <span class='ocrx_word' id='word_1_217' title='bbox 2257 1698 2328 1798; x_wconf 77' lang='lat' dir='ltr'>ad</span> <span class='ocrx_word' id='word_1_218' title='bbox 2361 1698 2690 1752; x_wconf 87' lang='lat' dir='ltr'>studiorum</span> <span class='ocrx_word' id='word_1_219' title='bbox 2718 1697 2963 1796; x_wconf 73' lang='lat' dir='ltr'>vitasque</span> <span class='ocrx_word' id='word_1_220' title='bbox 2995 1696 3487 1798; x_wconf 73' lang='lat' dir='ltr'>tranquillitatem</span> <span class='ocrx_word' id='word_1_221' title='bbox 3529 1697 3724 1769; x_wconf 82' lang='lat' dir='ltr'>(cujus</span> 
     </span>
    </p>
   </div>
   <div class='ocr_carea' id='block_1_31' title="bbox 314 1784 1955 1855">
    <p class='ocr_par' dir='ltr' id='par_1_31' title="bbox 314 1784 1955 1855">
     <span class='ocr_line' id='line_1_31' title="bbox 314 1784 1955 1855; baseline 0 -16"><span class='ocrx_word' id='word_1_222' title='bbox 314 1787 576 1841; x_wconf 89' lang='lat' dir='ltr'>doctrina</span> <span class='ocrx_word' id='word_1_223' title='bbox 609 1788 957 1841; x_wconf 89' lang='lat' dir='ltr'>merebatur.</span> <span class='ocrx_word' id='word_1_224' title='bbox 992 1786 1171 1855; x_wconf 84' lang='lat' dir='ltr'>Cujus</span> <span class='ocrx_word' id='word_1_225' title='bbox 1224 1784 1300 1838; x_wconf 92' lang='lat' dir='ltr'>rei</span> <span class='ocrx_word' id='word_1_226' title='bbox 1349 1800 1481 1839; x_wconf 91' lang='lat' dir='ltr'>cum</span> <span class='ocrx_word' id='word_1_227' title='bbox 1534 1800 1660 1838; x_wconf 91' lang='lat' dir='ltr'>eam</span> <span class='ocrx_word' id='word_1_228' title='bbox 1719 1800 1955 1839; x_wconf 84' lang='lat' dir='ltr'>causam</span> 
     </span>
    </p>
   </div>
   <div class='ocr_carea' id='block_1_32' title="bbox 314 1873 1956 1946">
    <p class='ocr_par' dir='ltr' id='par_1_32' title="bbox 314 1873 1956 1946">
     <span class='ocr_line' id='line_1_32' title="bbox 314 1873 1956 1946; baseline -0.001 -17"><span class='ocrx_word' id='word_1_229' title='bbox 314 1891 441 1930; x_wconf 89' lang='lat' dir='ltr'>esse</span> <span class='ocrx_word' id='word_1_230' title='bbox 472 1874 905 1943; x_wconf 65' lang='lat' dir='ltr'>intellexissem,</span> <span class='ocrx_word' id='word_1_231' title='bbox 940 1875 1094 1946; x_wconf 91' lang='lat' dir='ltr'>quod</span> <span class='ocrx_word' id='word_1_232' title='bbox 1130 1874 1208 1927; x_wconf 87' lang='lat' dir='ltr'>ita</span> <span class='ocrx_word' id='word_1_233' title='bbox 1239 1873 1545 1927; x_wconf 80' lang='lat' dir='ltr'>Latinitate</span> <span class='ocrx_word' id='word_1_234' title='bbox 1575 1874 1827 1927; x_wconf 88' lang='lat' dir='ltr'>donatus</span> <span class='ocrx_word' id='word_1_235' title='bbox 1868 1890 1956 1929; x_wconf 88' lang='lat' dir='ltr'>es-</span> 
     </span>
    </p>
   </div>
   <div class='ocr_carea' id='block_1_33' title="bbox 313 1962 1954 2034">
    <p class='ocr_par' dir='ltr' id='par_1_33' title="bbox 313 1962 1954 2034">
     <span class='ocr_line' id='line_1_33' title="bbox 313 1962 1954 2034; baseline -0.002 -15"><span class='ocrx_word' id='word_1_236' title='bbox 313 1970 421 2030; x_wconf 90' lang='lat' dir='ltr'>set,</span> <span class='ocrx_word' id='word_1_237' title='bbox 447 1970 510 2017; x_wconf 90' lang='lat' dir='ltr'>ut</span> <span class='ocrx_word' id='word_1_238' title='bbox 531 1964 932 2034; x_wconf 79' lang='lat' dir='ltr'>theologorum</span> <span class='ocrx_word' id='word_1_239' title='bbox 954 1962 1151 2017; x_wconf 88' lang='lat' dir='ltr'>studia</span> <span class='ocrx_word' id='word_1_240' title='bbox 1174 1962 1486 2016; x_wconf 87' lang='lat' dir='ltr'>minimum</span> <span class='ocrx_word' id='word_1_241' title='bbox 1504 1963 1707 2032; x_wconf 87' lang='lat' dir='ltr'>juvare</span> <span class='ocrx_word' id='word_1_242' title='bbox 1739 1967 1954 2033; x_wconf 89' lang='lat' dir='ltr'>posset,</span> 
     </span>
    </p>
   </div>
   <div class='ocr_carea' id='block_1_34' title="bbox 308 2050 1956 2123">
    <p class='ocr_par' dir='ltr' id='par_1_34' title="bbox 308 2050 1956 2123">
     <span class='ocr_line' id='line_1_34' title="bbox 308 2050 1956 2123; baseline -0.002 -16"><span class='ocrx_word' id='word_1_243' title='bbox 308 2069 543 2123; x_wconf 86' lang='lat' dir='ltr'>operam</span> <span class='ocrx_word' id='word_1_244' title='bbox 564 2055 814 2123; x_wconf 86' lang='lat' dir='ltr'>suscepi,</span> <span class='ocrx_word' id='word_1_245' title='bbox 835 2069 1011 2122; x_wconf 90' lang='lat' dir='ltr'>quam</span> <span class='ocrx_word' id='word_1_246' title='bbox 1036 2051 1114 2105; x_wconf 89' lang='lat' dir='ltr'>rei</span> <span class='ocrx_word' id='word_1_247' title='bbox 1147 2051 1482 2122; x_wconf 67' lang='lat' dir='ltr'>theologicae</span> <span class='ocrx_word' id='word_1_248' title='bbox 1504 2050 1703 2105; x_wconf 82' lang='lat' dir='ltr'>utilem</span> <span class='ocrx_word' id='word_1_249' title='bbox 1739 2052 1956 2120; x_wconf 90' lang='lat' dir='ltr'>nescio,</span> 
     </span>
    </p>
   </div>
   <div class='ocr_carea' id='block_1_35' title="bbox 310 2138 1957 2211">
    <p class='ocr_par' dir='ltr' id='par_1_35' title="bbox 310 2138 1957 2211">
     <span class='ocr_line' id='line_1_35' title="bbox 310 2138 1957 2211; baseline -0.001 -16"><span class='ocrx_word' id='word_1_250' title='bbox 310 2141 455 2196; x_wconf 87' lang='lat' dir='ltr'>mihi</span> <span class='ocrx_word' id='word_1_251' title='bbox 487 2146 637 2197; x_wconf 91' lang='lat' dir='ltr'>certe</span> <span class='ocrx_word' id='word_1_252' title='bbox 667 2143 983 2196; x_wconf 87' lang='lat' dir='ltr'>admodum</span> <span class='ocrx_word' id='word_1_253' title='bbox 1004 2140 1245 2195; x_wconf 86' lang='lat' dir='ltr'>arduam</span> <span class='ocrx_word' id='word_1_254' title='bbox 1266 2157 1329 2195; x_wconf 91' lang='lat' dir='ltr'>ac</span> <span class='ocrx_word' id='word_1_255' title='bbox 1347 2138 1667 2210; x_wconf 76' lang='lat' dir='ltr'>difficilem,</span> <span class='ocrx_word' id='word_1_256' title='bbox 1692 2144 1757 2194; x_wconf 92' lang='lat' dir='ltr'>ut</span> <span class='ocrx_word' id='word_1_257' title='bbox 1778 2156 1957 2211; x_wconf 88' lang='lat' dir='ltr'>quan-</span> 
     </span>
    </p>
   </div>
   <div class='ocr_carea' id='block_1_36' title="bbox 310 2228 1956 2300">
    <p class='ocr_par' dir='ltr' id='par_1_36' title="bbox 310 2228 1956 2300">
     <span class='ocr_line' id='line_1_36' title="bbox 310 2228 1956 2300; baseline 0.002 -17"><span class='ocrx_word' id='word_1_258' title='bbox 310 2235 435 2285; x_wconf 90' lang='lat' dir='ltr'>tum</span> <span class='ocrx_word' id='word_1_259' title='bbox 468 2228 664 2285; x_wconf 89' lang='lat' dir='ltr'>labore</span> <span class='ocrx_word' id='word_1_260' title='bbox 698 2248 761 2284; x_wconf 89' lang='lat' dir='ltr'>ac</span> <span class='ocrx_word' id='word_1_261' title='bbox 805 2229 1108 2299; x_wconf 78' lang='lat' dir='ltr'>diligentia</span> <span class='ocrx_word' id='word_1_262' title='bbox 1165 2230 1444 2298; x_wconf 85' lang='lat' dir='ltr'>consequi</span> <span class='ocrx_word' id='word_1_263' title='bbox 1494 2246 1748 2300; x_wconf 87' lang='lat' dir='ltr'>possem,</span> <span class='ocrx_word' id='word_1_264' title='bbox 1803 2232 1956 2287; x_wconf 86' lang='lat' dir='ltr'>hunc</span> 
     </span>
    </p>
   </div>
   <div class='ocr_carea' id='block_1_37' title="bbox 308 2316 1954 2388">
    <p class='ocr_par' dir='ltr' id='par_1_37' title="bbox 308 2316 1954 2388">
     <span class='ocr_line' id='line_1_37' title="bbox 308 2316 1954 2388; baseline 0.002 -16"><span class='ocrx_word' id='word_1_265' title='bbox 308 2324 603 2374; x_wconf 87' lang='lat' dir='ltr'>auctorem</span> <span class='ocrx_word' id='word_1_266' title='bbox 636 2319 715 2373; x_wconf 91' lang='lat' dir='ltr'>ita</span> <span class='ocrx_word' id='word_1_267' title='bbox 750 2323 1051 2387; x_wconf 88' lang='lat' dir='ltr'>verterem,</span> <span class='ocrx_word' id='word_1_268' title='bbox 1074 2323 1138 2371; x_wconf 93' lang='lat' dir='ltr'>ut</span> <span class='ocrx_word' id='word_1_269' title='bbox 1168 2317 1217 2372; x_wconf 88' lang='lat' dir='ltr'>si</span> <span class='ocrx_word' id='word_1_270' title='bbox 1250 2334 1362 2371; x_wconf 92' lang='lat' dir='ltr'>non</span> <span class='ocrx_word' id='word_1_271' title='bbox 1385 2316 1725 2388; x_wconf 88' lang='lat' dir='ltr'>elegantior,</span> <span class='ocrx_word' id='word_1_272' title='bbox 1756 2320 1954 2376; x_wconf 87' lang='lat' dir='ltr'>minus</span> 
     </span>
    </p>
   </div>
   <div class='ocr_carea' id='block_1_38' title="bbox 306 2407 1952 2477">
    <p class='ocr_par' dir='ltr' id='par_1_38' title="bbox 306 2407 1952 2477">
     <span class='ocr_line' id='line_1_38' title="bbox 306 2407 1952 2477; baseline 0.001 -15"><span class='ocrx_word' id='word_1_273' title='bbox 306 2408 510 2462; x_wconf 88' lang='lat' dir='ltr'>saltem</span> <span class='ocrx_word' id='word_1_274' title='bbox 546 2408 831 2462; x_wconf 90' lang='lat' dir='ltr'>obscurus</span> <span class='ocrx_word' id='word_1_275' title='bbox 892 2408 948 2461; x_wconf 91' lang='lat' dir='ltr'>in</span> <span class='ocrx_word' id='word_1_276' title='bbox 983 2407 1169 2461; x_wconf 88' lang='lat' dir='ltr'>lucem</span> <span class='ocrx_word' id='word_1_277' title='bbox 1204 2407 1476 2477; x_wconf 85' lang='lat' dir='ltr'>prodiret.</span> <span class='ocrx_word' id='word_1_278' title='bbox 1510 2408 1677 2461; x_wconf 90' lang='lat' dir='ltr'>Potui</span> <span class='ocrx_word' id='word_1_279' title='bbox 1711 2414 1863 2463; x_wconf 89' lang='lat' dir='ltr'>certe</span> <span class='ocrx_word' id='word_1_280' title='bbox 1894 2409 1952 2463; x_wconf 91' lang='lat' dir='ltr'>in</span> 
     </span>
    </p>
   </div>
   <div class='ocr_carea' id='block_1_39' title="bbox 306 2494 1953 2565">
    <p class='ocr_par' dir='ltr' id='par_1_39' title="bbox 306 2494 1953 2565">
     <span class='ocr_line' id='line_1_39' title="bbox 306 2494 1953 2565; baseline 0.002 -17"><span class='ocrx_word' id='word_1_281' title='bbox 306 2495 723 2565; x_wconf 86' lang='lat' dir='ltr'>amenioribus,</span> <span class='ocrx_word' id='word_1_282' title='bbox 759 2496 1015 2565; x_wconf 80' lang='lat' dir='ltr'>mihique</span> <span class='ocrx_word' id='word_1_283' title='bbox 1046 2495 1217 2565; x_wconf 91' lang='lat' dir='ltr'>longe</span> <span class='ocrx_word' id='word_1_284' title='bbox 1246 2494 1611 2565; x_wconf 86' lang='lat' dir='ltr'>gravioribus</span> <span class='ocrx_word' id='word_1_285' title='bbox 1660 2497 1953 2552; x_wconf 83' lang='lat' dir='ltr'>scribendi</span> 
     </span>
    </p>
   </div>
   <div class='ocr_carea' id='block_1_40' title="bbox 304 2583 1953 2655">
    <p class='ocr_par' dir='ltr' id='par_1_40' title="bbox 304 2583 1953 2655">
     <span class='ocr_line' id='line_1_40' title="bbox 304 2583 1953 2655; baseline 0.002 -18"><span class='ocrx_word' id='word_1_286' title='bbox 304 2585 666 2655; x_wconf 86' lang='lat' dir='ltr'>argumentis</span> <span class='ocrx_word' id='word_1_287' title='bbox 699 2584 937 2651; x_wconf 87' lang='lat' dir='ltr'>versari,</span> <span class='ocrx_word' id='word_1_288' title='bbox 971 2584 1069 2637; x_wconf 88' lang='lat' dir='ltr'>sed</span> <span class='ocrx_word' id='word_1_289' title='bbox 1103 2584 1238 2637; x_wconf 86' lang='lat' dir='ltr'>vicit</span> <span class='ocrx_word' id='word_1_290' title='bbox 1260 2583 1506 2653; x_wconf 68' lang='lat' dir='ltr'>publicae</span> <span class='ocrx_word' id='word_1_291' title='bbox 1540 2583 1806 2639; x_wconf 71' lang='lat' dir='ltr'>utilitatis</span> <span class='ocrx_word' id='word_1_292' title='bbox 1829 2589 1953 2640; x_wconf 90' lang='lat' dir='ltr'>stu-</span> 
     </span>
    </p>
   </div>
   <div class='ocr_carea' id='block_1_41' title="bbox 305 2671 1953 2751">
    <p class='ocr_par' dir='ltr' id='par_1_41' title="bbox 305 2671 1953 2751">
     <span class='ocr_line' id='line_1_41' title="bbox 305 2671 1953 2751; baseline 0.003 -26"><span class='ocrx_word' id='word_1_293' title='bbox 305 2672 491 2738; x_wconf 90' lang='lat' dir='ltr'>dium,</span> <span class='ocrx_word' id='word_1_294' title='bbox 516 2673 607 2728; x_wconf 92' lang='lat' dir='ltr'>cui</span> <span class='ocrx_word' id='word_1_295' title='bbox 632 2690 734 2744; x_wconf 90' lang='lat' dir='ltr'>pro</span> <span class='ocrx_word' id='word_1_296' title='bbox 757 2674 904 2726; x_wconf 90' lang='lat' dir='ltr'>virili</span> <span class='ocrx_word' id='word_1_297' title='bbox 931 2671 1367 2751; x_wconf 33' lang='lat' dir='ltr'>parteloptimus</span> <span class='ocrx_word' id='word_1_298' title='bbox 1385 2671 1635 2743; x_wconf 91' lang='lat' dir='ltr'>quisque</span> <span class='ocrx_word' id='word_1_299' title='bbox 1674 2672 1953 2730; x_wconf 87' lang='lat' dir='ltr'>inservire</span> 
     </span>
    </p>
   </div>
   <div class='ocr_carea' id='block_1_42' title="bbox 305 2760 1951 2834">
    <p class='ocr_par' dir='ltr' id='par_1_42' title="bbox 305 2760 1951 2834">
     <span class='ocr_line' id='line_1_42' title="bbox 305 2760 1951 2834; baseline 0.001 -19"><span class='ocrx_word' id='word_1_300' title='bbox 305 2761 495 2817; x_wconf 89' lang='lat' dir='ltr'>debet.</span> <span class='ocrx_word' id='word_1_301' title='bbox 530 2761 643 2816; x_wconf 90' lang='lat' dir='ltr'>Nec</span> <span class='ocrx_word' id='word_1_302' title='bbox 673 2779 804 2816; x_wconf 74' lang='lat' dir='ltr'>vero</span> <span class='ocrx_word' id='word_1_303' title='bbox 826 2779 1026 2817; x_wconf 83' lang='lat' dir='ltr'>eorum</span> <span class='ocrx_word' id='word_1_304' title='bbox 1055 2762 1299 2831; x_wconf 83' lang='lat' dir='ltr'>labores,</span> <span class='ocrx_word' id='word_1_305' title='bbox 1334 2760 1430 2831; x_wconf 91' lang='lat' dir='ltr'>qui</span> <span class='ocrx_word' id='word_1_306' title='bbox 1464 2761 1521 2815; x_wconf 89' lang='lat' dir='ltr'>in</span> <span class='ocrx_word' id='word_1_307' title='bbox 1555 2762 1662 2815; x_wconf 90' lang='lat' dir='ltr'>hoc</span> <span class='ocrx_word' id='word_1_308' title='bbox 1702 2762 1951 2834; x_wconf 87' lang='lat' dir='ltr'>pistrino</span> 
     </span>
    </p>
   </div>
   <div class='ocr_carea' id='block_1_43' title="bbox 305 2849 1951 2923">
    <p class='ocr_par' dir='ltr' id='par_1_43' title="bbox 305 2849 1951 2923">
     <span class='ocr_line' id='line_1_43' title="bbox 305 2849 1951 2923; baseline 0.001 -19"><span class='ocrx_word' id='word_1_309' title='bbox 305 2856 437 2905; x_wconf 88' lang='lat' dir='ltr'>ante</span> <span class='ocrx_word' id='word_1_310' title='bbox 460 2868 551 2906; x_wconf 89' lang='lat' dir='ltr'>me</span> <span class='ocrx_word' id='word_1_311' title='bbox 576 2853 957 2917; x_wconf 83' lang='lat' dir='ltr'>desudarunt,</span> <span class='ocrx_word' id='word_1_312' title='bbox 982 2849 1213 2904; x_wconf 85' lang='lat' dir='ltr'>elevabo</span> <span class='ocrx_word' id='word_1_313' title='bbox 1243 2866 1307 2904; x_wconf 90' lang='lat' dir='ltr'>ac</span> <span class='ocrx_word' id='word_1_314' title='bbox 1331 2849 1679 2921; x_wconf 85' lang='lat' dir='ltr'>suggillabo,</span> <span class='ocrx_word' id='word_1_315' title='bbox 1704 2852 1773 2905; x_wconf 90' lang='lat' dir='ltr'>ad</span> <span class='ocrx_word' id='word_1_316' title='bbox 1807 2869 1951 2923; x_wconf 92' lang='lat' dir='ltr'>quo-</span> 
     </span>
    </p>
   </div>
   <div class='ocr_carea' id='block_1_44' title="bbox 301 2937 1952 3010">
    <p class='ocr_par' dir='ltr' id='par_1_44' title="bbox 301 2937 1952 3010">
     <span class='ocr_line' id='line_1_44' title="bbox 301 2937 1952 3010; baseline 0.003 -19"><span class='ocrx_word' id='word_1_317' title='bbox 301 2954 433 2991; x_wconf 88' lang='lat' dir='ltr'>rum</span> <span class='ocrx_word' id='word_1_318' title='bbox 466 2938 853 3010; x_wconf 87' lang='lat' dir='ltr'>eloquentiam</span> <span class='ocrx_word' id='word_1_319' title='bbox 888 2939 1278 3009; x_wconf 71' lang='lat' dir='ltr'>doctrinaeque</span> <span class='ocrx_word' id='word_1_320' title='bbox 1309 2937 1539 2992; x_wconf 88' lang='lat' dir='ltr'>laudem</span> <span class='ocrx_word' id='word_1_321' title='bbox 1575 2955 1665 2991; x_wconf 86' lang='lat' dir='ltr'>me</span> <span class='ocrx_word' id='word_1_322' title='bbox 1710 2940 1952 2996; x_wconf 87' lang='lat' dir='ltr'>minime</span> 
     </span>
    </p>
   </div>
   <div class='ocr_carea' id='block_1_45' title="bbox 301 3025 1948 3097">
    <p class='ocr_par' dir='ltr' id='par_1_45' title="bbox 301 3025 1948 3097">
     <span class='ocr_line' id='line_1_45' title="bbox 301 3025 1948 3097; baseline -0.001 -17"><span class='ocrx_word' id='word_1_323' title='bbox 301 3026 559 3097; x_wconf 88' lang='lat' dir='ltr'>aspirare</span> <span class='ocrx_word' id='word_1_324' title='bbox 592 3042 760 3096; x_wconf 86' lang='lat' dir='ltr'>posse</span> <span class='ocrx_word' id='word_1_325' title='bbox 787 3027 993 3094; x_wconf 87' lang='lat' dir='ltr'>sentio,</span> <span class='ocrx_word' id='word_1_326' title='bbox 1024 3025 1394 3095; x_wconf 84' lang='lat' dir='ltr'>ingenueque</span> <span class='ocrx_word' id='word_1_327' title='bbox 1428 3027 1627 3079; x_wconf 82' lang='lat' dir='ltr'>fateor.</span> <span class='ocrx_word' id='word_1_328' title='bbox 1680 3026 1790 3080; x_wconf 84' lang='lat' dir='ltr'>Hoc</span> <span class='ocrx_word' id='word_1_329' title='bbox 1821 3031 1948 3080; x_wconf 89' lang='lat' dir='ltr'>tan-</span> 
     </span>
    </p>
   </div>
   <div class='ocr_carea' id='block_1_46' title="bbox 2070 1785 3723 1857">
    <p class='ocr_par' dir='ltr' id='par_1_46' title="bbox 2070 1785 3723 1857">
     <span class='ocr_line' id='line_1_46' title="bbox 2070 1785 3723 1857; baseline 0.001 -17"><span class='ocrx_word' id='word_1_330' title='bbox 2070 1785 2437 1842; x_wconf 89' lang='lat' dir='ltr'>dulcedinem</span> <span class='ocrx_word' id='word_1_331' title='bbox 2465 1803 2633 1841; x_wconf 81' lang='lat' dir='ltr'>nemo</span> <span class='ocrx_word' id='word_1_332' title='bbox 2665 1785 2793 1854; x_wconf 90' lang='lat' dir='ltr'>scit,</span> <span class='ocrx_word' id='word_1_333' title='bbox 2830 1786 2941 1840; x_wconf 90' lang='lat' dir='ltr'>nisi</span> <span class='ocrx_word' id='word_1_334' title='bbox 2974 1786 3072 1857; x_wconf 91' lang='lat' dir='ltr'>qui</span> <span class='ocrx_word' id='word_1_335' title='bbox 3106 1785 3382 1857; x_wconf 80' lang='lat' dir='ltr'>gustavit)</span> <span class='ocrx_word' id='word_1_336' title='bbox 3414 1803 3543 1842; x_wconf 90' lang='lat' dir='ltr'>sese</span> <span class='ocrx_word' id='word_1_337' title='bbox 3564 1804 3723 1843; x_wconf 87' lang='lat' dir='ltr'>asse-</span> 
     </span>
    </p>
   </div>
   <div class='ocr_carea' id='block_1_47' title="bbox 2069 1874 3723 1946">
    <p class='ocr_par' dir='ltr' id='par_1_47' title="bbox 2069 1874 3723 1946">
     <span class='ocr_line' id='line_1_47' title="bbox 2069 1874 3723 1946; baseline 0.001 -17"><span class='ocrx_word' id='word_1_338' title='bbox 2069 1877 2272 1945; x_wconf 88' lang='lat' dir='ltr'>ruerit,</span> <span class='ocrx_word' id='word_1_339' title='bbox 2297 1893 2366 1930; x_wconf 85' lang='lat' dir='ltr'>ex</span> <span class='ocrx_word' id='word_1_340' title='bbox 2388 1876 2494 1930; x_wconf 90' lang='lat' dir='ltr'>hoc</span> <span class='ocrx_word' id='word_1_341' title='bbox 2516 1875 2729 1946; x_wconf 89' lang='lat' dir='ltr'>quietis</span> <span class='ocrx_word' id='word_1_342' title='bbox 2747 1874 2901 1929; x_wconf 87' lang='lat' dir='ltr'>velut</span> <span class='ocrx_word' id='word_1_343' title='bbox 2922 1875 3190 1946; x_wconf 83' lang='lat' dir='ltr'>paradiso</span> <span class='ocrx_word' id='word_1_344' title='bbox 3239 1876 3493 1945; x_wconf 89' lang='lat' dir='ltr'>quodam</span> <span class='ocrx_word' id='word_1_345' title='bbox 3528 1880 3723 1931; x_wconf 84' lang='lat' dir='ltr'>extur-</span> 
     </span>
    </p>
   </div>
   <div class='ocr_carea' id='block_1_48' title="bbox 2068 1962 3720 2035">
    <p class='ocr_par' dir='ltr' id='par_1_48' title="bbox 2068 1962 3720 2035">
     <span class='ocr_line' id='line_1_48' title="bbox 2068 1962 3720 2035; baseline 0.001 -16"><span class='ocrx_word' id='word_1_346' title='bbox 2068 1965 2214 2032; x_wconf 89' lang='lat' dir='ltr'>bari,</span> <span class='ocrx_word' id='word_1_347' title='bbox 2235 1970 2409 2035; x_wconf 91' lang='lat' dir='ltr'>atque</span> <span class='ocrx_word' id='word_1_348' title='bbox 2429 1965 2498 2019; x_wconf 91' lang='lat' dir='ltr'>ad</span> <span class='ocrx_word' id='word_1_349' title='bbox 2525 1963 2890 2035; x_wconf 89' lang='lat' dir='ltr'>publicarum</span> <span class='ocrx_word' id='word_1_350' title='bbox 2910 1979 3099 2017; x_wconf 90' lang='lat' dir='ltr'>rerum</span> <span class='ocrx_word' id='word_1_351' title='bbox 3124 1962 3720 2035; x_wconf 88' lang='lat' dir='ltr'>administrationem,</span> 
     </span>
    </p>
   </div>
   <div class='ocr_carea' id='block_1_49' title="bbox 2068 2051 3719 2120">
    <p class='ocr_par' dir='ltr' id='par_1_49' title="bbox 2068 2051 3719 2120">
     <span class='ocr_line' id='line_1_49' title="bbox 2068 2051 3719 2120; baseline 0 -13"><span class='ocrx_word' id='word_1_352' title='bbox 2068 2058 2153 2109; x_wconf 92' lang='lat' dir='ltr'>tot</span> <span class='ocrx_word' id='word_1_353' title='bbox 2178 2053 2465 2108; x_wconf 90' lang='lat' dir='ltr'>molestiis</span> <span class='ocrx_word' id='word_1_354' title='bbox 2499 2054 2794 2118; x_wconf 80' lang='lat' dir='ltr'>refertam,</span> <span class='ocrx_word' id='word_1_355' title='bbox 2828 2056 2913 2106; x_wconf 91' lang='lat' dir='ltr'>tot</span> <span class='ocrx_word' id='word_1_356' title='bbox 2943 2051 3247 2106; x_wconf 90' lang='lat' dir='ltr'>hominum</span> <span class='ocrx_word' id='word_1_357' title='bbox 3273 2052 3442 2120; x_wconf 88' lang='lat' dir='ltr'>odiis,</span> <span class='ocrx_word' id='word_1_358' title='bbox 3465 2052 3719 2107; x_wconf 70' lang='lat' dir='ltr'>invidias-</span> 
     </span>
    </p>
   </div>
   <div class='ocr_carea' id='block_1_50' title="bbox 2067 2140 2765 2214">
    <p class='ocr_par' dir='ltr' id='par_1_50' title="bbox 2067 2140 2765 2214">
     <span class='ocr_line' id='line_1_50' title="bbox 2067 2140 2765 2214; baseline 0.004 -20"><span class='ocrx_word' id='word_1_359' title='bbox 2067 2159 2181 2214; x_wconf 84' lang='lat' dir='ltr'>que</span> <span class='ocrx_word' id='word_1_360' title='bbox 2212 2142 2560 2214; x_wconf 89' lang='lat' dir='ltr'>expositam,</span> <span class='ocrx_word' id='word_1_361' title='bbox 2590 2140 2765 2197; x_wconf 89' lang='lat' dir='ltr'>trahi.</span> 
     </span>
    </p>
   </div>
   <div class='ocr_carea' id='block_1_51' title="bbox 2135 2228 3716 2296">
    <p class='ocr_par' dir='ltr' id='par_1_51' title="bbox 2135 2228 3716 2296">
     <span class='ocr_line' id='line_1_51' title="bbox 2135 2228 3716 2296; baseline 0 -10"><span class='ocrx_word' id='word_1_362' title='bbox 2135 2231 2352 2287; x_wconf 90' lang='lat' dir='ltr'>Verum</span> <span class='ocrx_word' id='word_1_363' title='bbox 2388 2231 2642 2287; x_wconf 89' lang='lat' dir='ltr'>hominis</span> <span class='ocrx_word' id='word_1_364' title='bbox 2670 2235 2758 2286; x_wconf 91' lang='lat' dir='ltr'>est</span> <span class='ocrx_word' id='word_1_365' title='bbox 2787 2246 2918 2285; x_wconf 87' lang='lat' dir='ltr'>vere</span> <span class='ocrx_word' id='word_1_366' title='bbox 2962 2228 3301 2296; x_wconf 87' lang='lat' dir='ltr'>Christiani,</span> <span class='ocrx_word' id='word_1_367' title='bbox 3356 2246 3488 2285; x_wconf 91' lang='lat' dir='ltr'>cum</span> <span class='ocrx_word' id='word_1_368' title='bbox 3536 2231 3716 2286; x_wconf 86' lang='lat' dir='ltr'>Paulo</span> 
     </span>
    </p>
   </div>
   <div class='ocr_carea' id='block_1_52' title="bbox 2068 2319 3711 2393">
    <p class='ocr_par' dir='ltr' id='par_1_52' title="bbox 2068 2319 3711 2393">
     <span class='ocr_line' id='line_1_52' title="bbox 2068 2319 3711 2393; baseline -0.001 -17"><span class='ocrx_word' id='word_1_369' title='bbox 2068 2338 2345 2393; x_wconf 70' lang='lat' dir='ltr'>quaerere,</span> <span class='ocrx_word' id='word_1_370' title='bbox 2367 2338 2479 2376; x_wconf 92' lang='lat' dir='ltr'>non</span> <span class='ocrx_word' id='word_1_371' title='bbox 2505 2322 2656 2391; x_wconf 87' lang='lat' dir='ltr'>quod</span> <span class='ocrx_word' id='word_1_372' title='bbox 2678 2320 2812 2389; x_wconf 88' lang='lat' dir='ltr'>sibi,</span> <span class='ocrx_word' id='word_1_373' title='bbox 2837 2320 2935 2373; x_wconf 88' lang='lat' dir='ltr'>sed</span> <span class='ocrx_word' id='word_1_374' title='bbox 2952 2319 3107 2390; x_wconf 92' lang='lat' dir='ltr'>quod</span> <span class='ocrx_word' id='word_1_375' title='bbox 3134 2319 3334 2375; x_wconf 89' lang='lat' dir='ltr'>multis</span> <span class='ocrx_word' id='word_1_376' title='bbox 3368 2319 3509 2375; x_wconf 90' lang='lat' dir='ltr'>utile</span> <span class='ocrx_word' id='word_1_377' title='bbox 3535 2325 3623 2375; x_wconf 89' lang='lat' dir='ltr'>est</span> <span class='ocrx_word' id='word_1_378' title='bbox 3647 2321 3711 2388; x_wconf 88' lang='grc'>¹“¹,</span> 
     </span>
    </p>
   </div>
   <div class='ocr_carea' id='block_1_53' title="bbox 2054 2405 3715 2478">
    <p class='ocr_par' dir='ltr' id='par_1_53' title="bbox 2054 2405 3715 2478">
     <span class='ocr_line' id='line_1_53' title="bbox 2054 2405 3715 2478; baseline 0.001 -16"><span class='ocrx_word' id='word_1_379' title='bbox 2054 2424 2242 2478; x_wconf 86' lang='lat' dir='ltr'>seque</span> <span class='ocrx_word' id='word_1_380' title='bbox 2272 2412 2460 2463; x_wconf 89' lang='lat' dir='ltr'>totum</span> <span class='ocrx_word' id='word_1_381' title='bbox 2494 2405 2819 2477; x_wconf 73' lang='lat' dir='ltr'>reipublicae</span> <span class='ocrx_word' id='word_1_382' title='bbox 2856 2405 3197 2461; x_wconf 69' lang='lat' dir='ltr'>Christianas</span> <span class='ocrx_word' id='word_1_383' title='bbox 3245 2407 3571 2463; x_wconf 90' lang='lat' dir='ltr'>commodis</span> <span class='ocrx_word' id='word_1_384' title='bbox 3621 2409 3715 2465; x_wconf 91' lang='lat' dir='ltr'>de-</span> 
     </span>
    </p>
   </div>
   <div class='ocr_carea' id='block_1_54' title="bbox 2062 2494 3713 2568">
    <p class='ocr_par' dir='ltr' id='par_1_54' title="bbox 2062 2494 3713 2568">
     <span class='ocr_line' id='line_1_54' title="bbox 2062 2494 3713 2568; baseline 0.001 -17"><span class='ocrx_word' id='word_1_385' title='bbox 2062 2513 2283 2552; x_wconf 90' lang='lat' dir='ltr'>vovere.</span> <span class='ocrx_word' id='word_1_386' title='bbox 2309 2501 2498 2567; x_wconf 84' lang='lat' dir='ltr'>Atque</span> <span class='ocrx_word' id='word_1_387' title='bbox 2520 2494 2663 2550; x_wconf 91' lang='lat' dir='ltr'>illud</span> <span class='ocrx_word' id='word_1_388' title='bbox 2690 2495 2834 2551; x_wconf 88' lang='lat' dir='ltr'>satis</span> <span class='ocrx_word' id='word_1_389' title='bbox 2877 2495 3283 2550; x_wconf 84' lang='lat' dir='ltr'>animadvertit</span> <span class='ocrx_word' id='word_1_390' title='bbox 3330 2496 3581 2568; x_wconf 90' lang='lat' dir='ltr'>insignis</span> <span class='ocrx_word' id='word_1_391' title='bbox 3610 2502 3713 2552; x_wconf 90' lang='lat' dir='ltr'>tua</span> 
     </span>
    </p>
   </div>
   <div class='ocr_carea' id='block_1_55' title="bbox 2061 2583 3711 2658">
    <p class='ocr_par' dir='ltr' id='par_1_55' title="bbox 2061 2583 3711 2658">
     <span class='ocr_line' id='line_1_55' title="bbox 2061 2583 3711 2658; baseline 0 -17"><span class='ocrx_word' id='word_1_392' title='bbox 2061 2587 2391 2658; x_wconf 85' lang='lat' dir='ltr'>prudentia,</span> <span class='ocrx_word' id='word_1_393' title='bbox 2424 2584 2775 2655; x_wconf 89' lang='lat' dir='ltr'>multiplices</span> <span class='ocrx_word' id='word_1_394' title='bbox 2829 2583 2963 2639; x_wconf 88' lang='lat' dir='ltr'>illas</span> <span class='ocrx_word' id='word_1_395' title='bbox 3008 2584 3200 2639; x_wconf 89' lang='lat' dir='ltr'>omnis</span> <span class='ocrx_word' id='word_1_396' title='bbox 3249 2584 3478 2657; x_wconf 90' lang='lat' dir='ltr'>generis</span> <span class='ocrx_word' id='word_1_397' title='bbox 3526 2586 3711 2655; x_wconf 90' lang='lat' dir='ltr'>dotes,</span> 
     </span>
    </p>
   </div>
   <div class='ocr_carea' id='block_1_56' title="bbox 2063 2673 3713 2747">
    <p class='ocr_par' dir='ltr' id='par_1_56' title="bbox 2063 2673 3713 2747">
     <span class='ocr_line' id='line_1_56' title="bbox 2063 2673 3713 2747; baseline -0.001 -17"><span class='ocrx_word' id='word_1_398' title='bbox 2063 2676 2277 2747; x_wconf 91' lang='lat' dir='ltr'>quibus</span> <span class='ocrx_word' id='word_1_399' title='bbox 2309 2680 2361 2730; x_wconf 91' lang='lat' dir='ltr'>te</span> <span class='ocrx_word' id='word_1_400' title='bbox 2412 2675 2693 2730; x_wconf 85' lang='lat' dir='ltr'>Dominus</span> <span class='ocrx_word' id='word_1_401' title='bbox 2720 2673 3038 2743; x_wconf 81' lang='lat' dir='ltr'>exornavit,</span> <span class='ocrx_word' id='word_1_402' title='bbox 3069 2690 3183 2727; x_wconf 90' lang='lat' dir='ltr'>non</span> <span class='ocrx_word' id='word_1_403' title='bbox 3214 2673 3271 2727; x_wconf 95' lang='lat' dir='ltr'>in</span> <span class='ocrx_word' id='word_1_404' title='bbox 3305 2673 3415 2729; x_wconf 90' lang='lat' dir='ltr'>hoc</span> <span class='ocrx_word' id='word_1_405' title='bbox 3444 2673 3548 2728; x_wconf 85' lang='lat' dir='ltr'>tibi</span> <span class='ocrx_word' id='word_1_406' title='bbox 3593 2690 3713 2729; x_wconf 85' lang='lat' dir='ltr'>cre-</span> 
     </span>
    </p>
   </div>
   <div class='ocr_carea' id='block_1_57' title="bbox 2061 2761 3709 2833">
    <p class='ocr_par' dir='ltr' id='par_1_57' title="bbox 2061 2761 3709 2833">
     <span class='ocr_line' id='line_1_57' title="bbox 2061 2761 3709 2833; baseline -0.001 -15"><span class='ocrx_word' id='word_1_407' title='bbox 2061 2764 2213 2819; x_wconf 89' lang='lat' dir='ltr'>ditas</span> <span class='ocrx_word' id='word_1_408' title='bbox 2247 2763 2447 2833; x_wconf 85' lang='lat' dir='ltr'>fuisse,</span> <span class='ocrx_word' id='word_1_409' title='bbox 2481 2768 2662 2817; x_wconf 89' lang='lat' dir='ltr'>uteas</span> <span class='ocrx_word' id='word_1_410' title='bbox 2687 2761 2771 2817; x_wconf 90' lang='lat' dir='ltr'>vel</span> <span class='ocrx_word' id='word_1_411' title='bbox 2804 2762 3039 2817; x_wconf 90' lang='lat' dir='ltr'>sudario</span> <span class='ocrx_word' id='word_1_412' title='bbox 3082 2761 3384 2816; x_wconf 87' lang='lat' dir='ltr'>obvolutas</span> <span class='ocrx_word' id='word_1_413' title='bbox 3415 2778 3479 2816; x_wconf 91' lang='lat' dir='ltr'>ac</span> <span class='ocrx_word' id='word_1_414' title='bbox 3515 2778 3709 2817; x_wconf 91' lang='lat' dir='ltr'>recon-</span> 
     </span>
    </p>
   </div>
   <div class='ocr_carea' id='block_1_58' title="bbox 2062 2850 3709 2923">
    <p class='ocr_par' dir='ltr' id='par_1_58' title="bbox 2062 2850 3709 2923">
     <span class='ocr_line' id='line_1_58' title="bbox 2062 2850 3709 2923; baseline 0.001 -17"><span class='ocrx_word' id='word_1_415' title='bbox 2062 2853 2213 2907; x_wconf 86' lang='lat' dir='ltr'>ditas</span> <span class='ocrx_word' id='word_1_416' title='bbox 2246 2853 2482 2919; x_wconf 86' lang='lat' dir='ltr'>habeas,</span> <span class='ocrx_word' id='word_1_417' title='bbox 2515 2851 2601 2907; x_wconf 92' lang='lat' dir='ltr'>vel</span> <span class='ocrx_word' id='word_1_418' title='bbox 2648 2858 2809 2906; x_wconf 68' lang='lat' dir='ltr'>terras</span> <span class='ocrx_word' id='word_1_419' title='bbox 2866 2850 3154 2917; x_wconf 87' lang='lat' dir='ltr'>infodias;</span> <span class='ocrx_word' id='word_1_420' title='bbox 3216 2850 3315 2905; x_wconf 90' lang='lat' dir='ltr'>sed</span> <span class='ocrx_word' id='word_1_421' title='bbox 3373 2854 3437 2904; x_wconf 92' lang='lat' dir='ltr'>ut</span> <span class='ocrx_word' id='word_1_422' title='bbox 3496 2866 3709 2923; x_wconf 85' lang='lat' dir='ltr'>magno</span> 
     </span>
    </p>
   </div>
   <div class='ocr_carea' id='block_1_59' title="bbox 2062 2938 3709 3015">
    <p class='ocr_par' dir='ltr' id='par_1_59' title="bbox 2062 2938 3709 3015">
     <span class='ocr_line' id='line_1_59' title="bbox 2062 2938 3709 3015; baseline 0 -19"><span class='ocrx_word' id='word_1_423' title='bbox 2062 2944 2277 2998; x_wconf 77' lang='lat' dir='ltr'>foenore</span> <span class='ocrx_word' id='word_1_424' title='bbox 2307 2960 2520 3015; x_wconf 85' lang='lat' dir='ltr'>augeas</span> <span class='ocrx_word' id='word_1_425' title='bbox 2551 2947 2608 2996; x_wconf 88' lang='lat' dir='ltr'>et</span> <span class='ocrx_word' id='word_1_426' title='bbox 2625 2940 2963 3009; x_wconf 77' lang='lat' dir='ltr'>amplifices,</span> <span class='ocrx_word' id='word_1_427' title='bbox 2998 2949 3171 3010; x_wconf 90' lang='lat' dir='ltr'>atque</span> <span class='ocrx_word' id='word_1_428' title='bbox 3195 2944 3260 2994; x_wconf 90' lang='lat' dir='ltr'>ut</span> <span class='ocrx_word' id='word_1_429' title='bbox 3284 2938 3584 2995; x_wconf 83' lang='lat' dir='ltr'>fabulosus</span> <span class='ocrx_word' id='word_1_430' title='bbox 3608 2940 3709 2997; x_wconf 92' lang='lat' dir='ltr'>ille</span> 
     </span>
    </p>
   </div>
   <div class='ocr_carea' id='block_1_60' title="bbox 2061 3028 3708 3099">
    <p class='ocr_par' dir='ltr' id='par_1_60' title="bbox 2061 3028 3708 3099">
     <span class='ocr_line' id='line_1_60' title="bbox 2061 3028 3708 3099; baseline -0.001 -12"><span class='ocrx_word' id='word_1_431' title='bbox 2061 3032 2215 3087; x_wconf 84' lang='lat' dir='ltr'>Atlas</span> <span class='ocrx_word' id='word_1_432' title='bbox 2238 3031 2468 3099; x_wconf 69' lang='lat' dir='ltr'>coelum,</span> <span class='ocrx_word' id='word_1_433' title='bbox 2503 3030 2584 3085; x_wconf 90' lang='lat' dir='ltr'>sic</span> <span class='ocrx_word' id='word_1_434' title='bbox 2615 3036 2678 3084; x_wconf 91' lang='lat' dir='ltr'>tu</span> <span class='ocrx_word' id='word_1_435' title='bbox 2717 3028 3060 3093; x_wconf 86' lang='lat' dir='ltr'>Ecclesiam,</span> <span class='ocrx_word' id='word_1_436' title='bbox 3094 3046 3220 3099; x_wconf 80' lang='lat' dir='ltr'>quae</span> <span class='ocrx_word' id='word_1_437' title='bbox 3265 3045 3499 3097; x_wconf 80' lang='lat' dir='ltr'>regnum</span> <span class='ocrx_word' id='word_1_438' title='bbox 3545 3030 3708 3086; x_wconf 68' lang='lat' dir='ltr'>calo-</span> 
     </span>
    </p>
   </div>
   <div class='ocr_carea' id='block_1_61' title="bbox 298 3100 3707 3189">
    <p class='ocr_par' dir='ltr' id='par_1_61' title="bbox 298 3100 3707 3189">
     <span class='ocr_line' id='line_1_61' title="bbox 298 3100 3707 3189; baseline 0.001 -21"><span class='ocrx_word' id='word_1_439' title='bbox 298 3119 424 3169; x_wconf 90' lang='lat' dir='ltr'>tum</span> <span class='ocrx_word' id='word_1_440' title='bbox 459 3115 647 3170; x_wconf 91' lang='lat' dir='ltr'>dicam</span> <span class='ocrx_word' id='word_1_441' title='bbox 696 3131 795 3170; x_wconf 90' lang='lat' dir='ltr'>eos</span> <span class='ocrx_word' id='word_1_442' title='bbox 837 3114 1200 3187; x_wconf 74' lang='lat' dir='ltr'>gravioribus</span> <span class='ocrx_word' id='word_1_443' title='bbox 1234 3113 1457 3177; x_wconf 86' lang='lat' dir='ltr'>studiis</span> <span class='ocrx_word' id='word_1_444' title='bbox 1507 3114 1789 3183; x_wconf 86' lang='lat' dir='ltr'>addictos,</span> <span class='ocrx_word' id='word_1_445' title='bbox 1843 3131 1948 3171; x_wconf 89' lang='lat' dir='ltr'>nec</span> <span class='ocrx_word' id='word_1_446' title='bbox 1979 3100 2020 3165; x_wconf 56' lang='grc' dir='ltr'>(Σ</span> <span class='ocrx_word' id='word_1_447' title='bbox 2058 3138 2183 3175; x_wconf 82' lang='lat' dir='ltr'>rum</span> <span class='ocrx_word' id='word_1_448' title='bbox 2215 3139 2249 3175; x_wconf 91' lang='lat' dir='ltr'>a</span> <span class='ocrx_word' id='word_1_449' title='bbox 2276 3119 2500 3174; x_wconf 83' lang='lat' dir='ltr'>Christo</span> <span class='ocrx_word' id='word_1_450' title='bbox 2531 3117 2858 3189; x_wconf 83' lang='lat' dir='ltr'>appellatur</span> <span class='ocrx_word' id='word_1_451' title='bbox 2886 3117 2930 3152; x_wconf 74' lang='grc'><strong><em>⁸⁸</em></strong></span> <span class='ocrx_word' id='word_1_452' title='bbox 2957 3134 3198 3188; x_wconf 76' lang='lat' dir='ltr'>quaeque</span> <span class='ocrx_word' id='word_1_453' title='bbox 3231 3122 3283 3171; x_wconf 91' lang='lat' dir='ltr'>te</span> <span class='ocrx_word' id='word_1_454' title='bbox 3309 3118 3366 3172; x_wconf 93' lang='lat' dir='ltr'>in</span> <span class='ocrx_word' id='word_1_455' title='bbox 3399 3117 3707 3173; x_wconf 88' lang='lat' dir='ltr'>cardinum</span> 
     </span>
    </p>
   </div>
   <div class='ocr_carea' id='block_1_62' title="bbox 295 3201 1943 3259">
    <p class='ocr_par' dir='ltr' id='par_1_62' title="bbox 295 3201 1943 3259">
     <span class='ocr_line' id='line_1_62' title="bbox 295 3201 1943 3259; baseline 0.001 -2"><span class='ocrx_word' id='word_1_456' title='bbox 295 3204 541 3259; x_wconf 86' lang='lat' dir='ltr'>fortasse</span> <span class='ocrx_word' id='word_1_457' title='bbox 571 3204 682 3258; x_wconf 89' lang='lat' dir='ltr'>nisi</span> <span class='ocrx_word' id='word_1_458' title='bbox 714 3203 1010 3259; x_wconf 88' lang='lat' dir='ltr'>recreandi</span> <span class='ocrx_word' id='word_1_459' title='bbox 1040 3203 1218 3257; x_wconf 90' lang='lat' dir='ltr'>animi</span> <span class='ocrx_word' id='word_1_460' title='bbox 1246 3217 1418 3256; x_wconf 85' lang='lat' dir='ltr'>causa</span> <span class='ocrx_word' id='word_1_461' title='bbox 1447 3201 1504 3256; x_wconf 92' lang='lat' dir='ltr'>in</span> <span class='ocrx_word' id='word_1_462' title='bbox 1544 3203 1649 3256; x_wconf 89' lang='lat' dir='ltr'>hac</span> <span class='ocrx_word' id='word_1_463' title='bbox 1697 3204 1943 3259; x_wconf 86' lang='lat' dir='ltr'>transla-</span> 
     </span>
    </p>
   </div>
   <div class='ocr_carea' id='block_1_63' title="bbox 294 3290 1945 3359">
    <p class='ocr_par' dir='ltr' id='par_1_63' title="bbox 294 3290 1945 3359">
     <span class='ocr_line' id='line_1_63' title="bbox 294 3290 1945 3359; baseline 0.002 -13"><span class='ocrx_word' id='word_1_464' title='bbox 294 3293 451 3347; x_wconf 90' lang='lat' dir='ltr'>tione</span> <span class='ocrx_word' id='word_1_465' title='bbox 482 3300 761 3359; x_wconf 85' lang='lat' dir='ltr'>versatos,</span> <span class='ocrx_word' id='word_1_466' title='bbox 792 3298 878 3348; x_wconf 86' lang='lat' dir='ltr'>tot</span> <span class='ocrx_word' id='word_1_467' title='bbox 908 3292 1048 3346; x_wconf 91' lang='lat' dir='ltr'>locis</span> <span class='ocrx_word' id='word_1_468' title='bbox 1080 3292 1151 3346; x_wconf 91' lang='lat' dir='ltr'>ab</span> <span class='ocrx_word' id='word_1_469' title='bbox 1175 3290 1430 3346; x_wconf 83' lang='lat' dir='ltr'>auctoris</span> <span class='ocrx_word' id='word_1_470' title='bbox 1454 3292 1745 3346; x_wconf 86' lang='lat' dir='ltr'>sententia</span> <span class='ocrx_word' id='word_1_471' title='bbox 1764 3310 1945 3349; x_wconf 88' lang='lat' dir='ltr'>reces-</span> 
     </span>
    </p>
   </div>
   <div class='ocr_carea' id='block_1_64' title="bbox 295 3380 1940 3453">
    <p class='ocr_par' dir='ltr' id='par_1_64' title="bbox 295 3380 1940 3453">
     <span class='ocr_line' id='line_1_64' title="bbox 295 3380 1940 3453; baseline 0.001 -19"><span class='ocrx_word' id='word_1_472' title='bbox 295 3383 463 3453; x_wconf 87' lang='lat' dir='ltr'>sisse,</span> <span class='ocrx_word' id='word_1_473' title='bbox 499 3388 562 3435; x_wconf 91' lang='lat' dir='ltr'>ut</span> <span class='ocrx_word' id='word_1_474' title='bbox 586 3382 726 3436; x_wconf 89' lang='lat' dir='ltr'>mihi</span> <span class='ocrx_word' id='word_1_475' title='bbox 751 3381 1042 3436; x_wconf 87' lang='lat' dir='ltr'>neminem</span> <span class='ocrx_word' id='word_1_476' title='bbox 1065 3382 1184 3435; x_wconf 89' lang='lat' dir='ltr'>fore</span> <span class='ocrx_word' id='word_1_477' title='bbox 1206 3380 1611 3451; x_wconf 87' lang='lat' dir='ltr'>persuadeam,</span> <span class='ocrx_word' id='word_1_478' title='bbox 1636 3381 1733 3451; x_wconf 91' lang='lat' dir='ltr'>qui</span> <span class='ocrx_word' id='word_1_479' title='bbox 1763 3381 1940 3436; x_wconf 90' lang='lat' dir='ltr'>inuti-</span> 
     </span>
    </p>
   </div>
   <div class='ocr_carea' id='block_1_65' title="bbox 293 3468 1937 3541">
    <p class='ocr_par' dir='ltr' id='par_1_65' title="bbox 293 3468 1937 3541">
     <span class='ocr_line' id='line_1_65' title="bbox 293 3468 1937 3541; baseline 0.002 -18"><span class='ocrx_word' id='word_1_480' title='bbox 293 3468 408 3524; x_wconf 90' lang='lat' dir='ltr'>lem</span> <span class='ocrx_word' id='word_1_481' title='bbox 440 3487 503 3525; x_wconf 89' lang='lat' dir='ltr'>ac</span> <span class='ocrx_word' id='word_1_482' title='bbox 533 3486 1020 3541; x_wconf 84' lang='lat' dir='ltr'>supervacaneam</span> <span class='ocrx_word' id='word_1_483' title='bbox 1053 3469 1202 3525; x_wconf 92' lang='lat' dir='ltr'>hanc</span> <span class='ocrx_word' id='word_1_484' title='bbox 1245 3470 1561 3524; x_wconf 89' lang='lat' dir='ltr'>secundam</span> <span class='ocrx_word' id='word_1_485' title='bbox 1615 3470 1937 3527; x_wconf 90' lang='lat' dir='ltr'>versionem</span> 
     </span>
    </p>
   </div>
   <div class='ocr_carea' id='block_1_66' title="bbox 291 3558 1937 3630">
    <p class='ocr_par' dir='ltr' id='par_1_66' title="bbox 291 3558 1937 3630">
     <span class='ocr_line' id='line_1_66' title="bbox 291 3558 1937 3630; baseline 0.002 -19"><span class='ocrx_word' id='word_1_486' title='bbox 291 3558 473 3614; x_wconf 90' lang='lat' dir='ltr'>fuisse</span> <span class='ocrx_word' id='word_1_487' title='bbox 503 3559 675 3613; x_wconf 88' lang='lat' dir='ltr'>dicat.</span> <span class='ocrx_word' id='word_1_488' title='bbox 702 3560 867 3621; x_wconf 83' lang='lat' dir='ltr'>Hunc</span> <span class='ocrx_word' id='word_1_489' title='bbox 890 3566 1053 3630; x_wconf 89' lang='lat' dir='ltr'>porto</span> <span class='ocrx_word' id='word_1_490' title='bbox 1076 3558 1332 3613; x_wconf 86' lang='lat' dir='ltr'>laborem</span> <span class='ocrx_word' id='word_1_491' title='bbox 1360 3575 1515 3625; x_wconf 90' lang='lat' dir='ltr'>cum,</span> <span class='ocrx_word' id='word_1_492' title='bbox 1560 3560 1731 3628; x_wconf 87' lang='lat' dir='ltr'>cujus</span> <span class='ocrx_word' id='word_1_493' title='bbox 1759 3561 1937 3630; x_wconf 81' lang='lat' dir='ltr'>potis-</span> 
     </span>
    </p>
   </div>
   <div class='ocr_carea' id='block_1_67' title="bbox 287 3646 1935 3719">
    <p class='ocr_par' dir='ltr' id='par_1_67' title="bbox 287 3646 1935 3719">
     <span class='ocr_line' id='line_1_67' title="bbox 287 3646 1935 3719; baseline 0.002 -19"><span class='ocrx_word' id='word_1_494' title='bbox 287 3646 505 3702; x_wconf 89' lang='lat' dir='ltr'>simum</span> <span class='ocrx_word' id='word_1_495' title='bbox 531 3648 753 3703; x_wconf 91' lang='lat' dir='ltr'>nomini</span> <span class='ocrx_word' id='word_1_496' title='bbox 786 3664 1209 3714; x_wconf 87' lang='lat' dir='ltr'>consecrarem,</span> <span class='ocrx_word' id='word_1_497' title='bbox 1243 3664 1472 3701; x_wconf 88' lang='lat' dir='ltr'>mecum</span> <span class='ocrx_word' id='word_1_498' title='bbox 1506 3647 1630 3719; x_wconf 89' lang='lat' dir='ltr'>ipse</span> <span class='ocrx_word' id='word_1_499' title='bbox 1688 3648 1935 3719; x_wconf 89' lang='lat' dir='ltr'>dispice-</span> 
     </span>
    </p>
   </div>
   <div class='ocr_carea' id='block_1_68' title="bbox 287 3735 1935 3807">
    <p class='ocr_par' dir='ltr' id='par_1_68' title="bbox 287 3735 1935 3807">
     <span class='ocr_line' id='line_1_68' title="bbox 287 3735 1935 3807; baseline 0.002 -17"><span class='ocrx_word' id='word_1_500' title='bbox 287 3752 433 3806; x_wconf 88' lang='lat' dir='ltr'>rem,</span> <span class='ocrx_word' id='word_1_501' title='bbox 467 3739 666 3793; x_wconf 89' lang='lat' dir='ltr'>statim</span> <span class='ocrx_word' id='word_1_502' title='bbox 692 3754 846 3792; x_wconf 91' lang='lat' dir='ltr'>unus</span> <span class='ocrx_word' id='word_1_503' title='bbox 870 3737 1198 3806; x_wconf 89' lang='lat' dir='ltr'>occurristi,</span> <span class='ocrx_word' id='word_1_504' title='bbox 1233 3736 1325 3790; x_wconf 91' lang='lat' dir='ltr'>cui</span> <span class='ocrx_word' id='word_1_505' title='bbox 1357 3735 1625 3807; x_wconf 88' lang='lat' dir='ltr'>pluribus</span> <span class='ocrx_word' id='word_1_506' title='bbox 1656 3736 1725 3791; x_wconf 92' lang='lat' dir='ltr'>de</span> <span class='ocrx_word' id='word_1_507' title='bbox 1743 3738 1935 3793; x_wconf 85' lang='lat' dir='ltr'>causis</span> 
     </span>
    </p>
   </div>
   <div class='ocr_carea' id='block_1_69' title="bbox 286 3825 1293 3897">
    <p class='ocr_par' dir='ltr' id='par_1_69' title="bbox 286 3825 1293 3897">
     <span class='ocr_line' id='line_1_69' title="bbox 286 3825 1293 3897; baseline 0.001 -17"><span class='ocrx_word' id='word_1_508' title='bbox 286 3825 492 3881; x_wconf 90' lang='lat' dir='ltr'>merito</span> <span class='ocrx_word' id='word_1_509' title='bbox 526 3844 713 3882; x_wconf 89' lang='lat' dir='ltr'>nuncu</span> <span class='ocrx_word' id='word_1_510' title='bbox 727 3827 951 3897; x_wconf 88' lang='lat' dir='ltr'>pandus</span> <span class='ocrx_word' id='word_1_511' title='bbox 981 3826 1293 3881; x_wconf 89' lang='lat' dir='ltr'>videretur.</span> 
     </span>
    </p>
   </div>
   <div class='ocr_carea' id='block_1_70' title="bbox 352 3914 1930 3985">
    <p class='ocr_par' dir='ltr' id='par_1_70' title="bbox 352 3914 1930 3985">
     <span class='ocr_line' id='line_1_70' title="bbox 352 3914 1930 3985; baseline 0.001 -17"><span class='ocrx_word' id='word_1_512' title='bbox 352 3914 613 3970; x_wconf 90' lang='lat' dir='ltr'>Primum</span> <span class='ocrx_word' id='word_1_513' title='bbox 648 3916 826 3979; x_wconf 75' lang='lat' dir='ltr'>enim,</span> <span class='ocrx_word' id='word_1_514' title='bbox 859 3916 904 3969; x_wconf 90' lang='lat' dir='ltr'>si</span> <span class='ocrx_word' id='word_1_515' title='bbox 938 3931 1221 3985; x_wconf 89' lang='lat' dir='ltr'>personas</span> <span class='ocrx_word' id='word_1_516' title='bbox 1253 3915 1412 3985; x_wconf 89' lang='lat' dir='ltr'>ipsas</span> <span class='ocrx_word' id='word_1_517' title='bbox 1439 3914 1930 3985; x_wconf 87' lang='lat' dir='ltr'>spectemus,cui-</span> 
     </span>
    </p>
   </div>
   <div class='ocr_carea' id='block_1_71' title="bbox 280 4004 1929 4075">
    <p class='ocr_par' dir='ltr' id='par_1_71' title="bbox 280 4004 1929 4075">
     <span class='ocr_line' id='line_1_71' title="bbox 280 4004 1929 4075; baseline -0.001 -18"><span class='ocrx_word' id='word_1_518' title='bbox 280 4018 417 4057; x_wconf 90' lang='lat' dir='ltr'>nam</span> <span class='ocrx_word' id='word_1_519' title='bbox 447 4020 642 4075; x_wconf 63' lang='lat' dir='ltr'>quaeso</span> <span class='ocrx_word' id='word_1_520' title='bbox 676 4005 1092 4073; x_wconf 85' lang='lat' dir='ltr'>congruentius</span> <span class='ocrx_word' id='word_1_521' title='bbox 1123 4004 1310 4058; x_wconf 82' lang='lat' dir='ltr'>offerri</span> <span class='ocrx_word' id='word_1_522' title='bbox 1344 4004 1533 4074; x_wconf 77' lang='lat' dir='ltr'>potuit</span> <span class='ocrx_word' id='word_1_523' title='bbox 1564 4004 1670 4057; x_wconf 92' lang='lat' dir='ltr'>hoc</span> <span class='ocrx_word' id='word_1_524' title='bbox 1702 4004 1929 4074; x_wconf 90' lang='lat' dir='ltr'>optimi,</span> 
     </span>
    </p>
   </div>
   <div class='ocr_carea' id='block_1_72' title="bbox 280 4091 1932 4164">
    <p class='ocr_par' dir='ltr' id='par_1_72' title="bbox 280 4091 1932 4164">
     <span class='ocr_line' id='line_1_72' title="bbox 280 4091 1932 4164; baseline 0 -19"><span class='ocrx_word' id='word_1_525' title='bbox 280 4091 685 4161; x_wconf 85' lang='lat' dir='ltr'>eruditissimi,</span> <span class='ocrx_word' id='word_1_526' title='bbox 727 4098 904 4163; x_wconf 86' lang='lat' dir='ltr'>atque</span> <span class='ocrx_word' id='word_1_527' title='bbox 950 4091 1244 4163; x_wconf 89' lang='lat' dir='ltr'>imprimis</span> <span class='ocrx_word' id='word_1_528' title='bbox 1303 4092 1627 4164; x_wconf 86' lang='lat' dir='ltr'>eloquentis</span> <span class='ocrx_word' id='word_1_529' title='bbox 1674 4092 1932 4163; x_wconf 89' lang='lat' dir='ltr'>episcopi</span> 
     </span>
    </p>
   </div>
   <div class='ocr_carea' id='block_1_73' title="bbox 278 4178 1927 4252">
    <p class='ocr_par' dir='ltr' id='par_1_73' title="bbox 278 4178 1927 4252">
     <span class='ocr_line' id='line_1_73' title="bbox 278 4178 1927 4252; baseline 0.001 -19"><span class='ocrx_word' id='word_1_530' title='bbox 278 4178 757 4251; x_wconf 84' lang='lat' dir='ltr'>volumen,quam</span> <span class='ocrx_word' id='word_1_531' title='bbox 784 4180 1220 4252; x_wconf 88' lang='lat' dir='ltr'>archiepiscopo</span> <span class='ocrx_word' id='word_1_532' title='bbox 1245 4181 1615 4250; x_wconf 88' lang='lat' dir='ltr'>etcardinali,</span> <span class='ocrx_word' id='word_1_533' title='bbox 1644 4180 1927 4252; x_wconf 89' lang='lat' dir='ltr'>singulari</span> 
     </span>
    </p>
   </div>
   <div class='ocr_carea' id='block_1_74' title="bbox 275 4268 1929 4339">
    <p class='ocr_par' dir='ltr' id='par_1_74' title="bbox 275 4268 1929 4339">
     <span class='ocr_line' id='line_1_74' title="bbox 275 4268 1929 4339; baseline 0.002 -18"><span class='ocrx_word' id='word_1_534' title='bbox 275 4268 510 4336; x_wconf 71' lang='lat' dir='ltr'>virtute,</span> <span class='ocrx_word' id='word_1_535' title='bbox 544 4269 807 4323; x_wconf 88' lang='lat' dir='ltr'>doctrina</span> <span class='ocrx_word' id='word_1_536' title='bbox 839 4286 902 4323; x_wconf 91' lang='lat' dir='ltr'>ac</span> <span class='ocrx_word' id='word_1_537' title='bbox 935 4286 1064 4323; x_wconf 89' lang='lat' dir='ltr'>rara</span> <span class='ocrx_word' id='word_1_538' title='bbox 1094 4270 1340 4339; x_wconf 88' lang='lat' dir='ltr'>quadam</span> <span class='ocrx_word' id='word_1_539' title='bbox 1375 4274 1429 4324; x_wconf 92' lang='lat' dir='ltr'>et</span> <span class='ocrx_word' id='word_1_540' title='bbox 1458 4270 1667 4323; x_wconf 85' lang='lat' dir='ltr'>eximia</span> <span class='ocrx_word' id='word_1_541' title='bbox 1700 4270 1929 4325; x_wconf 90' lang='lat' dir='ltr'>dicendi</span> 
     </span>
    </p>
   </div>
   <div class='ocr_carea' id='block_1_75' title="bbox 276 4356 1928 4430">
    <p class='ocr_par' dir='ltr' id='par_1_75' title="bbox 276 4356 1928 4430">
     <span class='ocr_line' id='line_1_75' title="bbox 276 4356 1928 4430; baseline 0.002 -19"><span class='ocrx_word' id='word_1_542' title='bbox 276 4356 553 4413; x_wconf 88' lang='lat' dir='ltr'>facultate</span> <span class='ocrx_word' id='word_1_543' title='bbox 585 4357 826 4429; x_wconf 65' lang='lat' dir='ltr'>praedito</span> <span class='ocrx_word' id='word_1_544' title='bbox 850 4358 878 4412; x_wconf 85' lang='lat'><strong>?</strong></span> <span class='ocrx_word' id='word_1_545' title='bbox 906 4358 1121 4413; x_wconf 90' lang='lat' dir='ltr'>Deinde</span> <span class='ocrx_word' id='word_1_546' title='bbox 1152 4374 1281 4412; x_wconf 92' lang='lat' dir='ltr'>cum</span> <span class='ocrx_word' id='word_1_547' title='bbox 1313 4374 1410 4413; x_wconf 90' lang='lat' dir='ltr'>eos</span> <span class='ocrx_word' id='word_1_548' title='bbox 1442 4374 1665 4425; x_wconf 82' lang='lat' dir='ltr'>omnes,</span> <span class='ocrx_word' id='word_1_549' title='bbox 1698 4358 1799 4430; x_wconf 89' lang='lat' dir='ltr'>qui</span> <span class='ocrx_word' id='word_1_550' title='bbox 1859 4359 1928 4414; x_wconf 91' lang='lat' dir='ltr'>de</span> 
     </span>
    </p>
   </div>
   <div class='ocr_carea' id='block_1_76' title="bbox 2054 3206 3706 3277">
    <p class='ocr_par' dir='ltr' id='par_1_76' title="bbox 2054 3206 3706 3277">
     <span class='ocr_line' id='line_1_76' title="bbox 2054 3206 3706 3277; baseline -0.002 -12"><span class='ocrx_word' id='word_1_551' title='bbox 2054 3226 2293 3266; x_wconf 89' lang='lat' dir='ltr'>suorum</span> <span class='ocrx_word' id='word_1_552' title='bbox 2326 3224 2637 3263; x_wconf 88' lang='lat' dir='ltr'>numerum</span> <span class='ocrx_word' id='word_1_553' title='bbox 2670 3206 2891 3273; x_wconf 90' lang='lat' dir='ltr'>ascivit,</span> <span class='ocrx_word' id='word_1_554' title='bbox 2926 3223 3027 3277; x_wconf 93' lang='lat' dir='ltr'>pro</span> <span class='ocrx_word' id='word_1_555' title='bbox 3059 3206 3206 3260; x_wconf 83' lang='lat' dir='ltr'>virili</span> <span class='ocrx_word' id='word_1_556' title='bbox 3238 3211 3339 3261; x_wconf 88' lang='lat' dir='ltr'>tua</span> <span class='ocrx_word' id='word_1_557' title='bbox 3389 3209 3547 3277; x_wconf 84' lang='lat' dir='ltr'>parte</span> <span class='ocrx_word' id='word_1_558' title='bbox 3592 3206 3706 3261; x_wconf 91' lang='lat' dir='ltr'>ful-</span> 
     </span>
    </p>
   </div>
   <div class='ocr_carea' id='block_1_77' title="bbox 2050 3295 3699 3366">
    <p class='ocr_par' dir='ltr' id='par_1_77' title="bbox 2050 3295 3699 3366">
     <span class='ocr_line' id='line_1_77' title="bbox 2050 3295 3699 3366; baseline -0.001 -14"><span class='ocrx_word' id='word_1_559' title='bbox 2050 3298 2165 3352; x_wconf 92' lang='lat' dir='ltr'>cire</span> <span class='ocrx_word' id='word_1_560' title='bbox 2182 3315 2248 3353; x_wconf 91' lang='lat' dir='ltr'>ac</span> <span class='ocrx_word' id='word_1_561' title='bbox 2269 3298 2558 3352; x_wconf 90' lang='lat' dir='ltr'>sustinere</span> <span class='ocrx_word' id='word_1_562' title='bbox 2581 3313 2769 3351; x_wconf 89' lang='lat' dir='ltr'>cures.</span> <span class='ocrx_word' id='word_1_563' title='bbox 2794 3295 2852 3350; x_wconf 89' lang='lat' dir='ltr'>Id</span> <span class='ocrx_word' id='word_1_564' title='bbox 2887 3295 3038 3366; x_wconf 75' lang='lat' dir='ltr'>quod</span> <span class='ocrx_word' id='word_1_565' title='bbox 3074 3311 3214 3350; x_wconf 90' lang='lat' dir='ltr'>sane</span> <span class='ocrx_word' id='word_1_566' title='bbox 3247 3312 3481 3350; x_wconf 89' lang='lat' dir='ltr'>summo</span> <span class='ocrx_word' id='word_1_567' title='bbox 3505 3296 3699 3351; x_wconf 89' lang='lat' dir='ltr'>studio</span> 
     </span>
    </p>
   </div>
   <div class='ocr_carea' id='block_1_78' title="bbox 2048 3383 3696 3455">
    <p class='ocr_par' dir='ltr' id='par_1_78' title="bbox 2048 3383 3696 3455">
     <span class='ocr_line' id='line_1_78' title="bbox 2048 3383 3696 3455; baseline -0.002 -13"><span class='ocrx_word' id='word_1_568' title='bbox 2048 3387 2227 3442; x_wconf 84' lang='lat' dir='ltr'>facis:</span> <span class='ocrx_word' id='word_1_569' title='bbox 2264 3391 2321 3441; x_wconf 90' lang='lat' dir='ltr'>et</span> <span class='ocrx_word' id='word_1_570' title='bbox 2351 3386 2485 3455; x_wconf 90' lang='lat' dir='ltr'>quia</span> <span class='ocrx_word' id='word_1_571' title='bbox 2516 3386 2678 3451; x_wconf 90' lang='lat' dir='ltr'>facis,</span> <span class='ocrx_word' id='word_1_572' title='bbox 2712 3384 2926 3439; x_wconf 89' lang='lat' dir='ltr'>idcirco</span> <span class='ocrx_word' id='word_1_573' title='bbox 2978 3383 3381 3455; x_wconf 90' lang='lat' dir='ltr'>improborum</span> <span class='ocrx_word' id='word_1_574' title='bbox 3432 3384 3696 3439; x_wconf 90' lang='lat' dir='ltr'>omnium</span> 
     </span>
    </p>
   </div>
   <div class='ocr_carea' id='block_1_79' title="bbox 2048 3471 3698 3543">
    <p class='ocr_par' dir='ltr' id='par_1_79' title="bbox 2048 3471 3698 3543">
     <span class='ocr_line' id='line_1_79' title="bbox 2048 3471 3698 3543; baseline -0.002 -14"><span class='ocrx_word' id='word_1_575' title='bbox 2048 3476 2182 3530; x_wconf 92' lang='lat' dir='ltr'>odia</span> <span class='ocrx_word' id='word_1_576' title='bbox 2212 3475 2268 3529; x_wconf 91' lang='lat' dir='ltr'>in</span> <span class='ocrx_word' id='word_1_577' title='bbox 2304 3480 2356 3529; x_wconf 90' lang='lat' dir='ltr'>te</span> <span class='ocrx_word' id='word_1_578' title='bbox 2387 3472 2708 3529; x_wconf 89' lang='lat' dir='ltr'>concitasti.</span> <span class='ocrx_word' id='word_1_579' title='bbox 2746 3472 3225 3543; x_wconf 88' lang='lat' dir='ltr'>Quotusquisque</span> <span class='ocrx_word' id='word_1_580' title='bbox 3246 3472 3403 3527; x_wconf 91' lang='lat' dir='ltr'>enim</span> <span class='ocrx_word' id='word_1_581' title='bbox 3421 3476 3510 3527; x_wconf 87' lang='lat' dir='ltr'>est</span> <span class='ocrx_word' id='word_1_582' title='bbox 3532 3471 3698 3526; x_wconf 91' lang='lat' dir='ltr'>hodie</span> 
     </span>
    </p>
   </div>
   <div class='ocr_carea' id='block_1_80' title="bbox 2048 3561 3693 3635">
    <p class='ocr_par' dir='ltr' id='par_1_80' title="bbox 2048 3561 3693 3635">
     <span class='ocr_line' id='line_1_80' title="bbox 2048 3561 3693 3635; baseline -0.002 -17"><span class='ocrx_word' id='word_1_583' title='bbox 2048 3564 2246 3635; x_wconf 62' lang='lat' dir='ltr'>patria</span> <span class='ocrx_word' id='word_1_584' title='bbox 2280 3563 2528 3634; x_wconf 84' lang='lat' dir='ltr'>ﬁdeique</span> <span class='ocrx_word' id='word_1_585' title='bbox 2560 3561 2766 3631; x_wconf 87' lang='lat' dir='ltr'>hostis,</span> <span class='ocrx_word' id='word_1_586' title='bbox 2822 3561 2922 3631; x_wconf 88' lang='lat' dir='ltr'>qui</span> <span class='ocrx_word' id='word_1_587' title='bbox 2955 3577 3069 3615; x_wconf 92' lang='lat' dir='ltr'>non</span> <span class='ocrx_word' id='word_1_588' title='bbox 3130 3561 3305 3615; x_wconf 89' lang='lat' dir='ltr'>simul</span> <span class='ocrx_word' id='word_1_589' title='bbox 3359 3577 3589 3632; x_wconf 90' lang='lat' dir='ltr'>quoque</span> <span class='ocrx_word' id='word_1_590' title='bbox 3637 3563 3693 3614; x_wconf 90' lang='lat' dir='ltr'>te</span> 
     </span>
    </p>
   </div>
   <div class='ocr_carea' id='block_1_81' title="bbox 2046 3647 3697 3714">
    <p class='ocr_par' dir='ltr' id='par_1_81' title="bbox 2046 3647 3697 3714">
     <span class='ocr_line' id='line_1_81' title="bbox 2046 3647 3697 3714; baseline -0.002 -7"><span class='ocrx_word' id='word_1_591' title='bbox 2046 3651 2423 3707; x_wconf 88' lang='lat' dir='ltr'>acerbissimo</span> <span class='ocrx_word' id='word_1_592' title='bbox 2456 3652 2588 3706; x_wconf 88' lang='lat' dir='ltr'>odio</span> <span class='ocrx_word' id='word_1_593' title='bbox 2626 3649 2991 3705; x_wconf 86' lang='lat' dir='ltr'>insectetur?</span> <span class='ocrx_word' id='word_1_594' title='bbox 3021 3647 3697 3714; x_wconf 89' lang='lat' dir='ltr'>Quisfamosuslibellus</span> 
     </span>
    </p>
   </div>
   <div class='ocr_carea' id='block_1_82' title="bbox 2043 3737 3699 3809">
    <p class='ocr_par' dir='ltr' id='par_1_82' title="bbox 2043 3737 3699 3809">
     <span class='ocr_line' id='line_1_82' title="bbox 2043 3737 3699 3809; baseline -0.001 -14"><span class='ocrx_word' id='word_1_595' title='bbox 2043 3741 2137 3796; x_wconf 90' lang='lat' dir='ltr'>his</span> <span class='ocrx_word' id='word_1_596' title='bbox 2162 3758 2366 3796; x_wconf 77' lang='lat' dir='ltr'>novem</span> <span class='ocrx_word' id='word_1_597' title='bbox 2391 3740 2561 3795; x_wconf 88' lang='lat' dir='ltr'>annis</span> <span class='ocrx_word' id='word_1_598' title='bbox 2592 3738 2648 3793; x_wconf 92' lang='lat' dir='ltr'>in</span> <span class='ocrx_word' id='word_1_599' title='bbox 2683 3737 2876 3793; x_wconf 89' lang='lat' dir='ltr'>lucem</span> <span class='ocrx_word' id='word_1_600' title='bbox 2921 3738 3152 3809; x_wconf 86' lang='lat' dir='ltr'>prodiit,</span> <span class='ocrx_word' id='word_1_601' title='bbox 3191 3739 3248 3792; x_wconf 91' lang='lat' dir='ltr'>in</span> <span class='ocrx_word' id='word_1_602' title='bbox 3294 3754 3408 3809; x_wconf 90' lang='lat' dir='ltr'>quo</span> <span class='ocrx_word' id='word_1_603' title='bbox 3439 3737 3699 3793; x_wconf 84' lang='lat' dir='ltr'>nominis</span> 
     </span>
    </p>
   </div>
   <div class='ocr_carea' id='block_1_83' title="bbox 2042 3826 3703 3901">
    <p class='ocr_par' dir='ltr' id='par_1_83' title="bbox 2042 3826 3703 3901">
     <span class='ocr_line' id='line_1_83' title="bbox 2042 3826 3703 3901; baseline -0.001 -17"><span class='ocrx_word' id='word_1_604' title='bbox 2042 3829 2128 3885; x_wconf 91' lang='lat' dir='ltr'>tui</span> <span class='ocrx_word' id='word_1_605' title='bbox 2161 3830 2316 3884; x_wconf 81' lang='lat' dir='ltr'>fama</span> <span class='ocrx_word' id='word_1_606' title='bbox 2346 3828 2639 3901; x_wconf 89' lang='lat' dir='ltr'>perpetuis</span> <span class='ocrx_word' id='word_1_607' title='bbox 2672 3826 3127 3898; x_wconf 81' lang='lat' dir='ltr'>fcedissimisque</span> <span class='ocrx_word' id='word_1_608' title='bbox 3157 3826 3436 3882; x_wconf 90' lang='lat' dir='ltr'>conviciis</span> <span class='ocrx_word' id='word_1_609' title='bbox 3463 3843 3577 3881; x_wconf 90' lang='lat' dir='ltr'>non</span> <span class='ocrx_word' id='word_1_610' title='bbox 3620 3827 3703 3883; x_wconf 86' lang='lat' dir='ltr'>sit</span> 
     </span>
    </p>
   </div>
   <div class='ocr_carea' id='block_1_84' title="bbox 2042 3914 3697 3989">
    <p class='ocr_par' dir='ltr' id='par_1_84' title="bbox 2042 3914 3697 3989">
     <span class='ocr_line' id='line_1_84' title="bbox 2042 3914 3697 3989; baseline -0.002 -16"><span class='ocrx_word' id='word_1_611' title='bbox 2042 3918 2340 3974; x_wconf 77' lang='lat' dir='ltr'>lacerata?</span> <span class='ocrx_word' id='word_1_612' title='bbox 2371 3920 2717 3989; x_wconf 88' lang='lat' dir='ltr'>Quanquam</span> <span class='ocrx_word' id='word_1_613' title='bbox 2751 3917 2889 3987; x_wconf 91' lang='lat' dir='ltr'>quid</span> <span class='ocrx_word' id='word_1_614' title='bbox 2926 3915 3138 3970; x_wconf 90' lang='lat' dir='ltr'>mirum</span> <span class='ocrx_word' id='word_1_615' title='bbox 3171 3919 3227 3971; x_wconf 88' lang='lat' dir='ltr'>te</span> <span class='ocrx_word' id='word_1_616' title='bbox 3248 3914 3557 3971; x_wconf 89' lang='lat' dir='ltr'>virulentis</span> <span class='ocrx_word' id='word_1_617' title='bbox 3584 3915 3697 3969; x_wconf 88' lang='lat' dir='ltr'>lin-</span> 
     </span>
    </p>
   </div>
   <div class='ocr_carea' id='block_1_85' title="bbox 2042 4004 3695 4079">
    <p class='ocr_par' dir='ltr' id='par_1_85' title="bbox 2042 4004 3695 4079">
     <span class='ocr_line' id='line_1_85' title="bbox 2042 4004 3695 4079; baseline -0.003 -16"><span class='ocrx_word' id='word_1_618' title='bbox 2042 4008 2175 4079; x_wconf 86' lang='lat' dir='ltr'>guis</span> <span class='ocrx_word' id='word_1_619' title='bbox 2199 4007 2335 4079; x_wconf 84' lang='lat' dir='ltr'>peti,</span> <span class='ocrx_word' id='word_1_620' title='bbox 2356 4024 2489 4061; x_wconf 90' lang='lat' dir='ltr'>cum</span> <span class='ocrx_word' id='word_1_621' title='bbox 2513 4012 2569 4061; x_wconf 91' lang='lat' dir='ltr'>et</span> <span class='ocrx_word' id='word_1_622' title='bbox 2590 4006 2745 4061; x_wconf 88' lang='lat' dir='ltr'>Elias</span> <span class='ocrx_word' id='word_1_623' title='bbox 2786 4004 3019 4060; x_wconf 79' lang='lat' dir='ltr'>Israelis</span> <span class='ocrx_word' id='word_1_624' title='bbox 3045 4005 3434 4077; x_wconf 85' lang='lat' dir='ltr'>perturbator,</span> <span class='ocrx_word' id='word_1_625' title='bbox 3469 4009 3526 4060; x_wconf 91' lang='lat' dir='ltr'>et</span> <span class='ocrx_word' id='word_1_626' title='bbox 3556 4020 3695 4075; x_wconf 91' lang='lat' dir='ltr'>apo-</span> 
     </span>
    </p>
   </div>
   <div class='ocr_carea' id='block_1_86' title="bbox 2042 4093 3693 4166">
    <p class='ocr_par' dir='ltr' id='par_1_86' title="bbox 2042 4093 3693 4166">
     <span class='ocr_line' id='line_1_86' title="bbox 2042 4093 3693 4166; baseline -0.002 -14"><span class='ocrx_word' id='word_1_627' title='bbox 2042 4097 2173 4152; x_wconf 91' lang='lat' dir='ltr'>stoli</span> <span class='ocrx_word' id='word_1_628' title='bbox 2207 4095 2534 4166; x_wconf 90' lang='lat' dir='ltr'>temulenti,</span> <span class='ocrx_word' id='word_1_629' title='bbox 2568 4100 2624 4150; x_wconf 91' lang='lat' dir='ltr'>et</span> <span class='ocrx_word' id='word_1_630' title='bbox 2653 4093 2867 4149; x_wconf 87' lang='lat' dir='ltr'>Paulus</span> <span class='ocrx_word' id='word_1_631' title='bbox 2900 4093 3165 4160; x_wconf 87' lang='lat' dir='ltr'>insanus,</span> <span class='ocrx_word' id='word_1_632' title='bbox 3191 4098 3249 4148; x_wconf 92' lang='lat' dir='ltr'>et</span> <span class='ocrx_word' id='word_1_633' title='bbox 3274 4093 3693 4165; x_wconf 79' lang='lat' dir='ltr'>paterfamilias</span> 
     </span>
    </p>
   </div>
   <div class='ocr_carea' id='block_1_87' title="bbox 2038 4181 3694 4257">
    <p class='ocr_par' dir='ltr' id='par_1_87' title="bbox 2038 4181 3694 4257">
     <span class='ocr_line' id='line_1_87' title="bbox 2038 4181 3694 4257; baseline -0.001 -19"><span class='ocrx_word' id='word_1_634' title='bbox 2038 4184 2161 4257; x_wconf 84' lang='lat' dir='ltr'>ipse</span> <span class='ocrx_word' id='word_1_635' title='bbox 2190 4184 2527 4248; x_wconf 87' lang='lat' dir='ltr'>Beelzebub,</span> <span class='ocrx_word' id='word_1_636' title='bbox 2578 4182 2853 4254; x_wconf 89' lang='lat' dir='ltr'>appellati</span> <span class='ocrx_word' id='word_1_637' title='bbox 2910 4181 3069 4237; x_wconf 83' lang='lat' dir='ltr'>sint?</span> <span class='ocrx_word' id='word_1_638' title='bbox 3113 4181 3259 4248; x_wconf 88' lang='lat' dir='ltr'>Quid</span> <span class='ocrx_word' id='word_1_639' title='bbox 3321 4186 3540 4248; x_wconf 89' lang='lat' dir='ltr'>autem,</span> <span class='ocrx_word' id='word_1_640' title='bbox 3592 4199 3694 4253; x_wconf 90' lang='lat' dir='ltr'>per</span> 
     </span>
    </p>
   </div>
   <div class='ocr_carea' id='block_1_88' title="bbox 2038 4269 3693 4340">
    <p class='ocr_par' dir='ltr' id='par_1_88' title="bbox 2038 4269 3693 4340">
     <span class='ocr_line' id='line_1_88' title="bbox 2038 4269 3693 4340; baseline -0.002 -12"><span class='ocrx_word' id='word_1_641' title='bbox 2038 4274 2223 4329; x_wconf 90' lang='lat' dir='ltr'>Deum</span> <span class='ocrx_word' id='word_1_642' title='bbox 2254 4271 2668 4340; x_wconf 85' lang='lat' dir='ltr'>immortalem,</span> <span class='ocrx_word' id='word_1_643' title='bbox 2701 4270 2805 4326; x_wconf 91' lang='lat' dir='ltr'>tibi</span> <span class='ocrx_word' id='word_1_644' title='bbox 2839 4287 2905 4325; x_wconf 90' lang='lat' dir='ltr'>ac</span> <span class='ocrx_word' id='word_1_645' title='bbox 2934 4270 3167 4325; x_wconf 87' lang='lat' dir='ltr'>laudem</span> <span class='ocrx_word' id='word_1_646' title='bbox 3200 4269 3491 4326; x_wconf 88' lang='lat' dir='ltr'>illustrius</span> <span class='ocrx_word' id='word_1_647' title='bbox 3544 4270 3693 4326; x_wconf 92' lang='lat' dir='ltr'>acci-</span> 
     </span>
    </p>
   </div>
   <div class='ocr_carea' id='block_1_89' title="bbox 2038 4359 3690 4433">
    <p class='ocr_par' dir='ltr' id='par_1_89' title="bbox 2038 4359 3690 4433">
     <span class='ocr_line' id='line_1_89' title="bbox 2038 4359 3690 4433; baseline -0.002 -16"><span class='ocrx_word' id='word_1_648' title='bbox 2038 4362 2172 4417; x_wconf 91' lang='lat' dir='ltr'>dere</span> <span class='ocrx_word' id='word_1_649' title='bbox 2204 4366 2397 4433; x_wconf 89' lang='lat' dir='ltr'>queat,</span> <span class='ocrx_word' id='word_1_650' title='bbox 2434 4377 2609 4431; x_wconf 90' lang='lat' dir='ltr'>quam</span> <span class='ocrx_word' id='word_1_651' title='bbox 2643 4360 2794 4431; x_wconf 93' lang='lat' dir='ltr'>quod</span> <span class='ocrx_word' id='word_1_652' title='bbox 2830 4359 3067 4414; x_wconf 89' lang='lat' dir='ltr'>eosdem</span> <span class='ocrx_word' id='word_1_653' title='bbox 3101 4359 3297 4414; x_wconf 89' lang='lat' dir='ltr'>hostes</span> <span class='ocrx_word' id='word_1_654' title='bbox 3321 4359 3690 4429; x_wconf 88' lang='lat' dir='ltr'>habes,quos</span> 
     </span>
    </p>
   </div>
   <div class='ocr_carea' id='block_1_90' title="bbox 274 4446 3691 4533">
    <p class='ocr_par' dir='ltr' id='par_1_90' title="bbox 274 4446 3691 4533">
     <span class='ocr_line' id='line_1_90' title="bbox 274 4446 3691 4533; baseline 0.001 -33"><span class='ocrx_word' id='word_1_655' title='bbox 274 4464 335 4501; x_wconf 89' lang='lat' dir='ltr'>re</span> <span class='ocrx_word' id='word_1_656' title='bbox 366 4446 645 4501; x_wconf 89' lang='lat' dir='ltr'>litteraria</span> <span class='ocrx_word' id='word_1_657' title='bbox 670 4448 813 4501; x_wconf 88' lang='lat' dir='ltr'>bene</span> <span class='ocrx_word' id='word_1_658' title='bbox 848 4447 1054 4501; x_wconf 91' lang='lat' dir='ltr'>mereri</span> <span class='ocrx_word' id='word_1_659' title='bbox 1088 4448 1344 4503; x_wconf 87' lang='lat' dir='ltr'>student.</span> <span class='ocrx_word' id='word_1_660' title='bbox 1381 4447 1778 4502; x_wconf 88' lang='lat' dir='ltr'>benevolentia</span> <span class='ocrx_word' id='word_1_661' title='bbox 1825 4452 1929 4502; x_wconf 88' lang='lat' dir='ltr'>tua</span> <span class='ocrx_word' id='word_1_662' title='bbox 1958 4468 2004 4533; x_wconf 84' lang='lat' dir='ltr'><strong>D</strong></span> <span class='ocrx_word' id='word_1_663' title='bbox 2036 4450 2321 4509; x_wconf 87' lang='lat' dir='ltr'>Christus.</span> <span class='ocrx_word' id='word_1_664' title='bbox 2357 4465 2506 4520; x_wconf 88' lang='lat' dir='ltr'>quos</span> <span class='ocrx_word' id='word_1_665' title='bbox 2545 4446 2767 4519; x_wconf 90' lang='lat' dir='ltr'>religio,</span> <span class='ocrx_word' id='word_1_666' title='bbox 2823 4463 2969 4519; x_wconf 91' lang='lat' dir='ltr'>quos</span> <span class='ocrx_word' id='word_1_667' title='bbox 3030 4446 3238 4518; x_wconf 89' lang='lat' dir='ltr'>patria,</span> <span class='ocrx_word' id='word_1_668' title='bbox 3290 4463 3439 4519; x_wconf 89' lang='lat' dir='ltr'>quos</span> <span class='ocrx_word' id='word_1_669' title='bbox 3486 4464 3691 4503; x_wconf 91' lang='lat' dir='ltr'>omnes</span> 
     </span>
    </p>
   </div>
   <div class='ocr_carea' id='block_1_91' title="bbox 274 4534 1925 4608">
    <p class='ocr_par' dir='ltr' id='par_1_91' title="bbox 274 4534 1925 4608">
     <span class='ocr_line' id='line_1_91' title="bbox 274 4534 1925 4608; baseline 0.001 -18"><span class='ocrx_word' id='word_1_670' title='bbox 274 4540 332 4591; x_wconf 89' lang='lat' dir='ltr'>et</span> <span class='ocrx_word' id='word_1_671' title='bbox 363 4537 639 4590; x_wconf 83' lang='lat' dir='ltr'>comitate</span> <span class='ocrx_word' id='word_1_672' title='bbox 670 4552 898 4607; x_wconf 89' lang='lat' dir='ltr'>semper</span> <span class='ocrx_word' id='word_1_673' title='bbox 938 4534 1274 4607; x_wconf 80' lang='lat' dir='ltr'>complexus</span> <span class='ocrx_word' id='word_1_674' title='bbox 1328 4535 1528 4604; x_wconf 85' lang='lat' dir='ltr'>fueris,</span> <span class='ocrx_word' id='word_1_675' title='bbox 1573 4553 1925 4608; x_wconf 88' lang='lat' dir='ltr'>quacunque</span> 
     </span>
    </p>
   </div>
   <div class='ocr_carea' id='block_1_92' title="bbox 272 4623 1923 4696">
    <p class='ocr_par' dir='ltr' id='par_1_92' title="bbox 272 4623 1923 4696">
     <span class='ocr_line' id='line_1_92' title="bbox 272 4623 1923 4696; baseline 0 -17"><span class='ocrx_word' id='word_1_676' title='bbox 272 4624 535 4695; x_wconf 91' lang='lat' dir='ltr'>potueris</span> <span class='ocrx_word' id='word_1_677' title='bbox 570 4623 790 4679; x_wconf 86' lang='lat' dir='ltr'>ratione</span> <span class='ocrx_word' id='word_1_678' title='bbox 821 4625 1057 4694; x_wconf 84' lang='lat' dir='ltr'>iuveris,</span> <span class='ocrx_word' id='word_1_679' title='bbox 1089 4625 1373 4691; x_wconf 83' lang='lat' dir='ltr'>cvexeris;</span> <span class='ocrx_word' id='word_1_680' title='bbox 1405 4626 1661 4696; x_wconf 81' lang='lat' dir='ltr'>profecto</span> <span class='ocrx_word' id='word_1_681' title='bbox 1723 4625 1923 4679; x_wconf 83' lang='lat' dir='ltr'>litteras</span> 
     </span>
    </p>
   </div>
   <div class='ocr_carea' id='block_1_93' title="bbox 270 4712 1924 4786">
    <p class='ocr_par' dir='ltr' id='par_1_93' title="bbox 270 4712 1924 4786">
     <span class='ocr_line' id='line_1_93' title="bbox 270 4712 1924 4786; baseline 0 -18"><span class='ocrx_word' id='word_1_682' title='bbox 270 4714 397 4785; x_wconf 87' lang='lat' dir='ltr'>ipse</span> <span class='ocrx_word' id='word_1_683' title='bbox 416 4712 473 4768; x_wconf 91' lang='lat' dir='ltr'>in</span> <span class='ocrx_word' id='word_1_684' title='bbox 498 4716 687 4781; x_wconf 90' lang='lat' dir='ltr'>tuum,</span> <span class='ocrx_word' id='word_1_685' title='bbox 715 4719 991 4784; x_wconf 85' lang='lat' dir='ltr'>tanquam</span> <span class='ocrx_word' id='word_1_686' title='bbox 1021 4714 1076 4768; x_wconf 92' lang='lat' dir='ltr'>in</span> <span class='ocrx_word' id='word_1_687' title='bbox 1100 4714 1301 4786; x_wconf 87' lang='lat' dir='ltr'>optimi</span> <span class='ocrx_word' id='word_1_688' title='bbox 1330 4714 1585 4785; x_wconf 88' lang='lat' dir='ltr'>parentis</span> <span class='ocrx_word' id='word_1_689' title='bbox 1607 4720 1665 4769; x_wconf 92' lang='lat' dir='ltr'>et</span> <span class='ocrx_word' id='word_1_690' title='bbox 1694 4713 1924 4784; x_wconf 86' lang='lat' dir='ltr'>patroni</span> 
     </span>
    </p>
   </div>
   <div class='ocr_carea' id='block_1_94' title="bbox 269 4802 1925 4875">
    <p class='ocr_par' dir='ltr' id='par_1_94' title="bbox 269 4802 1925 4875">
     <span class='ocr_line' id='line_1_94' title="bbox 269 4802 1925 4875; baseline 0.001 -18"><span class='ocrx_word' id='word_1_691' title='bbox 269 4802 465 4858; x_wconf 90' lang='lat' dir='ltr'>sinum</span> <span class='ocrx_word' id='word_1_692' title='bbox 498 4803 811 4875; x_wconf 86' lang='lat' dir='ltr'>confugere</span> <span class='ocrx_word' id='word_1_693' title='bbox 840 4803 1134 4871; x_wconf 76' lang='lat' dir='ltr'>gestiunt:</span> <span class='ocrx_word' id='word_1_694' title='bbox 1173 4820 1284 4858; x_wconf 91' lang='lat' dir='ltr'>non</span> <span class='ocrx_word' id='word_1_695' title='bbox 1317 4808 1436 4859; x_wconf 89' lang='lat' dir='ltr'>tam</span> <span class='ocrx_word' id='word_1_696' title='bbox 1472 4803 1925 4859; x_wconf 89' lang='lat' dir='ltr'>utetillustrent</span> 
     </span>
    </p>
   </div>
   <div class='ocr_carea' id='block_1_95' title="bbox 269 4891 1924 4965">
    <p class='ocr_par' dir='ltr' id='par_1_95' title="bbox 269 4891 1924 4965">
     <span class='ocr_line' id='line_1_95' title="bbox 269 4891 1924 4965; baseline -0.001 -18"><span class='ocrx_word' id='word_1_697' title='bbox 269 4892 399 4963; x_wconf 88' lang='lat' dir='ltr'>(nec</span> <span class='ocrx_word' id='word_1_698' title='bbox 420 4892 575 4948; x_wconf 90' lang='lat' dir='ltr'>enim</span> <span class='ocrx_word' id='word_1_699' title='bbox 602 4891 770 4965; x_wconf 89' lang='lat' dir='ltr'>aquis</span> <span class='ocrx_word' id='word_1_700' title='bbox 792 4892 1052 4947; x_wconf 86' lang='lat' dir='ltr'>Oceanus</span> <span class='ocrx_word' id='word_1_701' title='bbox 1071 4894 1220 4965; x_wconf 79' lang='lat' dir='ltr'>eget)</span> <span class='ocrx_word' id='word_1_702' title='bbox 1245 4910 1417 4965; x_wconf 89' lang='lat' dir='ltr'>quam</span> <span class='ocrx_word' id='word_1_703' title='bbox 1446 4897 1509 4948; x_wconf 88' lang='lat' dir='ltr'>ut</span> <span class='ocrx_word' id='word_1_704' title='bbox 1544 4910 1613 4948; x_wconf 85' lang='lat' dir='ltr'>ex</span> <span class='ocrx_word' id='word_1_705' title='bbox 1644 4892 1924 4948; x_wconf 85' lang='lat' dir='ltr'>illustris-</span> 
     </span>
    </p>
   </div>
   <div class='ocr_carea' id='block_1_96' title="bbox 270 4980 1921 5054">
    <p class='ocr_par' dir='ltr' id='par_1_96' title="bbox 270 4980 1921 5054">
     <span class='ocr_line' id='line_1_96' title="bbox 270 4980 1921 5054; baseline 0.002 -21"><span class='ocrx_word' id='word_1_706' title='bbox 270 4980 421 5035; x_wconf 88' lang='lat' dir='ltr'>simo</span> <span class='ocrx_word' id='word_1_707' title='bbox 445 4985 544 5037; x_wconf 91' lang='lat' dir='ltr'>tuo</span> <span class='ocrx_word' id='word_1_708' title='bbox 573 4982 807 5036; x_wconf 89' lang='lat' dir='ltr'>nomine</span> <span class='ocrx_word' id='word_1_709' title='bbox 830 4981 1196 5053; x_wconf 89' lang='lat' dir='ltr'>splendorem</span> <span class='ocrx_word' id='word_1_710' title='bbox 1226 4982 1363 5054; x_wconf 72' lang='lat' dir='ltr'>ipsae</span> <span class='ocrx_word' id='word_1_711' title='bbox 1386 4982 1639 5036; x_wconf 85' lang='lat' dir='ltr'>trahant.</span> <span class='ocrx_word' id='word_1_712' title='bbox 1676 4980 1797 5036; x_wconf 88' lang='lat' dir='ltr'>Huc</span> <span class='ocrx_word' id='word_1_713' title='bbox 1829 4998 1921 5036; x_wconf 88' lang='lat' dir='ltr'>ac-</span> 
     </span>
    </p>
   </div>
   <div class='ocr_carea' id='block_1_97' title="bbox 271 5070 1971 5143">
    <p class='ocr_par' dir='ltr' id='par_1_97' title="bbox 271 5070 1971 5143">
     <span class='ocr_line' id='line_1_97' title="bbox 271 5070 1971 5143; baseline 0 -18"><span class='ocrx_word' id='word_1_714' title='bbox 271 5070 485 5125; x_wconf 88' lang='lat' dir='ltr'>cedunt</span> <span class='ocrx_word' id='word_1_715' title='bbox 516 5070 701 5125; x_wconf 90' lang='lat' dir='ltr'>multa</span> <span class='ocrx_word' id='word_1_716' title='bbox 730 5075 831 5125; x_wconf 87' lang='lat' dir='ltr'>tua</span> <span class='ocrx_word' id='word_1_717' title='bbox 862 5076 918 5125; x_wconf 89' lang='lat' dir='ltr'>et</span> <span class='ocrx_word' id='word_1_718' title='bbox 940 5070 1213 5143; x_wconf 69' lang='lat' dir='ltr'>praaclara</span> <span class='ocrx_word' id='word_1_719' title='bbox 1244 5072 1300 5125; x_wconf 90' lang='lat' dir='ltr'>in</span> <span class='ocrx_word' id='word_1_720' title='bbox 1336 5072 1621 5141; x_wconf 87' lang='lat' dir='ltr'>quosdam</span> <span class='ocrx_word' id='word_1_721' title='bbox 1656 5086 1921 5125; x_wconf 83' lang='lat' dir='ltr'>meorum</span> <span class='ocrx_word' id='word_1_722' title='bbox 1966 5098 1971 5101; x_wconf 60' lang='grc' dir='ltr'>ι</span> 
     </span>
    </p>
   </div>
   <div class='ocr_carea' id='block_1_98' title="bbox 269 5159 1919 5232">
    <p class='ocr_par' dir='ltr' id='par_1_98' title="bbox 269 5159 1919 5232">
     <span class='ocr_line' id='line_1_98' title="bbox 269 5159 1919 5232; baseline 0 -19"><span class='ocrx_word' id='word_1_723' title='bbox 269 5159 573 5229; x_wconf 81' lang='lat' dir='ltr'>beneﬁcia,</span> <span class='ocrx_word' id='word_1_724' title='bbox 607 5176 754 5231; x_wconf 89' lang='lat' dir='ltr'>quos</span> <span class='ocrx_word' id='word_1_725' title='bbox 785 5176 916 5215; x_wconf 91' lang='lat' dir='ltr'>cum</span> <span class='ocrx_word' id='word_1_726' title='bbox 951 5176 1111 5232; x_wconf 58' lang='lat' dir='ltr'>aque</span> <span class='ocrx_word' id='word_1_727' title='bbox 1144 5176 1208 5215; x_wconf 88' lang='lat' dir='ltr'>ac</span> <span class='ocrx_word' id='word_1_728' title='bbox 1239 5160 1414 5213; x_wconf 88' lang='lat' dir='ltr'>vitam</span> <span class='ocrx_word' id='word_1_729' title='bbox 1467 5159 1656 5230; x_wconf 88' lang='lat' dir='ltr'>ipsam</span> <span class='ocrx_word' id='word_1_730' title='bbox 1707 5175 1919 5228; x_wconf 90' lang='lat' dir='ltr'>amem,</span> 
     </span>
    </p>
   </div>
   <div class='ocr_carea' id='block_1_99' title="bbox 270 5247 1921 5322">
    <p class='ocr_par' dir='ltr' id='par_1_99' title="bbox 270 5247 1921 5322">
     <span class='ocr_line' id='line_1_99' title="bbox 270 5247 1921 5322; baseline 0 -19"><span class='ocrx_word' id='word_1_731' title='bbox 270 5265 384 5303; x_wconf 91' lang='lat' dir='ltr'>non</span> <span class='ocrx_word' id='word_1_732' title='bbox 419 5248 613 5304; x_wconf 90' lang='lat' dir='ltr'>minus</span> <span class='ocrx_word' id='word_1_733' title='bbox 644 5255 793 5305; x_wconf 88' lang='lat' dir='ltr'>certe</span> <span class='ocrx_word' id='word_1_734' title='bbox 827 5266 919 5304; x_wconf 91' lang='lat' dir='ltr'>me</span> <span class='ocrx_word' id='word_1_735' title='bbox 970 5247 1361 5322; x_wconf 89' lang='lat' dir='ltr'>magnitudini</span> <span class='ocrx_word' id='word_1_736' title='bbox 1390 5252 1502 5303; x_wconf 67' lang='lat' dir='ltr'>tuae</span> <span class='ocrx_word' id='word_1_737' title='bbox 1535 5248 1741 5303; x_wconf 89' lang='lat' dir='ltr'>debere</span> <span class='ocrx_word' id='word_1_738' title='bbox 1786 5265 1921 5303; x_wconf 92' lang='lat' dir='ltr'>cen-</span> 
     </span>
    </p>
   </div>
   <div class='ocr_carea' id='block_1_100' title="bbox 270 5336 1920 5411">
    <p class='ocr_par' dir='ltr' id='par_1_100' title="bbox 270 5336 1920 5411">
     <span class='ocr_line' id='line_1_100' title="bbox 270 5336 1920 5411; baseline 0 -17"><span class='ocrx_word' id='word_1_739' title='bbox 270 5354 387 5410; x_wconf 90' lang='lat' dir='ltr'>seo,</span> <span class='ocrx_word' id='word_1_740' title='bbox 410 5355 584 5410; x_wconf 89' lang='lat' dir='ltr'>quam</span> <span class='ocrx_word' id='word_1_741' title='bbox 629 5338 677 5394; x_wconf 91' lang='lat' dir='ltr'>si</span> <span class='ocrx_word' id='word_1_742' title='bbox 708 5339 767 5394; x_wconf 93' lang='lat' dir='ltr'>in</span> <span class='ocrx_word' id='word_1_743' title='bbox 800 5338 1087 5411; x_wconf 90' lang='lat' dir='ltr'>meipsum</span> <span class='ocrx_word' id='word_1_744' title='bbox 1112 5354 1179 5393; x_wconf 91' lang='lat' dir='ltr'>ea</span> <span class='ocrx_word' id='word_1_745' title='bbox 1204 5336 1574 5394; x_wconf 89' lang='lat' dir='ltr'>contulisses.</span> <span class='ocrx_word' id='word_1_746' title='bbox 1618 5337 1727 5394; x_wconf 86' lang='lat' dir='ltr'>Sed</span> <span class='ocrx_word' id='word_1_747' title='bbox 1762 5336 1920 5395; x_wconf 91' lang='lat' dir='ltr'>nullo</span> 
     </span>
    </p>
   </div>
   <div class='ocr_carea' id='block_1_101' title="bbox 341 5552 1679 5628">
    <p class='ocr_par' dir='ltr' id='par_1_101' title="bbox 341 5552 1679 5628">
     <span class='ocr_line' id='line_1_101' title="bbox 341 5552 1679 5628; baseline 0 -15"><span class='ocrx_word' id='word_1_748' title='bbox 341 5553 384 5591; x_wconf 86' lang='grc'>⁶⁷</span> <span class='ocrx_word' id='word_1_749' title='bbox 410 5552 434 5613; x_wconf 89' lang='grc' dir='ltr'>Ι</span> <span class='ocrx_word' id='word_1_750' title='bbox 462 5555 589 5612; x_wconf 86' lang='lat' dir='ltr'>Cor.</span> <span class='ocrx_word' id='word_1_751' title='bbox 619 5570 676 5624; x_wconf 74' lang='grc' dir='ltr'>ι,</span> <span class='ocrx_word' id='word_1_752' title='bbox 709 5554 797 5611; x_wconf 85' lang='grc'>33.</span> <span class='ocrx_word' id='word_1_753' title='bbox 872 5554 918 5592; x_wconf 74' lang='grc'>⁵⁸</span> <span class='ocrx_word' id='word_1_754' title='bbox 948 5554 1158 5613; x_wconf 87' lang='lat' dir='ltr'>Matth.</span> <span class='ocrx_word' id='word_1_755' title='bbox 1190 5570 1314 5626; x_wconf 84' lang='lat' dir='ltr'>xm,</span> <span class='ocrx_word' id='word_1_756' title='bbox 1350 5553 1437 5626; x_wconf 78' lang='grc'>11,</span> <span class='ocrx_word' id='word_1_757' title='bbox 1468 5554 1558 5628; x_wconf 90' lang='lat'>33,</span> <span class='ocrx_word' id='word_1_758' title='bbox 1591 5554 1679 5613; x_wconf 82' lang='grc'>45.</span> 
     </span>
    </p>
   </div>
   <div class='ocr_carea' id='block_1_102' title="bbox 2032 4535 3689 4608">
    <p class='ocr_par' dir='ltr' id='par_1_102' title="bbox 2032 4535 3689 4608">
     <span class='ocr_line' id='line_1_102' title="bbox 2032 4535 3689 4608; baseline 0 -17"><span class='ocrx_word' id='word_1_759' title='bbox 2032 4538 2168 4591; x_wconf 92' lang='lat' dir='ltr'>boni</span> <span class='ocrx_word' id='word_1_760' title='bbox 2193 4538 2398 4602; x_wconf 85' lang='lat' dir='ltr'>?Quod</span> <span class='ocrx_word' id='word_1_761' title='bbox 2421 4537 2493 4591; x_wconf 92' lang='lat' dir='ltr'>iis</span> <span class='ocrx_word' id='word_1_762' title='bbox 2526 4536 2821 4608; x_wconf 90' lang='lat' dir='ltr'>displices,</span> <span class='ocrx_word' id='word_1_763' title='bbox 2848 4535 3064 4607; x_wconf 92' lang='lat' dir='ltr'>quibus</span> <span class='ocrx_word' id='word_1_764' title='bbox 3087 4535 3313 4608; x_wconf 87' lang='lat' dir='ltr'>placere</span> <span class='ocrx_word' id='word_1_765' title='bbox 3358 4553 3530 4591; x_wconf 91' lang='lat' dir='ltr'>nemo</span> <span class='ocrx_word' id='word_1_766' title='bbox 3563 4537 3689 4591; x_wconf 91' lang='lat' dir='ltr'>sine</span> 
     </span>
    </p>
   </div>
   <div class='ocr_carea' id='block_1_103' title="bbox 2034 4624 3686 4698">
    <p class='ocr_par' dir='ltr' id='par_1_103' title="bbox 2034 4624 3686 4698">
     <span class='ocr_line' id='line_1_103' title="bbox 2034 4624 3686 4698; baseline -0.001 -18"><span class='ocrx_word' id='word_1_767' title='bbox 2034 4626 2277 4698; x_wconf 84' lang='lat' dir='ltr'>perfidia</span> <span class='ocrx_word' id='word_1_768' title='bbox 2309 4626 2495 4697; x_wconf 88' lang='lat' dir='ltr'>possit</span> <span class='ocrx_word' id='word_1_769' title='bbox 2514 4628 2541 4679; x_wconf 72' lang='grc' dir='ltr'><strong>γ</strong></span> <span class='ocrx_word' id='word_1_770' title='bbox 2571 4626 2733 4690; x_wconf 90' lang='lat' dir='ltr'>Quod</span> <span class='ocrx_word' id='word_1_771' title='bbox 2767 4625 2838 4679; x_wconf 90' lang='lat' dir='ltr'>ab</span> <span class='ocrx_word' id='word_1_772' title='bbox 2869 4625 2942 4679; x_wconf 91' lang='lat' dir='ltr'>iis</span> <span class='ocrx_word' id='word_1_773' title='bbox 2974 4624 3131 4680; x_wconf 91' lang='lat' dir='ltr'>omni</span> <span class='ocrx_word' id='word_1_774' title='bbox 3165 4624 3558 4679; x_wconf 90' lang='lat' dir='ltr'>conviciorum</span> <span class='ocrx_word' id='word_1_775' title='bbox 3585 4641 3686 4695; x_wconf 84' lang='lat' dir='ltr'>ge-</span> 
     </span>
    </p>
   </div>
   <div class='ocr_carea' id='block_1_104' title="bbox 2033 4713 3685 4787">
    <p class='ocr_par' dir='ltr' id='par_1_104' title="bbox 2033 4713 3685 4787">
     <span class='ocr_line' id='line_1_104' title="bbox 2033 4713 3685 4787; baseline -0.002 -18"><span class='ocrx_word' id='word_1_776' title='bbox 2033 4732 2168 4770; x_wconf 90' lang='lat' dir='ltr'>nere</span> <span class='ocrx_word' id='word_1_777' title='bbox 2200 4714 2614 4787; x_wconf 70' lang='lat' dir='ltr'>proscinderis,</span> <span class='ocrx_word' id='word_1_778' title='bbox 2646 4714 2745 4785; x_wconf 93' lang='lat' dir='ltr'>qui</span> <span class='ocrx_word' id='word_1_779' title='bbox 2795 4713 3109 4769; x_wconf 89' lang='lat' dir='ltr'>Ecclesiam</span> <span class='ocrx_word' id='word_1_780' title='bbox 3157 4713 3338 4784; x_wconf 88' lang='lat' dir='ltr'>prius,</span> <span class='ocrx_word' id='word_1_781' title='bbox 3372 4713 3458 4766; x_wconf 88' lang='lat' dir='ltr'>vel</span> <span class='ocrx_word' id='word_1_782' title='bbox 3491 4713 3685 4783; x_wconf 87' lang='lat' dir='ltr'>potius</span> 
     </span>
    </p>
   </div>
   <div class='ocr_carea' id='block_1_105' title="bbox 2032 4800 3686 4875">
    <p class='ocr_par' dir='ltr' id='par_1_105' title="bbox 2032 4800 3686 4875">
     <span class='ocr_line' id='line_1_105' title="bbox 2032 4800 3686 4875; baseline -0.003 -16"><span class='ocrx_word' id='word_1_783' title='bbox 2032 4804 2227 4875; x_wconf 90' lang='lat' dir='ltr'>seipos</span> <span class='ocrx_word' id='word_1_784' title='bbox 2246 4804 2316 4859; x_wconf 92' lang='lat' dir='ltr'>ab</span> <span class='ocrx_word' id='word_1_785' title='bbox 2344 4802 2595 4859; x_wconf 88' lang='lat' dir='ltr'>Ecclesia</span> <span class='ocrx_word' id='word_1_786' title='bbox 2612 4803 2956 4859; x_wconf 86' lang='lat' dir='ltr'>sciderunt?</span> <span class='ocrx_word' id='word_1_787' title='bbox 2988 4805 3142 4869; x_wconf 88' lang='lat' dir='ltr'>Quos</span> <span class='ocrx_word' id='word_1_788' title='bbox 3191 4806 3255 4856; x_wconf 89' lang='lat' dir='ltr'>tu</span> <span class='ocrx_word' id='word_1_789' title='bbox 3302 4800 3522 4872; x_wconf 86' lang='lat' dir='ltr'>Optima</span> <span class='ocrx_word' id='word_1_790' title='bbox 3563 4801 3686 4855; x_wconf 89' lang='lat' dir='ltr'>her-</span> 
     </span>
    </p>
   </div>
   <div class='ocr_carea' id='block_1_106' title="bbox 2032 4890 3685 4961">
    <p class='ocr_par' dir='ltr' id='par_1_106' title="bbox 2032 4890 3685 4961">
     <span class='ocr_line' id='line_1_106' title="bbox 2032 4890 3685 4961; baseline -0.003 -13"><span class='ocrx_word' id='word_1_791' title='bbox 2032 4892 2117 4948; x_wconf 91' lang='lat' dir='ltr'>cle</span> <span class='ocrx_word' id='word_1_792' title='bbox 2148 4893 2372 4947; x_wconf 87' lang='lat' dir='ltr'>ratione</span> <span class='ocrx_word' id='word_1_793' title='bbox 2405 4891 2725 4959; x_wconf 87' lang='lat' dir='ltr'>ulcisceris,</span> <span class='ocrx_word' id='word_1_794' title='bbox 2761 4908 2892 4946; x_wconf 92' lang='lat' dir='ltr'>cum</span> <span class='ocrx_word' id='word_1_795' title='bbox 2918 4890 3320 4961; x_wconf 82' lang='lat' dir='ltr'>impurissime</span> <span class='ocrx_word' id='word_1_796' title='bbox 3338 4905 3538 4943; x_wconf 89' lang='lat' dir='ltr'>eorum</span> <span class='ocrx_word' id='word_1_797' title='bbox 3563 4905 3685 4943; x_wconf 87' lang='lat' dir='ltr'>ma-</span> 
     </span>
    </p>
   </div>
   <div class='ocr_carea' id='block_1_107' title="bbox 2031 4978 3683 5050">
    <p class='ocr_par' dir='ltr' id='par_1_107' title="bbox 2031 4978 3683 5050">
     <span class='ocr_line' id='line_1_107' title="bbox 2031 4978 3683 5050; baseline -0.001 -15"><span class='ocrx_word' id='word_1_798' title='bbox 2031 4980 2242 5036; x_wconf 88' lang='lat' dir='ltr'>ledicta</span> <span class='ocrx_word' id='word_1_799' title='bbox 2265 4980 2610 5047; x_wconf 88' lang='lat' dir='ltr'>contemnis,</span> <span class='ocrx_word' id='word_1_800' title='bbox 2634 4981 3078 5048; x_wconf 89' lang='lat' dir='ltr'>teterrimasque</span> <span class='ocrx_word' id='word_1_801' title='bbox 3100 4978 3356 5050; x_wconf 88' lang='lat' dir='ltr'>linguas,</span> <span class='ocrx_word' id='word_1_802' title='bbox 3382 4994 3509 5048; x_wconf 59' lang='lat' dir='ltr'>qua</span> <span class='ocrx_word' id='word_1_803' title='bbox 3537 4978 3683 5033; x_wconf 90' lang='lat' dir='ltr'>bene</span> 
     </span>
    </p>
   </div>
   <div class='ocr_carea' id='block_1_108' title="bbox 2030 5067 3687 5142">
    <p class='ocr_par' dir='ltr' id='par_1_108' title="bbox 2030 5067 3687 5142">
     <span class='ocr_line' id='line_1_108' title="bbox 2030 5067 3687 5142; baseline -0.001 -18"><span class='ocrx_word' id='word_1_804' title='bbox 2030 5070 2190 5142; x_wconf 90' lang='lat' dir='ltr'>loqui</span> <span class='ocrx_word' id='word_1_805' title='bbox 2224 5088 2337 5125; x_wconf 91' lang='lat' dir='ltr'>non</span> <span class='ocrx_word' id='word_1_806' title='bbox 2369 5069 2723 5141; x_wconf 84' lang='lat' dir='ltr'>didicerunt,</span> <span class='ocrx_word' id='word_1_807' title='bbox 2749 5070 2900 5125; x_wconf 88' lang='lat' dir='ltr'>male</span> <span class='ocrx_word' id='word_1_808' title='bbox 2921 5067 3080 5139; x_wconf 90' lang='lat' dir='ltr'>loqui</span> <span class='ocrx_word' id='word_1_809' title='bbox 3103 5067 3272 5122; x_wconf 90' lang='lat' dir='ltr'>sinis.</span> <span class='ocrx_word' id='word_1_810' title='bbox 3301 5067 3687 5137; x_wconf 83' lang='lat' dir='ltr'>Disrumpun-</span> 
     </span>
    </p>
   </div>
   <div class='ocr_carea' id='block_1_109' title="bbox 2030 5156 3685 5229">
    <p class='ocr_par' dir='ltr' id='par_1_109' title="bbox 2030 5156 3685 5229">
     <span class='ocr_line' id='line_1_109' title="bbox 2030 5156 3685 5229; baseline -0.001 -15"><span class='ocrx_word' id='word_1_811' title='bbox 2030 5164 2128 5214; x_wconf 90' lang='lat' dir='ltr'>tur</span> <span class='ocrx_word' id='word_1_812' title='bbox 2157 5160 2312 5215; x_wconf 90' lang='lat' dir='ltr'>enim</span> <span class='ocrx_word' id='word_1_813' title='bbox 2348 5159 2568 5229; x_wconf 89' lang='lat' dir='ltr'>miseri,</span> <span class='ocrx_word' id='word_1_814' title='bbox 2593 5175 2724 5213; x_wconf 91' lang='lat' dir='ltr'>cum</span> <span class='ocrx_word' id='word_1_815' title='bbox 2751 5162 2806 5214; x_wconf 91' lang='lat' dir='ltr'>te</span> <span class='ocrx_word' id='word_1_816' title='bbox 2829 5158 3011 5213; x_wconf 89' lang='lat' dir='ltr'>nihilo</span> <span class='ocrx_word' id='word_1_817' title='bbox 3036 5157 3222 5229; x_wconf 86' lang='lat' dir='ltr'>magis</span> <span class='ocrx_word' id='word_1_818' title='bbox 3237 5172 3436 5213; x_wconf 90' lang='lat' dir='ltr'>eorum</span> <span class='ocrx_word' id='word_1_819' title='bbox 3462 5156 3685 5212; x_wconf 89' lang='lat' dir='ltr'>calum-</span> 
     </span>
    </p>
   </div>
   <div class='ocr_carea' id='block_1_110' title="bbox 2031 5245 3684 5319">
    <p class='ocr_par' dir='ltr' id='par_1_110' title="bbox 2031 5245 3684 5319">
     <span class='ocr_line' id='line_1_110' title="bbox 2031 5245 3684 5319; baseline -0.001 -15"><span class='ocrx_word' id='word_1_820' title='bbox 2031 5248 2165 5319; x_wconf 91' lang='lat' dir='ltr'>niis,</span> <span class='ocrx_word' id='word_1_821' title='bbox 2198 5265 2373 5319; x_wconf 90' lang='lat' dir='ltr'>quam</span> <span class='ocrx_word' id='word_1_822' title='bbox 2403 5248 2746 5319; x_wconf 88' lang='lat' dir='ltr'>elephantos</span> <span class='ocrx_word' id='word_1_823' title='bbox 2779 5248 3008 5302; x_wconf 91' lang='lat' dir='ltr'>Indicos</span> <span class='ocrx_word' id='word_1_824' title='bbox 3038 5245 3301 5319; x_wconf 91' lang='lat' dir='ltr'>pulicum</span> <span class='ocrx_word' id='word_1_825' title='bbox 3363 5245 3684 5316; x_wconf 89' lang='lat' dir='ltr'>morsibus,</span> 
     </span>
    </p>
   </div>
   <div class='ocr_carea' id='block_1_111' title="bbox 2030 5334 3683 5409">
    <p class='ocr_par' dir='ltr' id='par_1_111' title="bbox 2030 5334 3683 5409">
     <span class='ocr_line' id='line_1_111' title="bbox 2030 5334 3683 5409; baseline -0.002 -15"><span class='ocrx_word' id='word_1_826' title='bbox 2030 5337 2380 5395; x_wconf 89' lang='lat' dir='ltr'>commoveri</span> <span class='ocrx_word' id='word_1_827' title='bbox 2410 5337 2628 5393; x_wconf 91' lang='lat' dir='ltr'>vident.</span> <span class='ocrx_word' id='word_1_828' title='bbox 2661 5335 2817 5392; x_wconf 89' lang='lat' dir='ltr'>Satis</span> <span class='ocrx_word' id='word_1_829' title='bbox 2863 5352 3069 5409; x_wconf 88' lang='lat' dir='ltr'>graves</span> <span class='ocrx_word' id='word_1_830' title='bbox 3116 5334 3477 5408; x_wconf 88' lang='lat' dir='ltr'>iniquissimi</span> <span class='ocrx_word' id='word_1_831' title='bbox 3527 5334 3585 5390; x_wconf 92' lang='lat' dir='ltr'>in</span> <span class='ocrx_word' id='word_1_832' title='bbox 3628 5340 3683 5390; x_wconf 90' lang='lat' dir='ltr'>te</span> 
     </span>
    </p>
   </div>
  </div>
