4096 6288
315 329 433 388 329
1322 278 1331 286 ’
1447 322 1718 384 JAGOBI
1764 321 1998 386 BILLII
2045 323 2665 394 PBIEFATIONESI
3609 338 3731 399 330

316 459 433 516 odii
467 474 667 531 poenas
696 458 982 529 pendunt,
1004 472 1136 511 cum
1160 459 1235 522 te,
1268 471 1443 527 quem
1476 455 1547 509 de
1580 471 1825 510 summas
1865 472 1968 512 au-
2000 457 2053 525 Α
2083 458 2278 515 Galliae
2296 462 2462 518 sidus
2493 464 2925 522 exstinxissent.
2959 465 3067 532 Qui
3089 468 3137 523 si
3171 468 3515 537 cothurnus,
3549 471 3597 526 si
3621 472 3736 527 Eu-

314 547 600 604 ctoritatis
626 547 813 619 gradu
843 546 1111 617 dejicere,
1139 549 1314 617 atque
1337 544 1611 600 omnibus
1633 544 1970 601 hominibus
2080 548 2265 620 ripus,
2298 550 2347 605 si
2376 554 2620 608 Proteus
2660 553 2980 625 quispiam,
3013 564 3113 610 aut
3134 557 3359 613 arundo
3390 562 3560 614 vento
3609 560 3735 631 agi-

309 638 566 693 invisum
600 636 841 691 reddere
908 634 1102 691 conati
1134 637 1291 699 sunt,
1331 637 1389 688 et
1446 636 1603 687 stare
1656 638 1712 687 et
1742 632 1971 700 ﬂorere,
2078 641 2201 693 tata
2227 639 2272 673 ⁷⁵
2301 640 2645 709 exstitisset,
2703 643 2917 698 viveret
2954 645 3193 715 quidem
3252 646 3446 702 adhuc
3479 648 3730 705 fortasse

315 736 593 809 quodque
622 734 957 789 Palladium
1020 734 1230 803 Troja,
1272 730 1329 785 id
1361 735 1417 787 te
1473 731 1729 788 Francia:
1762 737 1970 787 nostra;
2079 726 2139 780 in
2173 726 2282 782 hoc
2313 728 2469 785 faecis
2508 730 2650 795 luto,
2684 732 2785 786 sed
2818 733 3009 804 turpis
3045 739 3103 789 et
3131 733 3441 803 inglorius,
3471 734 3611 791 et'ut
3642 736 3728 791 illi

312 842 444 881 esse
467 823 861 895 conspiciunt,
2080 814 2180 887 qui
2212 816 2390 871 vitam
2418 835 2585 874 suam
2609 819 2668 874 in
2692 821 2908 875 mundo
2939 821 3180 893 diligere
3210 823 3647 896 malunt,quam
3664 824 3726 881 in

389 914 670 979 Quocirca
702 911 933 967 noctuis
964 910 1117 980 istis,
1137 909 1580 981 quae,quoniam
1598 910 1749 965 male
1766 914 1970 982 agunt,
2079 904 2255 960 vitam
2287 910 2564 963 aeternam
2596 909 2888 965 custodire
2910 911 2975 965 ⁷⁸.
3036 912 3198 975 Quod
3260 912 3399 985 quia
3446 930 3561 969 non
3592 914 3722 980 fuit,

315 1005 525 1060 merito
551 1003 741 1058 lucem
796 1003 1067 1067 oderunt,
1116 1018 1220 1057 nec
1260 1002 1374 1056 nisi
1407 1001 1466 1056 in
1524 1001 1782 1057 tenebris
1812 1018 1970 1057 mor-
2080 1010 2183 1065 P6P
2208 1011 2510 1059 Summum
2544 996 2735 1053 scelus
2765 999 2935 1054 nobis
2966 1005 3201 1072 ereptus
3231 1006 3357 1057 est:
3392 1002 3475 1057 ita
3502 1006 3722 1073 tamen,

317 1095 482 1160 dent,
516 1092 647 1148 forti
681 1091 879 1146 animo
937 1090 1309 1162 contemptis,
1364 1091 1423 1145 in
1482 1090 1873 1161 pulcherrimo
1904 1106 1933 1145 ρ

2107 1089 2146 1137 it
2176 1086 2676 1155 quemadmodum
2708 1087 2859 1142 Elias
2893 1088 3163 1144 melotem
3190 1091 3253 1157 ⁷⁷,
3284 1092 3395 1156 vel,
3429 1096 3492 1146 ut
3514 1092 3724 1162 aptiori

317 1198 584 1251 munere,
612 1180 769 1252 quod
788 1180 918 1247 tibi,
953 1183 1236 1250 tanquam
1256 1178 1458 1250 pisoni,
1480 1179 1765 1249 languens
1791 1177 1973 1249 patria
2080 1172 2343 1244 exemplo
2376 1179 2528 1244 utar,
2585 1176 2771 1231 Judas
2804 1177 3171 1234 Machabaaus
3219 1180 3512 1235 Jonathan
3542 1180 3607 1250 ⁷⁸,
3641 1179 3726 1235 sic

317 1268 623 1340 imposuit,
644 1270 979 1322 constanter
992 1282 1313 1337 persevera.
1333 1266 1573 1321 Medicis
1588 1266 1707 1321 illis
1729 1267 1934 1322 obsistt

2109 1276 2205 1330 pse
2235 1261 2405 1316 nobis
2433 1263 2799 1319 Aumalaeum
2846 1264 3106 1330 fratrem,
3166 1266 3726 1336 praestantissimum

319 1357 421 1430 qui
452 1374 566 1413 non
598 1362 717 1411 tam
751 1355 1066 1427 imperitia,
1102 1371 1279 1425 quam
1332 1354 1572 1422 malitia,
1625 1356 1839 1411 vulnus
1869 1372 1972 1411 no-
2081 1346 2216 1403 belli
2247 1349 2451 1405 ducem
2485 1350 2803 1421 reliquerit,
2839 1352 2939 1424 qui
2971 1369 3074 1424 per
3129 1354 3330 1410 eadem
3380 1355 3625 1427 vestigia
3655 1356 3729 1412 ad

317 1451 509 1502 strum
535 1446 799 1500 nondum
831 1450 1223 1515 suppuratum
1263 1459 1327 1498 ac
1385 1450 1778 1515 percuratum,
1824 1444 1971 1499 cioa-
2081 1438 2347 1493 eamdem
2407 1439 2910 1496 immortalitatem
2968 1447 3288 1514 grassatur,
3323 1459 3597 1516 nuncque
3625 1445 3731 1500 ad-

316 1534 463 1589 trice
493 1534 784 1589 obducere
824 1532 1115 1601 nituntur,
1183 1548 1247 1587 ac
1304 1532 1496 1587 cinere
1545 1532 1745 1589 doloso
1776 1533 1970 1604 ignem
2079 1542 2285 1581 versus
2342 1527 2715 1583 Germanicas
2766 1529 3026 1602 Harpyas
3056 1532 3209 1602 (quae
3253 1532 3505 1587 Francia:
3534 1532 3734 1588 vulne-

321 1623 615 1694 obtegere,
652 1638 766 1693 quo
800 1638 934 1676 mox
992 1626 1113 1676 tota
1142 1620 1328 1676 Gallia
1378 1638 1584 1675 rursus
1613 1622 1969 1677 exardescat.
2082 1615 2245 1670 ribus
2277 1616 2427 1671 feros
2456 1634 2685 1689 ungues
2733 1618 3005 1689 inﬁgunt,
3060 1625 3291 1677 acetum
3340 1637 3442 1692 pro
3474 1618 3599 1677 oleo
3638 1622 3730 1677 in-

317 1711 677 1766 Chananaeos
707 1710 767 1765 in
801 1711 993 1765 medio
1026 1708 1259 1765 Israelis
1319 1709 1650 1765 habitantes
1706 1712 1968 1766 observa.
2082 1704 2356 1774 fundunt,
2390 1705 2559 1777 eique
2588 1722 2734 1778 pene
2757 1708 2879 1777 jam
2913 1709 3215 1780 exsangui,
3278 1709 3562 1781 quidquid
3602 1710 3733 1766 reli-

316 1802 544 1857 Bonum
577 1803 872 1855 certamen
903 1808 1057 1854 certa
1087 1799 1163 1853 ⁶⁹ε
1196 1814 1394 1870 pugna
1422 1798 1686 1867 consilio,
1720 1800 1973 1854 auctori.
2004 1827 2052 1892 Β
2085 1808 2269 1864 quum
2295 1799 2420 1849 erat
2449 1795 2778 1867 sanguinis,
2811 1797 3150 1868 detrahunt)
3181 1815 3315 1854 cum
3349 1798 3603 1855 militum
3637 1816 3730 1855 ro-

316 1893 460 1957 tate,
503 1889 715 1960 Opibus
748 1888 1048 1955 omnibus,
1110 1887 1389 1942 adversus
1421 1903 1539 1957 eos,
1600 1888 1697 1957 qui
1743 1893 1828 1942 tot
1848 1889 1975 1958 jam
2008 1883 2049 1892 ”
2089 1883 2223 1937 bore
2256 1885 2534 1955 procedit,
2566 1885 2650 1941 ita
2698 1888 2894 1942 animo
2950 1894 3345 1960 comparatus,
3403 1894 3469 1945 ut
3497 1889 3731 1945 etiamsi

322 1978 592 2034 cladibus
636 1976 887 2048 patriam
919 1976 1258 2044 affecerunt,
1318 1980 1383 2030 ut
1439 1974 1701 2030 stultitiae
1734 1978 1810 2031 sit
1849 1993 1975 2046 spe-
2086 1971 2144 2026 in
2178 1972 2287 2029 hoc
2319 1973 2455 2027 belli
2486 1974 2823 2031 discrimine
2854 1976 2971 2031 vita
3000 1978 3114 2049 ipsi
3145 1980 3414 2048 ponenda
3444 1978 3540 2048 sit,
3582 1995 3733 2049 pra-

322 2084 476 2134 rare,
510 2066 583 2121 iis
625 2065 802 2121 salvis
861 2064 1285 2137 rempublicam
1345 2063 1561 2119 salvam
1625 2080 1752 2120 esse
1785 2080 1975 2137 posse.
2087 2061 2239 2117 clare
2264 2078 2461 2117 secum
2482 2068 2675 2118 actum
2703 2064 2774 2119 iri
2806 2069 2987 2135 putet,
3016 2067 3157 2121 dum
3181 2066 3523 2137 hujusmodi
3540 2071 3734 2138 pestes

327 2156 604 2211 Maneant
653 2154 752 2226 qui
781 2154 975 2209 volent
1006 2154 1065 2208 in
1117 2152 1357 2225 Siceleg,
1415 2154 1745 2209 subsistant
1800 2154 1975 2209 etiam
2086 2168 2120 2206 a
2149 2152 2351 2223 patrias
2377 2151 2698 2208 cervicibus
2725 2158 2963 2210 avertat.

318 2244 517 2316 ignavi
550 2244 621 2299 ad
664 2242 963 2299 sarcinas:
1024 2246 1087 2298 tu
1121 2258 1225 2297 nec
1278 2240 1462 2297 oculis
1500 2241 1619 2298 tuis
1677 2259 1976 2312 somnum,
2156 2245 2335 2312 Perge
2366 2240 2582 2313 itaque,
2644 2241 3007 2313 amplissime
3064 2243 3398 2312 cardinalis,
3440 2260 3571 2299 cum
3623 2243 3733 2299 for-

322 2351 429 2389 nec
463 2332 756 2405 palpebris
786 2331 1259 2387 dormitationem
1314 2331 1477 2403 prius
1519 2332 1651 2387 dato
1681 2332 1744 2400 ⁷ο,
1796 2348 1974 2403 quam
2082 2329 2313 2385 tissimo
2338 2333 2439 2384 tuo
2472 2345 2770 2401 germano,
2804 2336 3205 2387 senescentem
3244 2331 3493 2388 Galliam
3519 2334 3727 2402 fovere,

322 2440 457 2477 cum
491 2422 709 2477 Davide
739 2420 1114 2485 Amalecitas,
1147 2420 1310 2491 regni
1352 2419 1557 2491 spoliis
1587 2419 1972 2487 exsultantes,
2083 2425 2280 2492 atque,
2315 2427 2379 2476 ut
2411 2421 2591 2477 Graeci
2622 2420 2844 2488 dicunt,
2878 2419 3309 2498 ἀντιπελαργεῖν.
3343 2424 3506 2490 Quod
3526 2428 3726 2479 autem

321 2516 629 2567 assecutus
654 2510 923 2574 fueris",
956 2514 1129 2579 atque
1163 2509 1247 2563 ita
1278 2508 1540 2580 fregeris,
1574 2513 1638 2563 ut
1658 2510 1970 2566 nonlevem
2082 2510 2153 2565 ad
2210 2510 2632 2566 Nazianzenam
2692 2517 2951 2567 nostram
3012 2512 3459 2569 translationem
3491 2512 3723 2579 attinet,

319 2604 553 2654 tantum
587 2599 748 2670 pacis
779 2599 1048 2652 umbram
1108 2602 1165 2653 et
1219 2598 1393 2653 inane
1432 2598 1838 2667 simulacrum,
1867 2601 1967 2655 sed
2080 2599 2313 2655 tametsi
2372 2616 2486 2655 non
2536 2616 2696 2655 eram
2756 2600 3010 2669 nescius,
3044 2618 3173 2657 eam
3214 2602 3369 2658 haud
3401 2602 3717 2657 admodum

318 2703 515 2753 veram
547 2704 614 2742 ac
646 2684 894 2742 solidam
928 2702 1128 2758 pacem
1160 2685 1482 2742 videamus.
2078 2688 2315 2760 dignam
2349 2705 2497 2754 esse,
2550 2704 2679 2759 quas
2736 2689 2796 2743 in
2851 2694 2953 2745 tuo
3012 2690 3250 2746 nomine
3289 2694 3614 2762 appareret,
3649 2688 3722 2745 ob

390 2778 498 2832 Sed
531 2776 671 2848 quid
707 2792 812 2847 ego
846 2775 968 2831 haec
1030 2776 1099 2830 ad
1132 2783 1184 2830 te
1206 2775 1233 2830 ?
1291 2776 1467 2840 Quasi
1496 2794 1627 2832 vero
1684 2782 1785 2831 aut
1816 2794 1964 2849 mea,
2076 2777 2275 2849 idque,
2311 2794 2380 2831 ne
2409 2778 2477 2833 ad
2513 2784 2568 2832 te
2626 2794 2758 2832 cum
2790 2777 3015 2834 tantillo
3063 2794 3305 2834 munere
3363 2779 3720 2847 accederem,

322 2870 425 2920 aut
452 2867 802 2937 cujusquam
831 2865 1227 2919 cohortatione
1274 2882 1421 2936 opus
1468 2866 1705 2936 habeas,
1738 2868 1835 2938 qui
1868 2872 1969 2922 tua
2076 2867 2299 2938 pudore
2330 2866 2609 2921 nonnullo
2639 2867 2975 2922 deterrebar
3003 2883 3017 2922 ε
3052 2867 3186 2923 fecit
3213 2871 3411 2923 tamen
3443 2871 3723 2939 perpetua

332 2959 533 3024 sponte
562 2954 768 3025 curris,
802 2958 858 3009 et
898 2959 963 3008 ut
989 2969 1177 3009 vacca:
1205 2953 1317 3008 illae
1377 2953 1713 3022 Palaestinae,
1774 2972 1968 3011 arcam
2074 2958 2177 3009 tua
2208 2954 2566 3022 humanitas,
2602 2971 3007 3028 propensaque
3036 2972 3174 3028 erga
3204 2955 3498 3011 studiosos
3520 2970 3725 3011 omnes

332 3041 429 3096 Dei
462 3046 768 3112 gestantes,
830 3042 886 3096 in
930 3042 1220 3097 directum
1252 3042 1534 3115 graderis,
1575 3059 1680 3098 nec
1729 3044 1800 3098 ad
1833 3044 1966 3098 dex-
2075 3043 2365 3105 voluntas.
2400 3049 2463 3098 ut
2495 3044 2650 3098 hunc
2700 3049 2921 3099 metum
2970 3045 3385 3116 abstergerem,
3436 3060 3570 3099 cum
3604 3058 3726 3099 me-

326 3135 478 3186 tram
509 3137 609 3186 aut
665 3132 969 3187 sinistram
1003 3130 1261 3187 declinas
1290 3132 1370 3187 72:
1405 3130 1465 3185 in
1496 3131 1605 3187 hoc
1653 3137 1805 3187 certe
1831 3149 1964 3188 cum
2002 3187 2040 3205 η
2079 3149 2213 3187 cum
2245 3133 2616 3203 cogitassem,
2651 3149 2997 3204 magnorum
3028 3133 3359 3205 principum
3413 3147 3562 3200 esse,
3611 3147 3728 3187 non

321 3218 470 3275 alios
501 3236 704 3275 omnes
736 3220 1090 3276 fratrestuos
1119 3219 1479 3275 clarissimos
1494 3221 1809 3291 principes,
1841 3225 1967 3277 tum
1999 3187 2041 3255 α
2082 3221 2280 3276 minus
2306 3221 2555 3277 libenter
2587 3238 2760 3293 parva
2789 3221 3070 3293 accipere,
3112 3238 3288 3293 quam
3322 3237 3538 3293 magna
3566 3221 3724 3287 dare,

319 3310 648 3381 praesertim
682 3308 1379 3379 incomparabilemillum
1395 3308 1816 3377 heroem,illud
1839 3310 1972 3366 belli
2081 3310 2329 3381 diisque,
2361 3314 2427 3364 ut
2456 3309 2697 3381 quidam
2754 3308 2813 3364 in
2865 3308 3043 3365 simili
3083 3325 3262 3365 causa
3318 3307 3546 3364 dicebat
3591 3308 3725 3376 (75),

318 3397 566 3464 fulmen,
596 3396 766 3453 illum
798 3397 1032 3454 Israelis
1090 3414 1326 3453 currum
1368 3403 1425 3453 et
1454 3399 1719 3470 aurigam
1749 3400 1815 3467 ⁷³,
1866 3401 1972 3455 do-
2083 3415 2197 3453 non
2231 3398 2419 3454 solum
2452 3398 2644 3465 thure,
2676 3398 2778 3454 sed
2810 3398 2985 3453 etiam
3017 3397 3174 3453 mola
3230 3398 3386 3453 salsa
3415 3395 3590 3452 litari.
3626 3396 3725 3451 Ac-

322 3502 576 3558 musque
602 3486 701 3541 Dei
734 3502 970 3541 murum
1021 3485 1178 3541 haud
1210 3487 1384 3542 dubie
1441 3486 1731 3543 aheneum
1752 3489 1798 3522 7‘
1827 3488 1972 3544 refe-
2082 3488 2209 3560 cipe
2237 3504 2369 3558 ergo
2400 3493 2566 3559 grato
2615 3504 2681 3543 ac
2708 3487 2912 3543 libenti
2943 3487 3138 3543 animo
3170 3486 3278 3543 hoc
3306 3485 3592 3558 quidquid
3639 3488 3728 3541 est

314 3592 478 3642 rens,
510 3575 809 3640 Martium,
859 3575 1125 3647 inquam,
1186 3574 1355 3630 illum
1414 3576 1811 3643 Franciscum,
1870 3578 1971 3649 qui
2082 3576 2363 3643 muneris,
2396 3576 2795 3633 illustrissime
2825 3576 3161 3644 cardinalis,
3193 3576 3478 3646 mihique,
3513 3573 3563 3630 si
3611 3573 3725 3628 im-

316 3663 503 3719 simul
534 3669 590 3719 et
620 3664 854 3718 Domini
894 3668 950 3718 et
1008 3665 1161 3734 regis
1201 3664 1292 3719 sui
1350 3664 1547 3735 praelia
1577 3666 1968 3737 praeliabatur,
2082 3672 2332 3739 portuna
2361 3667 2615 3737 quadam
2646 3666 2734 3721 tui
2765 3666 3242 3738 interpretatione
3284 3662 3534 3736 publicis
3564 3677 3725 3717 com-

321 3753 522 3823 aquila
551 3751 822 3821 velocior,
855 3751 1021 3808 leone
1049 3752 1271 3823 fortior,
1304 3770 1448 3825 rupe
1487 3753 1729 3823 ﬁrmior,
1764 3755 1973 3826 plenus
2082 3755 2274 3811 modis
2306 3771 2529 3810 moram
2543 3754 2733 3823 attuli,
2755 3753 3530 3825 velimignoscas.Dominus
3552 3751 3724 3807 Jesus

313 3840 577 3897 victoriis
611 3858 679 3896 ac
708 3840 1048 3912 triumphis.
1107 3841 1285 3911 Cujus
1319 3840 1431 3896 nisi
1462 3842 1778 3914 singularis
1809 3860 1971 3915 quaa-
2080 3849 2137 3899 te
2166 3860 2343 3915 quam
2397 3843 2727 3899 diutissime
2784 3842 3050 3897 Ecclesiae
3080 3859 3198 3897 suae
3228 3841 3585 3897 incolumem
3609 3854 3727 3893 ser-

322 3930 461 3986 dam
492 3947 557 3985 ac
590 3946 770 4001 prope
805 3929 1002 3985 divina
1024 3929 1211 3985 virtus
1256 3931 1656 3986 incredibilem
1704 3931 1971 3988 hostibus
2078 3936 2190 3988 vet.
2223 3931 2589 3986 Nannetibus
2622 3932 2687 3984 15
2718 3929 2957 3985 Kalend.
2989 3930 3230 3985 Januar.
3263 3945 3418 3983 anno
3450 3944 3483 3982 a
3522 3924 3726 3981 saluti-

325 4024 606 4073 terrorem
676 4017 993 4083 attulisset,
1042 4035 1346 4089 nunquam
1397 4035 1537 4074 sane
1584 4024 1704 4074 tam
1752 4020 1970 4077 nefario
2080 4021 2201 4077 fero
2232 4026 2401 4092 partu
2435 4018 2894 4091 quingentisimo
2951 4018 3312 4089 sexagesimo
3362 4032 3515 4073 nono
3548 4030 3728 4086 supra

328 4106 643 4179 parricidio
700 4123 829 4163 sese
857 4108 1271 4179 devinxissent,
1331 4124 1435 4163 nec
1490 4108 1658 4165 toties
1715 4109 1971 4166 salutare
2079 4108 2479 4166 millesimum.

326 4387 471 4469 Πρρς
555 4389 646 4469 τρν
724 4388 880 4469 αυτὸν
957 4388 1370 4469 ἐπιφανέστατον
1460 4397 1560 4469 τῆς
1625 4392 1787 4469 ,κατᾷ
1866 4393 1943 4462 τήε

2110 4394 2227 4451 dem
2250 4394 2321 4450 ad
2348 4394 2602 4450 eumdem
2658 4395 3101 4469 illustrissimum
3151 4393 3400 4469 Ecclesia:
3429 4393 3727 4451 Gallicana

398 4460 665 4547 Ϋραγκίαν
724 4460 1072 4552 Ἱξκκλησέαις¹
1103 4461 1410 4536 προστάτην
1458 4460 1549 4518 καὶ
1590 4460 1965 4539 εὐγενέστατον

1894 4460 1965 4519 τὸν
2289 4469 2587 4523 antistitem
2617 4470 2671 4522 et
2722 4466 3133 4523 nobilissimum
3186 4468 3511 4539 principem.

404 4550 664 4606 αρχοντα,
695 4552 791 4587 του
822 4550 1009 4589 αυτου.

327 4661 499 4731 Ἔργα
528 4661 661 4711 Θεοῦ
690 4658 929 4729 xoptem,
958 4659 1177 4731 κομέεις
1212 4656 1268 4713 δέ
1295 4679 1354 4713 τε
1380 4659 1470 4713 καὶ
1504 4656 1791 4734 βασιλῆος,

2083 4664 2194 4720 Res
2225 4662 2353 4720 coeli
2386 4666 2627 4729 tractas,
2659 4666 2993 4734 tractasque
3024 4662 3256 4735 negotia
3288 4663 3472 4738 regni,

398 4746 561 4800 Ὥστε
591 4745 715 4822 ῥόος
746 4751 997 4820 ποταμοῦ
1028 4744 1225 4823 ἄνδιχα
1252 4747 1607 4821 τεμνόμενος.

2152 4753 2370 4809 Ambas
2401 4753 2459 4807 in
2493 4756 2686 4824 partes
2717 4751 2961 4807 finditur
2991 4756 3054 4807 ut
3082 4752 3315 4808 ﬂuvius.

329 4835 520 4890 Πιστὸν
550 4831 667 4911 ἔχει
697 4836 991 4911 θεράποντα
1020 4836 1172 4905 Θεὸς,
1205 4836 1294 4891 καὶ
1325 4837 1513 4891 πιστὸν
1541 4836 1811 4914 ἀνάκτωρ,

2083 4841 2290 4897 Fidum
2326 4846 2380 4897 te
2409 4842 2632 4912 praebes
2662 4840 2932 4913 regisque
2966 4841 3179 4911 Deique
3211 4841 3569 4908 ministrum,

402 4923 596 4978 Πιστὸν
626 4922 742 5000 ἔχει
773 4924 1066 5001 πρόμαχον
1098 4926 1299 4993 πίστις,
1332 4924 1555 5001 ἔρεισμα
1581 4926 1795 5002 πατρίς.

1698 4926 1795 5001 οἷς.
2156 4933 2240 4986 Tu
2265 4930 2479 4985 vallum
2515 4931 2669 5001 fidei,
2702 4935 2764 4984 tu
2796 4928 3065 4985 columen
3098 4931 3315 5002 patriae.

330 5012 391 5068 Ἥ
423 5011 469 5067 δ’
494 5012 657 5087 ἀρετή
690 5011 975 5086 μελέτημα
1002 5014 1143 5082 τεὸν,
1173 5014 1429 5090 Χριστοῖό
1448 5035 1507 5069 τε
1537 5019 1695 5088 σῶμα

2086 5020 2217 5076 Haec
2245 5024 2346 5075 tua
2376 5037 2537 5088 cura,
2570 5020 2746 5074 decus
2774 5018 3029 5089 virtutis,
3053 5022 3311 5075 sternere
3341 5019 3553 5076 Christi

401 5101 700 5176 Σχίζοντας
738 5100 973 5176 βαλέειν,
1003 5101 1327 5179 αἶ’μοχαρεῖς
1355 5123 1415 5159 τε
1444 5101 1667 5165 λύκους.

2157 5109 2379 5180 Corpus
2399 5109 2753 5175 scindentes,
2785 5106 3228 5179 mortiferosque
3256 5106 3449 5181 lupos.

328 5189 595 5258 Τοῧνεκεν,
629 5191 674 5245 εἰ
705 5190 987 5246 πάντεσσιν
1018 5192 1267 5268 ἀπήχθεο
1295 5198 1439 5248 τοῖσι
1465 5192 1762 5265 κακίστοις,

1748 5240 1762 5265 ,
2096 5199 2175 5253 Ad
2206 5201 2262 5253 te
2290 5215 2402 5253 non
2436 5200 2703 5253 moveant
2731 5196 2847 5252 odii
2879 5197 3114 5251 turbata
3140 5213 3362 5253 veneno

398 5276 562 5333 Οὐδέν
592 5281 793 5352 θαῦμα·
824 5279 986 5343 κύνας
1019 5282 1121 5356 γὰρ
1155 5280 1432 5358 στυγέουσι
1470 5279 1649 5340 λύκοι.

2160 5288 2379 5343 Corda:
2414 5286 2619 5359 lupum
2647 5286 2907 5357 jungunt
2938 5283 3156 5340 foedera
3185 5284 3348 5343 nulla
3373 5287 3523 5345 cani.

397 5432 779 5518 f°ITim‘.AVI,
804 5436 941 5518 12."
1074 5435 1221 5491 Psal.
1253 5452 1443 5518 ειιιιξι,
1626 5437 1719 5492 ⁷²Ι
1775 5437 2286 5518 Reg.x15§,_l_s_qq.
2397 5439 2520 5518 “il
2548 5441 2692 5518 Reg:
2729 5458 2817 5518 ivn,
2851 5444 2973 5518 _12.
3076 5444 3144 5518 ⁷³,
3187 5443 3269 5518 ιν,
3330 5445 3472 5518 Reg.
3524 5459 3586 5517 ιι,
3651 5444 3736 5500 12⁸

331 5503 507 5561 “Jer.
550 5522 593 5575 ι,
636 5506 726 5560 18.
804 5506 849 5540 ⁷⁵
888 5507 1093 5563 Matth.
1133 5524 1213 5579 ιιι,
1253 5508 1307 5563 7.
1384 5509 1430 5544 7°
1469 5508 1641 5565 Joan.
1681 5524 1782 5579 xu,
1824 5503 1913 5565 25.

1694 5524 1782 5579 ιιι,
1824 5503 1913 5565 25.
1991 5503 2145 5567 ττιν
2182 5503 2317 5583 Reg.
2356 5528 2416 5581 ιι,
2459 5511 2544 5568 13.
2587 5503 2692 5569 “VI
2726 5503 2985 5571 Machab.
3020 5532 3097 5586 ιχ,
3122 5516 3212 5589 30,
3248 5517 3311 5571 31

403 5638 515 5714 (75)
539 5637 694 5695 Plin.
730 5637 799 5694 in'
833 5640 1006 5712 epist.
1053 5657 1314 5713 nuncup.

655 5765 917 5828 ΡΑι-ιιοι..
964 5765 1073 5829 Gn.
1119 5766 1364 5835 XXXV.
3391 5778 3469 5863 ιι
