4096 6288
377 329 491 401 331
1512 322 1787 386 JACOBI
1835 322 2065 384 BILLIl
2114 322 2716 385 PREFATIONES.
3679 329 3797 390 332

378 465 443 515 In
465 466 521 515 te
547 476 661 514 non
695 457 911 512 mirum
943 456 1088 510 livor
1119 454 1166 510 si
1201 458 1469 526 torqueat
1493 472 1693 511 arma:

2055 455 2109 522 Α
2142 451 2296 523 Οὐδὲ,
2327 455 2452 522 τεὴν
2487 453 2681 529 ἀρετὴν
2709 452 2790 509 ὅτι
2829 452 3090 529 βάσκανον
3125 450 3280 528 ὄμμα
3307 455 3555 528 τιταίνει,

451 546 665 604 Virtuti
699 562 930 616 semper
960 544 1153 600 tristia
1185 543 1336 599 bella
1363 545 1497 599 ciet.

2217 544 2406 614 Θαῦμά
2439 544 2492 616 μ’
2525 541 2659 618 ἔχει·
2693 542 2885 606 καλοῖς
2918 545 2945 598 ὁ
2977 544 3172 621 φθόνος
3204 545 3396 621 ἐχθρὸς
3426 546 3538 603 ἀεί.

379 638 587 693 Invida
613 636 913 691 tabescant
939 633 1028 689 vis
1050 633 1318 706 agmina;
1351 634 1524 688 turba
1553 631 1752 688 dolore

2140 634 2401 702 Τήκεσθαι
2434 631 2723 708 φθονεροὺς
2755 631 2980 703 ἐθέλεις,
3012 634 3101 687 καὶ
3140 634 3361 708 ἀνάρσια
3394 633 3537 714 φῦλα

450 728 714 797 Angatur
743 723 945 778 rabido
977 723 1253 793 dogmata
1284 739 1458 791 prava
1491 739 1691 778 serens
1713 721 1740 775 ?

2212 723 2510 796 Αἱρετικῶν
2542 729 2824 798 κρατεροῖς
2849 723 3063 799 ἄλγεσιν
3093 724 3368 796 ὲμπελάᾳν
3392 745 3403 795 ;

380 815 681 871 Certamen
713 817 870 868 certa
896 811 1030 866 ﬁdei
1057 829 1070 879 ;
1101 811 1354 882 virtutis,
1389 816 1454 866 ut
1484 811 1644 882 olim,

2141 805 2362 865 Εὐσεϐεῖ
2390 813 2704 886 προμάχιζε
2736 809 2913 886 λόγῳ·
2954 813 3298 886 χραίσμησον
3334 815 3541 868 ἄνακτι·

449 907 630 975 Perge
660 902 814 957 viam
839 919 853 970 ;
887 901 972 956 fer
1000 917 1170 972 opem
1200 900 1634 972 consiliumque
1665 902 1900 958 throno.

1782 917 1900 957 )no.
2210 899 2476 969 Παντοίης
2510 900 2728 976 ἀρετῆς,
2762 901 2837 962 ὡς
2866 902 3214 978 τοπάροιθεν,
3246 900 3399 978 ἔχου.

375 997 517 1065 Igne
548 1007 687 1047 suos
719 995 847 1046 uret
875 990 1054 1046 livor:
1083 990 1371 1061 disrupta,
1407 990 1622 1046 furoris

2139 988 2212 1057 Δή
2245 987 2367 1042 τότε
2394 989 2482 1042 καὶ
2514 989 2804 1066 φθονεροὺς
2833 990 2980 1060 τήξει
3013 990 3229 1067 φθόνος.
3263 990 3539 1056 ἀντιθέους
3587 1013 3642 1047 τε

445 1080 681 1139 Occidet
709 1095 843 1136 esca
871 1078 984 1152 sui,
1017 1095 1158 1152 gens
1191 1078 1432 1135 inimica
1464 1080 1594 1135 Deo.

2207 1078 2400 1151 ’Όψεαι
2435 1077 2718 1157 αὐτοφόνῳ
2753 1079 3117 1154 βοσκομένους
3153 1080 3334 1156 μανίῃ.

981 1319 1235 1392 Ejusdem
1264 1319 1404 1375 alia.

2684 1324 2788 1374 Τοῦ
2820 1319 2983 1376 αὑτοῦ
3011 1317 3190 1396 ἕτερον
3205 1364 3216 1378 .

371 1409 700 1467 Pandoram
734 1410 932 1465 divum
966 1409 1202 1464 donavit
1233 1409 1398 1480 copia
1430 1407 1649 1463 mundo
1676 1425 1688 1463 :

2131 1404 2426 1482 Πανδώρην
2459 1409 2590 1463 ποτὲ
2620 1407 2757 1463 δῶκε
2795 1411 2928 1464 θεῶν
2961 1412 3131 1486 χορὸς
3161 1408 3463 1486 ἡμερίοισι·

441 1500 774 1558 Pandorum
807 1499 977 1554 nobis
1006 1501 1062 1553 te
1094 1497 1254 1553 dedit
1284 1497 1687 1569 Omnipotens.

2202 1494 2491 1572 Πάνδωρόν
2523 1519 2578 1552 σε
2613 1499 2774 1575 μέγας
2809 1501 2942 1570 ἡμῖν
2979 1495 3146 1553 ἔδωκε
3178 1499 3328 1562 Θεός.

371 1589 459 1646 Illi
488 1588 547 1644 in
579 1588 894 1661 perniciem
928 1591 1188 1642 nostram
1223 1588 1384 1656 (nam
1417 1585 1772 1658 perniciosos

2130 1585 2192 1637 Οἰ
2228 1586 2322 1658 μὲν
2357 1584 2438 1638 ἐπ’
2473 1586 2726 1660 ἀργαλέῳ
2770 1587 3022 1663 μερόπων
3054 1593 3224 1661 κοικῷ-
3262 1589 3338 1650 ὡς
3364 1588 3466 1665 γὰρ
3499 1589 3679 1662 ἐῴκει,

441 1678 775 1735 Perniciosa
806 1678 971 1732 decet
990 1676 1223 1731 mittere
1245 1677 1398 1730 dona
1426 1676 1607 1746 deos).

2201 1673 2546 1746 Οὐλομὲνους
2574 1676 2805 1749 πέμπειν
2841 1673 3000 1731 οὕλια
3028 1675 3174 1752 δῶρα
3206 1678 3380 1739 θεούς·

369 1767 475 1823 Hic
506 1784 638 1823 vero
669 1768 741 1822 ad
773 1766 1004 1838 generis
1035 1764 1364 1821 certissima
1384 1765 1689 1821 commoda
1719 1764 1902 1819 nostri
1929 1779 1942 1819 :

2047 1763 2094 1826 B
2123 1765 2216 1824 Ὃς
2249 1761 2293 1815 δ’
2327 1763 2412 1817 ἐπὶ
2443 1762 2521 1836 τῷ
2551 1764 2764 1819 πάντων
2798 1767 3000 1839 ἀγαθῷ·
3033 1765 3122 1819 καὶ
3154 1768 3257 1841 γὰρ
3305 1765 3633 1842 παναρίστου

437 1856 757 1911 Commoda
785 1854 1001 1927 quippe
1031 1853 1218 1909 bonus
1250 1855 1350 1909 dat
1381 1871 1488 1909 sua
1518 1854 1670 1909 dona
1699 1853 1874 1908 Deus.

1867 1894 1874 1907 .
2194 1853 2371 1907 Ηάντα
2403 1857 2534 1907 Θεοῦ
2567 1853 2809 1928 χθονίοις
2841 1856 3090 1930 χρήσιμα
3123 1851 3269 1930 δῶρα
3307 1853 3484 1913 πέλει.

621 2014 694 2076 In
723 2014 1166 2077 Nazianzenam
1202 2013 1272 2074 D.
1307 2013 1522 2075 Jacobi
1547 2012 1724 2073 Billii
1752 2010 1977 2153 abbbbatis
2011 2013 2363 2156 gfz'chailz'ni
2391 2015 2830 2077 translationem
2864 2015 3013 2078 God.
3047 2016 3266 2078 Btllius
3305 2019 3520 2098 frater,

1768 2113 1806 2155 a
1876 2113 1942 2154 as
2060 2113 2224 2155 mcen
2255 2115 2360 2154 ius.

1768 2113 1942 2155 αοοαε
2017 2113 2360 2155 Vincentius.

357 2247 668 2320 Gregorius
700 2247 998 2319 quondam
1030 2244 1221 2316 patria
1250 2243 1459 2299 tellure
1490 2245 1752 2315 fugatus,
2126 2245 2433 2301 Condoluit
2463 2246 2638 2300 frater
2659 2245 2924 2317 profugo,
2951 2246 3266 2318 docuitque
3294 2251 3590 2320 rogantem

424 2337 743 2410 Appulerat
773 2335 939 2392 sedes
970 2335 1133 2390 exsul
1157 2335 1227 2389 ad
1260 2333 1564 2389 Occiduas.
2196 2333 2426 2389 Mollius
2459 2334 2737 2390 Ausoniis
2764 2336 2942 2390 verba
2975 2353 3183 2391 sonare
3234 2337 3444 2393 modis.

357 2429 644 2499 Excepere
674 2425 864 2482 virum
895 2424 1170 2495 quidam:
1208 2423 1308 2478 sed
1342 2422 1514 2477 balba
1535 2421 1838 2494 loquentes
2125 2423 2369 2478 Miratur
2392 2424 2515 2493 jam
2548 2423 2884 2495 Gregorius,
2910 2425 3255 2496 dubitatque
3288 2425 3593 2498 Pelasgum

428 2515 594 2572 Hunc
617 2515 792 2571 etiam
813 2513 985 2570 balbe
1017 2512 1375 2569 condocuere
1401 2511 1582 2582 loqui.
2195 2511 2392 2567 Dicere
2421 2527 2482 2568 se
2514 2512 2756 2584 posthac
2785 2513 3017 2582 debeat,
3049 2531 3122 2569 an
3158 2514 3410 2571 Latium.

641 2675 710 2739 G.
749 2674 1156 2737 Genebrardus
1195 2672 1512 2752 Theologus
1539 2672 1912 2744 Parmensis,
1948 2671 2030 2752 ad
2068 2671 2146 2732 D.
2178 2671 2460 2733 Jacobum
2491 2672 2748 2733 Billium
2787 2674 3271 2750 cwnobiarcham,
3303 2678 3487 2738 trium

1082 2750 1422 2834 linguarum
1451 2755 1897 2833 peritissimum,
1935 2750 2219 2833 Gregorii
2240 2752 2642 2814 Nazianzemi
2665 2755 3060 2835 interpretem.

360 2909 700 2983 Gregorium
736 2907 808 2963 ob
837 2910 1070 2962 versum
1099 2909 1298 2961 nostra
1327 2909 1382 2959 te
1413 2921 1546 2960 voce
1578 2903 1794 2960 salutat

1774 2908 1794 2959 t
2118 2905 2241 2957 Δῖάν
2277 2924 2370 2956 σου
2401 2902 2640 2981 κεφαλὴν
2667 2903 2948 2973 ἀσπάζοντ’
2981 2904 3108 2958 ἐννέ’
3137 2903 3391 2983 ἀδελφαὶ,

421 2997 603 3055 Pieris
624 3002 682 3053 et
708 2995 1002 3051 Charitum
1037 2994 1194 3049 nuda
1239 3010 1452 3048 corona
1481 2993 1681 3048 trium.

2185 2992 2345 3046 Ταυτί
2373 3013 2431 3046 τε
2461 2993 2824 3070 γυμνοχρόων
2857 2991 3021 3067 δρῶσι
3056 2994 3186 3068 γένη
3219 2994 3487 3068 Χαρίτων.

349 3090 497 3155 Qiun
519 3092 576 3144 et
608 3085 921 3158 Gregorius
951 3087 1110 3140 tanto
1143 3099 1246 3154 pro
1281 3097 1519 3138 munere
1550 3099 1814 3138 summas

2114 3081 2414 3157 Γρηγόριος
2447 3079 2491 3136 δ’
2524 3083 2679 3143 αὐτὸς
2715 3081 2900 3150 ζαθέαν
2937 3080 3005 3136 δι’
3039 3083 3171 3156 ἐμοῦ
3200 3084 3361 3159 ’χάριν
3396 3083 3561 3154 οἶδεν,

421 3181 565 3234 Cum
597 3191 875 3247 superum
902 3178 1092 3246 grates
1116 3171 1346 3244 agmine
1379 3177 1581 3244 gratus
1607 3171 1743 3244 agit.
2029 3231 2038 3247 Α

2029 3226 2068 3247 Π
2182 3173 2330 3225 Ὅττι
2369 3171 2461 3244 μὶν
2492 3172 2566 3232 ὡς
2598 3173 2801 3246 Ἑρμῆν
2837 3171 2964 3247 ἔσχε
2994 3193 3051 3226 σε
3083 3171 3365 3230 Αὐσόνιον.

428 3226 565 3234 π..-
597 3226 875 3247 -_r_____
1121 3226 1184 3244 νυ
1329 3226 1336 3227 ,
1379 3226 1413 3244 υ
1460 3226 1463 3227 ,
1565 3226 1574 3227 ,
1643 3231 1672 3244 ν

349 3267 497 3324 Nam
528 3281 661 3320 cum
684 3262 1006 3319 barbaricis
1037 3262 1176 3317 olim
1209 3261 1548 3332 graderetur
1578 3260 1636 3314 in
1669 3259 1840 3328 arvis,

2026 3226 2068 3293 C
2108 3261 2193 3314 ’Ev
2223 3226 2432 3336 χώραις
2464 3226 2739 3335 προπαλαι
2763 3226 2870 3336 ’γὰρ
2903 3226 3088 3333 ἓνῴκει
3125 3226 3595 3341 βαρϐαροφώνοις,

419 3357 556 3411 Arte
584 3357 686 3410 tua
697 3353 823 3424 jam
855 3367 1011 3406 nunc
1041 3366 1222 3424 regna
1253 3349 1458 3405 Latina
1486 3353 1663 3404 tenet.

2179 3353 2285 3402 Νὖν
2316 3347 2372 3404 δὲ
2401 3346 2517 3424 ἔχει
2550 3348 2638 3405 διὰ
2669 3354 2764 3403 σοῦ
2795 3352 2993 3421 σκήνεα
3021 3350 3321 3425 Ῥωμαϊκά.

351 3517 602 3580 Joannis
662 3510 961 3593 Chalardi
1005 3511 1411 3593 Aquipersani
1461 3508 1544 3571 ad
1589 3508 1967 3593 Megaenajem
2030 3530 2199 3571 suum
2257 3511 2337 3572 Β.
2394 3512 2678 3572 Jacobum
2731 3512 3000 3585 Billium,
3060 3512 3280 3574 Sancti
3327 3511 3626 3593 Michaelis
3684 3515 3744 3573 in

433 3598 659 3661 Eremo
728 3592 1010 3656 Abbatem
1053 3589 1511 3666 ornatissimum,
1561 3599 1616 3651 et
1666 3589 1747 3652 Β.
1811 3589 2091 3672 Gregorii
2142 3594 2403 3675 episcopi
2451 3593 2829 3654 Nazianzeni
2894 3594 3268 3674 interpretem
3320 3592 3749 3673 ﬁdelissimum,

431 3681 821 3760 epigramma.

349 3827 423 3884 Ut
450 3826 644 3882 Tobiae
667 3825 855 3881 lucem
887 3822 1115 3880 soboles
1138 3822 1420 3894 perchara
1451 3822 1678 3893 parenti
2104 3824 2211 3879 Sed
2239 3828 2300 3879 tu
2328 3828 2604 3896 praeterea
2632 3839 2832 3880 vocem
2864 3840 3001 3880 cum
3034 3824 3259 3880 lumine
3291 3824 3511 3896 reddis,

421 3915 698 3972 Restituit
717 3915 781 3984 το,
807 3913 890 3969 sic
915 3917 979 3968 tu
1009 3912 1238 3967 lumina
1270 3911 1565 3982 Gregorio.
2179 3912 2249 3968 Ut
2274 3915 2445 3968 modo
2478 3929 2611 3968 cum
2643 3914 2858 3969 Gracia
2889 3914 3063 3969 verba
3094 3914 3296 3970 Latina
3328 3918 3514 3971 sonet.

347 4005 455 4063 Ille
485 4005 718 4077 quidem
755 4002 937 4075 patris
967 4019 1034 4058 ex
1065 4000 1250 4058 oculis
1282 4000 1528 4073 caligine
1561 4000 1752 4073 pulsa,
2106 4001 2198 4056 Sic
2231 4017 2332 4072 per
2363 4007 2416 4055 te
2448 4001 2743 4072 (praeclara
2763 4004 2880 4058 duo
2906 4002 3208 4071 miracula)
3230 4019 3417 4074 nuper

419 4095 507 4149 Tu
537 4109 668 4148 vero
699 4109 732 4146 a
753 4095 872 4146 toto
903 4107 1140 4162 corpore
1180 4090 1459 4161 Gregorii.
2175 4095 2368 4146 Caecus
2398 4095 2455 4145 et
2485 4091 2735 4163 elinguis
2767 4108 2921 4146 nunc
2952 4091 3128 4162 videt,
3163 4096 3219 4146 et
3249 4090 3529 4163 loquitur.

347 4182 522 4238 Illum
556 4197 696 4237 nam
725 4179 901 4236 veluti
936 4181 1082 4234 fcede
1107 4182 1351 4234 caacarat
1379 4177 1652 4248 hirundo,
2103 4179 2206 4233 Vis
2241 4180 2485 4235 referam
2506 4181 2698 4250 majus
2721 4179 2748 4233 ‘?
2781 4181 3070 4250 Totojarn
3112 4180 3295 4251 fulget
3340 4181 3400 4234 in
3448 4180 3608 4250 orbe,

421 4270 586 4326 Hunc
614 4269 697 4325 ita
725 4268 1072 4323 mendorum
1102 4267 1290 4323 versio
1331 4266 1502 4338 plena
1533 4267 1708 4338 prior.
2176 4267 2284 4332 Qui
2310 4267 2468 4324 velut
2499 4269 2557 4323 in
2585 4269 2841 4325 tenebris
2863 4273 2996 4325 ante
3021 4267 3286 4340 sepultus
3317 4273 3460 4325 erat.

1499 4436 1791 4518 Ejusdem
1840 4437 2135 4501 (.‘liatardi
2175 4439 2257 4500 ad
2287 4440 2579 4502 lectorem.

346 4574 685 4649 Squallidus
704 4572 764 4627 in
799 4586 946 4627 caaco
967 4570 1257 4642 Josephus
1284 4585 1532 4637 carcere,
1565 4571 1780 4643 dignus
2023 4573 2069 4636 D
2174 4573 2398 4644 Dignus
2430 4574 2529 4644 qui
2551 4573 2752 4629 volitet
2782 4575 2993 4628 cuncta
3023 4588 3128 4643 per
3157 4589 3258 4628 ora
3286 4571 3496 4629 virum.

415 4665 524 4720 Vix
553 4667 676 4719 erat
705 4666 942 4733 aspectu
976 4660 1148 4732 regis,
1183 4665 1240 4715 et
1270 4659 1543 4732 alloquio.
2102 4661 2325 4728 Billius,
2356 4662 2532 4734 idque
2553 4661 2742 4716 libens
2773 4677 2987 4733 magno
3019 4661 3230 4716 sudore
3261 4661 3481 4732 peregit

348 4752 486 4811 Inde
510 4752 611 4809 sed
642 4752 910 4819 eductus,
948 4750 1098 4805 foedo
1129 4749 1421 4821 squallore
1451 4754 1693 4817 remoto,
2171 4751 2354 4816 Unus,
2390 4751 2544 4822 quod
2571 4749 2741 4805 multi
2765 4766 2878 4805 non
2906 4753 3142 4821 potuere
3172 4749 3371 4803 simul.

415 4840 701 4912 Principis
731 4843 788 4894 et
817 4837 1014 4910 populi
1054 4837 1265 4908 dignus
1286 4854 1483 4893 amore
1507 4838 1631 4893 fuit.
2100 4839 2379 4894 Praestitis
2410 4838 2502 4893 hic
2535 4838 2698 4894 labor
2728 4843 2835 4905 est,
2872 4855 2987 4909 quo
3034 4855 3148 4892 non
3182 4835 3550 4908 praestantior
3581 4833 3754 4907 alter,

344 4932 437 4988 Sic
469 4946 701 5002 quoque
741 4927 1053 5000 Gregorius
1082 4929 1220 4982 dum
1253 4928 1524 4983 sordidus
1559 4931 1690 4983 ante
1716 4928 1936 4998 jaceret
2171 4928 2488 4999 Pluresque
2520 4927 2735 5000 ingenii
2769 4927 2868 4999 qui
2901 4927 3000 4982 libi
3032 4930 3218 4981 servet
3247 4942 3425 4996 opes:

415 5019 674 5084 Obsitus,
696 5017 978 5089 indignus
1009 5016 1106 5086 qui
1138 5016 1446 5089 legeretur.
1479 5021 1623 5072 erat.
2099 5019 2179 5072 Ex
2210 5017 2302 5070 his
2333 5034 2479 5087 quas
2511 5016 2676 5071 facile
2711 5016 2930 5070 fulvum
2963 5015 3119 5069 velut
3140 5030 3334 5086 ungue
3365 5013 3592 5069 leonem

342 5107 516 5164 Nulla
544 5108 759 5163 etenim
793 5106 1068 5179 gravibus
1101 5106 1254 5160 vitiis
1287 5105 1514 5177 pagella
1546 5105 1777 5160 carebat
2169 5105 2469 5168 Peimitiis.
2501 5104 2684 5160 lector
2703 5104 2967 5169 candide,
3001 5119 3176 5158 nosse
3205 5107 3385 5175 potes.

410 5199 479 5253 Et
499 5198 624 5252 sine
658 5201 850 5251 mente
881 5212 1091 5250 sonum
1127 5194 1360 5266 singula
1389 5195 1565 5249 verba
1595 5194 1832 5248 dabant.
2097 5193 2293 5249 Noscit
2317 5200 2374 5249 et
2405 5195 2727 5250 exstinctus
2752 5193 2931 5264 (dictu
2965 5191 3251 5263 mirabile)
3284 5191 3518 5263 praesul,

334 5289 438 5343 Ast
469 5286 572 5342 tibi
604 5302 785 5358 purus
818 5285 1002 5354 adest,
1035 5288 1090 5338 et
1119 5284 1323 5354 quovis
1356 5282 1554 5354 purior
1575 5300 1736 5353 auro,
2166 5283 2437 5337 Praesulis
2469 5283 2708 5337 alterius
2734 5283 2857 5351 jam
2889 5281 3181 5335 redivivus
3213 5297 3338 5351 ope.

407 5374 480 5432 Ut
510 5375 765 5446 primum
795 5373 1042 5429 accessit
1074 5371 1295 5427 Biblica
1326 5371 1495 5426 docta
1529 5388 1760 5426 manus.
2095 5374 2283 5443 Atque
2315 5373 2397 5426 ita
2423 5371 2522 5442 qui
2555 5371 2712 5426 clara
2746 5370 2989 5426 ﬂorebat
3021 5370 3078 5424 in
3120 5369 3359 5426 Hellade
3388 5374 3645 5439 tantum,

336 5463 503 5524 Nunc
534 5463 718 5520 oculis
748 5478 977 5534 regum,
1031 5477 1186 5518 nunc
1216 5476 1448 5518 summo
1479 5461 1694 5534 dignus
1743 5460 1982 5533 honore,
2164 5461 2329 5516 Nunc
2360 5460 2538 5517 etiam
2574 5465 2690 5516 tota
2720 5459 2886 5515 ﬂoret
2914 5458 2975 5514 in
3005 5459 3284 5516 Ausonia.

409 5649 455 5730 7’
484 5645 626 5711 Tob.
658 5657 737 5719 x1,
772 5641 958 5713 13-15,
