4096 6288
313 359 435 419 333

1445 355 1713 418 JACOBI
1761 357 1991 418 BILLII
2036 357 2632 423 PR/EFATIONES.

3609 373 3729 433 334

1160 498 3714 528 __.._____.__._._____.________________________________

981 647 1332 710 JACOBUS
1375 647 1714 722 BILLIUS,
1763 647 2018 708 ABBAS
2063 648 2126 708 S.
2178 649 2595 711 MlCHAELlS
2639 652 2716 712 IN
2763 655 3058 730 EREMU,

1805 815 1898 861 PIO
1940 815 2224 862 LBCTORIS

389 1088 473 1142 En
505 1087 702 1154 habes,
741 1085 832 1158 pie
865 1087 1084 1154 Lector,
1133 1085 1412 1141 eximium
1445 1084 1610 1139 illum
1656 1083 1966 1139 Orientalis
1996 1085 2050 1151 Α
2080 1086 2469 1156 lnterpretum
2501 1089 3150 1165 translationem,cujus
3180 1097 3305 1151 tum
3328 1097 3446 1152 toto
3479 1096 3616 1154 orbe
3633 1115 3724 1155 sa-

311 1175 592 1232 Ecclesiae
617 1177 911 1231 doctorem
947 1176 1286 1248 Gregorium
1347 1191 1379 1229 a
1432 1175 1601 1229 nobis
1662 1173 1973 1228 Latinitate

311 1267 638 1320 donatum:
670 1281 737 1319 ex
758 1266 928 1334 cujus
954 1263 1200 1319 lectione
1228 1263 1450 1317 utinam
1483 1266 1709 1317 tantum
1746 1261 1972 1316 fructus

310 1354 426 1408 tibi
460 1371 661 1425 capere
693 1353 1009 1425 contingat,
1041 1357 1325 1423 quantum
1359 1351 1574 1406 laboris
1605 1366 1671 1406 ac
1694 1348 1971 1405 molestiae

314 1443 431 1498 fuit
460 1444 628 1499 nobis
658 1444 714 1497 in
747 1460 812 1497 eo
837 1443 1108 1498 vertendo
1127 1443 1523 1496 subeundum.
1551 1440 1649 1496 Vix
1669 1440 1825 1494 euim
1848 1438 1969 1493 cui-

313 1549 498 1604 quam
529 1531 802 1587 credibile
817 1532 1076 1585 futurum
1093 1535 1382 1602 est,quam
1400 1530 1641 1584 inivitus
1660 1529 1752 1583 hic
1771 1535 1973 1583 auctor

313 1625 474 1696 apud
506 1642 609 1678 nos
643 1624 1066 1695 peregrinetur,
1101 1622 1212 1676 nisi
1270 1623 1366 1694 qui
1401 1623 1580 1691 hujus
1614 1621 1690 1674 rei
1743 1619 1972 1693 pericu-

311 1713 440 1767 lum
472 1713 823 1767 fecerit.Hoc
866 1729 993 1766 vero
1045 1717 1100 1765 te
1129 1712 1484 1766 exorandum
1538 1709 1741 1776 habeo,
1775 1725 1844 1764 ne
1878 1725 1972 1764 me

312 1809 418 1858 aut
446 1803 624 1856 nimis
656 1801 853 1872 supini
887 1801 1200 1872 cujusdam
1233 1800 1330 1855 otii
1352 1800 1675 1855 notandum
1710 1815 1968 1863 censeas,

313 1891 418 1964 qui
452 1891 606 1946 velut
638 1908 756 1945 rem
781 1895 993 1961 actam,
1030 1895 1093 1945 ut
1124 1889 1232 1944 dici
1267 1889 1432 1960 solet,
1456 1906 1567 1943 non
1601 1889 1725 1944 sine
1761 1903 1970 1960 magno

312 1981 600 2053 temporis
632 1980 939 2052 dispendio
973 1997 1176 2034 rursus
1199 1979 1414 2051 egerim
1442 2004 1454 2046 ς
1488 1981 1585 2032 aut
1609 1995 1810 2049 parum
1831 1994 1971 2031 can-

314 2070 438 2125 didi
475 2069 656 2124 animi
687 2087 814 2125 esse
836 2070 1089 2139 judices,
1115 2070 1211 2140 qui
1247 2069 1305 2123 in
1337 2068 1565 2124 labores
1611 2068 1855 2122 aliorum
1891 2066 1973 2120 in-

314 2160 605 2227 troierim,
641 2159 902 2232 ipsisque
936 2158 1153 2213 merita
1183 2158 1375 2214 laudis
1407 2161 1818 2228 argumentum
1862 2155 1970 2209 eri-

318 2265 457 2320 pere
490 2249 601 2304 sim
639 2253 902 2303 conatus.
937 2248 1194 2311 Quorum
1225 2252 1539 2318 utrumque
1571 2245 1799 2312 facile,a
1825 2248 1973 2315 te,ut

318 2339 546 2409 opinor.
581 2339 872 2406 obtinebo,
901 2337 950 2391 si
998 2338 1169 2391 modo
1200 2341 1429 2391 tantum
1471 2335 1574 2390 tibi
1629 2352 1662 2389 a
1694 2334 1971 2406 graviori-

318 2428 430 2482 bus
464 2431 582 2481 tuis
614 2427 824 2481 studiis
857 2425 955 2480 otii
991 2425 1185 2491 tuerit,
1220 2430 1286 2479 ut
1318 2442 1542 2491 eorum,
1585 2424 1684 2494 qui
1717 2429 1848 2478 ante
1880 2440 1972 2478 me
2005 2459 2049 2522 Β

317 2517 376 2570 in
412 2517 519 2571 hoc
555 2516 783 2587 negotio
817 2514 1023 2568 versati
1050 2512 1669 2580 sunt,translationem
1702 2529 1837 2568 cum
1867 2512 1973 2567 hac

319 2610 540 2673 nostra,
571 2611 626 2659 et
655 2611 964 2674 utramque
994 2603 1063 2657 ad
1087 2601 1380 2674 exemplar
1400 2606 1972 2671 Graecum,tanquam

321 2696 388 2748 ad
426 2695 668 2766 Lydium
704 2692 979 2764 lapidem,
1005 2692 1302 2762 explorare
1323 2697 1502 2746 vacet.
1539 2691 1698 2754 Quod
1735 2690 1781 2744 si
1823 2691 1972 2744 tece-

321 2784 420 2852 ris,
446 2800 559 2838 non
585 2783 856 2854 equidem
909 2781 1134 2845 dubito,
1192 2782 1334 2850 quin
1369 2781 1448 2834 ita
1497 2781 1576 2833 sis
1605 2780 1972 2834 existimatu-

321 2890 443 2939 rus,
476 2872 731 2927 laborem
765 2871 920 2925 hunc
954 2874 1217 2925 nostrum
1249 2887 1362 2924 non
1388 2870 1559 2924 modo
1592 2887 1705 2923 non
1739 2869 1971 2924 inanem

330 2977 394 3014 ac
421 2976 931 3030 supervacaneum,
977 2959 1076 3014 sed
1118 2958 1292 3013 etiam
1341 2975 1519 3029 prope
1576 2957 1970 3012 necessarium

334 3048 855 3104 fuisse.Neminem
892 3047 1166 3113 insector,
1212 3046 1432 3100 nullius
1491 3050 1680 3100 errata
1709 3047 1970 3101 traduce.

326 3137 641 3192 Barbarum
674 3141 763 3192 est
795 3136 1142 3208 sugillandis
1157 3135 1404 3190 aliorum
1429 3134 1728 3190 laboribus
1751 3135 1971 3206 ingenii

323 3227 716 3297 doctrinaeque
733 3225 965 3280 laudem
986 3224 1286 3296 aucupari.
1303 3223 1975 3290 Monstrum,nonhomi-

322 3331 455 3370 nem
485 3331 614 3370 esse
644 3319 860 3380 statuo,
881 3315 981 3385 qui
1015 3314 1128 3384 piis
1143 3313 1388 3368 aliorum
1412 3314 1717 3368 conatibus
1740 3313 1975 3368 studiis-

321 3421 432 3476 que
463 3421 576 3459 non
628 3405 836 3467 favere,
890 3403 989 3458 sed
1048 3403 1371 3458 obtrectare
1431 3403 1606 3474 cupit,
1653 3419 1972 3472 eorumque

317 3493 522 3564 lapsus
556 3493 866 3548 crudeliter
921 3493 1112 3563 potius
1171 3494 1438 3563 detegere
1493 3496 1665 3563 atque
1707 3493 1972 3548 omnium

319 3582 504 3638 oculis
538 3599 820 3654 exponere
869 3586 1133 3648 conatur,
1192 3598 1369 3654 quam
1403 3582 1649 3636 fraterne
1685 3581 1970 3646 obvelare,

317 3673 406 3728 vel
439 3673 648 3727 saltem
681 3673 1094 3727 excusaro.Sed
1139 3676 1199 3726 ut
1227 3671 1510 3726 nefarium
1543 3672 1598 3726 in
1633 3672 1840 3742 primis
1874 3672 1972 3727 ha-

319 3763 578 3816 bendum
607 3767 716 3826 est,
750 3777 814 3815 ex
847 3761 1170 3815 alienarum
1210 3759 1684 3814 lucubrationum
1719 3761 1966 3816 insecta-

2082 1178 2385 1230 crosancta
2414 1181 2537 1231 erat
2581 1180 2918 1250 auctoritas,
2974 1183 3236 1254 Aquilam
3267 1185 3440 1240 etiam
3473 1189 3529 1241 et
3557 1187 3726 1259 Sym-

2084 1263 2355 1319 machum
2390 1269 2445 1319 et
2473 1266 2924 1325 Theodotionem
2957 1273 3302 1346 plerumque
3325 1275 3724 1334 consulerent:

2081 1355 2145 1405 ut
2176 1351 2222 1407 si
2256 1353 2391 1424 quid
2416 1353 2560 1426 ipsis
2592 1356 3215 1432 caliginisoboriretur,
3253 1363 3588 1436 hujusmodi
3615 1366 3727 1422 col-

2081 1438 2295 1496 latione
2328 1442 2538 1499 discuti
2570 1451 2787 1517 posset.

2153 1530 2312 1593 Quod
2347 1531 2582 1602 quidem
2617 1536 2685 1589 ad
2722 1553 2812 1591 me
2843 1538 3066 1607 attinet,
3113 1541 3275 1611 potui
3325 1541 3434 1598 hoc
3466 1546 3724 1616 tempus,

2082 1619 2234 1689 quod
2270 1621 2636 1691 Gregorianze
2665 1626 2917 1682 versioni
2946 1628 3148 1684 datum
3206 1635 3316 1697 est,
3358 1631 3528 1705 longe
3558 1651 3733 1690 amm-

2082 1707 2345 1764 nioribus
2370 1711 3095 1784 mihiquejucundioribus
3127 1720 3338 1776 studiis
3360 1720 3729 1792 impendere:

2081 1797 2178 1851 sed
2212 1800 2601 1869 quorumdam
2649 1804 2892 1861 consilio
2945 1811 3120 1879 atque
3169 1808 3500 1866 auctoritati
3531 1811 3734 1867 ceden-

2081 1883 2217 1938 dum
2252 1887 2470 1956 putavi,
2511 1890 2609 1959 qui
2644 1890 2980 1950 doctissimo
3010 1894 3249 1964 quidem
3281 1895 3423 1962 viro,
3457 1902 3731 1954 caeterum

2081 1974 2230 2042 apud
2264 1975 2500 2032 Latinos
2534 1977 2728 2047 nimis,
2764 1987 2828 2036 ut
2858 1983 3111 2053 aiebant,
3129 1986 3396 2053 obscuro,
3419 1987 3731 2060 suique,ut

2079 2061 2467 2135 Hieronymus
2492 2065 2771 2138 loquitur,
2806 2070 3045 2142 dispari,
3080 2072 3228 2129 lucis
3266 2076 3492 2146 aliquid
3523 2094 3590 2131 ex
3620 2076 3729 2133 hac

2082 2155 2281 2206 nostra
2311 2154 2677 2211 traductione
2729 2174 3102 2216 accessurum
3136 2163 3278 2218 mihi
3310 2169 3464 2220 certo
3493 2164 3727 2237 pollice-

2082 2240 2313 2294 bantur.
2346 2246 2507 2297 Hanc
2541 2245 2734 2317 itaque
2757 2248 3114 2318 provinciam
3146 2253 3592 2325 euscepi,quam
3609 2253 3729 2310 uti-

2081 2329 2190 2383 lem
2229 2331 2443 2399 nescio,
2478 2333 2622 2387 mihi
2653 2341 2806 2390 certe
2837 2337 2917 2392 ita
2947 2355 3182 2410 gravem
3214 2357 3280 2396 ac
3299 2342 3626 2411 molestam,
3665 2347 3731 2399 ut

2085 2417 2419 2474 inchoatum
2454 2439 2600 2493 opus
2634 2424 2979 2496 abrumpere
3023 2445 3087 2482 ac
3144 2430 3443 2500 perpetuis
3473 2433 3730 2488 tenebris

2082 2508 2362 2564 damnare
2396 2527 2508 2564 non
2541 2513 2719 2567 semel
2753 2515 3078 2586 cogitarim.
3111 2518 3274 2581 Quod
3307 2519 3356 2575 si
3385 2521 3534 2576 vires
3570 2537 3732 2577 meas

2084 2598 2260 2667 probe
2283 2599 2605 2669 exploratas
2637 2602 2999 2674 habuissem,
3032 2611 3205 2679 atque
3251 2616 3314 2663 ut
3355 2609 3640 2666 Dominus
3673 2611 3732 2666 in

2084 2687 2393 2758 Evangelio
2415 2691 2709 2758 admonet,
2735 2700 3008 2764 sumptus
3031 2697 3102 2751 ad
3126 2714 3246 2752 rem
3270 2698 3607 2769 hujusmodi
3635 2715 3730 2756 ne-

2084 2778 2368 2832 cessarios
2401 2786 2834 2850 computassem
2868 2785 2948 2852 ⁸⁰;
2985 2785 3032 2839 si
3067 2804 3362 2842 summam
3399 2789 3733 2861 operisdifﬁ

2084 2866 2382 2933 cultatem,
2416 2872 2674 2940 corporis
2708 2873 3020 2944 plusquam
3057 2875 3296 2930 vitream
3313 2879 3730 2947 valetudinem,

2083 2956 2476 3028 doctrinaeque
2506 2959 2849 3015 tenuitatem
2883 2963 3078 3017 animo
3105 2966 3731 3036 perpendissem,nun-

2083 3060 2282 3114 quam,
2309 3045 2390 3100 ita
2422 3063 2513 3101 me
2546 3048 2698 3103 Deus
2730 3055 2904 3116 amet,
2938 3050 3074 3106 huic
3105 3055 3460 3110 traductioni
3487 3072 3730 3111 manum

2083 3133 2449 3204 adjecissem.
2518 3137 2624 3190 Sed
2682 3154 2817 3193 vera
2873 3144 2962 3194 est
3008 3141 3366 3214 Thucydidis
3416 3145 3730 3212 sententia,

2084 3221 2316 3293 ’Δμαθία
2348 3224 2563 3298 θράσος,
2598 3224 2624 3278 ὁ
2659 3224 2924 3300 λογισμὸς
2981 3224 3027 3280 δ’
3061 3223 3215 3283 ὄκνον
3278 3229 3446 3307 φέρει.
3480 3234 3593 3288 Nec
3625 3233 3730 3290 abs

2083 3328 2141 3366 re
2169 3311 2231 3364 τὸ
2264 3313 2435 3365 Γνῶθι
2479 3314 2717 3385 σεαυτόν,
2777 3318 2922 3371 tanti
2979 3320 3049 3374 ab
3099 3320 3326 3377 erudita
3382 3322 3732 3393 antiquitate

2084 3400 2297 3456 factum
2348 3407 2454 3470 est,
2489 3408 2553 3458 ut
2585 3404 2639 3458 id
2674 3421 2788 3460 non
2821 3407 3048 3462 mortali
3081 3409 3336 3480 cupiam,
3372 3410 3473 3466 sed
3505 3410 3641 3478 Deo,
3674 3414 3733 3465 et

2081 3490 2319 3544 deorum
2345 3491 2782 3562 sapientissimo
2806 3495 3244 3551 attribuendum
3267 3498 3632 3554 existimarit.
3655 3501 3734 3555 Ac

2083 3578 2223 3632 mihi
2249 3579 2400 3634 idem
2433 3597 2676 3651 prorsus
2706 3582 3210 3653 accidissesentio,
3242 3587 3397 3656 quod
3417 3587 3733 3659 navigandi

2081 3666 2468 3723 insolentibus
2523 3687 2622 3724 usu
2685 3672 2878 3727 venire
2907 3672 3055 3728 solet
3088 3698 3102 3740 ;
3135 3673 3235 3744 qui
3277 3673 3672 3730 allubescente
3703 3692 3736 3731 e

2082 3761 2235 3810 terra
2263 3758 2441 3812 maris
2457 3763 2691 3830 aspectu
2707 3760 3000 3816 miracum
3028 3762 3208 3816 animi
3224 3762 3516 3833 voluptate
3536 3764 3729 3820 navim

318 3851 479 3905 tione
509 3867 574 3904 ac
605 3849 979 3922 depressione
1019 3865 1292 3913 crescere,
1353 3848 1690 3919 aditumque
1748 3850 1857 3904 sibi
1894 3851 1965 3905 ad
1999 3825 2041 3892 Ο
2083 3825 2650 3916 ingrediunturﬂaeti
2688 3848 2864 3902 etiam
2897 3852 2952 3903 et
3008 3848 3227 3904 alacres
3280 3825 3474 3905 littora
3505 3850 3728 3922 legunt,

318 3939 628 3994 hominum
665 3939 879 3992 famam
915 3938 1142 3992 munire
1201 3937 1342 3992 velle
1378 3953 1389 3991 :
1426 3940 1506 3992 ita
1555 3955 1685 3992 cum
1749 3937 1967 4009 publici

319 4027 611 4081 commodi
645 4044 820 4080 causa
850 4027 907 4080 id
943 4025 1218 4096 postulat,
1255 4026 1476 4080 nemini
1514 4027 1653 4081 vitio
1693 4028 1833 4082 verti
1867 4029 1967 4082 de-

321 4117 438 4180 bet,
479 4132 599 4170 rem
656 4117 726 4169 ab
758 4115 886 4168 aliis
946 4120 1253 4169 tractatam
1314 4119 1645 4179 retractare,
1706 4133 1771 4170 ac
1811 4117 1969 4172 velut

321 4206 431 4259 sub
466 4205 733 4258 incudem
784 4219 1067 4258 revocare.
1102 4204 1288 4257 Nimis
1346 4204 1500 4257 enim
1555 4206 1809 4275 profecto
1855 4206 1966 4259 sibi

323 4298 554 4365 arrogat
577 4293 673 4364 qui
709 4292 1060 4347 contumelia
1092 4309 1153 4347 se
1187 4292 1337 4346 afﬁci
1371 4300 1587 4359 censet,
1623 4294 1667 4349 si
1704 4294 1833 4366 quis
1882 4293 1968 4350 vel

322 4400 450 4454 quae
491 4383 614 4454 ipse
671 4381 989 4453 scripserit,
1025 4381 1334 4437 emendare
1391 4398 1458 4436 ac
1513 4382 1818 4454 perpolire,
1880 4384 1970 4439 vel

323 4471 498 4525 etiam
526 4471 712 4526 eidem
750 4470 1025 4536 materias,
1060 4470 1107 4523 si
1133 4470 1188 4523 id
1230 4486 1260 4525 ο
1317 4487 1378 4525 re
1407 4469 1688 4527 litteraria
1737 4472 1856 4527 fore
1886 4473 1968 4526 vi-

325 4560 546 4625 deatur,
588 4561 906 4615 secundam
942 4576 1182 4614 manum
1224 4558 1491 4614 admoliri
1524 4561 1764 4616 audeat:
1797 4563 1969 4617 modo

324 4647 579 4702 duaeillaa
609 4648 919 4704 teterrimae
978 4651 1169 4718 pestes
1208 4647 1408 4718 procul
1467 4653 1793 4718 arceantur,
1827 4649 1972 4706 livor

322 4742 380 4792 et
409 4738 766 4792 obtrectandi
800 4736 1085 4792 studium.
1121 4737 1281 4802 Quod
1308 4737 1514 4792 cumin
1547 4738 1705 4793 omni
1728 4740 1971 4810 scripto-

323 4844 452 4882 rum
479 4841 688 4898 genere
717 4826 1000 4882 hactenus
1032 4825 1261 4880 licuerit
1289 4826 1416 4896 (nec
1444 4826 1598 4880 enim
1640 4827 1766 4882 sine
1795 4845 1972 4884 causa

324 4916 653 4971 Grecorum
688 4915 987 4987 proverbio
1020 4915 1252 4982 dicitur,
1287 4911 1534 4989 δευτέρας
1565 4912 1848 4991 φροντίδας
1878 4937 1969 4970 σο-

324 5005 565 5079 φωτέρας
594 5003 769 5075 εἶναι),
802 5009 929 5058 tum
974 5021 1106 5059 vero
1165 5004 1223 5059 in
1269 5005 1737 5060 traductionibus
1787 5007 1970 5062 multo

324 5094 540 5164 iustius
573 5094 1004 5149 concedendum
1037 5097 1125 5149 est
1158 5111 1170 5160 ;
1206 5111 1450 5162 quarum
1485 5095 1651 5165 copia
1683 5101 1858 5167 atque
1883 5097 1968 5150 di-

2078 3934 2268 4005 quoad
2301 3933 2358 3988 in
2397 3934 2582 3990 altum
2615 3936 2885 4006 pervecti,
2936 3938 3224 3994 subducta
3270 3939 3391 4007 jam
3438 3940 3597 3994 omni
3629 3940 3731 3998 ille.

2077 4023 2431 4078 ammnitatis
2489 4025 2698 4095 specie,
2733 4025 2791 4078 in
2841 4026 3218 4097 gravissimos
3263 4027 3468 4098 capitis
3500 4028 3729 4084 dolores

2077 4113 2365 4177 incidunt,
2389 4129 2720 4183 nauseaque
2743 4115 2952 4170 misere
2969 4114 3330 4170 divexantur.
3349 4117 3430 4170 Ad
3451 4119 3722 4174 eumdem

2078 4203 2233 4258 enim
2267 4202 2389 4273 ipse
2419 4219 2650 4272 quoque
2682 4204 2922 4258 modum
2955 4203 3014 4257 in
3040 4203 3147 4258 hac
3177 4205 3561 4272 traductione,
3587 4222 3721 4262 cum

2079 4291 2252 4362 primi
2286 4291 2478 4345 aditus
2510 4291 2781 4347 facilitate
2811 4291 3042 4347 illectus
3073 4296 3128 4348 et
3149 4292 3726 4364 inescatus,juvenili

2080 4381 2332 4451 quodam
2366 4379 2542 4434 animi
2578 4381 2782 4435 ardore
2816 4397 2882 4436 ac
2904 4381 3185 4453 praecipiti
3214 4383 3434 4455 impetu
3466 4384 3726 4440 stadium

2081 4485 2263 4523 unum
2297 4473 2468 4539 atque
2493 4467 2741 4524 alterum
2775 4486 3051 4526 emensus
3082 4471 3326 4527 fuissem
3349 4473 3461 4528 :ita
3491 4477 3726 4545 repente

2079 4558 2303 4613 lubrica
2335 4557 2531 4612 omnia
2555 4573 2938 4630 gressumque
2991 4560 3271 4629 fallentia,
3331 4561 3412 4617 ita
3442 4578 3649 4634 aspera
3674 4566 3732 4618 et

2079 4647 2377 4703 salebrosa
2406 4647 2610 4718 reperi,
2646 4653 2707 4702 ut
2727 4665 2830 4704 nec
2844 4650 3070 4720 regredi
3094 4650 3219 4721 jam
3236 4668 3348 4722 prae
3372 4652 3727 4723 pudore,nec

2080 4736 2348 4808 progredi
2383 4736 2508 4791 sine
2538 4736 2798 4806 periculo
2833 4755 3085 4808 possem.
3117 4740 3370 4794 Tantum
3424 4741 3482 4794 in
3529 4756 3621 4794 me
3651 4745 3728 4796 te-

2081 4826 2321 4881 meritas
2353 4824 2553 4890 valuit,
2578 4843 2704 4895 quae
2728 4843 2841 4880 non
2867 4828 3064 4882 minus
3097 4845 3272 4898 quam
3306 4829 3728 4899 ebrietas,spes

2070 4916 2242 4986 jubet
2264 4931 2390 4969 esse
2421 4918 2594 4981 ratas,
2651 4913 2709 4968 in
2747 4914 2948 4986 praelia
3001 4915 3185 4971 trudit
3215 4915 3530 4970 inermeml
3568 4917 3725 4971 Iner-

2082 5021 2234 5059 mcm
2272 5003 2438 5074 plane
2477 5021 2567 5058 me
2625 5021 2753 5059 esse
2803 5005 3006 5075 fateor,
3054 5005 3208 5076 quod
3267 5004 3502 5076 quidem
3553 5005 3623 5060 ad
3670 5005 3728 5061 id

2081 5095 2307 5160 attinet,
2344 5098 2405 5147 ut
2434 5109 2564 5147 cum
2615 5097 2777 5148 tanto
2818 5094 3026 5149 Milone
3083 5098 3338 5164 quantus
3397 5098 3485 5150 est
3535 5099 3733 5151 noster

322 5183 588 5247 versitas,
624 5187 687 5236 ut
722 5182 868 5236 nihil
900 5182 1054 5236 aliud
1104 5181 1370 5236 utilitatis
1423 5183 1630 5253 pariat;
1684 5183 1790 5237 hoc
1824 5188 1975 5241 certe
2003 5193 2050 5259 D
2081 5182 2388 5254 Gregorius
2414 5182 2696 5237 facundiae
2729 5184 3044 5239 certamine
3064 5183 3344 5238 dimicare
3375 5183 3732 5254 queam,exi-

324 5273 614 5327 commodi
639 5273 822 5336 affert,
859 5272 1011 5342 quod
1044 5288 1110 5325 ex
1141 5271 1395 5341 plurium
1430 5271 1813 5344 interpretum
1856 5275 1972 5328 col-

324 5360 536 5416 latione
560 5361 814 5416 auctoris
845 5360 1134 5414 sententia
1177 5360 1388 5414 clarius
1422 5360 1716 5416 elucescit.
1771 5363 1862 5417 sic
1893 5363 1975 5416 vi-

325 5449 529 5504 demus
563 5468 594 5503 a
626 5449 838 5521 priscis
873 5447 990 5502 illis
1050 5449 1312 5503 Ecclesiae
1364 5450 1697 5505 doctoribus
1729 5450 1976 5508 libenter

322 5537 652 5594 factitatum
682 5543 904 5608 esse,ut
926 5542 1133 5608 prazter
1155 5537 1582 5594 nobilemillam
1598 5541 1972 5614 septuaginta

392 5691 436 5726 ⁸ο
469 5690 604 5748 Luc.
638 5705 755 5763 xxv,
786 5689 875 5743 28.

2084 5272 2350 5342 miasque
2379 5271 2567 5340 ipsius
2599 5271 2762 5324 dotes
2783 5271 2984 5325 Latina
3009 5272 3268 5326 oratione
3295 5276 3730 5342 representare.

2082 5364 2271 5432 Atque
2301 5360 2456 5415 haud
2491 5359 2608 5414 scio
2641 5377 2713 5414 an
2746 5362 3058 5430 quisquam
3093 5359 3168 5413 sit
3196 5362 3359 5414 tanta
3386 5359 3614 5414 dicendi
3647 5359 3730 5414 fa-

2083 5449 2298 5505 cultate
2328 5465 2393 5504 ac
2424 5449 2729 5503 verborum
2753 5447 2917 5519 copia
2943 5447 3349 5519 prseditus,qui
3381 5452 3500 5503 tam
3524 5448 3732 5503 uberes

2082 5545 2138 5595 et
2169 5541 2434 5612 profusas
2465 5537 2806 5609 eloquentis:
2837 5536 3128 5608 opesitae
3158 5536 3377 5594 Graecia
3406 5537 3465 5594 in
3500 5537 3728 5595 Latium
