4096 6288
329 396 444 455 335

1447 384 1712 446 JACOBI
1762 382 1990 444 BlLLll
2039 379 2626 442 PREFATIONES.

3620 379 3740 442 336

331 529 628 597 asportare
659 521 862 595 possit,
893 525 958 576 ut
988 535 1101 575 non
1128 519 1414 574 mundum
1436 513 1973 588 illisgratiaapretii-
2005 515 2058 581 Α
2090 512 2688 584 ctussum,permulta
2702 530 2886 584 eaque
2908 513 3363 585 castigatissima
3388 513 3744 585 exemplaria

329 632 443 686 que
473 632 539 669 ex
561 611 895 684 hujusmodi
917 607 1976 676 transvectionedecedat,cogaturque

323 703 561 758 tandem
595 702 701 758 hoc
718 699 954 755 Homeri
987 715 1155 753 versu
1191 697 1298 764 uti,

499 835 781 905 Δυστήνων
816 829 874 887 δὲ
909 852 967 886 τε
1003 827 1192 891 παῖδες
1237 828 1308 901 ἐῷ
1343 829 1489 901 μένει
1521 825 1795 882 ἀντιόωσι.

392 972 537 1028 Nam
571 987 705 1026 cum
738 969 899 1024 nulla
931 968 1132 1039 lingua
1161 971 1281 1021 tam
1329 965 1498 1036 inops
1556 968 1730 1034 atque
1768 961 1976 1032 jejuna

325 1062 402 1118 sit
431 1061 571 1132 quin
605 1058 930 1132 permultas
986 1072 1154 1111 voces
1206 1054 1438 1122 habeat,
1499 1069 1624 1124 quae
1681 1051 1738 1104 in
1798 1049 1974 1105 aliam

325 1150 586 1220 linguam
645 1149 770 1204 sine
828 1145 1072 1201 molesto
1127 1145 1429 1200 verborum
1493 1138 1738 1196 circuitu
1797 1143 1975 1209 atque

324 1238 626 1309 elegantiae
653 1235 958 1307 dispendio
990 1232 1293 1288 transferri
1351 1233 1662 1302 nequeant,
1695 1227 1835 1298 quid
1882 1227 1975 1281 hic

326 1344 459 1383 cum
514 1344 581 1382 eo
638 1331 875 1381 auctore
921 1324 1206 1393 interpres
1254 1320 1443 1388 faciet,
1505 1319 1605 1390 qui
1662 1318 1720 1371 in
1781 1316 1972 1386 copio-

322 1416 561 1473 sissima
588 1415 791 1471 acsine
822 1413 997 1468 dubio
1021 1406 1756 1478 omniumlocupletissima
1774 1404 1977 1474 lingua

321 1507 629 1561 verborum
653 1502 916 1574 argutias
936 1501 1323 1568 undecunque
1336 1501 1530 1567 captat
1551 1512 1562 1550 :
1581 1498 1796 1566 utquot
1817 1494 1974 1563 ejus-

322 1593 479 1648 modi
512 1609 680 1647 voces
711 1589 959 1646 orationi
991 1587 1324 1660 asperserit,
1358 1589 1443 1640 tot
1483 1601 1628 1656 pene
1660 1599 1860 1638 cruces
1895 1582 1976 1636 in-

319 1686 374 1736 te
389 1680 565 1753 rpreti
584 1681 778 1735 ﬁxisse
798 1680 1084 1733 videatur.

389 1770 539 1834 Quid
557 1770 626 1824 de
651 1768 890 1841 prolixis
907 1768 1024 1822 illis
1051 1765 1304 1837 periodis
1319 1763 1532 1832 dicam,
1556 1779 1677 1831 quze
1698 1766 1761 1816 ut
1779 1764 1972 1816 Grazco

320 1858 574 1914 sermoni
608 1858 679 1912 ob
713 1856 1092 1913 connectendi
1121 1854 1457 1908 facilitatem
1491 1868 1605 1906 non
1629 1867 1834 1921 parum
1851 1866 1972 1919 gra-
2005 1884 2051 1948 B

320 1949 413 2003 tia;
438 1953 612 2019 atque
644 1945 970 2001 ornamenti
994 1945 1263 2009 afferunt,
1325 1942 1407 1995 ita
1441 1958 1572 1995 cum
1607 1940 1809 1994 Latine
1840 1939 1973 1992 etl‘e-

323 2042 552 2103 runtur,
588 2035 838 2090 nimium
869 2035 967 2088 diu
992 2028 1970 2103 suspensumlectorisanimumte-

323 2129 594 2192 nent,ncc
621 2125 746 2178 sine
777 2123 1027 2192 quodam
1059 2119 1295 2176 fastidio
1327 2115 1973 2173 transmittuntur.Jam

321 2230 456 2270 vero
486 2210 840 2267 brevissimai
872 2209 987 2265 illae
1014 2208 1329 2264 allusiones
1363 2223 1488 2277 quas
1520 2210 1640 2259 toto
1663 2220 1835 2276 opere
1866 2220 1971 2257 un-

325 2302 502 2371 dique
534 2317 748 2372 sparsae
782 2305 940 2364 sunt,
982 2315 1158 2369 quam
1191 2301 1476 2351 attentum
1511 2311 1576 2349 ac
1608 2294 1972 2364 diligentem,

327 2407 506 2461 quam
539 2406 653 2444 non
678 2388 851 2443 modo
883 2386 1081 2441 multae
1112 2384 1400 2450 lectionis,
1432 2385 1532 2438 sed
1567 2383 1740 2438 etiam
1766 2382 1971 2450 felicis,

328 2479 635 2549 cujusdam
669 2475 958 2530 memoriae
1007 2475 1381 2545 interpretem
1417 2472 1742 2543 requirunt,
1777 2475 1976 2541 utpote

328 2585 455 2639 quas
487 2567 571 2622 vel
607 2566 883 2637 ignoratae
915 2563 1001 2618 vel
1034 2563 1341 2634 neglectim
1375 2566 1750 2627 transcursis,
1781 2565 1975 2615 tantas

325 2670 749 2726 nonnunquam
784 2650 1719 2724 interpretitenebrasoffundunt,
1753 2648 1978 2720 utpsit-

323 2744 435 2801 taci
470 2759 628 2798 more
660 2742 798 2814 quid
828 2742 1103 2812 loquatur
1124 2741 1344 2795 nesciat
1359 2745 1531 2810 atque
1564 2738 1976 2793 utJobiverbis

326 2839 480 2899 utar,
513 2829 706 2891 ἄλλοις
733 2832 972 2904 νήχηται
1007 2827 1224 2902 λόγοις,
1257 2845 1434 2899 seque
1483 2829 1641 2883 velut
1696 2827 1752 2880 in
1787 2827 1974 2881 alieno

330 2921 473 2978 ccelo
501 2937 628 2976 esse
670 2921 985 2975 arbitretur
1015 2924 1037 2974 Ρ
1069 2920 1146 2973 Ex
1179 2934 1295 2989 quo
1314 2917 1458 2972 satis
1490 2921 1729 2987 apparet
1761 2917 1976 2986 quibus

327 3011 616 3084 praesidiis
647 3010 999 3065 instructum
1019 3025 1152 3062 eum
1175 3024 1302 3062 esse
1332 3010 1613 3076 oporteat,
1649 3005 1749 3076 qui
1783 3006 1838 3058 in
1867 3004 1977 3059 hu-

325 3099 589 3171 jusmodi
613 3097 845 3170 scriptis
868 3096 1289 3153 transferendis
1303 3095 1596 3167 specimen
1616 3094 1704 3148 sui
1727 3094 1979 3164 praebere

330 3189 510 3260 cupit.
563 3192 687 3243 Huc
745 3187 986 3252 accedit,
1032 3186 1186 3256 quod
1249 3185 1600 3256 peculiarem
1661 3183 1978 3254 quamdam

2088 602 2146 655 in
2190 601 2600 656 illustrissimaa
2661 602 2873 673 reginae
2925 603 3275 658 bibliotheca
3304 620 3453 673 esse,
3489 619 3738 675 quorum

2084 707 2191 761 cpe
2214 695 2389 761 atque
2419 691 2760 760 adjumento
2785 692 3213 747 insanabilibus
3237 691 3453 763 alioqui
3485 692 3739 748 vulneri-

2084 779 2196 834 bus
2231 780 2581 834 medicinam
2616 780 2818 835 alTerre
2849 798 3104 852 possem.
3149 783 3270 847 Quo
3306 781 3511 836 nuntio
3561 799 3740 853 supra

2084 883 2262 939 quam
2293 868 2403 922 dici
2439 873 2613 938 queat
2634 869 2977 939 oblectatus,
3007 888 3107 941 per
3128 870 3535 925 doctissimum
3564 875 3741 941 atque

2083 956 2583 1012 humanissimum
2601 957 2788 1012 virum
2825 958 3179 1014 Ludovicum
3200 960 3738 1031 Rusaeum,regium

2085 1046 2499 1115 confessorem,
2535 1046 2689 1101 haud
2725 1064 2936 1119 magno
2969 1048 3200 1119 negotio
3256 1066 3289 1102 a
3321 1049 3521 1120 regina
3552 1049 3737 1120 impe-

2083 1133 2249 1204 travi,
2284 1138 2346 1188 ut
2377 1134 2522 1188 mihi
2552 1133 2743 1189 liceret
2777 1136 3033 1191 codicem
3072 1154 3255 1192 unum
3280 1138 3407 1209 (nec
3438 1137 3592 1192 enim
3616 1137 3742 1209 plu-

2085 1241 2178 1278 res
2209 1223 2385 1278 simul
2411 1240 2584 1294 passa
2614 1225 2724 1294 est)
2756 1242 2822 1279 ex
2880 1227 3068 1297 ipsius
3125 1226 3477 1281 bibliotheca
3507 1243 3735 1282 mecum

2084 1315 2304 1369 efferre.
2324 1315 2453 1370 Tuli
2468 1316 2646 1388 igitur
2667 1316 3100 1386 amplissimum
3120 1318 3374 1374 codicem
3389 1318 3740 1390 capitalibus

2083 1403 2295 1459 litteris
2327 1409 2649 1472 exaratum,
2699 1410 2924 1460 tantum
2984 1408 3353 1477 antiquitatis
3385 1425 3498 1479 prae
3549 1425 3611 1463 se
3656 1408 3736 1462 fe-

2084 1498 2328 1559 rentem,
2367 1500 2430 1548 ut
2463 1493 2648 1564 ipsius
2674 1496 3094 1565 prOpemodum
3114 1498 3373 1567 Gregorii
3398 1501 3565 1551 aatate
3599 1497 3739 1553 scri-

2083 1587 2219 1654 ptus
2251 1599 2378 1638 esse
2408 1583 2704 1637 videretur
2738 1601 2750 1637 :
2785 1584 3129 1654 qui,praeter
3153 1586 3431 1657 epistolas
3446 1591 3736 1654 etversus,

2083 1673 2281 1727 omnia
2312 1673 2499 1743 ipsius
2521 1691 2696 1745 opera
2728 1677 3078 1731 continebat.
3125 1680 3305 1742 Quem
3338 1695 3470 1732 cum
3503 1678 3735 1748 paucis-

2084 1761 2251 1815 simis
2283 1762 2490 1816 diebus
2522 1763 2848 1819 incredibili
2897 1765 3188 1822 celeritate
3237 1767 3637 1838 perlegissem,
3672 1783 3740 1821 ex

2083 1866 2267 1918 eoque
2297 1852 2607 1906 innumera
2637 1853 2761 1907 loca
2793 1872 2920 1925 quae
2954 1855 3010 1909 in
3042 1856 3330 1926 impresso
3358 1856 3559 1911 vitiose
3585 1856 3738 1924 lege-

2086 1938 2319 2004 bantur,
2357 1940 2674 2012 integritati
2711 1960 2831 1996 suze
2888 1943 3298 2011 restituissem,
3361 1946 3561 1999 statim
3602 1961 3736 1998 eum

2084 2026 2338 2082 Athenas
2371 2030 2507 2098 (quo
2541 2031 2695 2084 enim
2720 2030 2831 2084 alio
2848 2031 3079 2086 nomine
3102 2032 3558 2104 incomparabile
3589 2032 3735 2087 illud

2085 2116 2368 2170 bonarum
2403 2118 2662 2173 omnium
2694 2119 3019 2174 litterarum
3045 2123 3523 2194 gazophylacium
3540 2121 3735 2193 appel-

2084 2203 2195 2258 lem
2221 2205 2248 2258 ‘2
2279 2207 2293 2274 )
2326 2206 2690 2262 referendum
2706 2207 2904 2277 habui,
2931 2215 2995 2263 ut
3015 2210 3261 2265 alterum
3294 2211 3738 2282 exemplarinde

2085 2309 2291 2347 rursus
2323 2295 2632 2349 auferrem.
2671 2300 2728 2350 ln
2755 2296 2862 2351 hoc
2897 2299 3187 2353 sexdecim
3222 2300 3734 2354 duntaxatoratio-

2087 2387 2391 2448 neserant,
2426 2384 2787 2440 doctissimis
2826 2387 3040 2442 Nicetre
3096 2389 3347 2444 Serronii
3383 2394 3736 2444 commenta-

2085 2471 2189 2524 riis
2215 2471 2536 2542 illustratae,
2571 2474 2805 2530 intextis
2820 2476 2994 2530 etiam
3011 2477 3364 2548 quibusdam
3388 2477 3560 2532 Pselli
3578 2495 3740 2532 enar-

2088 2559 2414 2615 rationibus
2446 2561 2504 2615 in
2538 2563 2876 2619 obscuriora
2909 2564 3034 2620 loca
3065 2568 3334 2620 secundae
3361 2565 3639 2620 orationis
3665 2572 3741 2621 De

2085 2648 2498 2712 PaschateQuo
2534 2651 2768 2722 quidem
2810 2653 3104 2709 volumine
3130 2655 3737 2725 cummihiproanimi

2089 2736 2371 2791 arbitratu
2407 2738 2490 2793 uti
2527 2739 2744 2806 liceret,
2781 2759 2893 2796 non
2929 2743 3095 2797 modo
3130 2744 3198 2798 ad
3242 2760 3308 2797 ea
3338 2761 3465 2812 qua:
3499 2744 3735 2798 inchoa-

2085 2841 2278 2880 veram
2296 2844 2358 2880 ac
2389 2827 2660 2900 velutpro
2684 2830 2971 2884 derelictis
2989 2831 3732 2902 habebam,prosequenda,

2088 2915 2184 2968 sed
2221 2916 2290 2969 ad
2329 2933 2394 2970 ea
2433 2917 2606 2971 etiam
2640 2935 2769 2989 quae
2805 2919 3035 2973 Nicetes
3087 2926 3515 2974 commentatus
3550 2923 3738 2976 fuerat

2089 3003 2347 3058 Romano
2381 3023 2647 3061 sermone
2670 3009 2940 3062 donanda
2973 3025 3062 3062 me
3095 3009 3336 3064 accinxi.
3372 3010 3486 3064 Nec
3517 3010 3672 3064 enim
3707 3028 3741 3066 a

2089 3092 2341 3162 publicis
2370 3096 2692 3150 commodis
2706 3096 2959 3151 alienum
2977 3098 3095 3152 fore
3119 3097 3339 3168 putavi,
3359 3098 3408 3152 si
3441 3115 3740 3154 commen-

2089 3184 2244 3236 tator
2277 3183 2469 3238 Latine
2492 3184 2840 3255 loqueretur,
2865 3187 2965 3256 qui
2986 3191 3245 3241 Graecum
3272 3188 3570 3242 hominem
3591 3192 3742 3243 Grae-

333 3252 596 3349 phrasim
629 3276 805 3330 habet
850 3252 1183 3346 Gregorius,
1242 3252 1693 3328 disertissimam
1740 3271 1977 3342 quidem
2011 3252 2052 3316 C
2093 3287 2195 3325 cus
2227 3272 2352 3340 ipse
2382 3252 3191 3344 interpretandumduxisset.
3228 3276 3388 3338 Quod
3411 3283 3602 3332 autem
3630 3295 3740 3332 non

334 3365 497 3422 illam
531 3369 704 3435 atque
737 3364 794 3418 in
829 3364 1034 3435 primis
1059 3363 1371 3429 eruditam,
1393 3361 1490 3415 sed
1525 3359 1985 3431 quaevelperspi-

338 3453 678 3509 cacissimos
704 3451 1038 3522 interpretis
1063 3450 1258 3506 oculos
1280 3465 1679 3519 szepenumero
1701 3448 1982 3519 perstrin-

337 3547 455 3616 gat,
490 3547 556 3596 ut
587 3540 700 3596 nisi
730 3556 1025 3596 summam
1073 3555 1274 3593 curam
1307 3536 1982 3606 animadversionemque

337 3631 688 3696 adhibuerit,
720 3629 1214 3700 quemadmodum
1249 3627 1404 3681 Ixion
1438 3625 1534 3680 ille
1576 3642 1679 3695 pro
1711 3627 1981 3678 adamata

328 3719 558 3776 Junone
591 3719 827 3782 nubem,
853 3716 936 3772 sic
962 3715 1085 3787 ipse
1118 3731 1218 3787 pro
1249 3731 1382 3770 vera
1411 3713 1666 3769 auctoris
1692 3713 1980 3768 sententia

328 3825 446 3864 non
479 3807 590 3864 nisi
623 3806 806 3862 levem
837 3806 1155 3877 quamdam
1179 3808 1234 3859 et
1259 3803 1493 3859 inanem
1523 3804 1979 3858 verborumum-

328 3898 496 3955 bram
530 3895 934 3968 amplectatur.
976 3895 1046 3950 Ut
1101 3895 1255 3949 enim
1316 3892 1530 3948 Daedali
1589 3897 1831 3953 statuas,
1867 3891 1979 3946 nisi

329 3987 688 4042 ﬂrmissimis
701 3983 947 4040 vinculis
974 3985 1453 4054 astringerentur,
1467 3983 1660 4052 fugam
1691 3981 1979 4052 corripere

329 4075 532 4132 solitas
563 4091 691 4131 esse
739 4074 942 4130 scribit
972 4073 1129 4128 Plato
1165 4091 1176 4127 :
1215 4073 1290 4125 ita
1335 4089 1648 4143 germanus
1699 4070 1975 4142 Theologi

330 4181 540 4220 sensus
571 4165 679 4218 nisi
707 4162 1037 4218 arctissima
1067 4161 1385 4216 attentione
1419 4177 1482 4214 ac
1517 4158 1820 4230 diligentia
1850 4159 1974 4212 vin-

327 4253 535 4318 ciatur,
571 4251 874 4322 interpreti
925 4249 1093 4320 quasi
1135 4249 1204 4303 de
1237 4247 1507 4302 manibus
1539 4247 1805 4302 elabitur.
1840 4247 1973 4310 Qua

327 4340 525 4397 omnia
555 4357 687 4394 cum
723 4355 814 4394 me
854 4339 1019 4393 miris
1069 4338 1257 4393 modis
1315 4336 1608 4399 torserint,
1641 4340 1768 4389 tum
1827 4335 1971 4390 illud

327 4428 498 4500 longe
529 4427 930 4483 vehementius
954 4427 1218 4480 animum
1240 4425 1608 4490 excruciavit,
1642 4425 1792 4494 quod
1832 4424 1969 4478 lier—

325 4518 613 4590 vagianus
647 4517 844 4583 codex,
876 4515 974 4586 qui
1015 4531 1167 4569 unus
1199 4514 1564 4585 suppetebat,
1617 4517 1702 4567 tot
1732 4518 1970 4584 tamque

323 4607 492 4662 foedis
521 4606 817 4661 erroribus
839 4606 1118 4671 scatebat,
1139 4609 1203 4658 ut
1219 4603 1289 4657 ad
1325 4603 1430 4657 hoc
1452 4602 1646 4674 Augiae
1669 4602 1967 4658 stabulum
2001 4625 2046 4690 Ι)

320 4697 759 4768 repurgandum
791 4711 904 4749 non
941 4710 1056 4748 uno
1089 4693 1330 4748 Hercule
1384 4709 1534 4763 Opus
1590 4696 1760 4747 esset.
1798 4690 1968 4748 Nulla

320 4785 523 4853 oratio,
547 4784 708 4840 nulla
741 4783 1158 4856 propemodum
1193 4781 1406 4852 pagina
1436 4781 1797 4851 gravissimis
1814 4797 1968 4835 men-

318 4874 410 4930 dis
439 4875 713 4940 vacabat;
748 4869 1127 4943 ὁλοσώματος,
1178 4874 1242 4923 ut
1292 4871 1370 4923 ita
1417 4870 1629 4936 dicam,
1691 4874 1813 4924 erat
1845 4869 1964 4924 haec

315 4963 504 5035 plaga.
555 4962 834 5028 Quocirca
892 4977 1026 5016 cum
1077 4958 1391 5031 deploratis
1424 4959 1642 5012 morbis
1678 4959 1963 5014 medicam

317 5067 562 5106 manum
593 5052 901 5106 admovere
933 5048 1143 5104 medici
1175 5052 1388 5115 vetent,
1445 5063 1515 5101 ne
1571 5047 1696 5117 ipse
1727 5048 1961 5117 quidem

314 5156 556 5196 causam
589 5139 768 5194 ullam
799 5157 928 5195 esse
960 5137 1176 5210 putavi,
1208 5137 1412 5191 cumin
1444 5140 1564 5190 tam
1588 5140 1960 5207 corruptoat-

312 5245 427 5300 que
458 5229 774 5284 insanabili
799 5228 993 5284 codice
1015 5226 1239 5282 diutius
1279 5241 1372 5281 me
1405 5224 1564 5280 inani
1596 5224 1791 5279 labore
1823 5241 1958 5280 con-

309 5319 564 5373 ﬁcerem.

383 5407 696 5478 Tantisper
735 5407 932 5478 itaque
961 5406 1107 5460 mihi
1139 5405 1211 5460 ab
1243 5405 1473 5475 incepta
1498 5403 1760 5458 versione
1791 5403 1952 5475 quie-

310 5499 428 5556 tem
461 5495 759 5566 imperavi,
794 5495 986 5568 quoad
1020 5495 1090 5552 ab
1124 5495 1311 5549 amico
1353 5492 1608 5564 quodam
1638 5493 1848 5549 certior
1872 5493 1957 5548 fa-

383 5706 496 5792 (76)
528 5706 708 5783 Soph,
732 5707 907 5782 Ajac.,
938 5721 1084 5765 vere.
1116 5708 1241 5765 878.

2095 3375 2298 3415 omnes
2321 3363 2448 3431 ejus
2481 3366 2949 3431 commentarios,
2987 3366 3085 3419 sed
3117 3382 3217 3419 eos
3261 3366 3476 3431 solum,
3510 3383 3654 3436 quos
3682 3367 3740 3419 in

2092 3452 2471 3522 panegyricas
2504 3453 2793 3507 orationes
2825 3452 3107 3522 ediderat,
3137 3455 3194 3507 in
3239 3459 3425 3509 totum
3461 3455 3738 3521 converti,

2092 3536 2200 3591 huc
2233 3556 2345 3593 non
2380 3544 2498 3593 tam
2525 3538 2738 3594 laboris
2766 3541 3019 3612 fugiendi
3040 3544 3357 3609 causafeci,
3387 3559 3558 3613 quam
3581 3543 3736 3613 quod

2089 3643 2334 3696 vererer,
2365 3645 2434 3682 ne
2466 3629 2648 3682 nimia
2679 3628 2796 3683 hzec
2829 3636 3026 3684 nostra
3047 3630 3332 3685 sedulitas
3353 3632 3482 3701 plus
3512 3630 3614 3684 tibi
3639 3636 3736 3684 tae-

2090 3714 2168 3768 dii
2203 3733 2377 3786 quam
2413 3715 2680 3771 utilitatis
2739 3718 2986 3773 afferret.
3048 3719 3139 3773 Sic
3197 3719 3392 3790 itaque
3443 3720 3736 3790 negotium

2087 3805 2426 3876 temperavi,
2463 3810 2643 3860 uteas
2676 3807 2911 3877 quidem
2944 3807 3363 3874 enarrationes,
3389 3823 3517 3878 qua:
3549 3808 3618 3862 ad
3647 3826 3736 3864 re-

2087 3908 2218 3947 rum
2262 3894 2452 3964 potius
2485 3912 2660 3965 quam
2695 3897 3002 3950 verborum
3047 3896 3496 3967 explicationem
3557 3897 3742 3952 facere

2085 3981 2608 4052 videbantur,totas
2633 3985 2863 4040 Latinas
2896 3986 3176 4040 facerem:
3211 3986 3366 4040 exiis
3391 3991 3583 4039 autem
3614 4003 3740 4057 quae

2087 4087 2200 4124 non
2226 4077 2343 4126 tam
2379 4074 2640 4144 resipsas
2657 4075 3044 4146 exponebant,
3073 4091 3248 4145 quam
3275 4077 3742 4130 orationisverba

2086 4158 2215 4213 aliis
2247 4161 2437 4215 verbis
2470 4162 2892 4233 exprimebant,
2933 4163 3247 4218 utilissima
3279 4170 3510 4219 tantum
3543 4180 3739 4218 excer—

2084 4266 2303 4320 percm,
2338 4251 2581 4322 atquein
2616 4252 2971 4307 scholiorum
3010 4253 3255 4307 formam
3278 4252 3737 4325 redigerem.Ubi

2084 4338 2257 4392 etiam
2292 4339 2490 4409 siquid
2529 4341 2962 4408 mihioccurrit,
2997 4343 3148 4412 quod
3169 4341 3734 4411 Nicetaaexpositioni

2081 4445 2196 4482 non
2229 4428 2596 4484 incommode
2627 4431 2797 4499 adjici
2817 4431 3372 4501 possevideretur,id
3407 4432 3736 4500 quoquein~

2081 4534 2271 4572 serere
2303 4536 2415 4572 non
2449 4519 2739 4572 dubitavi:
2776 4518 2944 4573 afﬁxo
2961 4523 3154 4575 tamen
3189 4521 3304 4575 fere
3336 4536 3562 4589 semper
3583 4525 3732 4575 aste-

2080 4606 2248 4670 risco,
2286 4612 2349 4659 ut
2381 4613 2580 4661 nostra
2611 4625 2641 4660 a
2663 4607 2959 4662 Nicetanis
3007 4609 3235 4663 facilius
3269 4609 3730 4663 internocantur.

2078 4696 2234 4759 Quod
2253 4695 2488 4765 quidem
2503 4695 2812 4749 consilium
2831 4702 3094 4752 nostrum
3119 4699 3223 4752 tibi
3239 4697 3404 4752 facile
3423 4697 3730 4768 probatum

2075 4783 2143 4836 iri
2173 4785 2420 4837 confido.
2458 4790 2642 4854 Atque
2675 4783 2768 4838 hic
2801 4802 3035 4856 quoque
3068 4802 3262 4838 verum
3315 4801 3443 4839 esse
3475 4797 3728 4854 comperi

2075 4873 2226 4942 quod
2261 4873 2562 4943 proverbio
2593 4877 2787 4928 Graeco
2822 4875 3033 4928 dicitur
3080 4874 3211 4943 (76),
3237 4870 3409 4931 Πόνος
3440 4869 3591 4940 πόνῳ
3624 4868 3724 4923 πό-

2073 4979 2158 5013 νον
2193 4962 2360 5036 φέρει.
2396 4961 2637 5016 Utenim
2675 4962 2900 5032 primus
2924 4961 3018 5016 ille
3049 4961 3411 5032 Gregorianas
3443 4961 3730 5016 versionis

2071 5049 2236 5105 labor
2266 5051 2510 5106 alterum
2552 5051 2808 5106 laborem
2843 5052 3159 5122 suscipere,
3193 5050 3300 5105 hoc
3333 5049 3726 5115 est,Nicetam

2073 5139 2293 5194 Latinis
2325 5140 2566 5194 auribus
2597 5140 2869 5195 exhibere
2905 5155 2994 5194 me
3026 5141 3250 5211 coegit:
3302 5138 3383 5193 ita
3426 5139 3726 5196 secundus

2069 5227 2163 5283 hic
2195 5229 2376 5296 labor,
2411 5229 2578 5299 quasi
2605 5229 2844 5301 quidam
2868 5231 3208 5303 Eurysteus,
3243 5228 3388 5283 mihi
3416 5227 3727 5284 novilabo-

2068 5317 2150 5373 ris
2181 5318 2538 5389 suscipiendi
2572 5320 2980 5374 necessitatem
3001 5317 3649 5390 imposuit.Venitenim
3668 5319 3726 5374 in

2069 5411 2325 5461 mentem
2354 5407 2786 5462 subverendum
2816 5423 3045 5476 esse,ne
3068 5425 3274 5480 parum
3299 5408 3410 5462 sibi
3434 5411 3728 5463 constaret

2067 5495 2162 5553 hic
2195 5501 2392 5552 noster
2421 5495 2603 5566 labor,
2633 5497 2683 5554 si
2713 5498 3067 5570 quibusdam
3102 5498 3487 5570 orationibus,
3507 5497 3724 5571 partim
