4096 6288
439 325 560 387 337

1555 328 1826 391 JACOBI
1870 325 2104 387 BILLlI
2150 324 2743 387 PRJEFATIONES.

3740 325 3861 387 338

436 459 824 515 contractiore
845 460 1222 532 expositione,
1256 463 1465 533 partim
1488 462 1718 534 integre
1741 466 2095 519 commenta-
2121 461 2178 528 Α
2206 459 2440 514 bricatae
2473 460 2669 515 futura
2700 462 2857 526 sunt,
2891 462 3064 531 atque
3111 464 3177 516 ut
3223 459 3401 516 Graaci
3455 460 3657 516 aiunt:
3692 455 3857 514 Οὐδὲν

433 548 521 605 rio
538 549 887 620 explanatis,
922 549 1161 621 reliquas
1191 551 1347 606 velut
1379 552 1568 607 nothae
1598 553 1725 608 sine
1756 552 1873 609 ullo
1904 568 2085 606 anno-

432 638 726 694 tationum
751 638 1027 694 comitatu
1054 640 1372 711 prodirent,
1400 659 1533 697 cum
1557 646 1755 698 tamen
1778 642 1918 715 ipsae
1942 657 2086 712 quo-

429 745 545 799 que
579 728 983 800 compluribus
1016 729 1158 785 locis
1186 729 1385 787 lumen
1418 732 1656 805 aliquod
1687 730 2086 805 explicationis

426 816 587 872 haud
620 818 796 873 dubie
828 817 1175 890 ﬂagitarent.

499 907 648 978 Ergo
681 906 739 960 in
774 906 878 961 has
911 908 1085 962 etiam
1125 908 1348 963 scholia
1396 909 1753 978 elucubravi,
1789 908 2084 981 prolixita-

422 998 541 1050 tem
578 996 796 1067 ubique
826 1001 1111 1066 quantum
1146 997 1312 1053 licuit
1340 999 1568 1055 vitans:
1607 1004 1668 1054 ut
1699 1000 1747 1055 si
1794 1000 1938 1053 forte
1982 998 2079 1052 Νί-

423 1088 566 1140 setae
600 1085 1001 1156 interpretatio
1033 1086 1358 1157 prolixitate
1390 1088 1587 1160 aliqua
1613 1089 1875 1144 animum
1911 1092 2078 1143 tuum

420 1173 717 1229 interdum
749 1174 1136 1243 subofl‘endat,
1160 1175 1283 1231 haec
1306 1176 1574 1233 molestia
1596 1176 1950 1233 scholinrum
1974 1195 2077 1232 no-

421 1272 679 1319 strorum
710 1262 989 1318 brevitate
1037 1264 1315 1320 diluatur.
1367 1267 1446 1321 De
1486 1267 1704 1337 quibus
1734 1266 1879 1322 nihil
1915 1266 2075 1323 aliud

422 1353 638 1420 dicam,
673 1351 786 1407 nisi
818 1369 911 1407 me
941 1370 1176 1409 summa
1204 1371 1346 1410 cura
1386 1354 1807 1427 diligentiaque
1837 1360 2073 1411 conten-

422 1442 603 1511 disse,
638 1445 702 1496 ut
726 1441 820 1496 hic
851 1446 1052 1497 auctor
1081 1442 1379 1514 aliquanto
1410 1443 1619 1499 clarior
1649 1449 1704 1499 et
1733 1443 1986 1516 apertior
2012 1443 2073 1498 in

421 1546 635 1585 manus
654 1534 786 1585 tuas
808 1530 1149 1603 perveniret.
1175 1532 1371 1603 Adjeci
1396 1537 1676 1605 praeterea
1696 1533 1819 1589 Non
1831 1533 1884 1587 ni
1904 1549 2075 1604 opus-

418 1618 642 1687 culum,
676 1635 791 1691 quo
821 1619 1095 1691 profanas
1140 1620 1416 1677 historias
1448 1625 1505 1677 et
1557 1621 1782 1677 fabulas
1813 1620 2071 1694 exponit,

415 1707 485 1762 de
518 1708 737 1778 quibus
768 1707 826 1762 in
851 1707 1156 1764 Invectivis
1188 1710 1469 1765 adversus
1499 1709 1802 1767 Julianum
1832 1714 2071 1783 Aposta-

408 1800 530 1852 tam
564 1796 921 1852 mentionem
953 1798 1091 1852 facit
1111 1798 1425 1870 Gregorius
1450 1816 1462 1866 ;
1489 1800 1643 1871 quod
1670 1802 1849 1854 etiam
1871 1799 2066 1872 ipsum
2098 1833 2145 1899 B

412 1886 484 1941 de
515 1885 709 1941 Graeco
740 1885 798 1941 in
832 1886 1101 1942 Latinum
1133 1890 1544 1943 convertimus.
1575 1888 1721 1944 Illud
1754 1893 1949 1944 autem
1972 1906 2066 1945 ve-

410 1973 543 2044 lim,
565 1974 709 2030 mihi
732 1975 922 2030 fraudi
947 1992 1018 2032 ne
1039 1976 1137 2045 sit,
1167 1979 1318 2048 quod
1347 1976 1534 2032 multa
1559 1977 1685 2033 loca
1714 1978 1941 2033 Veteris
1959 1980 2064 2033 Te-

410 2063 687 2117 stamenti
720 2062 887 2117 aliter
914 2063 1078 2130 verti,
1113 2081 1289 2135 quam
1326 2065 1382 2119 in
1420 2064 1666 2136 Vulgata
1697 2064 2064 2120 traductione

408 2151 756 2207 habeantur.
778 2152 919 2206 Nam
947 2168 1080 2206 cum
1100 2152 1242 2207 mihi
1266 2169 1399 2207 cum
1422 2170 1488 2208 eo
1511 2153 1745 2208 homine
1771 2170 1863 2208 res
1884 2159 2060 2221 esset,

408 2240 509 2313 qui
539 2258 654 2296 non
682 2240 796 2297 alia
839 2258 1014 2313 quam
1066 2242 1209 2296 LXX
1259 2242 1648 2314 Interpretum
1681 2242 2061 2298 translatione

407 2335 691 2400 uteretur,
726 2330 919 2386 decuit
952 2347 1044 2386 me
1077 2332 1354 2404 profecto,
1379 2331 1492 2387 imo
1516 2332 1751 2386 omnino
1778 2332 2056 2404 oportuit,

404 2418 590 2491 ipsius
612 2420 870 2491 vestigiis
892 2420 951 2474 in
975 2420 1237 2475 versione
1257 2436 1385 2476 mea
1402 2420 1693 2487 insistere,
1715 2425 1885 2490 atque
1905 2438 2060 2476 eam-

404 2506 537 2561 dem
573 2506 1018 2562 translationem
1051 2507 1239 2578 sequi.
1270 2506 1500 2578 Alioqui
1525 2507 1849 2564 innumeris
1881 2524 2059 2580 prope

404 2594 547 2650 locis
580 2611 683 2650 nec
714 2594 972 2666 Gregorii
1005 2596 1309 2668 explicatio
1357 2613 1491 2651 cum
1535 2598 1842 2669 Scriptura
1874 2601 2054 2663 textu,

405 2701 510 2740 nec
535 2684 746 2739 Nicetes
791 2684 1072 2756 expositio
1114 2702 1248 2740 cum
1294 2685 1575 2759 Gregorii,
1627 2686 2057 2757 Scripturaeque

402 2772 595 2829 verbis
628 2771 747 2828 ullo
780 2774 951 2829 modo
984 2775 1368 2845 quadrasset;
1401 2791 1601 2830 verum
1625 2775 1781 2829 aliud
1812 2775 2056 2845 tibia,ut

405 2862 576 2933 vulgo
606 2862 719 2916 dici
751 2862 916 2932 solet,
954 2863 1277 2933 cecinisset,
1311 2863 1468 2919 aliud
1504 2880 1605 2935 pes
1636 2864 1925 2920 saltasset.

482 2951 607 3006 Haec
628 2956 788 3018 sunt,
809 2953 1031 3020 Lector,
1056 2970 1180 3024 quae
1204 2954 1273 3007 ad
1294 2953 1359 3007 D.
1384 2953 1666 3025 Gregorii,
1687 2953 1805 3008 imo
1829 2954 1899 3008 ad
1918 2958 2055 3008 tem-

410 3039 493 3111 pli
525 3041 636 3110 Dei,
670 3043 838 3113 cujus
877 3039 974 3096 ille
1012 3041 1163 3113 lapis
1195 3042 1357 3097 vivus
1399 3042 1526 3113 fuit,
1558 3042 1990 3098 exornationem
2020 3061 2055 3098 a

407 3130 574 3186 nobis
606 3131 814 3187 collata
846 3134 1025 3186 sunt:
1077 3148 1203 3202 quae
1253 3131 1301 3186 si
1357 3133 1428 3187 ad
1473 3132 1685 3186 virium
1718 3138 2050 3189 nostrarum

2200 546 2227 601 ὁ
2264 548 2451 622 βωμὸς
2482 548 2619 623 πρὸς
2647 548 2710 601 τὸ
2749 546 2920 618 ἱερόν.
2972 548 3224 621 lngenue
3273 550 3427 605 enim
3476 552 3533 605 et
3577 548 3702 604 sine
3735 548 3853 605 ullo

2195 638 2506 694 verborum
2526 639 2654 693 fuco
2679 638 2881 707 fateor,
2903 641 3132 694 tantum
3152 638 3304 693 inter
3324 638 3588 693 Graecum
3610 638 3853 695 Nazian-

2194 743 2404 782 zenum
2436 731 2492 783 et
2525 733 2781 782 nostram
2815 727 3138 781 versionem
3167 728 3469 795 interesse,
3498 730 3562 782 ut
3593 726 3642 784 si
3674 744 3765 783 res
3787 728 3848 784 in

2194 816 2624 871 contentionem
2646 816 2861 882 veniat,
2885 833 2999 872 non
3026 816 3212 887 magis
3235 816 3355 871 haec
3375 817 3446 871 ad
3472 815 3630 872 illius
3650 816 3846 888 splen-

2193 906 2417 973 dorem,
2469 922 2645 976 quam
2695 910 2908 960 noctua
2948 906 3018 960 ad
3062 905 3414 961 meridianos
3462 905 3603 960 solis
3652 907 3845 964 radios

2191 995 2508 1049 consistere
2540 993 2744 1065 possit.
2771 995 2878 1049 Sed
2902 1011 3036 1049 cum
3059 994 3325 1049 Christus
3356 995 3470 1050 duo
3500 994 3601 1050 illa
3632 1012 3846 1067 paupe-

2190 1083 2270 1137 ris
2292 1084 2479 1139 viduaa
2504 1083 3144 1153 minuta,amplissimis
3166 1084 3342 1139 etiam
3365 1083 3613 1139 divitum
3639 1101 3844 1140 mune-

2188 1172 2372 1241 ribus,
2431 1190 2560 1244 quze
2618 1189 2795 1243 opum
2858 1171 3091 1227 nonnisi
3159 1170 3580 1247 περισσεύματα,
3642 1176 3716 1245 et,
3778 1179 3843 1229 ut

2186 1261 2377 1317 Plauti
2409 1263 2581 1317 verbo
2614 1266 2763 1332 utar,
2799 1261 3185 1333 praesegmina
3214 1262 3479 1333 quaedam
3506 1262 3840 1335 erant,plu-

2185 1351 2267 1407 ris
2296 1350 2636 1407 aestimarit:
2672 1350 2842 1406 debet
2872 1351 3127 1422 profecto
3178 1350 3286 1405 tibi
3341 1367 3574 1422 quoque
3602 1356 3836 1420 gratum

2182 1456 2312 1495 esse
2339 1438 2402 1511 re
2432 1438 2567 1493 κατὰ
2607 1435 2857 1510 δύναμιψ
2899 1439 3032 1495 licet
3078 1438 3233 1495 enim
3267 1439 3375 1495 hoc
3405 1438 3530 1496 loco
3575 1440 3836 1513 Gregorii

2182 1528 2367 1584 nostri
2383 1530 2557 1585 verba
2574 1544 2877 1599 usurpare.
2912 1529 3286 1600 Iniquaenim
3306 1545 3548 1600 prorsus
3567 1528 3710 1584 mihi
3730 1530 3836 1586 abs

2181 1620 2239 1673 te
2270 1618 2458 1689 gratia
2489 1617 2857 1689 rependetur,
2892 1617 2941 1673 si
2985 1634 3088 1690 pro
3128 1620 3289 1672 tanto
3332 1616 3530 1673 labore
3560 1617 3833 1675 utilitatis

2181 1709 2297 1762 tum
2326 1723 2506 1762 causa
2535 1710 2831 1779 suscepto,
2862 1706 3009 1761 nihil
3058 1705 3217 1762 aliud
3250 1723 3425 1776 quam
3457 1705 3829 1763 obtrectatio-

2180 1811 2314 1851 nem
2344 1795 2680 1869 laborisque
2702 1795 2877 1851 nostri
2893 1794 3368 1868 suggillationem
3386 1796 3831 1867 referas.,Longe

2177 1884 2331 1940 enim
2362 1886 2587 1957 aequius
2620 1902 2685 1941 ac
2716 1884 3046 1940 Christiano
3078 1884 3315 1940 homine
3353 1883 3589 1957 dignius
3620 1888 3708 1941 est
3754 1886 3828 1942 ob

2177 1973 2362 2030 multa
2378 1976 2524 2030 bene
2553 1974 2709 2029 dicta
2739 1974 2809 2029 ad
2826 1974 3093 2046 quaedam
3108 1980 3295 2029 errata
3314 1973 3827 2046 connivere,quam

2175 2064 2247 2118 ob
2279 2064 2546 2134 quaedam
2588 2068 2779 2119 errata
2808 2067 2997 2118 totum
3033 2080 3181 2134 opus
3212 2062 3485 2131 lacerare,
3538 2080 3604 2119 ac
3631 2080 3825 2119 scara-

2174 2152 2328 2207 baaos
2358 2151 2713 2223 imitari,qui
2748 2152 3065 2223 unguentis
3097 2152 3295 2206 minus
3323 2151 3590 2207 delectati
3621 2152 3827 2223 putida

2173 2243 2602 2295 consectantur.
2622 2242 2962 2311 Quanquam
2984 2256 3096 2295 non
3120 2245 3243 2295 tam
3264 2244 3392 2312 peto
3424 2244 3489 2294 ut
3517 2241 3588 2294 ad
3603 2256 3825 2296 errores

2168 2329 2488 2404 lapsusque
2519 2336 2749 2387 nostros
2780 2330 3111 2401 conniveas,
3145 2347 3320 2402 quam
3344 2334 3409 2385 ut
3441 2331 3511 2385 ab
3544 2331 3826 2387 obtrecta-

2169 2419 2326 2476 tione
2355 2425 2413 2476 et
2470 2420 2875 2476 maledicentia
2922 2424 3235 2491 temperes.
3297 2419 3681 2475 Admonendo
3735 2420 3823 2475 vel

2168 2509 2341 2564 etiam
2376 2510 2717 2581 corrigendo
2748 2526 2815 2565 ea
2875 2509 2935 2564 in
2968 2508 3184 2580 quibus
3214 2524 3441 2563 errasse
3467 2507 3819 2575 videbimur,

2167 2614 2289 2653 rem
2315 2602 2373 2653 et
2399 2598 2541 2652 mihi
2566 2615 2680 2653 non
2712 2597 3028 2670 ingratam,
3081 2602 3138 2653 et
3190 2596 3321 2652 aliis
3366 2595 3570 2652 utilem
3602 2596 3815 2652 facies:

2166 2687 2507 2744 oblatrando
2539 2692 2597 2745 et
2649 2688 3064 2744 calumniando
3112 2703 3216 2743 nec
3259 2686 3389 2742 aliis
3429 2687 3712 2759 proderis,
3763 2692 3817 2743 et

2165 2777 2324 2849 gravi
2341 2775 3366 2849 crimineteipsumobstringes.Nam
3390 2792 3519 2830 cum
3547 2775 3814 2832 Christus

2164 2866 2238 2922 iis
2268 2868 2443 2922 etiam
2477 2885 2510 2922 a
2531 2868 2747 2937 quibus
2777 2865 2995 2937 injuria
3020 2864 3187 2920 nobis
3218 2868 3345 2919 orta
3373 2869 3481 2931 est,
3515 2865 3698 2920 vicem
3728 2881 3813 2920 re-

2163 2956 2312 3010 ferre
2340 2955 2680 3027 prohibeat:
2716 2958 2933 3024 quanto
2964 2954 3203 3008 tandem
3236 2952 3484 3009 atrocior
3511 2969 3609 3009 eos
3640 2970 3811 3025 poena

2162 3048 2380 3114 manet,
2414 3043 2511 3116 qui
2536 3045 2680 3099 bene
2709 3045 2781 3098 de
2812 3060 2874 3099 se
2904 3046 3211 3111 merentes,
3245 3046 3348 3097 aut
3403 3046 3555 3098 certe
3600 3042 3809 3099 mereri

2163 3133 2467 3189 studentes
2497 3133 2700 3189 rabido
2746 3132 2918 3188 dente
2948 3132 3360 3187 insectantur?
3414 3132 3460 3186 A
3509 3148 3623 3202 quo
3676 3131 3815 3187 vitio

404 3218 710 3274 modulum
742 3218 1065 3289 exigantur,
1099 3237 1212 3274 non
1245 3237 1420 3292 parva
1457 3220 1737 3287 fortasse;
1771 3220 1822 3276 si
1852 3226 2050 3277 autem
2082 3199 2125 3267 C
2164 3222 2387 3278 utinam
2419 3227 2474 3278 te
2512 3222 2669 3278 Deus
2724 3238 2956 3293 semper
3003 3219 3358 3275 incolumem
3408 3224 3615 3277 servet.
3665 3220 3820 3276 Bene

400 3307 473 3363 ad
504 3308 880 3363 excellentem
914 3309 1168 3364 auctoris
1218 3309 1562 3382 dignitatem
1596 3310 2051 3383 perpendantur,

396 3397 597 3455 minus
629 3413 807 3469 quam
839 3396 942 3469 pili
973 3414 1304 3470 caprarum,
1336 3398 1637 3471 pellesque
1666 3400 1917 3456 arietum
1948 3419 2048 3457 ru-

400 3636 704 3693 ΙΑΚΩΒΟΣ
773 3637 817 3693 Ο
882 3639 1168 3696 ΒΙΛΛΙΟΣ
1242 3641 1409 3697 ΤΟΙΣ
1477 3642 2053 3699 ΕΝΤΕΥΞΟΜΕΝΟΙΣ

991 3732 1075 3782 El‘
1118 3734 1470 3783 ΠΡΑΤΤΕΙΝ.

478 3812 755 3869 Κάλλιστα
788 3814 881 3887 μὲν
907 3815 996 3870 καὶ
1029 3815 1450 3895 φιλοσοφώτατοι
1476 3822 1556 3890 τῷ
1588 3820 1768 3895 Σιρᾶχ
1821 3817 2052 3893 εἶ’ρηται.

403 3902 492 3970 Μὴ
559 3902 832 3977 βιάζεσθαι
894 3902 1003 3959 δεῖν
1061 3905 1185 3981 ῥοῦν
1239 3911 1491 3980 ποταμοῦ
1528 3928 1539 3941 ·
1602 3907 1706 3984 ἐγὼ
1776 3905 1832 3962 δὲ
1887 3928 2053 3981 προσ-

400 3990 550 4061 θείην
584 3990 643 4044 ἂν
678 3990 776 4046 οὐκ
825 3993 1146 4061 ἀπεικότως,
1199 3995 1281 4049 ὅτι
1335 3994 1475 4068 μηδὲ
1523 3997 1622 4065 τήν
1665 3992 1843 4072 φύσι).
1879 4000 2056 4053 Τοῦτο

403 4074 461 4131 δὲ
493 4076 639 4154 λέγω
687 4078 795 4155 οὐχ
845 4080 1035 4143 ἁπλῶς
1085 4083 1335 4152 εἷ’κάζων,
1380 4082 1504 4138 οὐδὲ
1549 4089 1667 4146 τοῖς
1700 4083 1885 4139 ἄλλων
1922 4085 2059 4138 ὑπο-

404 4165 651 4243 δείγμασι
683 4170 937 4239 πεισθεῖς,
989 4170 1116 4226 ἀλλ’
1160 4171 1295 4246 αὐτῇ
1341 4177 1408 4246 τῇ
1458 4172 1620 4249 πείρᾳ
1669 4174 1873 4246 μαθών,
1925 4172 2058 4243 ὅσης

403 4254 543 4310 ἐστὶν
578 4256 826 4327 εὐηθείας
856 4260 947 4314 καὶ
982 4260 1343 4333 ματαιότητος
1388 4263 1487 4331 τὴν
1541 4262 1675 4338 πρὸς
1723 4259 2059 4334 ἐπιτήδευμά

402 4367 459 4401 τι
500 4347 825 4424 προσφόρως
872 4349 962 4403 καὶ
1017 4349 1231 4412 οἷ’κείως
1289 4346 1518 4425 ἔχουσαν
1579 4352 1763 4427 ψυχὴν
1816 4350 1899 4417 ἐφ’
1947 4349 2056 4406 ἒτὲ-

407 4454 500 4509 ραν
545 4436 667 4490 τινὰ
714 4440 811 4491 τοῦ
860 4437 982 4511 βίου
1033 4436 1176 4493 ἷδέαν
1243 4441 1583 4513 ἀποτρέπειν,
1640 4439 1729 4495 καὶ
1783 4440 1877 4515 βίᾳ
1929 4440 2060 4513 μεθ-

419 4521 591 4578 ἑλκειν
602 4566 615 4580 .

481 4611 699 4683 Ἐπειδὴ
736 4615 840 4691 γὰρ
869 4614 1049 4689 τρίτον
1092 4614 1199 4688 ἤδη
1248 4614 1368 4681 ἓτος
1418 4618 1493 4681 εἷς
1524 4617 1592 4674 τὰ
1633 4617 1778 4674 οἷ’κοι
1810 4615 2063 4673 διδασκα-

409 4698 533 4757 λεῖα
563 4705 825 4779 φοιτήσας
873 4703 994 4768 ἅλις
1044 4704 1189 4782 ἔχειν
1241 4704 1397 4777 ἔδοξα
1441 4715 1540 4777 τῆς
1591 4706 1870 4784 ἐγχωρίου
1918 4728 2064 4762 στοι-

404 4792 710 4866 χειώσεως,
760 4791 845 4846 ἐπὶ
892 4796 991 4863 τὴν
1041 4796 1346 4865 Λουτηκίαν
1379 4796 1684 4874 ἐπέμφθην,
1717 4797 1793 4858 ὡς
1835 4793 1900 4865 δὴ
1940 4798 2064 4869 μεθ-

407 4878 539 4949 1;va
588 4879 920 4957 τελεωτέρας
967 4881 1300 4946 παιδεύσεως
1329 4931 1342 4953 ,
1393 4884 1482 4939 καὶ
1537 4885 1757 4957 μείζονα
1814 4887 1910 4954 τὴν
1962 4886 2067 4939 ἀπὸ

405 4974 515 5023 τῶν
574 4966 758 5043 λόγων
827 4970 1093 5049 ὠφέλειαν
1172 4973 1598 5048 καρπωσόμενος
1633 5019 1645 5033 .
1708 4976 1917 5051 Ἔγωγε
1974 4971 2064 5027 οὖν

410 5056 603 5114 αὐτίκα
636 5058 731 5131 μὲν
782 5065 894 5122 τοῖς
931 5062 1030 5130 τήν
1078 5062 1388 5135 Ῥωμαίων,
1423 5062 1598 5140 ὀλίγῳ
1650 5061 1695 5119 δ’
1728 5062 1945 5139 ὕστερον
1978 5062 2068 5117 καὶ

406 5151 524 5208 τοῖς
555 5148 652 5216 τὴν
695 5145 980 5218 Ἑλλήνων
1034 5147 1377 5206 διδάσκουσιν
1431 5151 1661 5224 ἐμαυτὸν
1715 5154 1890 5230 φέρων
1940 5171 2071 5224 παρ-

402 5233 600 5290 έδωκα.
637 5238 735 5292 Καὶ
786 5235 851 5306 δὴ
900 5239 991 5293 καὶ
1042 5239 1196 5303 ἐντὸς
1249 5241 1309 5295 οὗ
1354 5240 1575 5298 πολλοῦ
1628 5241 1855 5317 χρόνου,
1911 5240 1958 5295 εἴ
1992 5241 2067 5312 μὴ

410 5327 671 5402 περιττήν
716 5347 834 5381 τινα
882 5325 972 5382 καί
1024 5331 1349 5404 θαυμασίαν,
1402 5330 1549 5387 ἀλλὰ
1592 5331 1859 5401 τοσαύτην
1909 5351 1971 5407 γε
2018 5329 2069 5385 ἐν

490 5496 534 5534 ἰ
568 5496 740 5555 Eccli.
771 5514 849 5570 1v,
882 5498 972 5557 32.

495 5658 609 5731 (77)
641 5658 794 5716 Edit.
823 5659 1022 5719 Colon.
1054 5660 1388 5735 [Lipsiens.]
1418 5662 1577 5719 1690.

2095 4575 2142 4640 D

2163 3311 2308 3378 vale,
2334 3312 2555 3384 optime
2584 3312 2801 3380 Lector,
2834 3314 2891 3366 et
2915 3309 3174 3366 laborem
3198 3308 3355 3365 hunc
3382 3312 3649 3365 nostrum
3682 3309 3818 3365 boni

2164 3400 2423 3457 consule.

2346 3642 2637 3701 JACOBUS
2664 3641 2933 3700 BILLIUS
2963 3639 3385 3699 LECTORIBUS
3407 3640 3646 3699 FELICI-

2791 3714 3020 3770 TATEM
3052 3712 3190 3785 (77).

2240 3822 2583 3877 Rectissime
2640 3825 2698 3877 et
2750 3818 3185 3892 sapientissime
3234 3816 3440 3873 Sirach
3492 3815 3636 3871 dicit
3695 3832 3708 3870 :
3749 3818 3824 3871 Ne

2165 3912 2377 3967 coneris
2414 3915 2607 3966 contra
2664 3910 2838 3965 ictum
2868 3909 3029 3979 ﬂuvii
3051 3908 3096 3943 εί
3132 3922 3145 3961 :
3180 3905 3644 3976 subjunxissem,
3705 3921 3821 3960 non

2165 4000 2441 4068 absurde,
2488 4015 2671 4070 neque
2719 4002 2922 4053 contra
2951 4000 3223 4052 naturam
3270 3998 3328 4049 et
3357 3992 3635 4050 indolem.
3670 3992 3821 4048 Illud

2168 4095 2361 4144 autem
2395 4105 2508 4143 non
2541 4104 2609 4143 ex
2630 4087 2965 4157 conjectura
2998 4089 3215 4139 temere
3249 4083 3498 4154 profero,
3531 4099 3645 4138 non
3679 4082 3824 4137 alio-

2168 4194 2298 4233 rum
2340 4177 2575 4232 edoctus
2632 4174 2912 4246 exemplis
2948 4191 2961 4242 ;
2998 4173 3131 4245 ipsa
3167 4188 3424 4244 namque
3473 4169 3829 4243 experientia

2167 4265 2345 4320 didici
2376 4280 2553 4335 quam
2585 4263 2759 4319 inane
2780 4263 2858 4318 sit
2886 4267 2944 4317 et
2966 4261 3237 4333 iniquum
3259 4260 3559 4316 retrahere
3572 4263 3826 4315 mentem

2170 4355 2241 4411 ab
2275 4354 2516 4411 utilibus
2539 4354 2861 4424 amicisque
2893 4350 3129 4420 studiis,
3189 4354 3244 4407 et
3291 4350 3534 4406 invitam
3567 4349 3639 4405 ad
3672 4347 3829 4404 aliud

2172 4444 2298 4499 vitae
2327 4460 2513 4516 genus
2553 4446 2903 4499 convertere.

2245 4623 2377 4678 Jam
2409 4620 2567 4677 domi
2594 4637 2696 4693 per
2731 4624 2854 4676 tres
2904 4635 3091 4674 annos
3142 4617 3377 4673 scholas
3436 4618 3833 4689 frequentave-

2174 4727 2323 4780 ram,
2346 4727 2479 4766 cum
2508 4709 2712 4781 patriis
2736 4708 3109 4777 rudimentis,
3143 4705 3394 4762 aliorum
3416 4705 3666 4777 judicio,
3682 4704 3828 4761 satis

2175 4801 2521 4865 instructus,
2557 4798 2847 4854 Lutetiam
2876 4797 3098 4852 missus
3128 4812 3284 4865 sum,
3341 4798 3407 4850 ut
3464 4792 3828 4865 perfectioris

2175 4887 2564 4943 institutionis
2584 4887 2778 4942 socius
2807 4889 2866 4940 et
2897 4885 3189 4956 particeps
3216 4884 3493 4954 majorem
3527 4898 3596 4937 ex
3617 4881 3829 4937 studiis

2179 4978 2433 5033 fructum
2465 4976 2895 5046 utilitatemque
2927 4973 3308 5045 perciperem.
3344 4970 3619 5025 Protinus
3651 4969 3833 5041 igitur

2179 5065 2377 5122 Latine
2407 5070 2465 5121 et
2512 5064 2684 5137 paulo
2742 5066 2876 5135 post
2924 5062 3117 5119 Grmce
3186 5060 3531 5117 docentibus
3587 5058 3837 5116 libenter

2178 5152 2840 5226 memetipsumtradidi.
2864 5150 3185 5223 thuidem
3204 5150 3359 5205 intra
3384 5148 3557 5205 breve
3578 5152 3835 5220 tempus,

2181 5245 2226 5300 si
2260 5260 2374 5299 non
2430 5259 2609 5315 supra
2640 5241 2877 5297 modum
2934 5237 3522 5309 admirationemque,
3582 5240 3641 5291 at
3686 5239 3839 5290 certe

2180 5337 2407 5390 tantum
2428 5330 2489 5387 in
2520 5335 2769 5404 utraque
2814 5329 3019 5402 lingua
3067 5326 3305 5400 profeci,
3355 5329 3440 5396 ut,
3499 5324 3653 5381 absit
3682 5340 3717 5381 a
3744 5339 3838 5380 me
