4096 6288
258 327 378 388 839

1381 317 1653 382 JAGOBI
1696 315 1930 377 BILLlI
1973 313 2574 376 PREFATIONES.

3557 325 3680 385 340

284 457 639 531 arrogantia,
674 473 777 513 nec
805 455 1057 529 impensi
1088 453 1202 511 mei
1231 469 1408 509 causa
1428 450 1597 524 pretii
1630 453 1905 523 parentes,

2033 443 2256 521 ἑκατέρᾳ
2292 450 2398 500 τῶν
2448 449 2706 521 γλωττῶν
2758 448 3042 524 προκοπὴν
3093 447 3460 524 ἐποιησάμην,
3513 450 3674 525 ὥστε,

277 564 384 604 nec
414 546 668 619 suscepti
701 550 766 602 ut
796 563 889 602 me
918 542 1532 601 informarentlaboris
1556 540 1920 596 institutores

277 654 342 694 ac
382 635 821 708 ludimagistros
879 634 1203 708 paeniteret.
1263 637 1524 704 lntegros
1579 646 1678 685 sex
1735 646 1919 684 annos

270 730 586 800 postquam
618 723 734 780 illis
766 724 823 779 in
847 723 1063 780 scholis
1097 737 1581 796 perseverassem,
1618 718 1919 775 accersivit

271 831 365 869 me
390 820 571 888 pater,
631 818 689 870 et
721 815 873 886 apud
906 829 967 870 se
1010 814 1166 869 haud
1226 812 1323 868 diu
1382 813 1677 867 detentum
1735 810 1917 865 Pieta-

261 903 425 959 vium
488 903 671 971 misit,
730 904 935 958 urbem
985 903 1078 958 his
1132 902 1340 959 diebus
1405 900 1465 955 in
1518 898 1674 956 omni
1734 898 1921 955 Gallia

263 992 811 1065 prrestantissimam
842 988 1919 1063 florentissimamquejurisprudentiae

262 1081 531 1138 scientia.

334 1351 546 1425 Ecquis
576 1351 925 1424 exprimeret
957 1351 1130 1407 verbo
1184 1367 1310 1423 quae
1364 1350 1507 1405 mihi
1562 1348 1830 1422 voluptas
1860 1351 1918 1404 et

265 1456 393 1513 qua
423 1441 595 1497 fuerit
617 1440 818 1496 laetitia
847 1439 906 1495 in
939 1440 1277 1496 societatem
1295 1440 1398 1511 jus
1425 1437 1703 1511 legesque
1723 1437 1914 1493 colen-

262 1529 413 1585 tium
447 1529 709 1585 ascribi?
733 1533 851 1583 Hoc
898 1522 1055 1584 enim
1111 1529 1228 1584 fere
1250 1530 1534 1599 juvenum
1567 1527 1774 1583 vitium
1805 1531 1914 1593 est,

262 1623 327 1673 ut
358 1618 610 1673 assuetis
653 1618 848 1672 satiati
899 1633 1048 1672 nova
1099 1631 1334 1688 semper
1392 1620 1627 1687 captent
1665 1620 1722 1670 et
1778 1616 1915 1669 totis

259 1706 647 1777 insequantur
674 1706 918 1762 viribus.
953 1706 1063 1762 Sed
1114 1720 1400 1762 evanuere
1455 1705 1569 1759 cito
1599 1703 1914 1775 voluptatis

258 1793 561 1850 illecebrae.
596 1793 805 1850 Primis
855 1794 1045 1866 legum
1098 1793 1404 1849 elementis
1456 1794 1723 1849 imbutus
1753 1794 1909 1865 (nam

260 1899 368 1939 sua
386 1882 617 1938 Themis
648 1900 762 1938 non
794 1884 983 1955 aperit
1012 1882 1290 1951 mysteria
1315 1881 1427 1937 nisi
1461 1880 1623 1953 prius
1643 1881 1911 1952 initiatis)

254 1971 419 2027 intus
451 1972 617 2042 quasi
651 1976 1020 2044 transgresso
1042 1971 1245 2026 limine
1277 1972 1575 2027 admissus
1607 1987 1737 2025 sum
1764 1988 1777 2025 :
1811 1986 1909 2025 ve-

258 2076 388 2115 rum
421 2059 479 2114 in
500 2060 777 2115 interiora
809 2058 1137 2131 penetranti
1190 2058 1274 2114 sic
1336 2075 1542 2131 aspera
1572 2059 1792 2126 omnia,
1828 2059 1911 2114 sic

259 2150 445 2206 ardua
483 2153 540 2205 et
596 2148 894 2205 inaccessa
962 2152 1168 2221 praeter
1225 2164 1390 2220 spem
1449 2164 1789 2220 apparuere,
1846 2153 1913 2203 ut

261 2238 417 2310 quod
438 2237 694 2293 venerim
750 2237 1097 2304 Pictavium,
1140 2236 1287 2293 mihi
1340 2252 1711 2307 nequaquam
1744 2237 1910 2308 igno-

258 2327 832 2398 scerem,urbemque
853 2325 1011 2382 illam
1046 2342 1312 2381 vocarem
1332 2342 1485 2380 vanae
1508 2326 1705 2380 sedem
1728 2324 1909 2379 felici-

265 2416 422 2472 tatis.
458 2415 573 2488 Ipsi
594 2419 791 2469 tamen
823 2414 1055 2487 ingenio
1110 2414 1226 2470 vim
1265 2414 1545 2479 inferens,
1576 2413 1729 2469 ultra
1779 2430 1909 2485 pro-

260 2503 424 2577 gredi
452 2504 608 2559 omni
642 2519 749 2575 ope
778 2504 1096 2573 tentabam,
1130 2506 1187 2559 et
1227 2504 1396 2573 juxta
1451 2502 1595 2558 illud
1626 2501 1907 2575 Apostoli,

260 2592 331 2647 ad
358 2608 425 2648 ea
446 2606 571 2662 qua
598 2592 883 2647 anteriora
919 2596 1077 2647 erant
1126 2594 1397 2663 meipsum
1434 2590 1724 2647 extendere
1744 2591 1810 2645 ⁸³.
1841 2593 1912 2646 At

257 2680 363 2737 illa
392 2681 531 2752 quid
566 2681 711 2735 mihi
745 2680 960 2752 profuit
993 2679 1485 2735 animicontentio
1514 2678 1543 2733 ?
1580 2680 1663 2734 Ad
1692 2680 1907 2749 expeti-

254 2774 378 2825 tam
420 2785 533 2824 non
568 2769 796 2841 perveni
821 2769 980 2840 juris
1010 2768 1317 2825 scientiam
1352 2769 1522 2841 ;quin
1547 2768 1912 2840 etipsaprior

250 2857 545 2914 institutio
578 2857 903 2930 plurimum
918 2858 1252 2913 detrimenti
1272 2857 1529 2929 pertulit.
1555 2857 1726 2929 Spem
1751 2857 1907 2913 enim

253 2964 445 3004 meam
477 2964 590 3002 non
616 2948 788 3003 modo
826 2947 1029 3003 fefellit
1050 2947 1691 3018 jurisprudentia,pene
1720 2952 1907 3002 totum

250 3036 426 3092 etiam
461 3036 691 3091 efﬂuxit
718 3036 873 3107 quod
899 3037 957 3091 in
990 3052 1204 3107 magna
1244 3042 1386 3091 urbe
1416 3052 1905 3105 comparaveram-

251 3125 320 3181 Et
347 3125 500 3180 idem
534 3126 651 3180 fere
684 3124 827 3181 mihi
849 3125 1093 3197 contigit
1124 3124 1363 3196 quodiis
1393 3125 1608 3196 quibus
1639 3124 1903 3179 vitiatum

2028 533 2114 590 i'va
2148 533 2314 609 μηδὲν
2349 537 2602 613 φορτικὸν
2652 537 2807 607 εἴπω,
2846 534 2986 607 μηδέ
3036 544 3150 602 τοῖς
3190 545 3401 615 γονεῦσι
3439 545 3677 618 μεταμέ-

2028 622 2142 679 λειν
2169 632 2267 694 τῆς
2301 625 2382 679 ἐπ’
2415 624 2537 698 ἐμοὶ
2572 622 2833 698 δαπάνης,
2870 624 3010 699 μηδέ
3056 633 3172 691 τοῖς
3222 638 3558 706 καθηγηταῖς
3590 635 3678 688 καὶ

2029 710 2376 777 διδασκάλοις
2408 716 2480 767 ὧν
2515 714 2602 769 ἐπὶ
2631 719 2698 789 τῇ
2732 717 2973 793 ἡμετέρᾳ
3018 715 3291 773 παιδεύσει
3335 719 3671 797 ἐμόχθησας).

2027 805 2121 874 ’Ἐξ
2181 801 2236 857 δὲ
2294 802 2458 858 ἔτεσιν
2519 804 2671 866 ὅλοις
2730 805 3153 880 ἐναπομείναντοὶ
3215 829 3280 882 με
3335 817 3449 872 τοῖς
3509 811 3678 868 ἐκεῖσε

2027 890 2438 969 παιδευτηρίοις
2491 893 2979 968 μεταπεμψάμενος
3030 897 3057 950 ὁ
3088 898 3290 973 πατὴρ,
3330 899 3421 953 καὶ
3467 900 3674 976 βραχύν

2025 1003 2145 1037 τινα
2173 982 2370 1057 χρόνον
2400 984 2525 1058 παρ’
2565 983 2737 1056 ἑαυτῷ
2786 986 3096 1061 κατασχών,
3132 985 3219 1041 ἐπὶ
3267 988 3329 1041 τὸ
3380 985 3675 1045 Πικτάϐιον

2026 1070 2356 1142 ἀπέστειλεν,
2403 1071 2565 1127 πόλιν
2615 1080 2715 1143 τῆς
2763 1073 2899 1129 κατά
2943 1076 3042 1144 τήν
3080 1078 3314 1150 νομικὴν
3365 1077 3676 1153 ἐπιστήμην

2026 1159 2271 1223 εὐκλείας
2318 1161 2441 1217 τότε
2487 1163 2555 1217 τὰ
2617 1169 2858 1232 πρωτεῖα
2915 1168 3217 1243 φερομένην
3270 1166 3322 1223 ἐν
3376 1169 3552 1244 ἁπάσῃ
3602 1173 3673 1244 τῇ

2025 1248 2254 1323 Γαλλίᾳ.

2098 1340 2199 1395 Καὶ
2229 1338 2309 1401 τίς
2362 1340 2421 1394 ἃν
2469 1341 2548 1413 τῷ
2598 1339 2747 1418 λόγῳ
2794 1345 3182 1419 παραστήσειεν
3237 1345 3310 1408 ὡς
3360 1343 3537 1416 ἡδέως
3589 1347 3679 1401 καὶ

2030 1430 2145 1503 μεθ’
2177 1428 2308 1500 ὅσης
2338 1437 2437 1500 τῆς
2469 1430 2823 1506 περιχαρείας
2866 1438 2980 1495 τοῖς
3017 1434 3116 1502 τὴν
3148 1434 3348 1509 τέχνην
3378 1433 3544 1506 τήνδε
3576 1457 3674 1508 με·

2022 1522 2228 1572 τιοῦσιν
2290 1519 2518 1591 ἐμαυτὸν
2568 1518 2885 1594 ἐγκατέλεξα
2919 1540 2931 1590 ;
2968 1520 3132 1577 Φιλεῖ
3187 1525 3290 1598 γὰρ
3348 1527 3382 1593 ἡ
3441 1525 3678 1595 νεότης,

2022 1612 2139 1669 τοῖς
2198 1607 2524 1680 εἰθισμένοις
2583 1610 3021 1684 ἀπαρεσκομένη,
3079 1613 3141 1666 τὸ
3197 1614 3381 1668 καινὸν
3440 1613 3521 1667 ἀεὶ
3582 1625 3680 1683 θη-

2025 1698 2211 1772 ρᾶσθαι
2253 1697 2340 1751 καὶ
2373 1697 2508 1752 κατὰ
2553 1696 2750 1770 κράτος
2802 1696 3036 1756 διώκειν.
3094 1700 3253 1757 Ἀλλ’
3283 1701 3383 1756 οὐκ
3421 1701 3504 1756 ἐπὶ
3539 1699 3679 1757 ποδὺ

2023 1786 2295 1859 παρετάθη
2336 1808 2427 1859 μοι
2458 1787 2520 1841 τὸ
2564 1794 2661 1856 τῆς
2714 1786 2933 1857 ἡδονῆς.
2968 1790 3054 1852 Ὠς
3101 1792 3224 1864 γὰρ,
3276 1790 3342 1845 τά
3385 1790 3678 1865 προτέλεια

2020 1882 2123 1944 τῆς
2151 1874 2350 1949 τέχνης
2402 1878 2738 1952 κατηχηθεὶς
2785 1878 2869 1945 (οὐ
2902 1880 3004 1952 γὰρ
3054 1879 3208 1951 θέμις
3252 1886 3533 1934 κοινωνεῖν
3566 1885 3673 1934 τῶν

2025 1964 2337 2039 μυστηρίων
2369 1970 2486 2026 τοῖς
2543 1967 2616 2037 μὴ
2667 1967 2928 2041 πρότερον
2984 1969 3279 2040 μυηθεῖσι),
3325 1970 3414 2023 καὶ
3449 1967 3581 2023 οἱνεί
3608 1970 3675 2023 τά

2020 2052 2263 2128 πρόθυρα
2292 2050 2499 2124 διαϐὰς,
2533 2052 2682 2109 ἐνδον
2739 2056 3029 2131 ἐγενόμην,
3060 2063 3179 2119 τοῖς
3233 2058 3444 2132 βαθέσιν
3483 2058 3671 2119 αὐτοῖς

2021 2137 2354 2214 ἐμϐατεύων,
2405 2142 2548 2198 οὕτω
2596 2142 2836 2200 δύσκολα
2881 2144 3088 2216 πάντα,
3141 2145 3286 2201 οὕτω
3327 2147 3532 2221 τραχέα
3577 2147 3665 2201 καὶ

2022 2228 2310 2309 δυσέφικτα
2357 2234 2502 2307 παρά
2547 2234 2646 2302 τὴν
2699 2233 2834 2305 ἐμὴν
2894 2232 3090 2290 ἐλπίδα
3143 2232 3473 2307 κατέλαϐον,
3532 2234 3671 2291 ὥστε

2019 2318 2205 2376 πολλὰ
2235 2320 2463 2394 ἐμαυτὸν
2514 2324 2814 2400 μέμφεσθαι
2851 2326 2951 2392 τῆς
2992 2324 3079 2377 ἐπὶ
3126 2325 3188 2378 τὸ
3222 2319 3511 2379 Πικτοὶϐιον
3552 2323 3668 2378 ἐπι-

2021 2407 2246 2481 δημίας,
2276 2411 2365 2464 καὶ
2413 2412 2569 2480 κενὴν
2621 2412 2882 2488 μακαρίαν
2934 2413 3031 2480 τὴν
3080 2408 3243 2467 πόλιν
3291 2411 3498 2482 ἐκείνην
3535 2414 3669 2468 ἀπο-

2019 2497 2225 2556 καλεῖν.
2260 2498 2336 2556 Οὐ
2374 2500 2479 2573 μὴν
2512 2498 2656 2555 ἀλλὰ
2685 2500 2773 2556 καὶ
2804 2502 2901 2571 τὴν
2933 2500 3087 2581 φύσιν
3140 2501 3306 2570 αὐτην
3345 2502 3668 2578 βιαζόμενος

2020 2587 2072 2649 ἐς
2101 2589 2163 2644 τὸ
2215 2588 2402 2663 πρόσω
2449 2595 2675 2665 χωρεῖν,
2707 2592 2816 2663 καὶ,
2850 2591 2911 2645 τὸ
2960 2595 3055 2645 τοῦ
3102 2590 3463 2660 Ἀποστόλου,
3496 2591 3573 2653 εἷς
3603 2592 3670 2646 τὰ

2019 2675 2320 2753 ἔμπροσθεν
2378 2678 2761 2733 ἐπεκτείνεσθαι
2794 2723 2808 2747 ,
2860 2680 2995 2733 κατά
3068 2681 3241 2732 πάντα
3310 2678 3513 2754 τρόπον
3571 2678 3667 2733 ἐπ-

2020 2765 2286 2841 εχείρουν.
2320 2766 2379 2819 Τί
2410 2764 2467 2821 δὲ
2493 2774 2595 2834 τῆς
2633 2765 2994 2843 βεϐιασμένης
3013 2765 3216 2835 ταύτης
3249 2763 3489 2834 σπουδῆς
3524 2766 3663 2821 ὠνά-

2024 2876 2129 2927 μην
2165 2872 2178 2923 ;
2216 2856 2355 2929 Πρὸς
2384 2860 2463 2927 τῷ
2494 2857 2594 2925 τῆς
2626 2853 2957 2931 διωχθείσης
2988 2855 3185 2931 τέχνης
3231 2855 3551 2930 ἀποτυχεῖν,
3588 2854 3667 2910 ἔτι

2018 2942 2107 2997 καὶ
2139 2943 2213 3006 εἰς
2266 2944 2364 3012 τὴν
2417 2944 2648 3018 ἀρχαίαν
2700 2942 2974 2998 παίδευσιν
3022 2942 3362 3015 ἐζημιώθην·
3400 2944 3460 2999 οὐ
3505 2943 3665 3016 μόνον

2016 3032 2116 3107 γὰρ
2147 3039 2246 3101 τῆς
2277 3032 2621 3103 ἐλπισθείσης
2673 3033 2981 3106 ἐπιστήμης
3032 3031 3355 3108 διήμαρτον,
3390 3030 3536 3089 ἀλλά
3576 3035 3667 3088 καὶ

2017 3119 2211 3196 σχεδόν
2241 3142 2292 3175 τι
2344 3119 2562 3198 διερῥύη
2596 3128 2697 3177 πᾶν
2740 3127 2924 3195 τοῦτο,
2958 3123 3088 3198 ὅπερ
3125 3144 3217 3196 μοι
3250 3121 3666 3198 συνειλεγμένον

250 3217 341 3270 est
391 3213 703 3285 palatum:
746 3214 943 3270 cibum
1000 3192 1251 3285 aliquem
1308 3192 1428 3268 illis
1471 3214 1700 3279 offeras,
1754 3229 1905 3285 aegre

2018 3192 2164 3280 ἐν
2198 3214 2264 3285 τῇ
2322 3192 2717 3287 μεγαλοπόλει.
2751 3212 2849 3266 Καὶ
2897 3192 3279 3289 παραπλήσιόν
3330 3234 3381 3267 τι
3427 3192 3671 3268 πέπονθα

251 3303 449 3357 ferunt
482 3319 494 3369 ;
530 3301 850 3371 quemlibet
879 3303 1086 3358 deinde
1145 3302 1509 3375 apposueris,
1571 3302 1787 3373 pariter
1816 3319 1902 3358 re—

252 3398 474 3461 spuunt
504 3396 925 3461 aspernantes:
965 3392 1050 3446 sic
1078 3397 1135 3446 et
1167 3409 1272 3447 nos
1319 3408 1423 3463 spe
1468 3390 1904 3462 sublatajuris-

253 3478 662 3552 prudentiae,et
690 3496 829 3552 erga
855 3496 981 3535 eam
1013 3479 1165 3535 male
1197 3480 1615 3545 affecti,omnes
1645 3496 1713 3535 ex
1741 3497 1904 3552 aequo

254 3566 479 3623 litteras
512 3568 761 3624 aversati
823 3585 1028 3625 sumus
1081 3573 1138 3625 et
1185 3569 1549 3639 horruimus,
1592 3568 1905 3639 cujuslibet

254 3657 599 3713 eruditionis
634 3657 937 3714 fastidiosi.

320 3941 589 4015 Longum
624 3940 805 4013 igitur
832 3939 1020 3996 valere
1053 3939 1245 3996 studio
1277 3955 1412 3996 cum
1455 3938 1733 3996 dixissem
1760 3940 1907 3998 litte'

250 4046 473 4097 rarum,
520 4029 806 4101 meipsum
866 4029 1093 4086 deliciis
1143 4032 1201 4085 et
1255 4030 1785 4086 comessationibus
1816 4037 1902 4087 to-

254 4123 376 4174 tum
414 4118 630 4184 addixi,
662 4118 919 4175 mollitiei
950 4117 1348 4190 voluptatique
1365 4116 1622 4173 serviens
1640 4119 1900 4187 omnino,

243 4224 349 4280 pro
384 4208 626 4264 musasis
657 4208 1036 4281 frequentans
1070 4206 1483 4280 sphaeristeria,
1518 4207 1699 4262 donec
1729 4225 1905 4280 prava

244 4300 302 4352 et
347 4295 738 4352 immoderata
791 4296 1019 4352 vivendi
1075 4296 1500 4371 consuetudine
1560 4297 1616 4351 in
1670 4314 1900 4370 gravem

246 4386 731 4455 obstinatumque
762 4386 1031 4439 morbum
1065 4383 1366 4454 incidi,qui
1399 4401 1492 4439 me
1523 4402 1625 4457 per
1652 4391 1904 4456 quatuor

249 4490 481 4529 menses
505 4473 562 4528 in
594 4472 743 4529 lecto
774 4473 1017 4530 retinuit
1058 4474 1349 4543 jacentem
1374 4478 1430 4528 et
1460 4490 1605 4542 pene
1635 4476 1899 4530 confecit.

2011 3305 2127 3362 τοῖς
2180 3301 2276 3369 τήν
2332 3305 2511 3376 γεῦσιν
2565 3298 2997 3379 διεφθαρμένοις,
3049 3302 3121 3369 οἳ,
3174 3298 3389 3357 ἐπειδὰν
3439 3302 3576 3375 πρός
3615 3324 3667 3357 τι

2013 3394 2118 3444 τῶν
2171 3386 2454 3462 ἐδωδίμων
2506 3388 2649 3452 εἶδος
2699 3388 3104 3467 δυσχεραίνωσι,
3153 3390 3243 3444 καὶ
3294 3392 3429 3467 πρὸς
3483 3393 3662 3446 ὁτιοῦν

2014 3477 2224 3550 ὁμοίως
2263 3483 2368 3532 τῶν
2402 3479 2854 3555 προσφερομένων
2881 3476 3063 3549 ἀηδῶς
3098 3477 3310 3555 ἔχουσι·
3344 3484 3534 3533 τοῦτον
3558 3481 3661 3556 γὰρ

2013 3566 2101 3620 καὶ
2134 3569 2296 3640 ἡμεῖς
2346 3566 2548 3640 τρόπον
2586 3571 2651 3636 ῆς
2680 3566 2986 3641 ἠλπίζομεν
3031 3571 3263 3641 νομικῆς
3316 3568 3663 3644 ἀποσφαλέν-

2012 3677 2121 3725 τες,
2174 3657 2260 3711 καῖ
2310 3656 2446 3732 πρὸς
2495 3657 2695 3727 ταύτην
2742 3654 3252 3733 δυσαρεστήσαντες,
3294 3658 3497 3720 πάντας
3547 3657 3663 3712 ἐπί-

2015 3766 2111 3815 σης
2167 3746 2293 3808 τοὺς
2344 3746 2539 3821 λόγους
2594 3745 2970 3819 ἐμισήσαμεν,
3022 3747 3112 3801 καὶ
3162 3747 3609 3821 ἀπεστρεψάμεθα
3645 3793 3659 3817 ,

2012 3836 2100 3890 καὶ
2131 3836 2267 3911 πρὸς
2298 3841 2401 3889 πᾶν
2434 3834 2680 3897 παιδείας
2707 3834 2861 3911 γένος
2900 3837 3201 3898 κακοσίτως
3245 3833 3584 3909 διετέθημεν.

2085 3942 2277 3998 Πολλά
2306 3942 2482 3997 τοίνυν
2533 3941 2744 4018 χαίρειν
2794 3940 2996 4020 φράσας
3042 3945 3111 4016 τῇ
3165 3941 3485 4020 φιλολογίᾳ,
3529 3942 3658 3997 ὅλον

2013 4032 2242 4105 ἐμαυτὸν
2269 4036 2446 4109 τρυφῇ
2478 4032 2565 4086 καὶ
2618 4033 2831 4105 κώμοις
2864 4026 3082 4087 ἔκδοτον
3115 4031 3366 4102 ἐποίησα,
3399 4032 3461 4086 τὸ
3494 4027 3657 4106 ἁϐρὸν

2012 4121 2100 4177 καὶ
2131 4118 2392 4198 ἐφήδονον
2445 4120 2496 4190 ἐξ
2546 4121 2781 4182 ἅπαντος
2830 4121 3158 4196 θεραπεύων,
3190 4121 3279 4176 καὶ
3326 4122 3391 4175 τὰ
3440 4140 3660 4197 σφαιρι-

2013 4213 2207 4287 στήρια
2257 4209 2368 4265 ἀντὶ
2416 4214 2522 4265 τῶν
2596 4208 2857 4282 μουσείων
2912 4209 3173 4284 ἐλόμενος
3209 4254 3222 4279 ,
3277 4209 3439 4285 όίχρις
3492 4210 3552 4264 οὗ
3602 4209 3661 4265 ἐκ

2016 4303 2300 4375 μοχθηρᾶς
2332 4299 2420 4354 καὶ
2467 4296 2840 4371 πλημμελοῦς
2888 4296 3099 4368 διαίτης
3133 4298 3208 4359 εἷς
3255 4296 3507 4374 χαλεπήν
3540 4319 3660 4353 τινα

2012 4390 2099 4443 καὶ
2149 4387 2433 4462 δύσμαχον
2486 4384 2787 4463 ἀρρωστίαν
2846 4386 3116 4458 ἐνέπεσον,
3174 4387 3226 4458 ἐξ
3284 4390 3348 4455 ῆς
3401 4386 3657 4463 τέτταρας

2017 4484 2189 4550 μῆνας
2219 4476 2304 4532 ἐπὶ
2354 4476 2546 4547 κλίνης
2593 4476 2935 4530 κατακεῖσθαί
2987 4497 3081 4547 μοι
3131 4471 3325 4545 συνέϐη
3376 4476 3465 4530 καὶ
3514 4476 3662 4553 παρά

247 4562 447 4619 Morbo
479 4562 815 4634 quiescento
872 4565 929 4617 et
981 4561 1181 4635 fugata
1237 4561 1404 4627 febri,
1462 4561 1749 4630 vehiculo,
1792 4581 1895 4620 nec

2018 4568 2197 4642 uxpov
2233 4567 2541 4622 ἀποθανεῖν.
2576 4567 2942 4643 Λωφήσαντος
2978 4563 3034 4620 δέ
3063 4570 3158 4620 τοῦ
3200 4565 3656 4642 ἀρῥωστήματος,

245 4652 402 4709 enim
434 4651 695 4724 equitare
727 4668 840 4723 prze
863 4650 1394 4707 nimiainﬁrmitate
1421 4652 1893 4724 poteram,impo-

247 4742 399 4797 situs
422 4758 555 4796 sum
579 4745 636 4795 et
666 4742 904 4796 domum
935 4744 1237 4811 paternam
1262 4740 1497 4796 relatus.
1520 4740 1892 4798 Hicetmulto

243 4834 524 4903 tempore,
549 4833 606 4886 et
635 4845 775 4885 cura
808 4846 923 4885 non
955 4828 1219 4895 minima,
1275 4843 1498 4884 necnon
1533 4834 1655 4883 arte
1704 4830 1889 4885 medi-

241 4936 443 4975 corum
475 4936 622 4991 opus
654 4918 833 4974 habui
890 4922 954 4973 ut
986 4917 1282 4991 deperdita
1326 4916 1597 4973 valetudo
1629 4919 1889 4975 reﬁcere-

239 5012 357 5063 tur.
389 5007 498 5063 Vix
524 5012 719 5065 autem
753 5025 784 5063 e
844 5007 1046 5063 morbo
1094 5012 1440 5074 recreatum,
1474 5007 1731 5079 corporis
1763 5008 1892 5063 viri-

236 5096 349 5151 bus
382 5097 687 5165 reparatis,
722 5097 792 5152 ad
824 5097 1087 5152 studium
1110 5096 1435 5151 litterarum
1462 5096 1755 5150 continuis
1770 5114 1889 5153 ser-

237 5184 511 5240 monibus
544 5185 803 5240 incitavit
832 5203 924 5241 me
956 5191 1120 5257 pater
1150 5202 1163 5241 :
1197 5186 1303 5240 etsi
1336 5185 1493 5241 enim
1527 5185 1885 5253 illitteratus,

238 5278 294 5329 at
317 5277 473 5330 certe
502 5273 891 5330 litteratorum
916 5273 1360 5330 amantissimus
1405 5278 1460 5329 et
1500 5272 1725 5329 fervens
1756 5273 1886 5330 lau-

235 5362 421 5432 dator,
453 5368 516 5419 ut
544 5363 593 5419 si
621 5364 915 5436 quispiam
964 5362 1133 5419 alius.
1173 5363 1275 5419 Cui
1318 5363 1469 5420 inter
1500 5362 1613 5419 alia
1643 5381 1882 5435 repone-

231 5451 369 5507 bam
401 5452 474 5505 ad
503 5452 847 5508 excolendas
876 5451 1116 5507 altiores
1160 5451 1440 5507 scientias
1491 5469 1582 5507 me
1612 5457 1883 5525 paratum

304 5650 350 5687 ⁸³
376 5649 630 5723 Philipp.
664 5665 745 5717 ιη,
776 5650 869 5708 13.

2004 4656 2093 4709 καὶ
2142 4660 2239 4709 τοῦ
2297 4659 2529 4729 πυρετοῦ
2579 4653 2639 4709 ἐκ
2685 4652 2866 4709 ποδῶν
2917 4654 3239 4730 γενομένου,
3296 4654 3503 4731 φορείῳ
3548 4653 3656 4707 τινὶ

2002 4743 2248 4806 ἐντεθείς’
2304 4744 2364 4798 οὐ
2414 4744 2518 4817 γὰρ
2563 4744 2807 4797 ἱππεύειν
2865 4745 2977 4805 οἷός
3025 4766 3083 4799 τε
3131 4744 3196 4811 ἧν
3251 4743 3352 4797 ὑπὸ
3392 4749 3491 4809 τῆς
3526 4743 3652 4815 ἄγαν

2000 4833 2294 4897 ἀσθενείας·
2349 4833 2403 4894 ἐς
2450 4833 2541 4887 τὸν
2590 4852 2837 4907 πατρῳον
2892 4834 3038 4887 οἶκον
3094 4831 3408 4905 ἀπηνέχθην
3448 4831 3653 4887 ,Ἔνθα

2004 4943 2096 4995 μοι
2127 4921 2216 4977 καὶ
2270 4919 2485 4977 πολλοῦ
2532 4920 2757 4997 χρόνου,
2804 4921 2893 4975 καὶ
2940 4920 3155 4989 πολλῆς
3196 4916 3528 4991 ἐπιμελείας,
3561 4916 3652 4972 καὶ

1997 5010 2143 5085 παρὰ
2193 5016 2297 5065 τῶν
2358 5010 2553 5086 ἰατρῶν
2616 5009 2927 5082 ἐπικουρίας
2999 5007 3186 5079 ἐδέησε
3242 5007 3377 5083 πρὸς
3436 5008 3497 5062 τὸ
3553 5009 3654 5077 τήν

2000 5100 2203 5174 ὑγίειαν
2253 5098 2588 5154 ἀπελθοῦσαν
2638 5097 3081 5154 ἀνακαλέσασθαι.
3137 5096 3312 5157 Μόλις
3366 5092 3425 5150 δέ
3470 5094 3529 5150 ἐκ
3555 5102 3656 5165 τῆς

1995 5188 2153 5244 νόσου
2185 5188 2498 5263 ἀνενεγκών,
2527 5188 2616 5243 καὶ
2664 5190 2765 5257 τὴν
2809 5191 2905 5241 τοῦ
2952 5188 3206 5259 σώματος
3253 5183 3477 5257 δύναμιν
3528 5185 3651 5239 ἀνα-

1994 5277 2307 5351 κεξάμενος,
2343 5276 2587 5354 συνεχέσι
2620 5275 2812 5353 λόγοις
2862 5270 3260 5354 παρορμῶντός
3299 5296 3363 5347 με
3411 5279 3507 5328 τοῦ
3537 5295 3657 5349 γεν-

1992 5368 2253 5436 νήσαντος
2284 5366 2422 5442 πρὸς
2467 5368 2564 5436 τὴν
2615 5364 2940 5443 φιλολογίαν
3111 5366 3239 5441 γὰρ,
3272 5364 3316 5419 εἰ
3348 5363 3437 5419 καὶ
3474 5363 3653 5438 λόγων

1996 5453 2248 5530 ἄμοιρος,
2309 5453 2436 5512 ἀλλ’
2496 5454 2587 5511 οῦν
2646 5460 2752 5510 τῶν
2811 5456 2936 5531 περὶ
2990 5454 3193 5529 λόγους
3244 5450 3654 5509 ἐσπουδακότων
