4096 6288
438 352 551 415 341

1564 348 1837 411 JACOBI
1883 311 2112 411 sulm
2159 347 2754 412 PREFATIONES.

3733 342 3852 404 342

439 482 667 558 ἐραστὴς
716 480 805 537 καὶ
856 482 1052 556 θερμὸς
1102 482 1405 549 ἑπαινετης,
1438 479 1483 535 εἴ
1526 479 1615 535 καί
1659 501 1745 541 τις
1775 477 2076 553 ἄλλος),τὸ

2201 483 2673 554 cxpeditumque,
2706 497 2825 536 una
2879 483 3111 536 tantum
3168 479 3410 549 excepta
3455 476 3653 548 legum
3677 476 3848 532 disci-

442 573 536 647 μὶν
566 570 712 626 ἄλλα
740 568 967 643 ἕτοιμος
1001 570 1130 625 εἶναι
1163 570 1392 649 ἔφασκον
1453 574 1567 631 τοῖς
1618 568 1935 631 καλλίστοις
1981 573 2090 625 τῶν

443 659 782 735 μαθημάτων
818 658 1231 737 ἐμφιλοπονιῖν,
1263 662 1363 728 τὴν
1398 657 1455 714 δὲ
1483 661 1716 732 νομικὴν
1755 659 1923 733 μόνην
1958 680 2092 735 παρ-

438 749 713 825 ῃτούμην,
748 751 839 804 ἅτε
890 749 1025 823 πρὸς
1083 749 1247 819 αὐτὴν
1307 748 1616 825 ἀλλοτρίως
1671 748 1760 803 καὶ
1810 747 2091 810 παντελῶς

439 836 829 909 ἀνεπιτηδείως
881 835 1047 913 ἔχων,
1077 840 1167 893 καὶ
1222 840 1393 912 μάτην
1445 838 1580 912 αὐτῇ
1631 836 1725 893 δύο
1778 837 1868 909 ἔτη
1918 859 2087 913 προσ-

437 926 745 989 αναλώσας.
788 926 1211 989 Ἀντιτείνοντος
1268 925 1327 982 δέ
1382 947 1530 989 τινος
1586 931 1693 981 τῶν
1752 927 1887 981 κατά
1934 926 2089 1002 γένος

435 1015 852 1092 προσηκόντων,
912 1015 1071 1071 ε’ίκειν
1140 1017 1507 1092 ἠναγκάσθην,
1559 1015 1650 1070 καὶ
1699 1018 1795 1085 τήν
1857 1014 2087 1091 ἐπαχθε-

438 1108 637 1176 στάτην
676 1127 768 1178 μοι
817 1107 1018 1181 τέχνην
1069 1104 1219 1169 αὗθις
1269 1104 1592 1174 ἀσπάζεσθαι
1650 1105 1740 1159 καὶ
1794 1105 2087 1181 περιέπειν,

438 1196 514 1259 ὡς
552 1197 765 1269 μήποτε
796 1191 1007 1273 ὤφελον
1019 1239 1033 1252 .

509 1286 642 1342 Ἀπὸ
689 1284 790 1360 γὰρ
839 1288 947 1339 τῶν
997 1282 1444 1361 προσφυεστέρων
1497 1284 1581 1339 ἐπὶ
1638 1283 1705 1338 τὰ
1762 1282 1861 1338 οὐκ
1914 1282 2089 1338 οἰκεῖα

443 1374 853 1448 μεθελκυσθεὶς,
888 1373 1022 1428 έπτά
1076 1373 1165 1429 καὶ
1225 1370 1352 1427 δέκα
1385 1376 1557 1447 μῆνας
1606 1373 1656 1427 έν
1710 1372 1779 1446 τῇ
1832 1371 2088 1447 Αὑρηλίᾳ

441 1462 518 1523 εἰς
570 1460 723 1517 οὐδὲν
766 1464 1046 1537 χρήσιμον
1107 1460 1386 1531 ἀνήλωκα,
1416 1468 1530 1524 τοῖς
1579 1460 1906 1531 ἡλικιώταις
1954 1482 2087 1532 συμ-

441 1550 793 1624 μαινόμενος,
842 1548 952 1621 καί,
995 1548 1084 1605 ⁸ίνα
1127 1550 1364 1605 συνελὼν
1416 1548 1575 1621 ετίπω,
1605 1551 1667 1605 τὸ
1714 1550 1919 1618 παίζειν
1971 1549 2083 1602 ἀντὶ

436 1637 678 1709 σπουδῆς
724 1636 892 1713 ἔχων,
924 1638 1013 1693 καὶ
1058 1645 1176 1701 ταῖς
1218 1643 1315 1693 τοῦ
1367 1639 1620 1712 σώματος
1667 1636 1890 1709 ἡδοναῖς
1928 1636 2082 1715 έγκα-

436 1725 899 1800 λινδούμενος.⁴0
954 1724 1011 1782 δὲ
1064 1730 1266 1803 πατὴρ,
1315 1729 1382 1782 τὰ
1430 1729 1546 1783 κατ’
1600 1727 1697 1801 ἐμὲ
1753 1727 2080 1800 πυθόμενος,

2201 573 2381 644 plina,
2416 588 2549 626 eum
2582 571 2653 625 ad
2685 586 2813 626 eam
2844 570 3077 641 ineplus
3099 568 3169 623 ab
3200 584 3385 640 eaque
3414 566 3639 622 alienus
3657 582 3846 621 essem

2201 660 2464 727 omnino,
2496 660 2731 732 ipsique
2762 660 2975 715 frustra
3014 659 3265 713 duorum
3298 672 3587 712 annorum
3618 654 3847 710 labores

2199 750 2645 824 impendissem.
2681 749 2791 805 Sed
2846 747 3187 819 repugnavit
3242 762 3310 801 ex
3354 744 3692 818 parentibus
3722 744 3848 815 qui-

2200 841 2375 896 dam:
2417 840 2546 895 ideo
2606 839 2830 903 cedere,
2890 836 3153 908 mihique
3210 834 3658 891 molestissimas
3689 833 3846 905 leges

2198 929 2410 985 iterum
2434 928 2688 984 salutare
2719 931 2955 982 coactus
2981 942 3113 981 sum
3144 922 3515 996 etamplecti;
3547 923 3703 994 quod
3738 922 3845 977 uti-

2200 1034 2336 1073 nam
2370 1034 2485 1073 non
2512 1016 2803 1073 fecissem.

2268 1283 2498 1342 Etenim
2513 1282 2751 1340 remotis
2773 1280 2986 1338 studiis
3000 1280 3059 1335 in
3079 1296 3204 1352 quze
3231 1278 3572 1352 prOpensior
3592 1277 3839 1349 indoles,

2194 1379 2258 1431 ut
2289 1374 2400 1447 ipsi
2432 1372 2738 1429 contrariis
2795 1371 3171 1439 attenderem,
3231 1367 3477 1424 Aureliae
3535 1372 3759 1440 septem
3786 1373 3844 1425 et

2195 1464 2394 1520 decem
2429 1479 2662 1518 menses
2693 1462 2995 1517 incassum
3056 1457 3303 1531 perdidi,
3345 1474 3479 1514 cum
3531 1457 3839 1513 coaetaneis

2193 1552 2371 1609 simul
2408 1552 2731 1616 insaniens,
2754 1555 2828 1618 et,
2865 1554 2929 1604 ut
2976 1548 3179 1621 paucis
3209 1548 3421 1614 dicam,
3455 1546 3579 1602 ludi
3609 1550 3839 1601 tantum

2192 1643 2447 1715 ﬂagrans
2460 1657 2678 1708 amore,
2706 1638 3226 1711 voluptatibusque
3239 1635 3498 1708 corporis
3517 1634 3836 1691 involutus.

2192 1731 2321 1787 Haec
2368 1732 2532 1787 audit
2580 1735 2777 1803 pater:
2829 1729 3027 1785 statim
3086 1744 3203 1799 qua
3234 1727 3567 1782 decreverat
3597 1728 3664 1780 ut
3691 1724 3837 1779 invi-

434 1816 526 1871 καὶ
553 1817 691 1871 πάνυ
727 1820 995 1889 μετανοῶν
1030 1816 1109 1893 ἐφ’
1141 1818 1222 1878 οἷς
1264 1814 1461 1871 ἄκοντά
1512 1838 1578 1889 με
1618 1821 1686 1891 τῇ
1732 1821 1935 1890 νομικῇ
1984 1818 2076 1871 πά-

439 1904 457 1922 κ
808 1904 818 1922 Ι
860 1904 880 1922 ι
996 1903 1018 1921 ιι
1276 1904 1290 1922 ,
1341 1905 1351 1922 ι
1474 1903 1527 1922 με
1647 1904 1687 1922 ,κ
1862 1907 1876 1922 η
1967 1907 1979 1922 .

2193 1824 2318 1876 tum
2369 1836 2462 1876 me
2511 1835 2717 1875 rursus
2774 1818 2844 1873 ad
2894 1814 3427 1889 jurisprudentiam
3468 1812 3842 1886 compelleret

436 1904 522 1961 λιν
572 1904 945 1981 συγκατείρξας
994 1903 1203 1980 ἔτυχεν,
1233 1904 1421 1960 αὐτίκα
1470 1903 1535 1975 δὴ
1592 1904 1738 1978 μάλα
1780 1907 1916 1982 πρὸς
1967 1907 2082 1960 έαυ-

430 1994 523 2049 τὸν
576 1993 888 2051 ἐπανελθεῖν
962 1993 1257 2063 ἐκέλευσεν,
1300 1993 1393 2050 ’ίνα
1447 1995 1508 2049 τὸ
1565 1992 1916 2050 δυσκάθεκτόν
1977 2017 2081 2068 μου

430 2088 538 2139 τῶν
599 2085 786 2158 ’ὁρμῶν
840 2082 930 2137 καὶ
988 2085 1125 2159 πρὸς
1183 2090 1285 2138 πᾶν
1334 2082 1474 2146 εἶδος
1526 2085 1789 2162 φλυαρίας
1843 2086 2079 2160 κεχυμέο

430 2193 517 2228 νον
554 2172 729 2235 οὕτως
781 2173 1093 2247 ἀναστείλῃ,
1134 2172 1223 2228 καὶ
1273 2173 1439 2228 οἱονεὶ
1489 2171 1709 2247 δεσμοῖς
1767 2195 1904 2229 τισιν
1963 2174 2079 2229 έπι-

431 2282 500 2339 σφ
509 2260 621 2338 ίγξῃ
628 2304 641 2318 .

502 2351 633 2405 Τότε
681 2347 748 2419 δὴ
811 2348 991 2424 ὥσπερ
1047 2349 1105 2406 ἐκ
1168 2350 1357 2427 βαθέος
1417 2350 1586 2406 ὕπνου
1646 2349 1949 2425 διαναστὰς,
1988 2354 2077 2408 καὶ

426 2444 522 2494 τοῦ
554 2438 755 2501 ἀθλίως
792 2439 1153 2503 ἀπολωλότος
1183 2440 1387 2516 χρόνου
1404 2440 1480 2502 εἰς
1500 2442 1844 2510 συναίσθησιν
1879 2439 2076 2511 ἐλθὼν,

425 2530 642 2597 καὶτῆς
672 2528 928 2598 νεότητος
959 2529 1136 2599 πάσης
1182 2528 1233 2583 έν
1277 2534 1395 2591 τοῖς
1453 2530 1699 2601 ματαίοις
1749 2528 2075 2608 διατριφθεί-

428 2639 526 2688 σης
578 2615 783 2672 ἔννοιαν
843 2613 1158 2690 λαμϐάνων,
1212 2615 1439 2692 μεγάλῳ
1500 2618 1675 2684 πένθει
1726 2619 2073 2696 συνεσχέθην,

428 2705 514 2762 καὶ
564 2710 635 2781 τῇ
686 2703 988 2783 φιλολογίᾳ
1034 2704 1495 2771 καταλλάττεσθαι
1542 2706 1631 2761 καὶ
1678 2706 1879 2777 ταύτης
1929 2729 2078 2787 περι-

430 2793 643 2871 έχεσθαι
676 2793 921 2869 διέγνων.
954 2800 1252 2871 Τοιγαροῦν
1290 2802 1407 2858 ταῖς
1458 2790 1676 2871 βίϐλοις
1722 2796 1933 2871 νύκτωρ
1985 2799 2075 2853 καὶ

437 2884 740 2959 μεθημέραν
775 2884 1181 2960 συγγινόμενος,
1207 2885 1296 2939 καὶ
1326 2886 1462 2957 πρὸς
1493 2882 1613 2939 τοδὶ
1646 2886 1708 2940 τὸ
1747 2882 1903 2962 ἔργον
1951 2908 2072 2941 συν-

440 2978 577 3046 εχῶς
635 2972 870 3046 ἐμαυτὸν
919 2973 1268 3049 κατεπείγων,
1319 2973 1369 3028 έν
1426 2975 1622 3049 βραχεῖ
1678 2974 1896 3051 μετρίαν
1952 2977 2074 3030 τινὰ

434 3060 532 3127 τήν
559 3058 607 3114 ἐν
638 3067 753 3123 τοῖς
781 3060 974 3135 λόγοις
1025 3058 1249 3134 δύναμιν
1298 3060 1566 3135 συνέλεξα.
1595 3062 1667 3117 Τό
1708 3084 1767 3138 γε
1821 3064 1927 3136 μὴν
1974 3072 2072 3134 τῆς

427 3150 746 3223 παροιμίας,
794 3157 896 3219 τῆς
946 3150 1134 3205 ἀλωτὰ
1180 3151 1352 3205 πάντα
1416 3146 1569 3224 πὸνῳ
1636 3152 1726 3207 καὶ
1788 3152 2073 3226 ἐπιμελείᾳ

427 3238 558 3292 εἶναι
590 3236 882 3314 λεγούσης,
916 3238 1137 3310 ἀληθῶς
1172 3238 1341 3316 ἔχειν,
1369 3237 1420 3296 ἔν
1468 3262 1526 3295 τε
1573 3246 1641 3315 τῇ
1692 3246 1796 3297 τῶν
1845 3240 2066 3299 Ἰταλῶν
2101 3230 2143 3298 C

424 3326 510 3381 καὶ
537 3325 736 3400 πολλῷ
774 3326 987 3400 μᾶλλον
1018 3327 1070 3383 έν
1097 3333 1165 3403 τῇ
1196 3332 1305 3383 τῶν
1344 3327 1628 3400 Ἐλλήνων
1679 3329 1899 3405 γλώττῃ
1944 3353 2071 3386 κατ-

421 3416 645 3489 έμαθον·
699 3417 790 3487 ἢν,
851 3418 1186 3472 παντάπασιν
1248 3417 1629 3494 ἀπορῥυεῖσαν,
1687 3419 1775 3474 γαί
1842 3424 1920 3493 τῷ
1976 3428 2073 3491 τῆς

420 3502 595 3575 λήθης
633 3506 781 3581 βυθῴ
808 3508 1222 3578 καταποθεῖσαν,
1259 3507 1532 3582 μεγίστοις
1574 3508 1761 3572 πόνοις
1808 3509 1899 3564 σὺν
1956 3511 2072 3583 Θεῷ

426 3594 577 3669 μόνῳ
609 3593 774 3650 πάλιν
808 3596 1145 3669 ἐκτησάμην,
1180 3596 1303 3653 ὅσον
1337 3618 1400 3673 γε
1443 3598 1579 3674 πρὸς
1622 3600 1684 3653 τὸ
1729 3604 1837 3654 τῶν
1868 3598 2070 3671 Ἐλλη-

418 3682 559 3738 νιστὶ
591 3684 977 3761 φθεγγομένων
1012 3688 1450 3762 συγγραμμάτων
1486 3688 1787 3742 ὁπωστιοῦν
1848 3687 2070 3756 ἐπαΐειν,

420 3772 511 3827 καὶ
544 3773 607 3827 οὐ
637 3771 776 3827 πάνυ
804 3796 855 3829 τι
887 3778 983 3829 τοῦ
1011 3773 1292 3850 ἑρμηνέως
1324 3772 1547 3831 δεῖσθαι.

492 3884 601 3934 Τοῦ
630 3878 687 3934 δὲ
716 3880 918 3957 πατρὸς
952 3880 1003 3935 έν
1038 3880 1254 3955 λιπαρῷ
1280 3886 1359 3954 τῷ
1406 3884 1552 3957 γήρᾳ
1596 3880 1687 3937 τὸν
1742 3883 1856 3960 βίον
1907 3905 2073 3939 κατα-

427 3967 775 4044 στρέψαντος,
826 3969 916 4023 καὶ
964 3971 1063 4038 τὴν
1114 3970 1404 4045 ἀναγκαίαν
1477 3971 1730 4049 εἰσφορὰν
1797 3977 1865 4047 τῇ
1920 3973 2071 4052 φύσει

421 4058 935 4133 λειτουργήσαντος,
966 4057 1152 4128 ἔπειδὴ
1185 4058 1371 4115 πολλά
1417 4062 1484 4129 ἦν
1531 4062 1599 4115 τὰ
1654 4061 1746 4117 τὸν
1805 4063 2070 4139 ἡμέτερον

422 4152 545 4202 νοῦν
579 4142 939 4222 θορυϐοῦντα,
968 4149 1188 4219 καὶτῆς
1243 4149 1520 4226 ἐρωμένης
1575 4172 1670 4224 μοι
1718 4150 2074 4228 φιλομαθείας

423 4236 560 4310 πρὸς
614 4237 733 4311 βίαν
784 4236 1132 4307 ἀποσπῶντα,
1186 4239 1284 4293 οὐκ
1352 4238 1557 4314 ἤνεγκα
1623 4242 2072 4315 τυραννούμενος,

423 4324 650 4379 καὶτῶν
682 4332 960 4398 κοσμικῶν
997 4330 1334 4404 πραγμάτων
1376 4328 1427 4383 έν
1484 4328 1631 4402 μέσῳ
1689 4330 2072 4409 στρεφόμενος.

427 4412 524 4469 Διὸ.
550 4418 710 4469 τοῦτο
738 4414 937 4477 πάντας
966 4415 1092 4479 τοὺς
1127 4418 1231 4473 ἀπὸ
1275 4417 1466 4493 γένους
1522 4438 1614 4491 μοι
1665 4413 1817 4480 ὄντας
1873 4420 2074 4491 λαθὼν,

430 4502 503 4564 ὡς
552 4503 701 4579 εἶχον
749 4505 977 4582 τάχους,
1012 4506 1086 4569 εἰς
1132 4508 1231 4576 τὴν
1284 4502 1580 4564 Ἀϐενιῶνα
1610 4508 1781 4586 φυγὰς
1813 4508 2073 4584 ᾠχόμην.

2192 1910 2434 1965 damnat
2457 1908 2827 1977 sententiam,
2852 1906 3140 1978 jubetque
3183 1920 3361 1977 quam
3393 1904 3649 1975 primum
3682 1902 3754 1957 ad
3778 1918 3841 1958 se

2192 1999 2420 2066 reverti,
2454 2003 2518 2054 ut
2543 1998 2856 2053 effrenatas
2868 1995 3201 2066 eﬂ‘usasque
3229 1994 3288 2048 in
3319 2008 3492 2049 omne
3507 1990 3837 2065 petulantiae

2190 2104 2377 2160 genus
2413 2088 2643 2141 tandem
2673 2101 2834 2140 meas
2878 2088 3139 2139 coerceat
3192 2081 3564 2154 cupiditates,
3597 2086 3654 2136 et
3682 2080 3840 2137 velut

2191 2176 2544 2249 quibusdam
2572 2172 2823 2230 vinculis
2851 2171 3230 2243 constringat.

2258 2373 2361 2430 His
2390 2376 2691 2445 permotus
2720 2369 2979 2426 excutior
2998 2368 3153 2425 velut
3172 2385 3202 2424 θ
3231 2367 3391 2441 gravi
3422 2382 3629 2423 somno
3654 2383 3667 2422 :
3701 2382 3836 2422 mox

2186 2463 2499 2518 infeliciter
2516 2461 2721 2516 tritum
2736 2465 2969 2531 tempus
2988 2458 3186 2514 animo
3207 2456 3460 2524 volvens,
3482 2471 3834 2527 omnemque

2186 2555 2465 2624 reputans
2495 2549 2669 2621 nugis
2730 2547 2984 2603 deditam
3026 2548 3419 2618 juventutem,
3452 2544 3568 2599 alto
3601 2560 3835 2617 premor

2185 2640 2405 2707 dolore,
2422 2640 2482 2695 in
2513 2637 2756 2711 gratiam
2772 2638 2958 2692 redire
2977 2652 3107 2691 cum
3131 2634 3337 2690 litteris
3358 2632 3600 2689 instituo
3618 2648 3833 2705 easque

2185 2731 2392 2786 colere.
2420 2728 2535 2785 Nec
2566 2744 2761 2783 mora:
2797 2726 2897 2781 diu
2946 2729 3238 2796 noctuque
3292 2739 3425 2779 cum
3476 2722 3645 2779 libris
3694 2738 3830 2779 con-

2180 2822 2468 2888 versatus,
2500 2821 2557 2873 et
2584 2817 2655 2872 ad
2679 2815 2938 2871 laborem
2970 2814 3096 2870 sine
3129 2812 3564 2868 intermissione
3584 2816 3828 2867 memet-

2182 2908 2381 2979 ipsum
2404 2918 2709 2972 exacuens,
2730 2903 2885 2959 brevi
2910 2900 3222 2958 nonnullos
3254 2900 3578 2956 litterarum
3601 2900 3827 2954 fructus

2181 2996 2408 3068 collegi.
2442 2995 2601 3061 Quod
2642 2998 2835 3049 autem
2896 2991 3038 3047 dicit
3091 2990 3502 3063 proverbium:
3535 2988 3739 3044 Studio
3768 2992 3827 3044 et

2181 3103 2356 3159 opera
2386 3084 2549 3141 facile
2579 3083 2777 3139 omnia
2807 3079 3131 3154 comparari
3162 3083 3431 3153 possunt,
3463 3077 3606 3135 illud
3626 3094 3826 3135 verum

2182 3191 2311 3232 esse
2343 3173 2668 3245 cognoviex
2698 3171 2899 3227 Italica
2930 3174 2987 3225 et
3006 3170 3256 3225 maxime
3276 3186 3345 3225 ex
3385 3167 3821 3240 Grmcalingua.

2183 3267 2343 3322 Hanc
2374 3266 2592 3336 quippe
2647 3266 2939 3318 mortuam
2999 3277 3240 3332 prorsus
3280 3275 3650 3330 mersamque
3680 3258 3828 3314 obli-

2181 3355 2371 3411 vionis
2448 3352 2737 3426 profundo
2805 3349 3080 3423 plurimis
3158 3347 3480 3416 laboribus,
3536 3352 3649 3404 Deo
3707 3347 3831 3404 solo

2181 3446 2450 3517 juvante,
2474 3440 2733 3499 revocavi
2756 3440 3016 3511 scivique
3045 3442 3332 3511 quantum
3364 3452 3506 3493 sane
3529 3436 3674 3493 mihi
3687 3453 3835 3508 opus

2188 3538 2313 3590 erat
2346 3538 2408 3588 ut
2438 3532 2666 3589 Graecos
2697 3533 2963 3587 auctores
2993 3528 3519 3601 quomodocunque
3549 3525 3838 3597 intellige-

2185 3640 2307 3680 rem
2340 3627 2395 3678 et
2435 3622 2563 3677 sine
2591 3618 2927 3692 interpretis
2950 3617 3186 3673 auxilio.

2256 3893 2430 3947 Porro
2464 3906 2597 3945 cum
2630 3892 2793 3961 pater
2838 3888 2899 3942 in
2948 3888 3101 3941 bona
3154 3887 3455 3940 senectute
3497 3883 3623 3939 vitae
3656 3884 3831 3940 ﬁnem

2183 3980 2563 4052 implevisset,
2583 3976 3098 4046 necessariumque
3118 3972 3387 4028 solvisset
3401 3977 3620 4027 natura;
3646 3971 3831 4028 tribu-

2183 4074 2332 4135 tum,
2352 4085 2554 4123 eorum
2588 4083 2714 4138 quae
2764 4064 2907 4120 mihi
2940 4062 3155 4135 saepius
3186 4061 3619 4134 obstrepebant,
3650 4064 3707 4116 et
3732 4077 3835 4133 per

2182 4158 2300 4215 vim
2327 4156 2653 4213 avellebant
2683 4157 2940 4210 mentem
2961 4170 2994 4208 a
3016 4151 3291 4208 familiari
3321 4150 3583 4207 discendi
3615 4150 3837 4222 cupidi-

2185 4251 2324 4316 tate,
2358 4264 2472 4301 non
2503 4244 2614 4300 tuli
2642 4243 3035 4318 tyrannidem,
3076 4258 3181 4297 nec
3212 4238 3627 4312 temporalium
3659 4256 3835 4313 nego-

2187 4338 2407 4393 tiorum
2434 4351 2558 4405 qum
2610 4333 2766 4387 latus
2792 4332 2937 4387 mihi
2996 4331 3306 4403 cingebant
3354 4329 3706 4386 molestiam.
3761 4331 3839 4385 Ea

2189 4428 2440 4499 propter,
2470 4422 2673 4478 insciis
2703 4420 2978 4477 omnibus
3009 4420 3294 4492 cognatis,
3349 4423 3416 4475 ut
3474 4417 3637 4491 potui
3660 4417 3835 4473 celer-

2192 4515 2355 4583 rime,
2409 4511 2762 4569 Avenionem
2818 4510 3111 4583 profectus
3167 4525 3321 4566 sum.
3391 4507 3512 4564 Illic
3561 4508 3837 4563 diuturno

427 4590 571 4646 Ἐκεῖ
615 4590 673 4647 δὲ
719 4599 898 4666 μακρᾷ
943 4615 1049 4649 τινι
1098 4594 1241 4669 νόσῳ
1299 4595 1736 4671 προσπαλαίσας,
1779 4596 1869 4652 καὶ
1919 4596 2076 4661 τέλος

2193 4604 2445 4676 quodam
2477 4618 2610 4657 cum
2645 4600 2848 4656 morbo
2873 4596 3196 4665 decertavi;
3231 4616 3347 4671 quo
3378 4598 3614 4654 tandem
3664 4614 3836 4669 supe-

426 4678 593 4749 αύτήν
637 4680 1063 4754 καταπαλαίσας,
1103 4690 1218 4746 τοῖς
1277 4681 1518 4761 βιϐλίοις
1567 4686 1952 4762 προσεκείμην,
1984 4687 2075 4743 καὶ

426 4768 515 4825 ἐπὶ
551 4773 776 4843 μαθήσει
811 4771 987 4850 λόγων
1043 4772 1273 4848 ἐμαυτὸν
1326 4779 1444 4837 τοῖς
1490 4774 1678 4837 πόνοις
1719 4779 2073 4854 κατέτρυχον.

495 4882 578 4933 Ἐν
609 4878 822 4942 τούτοις
853 4876 909 4935 δὲ
934 4878 1047 4936 ὄντι
1100 4903 1216 4954 μοι,
1246 4882 1336 4936 καὶ
1382 4887 1490 4937 τῶν
1540 4881 1717 4958 λόγων
1763 4881 2073 4961 φιλοτίμως

420 4963 877 5041 ἀντιποιουμένῳ,
927 4969 1099 5045 ἀγαθῇ
1154 4992 1261 5026 τινι
1309 4970 1453 5045 τύχῃ
1511 4970 1809 5049 ἐγνωρίσθη
1870 4972 2074 5047 Πέτρος

424 5054 451 5110 ὁ
503 5053 866 5132 Γαλισαρδὸς,
895 5062 1001 5111 τῶν
1058 5058 1167 5113 ἐκεῖ
1222 5058 1627 5135 θεολογούντων
1686 5062 1713 5115 ὁ
1758 5068 2070 5137 κορυφαῖος,

423 5144 484 5198 οῦ
516 5145 614 5214 τὴν
644 5142 828 5223 φιλίαν
873 5146 925 5201 ἓν
977 5154 1074 5219 τῆς
1124 5148 1262 5223 ἐμῆς
1314 5147 1658 5222 εὐδαιμονίας
1712 5149 1859 5225 μέρει
1906 5151 2072 5215 τιθεὶς

424 5231 484 5287 οὔ
516 5232 815 5308 παύσομαι,
850 5237 936 5305 Μή
971 5237 1073 5313 γὰρ
1105 5239 1327 5292 πώποτε
1370 5237 1580 5314 γένοιτό
1632 5259 1698 5311 με
1746 5238 1888 5293 οὕτω
1940 5239 2070 5312 μαί-

420 5333 621 5393 νεσθαι,
658 5320 796 5379 ὥστε
823 5332 922 5393 τῆς
954 5326 1138 5398 τιμίας
1170 5326 1378 5395 ἐκείνης
1413 5327 1657 5398 κεφαλῆς
1709 5330 2067 5401 ἀμνημονεῖν,

421 5411 511 5465 καὶ
544 5410 986 5477 ἐπιλανθάνεσθαι
1038 5417 1112 5469 ὧν
1163 5415 1298 5492 πρὸς
1352 5416 1513 5471 αὐτοῦ
1560 5415 1615 5471 εὖ
1667 5417 1923 5482 πέπονθα.
1961 5419 2066 5476 05-

421 5521 514 5563 τος
563 5502 665 5577 γὰρ
720 5501 1079 5577 πλανωμένην
1133 5528 1236 5579 μου
1282 5506 1380 5575 τὴν
1432 5506 1778 5583 φιλοπονίαν,
1810 5506 1898 5562 καὶ
1941 5508 2065 5563 ἀτά-

424 5611 564 5653 κτως
614 5593 918 5669 φερομένην
971 5594 1046 5656 εἰς
1096 5595 1296 5650 εὐθεῖαν
1342 5593 1464 5651 ὁδὸν
1514 5595 1604 5651 καὶ
1653 5596 1909 5674 ἀνήγαγε,
1954 5598 2065 5668 καὶ,

426 5680 477 5736 εἴ
508 5681 584 5753 μὴ
620 5680 760 5759 μέγα
792 5703 885 5756 μοι
916 5684 977 5738 τὸ
1006 5688 1103 5739 τοῦ
1134 5682 1416 5761 Αἰσχύλου
1467 5684 1658 5760 εἰπεῖν,
1691 5688 1887 5758 νήπιον
1937 5682 2066 5744 ὄντα

2186 4696 2332 4758 rato,
2386 4690 2654 4762 impallui
2704 4689 2871 4744 libris
2903 4687 3201 4759 assiduus,
3252 4687 3623 4758 invictusque
3684 4685 3835 4741 vires

2186 4779 2457 4837 exhausit
2485 4778 2669 4834 labor.

2255 4891 2333 4942 Eo
2353 4904 2444 4942 res
2477 4886 2826 4941 devenerant
2849 4900 2862 4939 :
2886 4883 3111 4940 litteras
3133 4886 3328 4938 autem
3344 4884 3622 4953 appetens
3644 4882 3832 4949 enixe,

2184 4976 2439 5047 benigna
2459 4975 2713 5045 quadam
2737 4974 2971 5028 fortuna
3001 4970 3484 5027 consuetudinem
3518 4970 3678 5041 iunxi
3702 4987 3836 5025 cum

2183 5064 2432 5119 civitatis
2490 5063 2651 5118 illius
2707 5061 3113 5133 theologorum
3160 5058 3420 5132 principe
3476 5063 3644 5115 Petro
3692 5058 3842 5115 Gali-

2185 5154 2378 5224 sardo,
2412 5152 2586 5223 cujus
2617 5149 2939 5206 amicitiam
2970 5149 3030 5204 in
3091 5164 3404 5205 numerum
3467 5164 3668 5204 eorum
3711 5165 3841 5220 qua;

2180 5241 2515 5298 felicitatem
2550 5240 2692 5295 mihi
2726 5242 3076 5311 pepererunt
3126 5237 3337 5292 referre
3386 5253 3501 5291 non
3550 5237 3845 5304 desinam,

2180 5334 2257 5386 Ea
2278 5329 2433 5385 enim
2467 5328 2669 5401 procul
2699 5346 2733 5382 a
2766 5344 2853 5382 me
2904 5342 3134 5397 semper
3165 5324 3525 5395 insipientia,
3560 5330 3628 5379 ut
3656 5325 3822 5382 bono
3892 5370 3895 5373 .

2179 5418 2347 5475 randi
2375 5417 2538 5473 illius
2564 5418 2669 5471 viri
2704 5416 3033 5483 obliviscar,
3066 5426 3122 5469 et
3140 5430 3208 5469 ex
3238 5414 3435 5469 animo
3464 5430 3593 5469 meo
3624 5414 3839 5472 beneﬁ-

2180 5509 2403 5564 ciorum
2463 5507 2680 5579 quibus
2738 5523 2830 5562 me
2879 5504 3203 5561 cumulavit
3257 5503 3483 5560 excidat
3528 5505 3830 5563 memoria.

2177 5598 2325 5654 Nam
2358 5597 2416 5652 in
2448 5597 2659 5653 studiis
2690 5596 2813 5667 ipse
2844 5612 2937 5651 me
2960 5598 3266 5667 vagantem
3296 5594 3625 5651 inordinate
3659 5595 3832 5651 redu-

2176 5687 2263 5745 xit
2292 5687 2351 5742 in
2382 5685 2532 5743 viam
2547 5690 2765 5743 rectam
2792 5689 2909 5755 ;et,
2927 5685 2977 5741 si
3004 5684 3149 5742 mihi
3173 5684 3262 5742 fas
3291 5688 3382 5742 est
3408 5684 3555 5742 illud
3576 5679 3832 5755 IEscbyll
