  <div class='ocr_page' id='page_1' title='image "/cluster/home/n/w/nwhite01/storage/ocr_20150623/35/mdp.39015012934389/175.png"; bbox 0 0 4096 6288; ppageno 0'>
   <div class='ocr_carea' id='block_1_1' title="bbox 209 302 331 366">
    <p class='ocr_par' dir='ltr' id='par_1_1' title="bbox 209 302 331 366">
     <span class='ocr_line' id='line_1_1' title="bbox 209 302 331 366; baseline 0.008 -1"><span class='ocrx_word' id='word_1_1' title='bbox 209 302 331 366; x_wconf 72' lang='grc'>343</span> 
     </span>
    </p>
   </div>
   <div class='ocr_carea' id='block_1_2' title="bbox 1338 302 2533 369">
    <p class='ocr_par' dir='ltr' id='par_1_2' title="bbox 1338 302 2533 369">
     <span class='ocr_line' id='line_1_2' title="bbox 1338 302 2533 369; baseline -0.006 -1"><span class='ocrx_word' id='word_1_2' title='bbox 1338 306 1530 369; x_wconf 84' lang='lat' dir='ltr'>JACO</span> <span class='ocrx_word' id='word_1_3' title='bbox 1544 304 1611 366; x_wconf 90' lang='lat' dir='ltr'>BI</span> <span class='ocrx_word' id='word_1_4' title='bbox 1656 304 1889 365; x_wconf 86' lang='lat' dir='ltr'>BILLll</span> <span class='ocrx_word' id='word_1_5' title='bbox 1935 302 2533 364; x_wconf 73' lang='lat' dir='ltr'>PB/EFATIONES.</span> 
     </span>
    </p>
   </div>
   <div class='ocr_carea' id='block_1_3' title="bbox 3512 304 3632 364">
    <p class='ocr_par' dir='ltr' id='par_1_3' title="bbox 3512 304 3632 364">
     <span class='ocr_line' id='line_1_3' title="bbox 3512 304 3632 364; baseline 0 -1"><span class='ocrx_word' id='word_1_6' title='bbox 3512 304 3632 364; x_wconf 73' lang='grc'>344</span> 
     </span>
    </p>
   </div>
   <div class='ocr_carea' id='block_1_4' title="bbox 212 426 1875 511">
    <p class='ocr_par' dir='ltr' id='par_1_4' title="bbox 212 437 1864 511">
     <span class='ocr_line' id='line_1_4' title="bbox 212 437 1864 511; baseline -0.001 -17"><span class='ocrx_word' id='word_1_7' title='bbox 212 453 518 509; x_wconf 89' lang='lat' dir='ltr'>usurpare,</span> <span class='ocrx_word' id='word_1_8' title='bbox 551 454 619 495; x_wconf 85' lang='lat' dir='ltr'>ex</span> <span class='ocrx_word' id='word_1_9' title='bbox 640 437 819 493; x_wconf 91' lang='lat' dir='ltr'>stulto</span> <span class='ocrx_word' id='word_1_10' title='bbox 845 441 901 493; x_wconf 91' lang='lat' dir='ltr'>et</span> <span class='ocrx_word' id='word_1_11' title='bbox 918 439 1286 510; x_wconf 86' lang='lat' dir='ltr'>imprudente</span> <span class='ocrx_word' id='word_1_12' title='bbox 1304 440 1652 511; x_wconf 85' lang='lat' dir='ltr'>prudentem</span> <span class='ocrx_word' id='word_1_13' title='bbox 1677 438 1864 494; x_wconf 90' lang='lat' dir='ltr'>reddi-</span> 
     </span>
    </p>
   </div>
   <div class='ocr_carea' id='block_1_5' title="bbox 1991 426 3599 511">
    <p class='ocr_par' dir='ltr' id='par_1_5' title="bbox 1991 426 3599 511">
     <span class='ocr_line' id='line_1_5' title="bbox 1991 426 3599 511; baseline -0.001 -21"><span class='ocrx_word' id='word_1_14' title='bbox 1991 436 2035 490; x_wconf 75' lang='grc' dir='ltr'>εὸ</span> <span class='ocrx_word' id='word_1_15' title='bbox 2084 434 2232 511; x_wconf 89' lang='grc' dir='ltr'>πρὶν,</span> <span class='ocrx_word' id='word_1_16' title='bbox 2265 433 2444 489; x_wconf 80' lang='grc' dir='ltr'>ἔννουν</span> <span class='ocrx_word' id='word_1_17' title='bbox 2496 432 2679 505; x_wconf 78' lang='grc' dir='ltr'>ἔθηκε,</span> <span class='ocrx_word' id='word_1_18' title='bbox 2720 430 2808 487; x_wconf 83' lang='grc' dir='ltr'>καὶ</span> <span class='ocrx_word' id='word_1_19' title='bbox 2862 436 3068 510; x_wconf 79' lang='grc' dir='ltr'>φρενῶν</span> <span class='ocrx_word' id='word_1_20' title='bbox 3117 426 3395 489; x_wconf 81' lang='grc' dir='ltr'>ἐπίϐολον.</span> <span class='ocrx_word' id='word_1_21' title='bbox 3429 437 3599 489; x_wconf 78' lang='grc' dir='ltr'>Τοσοῦ</span> 
     </span>
    </p>
   </div>
   <div class='ocr_carea' id='block_1_6' title="bbox 217 526 1871 599">
    <p class='ocr_par' dir='ltr' id='par_1_6' title="bbox 217 526 1871 599">
     <span class='ocr_line' id='line_1_6' title="bbox 217 526 1871 599; baseline -0.001 -14"><span class='ocrx_word' id='word_1_22' title='bbox 217 527 304 585; x_wconf 90' lang='lat' dir='ltr'>dit</span> <span class='ocrx_word' id='word_1_23' title='bbox 333 530 391 583; x_wconf 87' lang='lat' dir='ltr'>et</span> <span class='ocrx_word' id='word_1_24' title='bbox 446 526 659 582; x_wconf 89' lang='lat' dir='ltr'>mentis</span> <span class='ocrx_word' id='word_1_25' title='bbox 692 531 1041 599; x_wconf 86' lang='lat' dir='ltr'>compotem.</span> <span class='ocrx_word' id='word_1_26' title='bbox 1103 529 1292 583; x_wconf 89' lang='lat' dir='ltr'>Tanta</span> <span class='ocrx_word' id='word_1_27' title='bbox 1324 532 1447 583; x_wconf 87' lang='lat' dir='ltr'>erat</span> <span class='ocrx_word' id='word_1_28' title='bbox 1492 526 1652 583; x_wconf 91' lang='lat' dir='ltr'>illius</span> <span class='ocrx_word' id='word_1_29' title='bbox 1690 529 1747 583; x_wconf 90' lang='lat' dir='ltr'>in</span> <span class='ocrx_word' id='word_1_30' title='bbox 1782 543 1871 583; x_wconf 88' lang='lat' dir='ltr'>me</span> 
     </span>
    </p>
   </div>
   <div class='ocr_carea' id='block_1_7' title="bbox 216 616 1872 689">
    <p class='ocr_par' dir='ltr' id='par_1_7' title="bbox 216 616 1872 689">
     <span class='ocr_line' id='line_1_7' title="bbox 216 616 1872 689; baseline 0 -17"><span class='ocrx_word' id='word_1_31' title='bbox 216 616 573 681; x_wconf 81' lang='lat' dir='ltr'>humanitas,</span> <span class='ocrx_word' id='word_1_32' title='bbox 598 625 661 671; x_wconf 90' lang='lat' dir='ltr'>ut</span> <span class='ocrx_word' id='word_1_33' title='bbox 692 633 863 687; x_wconf 69' lang='lat' dir='ltr'>saepe,</span> <span class='ocrx_word' id='word_1_34' title='bbox 887 616 1168 689; x_wconf 85' lang='lat' dir='ltr'>depositis</span> <span class='ocrx_word' id='word_1_35' title='bbox 1192 635 1317 689; x_wconf 71' lang='lat' dir='ltr'>quas</span> <span class='ocrx_word' id='word_1_36' title='bbox 1332 617 1584 673; x_wconf 91' lang='lat' dir='ltr'>habebat</span> <span class='ocrx_word' id='word_1_37' title='bbox 1607 618 1662 672; x_wconf 92' lang='lat' dir='ltr'>in</span> <span class='ocrx_word' id='word_1_38' title='bbox 1690 618 1872 672; x_wconf 29' lang='lat' dir='ltr'>manis</span> 
     </span>
    </p>
   </div>
   <div class='ocr_carea' id='block_1_8' title="bbox 216 705 1869 780">
    <p class='ocr_par' dir='ltr' id='par_1_8' title="bbox 216 705 1869 780">
     <span class='ocr_line' id='line_1_8' title="bbox 216 705 1869 780; baseline 0.001 -19"><span class='ocrx_word' id='word_1_39' title='bbox 216 706 345 777; x_wconf 88' lang='lat' dir='ltr'>bus,</span> <span class='ocrx_word' id='word_1_40' title='bbox 406 705 550 761; x_wconf 78' lang='lat' dir='ltr'>mihi</span> <span class='ocrx_word' id='word_1_41' title='bbox 607 706 771 761; x_wconf 90' lang='lat' dir='ltr'>daret</span> <span class='ocrx_word' id='word_1_42' title='bbox 828 722 1085 778; x_wconf 84' lang='lat' dir='ltr'>operam,</span> <span class='ocrx_word' id='word_1_43' title='bbox 1135 712 1191 762; x_wconf 90' lang='lat' dir='ltr'>et</span> <span class='ocrx_word' id='word_1_44' title='bbox 1249 724 1378 780; x_wconf 77' lang='lat' dir='ltr'>quae</span> <span class='ocrx_word' id='word_1_45' title='bbox 1443 707 1681 762; x_wconf 76' lang='lat' dir='ltr'>utilitati</span> <span class='ocrx_word' id='word_1_46' title='bbox 1731 724 1869 763; x_wconf 73' lang='lat' dir='ltr'>meas</span> 
     </span>
    </p>
   </div>
   <div class='ocr_carea' id='block_1_9' title="bbox 215 794 1872 869">
    <p class='ocr_par' dir='ltr' id='par_1_9' title="bbox 215 794 1872 869">
     <span class='ocr_line' id='line_1_9' title="bbox 215 794 1872 869; baseline 0.001 -18"><span class='ocrx_word' id='word_1_47' title='bbox 215 795 607 851; x_wconf 87' lang='lat' dir='ltr'>conducerent</span> <span class='ocrx_word' id='word_1_48' title='bbox 634 794 758 851; x_wconf 86' lang='lat' dir='ltr'>suis</span> <span class='ocrx_word' id='word_1_49' title='bbox 788 795 975 867; x_wconf 87' lang='lat' dir='ltr'>ipsius</span> <span class='ocrx_word' id='word_1_50' title='bbox 1000 796 1213 851; x_wconf 80' lang='lat' dir='ltr'>studiis</span> <span class='ocrx_word' id='word_1_51' title='bbox 1245 801 1621 869; x_wconf 71' lang='lat' dir='ltr'>praaponeret.</span> <span class='ocrx_word' id='word_1_52' title='bbox 1659 797 1872 852; x_wconf 86' lang='lat' dir='ltr'>Invise-</span> 
     </span>
    </p>
   </div>
   <div class='ocr_carea' id='block_1_10' title="bbox 212 883 1870 957">
    <p class='ocr_par' dir='ltr' id='par_1_10' title="bbox 212 883 1870 957">
     <span class='ocr_line' id='line_1_10' title="bbox 212 883 1870 957; baseline -0.001 -16"><span class='ocrx_word' id='word_1_53' title='bbox 212 884 349 941; x_wconf 88' lang='lat' dir='ltr'>bam</span> <span class='ocrx_word' id='word_1_54' title='bbox 383 883 563 956; x_wconf 84' lang='lat' dir='ltr'>igitur</span> <span class='ocrx_word' id='word_1_55' title='bbox 593 900 726 939; x_wconf 90' lang='lat' dir='ltr'>eum</span> <span class='ocrx_word' id='word_1_56' title='bbox 778 889 1065 957; x_wconf 90' lang='lat' dir='ltr'>quantum</span> <span class='ocrx_word' id='word_1_57' title='bbox 1120 889 1176 940; x_wconf 90' lang='lat' dir='ltr'>et</span> <span class='ocrx_word' id='word_1_58' title='bbox 1232 885 1696 957; x_wconf 82' lang='lat' dir='ltr'>quotiescunque</span> <span class='ocrx_word' id='word_1_59' title='bbox 1727 886 1870 941; x_wconf 89' lang='lat' dir='ltr'>mihi</span> 
     </span>
    </p>
   </div>
   <div class='ocr_carea' id='block_1_11' title="bbox 211 971 1867 1046">
    <p class='ocr_par' dir='ltr' id='par_1_11' title="bbox 211 971 1867 1046">
     <span class='ocr_line' id='line_1_11' title="bbox 211 971 1867 1046; baseline 0.002 -19"><span class='ocrx_word' id='word_1_60' title='bbox 211 971 451 1040; x_wconf 82' lang='lat' dir='ltr'>libebat,</span> <span class='ocrx_word' id='word_1_61' title='bbox 487 974 889 1046; x_wconf 89' lang='lat' dir='ltr'>majoremque</span> <span class='ocrx_word' id='word_1_62' title='bbox 920 974 1033 1029; x_wconf 90' lang='lat' dir='ltr'>diei</span> <span class='ocrx_word' id='word_1_63' title='bbox 1055 978 1276 1046; x_wconf 90' lang='lat' dir='ltr'>partem</span> <span class='ocrx_word' id='word_1_64' title='bbox 1304 991 1436 1029; x_wconf 90' lang='lat' dir='ltr'>cum</span> <span class='ocrx_word' id='word_1_65' title='bbox 1469 992 1535 1029; x_wconf 94' lang='lat' dir='ltr'>eo</span> <span class='ocrx_word' id='word_1_66' title='bbox 1558 975 1867 1046; x_wconf 84' lang='lat' dir='ltr'>ducebam,</span> 
     </span>
    </p>
   </div>
   <div class='ocr_carea' id='block_1_12' title="bbox 213 1061 1760 1136">
    <p class='ocr_par' dir='ltr' id='par_1_12' title="bbox 213 1061 1760 1136">
     <span class='ocr_line' id='line_1_12' title="bbox 213 1061 1760 1136; baseline 0.001 -20"><span class='ocrx_word' id='word_1_67' title='bbox 213 1061 484 1135; x_wconf 87' lang='lat' dir='ltr'>plurimis</span> <span class='ocrx_word' id='word_1_68' title='bbox 514 1063 805 1134; x_wconf 85' lang='lat' dir='ltr'>variisque</span> <span class='ocrx_word' id='word_1_69' title='bbox 837 1063 1015 1119; x_wconf 86' lang='lat' dir='ltr'>ditior</span> <span class='ocrx_word' id='word_1_70' title='bbox 1045 1080 1277 1136; x_wconf 80' lang='lat' dir='ltr'>semper</span> <span class='ocrx_word' id='word_1_71' title='bbox 1308 1063 1760 1120; x_wconf 84' lang='lat' dir='ltr'>eruditionibus.</span> 
     </span>
    </p>
   </div>
   <div class='ocr_carea' id='block_1_13' title="bbox 284 1168 1870 1244">
    <p class='ocr_par' dir='ltr' id='par_1_13' title="bbox 284 1168 1870 1244">
     <span class='ocr_line' id='line_1_13' title="bbox 284 1168 1870 1244; baseline 0.003 -21"><span class='ocrx_word' id='word_1_72' title='bbox 284 1168 387 1225; x_wconf 90' lang='lat' dir='ltr'>Ille</span> <span class='ocrx_word' id='word_1_73' title='bbox 446 1169 704 1242; x_wconf 86' lang='lat' dir='ltr'>quidem,</span> <span class='ocrx_word' id='word_1_74' title='bbox 763 1170 850 1225; x_wconf 87' lang='lat' dir='ltr'>vir</span> <span class='ocrx_word' id='word_1_75' title='bbox 906 1171 1065 1227; x_wconf 91' lang='lat' dir='ltr'>omni</span> <span class='ocrx_word' id='word_1_76' title='bbox 1114 1172 1380 1227; x_wconf 85' lang='lat' dir='ltr'>doctrina</span> <span class='ocrx_word' id='word_1_77' title='bbox 1445 1173 1870 1244; x_wconf 89' lang='lat' dir='ltr'>propemodum</span> 
     </span>
    </p>
   </div>
   <div class='ocr_carea' id='block_1_14' title="bbox 216 1257 1872 1330">
    <p class='ocr_par' dir='ltr' id='par_1_14' title="bbox 216 1257 1872 1330">
     <span class='ocr_line' id='line_1_14' title="bbox 216 1257 1872 1330; baseline 0.001 -15"><span class='ocrx_word' id='word_1_78' title='bbox 216 1257 499 1326; x_wconf 87' lang='lat' dir='ltr'>excultus,</span> <span class='ocrx_word' id='word_1_79' title='bbox 532 1258 720 1314; x_wconf 90' lang='lat' dir='ltr'>multa</span> <span class='ocrx_word' id='word_1_80' title='bbox 775 1258 1044 1330; x_wconf 87' lang='lat' dir='ltr'>libenter,</span> <span class='ocrx_word' id='word_1_81' title='bbox 1103 1259 1383 1315; x_wconf 87' lang='lat' dir='ltr'>libentius</span> <span class='ocrx_word' id='word_1_82' title='bbox 1414 1277 1546 1316; x_wconf 91' lang='lat' dir='ltr'>vero</span> <span class='ocrx_word' id='word_1_83' title='bbox 1588 1260 1872 1319; x_wconf 87' lang='lat' dir='ltr'>rhetorice</span> 
     </span>
    </p>
   </div>
   <div class='ocr_carea' id='block_1_15' title="bbox 217 1347 1868 1405">
    <p class='ocr_par' dir='ltr' id='par_1_15' title="bbox 217 1347 1868 1405">
     <span class='ocr_line' id='line_1_15' title="bbox 217 1347 1868 1405; baseline 0.002 -3"><span class='ocrx_word' id='word_1_84' title='bbox 217 1347 425 1403; x_wconf 88' lang='lat' dir='ltr'>doctus</span> <span class='ocrx_word' id='word_1_85' title='bbox 464 1348 815 1404; x_wconf 90' lang='lat' dir='ltr'>rhetoricam</span> <span class='ocrx_word' id='word_1_86' title='bbox 848 1364 939 1403; x_wconf 91' lang='lat' dir='ltr'>me</span> <span class='ocrx_word' id='word_1_87' title='bbox 970 1349 1233 1404; x_wconf 87' lang='lat' dir='ltr'>docebat.</span> <span class='ocrx_word' id='word_1_88' title='bbox 1268 1348 1343 1405; x_wconf 91' lang='lat' dir='ltr'>Ut</span> <span class='ocrx_word' id='word_1_89' title='bbox 1396 1353 1591 1405; x_wconf 87' lang='lat' dir='ltr'>autem</span> <span class='ocrx_word' id='word_1_90' title='bbox 1648 1350 1868 1405; x_wconf 90' lang='lat' dir='ltr'>theolo-</span> 
     </span>
    </p>
   </div>
   <div class='ocr_carea' id='block_1_16' title="bbox 221 1436 1874 1509">
    <p class='ocr_par' dir='ltr' id='par_1_16' title="bbox 221 1436 1874 1509">
     <span class='ocr_line' id='line_1_16' title="bbox 221 1436 1874 1509; baseline 0.002 -20"><span class='ocrx_word' id='word_1_91' title='bbox 221 1436 336 1509; x_wconf 87' lang='lat' dir='ltr'>gia,</span> <span class='ocrx_word' id='word_1_92' title='bbox 362 1436 533 1507; x_wconf 85' lang='lat' dir='ltr'>cujus</span> <span class='ocrx_word' id='word_1_93' title='bbox 547 1440 671 1492; x_wconf 87' lang='lat' dir='ltr'>erat</span> <span class='ocrx_word' id='word_1_94' title='bbox 700 1437 935 1508; x_wconf 85' lang='lat' dir='ltr'>arbiter,</span> <span class='ocrx_word' id='word_1_95' title='bbox 969 1437 1208 1493; x_wconf 89' lang='lat' dir='ltr'>omnino</span> <span class='ocrx_word' id='word_1_96' title='bbox 1240 1455 1354 1493; x_wconf 90' lang='lat' dir='ltr'>non</span> <span class='ocrx_word' id='word_1_97' title='bbox 1387 1439 1703 1507; x_wconf 85' lang='lat' dir='ltr'>recederet,</span> <span class='ocrx_word' id='word_1_98' title='bbox 1732 1440 1874 1494; x_wconf 88' lang='lat' dir='ltr'>artis</span> 
     </span>
    </p>
   </div>
   <div class='ocr_carea' id='block_1_17' title="bbox 220 1525 1873 1598">
    <p class='ocr_par' dir='ltr' id='par_1_17' title="bbox 220 1525 1873 1598">
     <span class='ocr_line' id='line_1_17' title="bbox 220 1525 1873 1598; baseline 0.002 -18"><span class='ocrx_word' id='word_1_99' title='bbox 220 1525 482 1580; x_wconf 72' lang='lat' dir='ltr'>oratoriae</span> <span class='ocrx_word' id='word_1_100' title='bbox 515 1530 819 1597; x_wconf 69' lang='lat' dir='ltr'>praecepta,</span> <span class='ocrx_word' id='word_1_101' title='bbox 839 1527 909 1581; x_wconf 92' lang='lat' dir='ltr'>de</span> <span class='ocrx_word' id='word_1_102' title='bbox 946 1527 1338 1598; x_wconf 87' lang='lat' dir='ltr'>quibusinter</span> <span class='ocrx_word' id='word_1_103' title='bbox 1358 1544 1463 1583; x_wconf 92' lang='lat' dir='ltr'>nos</span> <span class='ocrx_word' id='word_1_104' title='bbox 1494 1527 1873 1598; x_wconf 89' lang='lat' dir='ltr'>colloquium,</span> 
     </span>
    </p>
   </div>
   <div class='ocr_carea' id='block_1_18' title="bbox 223 1614 1877 1688">
    <p class='ocr_par' dir='ltr' id='par_1_18' title="bbox 223 1614 1877 1688">
     <span class='ocr_line' id='line_1_18' title="bbox 223 1614 1877 1688; baseline 0.002 -20"><span class='ocrx_word' id='word_1_105' title='bbox 223 1614 591 1686; x_wconf 90' lang='lat' dir='ltr'>inspicienda</span> <span class='ocrx_word' id='word_1_106' title='bbox 648 1615 1015 1670; x_wconf 88' lang='lat' dir='ltr'>monstrabat</span> <span class='ocrx_word' id='word_1_107' title='bbox 1072 1615 1132 1670; x_wconf 92' lang='lat' dir='ltr'>in</span> <span class='ocrx_word' id='word_1_108' title='bbox 1200 1615 1618 1688; x_wconf 87' lang='lat' dir='ltr'>interpretibus</span> <span class='ocrx_word' id='word_1_109' title='bbox 1697 1633 1877 1672; x_wconf 66' lang='lat' dir='ltr'>sacrm</span> 
     </span>
    </p>
   </div>
   <div class='ocr_carea' id='block_1_19' title="bbox 223 1702 1869 1778">
    <p class='ocr_par' dir='ltr' id='par_1_19' title="bbox 223 1702 1869 1778">
     <span class='ocr_line' id='line_1_19' title="bbox 223 1702 1869 1778; baseline 0 -19"><span class='ocrx_word' id='word_1_110' title='bbox 223 1702 537 1773; x_wconf 70' lang='lat' dir='ltr'>Scriptum</span> <span class='ocrx_word' id='word_1_111' title='bbox 567 1706 622 1758; x_wconf 86' lang='lat' dir='ltr'>et</span> <span class='ocrx_word' id='word_1_112' title='bbox 652 1702 725 1758; x_wconf 90' lang='lat' dir='ltr'>iis</span> <span class='ocrx_word' id='word_1_113' title='bbox 755 1702 856 1775; x_wconf 90' lang='lat' dir='ltr'>qui</span> <span class='ocrx_word' id='word_1_114' title='bbox 888 1703 982 1775; x_wconf 91' lang='lat' dir='ltr'>pia</span> <span class='ocrx_word' id='word_1_115' title='bbox 1016 1704 1297 1760; x_wconf 88' lang='lat' dir='ltr'>orationis</span> <span class='ocrx_word' id='word_1_116' title='bbox 1329 1710 1675 1778; x_wconf 90' lang='lat' dir='ltr'>argumenta</span> <span class='ocrx_word' id='word_1_117' title='bbox 1700 1706 1869 1760; x_wconf 89' lang='lat' dir='ltr'>insti-</span> 
     </span>
    </p>
   </div>
   <div class='ocr_carea' id='block_1_20' title="bbox 1978 521 3628 601">
    <p class='ocr_par' dir='ltr' id='par_1_20' title="bbox 1978 521 3628 601">
     <span class='ocr_line' id='line_1_20' title="bbox 1978 521 3628 601; baseline 0 -22"><span class='ocrx_word' id='word_1_118' title='bbox 1978 546 2069 579; x_wconf 91' lang='grc' dir='ltr'>τον</span> <span class='ocrx_word' id='word_1_119' title='bbox 2100 524 2201 601; x_wconf 73' lang='grc' dir='ltr'>γάρ</span> <span class='ocrx_word' id='word_1_120' title='bbox 2231 524 2296 593; x_wconf 79' lang='grc' dir='ltr'>ἦν</span> <span class='ocrx_word' id='word_1_121' title='bbox 2330 524 2474 596; x_wconf 84' lang='grc' dir='ltr'>αὐτῷ</span> <span class='ocrx_word' id='word_1_122' title='bbox 2502 524 2565 578; x_wconf 86' lang='grc' dir='ltr'>τὸ</span> <span class='ocrx_word' id='word_1_123' title='bbox 2597 522 2782 599; x_wconf 82' lang='grc' dir='ltr'>περιὸν</span> <span class='ocrx_word' id='word_1_124' title='bbox 2813 529 2915 591; x_wconf 81' lang='grc' dir='ltr'>τῆς</span> <span class='ocrx_word' id='word_1_125' title='bbox 2950 522 3025 585; x_wconf 82' lang='grc' dir='ltr'>εἷς</span> <span class='ocrx_word' id='word_1_126' title='bbox 3056 521 3154 595; x_wconf 65' lang='grc' dir='ltr'>ἐμὲ</span> <span class='ocrx_word' id='word_1_127' title='bbox 3194 522 3628 599; x_wconf 78' lang='grc' dir='ltr'>φιλανθρωπίας,</span> 
     </span>
    </p>
   </div>
   <div class='ocr_carea' id='block_1_21' title="bbox 1980 612 3631 691">
    <p class='ocr_par' dir='ltr' id='par_1_21' title="bbox 1980 612 3631 691">
     <span class='ocr_line' id='line_1_21' title="bbox 1980 612 3631 691; baseline 0.001 -22"><span class='ocrx_word' id='word_1_128' title='bbox 1980 614 2117 671; x_wconf 81' lang='grc' dir='ltr'>ὥστε</span> <span class='ocrx_word' id='word_1_129' title='bbox 2145 616 2368 670; x_wconf 79' lang='grc' dir='ltr'>καὶτῶν</span> <span class='ocrx_word' id='word_1_130' title='bbox 2402 614 2454 670; x_wconf 89' lang='grc' dir='ltr'>ἐν</span> <span class='ocrx_word' id='word_1_131' title='bbox 2491 613 2645 689; x_wconf 85' lang='grc' dir='ltr'>χερσὶ</span> <span class='ocrx_word' id='word_1_132' title='bbox 2695 612 2967 674; x_wconf 81' lang='grc' dir='ltr'>πολλάκις</span> <span class='ocrx_word' id='word_1_133' title='bbox 3005 613 3295 690; x_wconf 72' lang='grc' dir='ltr'>ἀφέμενον,</span> <span class='ocrx_word' id='word_1_134' title='bbox 3329 613 3453 687; x_wconf 80' lang='grc' dir='ltr'>ἐμοὶ</span> <span class='ocrx_word' id='word_1_135' title='bbox 3498 635 3631 691; x_wconf 75' lang='grc' dir='ltr'>σχο-</span> 
     </span>
    </p>
   </div>
   <div class='ocr_carea' id='block_1_22' title="bbox 1981 701 3627 779">
    <p class='ocr_par' dir='ltr' id='par_1_22' title="bbox 1981 701 3627 779">
     <span class='ocr_line' id='line_1_22' title="bbox 1981 701 3627 779; baseline -0.001 -19"><span class='ocrx_word' id='word_1_136' title='bbox 1981 703 2180 775; x_wconf 80' lang='grc' dir='ltr'>λάζειν,</span> <span class='ocrx_word' id='word_1_137' title='bbox 2214 705 2301 759; x_wconf 76' lang='grc' dir='ltr'>καὶ</span> <span class='ocrx_word' id='word_1_138' title='bbox 2334 704 2559 759; x_wconf 76' lang='grc' dir='ltr'>πλείονα</span> <span class='ocrx_word' id='word_1_139' title='bbox 2587 710 2686 773; x_wconf 80' lang='grc' dir='ltr'>τῆς</span> <span class='ocrx_word' id='word_1_140' title='bbox 2719 702 2857 776; x_wconf 82' lang='grc' dir='ltr'>ἐμῆς</span> <span class='ocrx_word' id='word_1_141' title='bbox 2905 701 3169 779; x_wconf 73' lang='grc' dir='ltr'>ὠφελείας</span> <span class='ocrx_word' id='word_1_142' title='bbox 3202 703 3237 772; x_wconf 75' lang='grc' dir='ltr'>ἢ</span> <span class='ocrx_word' id='word_1_143' title='bbox 3286 710 3386 773; x_wconf 81' lang='grc' dir='ltr'>τῆς</span> <span class='ocrx_word' id='word_1_144' title='bbox 3437 705 3627 759; x_wconf 70' lang='grc' dir='ltr'>ἑαυτοῦ</span> 
     </span>
    </p>
   </div>
   <div class='ocr_carea' id='block_1_23' title="bbox 1979 790 3629 869">
    <p class='ocr_par' dir='ltr' id='par_1_23' title="bbox 1979 790 3629 869">
     <span class='ocr_line' id='line_1_23' title="bbox 1979 790 3629 869; baseline 0 -21"><span class='ocrx_word' id='word_1_145' title='bbox 1979 793 2351 869; x_wconf 83' lang='grc' dir='ltr'>πραγματείας</span> <span class='ocrx_word' id='word_1_146' title='bbox 2384 791 2549 868; x_wconf 84' lang='grc' dir='ltr'>λόγον</span> <span class='ocrx_word' id='word_1_147' title='bbox 2582 794 2929 863; x_wconf 76' lang='grc' dir='ltr'>ποιήσασθαι.</span> <span class='ocrx_word' id='word_1_148' title='bbox 2962 792 3263 867; x_wconf 84' lang='grc' dir='ltr'>Χρώμενος</span> <span class='ocrx_word' id='word_1_149' title='bbox 3297 790 3387 846; x_wconf 79' lang='grc' dir='ltr'>οῦν</span> <span class='ocrx_word' id='word_1_150' title='bbox 3439 792 3629 869; x_wconf 83' lang='grc' dir='ltr'>τάνδρὶ</span> 
     </span>
    </p>
   </div>
   <div class='ocr_carea' id='block_1_24' title="bbox 1980 880 3632 957">
    <p class='ocr_par' dir='ltr' id='par_1_24' title="bbox 1980 880 3632 957">
     <span class='ocr_line' id='line_1_24' title="bbox 1980 880 3632 957; baseline -0.001 -20"><span class='ocrx_word' id='word_1_151' title='bbox 1980 881 2077 937; x_wconf 78' lang='grc' dir='ltr'>ὅσα</span> <span class='ocrx_word' id='word_1_152' title='bbox 2106 883 2193 937; x_wconf 75' lang='grc' dir='ltr'>καὶ</span> <span class='ocrx_word' id='word_1_153' title='bbox 2229 882 2412 944; x_wconf 77' lang='grc' dir='ltr'>ὁσάκις</span> <span class='ocrx_word' id='word_1_154' title='bbox 2450 882 2776 957; x_wconf 77' lang='grc' dir='ltr'>βουλομένῳ</span> <span class='ocrx_word' id='word_1_155' title='bbox 2811 902 2905 954; x_wconf 91' lang='grc' dir='ltr'>μοι</span> <span class='ocrx_word' id='word_1_156' title='bbox 2936 882 3026 954; x_wconf 75' lang='grc' dir='ltr'>ἦν,</span> <span class='ocrx_word' id='word_1_157' title='bbox 3056 881 3119 935; x_wconf 86' lang='grc' dir='ltr'>τὸ</span> <span class='ocrx_word' id='word_1_158' title='bbox 3150 880 3294 936; x_wconf 80' lang='grc' dir='ltr'>πολὺ</span> <span class='ocrx_word' id='word_1_159' title='bbox 3342 884 3442 951; x_wconf 72' lang='grc' dir='ltr'>τῆς</span> <span class='ocrx_word' id='word_1_160' title='bbox 3490 883 3632 954; x_wconf 80' lang='grc' dir='ltr'>ἡμέ-</span> 
     </span>
    </p>
   </div>
   <div class='ocr_carea' id='block_1_25' title="bbox 1981 966 3635 1048">
    <p class='ocr_par' dir='ltr' id='par_1_25' title="bbox 1981 966 3635 1048">
     <span class='ocr_line' id='line_1_25' title="bbox 1981 966 3635 1048; baseline -0.001 -22"><span class='ocrx_word' id='word_1_161' title='bbox 1981 994 2077 1048; x_wconf 91' lang='grc' dir='ltr'>ρας</span> <span class='ocrx_word' id='word_1_162' title='bbox 2112 972 2226 1045; x_wconf 88' lang='grc' dir='ltr'>μετ’</span> <span class='ocrx_word' id='word_1_163' title='bbox 2255 970 2423 1025; x_wconf 86' lang='grc' dir='ltr'>αὐτοῦ</span> <span class='ocrx_word' id='word_1_164' title='bbox 2453 969 2634 1044; x_wconf 71' lang='grc' dir='ltr'>ἤμην,</span> <span class='ocrx_word' id='word_1_165' title='bbox 2667 970 2749 1025; x_wconf 91' lang='grc' dir='ltr'>ἀεί</span> <span class='ocrx_word' id='word_1_166' title='bbox 2775 991 2828 1025; x_wconf 92' lang='grc' dir='ltr'>τι</span> <span class='ocrx_word' id='word_1_167' title='bbox 2856 969 2993 1025; x_wconf 85' lang='grc' dir='ltr'>κοιτά</span> <span class='ocrx_word' id='word_1_168' title='bbox 3031 966 3276 1025; x_wconf 80' lang='grc' dir='ltr'>παιδείαν</span> <span class='ocrx_word' id='word_1_169' title='bbox 3330 969 3635 1047; x_wconf 83' lang='grc' dir='ltr'>ἐμπορευό-</span> 
     </span>
    </p>
   </div>
   <div class='ocr_carea' id='block_1_26' title="bbox 1984 1082 2163 1134">
    <p class='ocr_par' dir='ltr' id='par_1_26' title="bbox 1984 1082 2163 1134">
     <span class='ocr_line' id='line_1_26' title="bbox 1984 1082 2163 1134; baseline 0.011 -19"><span class='ocrx_word' id='word_1_170' title='bbox 1984 1082 2163 1134; x_wconf 90' lang='grc' dir='ltr'>μενος.</span> 
     </span>
    </p>
   </div>
   <div class='ocr_carea' id='block_1_27' title="bbox 2049 1164 3640 1242">
    <p class='ocr_par' dir='ltr' id='par_1_27' title="bbox 2049 1164 3640 1242">
     <span class='ocr_line' id='line_1_27' title="bbox 2049 1164 3640 1242; baseline -0.001 -19"><span class='ocrx_word' id='word_1_171' title='bbox 2049 1175 2102 1223; x_wconf 88' lang='grc' dir='ltr'>Ὁ</span> <span class='ocrx_word' id='word_1_172' title='bbox 2135 1169 2191 1223; x_wconf 71' lang='grc' dir='ltr'>δὲ</span> <span class='ocrx_word' id='word_1_173' title='bbox 2223 1169 2310 1224; x_wconf 85' lang='grc' dir='ltr'>καὶ</span> <span class='ocrx_word' id='word_1_174' title='bbox 2337 1166 2524 1224; x_wconf 90' lang='grc' dir='ltr'>πολλά</span> <span class='ocrx_word' id='word_1_175' title='bbox 2557 1169 2650 1241; x_wconf 71' lang='grc' dir='ltr'>μὲν</span> <span class='ocrx_word' id='word_1_176' title='bbox 2681 1165 2825 1223; x_wconf 79' lang='grc' dir='ltr'>ἄλλα</span> <span class='ocrx_word' id='word_1_177' title='bbox 2873 1166 3120 1240; x_wconf 87' lang='grc' dir='ltr'>ἀσμένως</span> <span class='ocrx_word' id='word_1_178' title='bbox 3167 1166 3292 1241; x_wconf 86' lang='grc' dir='ltr'>ἐμοὶ</span> <span class='ocrx_word' id='word_1_179' title='bbox 3345 1164 3640 1242; x_wconf 78' lang='grc' dir='ltr'>παρεδίδου</span> 
     </span>
    </p>
   </div>
   <div class='ocr_carea' id='block_1_28' title="bbox 1982 1252 3638 1334">
    <p class='ocr_par' dir='ltr' id='par_1_28' title="bbox 1982 1252 3638 1334">
     <span class='ocr_line' id='line_1_28' title="bbox 1982 1252 3638 1334; baseline -0.002 -22"><span class='ocrx_word' id='word_1_180' title='bbox 1982 1258 2178 1331; x_wconf 90' lang='grc' dir='ltr'>(πάσης</span> <span class='ocrx_word' id='word_1_181' title='bbox 2210 1258 2312 1334; x_wconf 79' lang='grc' dir='ltr'>γάρ</span> <span class='ocrx_word' id='word_1_182' title='bbox 2345 1254 2674 1318; x_wconf 74' lang='grc' dir='ltr'>παιδεύσεως</span> <span class='ocrx_word' id='word_1_183' title='bbox 2706 1256 2781 1319; x_wconf 82' lang='grc' dir='ltr'>εἷς</span> <span class='ocrx_word' id='word_1_184' title='bbox 2810 1256 2977 1324; x_wconf 78' lang='grc' dir='ltr'>αὐτὴν</span> <span class='ocrx_word' id='word_1_185' title='bbox 3024 1252 3219 1331; x_wconf 82' lang='grc' dir='ltr'>σχεδὸν</span> <span class='ocrx_word' id='word_1_186' title='bbox 3272 1254 3486 1333; x_wconf 79' lang='grc' dir='ltr'>ἐφθάκει</span> <span class='ocrx_word' id='word_1_187' title='bbox 3537 1257 3638 1325; x_wconf 73' lang='grc' dir='ltr'>τὴν</span> 
     </span>
    </p>
   </div>
   <div class='ocr_carea' id='block_1_29' title="bbox 1980 1342 3633 1421">
    <p class='ocr_par' dir='ltr' id='par_1_29' title="bbox 1980 1342 3633 1421">
     <span class='ocr_line' id='line_1_29' title="bbox 1980 1342 3633 1421; baseline -0.002 -20"><span class='ocrx_word' id='word_1_188' title='bbox 1980 1346 2274 1419; x_wconf 80' lang='grc' dir='ltr'>ἀκρότητα)</span> <span class='ocrx_word' id='word_1_189' title='bbox 2308 1347 2692 1421; x_wconf 87' lang='grc' dir='ltr'>ἀσμενέστερον</span> <span class='ocrx_word' id='word_1_190' title='bbox 2727 1343 2783 1399; x_wconf 77' lang='grc' dir='ltr'>δὲ</span> <span class='ocrx_word' id='word_1_191' title='bbox 2828 1346 2929 1414; x_wconf 82' lang='grc' dir='ltr'>τὴν</span> <span class='ocrx_word' id='word_1_192' title='bbox 2984 1344 3283 1419; x_wconf 75' lang='grc' dir='ltr'>ῥητορικὴν</span> <span class='ocrx_word' id='word_1_193' title='bbox 3333 1342 3633 1414; x_wconf 76' lang='grc' dir='ltr'>ἐδίδασκεν,</span> 
     </span>
    </p>
   </div>
   <div class='ocr_carea' id='block_1_30' title="bbox 1982 1431 3641 1511">
    <p class='ocr_par' dir='ltr' id='par_1_30' title="bbox 1982 1431 3641 1511">
     <span class='ocr_line' id='line_1_30' title="bbox 1982 1431 3641 1511; baseline -0.002 -21"><span class='ocrx_word' id='word_1_194' title='bbox 1982 1441 2050 1504; x_wconf 68' lang='grc' dir='ltr'>’ἧς</span> <span class='ocrx_word' id='word_1_195' title='bbox 2081 1434 2344 1506; x_wconf 75' lang='grc' dir='ltr'>πλείστην</span> <span class='ocrx_word' id='word_1_196' title='bbox 2376 1436 2492 1511; x_wconf 70' lang='grc' dir='ltr'>εἶχε</span> <span class='ocrx_word' id='word_1_197' title='bbox 2518 1437 2619 1503; x_wconf 83' lang='grc' dir='ltr'>τήν</span> <span class='ocrx_word' id='word_1_198' title='bbox 2648 1434 2954 1509; x_wconf 79' lang='grc' dir='ltr'>ἐμπειρίαν.</span> <span class='ocrx_word' id='word_1_199' title='bbox 2987 1437 3101 1487; x_wconf 82' lang='grc' dir='ltr'>Ἵνα</span> <span class='ocrx_word' id='word_1_200' title='bbox 3145 1431 3203 1488; x_wconf 73' lang='grc' dir='ltr'>δὲ</span> <span class='ocrx_word' id='word_1_201' title='bbox 3258 1434 3333 1505; x_wconf 81' lang='grc' dir='ltr'>μὴ</span> <span class='ocrx_word' id='word_1_202' title='bbox 3392 1435 3641 1506; x_wconf 81' lang='grc' dir='ltr'>πάμπαν,</span> 
     </span>
    </p>
   </div>
   <div class='ocr_carea' id='block_1_31' title="bbox 1983 1520 3643 1599">
    <p class='ocr_par' dir='ltr' id='par_1_31' title="bbox 1983 1520 3643 1599">
     <span class='ocr_line' id='line_1_31' title="bbox 1983 1520 3643 1599; baseline -0.002 -20"><span class='ocrx_word' id='word_1_203' title='bbox 1983 1528 2050 1595; x_wconf 75' lang='grc' dir='ltr'>ἧς</span> <span class='ocrx_word' id='word_1_204' title='bbox 2099 1520 2437 1599; x_wconf 78' lang='grc' dir='ltr'>ἐπρέσϐευεν,</span> <span class='ocrx_word' id='word_1_205' title='bbox 2469 1524 2736 1593; x_wconf 77' lang='grc' dir='ltr'>ἀποσταίη</span> <span class='ocrx_word' id='word_1_206' title='bbox 2787 1530 2887 1591; x_wconf 82' lang='grc' dir='ltr'>τῆς</span> <span class='ocrx_word' id='word_1_207' title='bbox 2942 1521 3249 1597; x_wconf 79' lang='grc' dir='ltr'>θεολογίας,</span> <span class='ocrx_word' id='word_1_208' title='bbox 3294 1523 3362 1576; x_wconf 78' lang='grc' dir='ltr'>τά</span> <span class='ocrx_word' id='word_1_209' title='bbox 3407 1529 3507 1590; x_wconf 84' lang='grc' dir='ltr'>τῆς</span> <span class='ocrx_word' id='word_1_210' title='bbox 3555 1521 3643 1576; x_wconf 75' lang='grc' dir='ltr'>τέο</span> 
     </span>
    </p>
   </div>
   <div class='ocr_carea' id='block_1_32' title="bbox 1983 1610 3644 1691">
    <p class='ocr_par' dir='ltr' id='par_1_32' title="bbox 1983 1610 3644 1691">
     <span class='ocr_line' id='line_1_32' title="bbox 1983 1610 3644 1691; baseline -0.002 -24"><span class='ocrx_word' id='word_1_211' title='bbox 1983 1633 2124 1691; x_wconf 77' lang='grc' dir='ltr'>χνης</span> <span class='ocrx_word' id='word_1_212' title='bbox 2173 1613 2608 1689; x_wconf 71' lang='grc' dir='ltr'>παραγγέλματα</span> <span class='ocrx_word' id='word_1_213' title='bbox 2657 1611 2949 1685; x_wconf 87' lang='grc' dir='ltr'>κινούμενα</span> <span class='ocrx_word' id='word_1_214' title='bbox 2995 1614 3215 1687; x_wconf 87' lang='grc' dir='ltr'>θεωρεῖν</span> <span class='ocrx_word' id='word_1_215' title='bbox 3275 1617 3535 1687; x_wconf 88' lang='grc' dir='ltr'>παρεῖχεν</span> <span class='ocrx_word' id='word_1_216' title='bbox 3590 1610 3644 1666; x_wconf 87' lang='grc' dir='ltr'>ἐν</span> 
     </span>
    </p>
   </div>
   <div class='ocr_carea' id='block_1_33' title="bbox 1984 1696 3642 1779">
    <p class='ocr_par' dir='ltr' id='par_1_33' title="bbox 1984 1696 3642 1779">
     <span class='ocr_line' id='line_1_33' title="bbox 1984 1696 3642 1779; baseline -0.002 -22"><span class='ocrx_word' id='word_1_217' title='bbox 1984 1708 2098 1765; x_wconf 86' lang='grc' dir='ltr'>τοῖς</span> <span class='ocrx_word' id='word_1_218' title='bbox 2152 1710 2252 1773; x_wconf 86' lang='grc' dir='ltr'>τῆς</span> <span class='ocrx_word' id='word_1_219' title='bbox 2305 1703 2452 1777; x_wconf 78' lang='grc' dir='ltr'>ἱερᾶς</span> <span class='ocrx_word' id='word_1_220' title='bbox 2512 1704 2727 1779; x_wconf 78' lang='grc' dir='ltr'>Γραφῆς</span> <span class='ocrx_word' id='word_1_221' title='bbox 2777 1701 3090 1776; x_wconf 74' lang='grc' dir='ltr'>ἐξηγηταῖς,</span> <span class='ocrx_word' id='word_1_222' title='bbox 3122 1699 3214 1754; x_wconf 77' lang='grc' dir='ltr'>καὶ</span> <span class='ocrx_word' id='word_1_223' title='bbox 3265 1696 3501 1763; x_wconf 88' lang='grc' dir='ltr'>εὐσεϐεῖς</span> <span class='ocrx_word' id='word_1_224' title='bbox 3534 1703 3642 1754; x_wconf 88' lang='grc' dir='ltr'>τῶν</span> 
     </span>
    </p>
   </div>
   <div class='ocr_carea' id='block_1_34' title="bbox 219 1786 1875 1872">
    <p class='ocr_par' dir='ltr' id='par_1_34' title="bbox 219 1791 1875 1865">
     <span class='ocr_line' id='line_1_34' title="bbox 219 1791 1875 1865; baseline 0.003 -20"><span class='ocrx_word' id='word_1_225' title='bbox 219 1794 479 1846; x_wconf 89' lang='lat' dir='ltr'>tuerunt.</span> <span class='ocrx_word' id='word_1_226' title='bbox 513 1791 642 1847; x_wconf 68' lang='lat' dir='ltr'>Haec</span> <span class='ocrx_word' id='word_1_227' title='bbox 667 1792 870 1847; x_wconf 91' lang='lat' dir='ltr'>eadem</span> <span class='ocrx_word' id='word_1_228' title='bbox 902 1792 1178 1849; x_wconf 82' lang='lat' dir='ltr'>laudabat</span> <span class='ocrx_word' id='word_1_229' title='bbox 1209 1794 1621 1865; x_wconf 89' lang='lat' dir='ltr'>indicabatque</span> <span class='ocrx_word' id='word_1_230' title='bbox 1656 1794 1713 1849; x_wconf 92' lang='lat' dir='ltr'>in</span> <span class='ocrx_word' id='word_1_231' title='bbox 1748 1794 1875 1850; x_wconf 92' lang='lat' dir='ltr'>aliis</span> 
     </span>
    </p>
   </div>
   <div class='ocr_carea' id='block_1_35' title="bbox 1991 1786 3649 1872">
    <p class='ocr_par' dir='ltr' id='par_1_35' title="bbox 1991 1786 3649 1866">
     <span class='ocr_line' id='line_1_35' title="bbox 1991 1786 3649 1866; baseline -0.004 -17"><span class='ocrx_word' id='word_1_232' title='bbox 1991 1791 2171 1866; x_wconf 92' lang='grc' dir='ltr'>λόγων</span> <span class='ocrx_word' id='word_1_233' title='bbox 2207 1793 2487 1853; x_wconf 70' lang='grc' dir='ltr'>ὑποθέσεις</span> <span class='ocrx_word' id='word_1_234' title='bbox 2521 1789 2959 1863; x_wconf 85' lang='grc' dir='ltr'>ἐνστησαμένοις,</span> <span class='ocrx_word' id='word_1_235' title='bbox 2998 1788 3200 1844; x_wconf 87' lang='grc' dir='ltr'>Ἐποίει</span> <span class='ocrx_word' id='word_1_236' title='bbox 3242 1786 3299 1843; x_wconf 76' lang='grc' dir='ltr'>δὲ</span> <span class='ocrx_word' id='word_1_237' title='bbox 3344 1794 3505 1843; x_wconf 90' lang='grc' dir='ltr'>τοῦτο</span> <span class='ocrx_word' id='word_1_238' title='bbox 3554 1787 3649 1843; x_wconf 70' lang='grc' dir='ltr'>καὶ</span> 
     </span>
    </p>
   </div>
   <div class='ocr_carea' id='block_1_36' title="bbox 220 1879 1878 1954">
    <p class='ocr_par' dir='ltr' id='par_1_36' title="bbox 220 1879 1878 1954">
     <span class='ocr_line' id='line_1_36' title="bbox 220 1879 1878 1954; baseline 0.002 -19"><span class='ocrx_word' id='word_1_239' title='bbox 220 1879 502 1935; x_wconf 88' lang='lat' dir='ltr'>omnibus</span> <span class='ocrx_word' id='word_1_240' title='bbox 533 1880 633 1952; x_wconf 84' lang='lat' dir='ltr'>qui</span> <span class='ocrx_word' id='word_1_241' title='bbox 665 1882 955 1937; x_wconf 87' lang='lat' dir='ltr'>sermonis</span> <span class='ocrx_word' id='word_1_242' title='bbox 984 1883 1097 1937; x_wconf 91' lang='lat' dir='ltr'>virt</span> <span class='ocrx_word' id='word_1_243' title='bbox 1140 1886 1200 1938; x_wconf 90' lang='lat' dir='ltr'>te</span> <span class='ocrx_word' id='word_1_244' title='bbox 1231 1888 1288 1938; x_wconf 93' lang='lat' dir='ltr'>et</span> <span class='ocrx_word' id='word_1_245' title='bbox 1327 1883 1618 1954; x_wconf 87' lang='lat' dir='ltr'>elegantia</span> <span class='ocrx_word' id='word_1_246' title='bbox 1666 1901 1878 1939; x_wconf 89' lang='lat' dir='ltr'>nomen</span> 
     </span>
    </p>
   </div>
   <div class='ocr_carea' id='block_1_37' title="bbox 219 1968 1879 2044">
    <p class='ocr_par' dir='ltr' id='par_1_37' title="bbox 219 1968 1879 2044">
     <span class='ocr_line' id='line_1_37' title="bbox 219 1968 1879 2044; baseline 0.002 -20"><span class='ocrx_word' id='word_1_247' title='bbox 219 1968 333 2024; x_wconf 86' lang='lat' dir='ltr'>sibi</span> <span class='ocrx_word' id='word_1_248' title='bbox 363 1974 799 2041; x_wconf 84' lang='lat' dir='ltr'>compararunt,</span> <span class='ocrx_word' id='word_1_249' title='bbox 823 1974 881 2025; x_wconf 90' lang='lat' dir='ltr'>at</span> <span class='ocrx_word' id='word_1_250' title='bbox 915 1970 1199 2043; x_wconf 64' lang='lat' dir='ltr'>praecipue</span> <span class='ocrx_word' id='word_1_251' title='bbox 1230 1971 1287 2026; x_wconf 91' lang='lat' dir='ltr'>in</span> <span class='ocrx_word' id='word_1_252' title='bbox 1324 1973 1603 2044; x_wconf 82' lang='lat' dir='ltr'>Gregorio</span> <span class='ocrx_word' id='word_1_253' title='bbox 1636 1972 1879 2027; x_wconf 90' lang='lat' dir='ltr'>Nazian-</span> 
     </span>
    </p>
   </div>
   <div class='ocr_carea' id='block_1_38' title="bbox 220 2058 1881 2131">
    <p class='ocr_par' dir='ltr' id='par_1_38' title="bbox 220 2058 1881 2131">
     <span class='ocr_line' id='line_1_38' title="bbox 220 2058 1881 2131; baseline 0.003 -19"><span class='ocrx_word' id='word_1_254' title='bbox 220 2074 362 2113; x_wconf 86' lang='lat' dir='ltr'>zeno</span> <span class='ocrx_word' id='word_1_255' title='bbox 394 2058 566 2129; x_wconf 89' lang='lat' dir='ltr'>cujus</span> <span class='ocrx_word' id='word_1_256' title='bbox 596 2058 653 2113; x_wconf 91' lang='lat' dir='ltr'>in</span> <span class='ocrx_word' id='word_1_257' title='bbox 676 2058 921 2115; x_wconf 90' lang='lat' dir='ltr'>dicendo</span> <span class='ocrx_word' id='word_1_258' title='bbox 954 2059 1341 2131; x_wconf 91' lang='lat' dir='ltr'>eloquentiam</span> <span class='ocrx_word' id='word_1_259' title='bbox 1375 2064 1431 2116; x_wconf 90' lang='lat' dir='ltr'>et</span> <span class='ocrx_word' id='word_1_260' title='bbox 1454 2061 1881 2118; x_wconf 83' lang='lat' dir='ltr'>sublimitatem</span> 
     </span>
    </p>
   </div>
   <div class='ocr_carea' id='block_1_39' title="bbox 220 2145 1879 2223">
    <p class='ocr_par' dir='ltr' id='par_1_39' title="bbox 220 2145 1879 2223">
     <span class='ocr_line' id='line_1_39' title="bbox 220 2145 1879 2223; baseline 0.002 -22"><span class='ocrx_word' id='word_1_261' title='bbox 220 2146 474 2202; x_wconf 83' lang='lat' dir='ltr'>maxime</span> <span class='ocrx_word' id='word_1_262' title='bbox 521 2145 861 2203; x_wconf 88' lang='lat' dir='ltr'>mirabatur.</span> <span class='ocrx_word' id='word_1_263' title='bbox 915 2148 1030 2219; x_wconf 92' lang='lat' dir='ltr'>Ipsi</span> <span class='ocrx_word' id='word_1_264' title='bbox 1083 2154 1279 2204; x_wconf 89' lang='lat' dir='ltr'>tamen</span> <span class='ocrx_word' id='word_1_265' title='bbox 1330 2166 1573 2221; x_wconf 89' lang='lat' dir='ltr'>operum</span> <span class='ocrx_word' id='word_1_266' title='bbox 1618 2151 1879 2223; x_wconf 85' lang='lat' dir='ltr'>Gregorii</span> 
     </span>
    </p>
   </div>
   <div class='ocr_carea' id='block_1_40' title="bbox 224 2234 1882 2296">
    <p class='ocr_par' dir='ltr' id='par_1_40' title="bbox 224 2234 1882 2296">
     <span class='ocr_line' id='line_1_40' title="bbox 224 2234 1882 2296; baseline 0.003 -6"><span class='ocrx_word' id='word_1_267' title='bbox 224 2234 399 2291; x_wconf 87' lang='lat' dir='ltr'>lectio</span> <span class='ocrx_word' id='word_1_268' title='bbox 427 2235 707 2291; x_wconf 75' lang='lat' dir='ltr'>molestiae</span> <span class='ocrx_word' id='word_1_269' title='bbox 741 2237 1008 2292; x_wconf 91' lang='lat' dir='ltr'>nonnihil</span> <span class='ocrx_word' id='word_1_270' title='bbox 1037 2238 1293 2293; x_wconf 78' lang='lat' dir='ltr'>creabat.</span> <span class='ocrx_word' id='word_1_271' title='bbox 1330 2239 1474 2293; x_wconf 90' lang='lat' dir='ltr'>Eum</span> <span class='ocrx_word' id='word_1_272' title='bbox 1499 2240 1654 2295; x_wconf 89' lang='lat' dir='ltr'>enim</span> <span class='ocrx_word' id='word_1_273' title='bbox 1687 2240 1882 2296; x_wconf 90' lang='lat' dir='ltr'>dolore</span> 
     </span>
    </p>
   </div>
   <div class='ocr_carea' id='block_1_41' title="bbox 229 2323 1878 2400">
    <p class='ocr_par' dir='ltr' id='par_1_41' title="bbox 229 2323 1878 2400">
     <span class='ocr_line' id='line_1_41' title="bbox 229 2323 1878 2400; baseline 0.002 -20"><span class='ocrx_word' id='word_1_274' title='bbox 229 2323 485 2380; x_wconf 89' lang='lat' dir='ltr'>multum</span> <span class='ocrx_word' id='word_1_275' title='bbox 516 2324 806 2381; x_wconf 81' lang='lat' dir='ltr'>afﬁciebat</span> <span class='ocrx_word' id='word_1_276' title='bbox 834 2326 1191 2381; x_wconf 90' lang='lat' dir='ltr'>obscuritate</span> <span class='ocrx_word' id='word_1_277' title='bbox 1216 2327 1423 2382; x_wconf 83' lang='lat' dir='ltr'>referta</span> <span class='ocrx_word' id='word_1_278' title='bbox 1457 2327 1878 2400; x_wconf 84' lang='lat' dir='ltr'>interpretatio,</span> 
     </span>
    </p>
   </div>
   <div class='ocr_carea' id='block_1_42' title="bbox 231 2411 1881 2489">
    <p class='ocr_par' dir='ltr' id='par_1_42' title="bbox 231 2411 1881 2489">
     <span class='ocr_line' id='line_1_42' title="bbox 231 2411 1881 2489; baseline 0.003 -22"><span class='ocrx_word' id='word_1_279' title='bbox 231 2426 355 2483; x_wconf 69' lang='lat' dir='ltr'>qua:</span> <span class='ocrx_word' id='word_1_280' title='bbox 387 2411 657 2484; x_wconf 86' lang='lat' dir='ltr'>pluribus</span> <span class='ocrx_word' id='word_1_281' title='bbox 682 2411 742 2468; x_wconf 90' lang='lat' dir='ltr'>in</span> <span class='ocrx_word' id='word_1_282' title='bbox 800 2412 941 2469; x_wconf 91' lang='lat' dir='ltr'>locis</span> <span class='ocrx_word' id='word_1_283' title='bbox 973 2414 1200 2485; x_wconf 88' lang='lat' dir='ltr'>vitiosa,</span> <span class='ocrx_word' id='word_1_284' title='bbox 1233 2414 1418 2471; x_wconf 91' lang='lat' dir='ltr'>instar</span> <span class='ocrx_word' id='word_1_285' title='bbox 1462 2416 1636 2472; x_wconf 89' lang='lat' dir='ltr'>nubis</span> <span class='ocrx_word' id='word_1_286' title='bbox 1678 2418 1881 2489; x_wconf 90' lang='lat' dir='ltr'>cujus-</span> 
     </span>
    </p>
   </div>
   <div class='ocr_carea' id='block_1_43' title="bbox 230 2500 1877 2575">
    <p class='ocr_par' dir='ltr' id='par_1_43' title="bbox 230 2500 1877 2575">
     <span class='ocr_line' id='line_1_43' title="bbox 230 2500 1877 2575; baseline 0.004 -19"><span class='ocrx_word' id='word_1_287' title='bbox 230 2500 388 2572; x_wconf 89' lang='lat' dir='ltr'>dam,</span> <span class='ocrx_word' id='word_1_288' title='bbox 411 2500 748 2558; x_wconf 83' lang='lat' dir='ltr'>oﬂ‘undebat</span> <span class='ocrx_word' id='word_1_289' title='bbox 777 2502 899 2558; x_wconf 90' lang='lat' dir='ltr'>viro</span> <span class='ocrx_word' id='word_1_290' title='bbox 957 2503 1299 2559; x_wconf 87' lang='lat' dir='ltr'>doctissimo</span> <span class='ocrx_word' id='word_1_291' title='bbox 1343 2506 1636 2575; x_wconf 90' lang='lat' dir='ltr'>tenebras,</span> <span class='ocrx_word' id='word_1_292' title='bbox 1669 2511 1725 2562; x_wconf 92' lang='lat' dir='ltr'>et</span> <span class='ocrx_word' id='word_1_293' title='bbox 1764 2524 1877 2562; x_wconf 92' lang='lat' dir='ltr'>non</span> 
     </span>
    </p>
   </div>
   <div class='ocr_carea' id='block_1_44' title="bbox 228 2587 1880 2664">
    <p class='ocr_par' dir='ltr' id='par_1_44' title="bbox 228 2587 1880 2664">
     <span class='ocr_line' id='line_1_44' title="bbox 228 2587 1880 2664; baseline 0.005 -21"><span class='ocrx_word' id='word_1_294' title='bbox 228 2587 423 2644; x_wconf 85' lang='lat' dir='ltr'>solum</span> <span class='ocrx_word' id='word_1_295' title='bbox 456 2589 790 2644; x_wconf 88' lang='lat' dir='ltr'>facundiam</span> <span class='ocrx_word' id='word_1_296' title='bbox 822 2591 973 2661; x_wconf 87' lang='lat' dir='ltr'>ejus,</span> <span class='ocrx_word' id='word_1_297' title='bbox 1006 2592 1106 2646; x_wconf 91' lang='lat' dir='ltr'>sed</span> <span class='ocrx_word' id='word_1_298' title='bbox 1141 2593 1497 2664; x_wconf 89' lang='lat' dir='ltr'>scriptorum</span> <span class='ocrx_word' id='word_1_299' title='bbox 1537 2594 1714 2649; x_wconf 90' lang='lat' dir='ltr'>etiam</span> <span class='ocrx_word' id='word_1_300' title='bbox 1745 2612 1880 2651; x_wconf 89' lang='lat' dir='ltr'>sen-</span> 
     </span>
    </p>
   </div>
   <div class='ocr_carea' id='block_1_45' title="bbox 226 2677 1879 2757">
    <p class='ocr_par' dir='ltr' id='par_1_45' title="bbox 226 2677 1879 2757">
     <span class='ocr_line' id='line_1_45' title="bbox 226 2677 1879 2757; baseline 0.002 -22"><span class='ocrx_word' id='word_1_301' title='bbox 226 2692 357 2735; x_wconf 83' lang='lat' dir='ltr'>Ium</span> <span class='ocrx_word' id='word_1_302' title='bbox 376 2677 777 2738; x_wconf 87' lang='lat' dir='ltr'>obnubilabat.</span> <span class='ocrx_word' id='word_1_303' title='bbox 800 2680 1345 2753; x_wconf 87' lang='lat' dir='ltr'>Quandoqueigitur</span> <span class='ocrx_word' id='word_1_304' title='bbox 1365 2681 1581 2737; x_wconf 92' lang='lat' dir='ltr'>librum</span> <span class='ocrx_word' id='word_1_305' title='bbox 1610 2684 1879 2757; x_wconf 71' lang='lat' dir='ltr'>indigna-</span> 
     </span>
    </p>
   </div>
   <div class='ocr_carea' id='block_1_46' title="bbox 228 2765 1880 2845">
    <p class='ocr_par' dir='ltr' id='par_1_46' title="bbox 228 2765 1880 2845">
     <span class='ocr_line' id='line_1_46' title="bbox 228 2765 1880 2845; baseline 0.005 -25"><span class='ocrx_word' id='word_1_306' title='bbox 228 2765 460 2822; x_wconf 89' lang='lat' dir='ltr'>bundus</span> <span class='ocrx_word' id='word_1_307' title='bbox 515 2766 859 2839; x_wconf 89' lang='lat' dir='ltr'>projiciebat</span> <span class='ocrx_word' id='word_1_308' title='bbox 904 2768 962 2823; x_wconf 91' lang='lat' dir='ltr'>in</span> <span class='ocrx_word' id='word_1_309' title='bbox 1032 2769 1471 2840; x_wconf 87' lang='lat' dir='ltr'>pavimentum;</span> <span class='ocrx_word' id='word_1_310' title='bbox 1531 2773 1880 2845; x_wconf 87' lang='lat' dir='ltr'>quandoque</span> 
     </span>
    </p>
   </div>
   <div class='ocr_carea' id='block_1_47' title="bbox 224 2856 1881 2929">
    <p class='ocr_par' dir='ltr' id='par_1_47' title="bbox 224 2856 1881 2929">
     <span class='ocr_line' id='line_1_47' title="bbox 224 2856 1881 2929; baseline 0.004 -19"><span class='ocrx_word' id='word_1_311' title='bbox 224 2856 401 2911; x_wconf 88' lang='lat' dir='ltr'>etiam</span> <span class='ocrx_word' id='word_1_312' title='bbox 432 2872 467 2910; x_wconf 90' lang='lat' dir='ltr'>a</span> <span class='ocrx_word' id='word_1_313' title='bbox 497 2873 588 2911; x_wconf 89' lang='lat' dir='ltr'>me</span> <span class='ocrx_word' id='word_1_314' title='bbox 621 2856 959 2928; x_wconf 88' lang='lat' dir='ltr'>postulabat</span> <span class='ocrx_word' id='word_1_315' title='bbox 991 2863 1057 2912; x_wconf 89' lang='lat' dir='ltr'>ut</span> <span class='ocrx_word' id='word_1_316' title='bbox 1096 2876 1222 2929; x_wconf 74' lang='lat' dir='ltr'>quae</span> <span class='ocrx_word' id='word_1_317' title='bbox 1253 2859 1505 2915; x_wconf 90' lang='lat' dir='ltr'>obscura</span> <span class='ocrx_word' id='word_1_318' title='bbox 1535 2861 1881 2917; x_wconf 88' lang='lat' dir='ltr'>videbantur</span> 
     </span>
    </p>
   </div>
   <div class='ocr_carea' id='block_1_48' title="bbox 222 2945 1875 3021">
    <p class='ocr_par' dir='ltr' id='par_1_48' title="bbox 222 2945 1875 3021">
     <span class='ocr_line' id='line_1_48' title="bbox 222 2945 1875 3021; baseline 0.005 -23"><span class='ocrx_word' id='word_1_319' title='bbox 222 2945 554 3001; x_wconf 86' lang='lat' dir='ltr'>accuratius</span> <span class='ocrx_word' id='word_1_320' title='bbox 585 2945 868 3001; x_wconf 91' lang='lat' dir='ltr'>dilucidiu</span> <span class='ocrx_word' id='word_1_321' title='bbox 883 2955 1029 3018; x_wconf 67' lang='lat' dir='ltr'>sQue</span> <span class='ocrx_word' id='word_1_322' title='bbox 1056 2949 1356 3003; x_wconf 88' lang='lat' dir='ltr'>redderem</span> <span class='ocrx_word' id='word_1_323' title='bbox 1389 2955 1444 3004; x_wconf 89' lang='lat' dir='ltr'>et</span> <span class='ocrx_word' id='word_1_324' title='bbox 1480 2951 1875 3021; x_wconf 85' lang='lat' dir='ltr'>explanarem.</span> 
     </span>
    </p>
   </div>
   <div class='ocr_carea' id='block_1_49' title="bbox 221 3034 1876 3112">
    <p class='ocr_par' dir='ltr' id='par_1_49' title="bbox 221 3034 1876 3112">
     <span class='ocr_line' id='line_1_49' title="bbox 221 3034 1876 3112; baseline 0.006 -25"><span class='ocrx_word' id='word_1_325' title='bbox 221 3034 481 3105; x_wconf 87' lang='lat' dir='ltr'>Denique</span> <span class='ocrx_word' id='word_1_326' title='bbox 508 3050 642 3090; x_wconf 90' lang='lat' dir='ltr'>cum</span> <span class='ocrx_word' id='word_1_327' title='bbox 675 3035 870 3091; x_wconf 88' lang='lat' dir='ltr'>omnis</span> <span class='ocrx_word' id='word_1_328' title='bbox 901 3036 948 3090; x_wconf 92' lang='lat' dir='ltr'>ei</span> <span class='ocrx_word' id='word_1_329' title='bbox 977 3037 1347 3092; x_wconf 89' lang='lat' dir='ltr'>stomachum</span> <span class='ocrx_word' id='word_1_330' title='bbox 1387 3045 1642 3095; x_wconf 90' lang='lat' dir='ltr'>moveret</span> <span class='ocrx_word' id='word_1_331' title='bbox 1668 3041 1876 3112; x_wconf 90' lang='lat' dir='ltr'>versio,</span> 
     </span>
    </p>
   </div>
   <div class='ocr_carea' id='block_1_50' title="bbox 222 3123 1876 3202">
    <p class='ocr_par' dir='ltr' id='par_1_50' title="bbox 222 3123 1876 3202">
     <span class='ocr_line' id='line_1_50' title="bbox 222 3123 1876 3202; baseline 0.005 -26"><span class='ocrx_word' id='word_1_332' title='bbox 222 3137 313 3177; x_wconf 91' lang='lat' dir='ltr'>me</span> <span class='ocrx_word' id='word_1_333' title='bbox 345 3123 588 3195; x_wconf 86' lang='lat' dir='ltr'>rogabat</span> <span class='ocrx_word' id='word_1_334' title='bbox 619 3125 1017 3181; x_wconf 80' lang='lat' dir='ltr'>utsecundam</span> <span class='ocrx_word' id='word_1_335' title='bbox 1046 3142 1289 3181; x_wconf 89' lang='lat' dir='ltr'>manum</span> <span class='ocrx_word' id='word_1_336' title='bbox 1322 3126 1632 3197; x_wconf 88' lang='lat' dir='ltr'>adjicerem</span> <span class='ocrx_word' id='word_1_337' title='bbox 1664 3129 1876 3202; x_wconf 86' lang='lat' dir='ltr'>Grego-</span> 
     </span>
    </p>
   </div>
   <div class='ocr_carea' id='block_1_51' title="bbox 221 3210 1876 3290">
    <p class='ocr_par' dir='ltr' id='par_1_51' title="bbox 221 3210 1876 3290">
     <span class='ocr_line' id='line_1_51' title="bbox 221 3210 1876 3290; baseline 0.005 -25"><span class='ocrx_word' id='word_1_338' title='bbox 221 3210 327 3279; x_wconf 89' lang='lat' dir='ltr'>rio,</span> <span class='ocrx_word' id='word_1_339' title='bbox 381 3216 438 3267; x_wconf 91' lang='lat' dir='ltr'>et</span> <span class='ocrx_word' id='word_1_340' title='bbox 492 3212 638 3268; x_wconf 91' lang='lat' dir='ltr'>illud</span> <span class='ocrx_word' id='word_1_341' title='bbox 696 3229 845 3271; x_wconf 90' lang='lat' dir='ltr'>onus</span> <span class='ocrx_word' id='word_1_342' title='bbox 905 3214 1169 3271; x_wconf 90' lang='lat' dir='ltr'>humeris</span> <span class='ocrx_word' id='word_1_343' title='bbox 1218 3215 1876 3290; x_wconf 81' lang='lat' dir='ltr'>imponerem,publicaa</span> 
     </span>
    </p>
   </div>
   <div class='ocr_carea' id='block_1_52' title="bbox 221 3299 1880 3377">
    <p class='ocr_par' dir='ltr' id='par_1_52' title="bbox 221 3299 1880 3377">
     <span class='ocr_line' id='line_1_52' title="bbox 221 3299 1880 3377; baseline 0.005 -24"><span class='ocrx_word' id='word_1_344' title='bbox 221 3299 583 3370; x_wconf 87' lang='lat' dir='ltr'>prospiciens</span> <span class='ocrx_word' id='word_1_345' title='bbox 617 3301 878 3357; x_wconf 83' lang='lat' dir='ltr'>utilitati.</span> <span class='ocrx_word' id='word_1_346' title='bbox 915 3307 1021 3356; x_wconf 84' lang='lat' dir='ltr'>Ast</span> <span class='ocrx_word' id='word_1_347' title='bbox 1049 3318 1153 3375; x_wconf 87' lang='lat' dir='ltr'>ego</span> <span class='ocrx_word' id='word_1_348' title='bbox 1183 3320 1323 3359; x_wconf 67' lang='lat' dir='ltr'>meae</span> <span class='ocrx_word' id='word_1_349' title='bbox 1367 3306 1577 3377; x_wconf 87' lang='lat' dir='ltr'>partim</span> <span class='ocrx_word' id='word_1_350' title='bbox 1611 3308 1880 3362; x_wconf 87' lang='lat' dir='ltr'>conscius</span> 
     </span>
    </p>
   </div>
   <div class='ocr_carea' id='block_1_53' title="bbox 223 3386 1879 3462">
    <p class='ocr_par' dir='ltr' id='par_1_53' title="bbox 223 3386 1879 3462">
     <span class='ocr_line' id='line_1_53' title="bbox 223 3386 1879 3462; baseline 0.006 -21"><span class='ocrx_word' id='word_1_351' title='bbox 223 3386 659 3453; x_wconf 89' lang='lat' dir='ltr'>imbecillitatis,</span> <span class='ocrx_word' id='word_1_352' title='bbox 692 3405 870 3460; x_wconf 91' lang='lat' dir='ltr'>quam</span> <span class='ocrx_word' id='word_1_353' title='bbox 900 3390 1025 3462; x_wconf 91' lang='lat' dir='ltr'>ipse</span> <span class='ocrx_word' id='word_1_354' title='bbox 1058 3408 1160 3462; x_wconf 92' lang='lat' dir='ltr'>pro</span> <span class='ocrx_word' id='word_1_355' title='bbox 1190 3392 1376 3447; x_wconf 91' lang='lat' dir='ltr'>nimia</span> <span class='ocrx_word' id='word_1_356' title='bbox 1416 3393 1475 3447; x_wconf 91' lang='lat' dir='ltr'>in</span> <span class='ocrx_word' id='word_1_357' title='bbox 1510 3409 1604 3449; x_wconf 91' lang='lat' dir='ltr'>me</span> <span class='ocrx_word' id='word_1_358' title='bbox 1633 3395 1879 3451; x_wconf 86' lang='lat' dir='ltr'>benevo-</span> 
     </span>
    </p>
   </div>
   <div class='ocr_carea' id='block_1_54' title="bbox 222 3474 1878 3552">
    <p class='ocr_par' dir='ltr' id='par_1_54' title="bbox 222 3474 1878 3552">
     <span class='ocr_line' id='line_1_54' title="bbox 222 3474 1878 3552; baseline 0.007 -22"><span class='ocrx_word' id='word_1_359' title='bbox 222 3474 404 3531; x_wconf 89' lang='lat' dir='ltr'>lentia</span> <span class='ocrx_word' id='word_1_360' title='bbox 435 3492 549 3531; x_wconf 92' lang='lat' dir='ltr'>non</span> <span class='ocrx_word' id='word_1_361' title='bbox 582 3482 974 3548; x_wconf 80' lang='lat' dir='ltr'>persenserat,</span> <span class='ocrx_word' id='word_1_362' title='bbox 1005 3480 1219 3550; x_wconf 88' lang='lat' dir='ltr'>partim</span> <span class='ocrx_word' id='word_1_363' title='bbox 1253 3481 1445 3552; x_wconf 89' lang='lat' dir='ltr'>operis</span> <span class='ocrx_word' id='word_1_364' title='bbox 1479 3482 1728 3539; x_wconf 90' lang='lat' dir='ltr'>arduum</span> <span class='ocrx_word' id='word_1_365' title='bbox 1760 3501 1878 3541; x_wconf 88' lang='lat' dir='ltr'>me-</span> 
     </span>
    </p>
   </div>
   <div class='ocr_carea' id='block_1_55' title="bbox 224 3564 1879 3637">
    <p class='ocr_par' dir='ltr' id='par_1_55' title="bbox 224 3564 1879 3637">
     <span class='ocr_line' id='line_1_55' title="bbox 224 3564 1879 3637; baseline 0.005 -18"><span class='ocrx_word' id='word_1_366' title='bbox 224 3568 398 3620; x_wconf 90' lang='lat' dir='ltr'>tuens</span> <span class='ocrx_word' id='word_1_367' title='bbox 432 3564 794 3637; x_wconf 82' lang='lat' dir='ltr'>fugiensque,</span> <span class='ocrx_word' id='word_1_368' title='bbox 829 3570 1023 3622; x_wconf 90' lang='lat' dir='ltr'>mente</span> <span class='ocrx_word' id='word_1_369' title='bbox 1050 3572 1327 3625; x_wconf 66' lang='lat' dir='ltr'>caeterum</span> <span class='ocrx_word' id='word_1_370' title='bbox 1372 3570 1545 3625; x_wconf 93' lang='lat' dir='ltr'>rebus</span> <span class='ocrx_word' id='word_1_371' title='bbox 1578 3570 1707 3628; x_wconf 89' lang='lat' dir='ltr'>aliis</span> <span class='ocrx_word' id='word_1_372' title='bbox 1739 3577 1879 3629; x_wconf 89' lang='lat' dir='ltr'>tunc</span> 
     </span>
    </p>
   </div>
   <div class='ocr_carea' id='block_1_56' title="bbox 222 3652 1876 3732">
    <p class='ocr_par' dir='ltr' id='par_1_56' title="bbox 222 3652 1876 3732">
     <span class='ocr_line' id='line_1_56' title="bbox 222 3652 1876 3732; baseline 0.004 -24"><span class='ocrx_word' id='word_1_373' title='bbox 222 3652 508 3722; x_wconf 86' lang='lat' dir='ltr'>intentus,</span> <span class='ocrx_word' id='word_1_374' title='bbox 534 3670 910 3727; x_wconf 88' lang='lat' dir='ltr'>nequaquam</span> <span class='ocrx_word' id='word_1_375' title='bbox 938 3656 1097 3727; x_wconf 91' lang='lat' dir='ltr'>potui</span> <span class='ocrx_word' id='word_1_376' title='bbox 1123 3658 1395 3729; x_wconf 88' lang='lat' dir='ltr'>precibus</span> <span class='ocrx_word' id='word_1_377' title='bbox 1410 3659 1561 3714; x_wconf 85' lang='lat' dir='ltr'>flecti</span> <span class='ocrx_word' id='word_1_378' title='bbox 1588 3678 1600 3727; x_wconf 90' lang='lat'><strong>;</strong></span> <span class='ocrx_word' id='word_1_379' title='bbox 1636 3661 1733 3715; x_wconf 89' lang='lat' dir='ltr'>sed</span> <span class='ocrx_word' id='word_1_380' title='bbox 1750 3678 1876 3732; x_wconf 66' lang='lat' dir='ltr'>quae</span> 
     </span>
    </p>
   </div>
   <div class='ocr_carea' id='block_1_57' title="bbox 223 3740 1878 3819">
    <p class='ocr_par' dir='ltr' id='par_1_57' title="bbox 223 3740 1878 3819">
     <span class='ocr_line' id='line_1_57' title="bbox 223 3740 1878 3819; baseline 0.006 -24"><span class='ocrx_word' id='word_1_381' title='bbox 223 3740 403 3796; x_wconf 89' lang='lat' dir='ltr'>semel</span> <span class='ocrx_word' id='word_1_382' title='bbox 429 3759 848 3814; x_wconf 88' lang='lat' dir='ltr'>proposueram</span> <span class='ocrx_word' id='word_1_383' title='bbox 865 3744 1265 3817; x_wconf 85' lang='lat' dir='ltr'>consertisque</span> <span class='ocrx_word' id='word_1_384' title='bbox 1288 3747 1556 3801; x_wconf 89' lang='lat' dir='ltr'>tenebam</span> <span class='ocrx_word' id='word_1_385' title='bbox 1582 3750 1878 3819; x_wconf 88' lang='lat' dir='ltr'>manibus,</span> 
     </span>
    </p>
   </div>
   <div class='ocr_carea' id='block_1_58' title="bbox 222 3828 1879 3906">
    <p class='ocr_par' dir='ltr' id='par_1_58' title="bbox 222 3828 1879 3906">
     <span class='ocr_line' id='line_1_58' title="bbox 222 3828 1879 3906; baseline 0.005 -21"><span class='ocrx_word' id='word_1_386' title='bbox 222 3828 279 3885; x_wconf 91' lang='lat' dir='ltr'>in</span> <span class='ocrx_word' id='word_1_387' title='bbox 314 3830 405 3885; x_wconf 92' lang='lat' dir='ltr'>his</span> <span class='ocrx_word' id='word_1_388' title='bbox 439 3830 663 3903; x_wconf 89' lang='lat' dir='ltr'>perstiti</span> <span class='ocrx_word' id='word_1_389' title='bbox 696 3836 885 3887; x_wconf 85' lang='lat' dir='ltr'>tenax.</span> <span class='ocrx_word' id='word_1_390' title='bbox 922 3831 1046 3887; x_wconf 91' lang='lat' dir='ltr'>Illic</span> <span class='ocrx_word' id='word_1_391' title='bbox 1078 3833 1258 3906; x_wconf 87' lang='lat' dir='ltr'>igitur</span> <span class='ocrx_word' id='word_1_392' title='bbox 1289 3851 1405 3890; x_wconf 90' lang='lat' dir='ltr'>non</span> <span class='ocrx_word' id='word_1_393' title='bbox 1468 3836 1697 3893; x_wconf 90' lang='lat' dir='ltr'>modico</span> <span class='ocrx_word' id='word_1_394' title='bbox 1728 3842 1879 3893; x_wconf 83' lang='lat' dir='ltr'>tem-</span> 
     </span>
    </p>
   </div>
   <div class='ocr_carea' id='block_1_59' title="bbox 223 3922 1327 3997">
    <p class='ocr_par' dir='ltr' id='par_1_59' title="bbox 223 3922 1327 3997">
     <span class='ocr_line' id='line_1_59' title="bbox 223 3922 1327 3997; baseline 0.005 -23"><span class='ocrx_word' id='word_1_395' title='bbox 223 3936 360 3992; x_wconf 88' lang='lat' dir='ltr'>pore</span> <span class='ocrx_word' id='word_1_396' title='bbox 390 3925 686 3977; x_wconf 88' lang='lat' dir='ltr'>transacto</span> <span class='ocrx_word' id='word_1_397' title='bbox 716 3922 959 3977; x_wconf 90' lang='lat' dir='ltr'>domum</span> <span class='ocrx_word' id='word_1_398' title='bbox 991 3938 1082 3979; x_wconf 91' lang='lat' dir='ltr'>me</span> <span class='ocrx_word' id='word_1_399' title='bbox 1114 3924 1327 3997; x_wconf 90' lang='lat' dir='ltr'>recepi.</span> 
     </span>
    </p>
   </div>
   <div class='ocr_carea' id='block_1_60' title="bbox 295 4026 1879 4103">
    <p class='ocr_par' dir='ltr' id='par_1_60' title="bbox 295 4026 1879 4103">
     <span class='ocr_line' id='line_1_60' title="bbox 295 4026 1879 4103; baseline 0.004 -21"><span class='ocrx_word' id='word_1_400' title='bbox 295 4026 498 4083; x_wconf 91' lang='lat' dir='ltr'>Multis</span> <span class='ocrx_word' id='word_1_401' title='bbox 526 4031 728 4100; x_wconf 89' lang='lat' dir='ltr'>postea</span> <span class='ocrx_word' id='word_1_402' title='bbox 776 4028 1138 4103; x_wconf 88' lang='lat' dir='ltr'>diversisque</span> <span class='ocrx_word' id='word_1_403' title='bbox 1170 4046 1487 4102; x_wconf 86' lang='lat' dir='ltr'>percussus</span> <span class='ocrx_word' id='word_1_404' title='bbox 1516 4032 1879 4101; x_wconf 88' lang='lat' dir='ltr'>vulneribus,</span> 
     </span>
    </p>
   </div>
   <div class='ocr_carea' id='block_1_61' title="bbox 224 4114 1880 4193">
    <p class='ocr_par' dir='ltr' id='par_1_61' title="bbox 224 4114 1880 4193">
     <span class='ocr_line' id='line_1_61' title="bbox 224 4114 1880 4193; baseline 0.003 -22"><span class='ocrx_word' id='word_1_405' title='bbox 224 4114 404 4171; x_wconf 91' lang='lat' dir='ltr'>simul</span> <span class='ocrx_word' id='word_1_406' title='bbox 434 4119 498 4171; x_wconf 88' lang='lat' dir='ltr'>ut</span> <span class='ocrx_word' id='word_1_407' title='bbox 532 4116 939 4174; x_wconf 80' lang='lat' dir='ltr'>remissionem</span> <span class='ocrx_word' id='word_1_408' title='bbox 961 4120 1279 4193; x_wconf 87' lang='lat' dir='ltr'>quamdam</span> <span class='ocrx_word' id='word_1_409' title='bbox 1294 4124 1350 4176; x_wconf 92' lang='lat' dir='ltr'>et</span> <span class='ocrx_word' id='word_1_410' title='bbox 1369 4121 1555 4177; x_wconf 90' lang='lat' dir='ltr'>otium</span> <span class='ocrx_word' id='word_1_411' title='bbox 1575 4122 1880 4193; x_wconf 88' lang='lat' dir='ltr'>impetravi</span> 
     </span>
    </p>
   </div>
   <div class='ocr_carea' id='block_1_62' title="bbox 224 4202 1880 4280">
    <p class='ocr_par' dir='ltr' id='par_1_62' title="bbox 224 4202 1880 4280">
     <span class='ocr_line' id='line_1_62' title="bbox 224 4202 1880 4280; baseline 0.004 -20"><span class='ocrx_word' id='word_1_412' title='bbox 224 4222 258 4260; x_wconf 90' lang='lat' dir='ltr'>a</span> <span class='ocrx_word' id='word_1_413' title='bbox 288 4202 389 4260; x_wconf 91' lang='lat' dir='ltr'>Dei</span> <span class='ocrx_word' id='word_1_414' title='bbox 420 4203 747 4273; x_wconf 89' lang='lat' dir='ltr'>clementia,</span> <span class='ocrx_word' id='word_1_415' title='bbox 772 4206 964 4263; x_wconf 90' lang='lat' dir='ltr'>dimisi</span> <span class='ocrx_word' id='word_1_416' title='bbox 1008 4225 1135 4280; x_wconf 58' lang='lat' dir='ltr'>quas</span> <span class='ocrx_word' id='word_1_417' title='bbox 1168 4209 1312 4265; x_wconf 89' lang='lat' dir='ltr'>mihi</span> <span class='ocrx_word' id='word_1_418' title='bbox 1345 4210 1663 4275; x_wconf 79' lang='lat' dir='ltr'>amoeniore</span> <span class='ocrx_word' id='word_1_419' title='bbox 1712 4217 1880 4267; x_wconf 88' lang='lat' dir='ltr'>erant</span> 
     </span>
    </p>
   </div>
   <div class='ocr_carea' id='block_1_63' title="bbox 226 4294 1878 4369">
    <p class='ocr_par' dir='ltr' id='par_1_63' title="bbox 226 4294 1878 4369">
     <span class='ocr_line' id='line_1_63' title="bbox 226 4294 1878 4369; baseline 0.004 -20"><span class='ocrx_word' id='word_1_420' title='bbox 226 4297 283 4349; x_wconf 88' lang='lat' dir='ltr'>et</span> <span class='ocrx_word' id='word_1_421' title='bbox 337 4294 672 4350; x_wconf 89' lang='lat' dir='ltr'>arridebant</span> <span class='ocrx_word' id='word_1_422' title='bbox 702 4295 912 4366; x_wconf 79' lang='lat' dir='ltr'>magis,</span> <span class='ocrx_word' id='word_1_423' title='bbox 945 4298 1017 4352; x_wconf 91' lang='lat' dir='ltr'>ad</span> <span class='ocrx_word' id='word_1_424' title='bbox 1048 4314 1196 4369; x_wconf 88' lang='lat' dir='ltr'>opus</span> <span class='ocrx_word' id='word_1_425' title='bbox 1229 4304 1442 4353; x_wconf 90' lang='lat' dir='ltr'>memet</span> <span class='ocrx_word' id='word_1_426' title='bbox 1474 4300 1703 4354; x_wconf 88' lang='lat' dir='ltr'>admovi</span> <span class='ocrx_word' id='word_1_427' title='bbox 1736 4301 1878 4355; x_wconf 80' lang='lat' dir='ltr'>defi-</span> 
     </span>
    </p>
   </div>
   <div class='ocr_carea' id='block_1_64' title="bbox 226 4381 1879 4456">
    <p class='ocr_par' dir='ltr' id='par_1_64' title="bbox 226 4381 1879 4456">
     <span class='ocr_line' id='line_1_64' title="bbox 226 4381 1879 4456; baseline 0.005 -18"><span class='ocrx_word' id='word_1_428' title='bbox 226 4381 413 4438; x_wconf 86' lang='lat' dir='ltr'>ciente</span> <span class='ocrx_word' id='word_1_429' title='bbox 445 4381 670 4438; x_wconf 91' lang='lat' dir='ltr'>meliori</span> <span class='ocrx_word' id='word_1_430' title='bbox 703 4384 1059 4456; x_wconf 88' lang='lat' dir='ltr'>interprete,,</span> <span class='ocrx_word' id='word_1_431' title='bbox 1092 4391 1150 4441; x_wconf 92' lang='lat' dir='ltr'>et</span> <span class='ocrx_word' id='word_1_432' title='bbox 1204 4386 1262 4441; x_wconf 91' lang='lat' dir='ltr'>in</span> <span class='ocrx_word' id='word_1_433' title='bbox 1296 4386 1438 4442; x_wconf 93' lang='lat' dir='ltr'>illud</span> <span class='ocrx_word' id='word_1_434' title='bbox 1482 4405 1717 4443; x_wconf 90' lang='lat' dir='ltr'>summa</span> <span class='ocrx_word' id='word_1_435' title='bbox 1746 4407 1879 4446; x_wconf 89' lang='lat' dir='ltr'>cum</span> 
     </span>
    </p>
   </div>
   <div class='ocr_carea' id='block_1_65' title="bbox 227 4470 1882 4550">
    <p class='ocr_par' dir='ltr' id='par_1_65' title="bbox 227 4470 1882 4550">
     <span class='ocr_line' id='line_1_65' title="bbox 227 4470 1882 4550; baseline 0.004 -23"><span class='ocrx_word' id='word_1_436' title='bbox 227 4470 525 4527; x_wconf 89' lang='lat' dir='ltr'>alacritate</span> <span class='ocrx_word' id='word_1_437' title='bbox 559 4476 615 4528; x_wconf 87' lang='lat' dir='ltr'>et</span> <span class='ocrx_word' id='word_1_438' title='bbox 646 4472 948 4546; x_wconf 88' lang='lat' dir='ltr'>diligentia</span> <span class='ocrx_word' id='word_1_439' title='bbox 970 4473 1230 4530; x_wconf 88' lang='lat' dir='ltr'>incubui.</span> <span class='ocrx_word' id='word_1_440' title='bbox 1255 4476 1364 4531; x_wconf 91' lang='lat' dir='ltr'>Sed</span> <span class='ocrx_word' id='word_1_441' title='bbox 1397 4493 1513 4532; x_wconf 90' lang='lat' dir='ltr'>non</span> <span class='ocrx_word' id='word_1_442' title='bbox 1546 4476 1728 4533; x_wconf 90' lang='lat' dir='ltr'>multo</span> <span class='ocrx_word' id='word_1_443' title='bbox 1751 4484 1882 4550; x_wconf 90' lang='lat' dir='ltr'>post</span> 
     </span>
    </p>
   </div>
   <div class='ocr_carea' id='block_1_66' title="bbox 1990 1876 3650 1954">
    <p class='ocr_par' dir='ltr' id='par_1_66' title="bbox 1990 1876 3650 1954">
     <span class='ocr_line' id='line_1_66' title="bbox 1990 1876 3650 1954; baseline -0.001 -19"><span class='ocrx_word' id='word_1_444' title='bbox 1990 1880 2040 1935; x_wconf 87' lang='grc' dir='ltr'>ἐν</span> <span class='ocrx_word' id='word_1_445' title='bbox 2074 1887 2201 1935; x_wconf 80' lang='grc' dir='ltr'>πᾶσι</span> <span class='ocrx_word' id='word_1_446' title='bbox 2239 1881 2334 1953; x_wconf 73' lang='grc' dir='ltr'>μὲν</span> <span class='ocrx_word' id='word_1_447' title='bbox 2368 1879 2561 1941; x_wconf 78' lang='grc' dir='ltr'>ἄλλοις</span> <span class='ocrx_word' id='word_1_448' title='bbox 2598 1884 2716 1941; x_wconf 82' lang='grc' dir='ltr'>τοῖς</span> <span class='ocrx_word' id='word_1_449' title='bbox 2747 1878 2833 1933; x_wconf 79' lang='grc' dir='ltr'>ἐπὶ</span> <span class='ocrx_word' id='word_1_450' title='bbox 2868 1878 3047 1954; x_wconf 88' lang='grc' dir='ltr'>λόγων</span> <span class='ocrx_word' id='word_1_451' title='bbox 3091 1876 3310 1949; x_wconf 79' lang='grc' dir='ltr'>δυνάμει</span> <span class='ocrx_word' id='word_1_452' title='bbox 3367 1878 3457 1932; x_wconf 84' lang='grc' dir='ltr'>καὶ</span> <span class='ocrx_word' id='word_1_453' title='bbox 3508 1877 3650 1933; x_wconf 84' lang='grc' dir='ltr'>καλ-</span> 
     </span>
    </p>
   </div>
   <div class='ocr_carea' id='block_1_67' title="bbox 1992 1964 3648 2047">
    <p class='ocr_par' dir='ltr' id='par_1_67' title="bbox 1992 1964 3648 2047">
     <span class='ocr_line' id='line_1_67' title="bbox 1992 1964 3648 2047; baseline -0.004 -22"><span class='ocrx_word' id='word_1_454' title='bbox 1992 1968 2229 2047; x_wconf 71' lang='grc' dir='ltr'>λιφωνία</span> <span class='ocrx_word' id='word_1_455' title='bbox 2294 1966 2699 2039; x_wconf 75' lang='grc' dir='ltr'>εὐδοκιμοῦσιν,</span> <span class='ocrx_word' id='word_1_456' title='bbox 2750 1966 3032 2042; x_wconf 75' lang='grc' dir='ltr'>ἐξαιρέτως</span> <span class='ocrx_word' id='word_1_457' title='bbox 3084 1964 3142 2021; x_wconf 71' lang='grc' dir='ltr'>δὲ</span> <span class='ocrx_word' id='word_1_458' title='bbox 3190 1966 3239 2021; x_wconf 87' lang='grc' dir='ltr'>ἐν</span> <span class='ocrx_word' id='word_1_459' title='bbox 3293 1965 3371 2039; x_wconf 79' lang='grc' dir='ltr'>τῷ</span> <span class='ocrx_word' id='word_1_460' title='bbox 3421 1971 3648 2035; x_wconf 85' lang='grc' dir='ltr'>Ναζιαν-</span> 
     </span>
    </p>
   </div>
   <div class='ocr_carea' id='block_1_68' title="bbox 1994 2052 3647 2133">
    <p class='ocr_par' dir='ltr' id='par_1_68' title="bbox 1994 2052 3647 2133">
     <span class='ocr_line' id='line_1_68' title="bbox 1994 2052 3647 2133; baseline 0.007 -36"><span class='ocrx_word' id='word_1_461' title='bbox 1994 2063 2135 2131; x_wconf 74' lang='grc' dir='ltr'>ζηνῷ</span> <span class='ocrx_word' id='word_1_462' title='bbox 2167 2057 2475 2133; x_wconf 83' lang='grc' dir='ltr'>Γρηγορίῳ,</span> <span class='ocrx_word' id='word_1_463' title='bbox 2511 2054 2572 2110; x_wconf 82' lang='grc' dir='ltr'>οῦ</span> <span class='ocrx_word' id='word_1_464' title='bbox 2602 2058 2703 2125; x_wconf 73' lang='grc' dir='ltr'>τὴν</span> <span class='ocrx_word' id='word_1_465' title='bbox 2733 2056 2855 2132; x_wconf 80' lang='grc' dir='ltr'>περὶ</span> <span class='ocrx_word' id='word_1_466' title='bbox 2888 2057 2948 2110; x_wconf 87' lang='grc' dir='ltr'>τὸ</span> <span class='ocrx_word' id='word_1_467' title='bbox 3000 2054 3177 2130; x_wconf 76' lang='grc' dir='ltr'>λέγειν</span> <span class='ocrx_word' id='word_1_468' title='bbox 3229 2052 3513 2124; x_wconf 82' lang='grc' dir='ltr'>δεινότητα</span> <span class='ocrx_word' id='word_1_469' title='bbox 3555 2056 3647 2109; x_wconf 82' lang='grc' dir='ltr'>καὶ</span> 
     </span>
    </p>
   </div>
   <div class='ocr_carea' id='block_1_69' title="bbox 1991 2143 3648 2223">
    <p class='ocr_par' dir='ltr' id='par_1_69' title="bbox 1991 2143 3648 2223">
     <span class='ocr_line' id='line_1_69' title="bbox 1991 2143 3648 2223; baseline -0.004 -22"><span class='ocrx_word' id='word_1_470' title='bbox 1991 2146 2293 2222; x_wconf 78' lang='grc' dir='ltr'>ὐψηγορίαν</span> <span class='ocrx_word' id='word_1_471' title='bbox 2345 2144 2710 2223; x_wconf 75' lang='grc' dir='ltr'>διαφερόντως</span> <span class='ocrx_word' id='word_1_472' title='bbox 2759 2143 3078 2219; x_wconf 87' lang='grc' dir='ltr'>ἐθαύμαζεν.</span> <span class='ocrx_word' id='word_1_473' title='bbox 3130 2143 3207 2201; x_wconf 90' lang='grc' dir='ltr'>Οὐ</span> <span class='ocrx_word' id='word_1_474' title='bbox 3282 2144 3387 2217; x_wconf 77' lang='grc' dir='ltr'>μὴν</span> <span class='ocrx_word' id='word_1_475' title='bbox 3442 2144 3648 2217; x_wconf 80' lang='grc' dir='ltr'>ἀμιγὴς</span> 
     </span>
    </p>
   </div>
   <div class='ocr_carea' id='block_1_70' title="bbox 1990 2232 3647 2306">
    <p class='ocr_par' dir='ltr' id='par_1_70' title="bbox 1990 2232 3647 2306">
     <span class='ocr_line' id='line_1_70' title="bbox 1990 2232 3647 2306; baseline -0.002 -16"><span class='ocrx_word' id='word_1_476' title='bbox 1990 2233 2183 2306; x_wconf 86' lang='grc' dir='ltr'>ἀηδίας</span> <span class='ocrx_word' id='word_1_477' title='bbox 2230 2234 2508 2296; x_wconf 78' lang='grc' dir='ltr'>παντελῶς</span> <span class='ocrx_word' id='word_1_478' title='bbox 2556 2235 2622 2303; x_wconf 79' lang='grc' dir='ltr'>ἦν</span> <span class='ocrx_word' id='word_1_479' title='bbox 2669 2233 2815 2305; x_wconf 84' lang='grc' dir='ltr'>αὐτῷ</span> <span class='ocrx_word' id='word_1_480' title='bbox 2863 2238 2969 2288; x_wconf 85' lang='grc' dir='ltr'>τῶν</span> <span class='ocrx_word' id='word_1_481' title='bbox 3022 2233 3219 2288; x_wconf 89' lang='grc' dir='ltr'>τούτου</span> <span class='ocrx_word' id='word_1_482' title='bbox 3262 2232 3647 2306; x_wconf 79' lang='grc' dir='ltr'>συνταγμάτων</span> 
     </span>
    </p>
   </div>
   <div class='ocr_carea' id='block_1_71' title="bbox 1990 2320 3648 2401">
    <p class='ocr_par' dir='ltr' id='par_1_71' title="bbox 1990 2320 3648 2401">
     <span class='ocr_line' id='line_1_71' title="bbox 1990 2320 3648 2401; baseline -0.002 -22"><span class='ocrx_word' id='word_1_483' title='bbox 1990 2328 2025 2396; x_wconf 77' lang='grc' dir='ltr'><strong>ἡ</strong></span> <span class='ocrx_word' id='word_1_484' title='bbox 2076 2324 2396 2401; x_wconf 87' lang='grc' dir='ltr'>ἀνάγνωσις.</span> <span class='ocrx_word' id='word_1_485' title='bbox 2446 2323 2668 2379; x_wconf 78' lang='grc' dir='ltr'>Ἑλύπει</span> <span class='ocrx_word' id='word_1_486' title='bbox 2715 2322 2816 2399; x_wconf 78' lang='grc' dir='ltr'>γὰρ</span> <span class='ocrx_word' id='word_1_487' title='bbox 2864 2322 3020 2377; x_wconf 86' lang='grc' dir='ltr'>αὐτὸν</span> <span class='ocrx_word' id='word_1_488' title='bbox 3055 2322 3116 2377; x_wconf 90' lang='grc' dir='ltr'>οὐ</span> <span class='ocrx_word' id='word_1_489' title='bbox 3149 2320 3382 2395; x_wconf 87' lang='grc' dir='ltr'>μετρίως</span> <span class='ocrx_word' id='word_1_490' title='bbox 3415 2324 3449 2391; x_wconf 73' lang='grc' dir='ltr'>ἠ</span> <span class='ocrx_word' id='word_1_491' title='bbox 3488 2321 3648 2395; x_wconf 86' lang='grc' dir='ltr'>μετά-</span> 
     </span>
    </p>
   </div>
   <div class='ocr_carea' id='block_1_72' title="bbox 1992 2408 3651 2492">
    <p class='ocr_par' dir='ltr' id='par_1_72' title="bbox 1992 2408 3651 2492">
     <span class='ocr_line' id='line_1_72' title="bbox 1992 2408 3651 2492; baseline -0.003 -23"><span class='ocrx_word' id='word_1_492' title='bbox 1992 2434 2181 2492; x_wconf 88' lang='grc' dir='ltr'>φρασις</span> <span class='ocrx_word' id='word_1_493' title='bbox 2256 2413 2511 2492; x_wconf 82' lang='grc' dir='ltr'>ἀσαφείας</span> <span class='ocrx_word' id='word_1_494' title='bbox 2590 2411 2875 2474; x_wconf 87' lang='grc' dir='ltr'>ἀνάπλεως</span> <span class='ocrx_word' id='word_1_495' title='bbox 2946 2408 3096 2481; x_wconf 83' lang='grc' dir='ltr'>οῦσα,</span> <span class='ocrx_word' id='word_1_496' title='bbox 3138 2410 3226 2465; x_wconf 85' lang='grc' dir='ltr'>καὶ</span> <span class='ocrx_word' id='word_1_497' title='bbox 3288 2410 3337 2465; x_wconf 87' lang='grc' dir='ltr'>ἐν</span> <span class='ocrx_word' id='word_1_498' title='bbox 3410 2408 3651 2473; x_wconf 83' lang='grc' dir='ltr'>πολλοῖς</span> 
     </span>
    </p>
   </div>
   <div class='ocr_carea' id='block_1_73' title="bbox 1990 2497 3649 2581">
    <p class='ocr_par' dir='ltr' id='par_1_73' title="bbox 1990 2497 3649 2581">
     <span class='ocr_line' id='line_1_73' title="bbox 1990 2497 3649 2581; baseline -0.004 -23"><span class='ocrx_word' id='word_1_499' title='bbox 1990 2502 2328 2581; x_wconf 85' lang='grc' dir='ltr'>ἐσφαλμένη,</span> <span class='ocrx_word' id='word_1_500' title='bbox 2358 2501 2586 2580; x_wconf 88' lang='grc' dir='ltr'>νεφέλης</span> <span class='ocrx_word' id='word_1_501' title='bbox 2614 2502 2759 2562; x_wconf 86' lang='grc' dir='ltr'>τινὸς</span> <span class='ocrx_word' id='word_1_502' title='bbox 2800 2498 2953 2570; x_wconf 87' lang='grc' dir='ltr'>δίκην</span> <span class='ocrx_word' id='word_1_503' title='bbox 3001 2499 3441 2574; x_wconf 83' lang='grc' dir='ltr'>ἐλλογιμωτάτῳ</span> <span class='ocrx_word' id='word_1_504' title='bbox 3488 2497 3649 2573; x_wconf 87' lang='grc' dir='ltr'>ἀνδρὶ</span> 
     </span>
    </p>
   </div>
   <div class='ocr_carea' id='block_1_74' title="bbox 1991 2588 3648 2668">
    <p class='ocr_par' dir='ltr' id='par_1_74' title="bbox 1991 2588 3648 2668">
     <span class='ocr_line' id='line_1_74' title="bbox 1991 2588 3648 2668; baseline -0.004 -21"><span class='ocrx_word' id='word_1_505' title='bbox 1991 2592 2415 2668; x_wconf 84' lang='grc' dir='ltr'>ἐπιπροσθοῦσα,</span> <span class='ocrx_word' id='word_1_506' title='bbox 2445 2591 2534 2645; x_wconf 85' lang='grc' dir='ltr'>καὶ</span> <span class='ocrx_word' id='word_1_507' title='bbox 2595 2589 2723 2665; x_wconf 84' lang='grc' dir='ltr'>οὐχὶ</span> <span class='ocrx_word' id='word_1_508' title='bbox 2780 2592 2879 2659; x_wconf 81' lang='grc' dir='ltr'>τὴν</span> <span class='ocrx_word' id='word_1_509' title='bbox 2944 2588 3185 2643; x_wconf 73' lang='grc' dir='ltr'>εὐέπειαν</span> <span class='ocrx_word' id='word_1_510' title='bbox 3237 2588 3401 2642; x_wconf 88' lang='grc' dir='ltr'>αὐτοῦ</span> <span class='ocrx_word' id='word_1_511' title='bbox 3454 2588 3648 2661; x_wconf 81' lang='grc' dir='ltr'>μόνον,</span> 
     </span>
    </p>
   </div>
   <div class='ocr_carea' id='block_1_75' title="bbox 1990 2674 3639 2755">
    <p class='ocr_par' dir='ltr' id='par_1_75' title="bbox 1990 2674 3639 2755">
     <span class='ocr_line' id='line_1_75' title="bbox 1990 2674 3639 2755; baseline -0.002 -20"><span class='ocrx_word' id='word_1_512' title='bbox 1990 2679 2136 2737; x_wconf 89' lang='grc' dir='ltr'>ἀλλά</span> <span class='ocrx_word' id='word_1_513' title='bbox 2166 2679 2252 2735; x_wconf 73' lang='grc' dir='ltr'>καί</span> <span class='ocrx_word' id='word_1_514' title='bbox 2283 2680 2372 2734; x_wconf 86' lang='grc' dir='ltr'>τὸν</span> <span class='ocrx_word' id='word_1_515' title='bbox 2405 2685 2527 2734; x_wconf 89' lang='grc' dir='ltr'>νοῦν</span> <span class='ocrx_word' id='word_1_516' title='bbox 2573 2684 2681 2734; x_wconf 89' lang='grc' dir='ltr'>τῶν</span> <span class='ocrx_word' id='word_1_517' title='bbox 2731 2677 3121 2755; x_wconf 74' lang='grc' dir='ltr'>γεγραμμένων</span> <span class='ocrx_word' id='word_1_518' title='bbox 3169 2674 3639 2752; x_wconf 85' lang='grc' dir='ltr'>συγκαλύπτουσα.</span> 
     </span>
    </p>
   </div>
   <div class='ocr_carea' id='block_1_76' title="bbox 1991 2760 3638 2845">
    <p class='ocr_par' dir='ltr' id='par_1_76' title="bbox 1991 2760 3638 2845">
     <span class='ocr_line' id='line_1_76' title="bbox 2061 2760 3534 2789; baseline -0.002 -2"><span class='ocrx_word' id='word_1_519' title='bbox 2061 2770 2073 2787; x_wconf 84' lang='lat'><strong><em>\</em></strong></span> <span class='ocrx_word' id='word_1_520' title='bbox 2203 2770 2217 2789; x_wconf 82' lang='lat'><strong><em>\</em></strong></span> <span class='ocrx_word' id='word_1_521' title='bbox 2516 2773 2539 2783; x_wconf 63' lang='grc' dir='ltr'>ει</span> <span class='ocrx_word' id='word_1_522' title='bbox 2848 2767 2864 2785; x_wconf 57' lang='grc' dir='ltr'>κ</span> <span class='ocrx_word' id='word_1_523' title='bbox 3031 2764 3045 2785; x_wconf 79' lang='lat'><em>\</em></span> <span class='ocrx_word' id='word_1_524' title='bbox 3137 2764 3150 2785; x_wconf 64' lang='grc' dir='ltr'>ν</span> <span class='ocrx_word' id='word_1_525' title='bbox 3354 2766 3367 2783; x_wconf 78' lang='lat'><strong><em>\</em></strong></span> <span class='ocrx_word' id='word_1_526' title='bbox 3505 2760 3534 2784; x_wconf 74' lang='grc' dir='ltr'><strong><em>ρ</em></strong></span> 
     </span>
     <span class='ocr_line' id='line_1_77' title="bbox 1991 2762 3638 2845; baseline -0.004 -21"><span class='ocrx_word' id='word_1_527' title='bbox 1991 2777 2083 2825; x_wconf 91' lang='grc' dir='ltr'>Διο</span> <span class='ocrx_word' id='word_1_528' title='bbox 2130 2791 2219 2824; x_wconf 86' lang='grc' dir='ltr'>και</span> <span class='ocrx_word' id='word_1_529' title='bbox 2268 2770 2603 2845; x_wconf 87' lang='grc' dir='ltr'>ἀγανακτων,</span> <span class='ocrx_word' id='word_1_530' title='bbox 2632 2768 2763 2822; x_wconf 71' lang='grc' dir='ltr'>ποτὶ</span> <span class='ocrx_word' id='word_1_531' title='bbox 2810 2788 2903 2839; x_wconf 91' lang='grc' dir='ltr'>μεν</span> <span class='ocrx_word' id='word_1_532' title='bbox 2956 2787 3043 2820; x_wconf 86' lang='grc' dir='ltr'>και</span> <span class='ocrx_word' id='word_1_533' title='bbox 3094 2766 3261 2834; x_wconf 76' lang='grc' dir='ltr'>αυτὴν</span> <span class='ocrx_word' id='word_1_534' title='bbox 3307 2786 3406 2834; x_wconf 87' lang='grc' dir='ltr'>την</span> <span class='ocrx_word' id='word_1_535' title='bbox 3446 2762 3638 2839; x_wconf 85' lang='grc' dir='ltr'>βίολον</span> 
     </span>
    </p>
   </div>
   <div class='ocr_carea' id='block_1_77' title="bbox 1990 2853 3641 2937">
    <p class='ocr_par' dir='ltr' id='par_1_77' title="bbox 1990 2853 3641 2937">
     <span class='ocr_line' id='line_1_78' title="bbox 1990 2853 3641 2937; baseline -0.004 -23"><span class='ocrx_word' id='word_1_536' title='bbox 1990 2860 2067 2922; x_wconf 83' lang='grc' dir='ltr'>εἰς</span> <span class='ocrx_word' id='word_1_537' title='bbox 2094 2856 2365 2937; x_wconf 73' lang='grc' dir='ltr'>τοῦδαφος</span> <span class='ocrx_word' id='word_1_538' title='bbox 2413 2858 2765 2935; x_wconf 72' lang='grc' dir='ltr'>ἀπεῤῥιπτεν,</span> <span class='ocrx_word' id='word_1_539' title='bbox 2798 2856 2935 2911; x_wconf 81' lang='grc' dir='ltr'>ποτὶ</span> <span class='ocrx_word' id='word_1_540' title='bbox 2991 2853 3048 2910; x_wconf 78' lang='grc' dir='ltr'>δὲ</span> <span class='ocrx_word' id='word_1_541' title='bbox 3110 2876 3177 2928; x_wconf 92' lang='grc' dir='ltr'>με</span> <span class='ocrx_word' id='word_1_542' title='bbox 3230 2856 3297 2909; x_wconf 83' lang='grc' dir='ltr'>τά</span> <span class='ocrx_word' id='word_1_543' title='bbox 3354 2858 3641 2916; x_wconf 80' lang='grc' dir='ltr'>σκοτεινῶς</span> 
     </span>
    </p>
   </div>
   <div class='ocr_carea' id='block_1_78' title="bbox 1990 2940 3638 3023">
    <p class='ocr_par' dir='ltr' id='par_1_78' title="bbox 1990 2940 3638 3023">
     <span class='ocr_line' id='line_1_79' title="bbox 1990 2940 3638 3023; baseline -0.005 -21"><span class='ocrx_word' id='word_1_544' title='bbox 1990 2947 2133 3023; x_wconf 78' lang='grc' dir='ltr'>ἔχειν</span> <span class='ocrx_word' id='word_1_545' title='bbox 2186 2945 2444 3003; x_wconf 85' lang='grc' dir='ltr'>δοκοῦντα</span> <span class='ocrx_word' id='word_1_546' title='bbox 2490 2947 2827 3023; x_wconf 86' lang='grc' dir='ltr'>τρανώτερον</span> <span class='ocrx_word' id='word_1_547' title='bbox 2877 2944 3177 3020; x_wconf 80' lang='grc' dir='ltr'>ἐξηγεῖσθαι</span> <span class='ocrx_word' id='word_1_548' title='bbox 3227 2941 3316 2997; x_wconf 79' lang='grc' dir='ltr'>καί</span> <span class='ocrx_word' id='word_1_549' title='bbox 3372 2940 3638 3018; x_wconf 88' lang='grc' dir='ltr'>διασαφη-</span> 
     </span>
    </p>
   </div>
   <div class='ocr_carea' id='block_1_79' title="bbox 1987 3031 3643 3109">
    <p class='ocr_par' dir='ltr' id='par_1_79' title="bbox 1987 3031 3643 3109">
     <span class='ocr_line' id='line_1_80' title="bbox 1987 3031 3643 3109; baseline -0.004 -19"><span class='ocrx_word' id='word_1_550' title='bbox 1987 3036 2148 3106; x_wconf 84' lang='grc' dir='ltr'>νίζειν</span> <span class='ocrx_word' id='word_1_551' title='bbox 2200 3035 2437 3092; x_wconf 79' lang='grc' dir='ltr'>ἐκέλευεο</span> <span class='ocrx_word' id='word_1_552' title='bbox 2483 3034 2641 3097; x_wconf 92' lang='grc' dir='ltr'>τέλος</span> <span class='ocrx_word' id='word_1_553' title='bbox 2686 3032 2743 3088; x_wconf 65' lang='grc' dir='ltr'>δὲ</span> <span class='ocrx_word' id='word_1_554' title='bbox 2792 3033 2881 3088; x_wconf 75' lang='grc' dir='ltr'>καὶ</span> <span class='ocrx_word' id='word_1_555' title='bbox 2932 3033 3070 3109; x_wconf 85' lang='grc' dir='ltr'>πρὸς</span> <span class='ocrx_word' id='word_1_556' title='bbox 3123 3031 3259 3102; x_wconf 77' lang='grc' dir='ltr'>ὅλην</span> <span class='ocrx_word' id='word_1_557' title='bbox 3306 3032 3403 3101; x_wconf 77' lang='grc' dir='ltr'>τὴν</span> <span class='ocrx_word' id='word_1_558' title='bbox 3479 3032 3643 3103; x_wconf 85' lang='grc' dir='ltr'>μετά-</span> 
     </span>
    </p>
   </div>
   <div class='ocr_carea' id='block_1_80' title="bbox 1989 3117 3641 3204">
    <p class='ocr_par' dir='ltr' id='par_1_80' title="bbox 1989 3117 3641 3204">
     <span class='ocr_line' id='line_1_81' title="bbox 1989 3117 3641 3204; baseline -0.004 -24"><span class='ocrx_word' id='word_1_559' title='bbox 1989 3146 2180 3204; x_wconf 90' lang='grc' dir='ltr'>φρασιν</span> <span class='ocrx_word' id='word_1_560' title='bbox 2244 3122 2594 3200; x_wconf 82' lang='grc' dir='ltr'>δυσχεράνας,</span> <span class='ocrx_word' id='word_1_561' title='bbox 2655 3120 2949 3199; x_wconf 77' lang='grc' dir='ltr'>παρεκάλει</span> <span class='ocrx_word' id='word_1_562' title='bbox 3015 3142 3082 3195; x_wconf 88' lang='grc' dir='ltr'>με</span> <span class='ocrx_word' id='word_1_563' title='bbox 3150 3124 3312 3196; x_wconf 86' lang='grc' dir='ltr'>χεῖρα</span> <span class='ocrx_word' id='word_1_564' title='bbox 3391 3117 3641 3191; x_wconf 88' lang='grc' dir='ltr'>δευτέραν</span> 
     </span>
    </p>
   </div>
   <div class='ocr_carea' id='block_1_81' title="bbox 1989 3207 3646 3289">
    <p class='ocr_par' dir='ltr' id='par_1_81' title="bbox 1989 3207 3646 3289">
     <span class='ocr_line' id='line_1_82' title="bbox 1989 3207 3646 3289; baseline -0.002 -20"><span class='ocrx_word' id='word_1_565' title='bbox 1989 3213 2205 3289; x_wconf 76' lang='grc' dir='ltr'>ἐπάγειν</span> <span class='ocrx_word' id='word_1_566' title='bbox 2259 3218 2337 3285; x_wconf 82' lang='grc' dir='ltr'>τῷ</span> <span class='ocrx_word' id='word_1_567' title='bbox 2400 3211 2709 3289; x_wconf 83' lang='grc' dir='ltr'>Γρηγορῖῳ,</span> <span class='ocrx_word' id='word_1_568' title='bbox 2758 3211 2849 3266; x_wconf 89' lang='grc' dir='ltr'>καὶ</span> <span class='ocrx_word' id='word_1_569' title='bbox 2906 3216 3004 3265; x_wconf 89' lang='grc' dir='ltr'>τοῦ</span> <span class='ocrx_word' id='word_1_570' title='bbox 3069 3213 3226 3283; x_wconf 84' lang='grc' dir='ltr'>κοινῇ</span> <span class='ocrx_word' id='word_1_571' title='bbox 3278 3207 3646 3286; x_wconf 69' lang='grc' dir='ltr'>συμφέροντος</span> 
     </span>
    </p>
   </div>
   <div class='ocr_carea' id='block_1_82' title="bbox 1990 3294 3645 3378">
    <p class='ocr_par' dir='ltr' id='par_1_82' title="bbox 1990 3294 3645 3378">
     <span class='ocr_line' id='line_1_83' title="bbox 1990 3294 3645 3378; baseline -0.005 -21"><span class='ocrx_word' id='word_1_572' title='bbox 1990 3304 2153 3378; x_wconf 82' lang='grc' dir='ltr'>χάριν</span> <span class='ocrx_word' id='word_1_573' title='bbox 2201 3300 2326 3356; x_wconf 83' lang='grc' dir='ltr'>τόδε</span> <span class='ocrx_word' id='word_1_574' title='bbox 2374 3303 2434 3356; x_wconf 90' lang='grc' dir='ltr'>τὸ</span> <span class='ocrx_word' id='word_1_575' title='bbox 2482 3301 2651 3377; x_wconf 79' lang='grc' dir='ltr'>ἄχθος</span> <span class='ocrx_word' id='word_1_576' title='bbox 2706 3300 2787 3354; x_wconf 77' lang='grc' dir='ltr'>ἐπ’</span> <span class='ocrx_word' id='word_1_577' title='bbox 2818 3294 2959 3372; x_wconf 82' lang='grc' dir='ltr'>ὤμῳ</span> <span class='ocrx_word' id='word_1_578' title='bbox 3002 3299 3250 3369; x_wconf 81' lang='grc' dir='ltr'>ἄρασθαι.</span> <span class='ocrx_word' id='word_1_579' title='bbox 3281 3297 3423 3372; x_wconf 83' lang='grc' dir='ltr'>Ἐγὼ</span> <span class='ocrx_word' id='word_1_580' title='bbox 3456 3294 3533 3365; x_wconf 76' lang='grc' dir='ltr'>δέ,</span> <span class='ocrx_word' id='word_1_581' title='bbox 3568 3296 3645 3364; x_wconf 83' lang='grc' dir='ltr'><strong>πή</strong></span> 
     </span>
    </p>
   </div>
   <div class='ocr_carea' id='block_1_83' title="bbox 1996 3382 3649 3465">
    <p class='ocr_par' dir='ltr' id='par_1_83' title="bbox 1996 3382 3649 3465">
     <span class='ocr_line' id='line_1_84' title="bbox 1996 3382 3649 3465; baseline -0.004 -19"><span class='ocrx_word' id='word_1_582' title='bbox 1996 3393 2090 3465; x_wconf 77' lang='grc' dir='ltr'>μὶν</span> <span class='ocrx_word' id='word_1_583' title='bbox 2123 3389 2261 3465; x_wconf 77' lang='grc' dir='ltr'>πρός</span> <span class='ocrx_word' id='word_1_584' title='bbox 2292 3392 2390 3460; x_wconf 78' lang='grc' dir='ltr'>τήν</span> <span class='ocrx_word' id='word_1_585' title='bbox 2425 3390 2563 3463; x_wconf 85' lang='grc' dir='ltr'>ἐμὴν</span> <span class='ocrx_word' id='word_1_586' title='bbox 2612 3389 2882 3453; x_wconf 86' lang='grc' dir='ltr'>ἀσθένειαν</span> <span class='ocrx_word' id='word_1_587' title='bbox 2932 3388 3173 3464; x_wconf 87' lang='grc' dir='ltr'>ἀφορῶν,</span> <span class='ocrx_word' id='word_1_588' title='bbox 3224 3387 3284 3455; x_wconf 81' lang='grc' dir='ltr'>ἢν</span> <span class='ocrx_word' id='word_1_589' title='bbox 3337 3385 3520 3454; x_wconf 88' lang='grc' dir='ltr'>αὐτὸς,</span> <span class='ocrx_word' id='word_1_590' title='bbox 3555 3382 3649 3439; x_wconf 81' lang='grc' dir='ltr'>διὰ</span> 
     </span>
    </p>
   </div>
   <div class='ocr_carea' id='block_1_84' title="bbox 1990 3471 3651 3557">
    <p class='ocr_par' dir='ltr' id='par_1_84' title="bbox 1990 3471 3651 3557">
     <span class='ocr_line' id='line_1_85' title="bbox 1990 3471 3651 3557; baseline -0.005 -23"><span class='ocrx_word' id='word_1_591' title='bbox 1990 3481 2051 3535; x_wconf 88' lang='grc' dir='ltr'>τὸ</span> <span class='ocrx_word' id='word_1_592' title='bbox 2096 3481 2231 3557; x_wconf 86' lang='grc' dir='ltr'>πρὸς</span> <span class='ocrx_word' id='word_1_593' title='bbox 2286 3481 2351 3553; x_wconf 75' lang='grc' dir='ltr'>μὲ</span> <span class='ocrx_word' id='word_1_594' title='bbox 2398 3479 2624 3557; x_wconf 86' lang='grc' dir='ltr'>φίλτρον</span> <span class='ocrx_word' id='word_1_595' title='bbox 2676 3477 2775 3533; x_wconf 87' lang='grc' dir='ltr'>οὐκ</span> <span class='ocrx_word' id='word_1_596' title='bbox 2823 3473 3013 3545; x_wconf 78' lang='grc' dir='ltr'>ἐσεῖδε,</span> <span class='ocrx_word' id='word_1_597' title='bbox 3046 3476 3121 3544; x_wconf 80' lang='grc' dir='ltr'>πη</span> <span class='ocrx_word' id='word_1_598' title='bbox 3178 3472 3235 3529; x_wconf 73' lang='grc' dir='ltr'>δὲ</span> <span class='ocrx_word' id='word_1_599' title='bbox 3263 3475 3325 3529; x_wconf 83' lang='grc' dir='ltr'>τὸ</span> <span class='ocrx_word' id='word_1_600' title='bbox 3354 3471 3450 3528; x_wconf 86' lang='grc' dir='ltr'>τοῦ</span> <span class='ocrx_word' id='word_1_601' title='bbox 3483 3472 3651 3549; x_wconf 80' lang='grc' dir='ltr'>ἔργου</span> 
     </span>
    </p>
   </div>
   <div class='ocr_carea' id='block_1_85' title="bbox 1995 3559 3642 3644">
    <p class='ocr_par' dir='ltr' id='par_1_85' title="bbox 1995 3559 3642 3644">
     <span class='ocr_line' id='line_1_86' title="bbox 1995 3559 3642 3644; baseline -0.004 -21"><span class='ocrx_word' id='word_1_602' title='bbox 1995 3566 2252 3644; x_wconf 73' lang='grc' dir='ltr'>δυσχερὲς</span> <span class='ocrx_word' id='word_1_603' title='bbox 2302 3563 2728 3639; x_wconf 85' lang='grc' dir='ltr'>εὐλαϐούμενος,</span> <span class='ocrx_word' id='word_1_604' title='bbox 2771 3566 2860 3622; x_wconf 81' lang='grc' dir='ltr'>καὶ</span> <span class='ocrx_word' id='word_1_605' title='bbox 2911 3566 3024 3638; x_wconf 82' lang='grc' dir='ltr'>ἅμα</span> <span class='ocrx_word' id='word_1_606' title='bbox 3070 3564 3207 3641; x_wconf 88' lang='grc' dir='ltr'>πρὸς</span> <span class='ocrx_word' id='word_1_607' title='bbox 3243 3560 3437 3625; x_wconf 78' lang='grc' dir='ltr'>ἄλλοις</span> <span class='ocrx_word' id='word_1_608' title='bbox 3495 3559 3642 3638; x_wconf 77' lang='grc' dir='ltr'>ἔχων</span> 
     </span>
    </p>
   </div>
   <div class='ocr_carea' id='block_1_86' title="bbox 1985 3649 3647 3729">
    <p class='ocr_par' dir='ltr' id='par_1_86' title="bbox 1985 3649 3647 3729">
     <span class='ocr_line' id='line_1_87' title="bbox 1985 3649 3647 3729; baseline -0.003 -18"><span class='ocrx_word' id='word_1_609' title='bbox 1985 3657 2109 3711; x_wconf 83' lang='grc' dir='ltr'>τότε</span> <span class='ocrx_word' id='word_1_610' title='bbox 2156 3657 2247 3711; x_wconf 89' lang='grc' dir='ltr'>τὸν</span> <span class='ocrx_word' id='word_1_611' title='bbox 2300 3662 2439 3724; x_wconf 91' lang='grc' dir='ltr'>νοῦν,</span> <span class='ocrx_word' id='word_1_612' title='bbox 2473 3657 2610 3729; x_wconf 87' lang='grc' dir='ltr'>πρὸς</span> <span class='ocrx_word' id='word_1_613' title='bbox 2654 3656 2750 3724; x_wconf 78' lang='grc' dir='ltr'>την</span> <span class='ocrx_word' id='word_1_614' title='bbox 2809 3652 3018 3723; x_wconf 57' lang='grc' dir='ltr'>αἴτησιν</span> <span class='ocrx_word' id='word_1_615' title='bbox 3052 3652 3153 3708; x_wconf 88' lang='grc' dir='ltr'>οὐκ</span> <span class='ocrx_word' id='word_1_616' title='bbox 3180 3651 3479 3729; x_wconf 86' lang='grc' dir='ltr'>ἐκάμφθην·</span> <span class='ocrx_word' id='word_1_617' title='bbox 3514 3649 3647 3706; x_wconf 84' lang='grc' dir='ltr'>ἀλλ’</span> 
     </span>
    </p>
   </div>
   <div class='ocr_carea' id='block_1_87' title="bbox 1990 3739 3639 3820">
    <p class='ocr_par' dir='ltr' id='par_1_87' title="bbox 1990 3739 3639 3820">
     <span class='ocr_line' id='line_1_88' title="bbox 1990 3739 3639 3820; baseline -0.004 -19"><span class='ocrx_word' id='word_1_618' title='bbox 1990 3749 2072 3809; x_wconf 79' lang='grc' dir='ltr'>οἷς</span> <span class='ocrx_word' id='word_1_619' title='bbox 2122 3747 2256 3817; x_wconf 80' lang='grc' dir='ltr'>ἅπαξ</span> <span class='ocrx_word' id='word_1_620' title='bbox 2305 3744 2648 3820; x_wconf 81' lang='grc' dir='ltr'>προειλόμην</span> <span class='ocrx_word' id='word_1_621' title='bbox 2730 3742 3140 3818; x_wconf 84' lang='grc' dir='ltr'>ἐνεκαρτέρησα,</span> <span class='ocrx_word' id='word_1_622' title='bbox 3190 3746 3296 3795; x_wconf 88' lang='grc' dir='ltr'>τῶν</span> <span class='ocrx_word' id='word_1_623' title='bbox 3348 3739 3399 3795; x_wconf 88' lang='grc' dir='ltr'>ἐν</span> <span class='ocrx_word' id='word_1_624' title='bbox 3452 3740 3639 3815; x_wconf 82' lang='grc' dir='ltr'>χερσὶν</span> 
     </span>
    </p>
   </div>
   <div class='ocr_carea' id='block_1_88' title="bbox 1989 3827 3648 3911">
    <p class='ocr_par' dir='ltr' id='par_1_88' title="bbox 1989 3827 3648 3911">
     <span class='ocr_line' id='line_1_89' title="bbox 1989 3827 3648 3911; baseline -0.003 -21"><span class='ocrx_word' id='word_1_625' title='bbox 1989 3836 2148 3911; x_wconf 79' lang='grc' dir='ltr'>ἀπρὶξ</span> <span class='ocrx_word' id='word_1_626' title='bbox 2182 3836 2468 3911; x_wconf 84' lang='grc' dir='ltr'>ἐχόμενος·</span> <span class='ocrx_word' id='word_1_627' title='bbox 2504 3838 2707 3909; x_wconf 77' lang='grc' dir='ltr'>συχνοῦ</span> <span class='ocrx_word' id='word_1_628' title='bbox 2742 3831 2799 3888; x_wconf 77' lang='grc' dir='ltr'>δέ</span> <span class='ocrx_word' id='word_1_629' title='bbox 2833 3831 3040 3908; x_wconf 88' lang='grc' dir='ltr'>χρόνου</span> <span class='ocrx_word' id='word_1_630' title='bbox 3089 3830 3199 3886; x_wconf 83' lang='grc' dir='ltr'>ἐκεῖ</span> <span class='ocrx_word' id='word_1_631' title='bbox 3248 3827 3648 3901; x_wconf 88' lang='grc' dir='ltr'>διεληλυθότος</span> 
     </span>
    </p>
   </div>
   <div class='ocr_carea' id='block_1_89' title="bbox 1991 3923 2454 3981">
    <p class='ocr_par' dir='ltr' id='par_1_89' title="bbox 1991 3923 2454 3981">
     <span class='ocr_line' id='line_1_90' title="bbox 1991 3923 2454 3981; baseline -0.002 0"><span class='ocrx_word' id='word_1_632' title='bbox 1991 3925 2220 3981; x_wconf 83' lang='grc' dir='ltr'>ἐπανιὼν</span> <span class='ocrx_word' id='word_1_633' title='bbox 2251 3923 2454 3980; x_wconf 75' lang='grc' dir='ltr'>οἷ’καδε.</span> 
     </span>
    </p>
   </div>
   <div class='ocr_carea' id='block_1_90' title="bbox 2062 4023 3647 4102">
    <p class='ocr_par' dir='ltr' id='par_1_90' title="bbox 2062 4023 3647 4102">
     <span class='ocr_line' id='line_1_91' title="bbox 2062 4023 3647 4102; baseline -0.004 -17"><span class='ocrx_word' id='word_1_634' title='bbox 2062 4030 2306 4093; x_wconf 81' lang='grc' dir='ltr'>Πολλαῖς</span> <span class='ocrx_word' id='word_1_635' title='bbox 2336 4052 2392 4085; x_wconf 88' lang='grc' dir='ltr'>τε</span> <span class='ocrx_word' id='word_1_636' title='bbox 2433 4029 2521 4085; x_wconf 82' lang='grc' dir='ltr'>καὶ</span> <span class='ocrx_word' id='word_1_637' title='bbox 2576 4028 2855 4090; x_wconf 84' lang='grc' dir='ltr'>ποικίλαις</span> <span class='ocrx_word' id='word_1_638' title='bbox 2906 4028 3051 4102; x_wconf 85' lang='grc' dir='ltr'>παρά</span> <span class='ocrx_word' id='word_1_639' title='bbox 3089 4030 3187 4081; x_wconf 89' lang='grc' dir='ltr'>τυῦ</span> <span class='ocrx_word' id='word_1_640' title='bbox 3235 4023 3428 4102; x_wconf 83' lang='grc' dir='ltr'>καιροῦ</span> <span class='ocrx_word' id='word_1_641' title='bbox 3477 4045 3647 4101; x_wconf 90' lang='grc' dir='ltr'>προσ-</span> 
     </span>
    </p>
   </div>
   <div class='ocr_carea' id='block_1_91' title="bbox 1992 4113 3653 4193">
    <p class='ocr_par' dir='ltr' id='par_1_91' title="bbox 1992 4113 3653 4193">
     <span class='ocr_line' id='line_1_92' title="bbox 1992 4113 3653 4193; baseline -0.004 -18"><span class='ocrx_word' id='word_1_642' title='bbox 1992 4115 2183 4182; x_wconf 80' lang='grc' dir='ltr'>ϐολαῖς</span> <span class='ocrx_word' id='word_1_643' title='bbox 2244 4119 2502 4193; x_wconf 70' lang='grc' dir='ltr'>πληγεὶς,</span> <span class='ocrx_word' id='word_1_644' title='bbox 2569 4115 2755 4187; x_wconf 84' lang='grc' dir='ltr'>ἐπειδή</span> <span class='ocrx_word' id='word_1_645' title='bbox 2816 4115 3044 4180; x_wconf 75' lang='grc' dir='ltr'>ἀνέσεώς</span> <span class='ocrx_word' id='word_1_646' title='bbox 3099 4135 3252 4177; x_wconf 91' lang='grc' dir='ltr'>τινος</span> <span class='ocrx_word' id='word_1_647' title='bbox 3310 4116 3398 4169; x_wconf 82' lang='grc' dir='ltr'>καὶ</span> <span class='ocrx_word' id='word_1_648' title='bbox 3440 4113 3653 4189; x_wconf 77' lang='grc' dir='ltr'>σχολῆς</span> 
     </span>
    </p>
   </div>
   <div class='ocr_carea' id='block_1_92' title="bbox 1990 4203 3652 4286">
    <p class='ocr_par' dir='ltr' id='par_1_92' title="bbox 1990 4203 3652 4286">
     <span class='ocr_line' id='line_1_93' title="bbox 1990 4203 3652 4286; baseline -0.005 -22"><span class='ocrx_word' id='word_1_649' title='bbox 1990 4210 2135 4285; x_wconf 88' lang='grc' dir='ltr'>παρά</span> <span class='ocrx_word' id='word_1_650' title='bbox 2162 4214 2258 4264; x_wconf 80' lang='grc' dir='ltr'>τοῦ</span> <span class='ocrx_word' id='word_1_651' title='bbox 2303 4208 2693 4286; x_wconf 86' lang='grc' dir='ltr'>φιλανθρώπου</span> <span class='ocrx_word' id='word_1_652' title='bbox 2743 4211 2878 4263; x_wconf 86' lang='grc' dir='ltr'>Θεοῦ</span> <span class='ocrx_word' id='word_1_653' title='bbox 2926 4206 3135 4281; x_wconf 87' lang='grc' dir='ltr'>τυχὼν,</span> <span class='ocrx_word' id='word_1_654' title='bbox 3167 4208 3273 4258; x_wconf 88' lang='grc' dir='ltr'>τῶν</span> <span class='ocrx_word' id='word_1_655' title='bbox 3324 4203 3652 4279; x_wconf 82' lang='grc' dir='ltr'>προύργιαι-</span> 
     </span>
    </p>
   </div>
   <div class='ocr_carea' id='block_1_93' title="bbox 1988 4290 3653 4373">
    <p class='ocr_par' dir='ltr' id='par_1_93' title="bbox 1988 4290 3653 4373">
     <span class='ocr_line' id='line_1_94' title="bbox 1988 4290 3653 4373; baseline -0.004 -22"><span class='ocrx_word' id='word_1_656' title='bbox 1988 4297 2158 4373; x_wconf 84' lang='grc' dir='ltr'>τέρων</span> <span class='ocrx_word' id='word_1_657' title='bbox 2218 4297 2581 4373; x_wconf 83' lang='grc' dir='ltr'>ἀπηλλάγην,</span> <span class='ocrx_word' id='word_1_658' title='bbox 2638 4300 2935 4365; x_wconf 86' lang='grc' dir='ltr'>τηνικαῦτα</span> <span class='ocrx_word' id='word_1_659' title='bbox 3011 4291 3076 4361; x_wconf 78' lang='grc' dir='ltr'>δὴ</span> <span class='ocrx_word' id='word_1_660' title='bbox 3156 4292 3292 4347; x_wconf 87' lang='grc' dir='ltr'>κατά</span> <span class='ocrx_word' id='word_1_661' title='bbox 3364 4290 3653 4367; x_wconf 85' lang='grc' dir='ltr'>βελτίονος</span> 
     </span>
    </p>
   </div>
   <div class='ocr_carea' id='block_1_94' title="bbox 1992 4377 3654 4462">
    <p class='ocr_par' dir='ltr' id='par_1_94' title="bbox 1992 4377 3654 4462">
     <span class='ocr_line' id='line_1_95' title="bbox 1992 4377 3654 4462; baseline -0.004 -21"><span class='ocrx_word' id='word_1_662' title='bbox 1992 4385 2272 4462; x_wconf 73' lang='grc' dir='ltr'>ἑρμηνέως</span> <span class='ocrx_word' id='word_1_663' title='bbox 2331 4385 2561 4461; x_wconf 82' lang='grc' dir='ltr'>ἐρημίαν</span> <span class='ocrx_word' id='word_1_664' title='bbox 2617 4386 2679 4439; x_wconf 87' lang='grc' dir='ltr'>τὸ</span> <span class='ocrx_word' id='word_1_665' title='bbox 2738 4381 2892 4459; x_wconf 77' lang='grc' dir='ltr'>ἔργον</span> <span class='ocrx_word' id='word_1_666' title='bbox 2958 4377 3332 4454; x_wconf 81' lang='grc' dir='ltr'>ἐπεϐαλόμην,</span> <span class='ocrx_word' id='word_1_667' title='bbox 3367 4380 3460 4433; x_wconf 80' lang='grc' dir='ltr'>καὶ</span> <span class='ocrx_word' id='word_1_668' title='bbox 3518 4381 3654 4453; x_wconf 83' lang='grc' dir='ltr'>μετά</span> 
     </span>
    </p>
   </div>
   <div class='ocr_carea' id='block_1_95' title="bbox 1993 4468 3654 4550">
    <p class='ocr_par' dir='ltr' id='par_1_95' title="bbox 1993 4468 3654 4550">
     <span class='ocr_line' id='line_1_96' title="bbox 1993 4468 3654 4550; baseline -0.002 -21"><span class='ocrx_word' id='word_1_669' title='bbox 1993 4475 2166 4541; x_wconf 77' lang='grc' dir='ltr'>πάσης</span> <span class='ocrx_word' id='word_1_670' title='bbox 2199 4474 2505 4550; x_wconf 81' lang='grc' dir='ltr'>προθυμίας</span> <span class='ocrx_word' id='word_1_671' title='bbox 2557 4474 2643 4528; x_wconf 82' lang='grc' dir='ltr'>ἐπὶ</span> <span class='ocrx_word' id='word_1_672' title='bbox 2694 4473 2873 4544; x_wconf 85' lang='grc' dir='ltr'>τούτῳ</span> <span class='ocrx_word' id='word_1_673' title='bbox 2924 4472 3182 4545; x_wconf 80' lang='grc' dir='ltr'>ἐπέκυψα.</span> <span class='ocrx_word' id='word_1_674' title='bbox 3217 4471 3342 4526; x_wconf 84' lang='grc' dir='ltr'>Μετ’</span> <span class='ocrx_word' id='word_1_675' title='bbox 3396 4468 3457 4525; x_wconf 92' lang='grc' dir='ltr'>οὐ</span> <span class='ocrx_word' id='word_1_676' title='bbox 3509 4468 3654 4525; x_wconf 77' lang='grc' dir='ltr'>πολὺ</span> 
     </span>
    </p>
   </div>
   <div class='ocr_carea' id='block_1_96' title="bbox 228 4547 1875 4637">
    <p class='ocr_par' dir='ltr' id='par_1_96' title="bbox 228 4560 1875 4637">
     <span class='ocr_line' id='line_1_97' title="bbox 228 4560 1875 4637; baseline 0.004 -20"><span class='ocrx_word' id='word_1_677' title='bbox 228 4560 469 4633; x_wconf 87' lang='lat' dir='ltr'>cognovi</span> <span class='ocrx_word' id='word_1_678' title='bbox 496 4577 587 4616; x_wconf 89' lang='lat' dir='ltr'>me</span> <span class='ocrx_word' id='word_1_679' title='bbox 620 4561 901 4618; x_wconf 89' lang='lat' dir='ltr'>miserum</span> <span class='ocrx_word' id='word_1_680' title='bbox 960 4562 1183 4620; x_wconf 89' lang='lat' dir='ltr'>viribus</span> <span class='ocrx_word' id='word_1_681' title='bbox 1242 4564 1431 4637; x_wconf 88' lang='lat' dir='ltr'>impar</span> <span class='ocrx_word' id='word_1_682' title='bbox 1489 4583 1639 4622; x_wconf 91' lang='lat' dir='ltr'>onus</span> <span class='ocrx_word' id='word_1_683' title='bbox 1681 4584 1875 4624; x_wconf 89' lang='lat' dir='ltr'>susce-</span> 
     </span>
    </p>
   </div>
   <div class='ocr_carea' id='block_1_97' title="bbox 1991 4547 3649 4637">
    <p class='ocr_par' dir='ltr' id='par_1_97' title="bbox 1991 4547 3649 4637">
     <span class='ocr_line' id='line_1_98' title="bbox 1991 4547 3649 4637; baseline -0.004 -18"><span class='ocrx_word' id='word_1_684' title='bbox 1991 4562 2048 4619; x_wconf 79' lang='grc' dir='ltr'>δὲ</span> <span class='ocrx_word' id='word_1_685' title='bbox 2090 4547 2343 4637; x_wconf 70' lang='grc' dir='ltr'>ᾐσθόμην</span> <span class='ocrx_word' id='word_1_686' title='bbox 2386 4547 2605 4635; x_wconf 70' lang='grc' dir='ltr'>ἅθλιος,</span> <span class='ocrx_word' id='word_1_687' title='bbox 2644 4568 2826 4636; x_wconf 79' lang='grc' dir='ltr'>μεῖζον</span> <span class='ocrx_word' id='word_1_688' title='bbox 2864 4562 2897 4630; x_wconf 73' lang='grc' dir='ltr'><strong>ἢ</strong></span> <span class='ocrx_word' id='word_1_689' title='bbox 2942 4559 3074 4614; x_wconf 76' lang='grc' dir='ltr'>κατὰ</span> <span class='ocrx_word' id='word_1_690' title='bbox 3128 4559 3195 4631; x_wconf 74' lang='grc' dir='ltr'>μὲ</span> <span class='ocrx_word' id='word_1_691' title='bbox 3243 4558 3463 4635; x_wconf 86' lang='grc' dir='ltr'>φορτίον</span> <span class='ocrx_word' id='word_1_692' title='bbox 3516 4558 3649 4634; x_wconf 88' lang='grc' dir='ltr'>ἀρά-</span> 
     </span>
    </p>
   </div>
   <div class='ocr_carea' id='block_1_98' title="bbox 228 4649 1882 4726">
    <p class='ocr_par' dir='ltr' id='par_1_98' title="bbox 228 4649 1882 4726">
     <span class='ocr_line' id='line_1_99' title="bbox 228 4649 1882 4726; baseline 0.005 -22"><span class='ocrx_word' id='word_1_693' title='bbox 228 4651 420 4722; x_wconf 89' lang='lat' dir='ltr'>pisse:</span> <span class='ocrx_word' id='word_1_694' title='bbox 455 4649 590 4705; x_wconf 89' lang='lat' dir='ltr'>hinc</span> <span class='ocrx_word' id='word_1_695' title='bbox 617 4651 760 4706; x_wconf 91' lang='lat' dir='ltr'>mihi</span> <span class='ocrx_word' id='word_1_696' title='bbox 788 4653 1207 4709; x_wconf 84' lang='lat' dir='ltr'>succensebam</span> <span class='ocrx_word' id='word_1_697' title='bbox 1240 4656 1391 4726; x_wconf 90' lang='lat' dir='ltr'>quod</span> <span class='ocrx_word' id='word_1_698' title='bbox 1433 4655 1577 4710; x_wconf 92' lang='lat' dir='ltr'>illud</span> <span class='ocrx_word' id='word_1_699' title='bbox 1634 4662 1882 4713; x_wconf 88' lang='lat' dir='ltr'>tractare</span> 
     </span>
    </p>
   </div>
   <div class='ocr_carea' id='block_1_99' title="bbox 228 4738 1884 4817">
    <p class='ocr_par' dir='ltr' id='par_1_99' title="bbox 228 4738 1884 4817">
     <span class='ocr_line' id='line_1_100' title="bbox 228 4738 1884 4817; baseline 0.004 -23"><span class='ocrx_word' id='word_1_700' title='bbox 228 4755 344 4794; x_wconf 91' lang='lat' dir='ltr'>non</span> <span class='ocrx_word' id='word_1_701' title='bbox 369 4738 866 4796; x_wconf 80' lang='lat' dir='ltr'>reformidassem.</span> <span class='ocrx_word' id='word_1_702' title='bbox 904 4742 1131 4797; x_wconf 91' lang='lat' dir='ltr'>Etenim</span> <span class='ocrx_word' id='word_1_703' title='bbox 1174 4744 1319 4799; x_wconf 89' lang='lat' dir='ltr'>mihi</span> <span class='ocrx_word' id='word_1_704' title='bbox 1353 4744 1631 4817; x_wconf 90' lang='lat' dir='ltr'>primum,</span> <span class='ocrx_word' id='word_1_705' title='bbox 1667 4744 1824 4801; x_wconf 88' lang='lat' dir='ltr'>velut</span> <span class='ocrx_word' id='word_1_706' title='bbox 1854 4762 1884 4801; x_wconf 93' lang='lat' dir='ltr'>e</span> 
     </span>
    </p>
   </div>
   <div class='ocr_carea' id='block_1_100' title="bbox 225 4828 1882 4906">
    <p class='ocr_par' dir='ltr' id='par_1_100' title="bbox 225 4828 1882 4906">
     <span class='ocr_line' id='line_1_101' title="bbox 225 4828 1882 4906; baseline 0.005 -23"><span class='ocrx_word' id='word_1_707' title='bbox 225 4831 397 4900; x_wconf 88' lang='lat' dir='ltr'>portu</span> <span class='ocrx_word' id='word_1_708' title='bbox 425 4828 691 4898; x_wconf 88' lang='lat' dir='ltr'>solventi,</span> <span class='ocrx_word' id='word_1_709' title='bbox 727 4846 936 4885; x_wconf 87' lang='lat' dir='ltr'>serena</span> <span class='ocrx_word' id='word_1_710' title='bbox 982 4831 1182 4888; x_wconf 88' lang='lat' dir='ltr'>omnia</span> <span class='ocrx_word' id='word_1_711' title='bbox 1239 4833 1673 4906; x_wconf 90' lang='lat' dir='ltr'>tranquillaque</span> <span class='ocrx_word' id='word_1_712' title='bbox 1726 4835 1882 4891; x_wconf 91' lang='lat' dir='ltr'>vide-</span> 
     </span>
    </p>
   </div>
   <div class='ocr_carea' id='block_1_101' title="bbox 224 4915 1885 4995">
    <p class='ocr_par' dir='ltr' id='par_1_101' title="bbox 224 4915 1885 4995">
     <span class='ocr_line' id='line_1_102' title="bbox 224 4915 1885 4995; baseline 0.005 -24"><span class='ocrx_word' id='word_1_713' title='bbox 224 4915 461 4988; x_wconf 86' lang='lat' dir='ltr'>bantur,</span> <span class='ocrx_word' id='word_1_714' title='bbox 496 4917 668 4973; x_wconf 86' lang='lat' dir='ltr'>itaut</span> <span class='ocrx_word' id='word_1_715' title='bbox 724 4922 779 4974; x_wconf 91' lang='lat' dir='ltr'>et</span> <span class='ocrx_word' id='word_1_716' title='bbox 822 4918 966 4974; x_wconf 88' lang='lat' dir='ltr'>mihi</span> <span class='ocrx_word' id='word_1_717' title='bbox 1025 4920 1095 4976; x_wconf 91' lang='lat' dir='ltr'>de</span> <span class='ocrx_word' id='word_1_718' title='bbox 1156 4922 1383 4995; x_wconf 91' lang='lat' dir='ltr'>incepto</span> <span class='ocrx_word' id='word_1_719' title='bbox 1427 4922 1791 4995; x_wconf 86' lang='lat' dir='ltr'>gratularer:</span> <span class='ocrx_word' id='word_1_720' title='bbox 1825 4927 1885 4979; x_wconf 89' lang='lat' dir='ltr'>at</span> 
     </span>
    </p>
   </div>
   <div class='ocr_carea' id='block_1_102' title="bbox 223 5002 1882 5083">
    <p class='ocr_par' dir='ltr' id='par_1_102' title="bbox 223 5002 1882 5083">
     <span class='ocr_line' id='line_1_103' title="bbox 223 5002 1882 5083; baseline 0.005 -24"><span class='ocrx_word' id='word_1_721' title='bbox 223 5002 454 5077; x_wconf 86' lang='lat' dir='ltr'>longius</span> <span class='ocrx_word' id='word_1_722' title='bbox 483 5006 805 5063; x_wconf 88' lang='lat' dir='ltr'>abductum</span> <span class='ocrx_word' id='word_1_723' title='bbox 835 5012 998 5064; x_wconf 90' lang='lat' dir='ltr'>tanta</span> <span class='ocrx_word' id='word_1_724' title='bbox 1020 5026 1112 5066; x_wconf 91' lang='lat' dir='ltr'>me</span> <span class='ocrx_word' id='word_1_725' title='bbox 1143 5016 1257 5065; x_wconf 90' lang='lat' dir='ltr'>tem</span> <span class='ocrx_word' id='word_1_726' title='bbox 1268 5018 1462 5083; x_wconf 87' lang='lat' dir='ltr'>pestas</span> <span class='ocrx_word' id='word_1_727' title='bbox 1494 5016 1731 5081; x_wconf 90' lang='lat' dir='ltr'>tamque</span> <span class='ocrx_word' id='word_1_728' title='bbox 1752 5028 1882 5083; x_wconf 88' lang='lat' dir='ltr'>gra-</span> 
     </span>
    </p>
   </div>
   <div class='ocr_carea' id='block_1_103' title="bbox 222 5092 1882 5166">
    <p class='ocr_par' dir='ltr' id='par_1_103' title="bbox 222 5092 1882 5166">
     <span class='ocr_line' id='line_1_104' title="bbox 222 5092 1882 5166; baseline 0.006 -21"><span class='ocrx_word' id='word_1_729' title='bbox 222 5092 310 5148; x_wconf 88' lang='lat' dir='ltr'>vis</span> <span class='ocrx_word' id='word_1_730' title='bbox 331 5095 578 5164; x_wconf 89' lang='lat' dir='ltr'>jactavit</span> <span class='ocrx_word' id='word_1_731' title='bbox 612 5095 883 5166; x_wconf 80' lang='lat' dir='ltr'>procella,</span> <span class='ocrx_word' id='word_1_732' title='bbox 908 5102 970 5152; x_wconf 91' lang='lat' dir='ltr'>ut</span> <span class='ocrx_word' id='word_1_733' title='bbox 998 5099 1253 5154; x_wconf 88' lang='lat' dir='ltr'>vicinum</span> <span class='ocrx_word' id='word_1_734' title='bbox 1284 5099 1615 5154; x_wconf 90' lang='lat' dir='ltr'>immineret</span> <span class='ocrx_word' id='word_1_735' title='bbox 1651 5102 1882 5155; x_wconf 79' lang='lat' dir='ltr'>naufra-</span> 
     </span>
    </p>
   </div>
   <div class='ocr_carea' id='block_1_104' title="bbox 223 5181 1883 5257">
    <p class='ocr_par' dir='ltr' id='par_1_104' title="bbox 223 5181 1883 5257">
     <span class='ocr_line' id='line_1_105' title="bbox 223 5181 1883 5257; baseline 0.005 -22"><span class='ocrx_word' id='word_1_736' title='bbox 223 5181 409 5254; x_wconf 92' lang='lat' dir='ltr'>gium.</span> <span class='ocrx_word' id='word_1_737' title='bbox 443 5182 511 5237; x_wconf 86' lang='lat' dir='ltr'>Et</span> <span class='ocrx_word' id='word_1_738' title='bbox 531 5190 684 5241; x_wconf 90' lang='lat' dir='ltr'>certe</span> <span class='ocrx_word' id='word_1_739' title='bbox 715 5185 1020 5257; x_wconf 88' lang='lat' dir='ltr'>periissem</span> <span class='ocrx_word' id='word_1_740' title='bbox 1054 5188 1421 5253; x_wconf 87' lang='lat' dir='ltr'>submersus,</span> <span class='ocrx_word' id='word_1_741' title='bbox 1448 5187 1560 5243; x_wconf 94' lang='lat' dir='ltr'>nisi</span> <span class='ocrx_word' id='word_1_742' title='bbox 1592 5189 1883 5244; x_wconf 83' lang='lat' dir='ltr'>emendati</span> 
     </span>
    </p>
   </div>
   <div class='ocr_carea' id='block_1_105' title="bbox 225 5271 1882 5347">
    <p class='ocr_par' dir='ltr' id='par_1_105' title="bbox 225 5271 1882 5347">
     <span class='ocr_line' id='line_1_106' title="bbox 225 5271 1882 5347; baseline 0.005 -21"><span class='ocrx_word' id='word_1_743' title='bbox 225 5271 467 5343; x_wconf 88' lang='lat' dir='ltr'>quidam</span> <span class='ocrx_word' id='word_1_744' title='bbox 518 5274 955 5346; x_wconf 62' lang='lat' dir='ltr'>augustissima;</span> <span class='ocrx_word' id='word_1_745' title='bbox 1008 5276 1221 5347; x_wconf 87' lang='lat' dir='ltr'>reginae</span> <span class='ocrx_word' id='word_1_746' title='bbox 1280 5275 1410 5331; x_wconf 82' lang='lat' dir='ltr'>libri</span> <span class='ocrx_word' id='word_1_747' title='bbox 1443 5277 1571 5347; x_wconf 87' lang='lat' dir='ltr'>jam</span> <span class='ocrx_word' id='word_1_748' title='bbox 1606 5277 1882 5335; x_wconf 87' lang='lat' dir='ltr'>ﬂuctibus</span> 
     </span>
    </p>
   </div>
   <div class='ocr_carea' id='block_1_106' title="bbox 226 5361 1879 5435">
    <p class='ocr_par' dir='ltr' id='par_1_106' title="bbox 226 5361 1879 5435">
     <span class='ocr_line' id='line_1_107' title="bbox 226 5361 1879 5435; baseline 0.004 -20"><span class='ocrx_word' id='word_1_749' title='bbox 226 5361 535 5433; x_wconf 82' lang='lat' dir='ltr'>abreptum</span> <span class='ocrx_word' id='word_1_750' title='bbox 570 5363 954 5419; x_wconf 81' lang='lat' dir='ltr'>reduxissent.</span> <span class='ocrx_word' id='word_1_751' title='bbox 994 5364 1101 5421; x_wconf 90' lang='lat' dir='ltr'>Ubi</span> <span class='ocrx_word' id='word_1_752' title='bbox 1147 5366 1445 5435; x_wconf 88' lang='lat' dir='ltr'>adjutores</span> <span class='ocrx_word' id='word_1_753' title='bbox 1477 5365 1621 5420; x_wconf 91' lang='lat' dir='ltr'>mihi</span> <span class='ocrx_word' id='word_1_754' title='bbox 1655 5382 1879 5434; x_wconf 90' lang='lat' dir='ltr'>venere,</span> 
     </span>
    </p>
   </div>
   <div class='ocr_carea' id='block_1_107' title="bbox 228 5452 1879 5524">
    <p class='ocr_par' dir='ltr' id='par_1_107' title="bbox 228 5452 1879 5524">
     <span class='ocr_line' id='line_1_108' title="bbox 228 5452 1879 5524; baseline 0.004 -19"><span class='ocrx_word' id='word_1_755' title='bbox 228 5453 357 5505; x_wconf 85' lang='lat' dir='ltr'>tum</span> <span class='ocrx_word' id='word_1_756' title='bbox 389 5466 584 5506; x_wconf 91' lang='lat' dir='ltr'>secare</span> <span class='ocrx_word' id='word_1_757' title='bbox 615 5454 821 5523; x_wconf 87' lang='lat' dir='ltr'>undas,</span> <span class='ocrx_word' id='word_1_758' title='bbox 858 5452 1059 5509; x_wconf 91' lang='lat' dir='ltr'>multis</span> <span class='ocrx_word' id='word_1_759' title='bbox 1109 5453 1343 5524; x_wconf 89' lang='lat' dir='ltr'>quidem</span> <span class='ocrx_word' id='word_1_760' title='bbox 1377 5471 1509 5509; x_wconf 91' lang='lat' dir='ltr'>cum</span> <span class='ocrx_word' id='word_1_761' title='bbox 1543 5456 1879 5524; x_wconf 87' lang='lat' dir='ltr'>sudoribus,</span> 
     </span>
    </p>
   </div>
   <div class='ocr_carea' id='block_1_108' title="bbox 231 5537 1399 5613">
    <p class='ocr_par' dir='ltr' id='par_1_108' title="bbox 231 5537 1399 5613">
     <span class='ocr_line' id='line_1_109' title="bbox 231 5537 1399 5613; baseline 0.006 -21"><span class='ocrx_word' id='word_1_762' title='bbox 231 5542 289 5593; x_wconf 86' lang='lat' dir='ltr'>et</span> <span class='ocrx_word' id='word_1_763' title='bbox 320 5537 560 5612; x_wconf 85' lang='lat' dir='ltr'>pelagus</span> <span class='ocrx_word' id='word_1_764' title='bbox 581 5540 1080 5613; x_wconf 89' lang='lat' dir='ltr'>interpretationis</span> <span class='ocrx_word' id='word_1_765' title='bbox 1110 5542 1399 5611; x_wconf 86' lang='lat' dir='ltr'>traiicere.</span> 
     </span>
    </p>
   </div>
   <div class='ocr_carea' id='block_1_109' title="bbox 1997 4646 3651 4726">
    <p class='ocr_par' dir='ltr' id='par_1_109' title="bbox 1997 4646 3651 4726">
     <span class='ocr_line' id='line_1_110' title="bbox 1997 4646 3651 4726; baseline -0.005 -18"><span class='ocrx_word' id='word_1_766' title='bbox 1997 4674 2179 4726; x_wconf 88' lang='grc' dir='ltr'>μενος,</span> <span class='ocrx_word' id='word_1_767' title='bbox 2210 4653 2298 4707; x_wconf 80' lang='grc' dir='ltr'>καὶ</span> <span class='ocrx_word' id='word_1_768' title='bbox 2330 4651 2517 4707; x_wconf 81' lang='grc' dir='ltr'>πολλὰ</span> <span class='ocrx_word' id='word_1_769' title='bbox 2571 4651 2804 4723; x_wconf 85' lang='grc' dir='ltr'>ἐμαυτὸν</span> <span class='ocrx_word' id='word_1_770' title='bbox 2835 4657 2933 4718; x_wconf 80' lang='grc' dir='ltr'>τῆς</span> <span class='ocrx_word' id='word_1_771' title='bbox 2971 4648 3257 4719; x_wconf 77' lang='grc' dir='ltr'>τολμηρᾶς</span> <span class='ocrx_word' id='word_1_772' title='bbox 3304 4646 3505 4713; x_wconf 80' lang='grc' dir='ltr'>ταύτης</span> <span class='ocrx_word' id='word_1_773' title='bbox 3562 4646 3651 4719; x_wconf 84' lang='grc' dir='ltr'>ἐγ-</span> 
     </span>
    </p>
   </div>
   <div class='ocr_carea' id='block_1_110' title="bbox 1994 4734 3647 4817">
    <p class='ocr_par' dir='ltr' id='par_1_110' title="bbox 1994 4734 3647 4817">
     <span class='ocr_line' id='line_1_111' title="bbox 1994 4734 3647 4817; baseline -0.007 -21"><span class='ocrx_word' id='word_1_774' title='bbox 1994 4742 2299 4817; x_wconf 72' lang='grc' dir='ltr'>χειρήσεως</span> <span class='ocrx_word' id='word_1_775' title='bbox 2330 4739 2792 4813; x_wconf 61' lang='grc' dir='ltr'>κατεμεμψάμην</span> <span class='ocrx_word' id='word_1_776' title='bbox 2832 4738 2917 4792; x_wconf 70' lang='grc' dir='ltr'>καῖ</span> <span class='ocrx_word' id='word_1_777' title='bbox 2968 4739 3070 4811; x_wconf 86' lang='grc' dir='ltr'>γάρ</span> <span class='ocrx_word' id='word_1_778' title='bbox 3112 4735 3197 4789; x_wconf 91' lang='grc' dir='ltr'>τοί</span> <span class='ocrx_word' id='word_1_779' title='bbox 3240 4756 3293 4788; x_wconf 86' lang='grc' dir='ltr'>τι</span> <span class='ocrx_word' id='word_1_780' title='bbox 3346 4734 3437 4805; x_wconf 76' lang='grc' dir='ltr'>μὲν</span> <span class='ocrx_word' id='word_1_781' title='bbox 3491 4736 3647 4806; x_wconf 85' lang='grc' dir='ltr'>πρῶ-</span> 
     </span>
    </p>
   </div>
   <div class='ocr_carea' id='block_1_111' title="bbox 1991 4820 3647 4905">
    <p class='ocr_par' dir='ltr' id='par_1_111' title="bbox 1991 4820 3647 4905">
     <span class='ocr_line' id='line_1_112' title="bbox 1991 4820 3647 4905; baseline -0.007 -20"><span class='ocrx_word' id='word_1_782' title='bbox 1991 4851 2082 4886; x_wconf 89' lang='grc' dir='ltr'>τον</span> <span class='ocrx_word' id='word_1_783' title='bbox 2113 4830 2290 4905; x_wconf 80' lang='grc' dir='ltr'>ὥσπερ</span> <span class='ocrx_word' id='word_1_784' title='bbox 2324 4828 2382 4885; x_wconf 88' lang='grc' dir='ltr'>ἐκ</span> <span class='ocrx_word' id='word_1_785' title='bbox 2412 4827 2637 4902; x_wconf 90' lang='grc' dir='ltr'>λιμένος</span> <span class='ocrx_word' id='word_1_786' title='bbox 2688 4827 2941 4901; x_wconf 88' lang='grc' dir='ltr'>ἀνάγοντί</span> <span class='ocrx_word' id='word_1_787' title='bbox 2995 4846 3087 4899; x_wconf 85' lang='grc' dir='ltr'>μοι</span> <span class='ocrx_word' id='word_1_788' title='bbox 3148 4820 3297 4877; x_wconf 70' lang='grc' dir='ltr'>εὔδια</span> <span class='ocrx_word' id='word_1_789' title='bbox 3342 4822 3515 4875; x_wconf 91' lang='grc' dir='ltr'>πάντα</span> <span class='ocrx_word' id='word_1_790' title='bbox 3557 4820 3647 4875; x_wconf 86' lang='grc' dir='ltr'>καὶ</span> 
     </span>
    </p>
   </div>
   <div class='ocr_carea' id='block_1_112' title="bbox 1992 4911 3650 4996">
    <p class='ocr_par' dir='ltr' id='par_1_112' title="bbox 1992 4911 3650 4996">
     <span class='ocr_line' id='line_1_113' title="bbox 1992 4911 3650 4996; baseline -0.007 -21"><span class='ocrx_word' id='word_1_791' title='bbox 1992 4917 2244 4996; x_wconf 70' lang='grc' dir='ltr'>γαλήνης</span> <span class='ocrx_word' id='word_1_792' title='bbox 2281 4919 2446 4991; x_wconf 87' lang='grc' dir='ltr'>μεστά</span> <span class='ocrx_word' id='word_1_793' title='bbox 2476 4916 2745 4994; x_wconf 88' lang='grc' dir='ltr'>ἐφαίνετο,</span> <span class='ocrx_word' id='word_1_794' title='bbox 2778 4916 2915 4972; x_wconf 85' lang='grc' dir='ltr'>ὥστε</span> <span class='ocrx_word' id='word_1_795' title='bbox 2948 4915 3035 4969; x_wconf 84' lang='grc' dir='ltr'>καὶ</span> <span class='ocrx_word' id='word_1_796' title='bbox 3084 4916 3179 4968; x_wconf 86' lang='grc' dir='ltr'>τοῦ</span> <span class='ocrx_word' id='word_1_797' title='bbox 3241 4911 3650 4986; x_wconf 77' lang='grc' dir='ltr'>ἐγχειρήματος</span> 
     </span>
    </p>
   </div>
   <div class='ocr_carea' id='block_1_113' title="bbox 1997 4999 3651 5082">
    <p class='ocr_par' dir='ltr' id='par_1_113' title="bbox 1997 4999 3651 5082">
     <span class='ocr_line' id='line_1_114' title="bbox 1997 4999 3651 5082; baseline -0.005 -20"><span class='ocrx_word' id='word_1_798' title='bbox 1997 5008 2215 5081; x_wconf 75' lang='grc' dir='ltr'>ἐμαυτῴ</span> <span class='ocrx_word' id='word_1_799' title='bbox 2247 5004 2585 5077; x_wconf 75' lang='grc' dir='ltr'>συνήδεσθαι¹</span> <span class='ocrx_word' id='word_1_800' title='bbox 2618 5004 2954 5082; x_wconf 73' lang='grc' dir='ltr'>πορρωτέρω</span> <span class='ocrx_word' id='word_1_801' title='bbox 2994 5000 3051 5057; x_wconf 75' lang='grc' dir='ltr'>δὲ</span> <span class='ocrx_word' id='word_1_802' title='bbox 3093 4999 3353 5074; x_wconf 74' lang='grc' dir='ltr'>προϊόντα</span> <span class='ocrx_word' id='word_1_803' title='bbox 3410 5019 3478 5071; x_wconf 88' lang='grc' dir='ltr'>με</span> <span class='ocrx_word' id='word_1_804' title='bbox 3524 5019 3651 5053; x_wconf 84' lang='grc' dir='ltr'>τοσ-</span> 
     </span>
    </p>
   </div>
   <div class='ocr_carea' id='block_1_114' title="bbox 1995 5083 3655 5172">
    <p class='ocr_par' dir='ltr' id='par_1_114' title="bbox 1995 5083 3655 5172">
     <span class='ocr_line' id='line_1_115' title="bbox 1995 5083 3655 5172; baseline -0.005 -21"><span class='ocrx_word' id='word_1_805' title='bbox 1995 5102 2152 5158; x_wconf 88' lang='grc' dir='ltr'>οῦτος</span> <span class='ocrx_word' id='word_1_806' title='bbox 2202 5097 2415 5172; x_wconf 77' lang='grc' dir='ltr'>χειμὼν</span> <span class='ocrx_word' id='word_1_807' title='bbox 2463 5095 2554 5149; x_wconf 86' lang='grc' dir='ltr'>καὶ</span> <span class='ocrx_word' id='word_1_808' title='bbox 2612 5096 2753 5149; x_wconf 76' lang='grc' dir='ltr'>οὕτω</span> <span class='ocrx_word' id='word_1_809' title='bbox 2795 5091 2942 5161; x_wconf 86' lang='grc' dir='ltr'>δεινή</span> <span class='ocrx_word' id='word_1_810' title='bbox 2991 5089 3126 5160; x_wconf 85' lang='grc' dir='ltr'>ζάλη</span> <span class='ocrx_word' id='word_1_811' title='bbox 3161 5083 3477 5155; x_wconf 87' lang='grc' dir='ltr'>κατέλαϐεν,</span> <span class='ocrx_word' id='word_1_812' title='bbox 3513 5109 3655 5142; x_wconf 88' lang='grc' dir='ltr'>ωστε</span> 
     </span>
    </p>
   </div>
   <div class='ocr_carea' id='block_1_115' title="bbox 1994 5176 3656 5260">
    <p class='ocr_par' dir='ltr' id='par_1_115' title="bbox 1994 5176 3656 5260">
     <span class='ocr_line' id='line_1_116' title="bbox 1994 5176 3656 5260; baseline -0.006 -19"><span class='ocrx_word' id='word_1_813' title='bbox 1994 5186 2083 5241; x_wconf 87' lang='grc' dir='ltr'>καὶ</span> <span class='ocrx_word' id='word_1_814' title='bbox 2118 5186 2309 5260; x_wconf 80' lang='grc' dir='ltr'>μικρὸν</span> <span class='ocrx_word' id='word_1_815' title='bbox 2362 5183 2630 5242; x_wconf 88' lang='grc' dir='ltr'>ἀπέλιπον</span> <span class='ocrx_word' id='word_1_816' title='bbox 2678 5189 2775 5239; x_wconf 91' lang='grc' dir='ltr'>τοῦ</span> <span class='ocrx_word' id='word_1_817' title='bbox 2829 5184 2905 5258; x_wconf 76' lang='grc' dir='ltr'>μὴ</span> <span class='ocrx_word' id='word_1_818' title='bbox 2954 5178 3327 5236; x_wconf 78' lang='grc' dir='ltr'>καταδύεσθαι.</span> <span class='ocrx_word' id='word_1_819' title='bbox 3375 5178 3473 5231; x_wconf 83' lang='grc' dir='ltr'>Καὶ</span> <span class='ocrx_word' id='word_1_820' title='bbox 3523 5176 3656 5232; x_wconf 86' lang='grc' dir='ltr'>πάν-</span> 
     </span>
    </p>
   </div>
   <div class='ocr_carea' id='block_1_116' title="bbox 1993 5268 3655 5351">
    <p class='ocr_par' dir='ltr' id='par_1_116' title="bbox 1993 5268 3655 5351">
     <span class='ocr_line' id='line_1_117' title="bbox 1993 5268 3655 5351; baseline -0.005 -20"><span class='ocrx_word' id='word_1_821' title='bbox 1993 5298 2099 5338; x_wconf 89' lang='grc' dir='ltr'>τως</span> <span class='ocrx_word' id='word_1_822' title='bbox 2133 5276 2189 5331; x_wconf 67' lang='grc' dir='ltr'>ξὶν</span> <span class='ocrx_word' id='word_1_823' title='bbox 2225 5270 2594 5351; x_wconf 71' lang='grc' dir='ltr'>καταϐρύχιος</span> <span class='ocrx_word' id='word_1_824' title='bbox 2641 5271 2785 5344; x_wconf 71' lang='grc' dir='ltr'>ἴδον,</span> <span class='ocrx_word' id='word_1_825' title='bbox 2817 5273 2863 5329; x_wconf 76' lang='grc' dir='ltr'>εἰ</span> <span class='ocrx_word' id='word_1_826' title='bbox 2915 5274 2991 5345; x_wconf 76' lang='grc' dir='ltr'>μὴ</span> <span class='ocrx_word' id='word_1_827' title='bbox 3043 5268 3486 5344; x_wconf 78' lang='grc' dir='ltr'>ἐπηνωρθωμένα</span> <span class='ocrx_word' id='word_1_828' title='bbox 3535 5269 3655 5323; x_wconf 80' lang='grc' dir='ltr'>τινά</span> 
     </span>
    </p>
   </div>
   <div class='ocr_carea' id='block_1_117' title="bbox 1993 5355 3648 5440">
    <p class='ocr_par' dir='ltr' id='par_1_117' title="bbox 1993 5355 3648 5440">
     <span class='ocr_line' id='line_1_118' title="bbox 1993 5355 3648 5440; baseline -0.006 -20"><span class='ocrx_word' id='word_1_829' title='bbox 1993 5372 2093 5434; x_wconf 78' lang='grc' dir='ltr'>τῆς</span> <span class='ocrx_word' id='word_1_830' title='bbox 2126 5368 2264 5420; x_wconf 87' lang='grc' dir='ltr'>πάνυ</span> <span class='ocrx_word' id='word_1_831' title='bbox 2319 5362 2642 5440; x_wconf 87' lang='grc' dir='ltr'>βασιλίσσης</span> <span class='ocrx_word' id='word_1_832' title='bbox 2688 5358 2877 5439; x_wconf 83' lang='grc' dir='ltr'>βιϐλία</span> <span class='ocrx_word' id='word_1_833' title='bbox 2923 5363 3041 5426; x_wconf 84' lang='grc' dir='ltr'>καθ’</span> <span class='ocrx_word' id='word_1_834' title='bbox 3075 5358 3281 5416; x_wconf 80' lang='grc' dir='ltr'>ὑδάτων</span> <span class='ocrx_word' id='word_1_835' title='bbox 3334 5355 3442 5428; x_wconf 73' lang='grc' dir='ltr'>ἤδη</span> <span class='ocrx_word' id='word_1_836' title='bbox 3488 5358 3648 5435; x_wconf 86' lang='grc' dir='ltr'>φερό-</span> 
     </span>
    </p>
   </div>
   <div class='ocr_carea' id='block_1_118' title="bbox 1997 5443 3649 5530">
    <p class='ocr_par' dir='ltr' id='par_1_118' title="bbox 1997 5443 3649 5530">
     <span class='ocr_line' id='line_1_119' title="bbox 1997 5443 3649 5530; baseline -0.005 -22"><span class='ocrx_word' id='word_1_837' title='bbox 1997 5474 2157 5530; x_wconf 84' lang='grc' dir='ltr'>μενον</span> <span class='ocrx_word' id='word_1_838' title='bbox 2189 5452 2563 5530; x_wconf 84' lang='grc' dir='ltr'>ἐπεκούφισαν·</span> <span class='ocrx_word' id='word_1_839' title='bbox 2617 5452 2704 5530; x_wconf 83' lang='grc' dir='ltr'>ὑφ’</span> <span class='ocrx_word' id='word_1_840' title='bbox 2734 5453 2807 5506; x_wconf 84' lang='grc' dir='ltr'>ὧν</span> <span class='ocrx_word' id='word_1_841' title='bbox 2859 5450 3251 5528; x_wconf 86' lang='grc' dir='ltr'>βοηθούμενος,</span> <span class='ocrx_word' id='word_1_842' title='bbox 3286 5451 3381 5501; x_wconf 82' lang='grc' dir='ltr'>τοῦ</span> <span class='ocrx_word' id='word_1_843' title='bbox 3428 5443 3649 5500; x_wconf 88' lang='grc' dir='ltr'>κλύδω-</span> 
     </span>
    </p>
   </div>
   <div class='ocr_carea' id='block_1_119' title="bbox 1990 5536 3645 5620">
    <p class='ocr_par' dir='ltr' id='par_1_119' title="bbox 1990 5536 3645 5620">
     <span class='ocr_line' id='line_1_120' title="bbox 1990 5536 3645 5620; baseline -0.005 -22"><span class='ocrx_word' id='word_1_844' title='bbox 1990 5564 2083 5604; x_wconf 93' lang='grc' dir='ltr'>νος</span> <span class='ocrx_word' id='word_1_845' title='bbox 2143 5542 2300 5620; x_wconf 86' lang='grc' dir='ltr'>μόγις</span> <span class='ocrx_word' id='word_1_846' title='bbox 2359 5542 2624 5617; x_wconf 73' lang='grc' dir='ltr'>ὑπερῆρα,</span> <span class='ocrx_word' id='word_1_847' title='bbox 2656 5541 2837 5597; x_wconf 84' lang='grc' dir='ltr'>καὶτὸ</span> <span class='ocrx_word' id='word_1_848' title='bbox 2885 5537 3051 5612; x_wconf 79' lang='grc' dir='ltr'>τῆσδε</span> <span class='ocrx_word' id='word_1_849' title='bbox 3099 5543 3198 5609; x_wconf 74' lang='grc' dir='ltr'>τῆς</span> <span class='ocrx_word' id='word_1_850' title='bbox 3262 5536 3645 5611; x_wconf 76' lang='grc' dir='ltr'>μεταφράσεως</span> 
     </span>
    </p>
   </div>
   <div class='ocr_carea' id='block_1_120' title="bbox 1995 5628 2584 5709">
    <p class='ocr_par' dir='ltr' id='par_1_120' title="bbox 1995 5628 2584 5709">
     <span class='ocr_line' id='line_1_121' title="bbox 1995 5628 2584 5709; baseline -0.007 -21"><span class='ocrx_word' id='word_1_851' title='bbox 1995 5629 2233 5709; x_wconf 83' lang='grc' dir='ltr'>πέλαγος</span> <span class='ocrx_word' id='word_1_852' title='bbox 2273 5628 2584 5705; x_wconf 83' lang='grc' dir='ltr'>διεπέρασα.</span> 
     </span>
    </p>
   </div>
  </div>
