  <div class='ocr_page' id='page_1' title='image "/cluster/home/n/w/nwhite01/storage/ocr_20150623/35/mdp.39015012934389/176.png"; bbox 0 0 4096 6288; ppageno 0'>
   <div class='ocr_carea' id='block_1_1' title="bbox 359 393 486 453">
    <p class='ocr_par' dir='ltr' id='par_1_1' title="bbox 359 393 486 453">
     <span class='ocr_line' id='line_1_1' title="bbox 359 393 486 453; baseline 0 0"><span class='ocrx_word' id='word_1_1' title='bbox 359 393 486 453; x_wconf 72' lang='lat'><strong>343</strong></span> 
     </span>
    </p>
   </div>
   <div class='ocr_carea' id='block_1_2' title="bbox 1378 395 2778 460">
    <p class='ocr_par' dir='ltr' id='par_1_2' title="bbox 1378 395 2778 460">
     <span class='ocr_line' id='line_1_2' title="bbox 1378 395 2778 460; baseline -0.001 -1"><span class='ocrx_word' id='word_1_2' title='bbox 1378 398 1711 459; x_wconf 78' lang='lat' dir='ltr'>JOANNIS</span> <span class='ocrx_word' id='word_1_3' title='bbox 1758 395 2296 460; x_wconf 73' lang='lat' dir='ltr'>LEUVENKLAII</span> <span class='ocrx_word' id='word_1_4' title='bbox 2340 399 2778 460; x_wconf 65' lang='lat' dir='ltr'>PREFATIO.</span> 
     </span>
    </p>
   </div>
   <div class='ocr_carea' id='block_1_3' title="bbox 3664 397 3784 458">
    <p class='ocr_par' dir='ltr' id='par_1_3' title="bbox 3664 397 3784 458">
     <span class='ocr_line' id='line_1_3' title="bbox 3664 397 3784 458; baseline 0.008 -2"><span class='ocrx_word' id='word_1_5' title='bbox 3664 397 3784 458; x_wconf 81' lang='grc'>346</span> 
     </span>
    </p>
   </div>
   <div class='ocr_carea' id='block_1_4' title="bbox 442 524 2014 605">
    <p class='ocr_par' dir='ltr' id='par_1_4' title="bbox 442 524 2014 604">
     <span class='ocr_line' id='line_1_4' title="bbox 442 524 2014 604; baseline 0.003 -24"><span class='ocrx_word' id='word_1_6' title='bbox 442 524 663 582; x_wconf 78' lang='grc' dir='ltr'>Πολλοῦ</span> <span class='ocrx_word' id='word_1_7' title='bbox 712 524 758 582; x_wconf 86' lang='grc' dir='ltr'>δ’</span> <span class='ocrx_word' id='word_1_8' title='bbox 808 526 867 583; x_wconf 73' lang='grc' dir='ltr'>ἂν</span> <span class='ocrx_word' id='word_1_9' title='bbox 915 529 1260 603; x_wconf 82' lang='grc' dir='ltr'>ἐτιμησάμην</span> <span class='ocrx_word' id='word_1_10' title='bbox 1312 529 1482 604; x_wconf 78' lang='grc' dir='ltr'>εὑρεῖν</span> <span class='ocrx_word' id='word_1_11' title='bbox 1530 551 1652 585; x_wconf 85' lang='grc' dir='ltr'>τινα</span> <span class='ocrx_word' id='word_1_12' title='bbox 1695 534 1803 585; x_wconf 81' lang='grc' dir='ltr'>τῶν</span> <span class='ocrx_word' id='word_1_13' title='bbox 1849 551 2014 585; x_wconf 84' lang='grc' dir='ltr'>τυπο-</span> 
     </span>
    </p>
   </div>
   <div class='ocr_carea' id='block_1_5' title="bbox 2127 524 3789 605">
    <p class='ocr_par' dir='ltr' id='par_1_5' title="bbox 2200 532 3789 605">
     <span class='ocr_line' id='line_1_5' title="bbox 2200 532 3789 605; baseline 0.001 -17"><span class='ocrx_word' id='word_1_14' title='bbox 2200 533 2413 588; x_wconf 84' lang='lat' dir='ltr'>Mirum</span> <span class='ocrx_word' id='word_1_15' title='bbox 2458 549 2625 605; x_wconf 87' lang='lat' dir='ltr'>porro</span> <span class='ocrx_word' id='word_1_16' title='bbox 2676 550 2768 589; x_wconf 89' lang='lat' dir='ltr'>me</span> <span class='ocrx_word' id='word_1_17' title='bbox 2806 534 2996 591; x_wconf 84' lang='lat' dir='ltr'>tenuit</span> <span class='ocrx_word' id='word_1_18' title='bbox 3035 533 3391 589; x_wconf 78' lang='lat' dir='ltr'>desiderium</span> <span class='ocrx_word' id='word_1_19' title='bbox 3434 532 3789 605; x_wconf 84' lang='lat' dir='ltr'>typograpbi</span> 
     </span>
    </p>
   </div>
   <div class='ocr_carea' id='block_1_6' title="bbox 361 616 2019 693">
    <p class='ocr_par' dir='ltr' id='par_1_6' title="bbox 361 616 2019 693">
     <span class='ocr_line' id='line_1_6' title="bbox 361 616 2019 693; baseline 0.003 -24"><span class='ocrx_word' id='word_1_20' title='bbox 361 616 739 693; x_wconf 69' lang='grc' dir='ltr'>γραφούντων,</span> <span class='ocrx_word' id='word_1_21' title='bbox 800 616 943 679; x_wconf 76' lang='grc' dir='ltr'>ὅστις</span> <span class='ocrx_word' id='word_1_22' title='bbox 1002 618 1115 690; x_wconf 77' lang='grc' dir='ltr'>ἅμα</span> <span class='ocrx_word' id='word_1_23' title='bbox 1168 624 1247 690; x_wconf 83' lang='grc' dir='ltr'>τῷ</span> <span class='ocrx_word' id='word_1_24' title='bbox 1302 618 1559 692; x_wconf 77' lang='grc' dir='ltr'>Ῥωμαίῳ</span> <span class='ocrx_word' id='word_1_25' title='bbox 1609 619 1697 675; x_wconf 84' lang='grc' dir='ltr'>καὶ</span> <span class='ocrx_word' id='word_1_26' title='bbox 1744 620 1836 674; x_wconf 87' lang='grc' dir='ltr'>τὸν</span> <span class='ocrx_word' id='word_1_27' title='bbox 1893 618 2019 674; x_wconf 86' lang='grc' dir='ltr'>Ἐλ-</span> 
     </span>
    </p>
   </div>
   <div class='ocr_carea' id='block_1_7' title="bbox 366 703 2019 782">
    <p class='ocr_par' dir='ltr' id='par_1_7' title="bbox 366 703 2019 782">
     <span class='ocr_line' id='line_1_7' title="bbox 366 703 2019 782; baseline 0.002 -23"><span class='ocrx_word' id='word_1_28' title='bbox 366 703 594 774; x_wconf 79' lang='grc' dir='ltr'>ληνικὸν</span> <span class='ocrx_word' id='word_1_29' title='bbox 647 706 949 782; x_wconf 85' lang='grc' dir='ltr'>Γρηγόριον</span> <span class='ocrx_word' id='word_1_30' title='bbox 998 707 1257 762; x_wconf 74' lang='grc' dir='ltr'>ἐκτυποῦν</span> <span class='ocrx_word' id='word_1_31' title='bbox 1305 703 1584 777; x_wconf 73' lang='grc' dir='ltr'>ἐϐούλετο,</span> <span class='ocrx_word' id='word_1_32' title='bbox 1629 707 1722 763; x_wconf 69' lang='grc' dir='ltr'>’ἱνα</span> <span class='ocrx_word' id='word_1_33' title='bbox 1767 713 1873 763; x_wconf 83' lang='grc' dir='ltr'>τῶν</span> <span class='ocrx_word' id='word_1_34' title='bbox 1920 709 2019 763; x_wconf 76' lang='grc' dir='ltr'>ἐπ-</span> 
     </span>
    </p>
   </div>
   <div class='ocr_carea' id='block_1_8' title="bbox 364 795 2015 873">
    <p class='ocr_par' dir='ltr' id='par_1_8' title="bbox 364 795 2015 873">
     <span class='ocr_line' id='line_1_8' title="bbox 364 795 2015 873; baseline 0.002 -26"><span class='ocrx_word' id='word_1_35' title='bbox 364 795 719 868; x_wconf 81' lang='grc' dir='ltr'>ανορθώσεων</span> <span class='ocrx_word' id='word_1_36' title='bbox 774 796 1010 868; x_wconf 79' lang='grc' dir='ltr'>ἐκείνων,</span> <span class='ocrx_word' id='word_1_37' title='bbox 1044 796 1104 858; x_wconf 78' lang='grc' dir='ltr'>ἃς</span> <span class='ocrx_word' id='word_1_38' title='bbox 1153 796 1210 851; x_wconf 80' lang='grc' dir='ltr'>ἐκ</span> <span class='ocrx_word' id='word_1_39' title='bbox 1236 802 1342 851; x_wconf 80' lang='grc' dir='ltr'>τῶν</span> <span class='ocrx_word' id='word_1_40' title='bbox 1374 805 1475 867; x_wconf 78' lang='grc' dir='ltr'>τῆς</span> <span class='ocrx_word' id='word_1_41' title='bbox 1520 797 1841 873; x_wconf 82' lang='grc' dir='ltr'>βασιλίσσης</span> <span class='ocrx_word' id='word_1_42' title='bbox 1870 799 2015 853; x_wconf 84' lang='grc' dir='ltr'>ἀντι-</span> 
     </span>
    </p>
   </div>
   <div class='ocr_carea' id='block_1_9' title="bbox 363 879 2017 960">
    <p class='ocr_par' dir='ltr' id='par_1_9' title="bbox 363 879 2017 960">
     <span class='ocr_line' id='line_1_9' title="bbox 363 879 2017 960; baseline 0.003 -23"><span class='ocrx_word' id='word_1_43' title='bbox 363 883 591 958; x_wconf 71' lang='grc' dir='ltr'>γράφων</span> <span class='ocrx_word' id='word_1_44' title='bbox 649 879 865 957; x_wconf 78' lang='grc' dir='ltr'>ἔλαϐον,</span> <span class='ocrx_word' id='word_1_45' title='bbox 916 885 1061 957; x_wconf 80' lang='grc' dir='ltr'>αὐτῷ</span> <span class='ocrx_word' id='word_1_46' title='bbox 1113 883 1425 958; x_wconf 87' lang='grc' dir='ltr'>μεταδοίην.</span> <span class='ocrx_word' id='word_1_47' title='bbox 1477 888 1625 941; x_wconf 78' lang='grc' dir='ltr'>Ἐπεὶ</span> <span class='ocrx_word' id='word_1_48' title='bbox 1687 885 1743 942; x_wconf 77' lang='grc' dir='ltr'>δὲ</span> <span class='ocrx_word' id='word_1_49' title='bbox 1783 887 2017 960; x_wconf 76' lang='grc' dir='ltr'>τοιούτῳ</span> 
     </span>
    </p>
   </div>
   <div class='ocr_carea' id='block_1_10' title="bbox 360 972 2012 1050">
    <p class='ocr_par' dir='ltr' id='par_1_10' title="bbox 360 972 2012 1050">
     <span class='ocr_line' id='line_1_10' title="bbox 360 972 2012 1050; baseline 0.002 -23"><span class='ocrx_word' id='word_1_50' title='bbox 360 972 467 1027; x_wconf 88' lang='grc' dir='ltr'>τινὶ</span> <span class='ocrx_word' id='word_1_51' title='bbox 500 972 741 1049; x_wconf 80' lang='grc' dir='ltr'>ἐντυχεῖν</span> <span class='ocrx_word' id='word_1_52' title='bbox 795 975 893 1029; x_wconf 85' lang='grc' dir='ltr'>οὐκ</span> <span class='ocrx_word' id='word_1_53' title='bbox 940 973 1206 1050; x_wconf 69' lang='grc' dir='ltr'>ἐξεγένετό</span> <span class='ocrx_word' id='word_1_54' title='bbox 1261 996 1377 1048; x_wconf 86' lang='grc' dir='ltr'>μοι,</span> <span class='ocrx_word' id='word_1_55' title='bbox 1428 976 1456 1030; x_wconf 83' lang='grc' dir='ltr'>’ὁ</span> <span class='ocrx_word' id='word_1_56' title='bbox 1507 975 1699 1032; x_wconf 81' lang='grc' dir='ltr'>λοιπόν</span> <span class='ocrx_word' id='word_1_57' title='bbox 1734 976 1865 1046; x_wconf 79' lang='grc' dir='ltr'>ἐστι,</span> <span class='ocrx_word' id='word_1_58' title='bbox 1922 978 2012 1031; x_wconf 87' lang='grc' dir='ltr'>τὸν</span> 
     </span>
    </p>
   </div>
   <div class='ocr_carea' id='block_1_11' title="bbox 361 1060 2014 1142">
    <p class='ocr_par' dir='ltr' id='par_1_11' title="bbox 361 1060 2014 1142">
     <span class='ocr_line' id='line_1_11' title="bbox 361 1060 2014 1142; baseline 0.002 -25"><span class='ocrx_word' id='word_1_59' title='bbox 361 1063 633 1135; x_wconf 81' lang='grc' dir='ltr'>Ῥωμαῖον</span> <span class='ocrx_word' id='word_1_60' title='bbox 685 1060 971 1137; x_wconf 64' lang='grc' dir='ltr'>ἐπιδίδωμι,</span> <span class='ocrx_word' id='word_1_61' title='bbox 1022 1064 1069 1118; x_wconf 71' lang='grc' dir='ltr'>εἴ</span> <span class='ocrx_word' id='word_1_62' title='bbox 1121 1065 1214 1137; x_wconf 73' lang='grc' dir='ltr'>μὲν</span> <span class='ocrx_word' id='word_1_63' title='bbox 1263 1066 1399 1140; x_wconf 82' lang='grc' dir='ltr'>πρὸς</span> <span class='ocrx_word' id='word_1_64' title='bbox 1446 1067 1544 1135; x_wconf 76' lang='grc' dir='ltr'>τὴν</span> <span class='ocrx_word' id='word_1_65' title='bbox 1581 1070 1678 1120; x_wconf 79' lang='grc' dir='ltr'>τοῦ</span> <span class='ocrx_word' id='word_1_66' title='bbox 1710 1066 2014 1142; x_wconf 84' lang='grc' dir='ltr'>Γρηγορίου</span> 
     </span>
    </p>
   </div>
   <div class='ocr_carea' id='block_1_12' title="bbox 362 1149 2012 1232">
    <p class='ocr_par' dir='ltr' id='par_1_12' title="bbox 362 1149 2012 1232">
     <span class='ocr_line' id='line_1_12' title="bbox 362 1149 2012 1232; baseline 0.002 -27"><span class='ocrx_word' id='word_1_67' title='bbox 362 1149 668 1226; x_wconf 78' lang='grc' dir='ltr'>λογιότητα</span> <span class='ocrx_word' id='word_1_68' title='bbox 716 1154 804 1207; x_wconf 80' lang='grc' dir='ltr'>καὶ</span> <span class='ocrx_word' id='word_1_69' title='bbox 865 1153 1271 1231; x_wconf 69' lang='grc' dir='ltr'>μεγαλοφωνίαν</span> <span class='ocrx_word' id='word_1_70' title='bbox 1323 1160 1753 1232; x_wconf 76' lang='grc' dir='ltr'>παραμετροῖτο,</span> <span class='ocrx_word' id='word_1_71' title='bbox 1804 1155 2012 1231; x_wconf 79' lang='grc' dir='ltr'>παραῤ-</span> 
     </span>
    </p>
   </div>
   <div class='ocr_carea' id='block_1_13' title="bbox 362 1240 2012 1319">
    <p class='ocr_par' dir='ltr' id='par_1_13' title="bbox 362 1240 2012 1319">
     <span class='ocr_line' id='line_1_13' title="bbox 362 1240 2012 1319; baseline 0.003 -25"><span class='ocrx_word' id='word_1_72' title='bbox 362 1240 785 1318; x_wconf 74' lang='grc' dir='ltr'>ριφθησόμενον,</span> <span class='ocrx_word' id='word_1_73' title='bbox 820 1242 875 1297; x_wconf 77' lang='grc' dir='ltr'>εὖ</span> <span class='ocrx_word' id='word_1_74' title='bbox 927 1240 1066 1315; x_wconf 78' lang='grc' dir='ltr'>οἶδα,</span> <span class='ocrx_word' id='word_1_75' title='bbox 1118 1243 1192 1305; x_wconf 83' lang='grc' dir='ltr'>ὡς</span> <span class='ocrx_word' id='word_1_76' title='bbox 1248 1243 1462 1305; x_wconf 79' lang='grc' dir='ltr'>οὐδενὸς</span> <span class='ocrx_word' id='word_1_77' title='bbox 1496 1244 1637 1315; x_wconf 75' lang='grc' dir='ltr'>ἄξιον</span> <span class='ocrx_word' id='word_1_78' title='bbox 1698 1243 1742 1299; x_wconf 84' lang='grc' dir='ltr'>εἰ</span> <span class='ocrx_word' id='word_1_79' title='bbox 1790 1242 1846 1298; x_wconf 74' lang='grc' dir='ltr'>δὲ</span> <span class='ocrx_word' id='word_1_80' title='bbox 1876 1246 2012 1319; x_wconf 80' lang='grc' dir='ltr'>πρὸς</span> 
     </span>
    </p>
   </div>
   <div class='ocr_carea' id='block_1_14' title="bbox 357 1329 2009 1411">
    <p class='ocr_par' dir='ltr' id='par_1_14' title="bbox 357 1329 2009 1411">
     <span class='ocr_line' id='line_1_14' title="bbox 357 1329 2009 1411; baseline 0.002 -26"><span class='ocrx_word' id='word_1_81' title='bbox 357 1332 459 1398; x_wconf 75' lang='grc' dir='ltr'>τήν</span> <span class='ocrx_word' id='word_1_82' title='bbox 493 1331 760 1407; x_wconf 76' lang='grc' dir='ltr'>ἡμετέραν</span> <span class='ocrx_word' id='word_1_83' title='bbox 794 1329 1043 1405; x_wconf 67' lang='grc' dir='ltr'>δύναμιν,</span> <span class='ocrx_word' id='word_1_84' title='bbox 1078 1332 1139 1387; x_wconf 79' lang='grc' dir='ltr'>οὐ</span> <span class='ocrx_word' id='word_1_85' title='bbox 1189 1334 1380 1408; x_wconf 83' lang='grc' dir='ltr'>μικρὸν</span> <span class='ocrx_word' id='word_1_86' title='bbox 1434 1331 1565 1395; x_wconf 66' lang='grc' dir='ltr'>ἴσως</span> <span class='ocrx_word' id='word_1_87' title='bbox 1611 1334 2009 1411; x_wconf 75' lang='grc' dir='ltr'>φανησόμενον.</span> 
     </span>
    </p>
   </div>
   <div class='ocr_carea' id='block_1_15' title="bbox 362 1418 2011 1497">
    <p class='ocr_par' dir='ltr' id='par_1_15' title="bbox 362 1418 2011 1497">
     <span class='ocr_line' id='line_1_15' title="bbox 362 1418 2011 1497; baseline 0.002 -24"><span class='ocrx_word' id='word_1_88' title='bbox 362 1419 646 1474; x_wconf 83' lang='grc' dir='ltr'>Ἐπιεικῶν</span> <span class='ocrx_word' id='word_1_89' title='bbox 681 1418 738 1474; x_wconf 76' lang='grc' dir='ltr'>δὲ</span> <span class='ocrx_word' id='word_1_90' title='bbox 778 1422 1077 1497; x_wconf 84' lang='grc' dir='ltr'>ἀνθρώπων</span> <span class='ocrx_word' id='word_1_91' title='bbox 1124 1420 1233 1476; x_wconf 79' lang='grc' dir='ltr'>ἐστὶ</span> <span class='ocrx_word' id='word_1_92' title='bbox 1280 1422 1340 1476; x_wconf 90' lang='grc' dir='ltr'>τὸ</span> <span class='ocrx_word' id='word_1_93' title='bbox 1392 1424 1525 1476; x_wconf 76' lang='grc' dir='ltr'>κατὰ</span> <span class='ocrx_word' id='word_1_94' title='bbox 1576 1420 1799 1494; x_wconf 81' lang='grc' dir='ltr'>δύναμιν</span> <span class='ocrx_word' id='word_1_95' title='bbox 1851 1423 2011 1477; x_wconf 83' lang='grc' dir='ltr'>ἀπαι-</span> 
     </span>
    </p>
   </div>
   <div class='ocr_carea' id='block_1_16' title="bbox 359 1507 2010 1590">
    <p class='ocr_par' dir='ltr' id='par_1_16' title="bbox 359 1507 2010 1590">
     <span class='ocr_line' id='line_1_16' title="bbox 359 1507 2010 1590; baseline 0.002 -28"><span class='ocrx_word' id='word_1_96' title='bbox 359 1513 494 1574; x_wconf 81' lang='grc' dir='ltr'>τεῖν,</span> <span class='ocrx_word' id='word_1_97' title='bbox 528 1509 616 1563; x_wconf 85' lang='grc' dir='ltr'>καὶ</span> <span class='ocrx_word' id='word_1_98' title='bbox 664 1507 831 1582; x_wconf 74' lang='grc' dir='ltr'>μηδὲν</span> <span class='ocrx_word' id='word_1_99' title='bbox 876 1510 1066 1587; x_wconf 72' lang='grc' dir='ltr'>πόῤῥω</span> <span class='ocrx_word' id='word_1_100' title='bbox 1116 1511 1411 1580; x_wconf 62' lang='grc' dir='ltr'>ἐπιζητεῖν.</span> <span class='ocrx_word' id='word_1_101' title='bbox 1440 1511 1733 1587; x_wconf 74' lang='grc' dir='ltr'>“Ἐῥρωσθε,</span> <span class='ocrx_word' id='word_1_102' title='bbox 1768 1513 1813 1565; x_wconf 83' lang='grc' dir='ltr'>ὦ</span> <span class='ocrx_word' id='word_1_103' title='bbox 1858 1511 2010 1590; x_wconf 79' lang='grc' dir='ltr'>φίλαι</span> 
     </span>
    </p>
   </div>
   <div class='ocr_carea' id='block_1_17' title="bbox 360 1594 2013 1676">
    <p class='ocr_par' dir='ltr' id='par_1_17' title="bbox 360 1594 2013 1676">
     <span class='ocr_line' id='line_1_17' title="bbox 360 1594 2013 1676; baseline 0.004 -26"><span class='ocrx_word' id='word_1_104' title='bbox 360 1594 615 1672; x_wconf 77' lang='grc' dir='ltr'>κεφαλαὶ,</span> <span class='ocrx_word' id='word_1_105' title='bbox 648 1599 737 1653; x_wconf 87' lang='grc' dir='ltr'>καὶ</span> <span class='ocrx_word' id='word_1_106' title='bbox 769 1599 905 1676; x_wconf 84' lang='grc' dir='ltr'>πρὸς</span> <span class='ocrx_word' id='word_1_107' title='bbox 932 1600 1031 1669; x_wconf 74' lang='grc' dir='ltr'>τὴν</span> <span class='ocrx_word' id='word_1_108' title='bbox 1062 1597 1525 1671; x_wconf 78' lang='grc' dir='ltr'>ὁποιανδηποτοῢν</span> <span class='ocrx_word' id='word_1_109' title='bbox 1556 1600 1805 1676; x_wconf 77' lang='grc' dir='ltr'>ἐργασίαν</span> <span class='ocrx_word' id='word_1_110' title='bbox 1852 1604 2013 1675; x_wconf 77' lang='grc' dir='ltr'>ἡμῶν</span> 
     </span>
    </p>
   </div>
   <div class='ocr_carea' id='block_1_18' title="bbox 360 1684 773 1761">
    <p class='ocr_par' dir='ltr' id='par_1_18' title="bbox 360 1684 773 1761">
     <span class='ocr_line' id='line_1_18' title="bbox 360 1684 773 1761; baseline 0.012 -22"><span class='ocrx_word' id='word_1_111' title='bbox 360 1684 773 1761; x_wconf 83' lang='grc' dir='ltr'>εὐγνωμονεῖτε.</span> 
     </span>
    </p>
   </div>
   <div class='ocr_carea' id='block_1_19' title="bbox 2129 621 3784 694">
    <p class='ocr_par' dir='ltr' id='par_1_19' title="bbox 2129 621 3784 694">
     <span class='ocr_line' id='line_1_19' title="bbox 2129 621 3784 694; baseline -0.001 -17"><span class='ocrx_word' id='word_1_112' title='bbox 2129 625 2229 693; x_wconf 86' lang='lat' dir='ltr'>qui</span> <span class='ocrx_word' id='word_1_113' title='bbox 2263 639 2380 677; x_wconf 91' lang='lat' dir='ltr'>una</span> <span class='ocrx_word' id='word_1_114' title='bbox 2411 639 2545 677; x_wconf 91' lang='lat' dir='ltr'>cum</span> <span class='ocrx_word' id='word_1_115' title='bbox 2575 624 2837 678; x_wconf 85' lang='lat' dir='ltr'>versione</span> <span class='ocrx_word' id='word_1_116' title='bbox 2868 622 3025 694; x_wconf 91' lang='lat' dir='ltr'>prelo</span> <span class='ocrx_word' id='word_1_117' title='bbox 3057 622 3344 693; x_wconf 83' lang='lat' dir='ltr'>subjicere</span> <span class='ocrx_word' id='word_1_118' title='bbox 3374 621 3545 677; x_wconf 91' lang='lat' dir='ltr'>vellet</span> <span class='ocrx_word' id='word_1_119' title='bbox 3563 626 3784 677; x_wconf 79' lang='lat' dir='ltr'>textum</span> 
     </span>
    </p>
   </div>
   <div class='ocr_carea' id='block_1_20' title="bbox 2128 712 3784 784">
    <p class='ocr_par' dir='ltr' id='par_1_20' title="bbox 2128 712 3784 784">
     <span class='ocr_line' id='line_1_20' title="bbox 2128 712 3784 784; baseline -0.001 -17"><span class='ocrx_word' id='word_1_120' title='bbox 2128 712 2764 783; x_wconf 76' lang='lat' dir='ltr'>GregoriiGrzecum,ut</span> <span class='ocrx_word' id='word_1_121' title='bbox 2799 712 2931 767; x_wconf 88' lang='lat' dir='ltr'>illas</span> <span class='ocrx_word' id='word_1_122' title='bbox 2966 712 3078 784; x_wconf 85' lang='lat' dir='ltr'>ipsi</span> <span class='ocrx_word' id='word_1_123' title='bbox 3102 713 3390 767; x_wconf 80' lang='lat' dir='ltr'>traderem</span> <span class='ocrx_word' id='word_1_124' title='bbox 3438 728 3585 782; x_wconf 90' lang='lat' dir='ltr'>quas</span> <span class='ocrx_word' id='word_1_125' title='bbox 3616 726 3784 765; x_wconf 90' lang='lat' dir='ltr'>erue-</span> 
     </span>
    </p>
   </div>
   <div class='ocr_carea' id='block_1_21' title="bbox 2128 798 3785 874">
    <p class='ocr_par' dir='ltr' id='par_1_21' title="bbox 2128 798 3785 874">
     <span class='ocr_line' id='line_1_21' title="bbox 2128 798 3785 874; baseline -0.002 -17"><span class='ocrx_word' id='word_1_126' title='bbox 2128 818 2252 857; x_wconf 92' lang='lat' dir='ltr'>ram</span> <span class='ocrx_word' id='word_1_127' title='bbox 2285 818 2315 856; x_wconf 90' lang='lat' dir='ltr'>e</span> <span class='ocrx_word' id='word_1_128' title='bbox 2347 801 2561 872; x_wconf 62' lang='lat' dir='ltr'>reginas</span> <span class='ocrx_word' id='word_1_129' title='bbox 2591 801 3023 874; x_wconf 83' lang='lat' dir='ltr'>exemplaribus</span> <span class='ocrx_word' id='word_1_130' title='bbox 3055 801 3511 856; x_wconf 90' lang='lat' dir='ltr'>emendationes.</span> <span class='ocrx_word' id='word_1_131' title='bbox 3548 801 3620 854; x_wconf 85' lang='lat' dir='ltr'>At</span> <span class='ocrx_word' id='word_1_132' title='bbox 3668 798 3785 854; x_wconf 91' lang='lat' dir='ltr'>voti</span> 
     </span>
    </p>
   </div>
   <div class='ocr_carea' id='block_1_22' title="bbox 2127 888 3781 964">
    <p class='ocr_par' dir='ltr' id='par_1_22' title="bbox 2127 888 3781 964">
     <span class='ocr_line' id='line_1_22' title="bbox 2127 888 3781 964; baseline -0.002 -17"><span class='ocrx_word' id='word_1_133' title='bbox 2127 892 2368 947; x_wconf 89' lang='lat' dir='ltr'>minime</span> <span class='ocrx_word' id='word_1_134' title='bbox 2398 906 2659 961; x_wconf 87' lang='lat' dir='ltr'>compos,</span> <span class='ocrx_word' id='word_1_135' title='bbox 2688 892 3000 964; x_wconf 83' lang='lat' dir='ltr'>diligenter</span> <span class='ocrx_word' id='word_1_136' title='bbox 3032 890 3341 961; x_wconf 77' lang='lat' dir='ltr'>quzesitum</span> <span class='ocrx_word' id='word_1_137' title='bbox 3368 906 3481 944; x_wconf 91' lang='lat' dir='ltr'>non</span> <span class='ocrx_word' id='word_1_138' title='bbox 3515 888 3729 943; x_wconf 72' lang='lat' dir='ltr'>offendi</span> <span class='ocrx_word' id='word_1_139' title='bbox 3768 904 3781 943; x_wconf 91' lang='lat'><strong>:</strong></span> 
     </span>
    </p>
   </div>
   <div class='ocr_carea' id='block_1_23' title="bbox 2125 977 3781 1054">
    <p class='ocr_par' dir='ltr' id='par_1_23' title="bbox 2125 977 3781 1054">
     <span class='ocr_line' id='line_1_23' title="bbox 2125 977 3781 1054; baseline -0.003 -18"><span class='ocrx_word' id='word_1_140' title='bbox 2125 983 2279 1052; x_wconf 93' lang='lat' dir='ltr'>quod</span> <span class='ocrx_word' id='word_1_141' title='bbox 2342 982 2518 1054; x_wconf 81' lang='lat' dir='ltr'>igitur</span> <span class='ocrx_word' id='word_1_142' title='bbox 2575 986 2866 1054; x_wconf 86' lang='lat' dir='ltr'>superest,</span> <span class='ocrx_word' id='word_1_143' title='bbox 2922 978 3461 1050; x_wconf 85' lang='lat' dir='ltr'>interpretationem</span> <span class='ocrx_word' id='word_1_144' title='bbox 3514 977 3781 1033; x_wconf 79' lang='lat' dir='ltr'>Latinam</span> 
     </span>
    </p>
   </div>
   <div class='ocr_carea' id='block_1_24' title="bbox 2125 1066 3785 1143">
    <p class='ocr_par' dir='ltr' id='par_1_24' title="bbox 2125 1066 3785 1143">
     <span class='ocr_line' id='line_1_24' title="bbox 2125 1066 3785 1143; baseline -0.002 -19"><span class='ocrx_word' id='word_1_145' title='bbox 2125 1072 2348 1127; x_wconf 88' lang='lat' dir='ltr'>emitto.</span> <span class='ocrx_word' id='word_1_146' title='bbox 2383 1072 2441 1127; x_wconf 90' lang='lat' dir='ltr'>Si</span> <span class='ocrx_word' id='word_1_147' title='bbox 2476 1071 2880 1143; x_wconf 87' lang='lat' dir='ltr'>perpenbatur</span> <span class='ocrx_word' id='word_1_148' title='bbox 2927 1068 2997 1122; x_wconf 92' lang='lat' dir='ltr'>ad</span> <span class='ocrx_word' id='word_1_149' title='bbox 3052 1068 3385 1122; x_wconf 73' lang='lat' dir='ltr'>facundiam</span> <span class='ocrx_word' id='word_1_150' title='bbox 3436 1066 3698 1139; x_wconf 87' lang='lat' dir='ltr'>Gregorii</span> <span class='ocrx_word' id='word_1_151' title='bbox 3728 1070 3785 1122; x_wconf 89' lang='lat' dir='ltr'>et</span> 
     </span>
    </p>
   </div>
   <div class='ocr_carea' id='block_1_25' title="bbox 2122 1155 3782 1231">
    <p class='ocr_par' dir='ltr' id='par_1_25' title="bbox 2122 1155 3782 1231">
     <span class='ocr_line' id='line_1_25' title="bbox 2122 1155 3782 1231; baseline -0.003 -17"><span class='ocrx_word' id='word_1_152' title='bbox 2122 1159 2468 1215; x_wconf 85' lang='lat' dir='ltr'>elocutionis</span> <span class='ocrx_word' id='word_1_153' title='bbox 2522 1160 2893 1231; x_wconf 90' lang='lat' dir='ltr'>dignitatem,</span> <span class='ocrx_word' id='word_1_154' title='bbox 2926 1155 3125 1211; x_wconf 91' lang='lat' dir='ltr'>nullus</span> <span class='ocrx_word' id='word_1_155' title='bbox 3174 1155 3375 1210; x_wconf 90' lang='lat' dir='ltr'>dubito</span> <span class='ocrx_word' id='word_1_156' title='bbox 3431 1155 3570 1227; x_wconf 92' lang='lat' dir='ltr'>quin</span> <span class='ocrx_word' id='word_1_157' title='bbox 3605 1172 3782 1227; x_wconf 91' lang='lat' dir='ltr'>repu-</span> 
     </span>
    </p>
   </div>
   <div class='ocr_carea' id='block_1_26' title="bbox 2123 1244 3783 1318">
    <p class='ocr_par' dir='ltr' id='par_1_26' title="bbox 2123 1244 3783 1318">
     <span class='ocr_line' id='line_1_26' title="bbox 2123 1244 3783 1318; baseline -0.003 -15"><span class='ocrx_word' id='word_1_158' title='bbox 2123 1249 2653 1317; x_wconf 89' lang='lat' dir='ltr'>dietur,utnullius</span> <span class='ocrx_word' id='word_1_159' title='bbox 2684 1247 2889 1318; x_wconf 85' lang='lat' dir='ltr'>pretii;</span> <span class='ocrx_word' id='word_1_160' title='bbox 2926 1248 2973 1301; x_wconf 89' lang='lat' dir='ltr'>si</span> <span class='ocrx_word' id='word_1_161' title='bbox 3007 1263 3138 1301; x_wconf 87' lang='lat' dir='ltr'>vero</span> <span class='ocrx_word' id='word_1_162' title='bbox 3173 1246 3439 1317; x_wconf 84' lang='lat' dir='ltr'>exigatur</span> <span class='ocrx_word' id='word_1_163' title='bbox 3459 1245 3530 1299; x_wconf 87' lang='lat' dir='ltr'>ad</span> <span class='ocrx_word' id='word_1_164' title='bbox 3562 1244 3783 1299; x_wconf 89' lang='lat' dir='ltr'>virium</span> 
     </span>
    </p>
   </div>
   <div class='ocr_carea' id='block_1_27' title="bbox 2126 1334 3785 1403">
    <p class='ocr_par' dir='ltr' id='par_1_27' title="bbox 2126 1334 3785 1403">
     <span class='ocr_line' id='line_1_27' title="bbox 2126 1334 3785 1403; baseline -0.001 -12"><span class='ocrx_word' id='word_1_165' title='bbox 2126 1342 2456 1393; x_wconf 85' lang='lat' dir='ltr'>nostrarum</span> <span class='ocrx_word' id='word_1_166' title='bbox 2512 1338 2839 1403; x_wconf 90' lang='lat' dir='ltr'>modulum,</span> <span class='ocrx_word' id='word_1_167' title='bbox 2893 1352 3007 1391; x_wconf 90' lang='lat' dir='ltr'>non</span> <span class='ocrx_word' id='word_1_168' title='bbox 3059 1334 3488 1391; x_wconf 90' lang='lat' dir='ltr'>contemnenda</span> <span class='ocrx_word' id='word_1_169' title='bbox 3536 1334 3785 1389; x_wconf 82' lang='lat' dir='ltr'>fortasse</span> 
     </span>
    </p>
   </div>
   <div class='ocr_carea' id='block_1_28' title="bbox 2120 1423 3757 1495">
    <p class='ocr_par' dir='ltr' id='par_1_28' title="bbox 2120 1423 3757 1495">
     <span class='ocr_line' id='line_1_28' title="bbox 2120 1423 3757 1495; baseline -0.004 -13"><span class='ocrx_word' id='word_1_170' title='bbox 2120 1427 2429 1482; x_wconf 89' lang='lat' dir='ltr'>videbitur.</span> <span class='ocrx_word' id='word_1_171' title='bbox 2474 1426 2574 1480; x_wconf 91' lang='lat' dir='ltr'>Vir</span> <span class='ocrx_word' id='word_1_172' title='bbox 2600 1427 2788 1481; x_wconf 88' lang='lat' dir='ltr'>bonus</span> <span class='ocrx_word' id='word_1_173' title='bbox 2818 1425 2875 1479; x_wconf 90' lang='lat' dir='ltr'>id</span> <span class='ocrx_word' id='word_1_174' title='bbox 2908 1424 3086 1495; x_wconf 84' lang='lat' dir='ltr'>exigit</span> <span class='ocrx_word' id='word_1_175' title='bbox 3117 1424 3270 1495; x_wconf 91' lang='lat' dir='ltr'>quod</span> <span class='ocrx_word' id='word_1_176' title='bbox 3302 1423 3523 1477; x_wconf 87' lang='lat' dir='ltr'>viribus</span> <span class='ocrx_word' id='word_1_177' title='bbox 3546 1438 3757 1494; x_wconf 91' lang='lat' dir='ltr'>respon</span> 
     </span>
    </p>
   </div>
   <div class='ocr_carea' id='block_1_29' title="bbox 2121 1514 3784 1586">
    <p class='ocr_par' dir='ltr' id='par_1_29' title="bbox 2121 1514 3784 1586">
     <span class='ocr_line' id='line_1_29' title="bbox 2121 1514 3784 1586; baseline -0.002 -13"><span class='ocrx_word' id='word_1_178' title='bbox 2121 1518 2240 1585; x_wconf 91' lang='lat' dir='ltr'>det,</span> <span class='ocrx_word' id='word_1_179' title='bbox 2300 1517 2445 1573; x_wconf 88' lang='lat' dir='ltr'>nihil</span> <span class='ocrx_word' id='word_1_180' title='bbox 2494 1517 2668 1572; x_wconf 91' lang='lat' dir='ltr'>ultra.</span> <span class='ocrx_word' id='word_1_181' title='bbox 2729 1516 2948 1581; x_wconf 88' lang='lat' dir='ltr'>Valete,</span> <span class='ocrx_word' id='word_1_182' title='bbox 2981 1516 3170 1581; x_wconf 84' lang='lat' dir='ltr'>amici,</span> <span class='ocrx_word' id='word_1_183' title='bbox 3224 1520 3283 1570; x_wconf 92' lang='lat' dir='ltr'>et</span> <span class='ocrx_word' id='word_1_184' title='bbox 3328 1514 3784 1586; x_wconf 89' lang='lat' dir='ltr'>qualiscumque</span> 
     </span>
    </p>
   </div>
   <div class='ocr_carea' id='block_1_30' title="bbox 2122 1602 3636 1675">
    <p class='ocr_par' dir='ltr' id='par_1_30' title="bbox 2122 1602 3636 1675">
     <span class='ocr_line' id='line_1_30' title="bbox 2122 1602 3636 1675; baseline -0.001 -16"><span class='ocrx_word' id='word_1_185' title='bbox 2122 1606 2304 1661; x_wconf 89' lang='lat' dir='ltr'>nostri</span> <span class='ocrx_word' id='word_1_186' title='bbox 2330 1605 2552 1662; x_wconf 87' lang='lat' dir='ltr'>laboris</span> <span class='ocrx_word' id='word_1_187' title='bbox 2582 1620 2875 1660; x_wconf 88' lang='lat' dir='ltr'>memores</span> <span class='ocrx_word' id='word_1_188' title='bbox 2903 1620 3003 1658; x_wconf 92' lang='lat' dir='ltr'>vos</span> <span class='ocrx_word' id='word_1_189' title='bbox 3025 1609 3338 1675; x_wconf 88' lang='lat' dir='ltr'>gratosque</span> <span class='ocrx_word' id='word_1_190' title='bbox 3365 1602 3636 1674; x_wconf 82' lang='lat' dir='ltr'>praebete.</span> 
     </span>
    </p>
   </div>
   <div class='ocr_carea' id='block_1_31' title="bbox 1623 2027 2530 2089">
    <p class='ocr_par' dir='ltr' id='par_1_31' title="bbox 1623 2027 2530 2089">
     <span class='ocr_line' id='line_1_31' title="bbox 1623 2027 2530 2089; baseline -0.001 0"><span class='ocrx_word' id='word_1_191' title='bbox 1623 2028 1951 2089; x_wconf 85' lang='lat' dir='ltr'>JOANNIS</span> <span class='ocrx_word' id='word_1_192' title='bbox 2000 2027 2530 2088; x_wconf 85' lang='lat' dir='ltr'>LEUVENKLAII</span> 
     </span>
    </p>
   </div>
   <div class='ocr_carea' id='block_1_32' title="bbox 355 2173 3787 2248">
    <p class='ocr_par' dir='ltr' id='par_1_32' title="bbox 355 2173 3787 2248">
     <span class='ocr_line' id='line_1_32' title="bbox 355 2173 3787 2248; baseline -0 -18"><span class='ocrx_word' id='word_1_193' title='bbox 355 2174 440 2230; x_wconf 78' lang='lat' dir='ltr'>Ad</span> <span class='ocrx_word' id='word_1_194' title='bbox 485 2175 1011 2230; x_wconf 65' lang='lat' dir='ltr'>reverendissimum</span> <span class='ocrx_word' id='word_1_195' title='bbox 1039 2184 1090 2231; x_wconf 80' lang='lat' dir='ltr'>et</span> <span class='ocrx_word' id='word_1_196' title='bbox 1120 2175 1573 2232; x_wconf 75' lang='lat' dir='ltr'>illustrissimum</span> <span class='ocrx_word' id='word_1_197' title='bbox 1592 2178 1909 2248; x_wconf 77' lang='lat' dir='ltr'>Principem</span> <span class='ocrx_word' id='word_1_198' title='bbox 1930 2178 1991 2234; x_wconf 90' lang='lat' dir='ltr'>D.</span> <span class='ocrx_word' id='word_1_199' title='bbox 2025 2179 2310 2245; x_wconf 76' lang='lat' dir='ltr'>Joannem,</span> <span class='ocrx_word' id='word_1_200' title='bbox 2345 2177 2878 2239; x_wconf 80' lang='lat' dir='ltr'>Monasteriensium,</span> <span class='ocrx_word' id='word_1_201' title='bbox 2912 2176 3395 2248; x_wconf 69' lang='lat' dir='ltr'>Osnabrugiorum</span> <span class='ocrx_word' id='word_1_202' title='bbox 3424 2182 3474 2228; x_wconf 79' lang='lat' dir='ltr'>et</span> <span class='ocrx_word' id='word_1_203' title='bbox 3497 2173 3787 2248; x_wconf 75' lang='lat' dir='ltr'>Paderbo-</span> 
     </span>
    </p>
   </div>
   <div class='ocr_carea' id='block_1_33' title="bbox 608 2246 3548 2318">
    <p class='ocr_par' dir='ltr' id='par_1_33' title="bbox 608 2246 3548 2318">
     <span class='ocr_line' id='line_1_33' title="bbox 608 2246 3548 2318; baseline 0 -18"><span class='ocrx_word' id='word_1_204' title='bbox 608 2249 831 2302; x_wconf 83' lang='lat' dir='ltr'>niorum</span> <span class='ocrx_word' id='word_1_205' title='bbox 868 2250 1193 2316; x_wconf 78' lang='lat' dir='ltr'>antistitem,</span> <span class='ocrx_word' id='word_1_206' title='bbox 1226 2250 1580 2305; x_wconf 80' lang='lat' dir='ltr'>nobilissima</span> <span class='ocrx_word' id='word_1_207' title='bbox 1610 2246 1880 2304; x_wconf 70' lang='lat' dir='ltr'>comitum</span> <span class='ocrx_word' id='word_1_208' title='bbox 1911 2249 2259 2304; x_wconf 78' lang='lat' dir='ltr'>lloianorum</span> <span class='ocrx_word' id='word_1_209' title='bbox 2293 2253 2452 2318; x_wconf 82' lang='lat' dir='ltr'>gente</span> <span class='ocrx_word' id='word_1_210' title='bbox 2479 2257 2691 2312; x_wconf 81' lang='lat' dir='ltr'>natum,</span> <span class='ocrx_word' id='word_1_211' title='bbox 2726 2248 3011 2302; x_wconf 77' lang='lat' dir='ltr'>dominum</span> <span class='ocrx_word' id='word_1_212' title='bbox 3052 2263 3219 2301; x_wconf 83' lang='lat' dir='ltr'>suum</span> <span class='ocrx_word' id='word_1_213' title='bbox 3245 2246 3548 2301; x_wconf 74' lang='lat' dir='ltr'>clementis-</span> 
     </span>
    </p>
   </div>
   <div class='ocr_carea' id='block_1_34' title="bbox 1314 2318 2838 2392">
    <p class='ocr_par' dir='ltr' id='par_1_34' title="bbox 1314 2318 2838 2392">
     <span class='ocr_line' id='line_1_34' title="bbox 1314 2318 2838 2392; baseline -0.001 -17"><span class='ocrx_word' id='word_1_214' title='bbox 1314 2322 1549 2392; x_wconf 80' lang='lat' dir='ltr'>simum,</span> <span class='ocrx_word' id='word_1_215' title='bbox 1574 2323 1633 2375; x_wconf 79' lang='lat' dir='ltr'>in</span> <span class='ocrx_word' id='word_1_216' title='bbox 1662 2320 1916 2391; x_wconf 71' lang='lat' dir='ltr'>Gregorii</span> <span class='ocrx_word' id='word_1_217' title='bbox 1942 2322 2300 2376; x_wconf 70' lang='lat' dir='ltr'>Nazianzeni</span> <span class='ocrx_word' id='word_1_218' title='bbox 2329 2318 2631 2375; x_wconf 75' lang='lat' dir='ltr'>editionem</span> <span class='ocrx_word' id='word_1_219' title='bbox 2660 2335 2838 2373; x_wconf 84' lang='lat' dir='ltr'>suam.</span> 
     </span>
    </p>
   </div>
   <div class='ocr_carea' id='block_1_35' title="bbox 1902 2622 2242 2663">
    <p class='ocr_par' dir='ltr' id='par_1_35' title="bbox 1902 2622 2242 2663">
     <span class='ocr_line' id='line_1_35' title="bbox 1902 2622 2242 2663; baseline -0.003 -1"><span class='ocrx_word' id='word_1_220' title='bbox 1902 2622 2242 2663; x_wconf 74' lang='lat' dir='ltr'><strong>PROOEMIUM</strong></span> 
     </span>
    </p>
   </div>
   <div class='ocr_carea' id='block_1_36' title="bbox 432 2779 3785 2857">
    <p class='ocr_par' dir='ltr' id='par_1_36' title="bbox 432 2779 3785 2857">
     <span class='ocr_line' id='line_1_36' title="bbox 432 2779 3785 2857; baseline 0.001 -25"><span class='ocrx_word' id='word_1_221' title='bbox 432 2782 593 2834; x_wconf 91' lang='lat' dir='ltr'>Inter</span> <span class='ocrx_word' id='word_1_222' title='bbox 622 2779 753 2847; x_wconf 83' lang='lat' dir='ltr'>alia,</span> <span class='ocrx_word' id='word_1_223' title='bbox 789 2798 916 2853; x_wconf 70' lang='lat' dir='ltr'>quae</span> <span class='ocrx_word' id='word_1_224' title='bbox 949 2783 1155 2854; x_wconf 88' lang='lat' dir='ltr'>primis</span> <span class='ocrx_word' id='word_1_225' title='bbox 1180 2784 1253 2839; x_wconf 88' lang='lat' dir='ltr'>ab</span> <span class='ocrx_word' id='word_1_226' title='bbox 1282 2785 1452 2841; x_wconf 89' lang='lat' dir='ltr'>annis</span> <span class='ocrx_word' id='word_1_227' title='bbox 1494 2802 1675 2857; x_wconf 85' lang='lat' dir='ltr'>supra</span> <span class='ocrx_word' id='word_1_228' title='bbox 1718 2801 1810 2841; x_wconf 91' lang='lat' dir='ltr'>res</span> <span class='ocrx_word' id='word_1_229' title='bbox 1842 2789 2015 2841; x_wconf 69' lang='lat' dir='ltr'>ceate-</span> <span class='ocrx_word' id='word_1_230' title='bbox 2044 2788 2091 2853; x_wconf 90' lang='lat' dir='ltr'><strong>B</strong></span> <span class='ocrx_word' id='word_1_231' title='bbox 2123 2785 2401 2857; x_wconf 82' lang='lat' dir='ltr'>aliquem,</span> <span class='ocrx_word' id='word_1_232' title='bbox 2427 2784 2677 2840; x_wconf 90' lang='lat' dir='ltr'>aliorum</span> <span class='ocrx_word' id='word_1_233' title='bbox 2702 2783 3191 2856; x_wconf 88' lang='lat' dir='ltr'>quoquejudicio,</span> <span class='ocrx_word' id='word_1_234' title='bbox 3222 2786 3577 2838; x_wconf 84' lang='lat' dir='ltr'>consecutus</span> <span class='ocrx_word' id='word_1_235' title='bbox 3620 2781 3785 2837; x_wconf 86' lang='lat' dir='ltr'>vide-</span> 
     </span>
    </p>
   </div>
   <div class='ocr_carea' id='block_1_37' title="bbox 366 2868 2021 2941">
    <p class='ocr_par' dir='ltr' id='par_1_37' title="bbox 366 2868 2021 2941">
     <span class='ocr_line' id='line_1_37' title="bbox 366 2868 2021 2941; baseline 0.006 -21"><span class='ocrx_word' id='word_1_236' title='bbox 366 2884 463 2921; x_wconf 89' lang='lat' dir='ltr'>ras</span> <span class='ocrx_word' id='word_1_237' title='bbox 495 2868 692 2924; x_wconf 90' lang='lat' dir='ltr'>animo</span> <span class='ocrx_word' id='word_1_238' title='bbox 744 2886 871 2925; x_wconf 91' lang='lat' dir='ltr'>meo</span> <span class='ocrx_word' id='word_1_239' title='bbox 922 2872 1157 2926; x_wconf 79' lang='lat' dir='ltr'>fuerunt</span> <span class='ocrx_word' id='word_1_240' title='bbox 1207 2872 1267 2926; x_wconf 93' lang='lat' dir='ltr'>in</span> <span class='ocrx_word' id='word_1_241' title='bbox 1335 2873 1559 2929; x_wconf 90' lang='lat' dir='ltr'>deliciis</span> <span class='ocrx_word' id='word_1_242' title='bbox 1611 2879 1669 2929; x_wconf 92' lang='lat' dir='ltr'>et</span> <span class='ocrx_word' id='word_1_243' title='bbox 1700 2875 2021 2941; x_wconf 86' lang='lat' dir='ltr'>amoribus,</span> 
     </span>
    </p>
   </div>
   <div class='ocr_carea' id='block_1_38' title="bbox 364 2958 2021 3034">
    <p class='ocr_par' dir='ltr' id='par_1_38' title="bbox 364 2958 2021 3034">
     <span class='ocr_line' id='line_1_38' title="bbox 364 2958 2021 3034; baseline 0.005 -25"><span class='ocrx_word' id='word_1_244' title='bbox 364 2958 851 3015; x_wconf 84' lang='lat' dir='ltr'>reverendiseime</span> <span class='ocrx_word' id='word_1_245' title='bbox 888 2975 954 3014; x_wconf 90' lang='lat' dir='ltr'>ac</span> <span class='ocrx_word' id='word_1_246' title='bbox 986 2959 1384 3017; x_wconf 87' lang='lat' dir='ltr'>illustrissime</span> <span class='ocrx_word' id='word_1_247' title='bbox 1444 2962 1738 3034; x_wconf 82' lang='lat' dir='ltr'>Princeps,</span> <span class='ocrx_word' id='word_1_248' title='bbox 1789 2980 2021 3033; x_wconf 87' lang='lat' dir='ltr'>semper</span> 
     </span>
    </p>
   </div>
   <div class='ocr_carea' id='block_1_39' title="bbox 368 3044 2020 3123">
    <p class='ocr_par' dir='ltr' id='par_1_39' title="bbox 368 3044 2020 3123">
     <span class='ocr_line' id='line_1_39' title="bbox 368 3044 2020 3123; baseline 0.005 -25"><span class='ocrx_word' id='word_1_249' title='bbox 368 3044 591 3099; x_wconf 87' lang='lat' dir='ltr'>occulta</span> <span class='ocrx_word' id='word_1_250' title='bbox 620 3048 871 3118; x_wconf 89' lang='lat' dir='ltr'>quadam</span> <span class='ocrx_word' id='word_1_251' title='bbox 917 3052 975 3103; x_wconf 91' lang='lat' dir='ltr'>et</span> <span class='ocrx_word' id='word_1_252' title='bbox 1013 3048 1338 3104; x_wconf 89' lang='lat' dir='ltr'>incredibili</span> <span class='ocrx_word' id='word_1_253' title='bbox 1370 3056 1589 3105; x_wconf 62' lang='lat' dir='ltr'>naturas</span> <span class='ocrx_word' id='word_1_254' title='bbox 1632 3052 2020 3123; x_wconf 89' lang='lat' dir='ltr'>propensione</span> 
     </span>
    </p>
   </div>
   <div class='ocr_carea' id='block_1_40' title="bbox 366 3133 2018 3209">
    <p class='ocr_par' dir='ltr' id='par_1_40' title="bbox 366 3133 2018 3209">
     <span class='ocr_line' id='line_1_40' title="bbox 366 3133 2018 3209; baseline 0.005 -22"><span class='ocrx_word' id='word_1_255' title='bbox 366 3140 484 3187; x_wconf 89' lang='lat' dir='ltr'>tam</span> <span class='ocrx_word' id='word_1_256' title='bbox 507 3133 851 3202; x_wconf 86' lang='lat' dir='ltr'>litterarum,</span> <span class='ocrx_word' id='word_1_257' title='bbox 867 3153 1044 3207; x_wconf 90' lang='lat' dir='ltr'>quam</span> <span class='ocrx_word' id='word_1_258' title='bbox 1068 3138 1441 3209; x_wconf 87' lang='lat' dir='ltr'>antiquitatis</span> <span class='ocrx_word' id='word_1_259' title='bbox 1459 3139 1664 3195; x_wconf 63' lang='lat' dir='ltr'>Graecis</span> <span class='ocrx_word' id='word_1_260' title='bbox 1686 3140 2018 3195; x_wconf 89' lang='lat' dir='ltr'>studiosum</span> 
     </span>
    </p>
   </div>
   <div class='ocr_carea' id='block_1_41' title="bbox 364 3223 2018 3301">
    <p class='ocr_par' dir='ltr' id='par_1_41' title="bbox 364 3223 2018 3301">
     <span class='ocr_line' id='line_1_41' title="bbox 364 3223 2018 3301; baseline 0.004 -24"><span class='ocrx_word' id='word_1_261' title='bbox 364 3238 460 3277; x_wconf 86' lang='lat' dir='ltr'>me</span> <span class='ocrx_word' id='word_1_262' title='bbox 488 3223 679 3279; x_wconf 79' lang='lat' dir='ltr'>fuisne</span> <span class='ocrx_word' id='word_1_263' title='bbox 715 3225 925 3281; x_wconf 88' lang='lat' dir='ltr'>fateor:</span> <span class='ocrx_word' id='word_1_264' title='bbox 958 3242 1075 3297; x_wconf 93' lang='lat' dir='ltr'>qua</span> <span class='ocrx_word' id='word_1_265' title='bbox 1091 3226 1329 3298; x_wconf 92' lang='lat' dir='ltr'>quidem</span> <span class='ocrx_word' id='word_1_266' title='bbox 1353 3226 1555 3301; x_wconf 89' lang='lat' dir='ltr'>lingua</span> <span class='ocrx_word' id='word_1_267' title='bbox 1575 3228 1768 3284; x_wconf 89' lang='lat' dir='ltr'>omnis</span> <span class='ocrx_word' id='word_1_268' title='bbox 1789 3229 2018 3301; x_wconf 87' lang='lat' dir='ltr'>generis</span> 
     </span>
    </p>
   </div>
   <div class='ocr_carea' id='block_1_42' title="bbox 364 3313 2019 3389">
    <p class='ocr_par' dir='ltr' id='par_1_42' title="bbox 364 3313 2019 3389">
     <span class='ocr_line' id='line_1_42' title="bbox 364 3313 2019 3389; baseline 0.005 -23"><span class='ocrx_word' id='word_1_269' title='bbox 364 3313 787 3381; x_wconf 89' lang='lat' dir='ltr'>doctrinarum,</span> <span class='ocrx_word' id='word_1_270' title='bbox 820 3321 878 3370; x_wconf 92' lang='lat' dir='ltr'>et</span> <span class='ocrx_word' id='word_1_271' title='bbox 925 3316 1224 3387; x_wconf 73' lang='lat' dir='ltr'>sapientiae</span> <span class='ocrx_word' id='word_1_272' title='bbox 1264 3317 1573 3373; x_wconf 88' lang='lat' dir='ltr'>thesauros</span> <span class='ocrx_word' id='word_1_273' title='bbox 1618 3318 2019 3389; x_wconf 83' lang='lat' dir='ltr'>amplissimos</span> 
     </span>
    </p>
   </div>
   <div class='ocr_carea' id='block_1_43' title="bbox 363 3402 2018 3478">
    <p class='ocr_par' dir='ltr' id='par_1_43' title="bbox 363 3402 2018 3478">
     <span class='ocr_line' id='line_1_43' title="bbox 363 3402 2018 3478; baseline 0.004 -23"><span class='ocrx_word' id='word_1_274' title='bbox 363 3402 647 3456; x_wconf 88' lang='lat' dir='ltr'>contineri</span> <span class='ocrx_word' id='word_1_275' title='bbox 682 3403 1229 3460; x_wconf 89' lang='lat' dir='ltr'>animadverterem.</span> <span class='ocrx_word' id='word_1_276' title='bbox 1270 3406 1385 3460; x_wconf 88' lang='lat' dir='ltr'>Hac</span> <span class='ocrx_word' id='word_1_277' title='bbox 1433 3424 1570 3461; x_wconf 90' lang='lat' dir='ltr'>usos</span> <span class='ocrx_word' id='word_1_278' title='bbox 1618 3411 1742 3461; x_wconf 91' lang='lat' dir='ltr'>tum</span> <span class='ocrx_word' id='word_1_279' title='bbox 1795 3407 2018 3478; x_wconf 86' lang='lat' dir='ltr'>priscos</span> 
     </span>
    </p>
   </div>
   <div class='ocr_carea' id='block_1_44' title="bbox 362 3488 2016 3567">
    <p class='ocr_par' dir='ltr' id='par_1_44' title="bbox 362 3488 2016 3567">
     <span class='ocr_line' id='line_1_44' title="bbox 362 3488 2016 3567; baseline 0.004 -23"><span class='ocrx_word' id='word_1_280' title='bbox 362 3488 494 3545; x_wconf 90' lang='lat' dir='ltr'>illos</span> <span class='ocrx_word' id='word_1_281' title='bbox 528 3490 930 3563; x_wconf 85' lang='lat' dir='ltr'>philosophos,</span> <span class='ocrx_word' id='word_1_282' title='bbox 954 3497 1079 3547; x_wconf 92' lang='lat' dir='ltr'>tum</span> <span class='ocrx_word' id='word_1_283' title='bbox 1113 3494 1466 3550; x_wconf 88' lang='lat' dir='ltr'>recentiores</span> <span class='ocrx_word' id='word_1_284' title='bbox 1496 3511 1697 3550; x_wconf 91' lang='lat' dir='ltr'>eorum</span> <span class='ocrx_word' id='word_1_285' title='bbox 1732 3494 2016 3567; x_wconf 89' lang='lat' dir='ltr'>interpre-</span> 
     </span>
    </p>
   </div>
   <div class='ocr_carea' id='block_1_45' title="bbox 359 3578 2017 3651">
    <p class='ocr_par' dir='ltr' id='par_1_45' title="bbox 359 3578 2017 3651">
     <span class='ocr_line' id='line_1_45' title="bbox 359 3578 2017 3651; baseline 0.004 -18"><span class='ocrx_word' id='word_1_286' title='bbox 359 3582 470 3649; x_wconf 90' lang='lat' dir='ltr'>tes,</span> <span class='ocrx_word' id='word_1_287' title='bbox 502 3578 695 3651; x_wconf 91' lang='lat' dir='ltr'>quise</span> <span class='ocrx_word' id='word_1_288' title='bbox 745 3580 954 3636; x_wconf 60' lang='lat' dir='ltr'>schola:</span> <span class='ocrx_word' id='word_1_289' title='bbox 1002 3581 1313 3638; x_wconf 83' lang='lat' dir='ltr'>Platonicae</span> <span class='ocrx_word' id='word_1_290' title='bbox 1362 3600 1731 3640; x_wconf 86' lang='lat' dir='ltr'>successores</span> <span class='ocrx_word' id='word_1_291' title='bbox 1774 3584 2017 3639; x_wconf 86' lang='lat' dir='ltr'>Athenis</span> 
     </span>
    </p>
   </div>
   <div class='ocr_carea' id='block_1_46' title="bbox 360 3666 2017 3742">
    <p class='ocr_par' dir='ltr' id='par_1_46' title="bbox 360 3666 2017 3742">
     <span class='ocr_line' id='line_1_46' title="bbox 360 3666 2017 3742; baseline 0.004 -21"><span class='ocrx_word' id='word_1_292' title='bbox 360 3666 760 3739; x_wconf 83' lang='lat' dir='ltr'>appellabant,</span> <span class='ocrx_word' id='word_1_293' title='bbox 779 3671 1064 3742; x_wconf 89' lang='lat' dir='ltr'>quidquid</span> <span class='ocrx_word' id='word_1_294' title='bbox 1090 3672 1161 3726; x_wconf 94' lang='lat' dir='ltr'>de</span> <span class='ocrx_word' id='word_1_295' title='bbox 1190 3676 1314 3726; x_wconf 87' lang='lat' dir='ltr'>arte</span> <span class='ocrx_word' id='word_1_296' title='bbox 1345 3671 1694 3738; x_wconf 88' lang='lat' dir='ltr'>disserendi,</span> <span class='ocrx_word' id='word_1_297' title='bbox 1727 3673 1796 3728; x_wconf 94' lang='lat' dir='ltr'>de</span> <span class='ocrx_word' id='word_1_298' title='bbox 1826 3676 2017 3727; x_wconf 88' lang='lat' dir='ltr'>orato-</span> 
     </span>
    </p>
   </div>
   <div class='ocr_carea' id='block_1_47' title="bbox 360 3756 2018 3829">
    <p class='ocr_par' dir='ltr' id='par_1_47' title="bbox 360 3756 2018 3829">
     <span class='ocr_line' id='line_1_47' title="bbox 360 3756 2018 3829; baseline 0.003 -19"><span class='ocrx_word' id='word_1_299' title='bbox 360 3756 470 3826; x_wconf 90' lang='lat' dir='ltr'>ria,</span> <span class='ocrx_word' id='word_1_300' title='bbox 511 3757 582 3812; x_wconf 89' lang='lat' dir='ltr'>de</span> <span class='ocrx_word' id='word_1_301' title='bbox 613 3756 767 3812; x_wconf 89' lang='lat' dir='ltr'>civili</span> <span class='ocrx_word' id='word_1_302' title='bbox 818 3759 1149 3829; x_wconf 87' lang='lat' dir='ltr'>prudentia,</span> <span class='ocrx_word' id='word_1_303' title='bbox 1202 3761 1273 3814; x_wconf 93' lang='lat' dir='ltr'>de</span> <span class='ocrx_word' id='word_1_304' title='bbox 1333 3760 1619 3829; x_wconf 90' lang='lat' dir='ltr'>moribus,</span> <span class='ocrx_word' id='word_1_305' title='bbox 1678 3761 1748 3814; x_wconf 93' lang='lat' dir='ltr'>de</span> <span class='ocrx_word' id='word_1_306' title='bbox 1806 3766 2018 3815; x_wconf 89' lang='lat' dir='ltr'>natura</span> 
     </span>
    </p>
   </div>
   <div class='ocr_carea' id='block_1_48' title="bbox 358 3847 2017 3921">
    <p class='ocr_par' dir='ltr' id='par_1_48' title="bbox 358 3847 2017 3921">
     <span class='ocr_line' id='line_1_48' title="bbox 358 3847 2017 3921; baseline 0.002 -22"><span class='ocrx_word' id='word_1_307' title='bbox 358 3860 579 3916; x_wconf 88' lang='lat' dir='ltr'>rerum,</span> <span class='ocrx_word' id='word_1_308' title='bbox 614 3847 682 3900; x_wconf 92' lang='lat' dir='ltr'>de</span> <span class='ocrx_word' id='word_1_309' title='bbox 712 3848 1082 3918; x_wconf 85' lang='lat' dir='ltr'>geometricis</span> <span class='ocrx_word' id='word_1_310' title='bbox 1112 3848 1642 3921; x_wconf 87' lang='lat' dir='ltr'>astronomicisque</span> <span class='ocrx_word' id='word_1_311' title='bbox 1688 3848 2017 3920; x_wconf 81' lang='lat' dir='ltr'>disciplinis</span> 
     </span>
    </p>
   </div>
   <div class='ocr_carea' id='block_1_49' title="bbox 360 3934 2018 4009">
    <p class='ocr_par' dir='ltr' id='par_1_49' title="bbox 360 3934 2018 4009">
     <span class='ocr_line' id='line_1_49' title="bbox 360 3934 2018 4009; baseline 0.003 -21"><span class='ocrx_word' id='word_1_312' title='bbox 360 3934 510 3989; x_wconf 86' lang='lat' dir='ltr'>tradi</span> <span class='ocrx_word' id='word_1_313' title='bbox 532 3939 742 4006; x_wconf 90' lang='lat' dir='ltr'>potest,</span> <span class='ocrx_word' id='word_1_314' title='bbox 759 3935 1084 3991; x_wconf 89' lang='lat' dir='ltr'>litterarum</span> <span class='ocrx_word' id='word_1_315' title='bbox 1110 3937 1504 3993; x_wconf 89' lang='lat' dir='ltr'>monumentis</span> <span class='ocrx_word' id='word_1_316' title='bbox 1526 3936 1859 4009; x_wconf 84' lang='lat' dir='ltr'>complexos</span> <span class='ocrx_word' id='word_1_317' title='bbox 1889 3954 2018 3993; x_wconf 90' lang='lat' dir='ltr'>esse</span> 
     </span>
    </p>
   </div>
   <div class='ocr_carea' id='block_1_50' title="bbox 359 4022 2015 4098">
    <p class='ocr_par' dir='ltr' id='par_1_50' title="bbox 359 4022 2015 4098">
     <span class='ocr_line' id='line_1_50' title="bbox 359 4022 2015 4098; baseline 0.002 -20"><span class='ocrx_word' id='word_1_318' title='bbox 359 4022 631 4079; x_wconf 86' lang='lat' dir='ltr'>videbam</span> <span class='ocrx_word' id='word_1_319' title='bbox 685 4025 845 4081; x_wconf 84' lang='lat' dir='ltr'>:hac</span> <span class='ocrx_word' id='word_1_320' title='bbox 880 4024 1270 4081; x_wconf 85' lang='lat' dir='ltr'>maximarum</span> <span class='ocrx_word' id='word_1_321' title='bbox 1320 4043 1422 4098; x_wconf 91' lang='lat' dir='ltr'>per</span> <span class='ocrx_word' id='word_1_322' title='bbox 1468 4030 1667 4082; x_wconf 86' lang='lat' dir='ltr'>orbem</span> <span class='ocrx_word' id='word_1_323' title='bbox 1716 4031 2015 4097; x_wconf 89' lang='lat' dir='ltr'>gestarum</span> 
     </span>
    </p>
   </div>
   <div class='ocr_carea' id='block_1_51' title="bbox 359 4113 2015 4186">
    <p class='ocr_par' dir='ltr' id='par_1_51' title="bbox 359 4113 2015 4186">
     <span class='ocr_line' id='line_1_51' title="bbox 359 4113 2015 4186; baseline 0.003 -20"><span class='ocrx_word' id='word_1_324' title='bbox 359 4128 555 4167; x_wconf 89' lang='lat' dir='ltr'>rerum</span> <span class='ocrx_word' id='word_1_325' title='bbox 591 4113 868 4169; x_wconf 85' lang='lat' dir='ltr'>historias</span> <span class='ocrx_word' id='word_1_326' title='bbox 918 4115 1332 4186; x_wconf 89' lang='lat' dir='ltr'>comprehendi</span> <span class='ocrx_word' id='word_1_327' title='bbox 1364 4131 1376 4170; x_wconf 88' lang='lat'><strong>:</strong></span> <span class='ocrx_word' id='word_1_328' title='bbox 1404 4115 1509 4170; x_wconf 90' lang='lat' dir='ltr'>hac</span> <span class='ocrx_word' id='word_1_329' title='bbox 1541 4116 1682 4170; x_wconf 88' lang='lat' dir='ltr'>artis</span> <span class='ocrx_word' id='word_1_330' title='bbox 1715 4117 2015 4172; x_wconf 69' lang='lat' dir='ltr'>medicinae</span> 
     </span>
    </p>
   </div>
   <div class='ocr_carea' id='block_1_52' title="bbox 359 4203 2016 4275">
    <p class='ocr_par' dir='ltr' id='par_1_52' title="bbox 359 4203 2016 4275">
     <span class='ocr_line' id='line_1_52' title="bbox 359 4203 2016 4275; baseline 0.003 -19"><span class='ocrx_word' id='word_1_331' title='bbox 359 4218 574 4257; x_wconf 90' lang='lat' dir='ltr'>arcana</span> <span class='ocrx_word' id='word_1_332' title='bbox 622 4203 915 4258; x_wconf 63' lang='lat' dir='ltr'>memoria</span> <span class='ocrx_word' id='word_1_333' title='bbox 970 4204 1137 4275; x_wconf 90' lang='lat' dir='ltr'>prodi</span> <span class='ocrx_word' id='word_1_334' title='bbox 1174 4221 1184 4259; x_wconf 92' lang='lat'>:</span> <span class='ocrx_word' id='word_1_335' title='bbox 1218 4204 1328 4258; x_wconf 88' lang='lat' dir='ltr'>hac</span> <span class='ocrx_word' id='word_1_336' title='bbox 1381 4203 1700 4259; x_wconf 81' lang='lat' dir='ltr'>illustrium</span> <span class='ocrx_word' id='word_1_337' title='bbox 1753 4205 2016 4261; x_wconf 70' lang='lat' dir='ltr'>Ecclesiae</span> 
     </span>
    </p>
   </div>
   <div class='ocr_carea' id='block_1_53' title="bbox 356 4290 2017 4349">
    <p class='ocr_par' dir='ltr' id='par_1_53' title="bbox 356 4290 2017 4349">
     <span class='ocr_line' id='line_1_53' title="bbox 356 4290 2017 4349; baseline 0.002 -4"><span class='ocrx_word' id='word_1_338' title='bbox 356 4290 569 4346; x_wconf 89' lang='lat' dir='ltr'>veteris</span> <span class='ocrx_word' id='word_1_339' title='bbox 615 4291 926 4346; x_wconf 91' lang='lat' dir='ltr'>hominum</span> <span class='ocrx_word' id='word_1_340' title='bbox 968 4293 1040 4347; x_wconf 89' lang='lat' dir='ltr'>de</span> <span class='ocrx_word' id='word_1_341' title='bbox 1093 4293 1277 4348; x_wconf 87' lang='lat' dir='ltr'>sacris</span> <span class='ocrx_word' id='word_1_342' title='bbox 1324 4294 1497 4348; x_wconf 92' lang='lat' dir='ltr'>rebus</span> <span class='ocrx_word' id='word_1_343' title='bbox 1542 4294 2017 4349; x_wconf 88' lang='lat' dir='ltr'>accuratissimas</span> 
     </span>
    </p>
   </div>
   <div class='ocr_carea' id='block_1_54' title="bbox 360 4379 2017 4453">
    <p class='ocr_par' dir='ltr' id='par_1_54' title="bbox 360 4379 2017 4453">
     <span class='ocr_line' id='line_1_54' title="bbox 360 4379 2017 4453; baseline 0.002 -20"><span class='ocrx_word' id='word_1_344' title='bbox 360 4379 789 4450; x_wconf 86' lang='lat' dir='ltr'>disputationes</span> <span class='ocrx_word' id='word_1_345' title='bbox 813 4397 941 4436; x_wconf 90' lang='lat' dir='ltr'>esse</span> <span class='ocrx_word' id='word_1_346' title='bbox 972 4382 1265 4452; x_wconf 84' lang='lat' dir='ltr'>expositas</span> <span class='ocrx_word' id='word_1_347' title='bbox 1291 4398 1303 4435; x_wconf 89' lang='lat'><strong>:</strong></span> <span class='ocrx_word' id='word_1_348' title='bbox 1330 4381 1391 4436; x_wconf 92' lang='lat' dir='ltr'>in</span> <span class='ocrx_word' id='word_1_349' title='bbox 1424 4381 1573 4437; x_wconf 90' lang='lat' dir='ltr'>hanc</span> <span class='ocrx_word' id='word_1_350' title='bbox 1596 4382 2017 4453; x_wconf 86' lang='lat' dir='ltr'>deniquejuris</span> 
     </span>
    </p>
   </div>
   <div class='ocr_carea' id='block_1_55' title="bbox 361 4465 2017 4542">
    <p class='ocr_par' dir='ltr' id='par_1_55' title="bbox 361 4465 2017 4542">
     <span class='ocr_line' id='line_1_55' title="bbox 361 4465 2017 4542; baseline 0.004 -22"><span class='ocrx_word' id='word_1_351' title='bbox 361 4465 539 4521; x_wconf 83' lang='lat' dir='ltr'>etiam</span> <span class='ocrx_word' id='word_1_352' title='bbox 582 4466 789 4533; x_wconf 88' lang='lat' dir='ltr'>civilis,</span> <span class='ocrx_word' id='word_1_353' title='bbox 841 4484 955 4539; x_wconf 92' lang='lat' dir='ltr'>quo</span> <span class='ocrx_word' id='word_1_354' title='bbox 997 4469 1238 4539; x_wconf 88' lang='lat' dir='ltr'>utimur,</span> <span class='ocrx_word' id='word_1_355' title='bbox 1273 4468 1454 4524; x_wconf 90' lang='lat' dir='ltr'>libros</span> <span class='ocrx_word' id='word_1_356' title='bbox 1501 4469 1582 4525; x_wconf 90' lang='lat' dir='ltr'>ita</span> <span class='ocrx_word' id='word_1_357' title='bbox 1631 4472 2017 4542; x_wconf 89' lang='lat' dir='ltr'>transcriptos</span> 
     </span>
    </p>
   </div>
   <div class='ocr_carea' id='block_1_56' title="bbox 362 4556 2012 4629">
    <p class='ocr_par' dir='ltr' id='par_1_56' title="bbox 362 4556 2012 4629">
     <span class='ocr_line' id='line_1_56' title="bbox 362 4556 2012 4629; baseline 0.003 -21"><span class='ocrx_word' id='word_1_358' title='bbox 362 4570 514 4621; x_wconf 86' lang='lat' dir='ltr'>esse,</span> <span class='ocrx_word' id='word_1_359' title='bbox 545 4560 607 4610; x_wconf 92' lang='lat' dir='ltr'>ut</span> <span class='ocrx_word' id='word_1_360' title='bbox 636 4556 821 4612; x_wconf 90' lang='lat' dir='ltr'>multa</span> <span class='ocrx_word' id='word_1_361' title='bbox 853 4557 997 4622; x_wconf 87' lang='lat' dir='ltr'>loca,</span> <span class='ocrx_word' id='word_1_362' title='bbox 1023 4558 1374 4628; x_wconf 63' lang='lat' dir='ltr'>ceteroquin</span> <span class='ocrx_word' id='word_1_363' title='bbox 1409 4558 1856 4629; x_wconf 88' lang='lat' dir='ltr'>obscurissima,</span> <span class='ocrx_word' id='word_1_364' title='bbox 1894 4559 2012 4614; x_wconf 87' lang='lat' dir='ltr'>sin-</span> 
     </span>
    </p>
   </div>
   <div class='ocr_carea' id='block_1_57' title="bbox 361 4633 2014 4717">
    <p class='ocr_par' dir='ltr' id='par_1_57' title="bbox 361 4633 2014 4717">
     <span class='ocr_line' id='line_1_57' title="bbox 361 4633 2014 4717; baseline 0.004 -20"><span class='ocrx_word' id='word_1_365' title='bbox 361 4633 562 4717; x_wconf 79' lang='lat' dir='ltr'>gulare</span> <span class='ocrx_word' id='word_1_366' title='bbox 584 4646 876 4716; x_wconf 89' lang='lat' dir='ltr'>quoddam</span> <span class='ocrx_word' id='word_1_367' title='bbox 891 4662 959 4701; x_wconf 83' lang='lat' dir='ltr'>ex</span> <span class='ocrx_word' id='word_1_368' title='bbox 973 4646 1450 4717; x_wconf 89' lang='lat' dir='ltr'>interpretatione</span> <span class='ocrx_word' id='word_1_369' title='bbox 1470 4645 1799 4702; x_wconf 68' lang='lat' dir='ltr'>Graecorum</span> <span class='ocrx_word' id='word_1_370' title='bbox 1815 4645 2014 4703; x_wconf 90' lang='lat' dir='ltr'>lumen</span> 
     </span>
    </p>
   </div>
   <div class='ocr_carea' id='block_1_58' title="bbox 361 4733 2014 4805">
    <p class='ocr_par' dir='ltr' id='par_1_58' title="bbox 361 4733 2014 4805">
     <span class='ocr_line' id='line_1_58' title="bbox 361 4733 2014 4805; baseline 0.002 -16"><span class='ocrx_word' id='word_1_371' title='bbox 361 4733 674 4805; x_wconf 85' lang='lat' dir='ltr'>accipiant.</span> <span class='ocrx_word' id='word_1_372' title='bbox 698 4734 861 4798; x_wconf 88' lang='lat' dir='ltr'>Quod</span> <span class='ocrx_word' id='word_1_373' title='bbox 894 4750 1033 4789; x_wconf 88' lang='lat' dir='ltr'>sane</span> <span class='ocrx_word' id='word_1_374' title='bbox 1064 4740 1454 4805; x_wconf 90' lang='lat' dir='ltr'>postremum,</span> <span class='ocrx_word' id='word_1_375' title='bbox 1485 4736 1718 4791; x_wconf 89' lang='lat' dir='ltr'>tametsi</span> <span class='ocrx_word' id='word_1_376' title='bbox 1748 4736 1819 4791; x_wconf 93' lang='lat' dir='ltr'>de</span> <span class='ocrx_word' id='word_1_377' title='bbox 1850 4735 2014 4792; x_wconf 89' lang='lat' dir='ltr'>libris</span> 
     </span>
    </p>
   </div>
   <div class='ocr_carea' id='block_1_59' title="bbox 357 4822 2016 4898">
    <p class='ocr_par' dir='ltr' id='par_1_59' title="bbox 357 4822 2016 4898">
     <span class='ocr_line' id='line_1_59' title="bbox 357 4822 2016 4898; baseline 0.002 -21"><span class='ocrx_word' id='word_1_378' title='bbox 357 4822 714 4894; x_wconf 90' lang='lat' dir='ltr'>quibusdam</span> <span class='ocrx_word' id='word_1_379' title='bbox 746 4822 1032 4879; x_wconf 89' lang='lat' dir='ltr'>hactenus</span> <span class='ocrx_word' id='word_1_380' title='bbox 1062 4825 1234 4880; x_wconf 82' lang='lat' dir='ltr'>editis</span> <span class='ocrx_word' id='word_1_381' title='bbox 1254 4826 1502 4897; x_wconf 79' lang='lat' dir='ltr'>perspici</span> <span class='ocrx_word' id='word_1_382' title='bbox 1525 4827 1671 4881; x_wconf 88' lang='lat' dir='ltr'>satis</span> <span class='ocrx_word' id='word_1_383' title='bbox 1693 4827 1878 4898; x_wconf 91' lang='lat' dir='ltr'>possit</span> <span class='ocrx_word' id='word_1_384' title='bbox 1901 4845 1914 4895; x_wconf 88' lang='lat'><strong>;</strong></span> <span class='ocrx_word' id='word_1_385' title='bbox 1936 4830 2016 4881; x_wconf 83' lang='lat' dir='ltr'>ta-</span> 
     </span>
    </p>
   </div>
   <div class='ocr_carea' id='block_1_60' title="bbox 357 4911 2013 4984">
    <p class='ocr_par' dir='ltr' id='par_1_60' title="bbox 357 4911 2013 4984">
     <span class='ocr_line' id='line_1_60' title="bbox 357 4911 2013 4984; baseline 0.001 -19"><span class='ocrx_word' id='word_1_386' title='bbox 357 4928 490 4966; x_wconf 89' lang='lat' dir='ltr'>men</span> <span class='ocrx_word' id='word_1_387' title='bbox 525 4912 691 4984; x_wconf 90' lang='lat' dir='ltr'>longe</span> <span class='ocrx_word' id='word_1_388' title='bbox 715 4911 947 4983; x_wconf 89' lang='lat' dir='ltr'>planius</span> <span class='ocrx_word' id='word_1_389' title='bbox 969 4914 1295 4984; x_wconf 86' lang='lat' dir='ltr'>apparebit,</span> <span class='ocrx_word' id='word_1_390' title='bbox 1329 4914 1430 4969; x_wconf 92' lang='lat' dir='ltr'>ubi</span> <span class='ocrx_word' id='word_1_391' title='bbox 1452 4914 1819 4970; x_wconf 84' lang='lat' dir='ltr'>Lxlibrorum</span> <span class='ocrx_word' id='word_1_392' title='bbox 1852 4916 2013 4969; x_wconf 84' lang='grc' dir='ltr'>Βασι-</span> 
     </span>
    </p>
   </div>
   <div class='ocr_carea' id='block_1_61' title="bbox 357 4997 2013 5075">
    <p class='ocr_par' dir='ltr' id='par_1_61' title="bbox 357 4997 2013 5075">
     <span class='ocr_line' id='line_1_61' title="bbox 357 4997 2013 5075; baseline 0.004 -22"><span class='ocrx_word' id='word_1_393' title='bbox 357 4997 527 5053; x_wconf 76' lang='grc' dir='ltr'>λικῶν</span> <span class='ocrx_word' id='word_1_394' title='bbox 559 5001 811 5072; x_wconf 89' lang='lat' dir='ltr'>epitome</span> <span class='ocrx_word' id='word_1_395' title='bbox 854 5001 1341 5074; x_wconf 75' lang='lat' dir='ltr'>locupletissima,</span> <span class='ocrx_word' id='word_1_396' title='bbox 1376 5021 1551 5075; x_wconf 91' lang='lat' dir='ltr'>quam</span> <span class='ocrx_word' id='word_1_397' title='bbox 1602 5022 1636 5059; x_wconf 91' lang='lat' dir='ltr'>a</span> <span class='ocrx_word' id='word_1_398' title='bbox 1684 5003 2013 5059; x_wconf 89' lang='lat' dir='ltr'>clarissimo</span> 
     </span>
    </p>
   </div>
   <div class='ocr_carea' id='block_1_62' title="bbox 353 5088 2010 5162">
    <p class='ocr_par' dir='ltr' id='par_1_62' title="bbox 353 5088 2010 5162">
     <span class='ocr_line' id='line_1_62' title="bbox 353 5088 2010 5162; baseline 0.004 -19"><span class='ocrx_word' id='word_1_399' title='bbox 353 5088 495 5154; x_wconf 91' lang='lat' dir='ltr'>viro,</span> <span class='ocrx_word' id='word_1_400' title='bbox 524 5090 749 5145; x_wconf 87' lang='lat' dir='ltr'>Joanne</span> <span class='ocrx_word' id='word_1_401' title='bbox 781 5092 1094 5159; x_wconf 90' lang='lat' dir='ltr'>Sambuco,</span> <span class='ocrx_word' id='word_1_402' title='bbox 1122 5096 1391 5148; x_wconf 64' lang='lat' dir='ltr'>Caesarea:</span> <span class='ocrx_word' id='word_1_403' title='bbox 1414 5093 1647 5148; x_wconf 61' lang='lat' dir='ltr'>familia</span> <span class='ocrx_word' id='word_1_404' title='bbox 1670 5093 2010 5162; x_wconf 90' lang='lat' dir='ltr'>domestico,</span> 
     </span>
    </p>
   </div>
   <div class='ocr_carea' id='block_1_63' title="bbox 352 5177 2011 5253">
    <p class='ocr_par' dir='ltr' id='par_1_63' title="bbox 352 5177 2011 5253">
     <span class='ocr_line' id='line_1_63' title="bbox 352 5177 2011 5253; baseline 0.004 -21"><span class='ocrx_word' id='word_1_405' title='bbox 352 5177 589 5233; x_wconf 84' lang='lat' dir='ltr'>homine</span> <span class='ocrx_word' id='word_1_406' title='bbox 644 5180 787 5234; x_wconf 90' lang='lat' dir='ltr'>mihi</span> <span class='ocrx_word' id='word_1_407' title='bbox 830 5181 1190 5237; x_wconf 86' lang='lat' dir='ltr'>amicissimo</span> <span class='ocrx_word' id='word_1_408' title='bbox 1238 5189 1444 5238; x_wconf 89' lang='lat' dir='ltr'>nactus</span> <span class='ocrx_word' id='word_1_409' title='bbox 1503 5199 1658 5253; x_wconf 90' lang='lat' dir='ltr'>sum,</span> <span class='ocrx_word' id='word_1_410' title='bbox 1704 5183 1763 5236; x_wconf 92' lang='lat' dir='ltr'>in</span> <span class='ocrx_word' id='word_1_411' title='bbox 1821 5181 2011 5238; x_wconf 88' lang='lat' dir='ltr'>lucem</span> 
     </span>
    </p>
   </div>
   <div class='ocr_carea' id='block_1_64' title="bbox 351 5269 1089 5340">
    <p class='ocr_par' dir='ltr' id='par_1_64' title="bbox 351 5269 1089 5340">
     <span class='ocr_line' id='line_1_64' title="bbox 351 5269 1089 5340; baseline 0.003 -17"><span class='ocrx_word' id='word_1_412' title='bbox 351 5283 525 5339; x_wconf 88' lang='lat' dir='ltr'>opera</span> <span class='ocrx_word' id='word_1_413' title='bbox 549 5273 751 5324; x_wconf 88' lang='lat' dir='ltr'>nostra</span> <span class='ocrx_word' id='word_1_414' title='bbox 792 5269 1089 5340; x_wconf 90' lang='lat' dir='ltr'>prodierit.</span> 
     </span>
    </p>
   </div>
   <div class='ocr_carea' id='block_1_65' title="bbox 424 5356 2013 5433">
    <p class='ocr_par' dir='ltr' id='par_1_65' title="bbox 424 5356 2013 5433">
     <span class='ocr_line' id='line_1_65' title="bbox 424 5356 2013 5433; baseline 0.004 -22"><span class='ocrx_word' id='word_1_415' title='bbox 424 5356 551 5411; x_wconf 74' lang='lat' dir='ltr'>Haec</span> <span class='ocrx_word' id='word_1_416' title='bbox 583 5373 689 5430; x_wconf 89' lang='lat' dir='ltr'>ego</span> <span class='ocrx_word' id='word_1_417' title='bbox 718 5363 1098 5431; x_wconf 86' lang='lat' dir='ltr'>posteaquam</span> <span class='ocrx_word' id='word_1_418' title='bbox 1121 5359 1337 5417; x_wconf 66' lang='lat' dir='ltr'>Graecis</span> <span class='ocrx_word' id='word_1_419' title='bbox 1368 5361 1650 5417; x_wconf 88' lang='lat' dir='ltr'>contineri</span> <span class='ocrx_word' id='word_1_420' title='bbox 1680 5360 1892 5417; x_wconf 89' lang='lat' dir='ltr'>litteris</span> <span class='ocrx_word' id='word_1_421' title='bbox 1911 5378 2013 5433; x_wconf 92' lang='lat' dir='ltr'>per</span> 
     </span>
    </p>
   </div>
   <div class='ocr_carea' id='block_1_66' title="bbox 357 5446 2011 5522">
    <p class='ocr_par' dir='ltr' id='par_1_66' title="bbox 357 5446 2011 5522">
     <span class='ocr_line' id='line_1_66' title="bbox 357 5446 2011 5522; baseline 0.004 -22"><span class='ocrx_word' id='word_1_422' title='bbox 357 5450 586 5502; x_wconf 67' lang='lat' dir='ltr'>atatem</span> <span class='ocrx_word' id='word_1_423' title='bbox 618 5446 947 5519; x_wconf 88' lang='lat' dir='ltr'>intelligere</span> <span class='ocrx_word' id='word_1_424' title='bbox 976 5449 1146 5520; x_wconf 74' lang='lat' dir='ltr'>coepi,</span> <span class='ocrx_word' id='word_1_425' title='bbox 1171 5450 1253 5506; x_wconf 90' lang='lat' dir='ltr'>sic</span> <span class='ocrx_word' id='word_1_426' title='bbox 1278 5452 1405 5520; x_wconf 84' lang='lat' dir='ltr'>ejus</span> <span class='ocrx_word' id='word_1_427' title='bbox 1430 5467 1522 5505; x_wconf 91' lang='lat' dir='ltr'>me</span> <span class='ocrx_word' id='word_1_428' title='bbox 1565 5450 1777 5522; x_wconf 67' lang='lat' dir='ltr'>lingua:</span> <span class='ocrx_word' id='word_1_429' title='bbox 1816 5450 2011 5506; x_wconf 87' lang='lat' dir='ltr'>studio</span> 
     </span>
    </p>
   </div>
   <div class='ocr_carea' id='block_1_67' title="bbox 2130 2871 3785 2944">
    <p class='ocr_par' dir='ltr' id='par_1_67' title="bbox 2130 2871 3785 2944">
     <span class='ocr_line' id='line_1_67' title="bbox 2130 2871 3785 2944; baseline -0.001 -15"><span class='ocrx_word' id='word_1_430' title='bbox 2130 2892 2223 2929; x_wconf 89' lang='lat' dir='ltr'>rer</span> <span class='ocrx_word' id='word_1_431' title='bbox 2256 2893 2268 2941; x_wconf 92' lang='lat'><strong>;</strong></span> <span class='ocrx_word' id='word_1_432' title='bbox 2303 2874 2527 2929; x_wconf 89' lang='lat' dir='ltr'>liberali</span> <span class='ocrx_word' id='word_1_433' title='bbox 2549 2875 2804 2944; x_wconf 86' lang='lat' dir='ltr'>quodam</span> <span class='ocrx_word' id='word_1_434' title='bbox 2837 2874 3015 2928; x_wconf 91' lang='lat' dir='ltr'>animi</span> <span class='ocrx_word' id='word_1_435' title='bbox 3050 2872 3357 2941; x_wconf 88' lang='lat' dir='ltr'>desiderio,</span> <span class='ocrx_word' id='word_1_436' title='bbox 3384 2877 3436 2927; x_wconf 91' lang='lat' dir='ltr'>et</span> <span class='ocrx_word' id='word_1_437' title='bbox 3468 2871 3785 2927; x_wconf 88' lang='lat' dir='ltr'>ambitione</span> 
     </span>
    </p>
   </div>
   <div class='ocr_carea' id='block_1_68' title="bbox 2130 2960 3781 3032">
    <p class='ocr_par' dir='ltr' id='par_1_68' title="bbox 2130 2960 3781 3032">
     <span class='ocr_line' id='line_1_68' title="bbox 2130 2960 3781 3032; baseline -0.002 -14"><span class='ocrx_word' id='word_1_438' title='bbox 2130 2963 2377 3018; x_wconf 87' lang='lat' dir='ltr'>honesta</span> <span class='ocrx_word' id='word_1_439' title='bbox 2406 2964 2652 3031; x_wconf 86' lang='lat' dir='ltr'>(fatebor</span> <span class='ocrx_word' id='word_1_440' title='bbox 2688 2963 2846 3017; x_wconf 90' lang='lat' dir='ltr'>enim</span> <span class='ocrx_word' id='word_1_441' title='bbox 2900 2962 3053 3032; x_wconf 91' lang='lat' dir='ltr'>quod</span> <span class='ocrx_word' id='word_1_442' title='bbox 3096 2978 3188 3016; x_wconf 89' lang='lat' dir='ltr'>res</span> <span class='ocrx_word' id='word_1_443' title='bbox 3227 2962 3335 3031; x_wconf 90' lang='lat' dir='ltr'>est)</span> <span class='ocrx_word' id='word_1_444' title='bbox 3369 2960 3669 3027; x_wconf 88' lang='lat' dir='ltr'>excitatus,</span> <span class='ocrx_word' id='word_1_445' title='bbox 3720 2961 3781 3014; x_wconf 92' lang='lat' dir='ltr'>in</span> 
     </span>
    </p>
   </div>
   <div class='ocr_carea' id='block_1_69' title="bbox 2129 3049 3781 3119">
    <p class='ocr_par' dir='ltr' id='par_1_69' title="bbox 2129 3049 3781 3119">
     <span class='ocr_line' id='line_1_69' title="bbox 2129 3049 3781 3119; baseline -0.002 -12"><span class='ocrx_word' id='word_1_446' title='bbox 2129 3050 2238 3107; x_wconf 89' lang='lat' dir='ltr'>hoc</span> <span class='ocrx_word' id='word_1_447' title='bbox 2267 3053 2406 3107; x_wconf 88' lang='lat' dir='ltr'>totis</span> <span class='ocrx_word' id='word_1_448' title='bbox 2437 3051 2659 3106; x_wconf 88' lang='lat' dir='ltr'>viribus</span> <span class='ocrx_word' id='word_1_449' title='bbox 2682 3051 3141 3106; x_wconf 81' lang='lat' dir='ltr'>incumbendum</span> <span class='ocrx_word' id='word_1_450' title='bbox 3166 3050 3327 3117; x_wconf 84' lang='lat' dir='ltr'>duxi,</span> <span class='ocrx_word' id='word_1_451' title='bbox 3349 3054 3412 3103; x_wconf 93' lang='lat' dir='ltr'>ut</span> <span class='ocrx_word' id='word_1_452' title='bbox 3433 3049 3479 3103; x_wconf 93' lang='lat' dir='ltr'>si</span> <span class='ocrx_word' id='word_1_453' title='bbox 3506 3049 3603 3119; x_wconf 92' lang='lat' dir='ltr'>qui</span> <span class='ocrx_word' id='word_1_454' title='bbox 3629 3054 3781 3103; x_wconf 89' lang='lat' dir='ltr'>vete-</span> 
     </span>
    </p>
   </div>
   <div class='ocr_carea' id='block_1_70' title="bbox 2129 3136 3780 3208">
    <p class='ocr_par' dir='ltr' id='par_1_70' title="bbox 2129 3136 3780 3208">
     <span class='ocr_line' id='line_1_70' title="bbox 2129 3136 3780 3208; baseline -0.002 -13"><span class='ocrx_word' id='word_1_455' title='bbox 2129 3158 2259 3196; x_wconf 92' lang='lat' dir='ltr'>rum</span> <span class='ocrx_word' id='word_1_456' title='bbox 2284 3140 2758 3195; x_wconf 67' lang='lat' dir='ltr'>Grzecorumlibri</span> <span class='ocrx_word' id='word_1_457' title='bbox 2781 3139 2869 3194; x_wconf 89' lang='lat' dir='ltr'>vel</span> <span class='ocrx_word' id='word_1_458' title='bbox 2908 3139 3170 3193; x_wconf 89' lang='lat' dir='ltr'>Latinam</span> <span class='ocrx_word' id='word_1_459' title='bbox 3200 3138 3256 3191; x_wconf 90' lang='lat' dir='ltr'>in</span> <span class='ocrx_word' id='word_1_460' title='bbox 3293 3138 3553 3208; x_wconf 79' lang='lat' dir='ltr'>linguam</span> <span class='ocrx_word' id='word_1_461' title='bbox 3588 3136 3780 3191; x_wconf 88' lang='lat' dir='ltr'>hacte-</span> 
     </span>
    </p>
   </div>
   <div class='ocr_carea' id='block_1_71' title="bbox 2128 3225 3781 3293">
    <p class='ocr_par' dir='ltr' id='par_1_71' title="bbox 2128 3225 3781 3293">
     <span class='ocr_line' id='line_1_71' title="bbox 2128 3225 3781 3293; baseline -0.002 -8"><span class='ocrx_word' id='word_1_462' title='bbox 2128 3247 2241 3285; x_wconf 89' lang='lat' dir='ltr'>nus</span> <span class='ocrx_word' id='word_1_463' title='bbox 2291 3230 2555 3285; x_wconf 87' lang='lat' dir='ltr'>conversi</span> <span class='ocrx_word' id='word_1_464' title='bbox 2612 3245 2727 3283; x_wconf 90' lang='lat' dir='ltr'>non</span> <span class='ocrx_word' id='word_1_465' title='bbox 2784 3233 3002 3293; x_wconf 88' lang='lat' dir='ltr'>essent,</span> <span class='ocrx_word' id='word_1_466' title='bbox 3058 3226 3143 3282; x_wconf 92' lang='lat' dir='ltr'>vel</span> <span class='ocrx_word' id='word_1_467' title='bbox 3183 3227 3240 3280; x_wconf 90' lang='lat' dir='ltr'>in</span> <span class='ocrx_word' id='word_1_468' title='bbox 3290 3225 3781 3282; x_wconf 86' lang='lat' dir='ltr'>bibliothecarum</span> 
     </span>
    </p>
   </div>
   <div class='ocr_carea' id='block_1_72' title="bbox 2128 3315 3777 3373">
    <p class='ocr_par' dir='ltr' id='par_1_72' title="bbox 2128 3315 3777 3373">
     <span class='ocr_line' id='line_1_72' title="bbox 2128 3315 3777 3373; baseline -0.004 0"><span class='ocrx_word' id='word_1_469' title='bbox 2128 3319 2383 3373; x_wconf 89' lang='lat' dir='ltr'>tenebris</span> <span class='ocrx_word' id='word_1_470' title='bbox 2406 3318 2810 3373; x_wconf 90' lang='lat' dir='ltr'>delitescentes</span> <span class='ocrx_word' id='word_1_471' title='bbox 2838 3316 3086 3371; x_wconf 90' lang='lat' dir='ltr'>necdum</span> <span class='ocrx_word' id='word_1_472' title='bbox 3120 3315 3268 3370; x_wconf 91' lang='lat' dir='ltr'>lucis</span> <span class='ocrx_word' id='word_1_473' title='bbox 3323 3331 3565 3369; x_wconf 91' lang='lat' dir='ltr'>usuram</span> <span class='ocrx_word' id='word_1_474' title='bbox 3616 3331 3777 3368; x_wconf 92' lang='lat' dir='ltr'>acce-</span> 
     </span>
    </p>
   </div>
   <div class='ocr_carea' id='block_1_73' title="bbox 2127 3403 3777 3479">
    <p class='ocr_par' dir='ltr' id='par_1_73' title="bbox 2127 3403 3777 3479">
     <span class='ocr_line' id='line_1_73' title="bbox 2127 3403 3777 3479; baseline -0.002 -19"><span class='ocrx_word' id='word_1_475' title='bbox 2127 3407 2374 3479; x_wconf 89' lang='lat' dir='ltr'>pissent,</span> <span class='ocrx_word' id='word_1_476' title='bbox 2407 3424 2533 3462; x_wconf 91' lang='lat' dir='ltr'>meo</span> <span class='ocrx_word' id='word_1_477' title='bbox 2565 3406 2759 3461; x_wconf 91' lang='lat' dir='ltr'>studio</span> <span class='ocrx_word' id='word_1_478' title='bbox 2777 3412 2904 3461; x_wconf 88' lang='lat' dir='ltr'>tum</span> <span class='ocrx_word' id='word_1_479' title='bbox 2930 3405 3196 3459; x_wconf 86' lang='lat' dir='ltr'>Latinam</span> <span class='ocrx_word' id='word_1_480' title='bbox 3220 3408 3435 3458; x_wconf 89' lang='lat' dir='ltr'>vestem</span> <span class='ocrx_word' id='word_1_481' title='bbox 3460 3403 3777 3457; x_wconf 86' lang='lat' dir='ltr'>induerent</span> 
     </span>
    </p>
   </div>
   <div class='ocr_carea' id='block_1_74' title="bbox 2126 3491 3781 3567">
    <p class='ocr_par' dir='ltr' id='par_1_74' title="bbox 2126 3491 3781 3567">
     <span class='ocr_line' id='line_1_74' title="bbox 2126 3491 3781 3567; baseline -0.004 -15"><span class='ocrx_word' id='word_1_482' title='bbox 2126 3500 2251 3551; x_wconf 88' lang='lat' dir='ltr'>tum</span> <span class='ocrx_word' id='word_1_483' title='bbox 2312 3512 2379 3551; x_wconf 90' lang='lat' dir='ltr'>ea</span> <span class='ocrx_word' id='word_1_484' title='bbox 2438 3496 2697 3551; x_wconf 83' lang='lat' dir='ltr'>exornati</span> <span class='ocrx_word' id='word_1_485' title='bbox 2747 3494 2979 3567; x_wconf 89' lang='lat' dir='ltr'>publice</span> <span class='ocrx_word' id='word_1_486' title='bbox 3036 3493 3336 3548; x_wconf 88' lang='lat' dir='ltr'>hominum</span> <span class='ocrx_word' id='word_1_487' title='bbox 3406 3491 3593 3546; x_wconf 89' lang='lat' dir='ltr'>oculis</span> <span class='ocrx_word' id='word_1_488' title='bbox 3654 3508 3781 3546; x_wconf 89' lang='lat' dir='ltr'>sese</span> 
     </span>
    </p>
   </div>
   <div class='ocr_carea' id='block_1_75' title="bbox 2128 3582 3779 3655">
    <p class='ocr_par' dir='ltr' id='par_1_75' title="bbox 2128 3582 3779 3655">
     <span class='ocr_line' id='line_1_75' title="bbox 2128 3582 3779 3655; baseline -0.005 -14"><span class='ocrx_word' id='word_1_489' title='bbox 2128 3587 2478 3655; x_wconf 80' lang='lat' dir='ltr'>spectandos</span> <span class='ocrx_word' id='word_1_490' title='bbox 2521 3584 2882 3641; x_wconf 82' lang='lat' dir='ltr'>exhiberent.</span> <span class='ocrx_word' id='word_1_491' title='bbox 2934 3587 3053 3638; x_wconf 89' lang='lat' dir='ltr'>Hoc</span> <span class='ocrx_word' id='word_1_492' title='bbox 3098 3582 3269 3637; x_wconf 92' lang='lat' dir='ltr'>modo</span> <span class='ocrx_word' id='word_1_493' title='bbox 3319 3584 3779 3636; x_wconf 90' lang='lat' dir='ltr'>consecuturum</span> 
     </span>
    </p>
   </div>
   <div class='ocr_carea' id='block_1_76' title="bbox 2128 3669 3778 3746">
    <p class='ocr_par' dir='ltr' id='par_1_76' title="bbox 2128 3669 3778 3746">
     <span class='ocr_line' id='line_1_76' title="bbox 2128 3669 3778 3746; baseline -0.004 -17"><span class='ocrx_word' id='word_1_494' title='bbox 2128 3691 2220 3729; x_wconf 91' lang='lat' dir='ltr'>me</span> <span class='ocrx_word' id='word_1_495' title='bbox 2251 3675 2581 3746; x_wconf 88' lang='lat' dir='ltr'>sperabam.</span> <span class='ocrx_word' id='word_1_496' title='bbox 2632 3680 2697 3728; x_wconf 90' lang='lat' dir='ltr'>ut</span> <span class='ocrx_word' id='word_1_497' title='bbox 2728 3690 2842 3729; x_wconf 90' lang='lat' dir='ltr'>non</span> <span class='ocrx_word' id='word_1_498' title='bbox 2893 3674 3109 3744; x_wconf 64' lang='lat' dir='ltr'>ignavas</span> <span class='ocrx_word' id='word_1_499' title='bbox 3157 3670 3395 3742; x_wconf 89' lang='lat' dir='ltr'>pecudis</span> <span class='ocrx_word' id='word_1_500' title='bbox 3446 3669 3503 3724; x_wconf 92' lang='lat' dir='ltr'>in</span> <span class='ocrx_word' id='word_1_501' title='bbox 3556 3685 3778 3724; x_wconf 89' lang='lat' dir='ltr'>morem</span> 
     </span>
    </p>
   </div>
   <div class='ocr_carea' id='block_1_77' title="bbox 2125 3757 3778 3829">
    <p class='ocr_par' dir='ltr' id='par_1_77' title="bbox 2125 3757 3778 3829">
     <span class='ocr_line' id='line_1_77' title="bbox 2125 3757 3778 3829; baseline -0.004 -12"><span class='ocrx_word' id='word_1_502' title='bbox 2125 3762 2305 3817; x_wconf 91' lang='lat' dir='ltr'>vitam</span> <span class='ocrx_word' id='word_1_503' title='bbox 2340 3763 2489 3819; x_wconf 89' lang='lat' dir='ltr'>hanc</span> <span class='ocrx_word' id='word_1_504' title='bbox 2510 3763 2950 3827; x_wconf 87' lang='lat' dir='ltr'>transirem,sed</span> <span class='ocrx_word' id='word_1_505' title='bbox 2976 3759 3356 3816; x_wconf 90' lang='lat' dir='ltr'>emolumenti</span> <span class='ocrx_word' id='word_1_506' title='bbox 3371 3757 3584 3829; x_wconf 89' lang='lat' dir='ltr'>aliquid</span> <span class='ocrx_word' id='word_1_507' title='bbox 3610 3758 3778 3811; x_wconf 79' lang='lat' dir='ltr'>aﬂ‘er-</span> 
     </span>
    </p>
   </div>
   <div class='ocr_carea' id='block_1_78' title="bbox 2128 3846 3783 3921">
    <p class='ocr_par' dir='ltr' id='par_1_78' title="bbox 2128 3846 3783 3921">
     <span class='ocr_line' id='line_1_78' title="bbox 2128 3846 3783 3921; baseline -0.004 -15"><span class='ocrx_word' id='word_1_508' title='bbox 2128 3869 2248 3907; x_wconf 92' lang='lat' dir='ltr'>rem</span> <span class='ocrx_word' id='word_1_509' title='bbox 2274 3853 2351 3906; x_wconf 91' lang='lat' dir='ltr'>rei</span> <span class='ocrx_word' id='word_1_510' title='bbox 2374 3852 2690 3916; x_wconf 64' lang='lat' dir='ltr'>litterariae,</span> <span class='ocrx_word' id='word_1_511' title='bbox 2716 3868 2893 3921; x_wconf 91' lang='lat' dir='ltr'>quam</span> <span class='ocrx_word' id='word_1_512' title='bbox 2935 3867 2967 3904; x_wconf 87' lang='lat' dir='ltr'>a</span> <span class='ocrx_word' id='word_1_513' title='bbox 3008 3864 3185 3920; x_wconf 90' lang='lat' dir='ltr'>puero</span> <span class='ocrx_word' id='word_1_514' title='bbox 3227 3863 3489 3901; x_wconf 91' lang='lat' dir='ltr'>meorum</span> <span class='ocrx_word' id='word_1_515' title='bbox 3524 3846 3783 3901; x_wconf 89' lang='lat' dir='ltr'>auctori-</span> 
     </span>
    </p>
   </div>
   <div class='ocr_carea' id='block_1_79' title="bbox 2126 3934 3779 4010">
    <p class='ocr_par' dir='ltr' id='par_1_79' title="bbox 2126 3934 3779 4010">
     <span class='ocr_line' id='line_1_79' title="bbox 2126 3934 3779 4010; baseline -0.004 -15"><span class='ocrx_word' id='word_1_516' title='bbox 2126 3943 2245 3996; x_wconf 81' lang='lat' dir='ltr'>tate</span> <span class='ocrx_word' id='word_1_517' title='bbox 2276 3941 2555 4010; x_wconf 83' lang='lat' dir='ltr'>iussuque</span> <span class='ocrx_word' id='word_1_518' title='bbox 2587 3939 2922 3996; x_wconf 89' lang='lat' dir='ltr'>coluissem:</span> <span class='ocrx_word' id='word_1_519' title='bbox 2961 3943 3017 3992; x_wconf 91' lang='lat' dir='ltr'>et</span> <span class='ocrx_word' id='word_1_520' title='bbox 3064 3936 3217 4008; x_wconf 90' lang='lat' dir='ltr'>apud</span> <span class='ocrx_word' id='word_1_521' title='bbox 3245 3935 3423 3991; x_wconf 90' lang='lat' dir='ltr'>bonos</span> <span class='ocrx_word' id='word_1_522' title='bbox 3461 3934 3779 4007; x_wconf 89' lang='lat' dir='ltr'>optabilem</span> 
     </span>
    </p>
   </div>
   <div class='ocr_carea' id='block_1_80' title="bbox 2127 4026 3400 4095">
    <p class='ocr_par' dir='ltr' id='par_1_80' title="bbox 2127 4026 3400 4095">
     <span class='ocr_line' id='line_1_80' title="bbox 2127 4026 3400 4095; baseline -0.005 -12"><span class='ocrx_word' id='word_1_523' title='bbox 2127 4027 2272 4083; x_wconf 89' lang='lat' dir='ltr'>mihi</span> <span class='ocrx_word' id='word_1_524' title='bbox 2304 4028 2562 4083; x_wconf 90' lang='lat' dir='ltr'>nominis</span> <span class='ocrx_word' id='word_1_525' title='bbox 2592 4026 3081 4083; x_wconf 88' lang='lat' dir='ltr'>existimationem</span> <span class='ocrx_word' id='word_1_526' title='bbox 3114 4039 3400 4095; x_wconf 89' lang='lat' dir='ltr'>pararem.</span> 
     </span>
    </p>
   </div>
   <div class='ocr_carea' id='block_1_81' title="bbox 2200 4111 3779 4187">
    <p class='ocr_par' dir='ltr' id='par_1_81' title="bbox 2200 4111 3779 4187">
     <span class='ocr_line' id='line_1_81' title="bbox 2200 4111 3779 4187; baseline -0.003 -16"><span class='ocrx_word' id='word_1_527' title='bbox 2200 4116 2397 4187; x_wconf 87' lang='lat' dir='ltr'>Itaque</span> <span class='ocrx_word' id='word_1_528' title='bbox 2428 4133 2623 4170; x_wconf 89' lang='lat' dir='ltr'>meum</span> <span class='ocrx_word' id='word_1_529' title='bbox 2646 4116 2753 4171; x_wconf 92' lang='lat' dir='ltr'>hoc</span> <span class='ocrx_word' id='word_1_530' title='bbox 2784 4114 3123 4170; x_wconf 84' lang='lat' dir='ltr'>institutum</span> <span class='ocrx_word' id='word_1_531' title='bbox 3166 4118 3231 4167; x_wconf 88' lang='lat' dir='ltr'>ut</span> <span class='ocrx_word' id='word_1_532' title='bbox 3259 4130 3324 4167; x_wconf 93' lang='lat' dir='ltr'>eo</span> <span class='ocrx_word' id='word_1_533' title='bbox 3360 4111 3587 4167; x_wconf 81' lang='lat' dir='ltr'>felicius</span> <span class='ocrx_word' id='word_1_534' title='bbox 3611 4129 3779 4184; x_wconf 88' lang='lat' dir='ltr'>urge-</span> 
     </span>
    </p>
   </div>
   <div class='ocr_carea' id='block_1_82' title="bbox 2131 4200 3781 4275">
    <p class='ocr_par' dir='ltr' id='par_1_82' title="bbox 2131 4200 3781 4275">
     <span class='ocr_line' id='line_1_82' title="bbox 2131 4200 3781 4275; baseline -0.002 -15"><span class='ocrx_word' id='word_1_535' title='bbox 2131 4222 2275 4275; x_wconf 89' lang='lat' dir='ltr'>rem,</span> <span class='ocrx_word' id='word_1_536' title='bbox 2319 4205 2379 4260; x_wconf 93' lang='lat' dir='ltr'>in</span> <span class='ocrx_word' id='word_1_537' title='bbox 2401 4204 2551 4260; x_wconf 87' lang='lat' dir='ltr'>hanc</span> <span class='ocrx_word' id='word_1_538' title='bbox 2571 4204 2958 4259; x_wconf 89' lang='lat' dir='ltr'>clarissimam</span> <span class='ocrx_word' id='word_1_539' title='bbox 2992 4203 3194 4257; x_wconf 89' lang='lat' dir='ltr'>urbem</span> <span class='ocrx_word' id='word_1_540' title='bbox 3228 4218 3321 4255; x_wconf 90' lang='lat' dir='ltr'>me</span> <span class='ocrx_word' id='word_1_541' title='bbox 3370 4200 3612 4272; x_wconf 90' lang='lat' dir='ltr'>contuli,</span> <span class='ocrx_word' id='word_1_542' title='bbox 3651 4218 3781 4272; x_wconf 71' lang='lat' dir='ltr'>quae</span> 
     </span>
    </p>
   </div>
   <div class='ocr_carea' id='block_1_83' title="bbox 2129 4291 3782 4366">
    <p class='ocr_par' dir='ltr' id='par_1_83' title="bbox 2129 4291 3782 4366">
     <span class='ocr_line' id='line_1_83' title="bbox 2129 4291 3782 4366; baseline -0.002 -16"><span class='ocrx_word' id='word_1_543' title='bbox 2129 4296 2200 4350; x_wconf 91' lang='lat' dir='ltr'>ob</span> <span class='ocrx_word' id='word_1_544' title='bbox 2233 4294 2549 4365; x_wconf 87' lang='lat' dir='ltr'>insignium</span> <span class='ocrx_word' id='word_1_545' title='bbox 2580 4292 3073 4366; x_wconf 82' lang='lat' dir='ltr'>typograpborum</span> <span class='ocrx_word' id='word_1_546' title='bbox 3106 4291 3393 4357; x_wconf 82' lang='lat' dir='ltr'>ofﬁcinas,</span> <span class='ocrx_word' id='word_1_547' title='bbox 3426 4307 3542 4346; x_wconf 90' lang='lat' dir='ltr'>non</span> <span class='ocrx_word' id='word_1_548' title='bbox 3566 4292 3621 4344; x_wconf 91' lang='lat' dir='ltr'>in</span> <span class='ocrx_word' id='word_1_549' title='bbox 3645 4294 3782 4346; x_wconf 85' lang='lat' dir='ltr'>Ger-</span> 
     </span>
    </p>
   </div>
   <div class='ocr_carea' id='block_1_84' title="bbox 2129 4379 3782 4450">
    <p class='ocr_par' dir='ltr' id='par_1_84' title="bbox 2129 4379 3782 4450">
     <span class='ocr_line' id='line_1_84' title="bbox 2129 4379 3782 4450; baseline -0.002 -13"><span class='ocrx_word' id='word_1_550' title='bbox 2129 4383 2325 4438; x_wconf 87' lang='lat' dir='ltr'>mania</span> <span class='ocrx_word' id='word_1_551' title='bbox 2354 4383 2526 4438; x_wconf 88' lang='lat' dir='ltr'>modo</span> <span class='ocrx_word' id='word_1_552' title='bbox 2559 4388 2779 4450; x_wconf 89' lang='lat' dir='ltr'>nostra,</span> <span class='ocrx_word' id='word_1_553' title='bbox 2813 4382 2913 4437; x_wconf 91' lang='lat' dir='ltr'>sed</span> <span class='ocrx_word' id='word_1_554' title='bbox 2945 4379 3105 4436; x_wconf 92' lang='lat' dir='ltr'>omni</span> <span class='ocrx_word' id='word_1_555' title='bbox 3148 4380 3323 4435; x_wconf 89' lang='lat' dir='ltr'>etiam</span> <span class='ocrx_word' id='word_1_556' title='bbox 3362 4381 3592 4450; x_wconf 90' lang='lat' dir='ltr'>Europa</span> <span class='ocrx_word' id='word_1_557' title='bbox 3613 4379 3782 4447; x_wconf 82' lang='lat' dir='ltr'>longe</span> 
     </span>
    </p>
   </div>
   <div class='ocr_carea' id='block_1_85' title="bbox 2127 4467 3783 4543">
    <p class='ocr_par' dir='ltr' id='par_1_85' title="bbox 2127 4467 3783 4543">
     <span class='ocr_line' id='line_1_85' title="bbox 2127 4467 3783 4543; baseline -0.001 -19"><span class='ocrx_word' id='word_1_558' title='bbox 2127 4469 2359 4543; x_wconf 88' lang='lat' dir='ltr'>lateque</span> <span class='ocrx_word' id='word_1_559' title='bbox 2407 4470 2614 4526; x_wconf 90' lang='lat' dir='ltr'>merito</span> <span class='ocrx_word' id='word_1_560' title='bbox 2675 4469 3024 4525; x_wconf 84' lang='lat' dir='ltr'>celebratur.</span> <span class='ocrx_word' id='word_1_561' title='bbox 3076 4468 3178 4523; x_wconf 89' lang='lat' dir='ltr'>Hic</span> <span class='ocrx_word' id='word_1_562' title='bbox 3223 4469 3367 4523; x_wconf 91' lang='lat' dir='ltr'>dum</span> <span class='ocrx_word' id='word_1_563' title='bbox 3411 4467 3783 4538; x_wconf 88' lang='lat' dir='ltr'>publicandis</span> 
     </span>
    </p>
   </div>
   <div class='ocr_carea' id='block_1_86' title="bbox 2125 4555 3780 4631">
    <p class='ocr_par' dir='ltr' id='par_1_86' title="bbox 2125 4555 3780 4631">
     <span class='ocr_line' id='line_1_86' title="bbox 2125 4555 3780 4631; baseline -0.004 -17"><span class='ocrx_word' id='word_1_564' title='bbox 2125 4560 2376 4631; x_wconf 87' lang='lat' dir='ltr'>egregiis</span> <span class='ocrx_word' id='word_1_565' title='bbox 2395 4558 2748 4631; x_wconf 89' lang='lat' dir='ltr'>quibusdam</span> <span class='ocrx_word' id='word_1_566' title='bbox 2767 4558 3091 4630; x_wconf 85' lang='lat' dir='ltr'>priscorum</span> <span class='ocrx_word' id='word_1_567' title='bbox 3108 4556 3502 4611; x_wconf 85' lang='lat' dir='ltr'>monumentis</span> <span class='ocrx_word' id='word_1_568' title='bbox 3521 4555 3780 4625; x_wconf 89' lang='lat' dir='ltr'>invigilo,</span> 
     </span>
    </p>
   </div>
   <div class='ocr_carea' id='block_1_87' title="bbox 2127 4644 3783 4719">
    <p class='ocr_par' dir='ltr' id='par_1_87' title="bbox 2127 4644 3783 4719">
     <span class='ocr_line' id='line_1_87' title="bbox 2127 4644 3783 4719; baseline -0.004 -15"><span class='ocrx_word' id='word_1_569' title='bbox 2127 4666 2319 4704; x_wconf 89' lang='lat' dir='ltr'>annus</span> <span class='ocrx_word' id='word_1_570' title='bbox 2352 4650 2477 4719; x_wconf 88' lang='lat' dir='ltr'>jam</span> <span class='ocrx_word' id='word_1_571' title='bbox 2512 4648 2654 4702; x_wconf 89' lang='lat' dir='ltr'>mihi</span> <span class='ocrx_word' id='word_1_572' title='bbox 2706 4647 2951 4718; x_wconf 85' lang='lat' dir='ltr'>quintus</span> <span class='ocrx_word' id='word_1_573' title='bbox 2992 4646 3187 4718; x_wconf 87' lang='lat' dir='ltr'>agitur</span> <span class='ocrx_word' id='word_1_574' title='bbox 3234 4646 3371 4718; x_wconf 91' lang='lat' dir='ltr'>(quo</span> <span class='ocrx_word' id='word_1_575' title='bbox 3414 4644 3658 4716; x_wconf 67' lang='lat' dir='ltr'>publicas</span> <span class='ocrx_word' id='word_1_576' title='bbox 3700 4645 3783 4699; x_wconf 90' lang='lat' dir='ltr'>rei</span> 
     </span>
    </p>
   </div>
   <div class='ocr_carea' id='block_1_88' title="bbox 2124 4733 3781 4809">
    <p class='ocr_par' dir='ltr' id='par_1_88' title="bbox 2124 4733 3781 4809">
     <span class='ocr_line' id='line_1_88' title="bbox 2124 4733 3781 4809; baseline -0.004 -16"><span class='ocrx_word' id='word_1_577' title='bbox 2124 4739 2319 4793; x_wconf 85' lang='lat' dir='ltr'>fructu</span> <span class='ocrx_word' id='word_1_578' title='bbox 2352 4737 2589 4809; x_wconf 88' lang='lat' dir='ltr'>nescio),</span> <span class='ocrx_word' id='word_1_579' title='bbox 2610 4754 2724 4792; x_wconf 93' lang='lat' dir='ltr'>non</span> <span class='ocrx_word' id='word_1_580' title='bbox 2757 4737 2883 4791; x_wconf 91' lang='lat' dir='ltr'>sine</span> <span class='ocrx_word' id='word_1_581' title='bbox 2915 4736 3061 4790; x_wconf 91' lang='lat' dir='ltr'>meis</span> <span class='ocrx_word' id='word_1_582' title='bbox 3082 4739 3233 4791; x_wconf 89' lang='lat' dir='ltr'>certe</span> <span class='ocrx_word' id='word_1_583' title='bbox 3256 4733 3781 4789; x_wconf 68' lang='lat' dir='ltr'>laboribusaarum-</span> 
     </span>
    </p>
   </div>
   <div class='ocr_carea' id='block_1_89' title="bbox 2126 4820 3783 4898">
    <p class='ocr_par' dir='ltr' id='par_1_89' title="bbox 2126 4820 3783 4898">
     <span class='ocr_line' id='line_1_89' title="bbox 2126 4820 3783 4898; baseline -0.002 -18"><span class='ocrx_word' id='word_1_584' title='bbox 2126 4826 2334 4898; x_wconf 87' lang='lat' dir='ltr'>nisque</span> <span class='ocrx_word' id='word_1_585' title='bbox 2366 4826 2661 4891; x_wconf 84' lang='lat' dir='ltr'>maximis,</span> <span class='ocrx_word' id='word_1_586' title='bbox 2708 4842 2835 4897; x_wconf 62' lang='lat' dir='ltr'>qua;</span> <span class='ocrx_word' id='word_1_587' title='bbox 2868 4825 3153 4880; x_wconf 88' lang='lat' dir='ltr'>hactenus</span> <span class='ocrx_word' id='word_1_588' title='bbox 3197 4823 3343 4878; x_wconf 91' lang='lat' dir='ltr'>mihi</span> <span class='ocrx_word' id='word_1_589' title='bbox 3384 4839 3517 4877; x_wconf 91' lang='lat' dir='ltr'>cum</span> <span class='ocrx_word' id='word_1_590' title='bbox 3578 4820 3783 4891; x_wconf 88' lang='lat' dir='ltr'>aliquo</span> 
     </span>
    </p>
   </div>
   <div class='ocr_carea' id='block_1_90' title="bbox 2124 4908 3780 4987">
    <p class='ocr_par' dir='ltr' id='par_1_90' title="bbox 2124 4908 3780 4987">
     <span class='ocr_line' id='line_1_90' title="bbox 2124 4908 3780 4987; baseline -0.005 -16"><span class='ocrx_word' id='word_1_591' title='bbox 2124 4931 2548 4987; x_wconf 89' lang='lat' dir='ltr'>nonnunquam</span> <span class='ocrx_word' id='word_1_592' title='bbox 2566 4915 2918 4970; x_wconf 88' lang='lat' dir='ltr'>valetudinis</span> <span class='ocrx_word' id='word_1_593' title='bbox 2932 4914 3279 4968; x_wconf 90' lang='lat' dir='ltr'>detrimento</span> <span class='ocrx_word' id='word_1_594' title='bbox 3297 4908 3780 4965; x_wconf 69' lang='lat' dir='ltr'>suntexantlatae.</span> 
     </span>
    </p>
   </div>
   <div class='ocr_carea' id='block_1_91' title="bbox 2126 4997 3778 5074">
    <p class='ocr_par' dir='ltr' id='par_1_91' title="bbox 2126 4997 3778 5074">
     <span class='ocr_line' id='line_1_91' title="bbox 2126 4997 3778 5074; baseline -0.005 -15"><span class='ocrx_word' id='word_1_595' title='bbox 2126 5006 2282 5059; x_wconf 86' lang='lat' dir='ltr'>Inter</span> <span class='ocrx_word' id='word_1_596' title='bbox 2315 5004 2457 5059; x_wconf 90' lang='lat' dir='ltr'>alios</span> <span class='ocrx_word' id='word_1_597' title='bbox 2506 5009 2704 5060; x_wconf 89' lang='lat' dir='ltr'>autem</span> <span class='ocrx_word' id='word_1_598' title='bbox 2752 5004 3084 5074; x_wconf 89' lang='lat' dir='ltr'>scriptores,</span> <span class='ocrx_word' id='word_1_599' title='bbox 3149 5017 3296 5072; x_wconf 91' lang='lat' dir='ltr'>quos</span> <span class='ocrx_word' id='word_1_600' title='bbox 3356 5003 3509 5053; x_wconf 83' lang='lat' dir='ltr'>certo</span> <span class='ocrx_word' id='word_1_601' title='bbox 3552 4997 3778 5069; x_wconf 83' lang='lat' dir='ltr'>judicio</span> 
     </span>
    </p>
   </div>
   <div class='ocr_carea' id='block_1_92' title="bbox 2125 5086 3784 5158">
    <p class='ocr_par' dir='ltr' id='par_1_92' title="bbox 2125 5086 3784 5158">
     <span class='ocr_line' id='line_1_92' title="bbox 2125 5086 3784 5158; baseline -0.005 -9"><span class='ocrx_word' id='word_1_602' title='bbox 2125 5094 2375 5151; x_wconf 90' lang='lat' dir='ltr'>delectos</span> <span class='ocrx_word' id='word_1_603' title='bbox 2406 5094 2689 5150; x_wconf 83' lang='lat' dir='ltr'>librorum</span> <span class='ocrx_word' id='word_1_604' title='bbox 2728 5110 2841 5149; x_wconf 89' lang='lat' dir='ltr'>non</span> <span class='ocrx_word' id='word_1_605' title='bbox 2866 5093 3158 5147; x_wconf 90' lang='lat' dir='ltr'>editorum</span> <span class='ocrx_word' id='word_1_606' title='bbox 3191 5088 3527 5145; x_wconf 90' lang='lat' dir='ltr'>accessione</span> <span class='ocrx_word' id='word_1_607' title='bbox 3568 5086 3784 5158; x_wconf 88' lang='lat' dir='ltr'>ampli-</span> 
     </span>
    </p>
   </div>
   <div class='ocr_carea' id='block_1_93' title="bbox 2124 5176 3782 5239">
    <p class='ocr_par' dir='ltr' id='par_1_93' title="bbox 2124 5176 3782 5239">
     <span class='ocr_line' id='line_1_93' title="bbox 2124 5176 3782 5239; baseline -0.006 0"><span class='ocrx_word' id='word_1_608' title='bbox 2124 5184 2383 5239; x_wconf 83' lang='lat' dir='ltr'>ﬁcandos</span> <span class='ocrx_word' id='word_1_609' title='bbox 2413 5188 2471 5239; x_wconf 90' lang='lat' dir='ltr'>et</span> <span class='ocrx_word' id='word_1_610' title='bbox 2501 5183 2560 5237; x_wconf 92' lang='lat' dir='ltr'>in</span> <span class='ocrx_word' id='word_1_611' title='bbox 2593 5198 2921 5238; x_wconf 90' lang='lat' dir='ltr'>sermonem</span> <span class='ocrx_word' id='word_1_612' title='bbox 2980 5178 3247 5234; x_wconf 86' lang='lat' dir='ltr'>Latinum</span> <span class='ocrx_word' id='word_1_613' title='bbox 3301 5176 3782 5232; x_wconf 89' lang='lat' dir='ltr'>transcribendos</span> 
     </span>
    </p>
   </div>
   <div class='ocr_carea' id='block_1_94' title="bbox 2121 5264 3785 5341">
    <p class='ocr_par' dir='ltr' id='par_1_94' title="bbox 2121 5264 3785 5341">
     <span class='ocr_line' id='line_1_94' title="bbox 2121 5264 3785 5341; baseline -0.005 -13"><span class='ocrx_word' id='word_1_614' title='bbox 2121 5272 2468 5340; x_wconf 87' lang='lat' dir='ltr'>existimavi,</span> <span class='ocrx_word' id='word_1_615' title='bbox 2501 5272 2668 5327; x_wconf 84' lang='lat' dir='ltr'>facile</span> <span class='ocrx_word' id='word_1_616' title='bbox 2722 5270 3040 5341; x_wconf 89' lang='lat' dir='ltr'>principem</span> <span class='ocrx_word' id='word_1_617' title='bbox 3074 5267 3183 5322; x_wconf 87' lang='lat' dir='ltr'>sibi</span> <span class='ocrx_word' id='word_1_618' title='bbox 3228 5265 3422 5321; x_wconf 91' lang='lat' dir='ltr'>locum</span> <span class='ocrx_word' id='word_1_619' title='bbox 3469 5264 3785 5335; x_wconf 88' lang='lat' dir='ltr'>Gregorius</span> 
     </span>
    </p>
   </div>
   <div class='ocr_carea' id='block_1_95' title="bbox 2122 5352 3783 5427">
    <p class='ocr_par' dir='ltr' id='par_1_95' title="bbox 2122 5352 3783 5427">
     <span class='ocr_line' id='line_1_95' title="bbox 2122 5352 3783 5427; baseline -0.007 -10"><span class='ocrx_word' id='word_1_620' title='bbox 2122 5362 2215 5418; x_wconf 90' lang='lat' dir='ltr'>hic</span> <span class='ocrx_word' id='word_1_621' title='bbox 2234 5361 2719 5427; x_wconf 88' lang='lat' dir='ltr'>nostervindicat,</span> <span class='ocrx_word' id='word_1_622' title='bbox 2750 5358 2842 5414; x_wconf 90' lang='lat' dir='ltr'>cui</span> <span class='ocrx_word' id='word_1_623' title='bbox 2874 5359 2946 5414; x_wconf 94' lang='lat' dir='ltr'>ob</span> <span class='ocrx_word' id='word_1_624' title='bbox 2977 5371 3271 5413; x_wconf 88' lang='lat' dir='ltr'>summam</span> <span class='ocrx_word' id='word_1_625' title='bbox 3309 5369 3506 5409; x_wconf 91' lang='lat' dir='ltr'>rerum</span> <span class='ocrx_word' id='word_1_626' title='bbox 3550 5352 3783 5407; x_wconf 87' lang='lat' dir='ltr'>divina-</span> 
     </span>
    </p>
   </div>
   <div class='ocr_carea' id='block_1_96' title="bbox 2124 5441 3783 5522">
    <p class='ocr_par' dir='ltr' id='par_1_96' title="bbox 2124 5441 3783 5522">
     <span class='ocr_line' id='line_1_96' title="bbox 2124 5441 3783 5522; baseline -0.007 -16"><span class='ocrx_word' id='word_1_627' title='bbox 2124 5468 2253 5507; x_wconf 91' lang='lat' dir='ltr'>rum</span> <span class='ocrx_word' id='word_1_628' title='bbox 2298 5450 2586 5522; x_wconf 88' lang='lat' dir='ltr'>peritiam,</span> <span class='ocrx_word' id='word_1_629' title='bbox 2621 5450 2947 5505; x_wconf 90' lang='lat' dir='ltr'>secundum</span> <span class='ocrx_word' id='word_1_630' title='bbox 2995 5448 3276 5503; x_wconf 87' lang='lat' dir='ltr'>Joannem</span> <span class='ocrx_word' id='word_1_631' title='bbox 3332 5441 3664 5515; x_wconf 89' lang='lat' dir='ltr'>apostolum</span> <span class='ocrx_word' id='word_1_632' title='bbox 3715 5458 3783 5497; x_wconf 82' lang='lat' dir='ltr'>ex</span> 
     </span>
    </p>
   </div>
   <div class='ocr_carea' id='block_1_97' title="bbox 356 5527 3781 5612">
    <p class='ocr_par' dir='ltr' id='par_1_97' title="bbox 356 5527 3781 5612">
     <span class='ocr_line' id='line_1_97' title="bbox 356 5527 3781 5612; baseline -0.001 -23"><span class='ocrx_word' id='word_1_633' title='bbox 356 5536 508 5597; x_wconf 85' lang='lat' dir='ltr'>dedi.</span> <span class='ocrx_word' id='word_1_634' title='bbox 545 5535 771 5591; x_wconf 88' lang='lat' dir='ltr'>nullum</span> <span class='ocrx_word' id='word_1_635' title='bbox 820 5540 882 5591; x_wconf 89' lang='lat' dir='ltr'>ut</span> <span class='ocrx_word' id='word_1_636' title='bbox 930 5542 1163 5609; x_wconf 88' lang='lat' dir='ltr'>tempus</span> <span class='ocrx_word' id='word_1_637' title='bbox 1205 5539 1365 5595; x_wconf 90' lang='lat' dir='ltr'>abire</span> <span class='ocrx_word' id='word_1_638' title='bbox 1408 5539 1683 5609; x_wconf 91' lang='lat' dir='ltr'>sinerem,</span> <span class='ocrx_word' id='word_1_639' title='bbox 1736 5556 1851 5610; x_wconf 92' lang='lat' dir='ltr'>quo</span> <span class='ocrx_word' id='word_1_640' title='bbox 1894 5556 2011 5595; x_wconf 92' lang='lat' dir='ltr'>non</span> <span class='ocrx_word' id='word_1_641' title='bbox 2039 5527 2085 5592; x_wconf 88' lang='lat' dir='ltr'><strong>D</strong></span> <span class='ocrx_word' id='word_1_642' title='bbox 2122 5534 3583 5612; x_wconf 87' lang='lat' dir='ltr'>priscisdoctoribussoli,Theologicognomentum</span> <span class='ocrx_word' id='word_1_643' title='bbox 3605 5548 3781 5612; x_wconf 75' lang='lat' dir='ltr'>pecu-</span> 
     </span>
    </p>
   </div>
   <div class='ocr_carea' id='block_1_98' title="bbox 358 5622 2008 5699">
    <p class='ocr_par' dir='ltr' id='par_1_98' title="bbox 358 5622 2008 5699">
     <span class='ocr_line' id='line_1_98' title="bbox 358 5622 2008 5699; baseline 0.004 -22"><span class='ocrx_word' id='word_1_644' title='bbox 358 5622 589 5695; x_wconf 87' lang='lat' dir='ltr'>aliquos</span> <span class='ocrx_word' id='word_1_645' title='bbox 618 5624 677 5680; x_wconf 90' lang='lat' dir='ltr'>in</span> <span class='ocrx_word' id='word_1_646' title='bbox 710 5641 779 5680; x_wconf 89' lang='lat' dir='ltr'>ea</span> <span class='ocrx_word' id='word_1_647' title='bbox 810 5624 1180 5696; x_wconf 85' lang='lat' dir='ltr'>percipienda</span> <span class='ocrx_word' id='word_1_648' title='bbox 1208 5643 1553 5699; x_wconf 88' lang='lat' dir='ltr'>progressus</span> <span class='ocrx_word' id='word_1_649' title='bbox 1584 5628 1854 5683; x_wconf 88' lang='lat' dir='ltr'>facerem.</span> <span class='ocrx_word' id='word_1_650' title='bbox 1887 5628 2008 5684; x_wconf 86' lang='lat' dir='ltr'>Ista</span> 
     </span>
    </p>
   </div>
   <div class='ocr_carea' id='block_1_99' title="bbox 362 5712 2002 5788">
    <p class='ocr_par' dir='ltr' id='par_1_99' title="bbox 362 5712 2002 5788">
     <span class='ocr_line' id='line_1_99' title="bbox 362 5712 2002 5788; baseline 0.004 -21"><span class='ocrx_word' id='word_1_651' title='bbox 362 5712 685 5786; x_wconf 85' lang='lat' dir='ltr'>qualiquali</span> <span class='ocrx_word' id='word_1_652' title='bbox 703 5712 1005 5786; x_wconf 86' lang='lat' dir='ltr'>diligentia</span> <span class='ocrx_word' id='word_1_653' title='bbox 1034 5730 1164 5771; x_wconf 89' lang='lat' dir='ltr'>mea</span> <span class='ocrx_word' id='word_1_654' title='bbox 1195 5731 1328 5772; x_wconf 92' lang='lat' dir='ltr'>cum</span> <span class='ocrx_word' id='word_1_655' title='bbox 1360 5717 1595 5773; x_wconf 89' lang='lat' dir='ltr'>tandem</span> <span class='ocrx_word' id='word_1_656' title='bbox 1649 5732 1822 5773; x_wconf 88' lang='lat' dir='ltr'>usum</span> <span class='ocrx_word' id='word_1_657' title='bbox 1872 5718 2002 5788; x_wconf 84' lang='lat' dir='ltr'>ejus</span> 
     </span>
    </p>
   </div>
   <div class='ocr_carea' id='block_1_100' title="bbox 2115 5609 3775 5696">
    <p class='ocr_par' dir='ltr' id='par_1_100' title="bbox 2115 5609 3775 5696">
     <span class='ocr_line' id='line_1_100' title="bbox 2115 5609 3775 5696; baseline -0.007 -12"><span class='ocrx_word' id='word_1_658' title='bbox 2115 5627 2339 5684; x_wconf 89' lang='lat' dir='ltr'>liariter</span> <span class='ocrx_word' id='word_1_659' title='bbox 2361 5632 2450 5683; x_wconf 81' lang='lat' dir='ltr'>est</span> <span class='ocrx_word' id='word_1_660' title='bbox 2492 5625 3019 5696; x_wconf 87' lang='lat' dir='ltr'>concessum.Ejus</span> <span class='ocrx_word' id='word_1_661' title='bbox 3060 5621 3511 5696; x_wconf 63' lang='lat' dir='ltr'>praeclarissima</span> <span class='ocrx_word' id='word_1_662' title='bbox 3552 5609 3775 5693; x_wconf 76' lang='lat' dir='ltr'>ingenii</span> 
     </span>
    </p>
   </div>
   <div class='ocr_carea' id='block_1_101' title="bbox 2116 5708 3774 5788">
    <p class='ocr_par' dir='ltr' id='par_1_101' title="bbox 2116 5708 3774 5788">
     <span class='ocr_line' id='line_1_101' title="bbox 2116 5708 3774 5788; baseline -0.006 -14"><span class='ocrx_word' id='word_1_663' title='bbox 2116 5719 2516 5785; x_wconf 84' lang='lat' dir='ltr'>monumenta,</span> <span class='ocrx_word' id='word_1_664' title='bbox 2579 5732 2704 5788; x_wconf 79' lang='lat' dir='ltr'>quae</span> <span class='ocrx_word' id='word_1_665' title='bbox 2764 5713 3001 5786; x_wconf 90' lang='lat' dir='ltr'>quidem</span> <span class='ocrx_word' id='word_1_666' title='bbox 3051 5710 3204 5787; x_wconf 82' lang='lat' dir='ltr'>typis</span> <span class='ocrx_word' id='word_1_667' title='bbox 3234 5726 3510 5784; x_wconf 83' lang='lat' dir='ltr'>expressa</span> <span class='ocrx_word' id='word_1_668' title='bbox 3539 5708 3774 5783; x_wconf 82' lang='lat' dir='ltr'>prodie~</span> 
     </span>
    </p>
   </div>
  </div>
