4096 6288
254 331 374 397 347

1266 336 1596 403 JOANNIS:
1644 336 2170 399 LEUVENKLAII
2212 282 2660 398 ΡΗΆΕῈΑΤῘΟ.

3542 324 3663 386 348

260 479 416 547 rant,
459 474 597 546 quia
631 473 911 530 miserum
953 474 1013 530 in
1058 476 1299 530 modum
1336 477 1408 531 ab
1449 475 1763 546 interprete
1818 473 1902 530 sic
1932 476 1985 543 Α
2014 475 2400 545 Hieronymus
2457 469 2724 539 Wolfius,
2775 467 2865 523 vir
2915 463 3301 529 clarissimus,
3357 464 3550 517 Graece
3608 464 3665 516 et

259 570 506 621 tractata
534 564 825 634 videbam,
860 569 924 619 ut
945 564 1152 637 exiguo
1186 582 1319 619 cum
1370 564 1677 620 hominum
1710 564 1897 619 fructu

259 654 356 726 (ne
388 653 528 723 quid
549 653 784 725 gravius
798 654 1347 725 dicam),ceteroqui
1370 654 1540 725 longe
1563 654 1899 721 utilissima,

257 742 687 798 lectitarentur:
714 743 859 814 ccepi
893 744 1128 798 tandem
1151 744 1523 799 hortantibus
1544 742 1773 811 amicis,
1805 742 1901 811 qui

258 833 406 887 tanti
437 832 544 886 viri
574 838 693 886 tam
723 832 969 887 barbare
1014 833 1324 903 garrientis
1366 834 1519 904 apud
1569 849 1675 887 nos
1718 833 1902 887 vicem

259 921 544 987 dolerent,
594 922 665 976 ad
705 922 833 991 ejus
881 922 1415 993 interpretationem
1452 922 1717 977 animum
1758 921 1905 991 adji-

259 1027 409 1067 cere.
443 1011 685 1066 Factum
726 1011 834 1066 hoc
870 1015 959 1066 est
991 1016 1122 1067 ante
1153 1016 1305 1066 totos
1326 1016 1578 1081 quatuor
1608 1028 1813 1078 annos,
1845 1010 1904 1065 id

262 1101 416 1173 quod
450 1105 506 1155 et
535 1099 829 1156 Guillelmi
862 1101 1112 1167 Canteri,
1159 1104 1217 1156 et
1263 1101 1490 1156 Martini
1540 1100 1749 1169 Crusii,
1790 1099 1904 1155 cla-

261 1190 637 1246 rissimorum
686 1188 966 1257 virorum,
1016 1207 1081 1245 ac
1128 1189 1471 1263 plerumque
1501 1189 1679 1261 hujus
1702 1190 1905 1245 acade-

264 1280 395 1337 miae
427 1280 727 1334 doctorum
758 1279 1112 1336 testimoniis
1132 1280 1436 1336 ostendere
1464 1295 1726 1351 possum.

336 1387 480 1442 Cum
514 1390 707 1441 autem
755 1386 814 1441 id
864 1387 1103 1443 omnino
1151 1387 1338 1443 facere
1385 1403 1517 1442 cum
1559 1387 1752 1443 animo
1782 1402 1909 1442 meo

262 1474 719 1541 constituissem,
773 1475 853 1530 ita
913 1475 1058 1530 mihi
1110 1475 1531 1530 elaborandum
1596 1475 1705 1530 hoc
1762 1491 1909 1546 opus

264 1564 695 1633 existimabam,
733 1568 796 1619 ut
823 1568 880 1620 et
908 1563 1198 1637 legentum
1230 1564 1645 1636 exspectationi
1677 1564 1909 1619 satisfa-

267 1659 439 1721 ceret,
473 1658 530 1709 et
560 1654 651 1709 sui
683 1654 935 1710 auctoris
975 1654 1156 1711 libros
1190 1655 1322 1711 illos
1355 1672 1586 1726 quoque
1622 1670 1819 1710 secum
1852 1652 1909 1706 in

267 1743 526 1800 medium
559 1743 861 1815 proferret,
896 1744 991 1816 qui
1035 1744 1248 1801 alicubi
1295 1744 1778 1800 bibliothecarum
1809 1742 1911 1797 ad-

2010 563 2213 620 Latine
2256 579 2325 618 ex
2365 558 2840 632 interpretatione
2872 573 2979 613 sua
3009 553 3345 628 publicavit.
3376 553 3441 607 In
3470 568 3537 607 eo
3569 568 3664 608 me

2012 652 2256 709 minime
2298 650 2439 715 falli,
2486 649 2718 705 duobus
2760 644 3120 720 argumentis
3160 644 3365 698 docere
3396 658 3659 714 possum.

2013 743 2270 798 Primum
2308 741 2433 813 ipse
2472 739 2785 795 Choniatas
2838 736 3090 809 quodam
3142 733 3269 789 loco
3309 731 3661 788 versiculum

2013 832 2170 888 hunc
2203 829 2475 901 ascripsit
2508 846 2521 885 :

2282 940 2414 991 Θεοῦ
2454 935 2514 989 τὸ
2546 932 2740 1010 δῶρον,
2772 931 2862 987 καὶ
2893 930 3057 992 πόνος
3086 929 3389 985 Χωνιάτου.

2015 1050 2137 1112 Quo
2167 1062 2336 1101 versu
2370 1043 2638 1110 indicari,
2664 1058 2787 1096 rem
2819 1038 3058 1111 quidem
3089 1036 3281 1108 ipsam
3315 1034 3415 1091 Dei
3446 1034 3669 1089 donum

2018 1153 2165 1201 esse,
2197 1150 2398 1190 verum
2441 1131 2779 1205 scriptionis
2827 1129 3086 1184 laborem
3114 1125 3408 1181 Choniataa
3449 1122 3670 1194 deberi,

2019 1224 2211 1298 quivis
2242 1222 2707 1279 animadvertere
2739 1222 2950 1291 potest.
2979 1215 3193 1272 Deinde
3231 1213 3485 1285 sparsim
3512 1228 3673 1267 more

2018 1332 2124 1370 suo
2157 1313 2423 1385 quaedam
2458 1311 2907 1382 epigrammata,
2934 1304 3183 1362 senariis
3205 1302 3475 1359 iambicis
3498 1301 3671 1367 facta,

2017 1401 2365 1460 Nazianzeni
2422 1398 2785 1455 orationibus
2845 1393 3125 1466 praeﬁxit:
3161 1392 3316 1463 quod
3374 1390 3567 1462 ipsum
3614 1388 3673 1442 in

2021 1510 2128 1550 sua
2156 1507 2391 1563 quoque
2450 1488 2583 1544 fecit
2636 1485 2903 1551 historia,
2948 1484 3103 1539 sicut
3149 1480 3327 1537 editio
3383 1477 3676 1534 Wolﬁana

2021 1583 2402 1639 demonstrat.
2432 1579 2512 1633 Ea
2542 1593 2648 1633 nos
2682 1575 2882 1631 Latine
2911 1570 3171 1644 exposita
3202 1569 3326 1625 suis
3349 1566 3676 1637 locisinse—

2021 1672 2272 1735 ruimus,
2304 1669 2363 1722 in
2390 1665 2867 1723 annotationibus
2908 1662 3105 1717 Grsaca
3134 1658 3349 1723 daturi,
3371 1657 3442 1711 de
3463 1655 3677 1727 quibus

2022 1757 2259 1831 agnosci
2312 1756 2622 1813 Chionatas
2684 1752 2853 1823 plane
2912 1748 3144 1821 poterit.
3177 1748 3243 1801 In
3294 1746 3497 1801 eodem
3531 1744 3678 1799 libro
3782 1814 3785 1817 ν

264 1832 380 1888 huc
413 1832 740 1888 carceribus
792 1833 973 1887 clausi
1011 1833 1462 1889 continerentur.
1495 1833 1579 1888 Ad
1609 1832 1758 1886 hanc
1790 1847 1911 1884 rem
1946 1850 1987 1914 Β
2020 1854 2275 1906 extremo
2302 1847 2697 1916 fragmentum
2723 1839 3091 1912 publicarum
3127 1836 3455 1891 litterarum
3490 1833 3681 1888 cerni-

268 1922 680 1995 perﬁciendam
720 1922 996 1994 temporis
1028 1922 1263 1994 aliquod
1307 1922 1563 1995 spatium
1597 1920 1777 1976 fuisse
1811 1936 1908 1974 ne-

270 2010 621 2075 nessarium,
656 2011 904 2083 perspici
938 2010 1102 2067 facile
1123 2012 1227 2067 abs
1250 2012 1452 2083 quovis
1486 2014 1693 2082 potest.
1756 2008 1910 2063 Inte-

271 2101 383 2157 rim
434 2100 492 2155 in
537 2100 741 2156 Galliis
778 2101 865 2155 vir
921 2101 1320 2167 doctissimus,
1370 2101 1626 2156 Jacobus
1684 2097 1910 2164 Billius,

274 2190 613 2247 archimand
625 2191 735 2244 rita
756 2188 1163 2256 Michaelinus,
1185 2190 1381 2245 itidem
1406 2189 1488 2244 uti
1508 2205 1635 2253 nos,
1656 2187 1917 2258 Gregorii

273 2283 488 2336 sortem
504 2280 769 2333 acerbam
786 2278 1121 2347 miseratus,
1144 2280 1415 2334 eumdem
1438 2276 1754 2333 exornandi
1787 2276 1916 2346 ejus

271 2369 487 2441 scripta
515 2367 797 2433 laborem,
829 2372 884 2423 et
912 2368 1147 2439 quidem
1184 2369 1385 2424 eodem
1417 2382 1643 2422 mecum
1657 2370 1919 2437 tempore

274 2457 541 2527 suscipit.
580 2461 658 2511 De
679 2457 789 2511 hoc
810 2472 945 2511 cum
974 2474 1042 2511 ex
1074 2457 1299 2511 Canteri
1335 2456 1519 2511 nostri
1559 2455 1766 2509 litteris
1798 2469 1918 2508 cer-

272 2546 389 2603 tior
444 2547 628 2600 factus
674 2561 887 2615 essem,
937 2546 1045 2601 etsi
1085 2546 1210 2616 jam
1253 2545 1583 2615 complures
1630 2541 1922 2599 orationes

276 2635 481 2691 Latine
510 2633 972 2705 descripsissem,
992 2639 1188 2689 tamen
1216 2635 1285 2689 de
1314 2634 1517 2689 tabula
1537 2622 1922 2705 (quod'aiunt)

277 2739 519 2781 manum
552 2721 752 2778 tollere
782 2722 1129 2796 cogitabam,
1163 2723 1314 2795 quod
1338 2723 1647 2794 gauderem
1682 2720 1924 2777 alterius

277 2813 476 2871 labore
506 2812 848 2883 scriptorem
882 2811 1071 2882 illum,
1105 2812 1202 2883 qui
1233 2812 1409 2868 aliam
1433 2813 1492 2867 in
1524 2812 1782 2883 linguam
1808 2814 1923 2864 tra-

280 2903 419 2959 duci
459 2919 521 2958 se
566 2901 846 2973 perinvite
892 2906 1203 2973 pateretur,
1254 2903 1313 2956 in
1358 2901 1662 2957 hominum
1715 2916 1927 2955 manus

280 2992 599 3065 pervenire.
650 2990 762 3045 Nec
810 2992 1050 3046 deerant
1103 2990 1217 3045 alia
1257 2991 1522 3062 quaedam
1570 2991 1808 3062 scripta,
1859 2990 1928 3045 de

280 3081 498 3154 quibus
555 3086 774 3136 certam
809 3080 950 3135 mihi
1005 3079 1324 3136 laureolam
1366 3079 1624 3152 polliceri
1674 3095 1929 3151 possem,

281 3170 604 3245 praesertim
631 3170 876 3225 antehac
897 3187 1137 3242 prorsus
1168 3169 1405 3242 ignotis,
1429 3174 1486 3225 et
1514 3175 1709 3225 tamen
1743 3168 1932 3239 appri-

283 3276 377 3315 me
407 3258 672 3314 utilibus.

356 3348 573 3403 Verum
626 3348 725 3402 ubi
779 3347 1053 3419 deinceps
1102 3348 1254 3403 edito
1320 3347 1518 3403 labore
1566 3346 1736 3415 Billii,
1790 3345 1935 3401 satis

288 3453 607 3503 cernerem,
639 3453 816 3507 quam
850 3436 1031 3491 multa
1061 3438 1225 3509 prius
1258 3454 1371 3493 non
1402 3437 1547 3504 visa,
1578 3436 1936 3509 quibusipse

289 3527 593 3593 caruisset,
627 3526 763 3581 hinc
796 3525 931 3582 inde
978 3527 1434 3598 congessissem;
1489 3526 1733 3582 minime
1774 3542 1937 3581 com-

294 3617 647 3675 mittendum
710 3617 931 3688 putavi.
991 3621 1055 3670 ut
1110 3616 1215 3670 viri
1271 3615 1406 3670 boni
1477 3633 1543 3671 ac
1594 3616 1938 3672 Nazianzeni

294 3712 559 3763 amantes
603 3706 834 3778 egregio
874 3706 1150 3760 thesauro
1193 3706 1620 3760 fraudarentur.
1656 3705 1780 3759 Feci
1831 3704 1938 3759 hoc

293 3813 361 3855 eo
415 3812 645 3867 quoque
683 3794 1002 3864 lubentius,
1040 3795 1193 3866 quod
1224 3794 1362 3849 Eliaa
1402 3795 1692 3849 Cretensis
1714 3793 1939 3849 archie-

293 3885 517 3960 pismpi
566 3885 1121 3940 commentariorum
1164 3883 1223 3938 in
1282 3884 1709 3939 Nazianzenum
1759 3882 1939 3938 libros

294 3992 391 4031 χιχ
422 3980 649 4042 nactus,
688 3972 970 4044 illisipsis
994 3974 1243 4029 ducibus
1282 3973 1354 4028 ad
1396 3973 1683 4028 eruendos
1714 3973 1942 4027 abstru-

296 4081 391 4120 sos
423 4064 479 4118 iu
533 4063 821 4134 plerisque
872 4062 1010 4118 locis
1054 4062 1398 4117 Nazianzeni
1456 4078 1666 4118 sensus
1715 4060 1798 4115 uti
1851 4077 1942 4115 me

295 4169 469 4227 posse
499 4168 713 4223 magna
746 4167 879 4207 cum
912 4150 1163 4207 utilitate
1192 4151 1464 4207 viderem.
1508 4156 1623 4206 Nec
1667 4155 1944 4222 praeterea

294 4258 503 4315 parum
536 4246 679 4309 erat,
718 4241 927 4295 habere
958 4245 1041 4295 tot
1070 4240 1301 4312 egregia
1328 4239 1671 4296 Nazianzeni
1697 4240 1943 4310 scripto-

297 4347 431 4387 rum
463 4329 838 4401 exemplaria,
872 4329 1135 4399 pluribus
1167 4336 1300 4384 ante
1331 4329 1558 4385 smculis
1604 4346 1777 4383 manu
1811 4345 1942 4384 exa-

297 4425 448 4478 rata.
481 4424 628 4474 Nam
681 4424 748 4474 ut
797 4420 929 4474 dem
976 4418 1207 4473 Billium
1255 4420 1428 4473 etiam
1472 4419 1543 4473 de
1586 4415 1946 4473 Bibliotheca

300 4511 510 4583 reginae
544 4526 661 4564 suae
704 4508 883 4563 libros
935 4507 1363 4564 vetustissimos
1404 4507 1718 4579 accepisse,
1743 4523 1943 4578 quem-

2018 1942 2133 2007 tur,
2168 1936 2383 2009 quibus
2416 1949 2595 1989 manu
2625 1947 2732 1986 sua
2752 1933 3005 1984 Joannes
3037 1926 3476 1981 Cantacuzenus
3506 1922 3685 1994 impe-

2021 2031 2180 2083 rator
2211 2022 2460 2091 rubrica,
2500 2037 2603 2091 pro
2653 2036 2835 2088 more,
2889 2014 3267 2086 subscripsit,
3301 2010 3685 2084 sequentibus

2020 2113 2193 2169 etiam
2228 2113 2403 2183 longe.
2423 2108 2570 2165 serie
2588 2105 3122 2178 subscriptionibus
3146 2101 3473 2157 antistitum
3500 2115 3513 2153 :
3549 2098 3681 2153 Cal-

2024 2203 2165 2273 listi,
2192 2199 2531 2273 patriarchae
2553 2195 2853 2266 Byzantini
2882 2212 2895 2261 ;
2930 2191 3219 2248 Philothei
3264 2186 3677 2257 Heracliensis,

2025 2292 2124 2365 qui
2152 2308 2214 2346 se
2260 2284 2522 2364 πρόεδρον
2570 2288 2675 2339 τῶν
2733 2281 3045 2357 ὑπερτίμων
3078 2279 3354 2353 appellat,
3403 2282 3460 2333 et
3504 2275 3679 2344 πάσης

2027 2379 2239 2456 Θρᾴκης
2287 2376 2377 2432 καὶ
2422 2370 2746 2434 Μακεδονίας
2796 2371 3044 2446 ἔξαρχον·
3079 2368 3338 2441 Gregorii
3367 2365 3678 2423 Thessalo-

2028 2454 2305 2536 nicensis,
2350 2464 2581 2539 ἐξάρχου
2622 2463 2801 2529 πάσης
2845 2457 3157 2518 Θετταλίας⁹
3202 2455 3438 2513 Macarii
3488 2454 3684 2509 Phila-

2029 2556 2387 2629 delphensis,
2436 2551 2666 2627 ἐξάρχου
2720 2549 2896 2617 πάσης
2955 2544 3168 2617 Λυδίας,
3228 2546 3325 2614 qui
3386 2561 3447 2617 se
3508 2543 3685 2598 etiam

2029 2644 2320 2703 καθολικὸν
2353 2642 2542 2719 κριτὴν
2594 2644 2700 2694 τῶν
2752 2634 3036 2710 Ῥωμαίων
3086 2636 3433 2705 nuncupat:
3468 2631 3687 2687 multo-

2030 2753 2166 2794 rum
2193 2734 2445 2805 denique
2491 2732 2760 2796 aliorum,
2795 2742 3046 2799 quorum
3085 2724 3324 2779 nomina
3367 2720 3686 2790 titulosque

2034 2827 2249 2883 referre
2278 2822 2569 2896 prolixum
2596 2819 2787 2875 fuerit.

2106 2914 2365 2970 Alterum
2396 2916 2590 2966 autem
2608 2906 2902 2979 exemplar
2931 2905 3100 2975 longe
3123 2902 3229 2957 hoc
3259 2900 3434 2955 etiam
3452 2898 3688 2953 videtur

2038 3004 2360 3076 antiquius.
2394 3001 2743 3056 Litterarum
2775 2996 3009 3068 quidem
3040 2990 3329 3065 elegantia
3346 2988 3549 3045 multis
3565 3004 3690 3043 mo-

2040 3096 2131 3152 dis
2177 3096 2432 3166 praestat,
2485 3090 2577 3146 cui
2610 3088 2779 3160 plane
2809 3086 3122 3156 respondet
3171 3081 3512 3152 scriptionis
3543 3080 3690 3166 inte-

2047 3165 2228 3258 gritas
2266 3201 2277 3239 :
2311 3181 2526 3237 etenim
2575 3183 2737 3235 tanta
2768 3180 3069 3231 exaratum
3103 3176 3195 3227 est
3224 3169 3546 3242 diligentia,
3568 3165 3695 3222 nul-

2047 3257 2169 3331 lum
2202 3278 2269 3329 ut
2306 3272 2547 3327 verbum
2578 3269 2639 3323 in
2672 3284 2737 3323 eo
2781 3279 3084 3339 perperam
3119 3260 3407 3332 scriptum
3437 3257 3692 3331 reperia-

2042 3369 2160 3421 tur.
2194 3363 2333 3433 Ejus
2381 3358 2583 3415 utendi
2642 3359 2899 3428 potestas
2929 3370 2963 3408 a
2992 3349 3331 3407 Basiliensis
3384 3344 3691 3403 academica

2046 3452 2404 3518 doctoribus,
2435 3448 2575 3503 viris
2605 3451 2663 3502 et
2690 3443 3015 3501 eruditione
3045 3456 3298 3506 summa,
3331 3441 3387 3493 et
3416 3434 3690 3491 humani-

2045 3547 2163 3600 tate
2191 3539 2404 3597 eximia
2433 3534 2874 3610 praestantibus,
2904 3546 3156 3603 quorum
3178 3531 3363 3584 exstat
3392 3526 3450 3581 in
3481 3522 3692 3579 biblio-

2048 3633 2214 3687 theca
2246 3628 2500 3701 publica,
2527 3624 2777 3696 benigne
2803 3621 2943 3676 mihi
2979 3623 3129 3675 facta
3158 3623 3266 3674 est.
3294 3618 3537 3671 Constat
3565 3617 3698 3669 ante

2048 3738 2231 3778 annos
2260 3736 2346 3787 CL,
2376 3722 2638 3787 tempore
2669 3711 2899 3769 coneilli
2932 3707 3269 3765 Basiliensis
3299 3706 3413 3761 huc
3454 3703 3697 3759 allatum

2048 3827 2194 3878 esse,
2226 3825 2292 3863 ac
2322 3807 2595 3876 deinceps
2641 3818 2853 3873 magna
2898 3798 3268 3855 veneratione
3314 3797 3699 3851 asservatum.

2049 3904 2424 3969 lnterspersa:
2473 3898 2611 3950 sunt
2643 3891 2864 3963 passim
2898 3889 3139 3961 pictura:
3160 3885 3449 3959 quedam,
3484 3883 3703 3955 quibus

2050 3990 2380 4045 Graecorum
2430 3983 2679 4039 vestitus
2713 3986 2769 4035 et
2800 3978 3039 4033 habitus
3088 3976 3386 4047 eleganter
3427 3971 3704 4043 exprimi-

2048 4084 2163 4134 tur.
2199 4075 2410 4131 Eodem
2444 4073 2635 4143 imago
2667 4066 2923 4140 Gregorii
2956 4066 3310 4131 continetur,
3353 4063 3433 4118 ita
3464 4076 3704 4133 prorsus

2050 4168 2262 4235 efficta,
2300 4161 2803 4236 quemadmodum
2825 4158 2953 4228 ejus
2985 4162 3109 4211 tum
3132 4153 3295 4208 faciei
3329 4151 3703 4214 lineamenta,

2051 4244 2183 4312 tum;
2207 4254 2454 4308 aliorum
2475 4249 2874 4304 membrorum
2900 4246 3146 4300 formam
3174 4241 3401 4296 Simeon
3420 4238 3517 4293 ille
3536 4238 3707 4292 Meta-

2054 4347 2322 4418 phrastes
2366 4338 2697 4411 descripsit,
2744 4336 2915 4406 cujus
2960 4334 3134 4388 verba
3176 4330 3318 4384 Vitae
3360 4326 3707 4383 Nazianzeni

2055 4416 2321 4504 subjecta
2353 4433 2693 4501 sequentur.
2755 4425 2860 4479 His
2916 4439 3052 4494 ergo
3113 4436 3220 4477 nos
3277 4416 3708 4490 exemplaribus

2056 4523 2207 4589 freti,
2245 4525 2301 4576 et
2327 4521 2640 4590 depravata
2688 4514 2940 4585 plurima
2979 4510 3362 4574 correximus,
3395 4512 3453 4562 et
3501 4504 3710 4561 mutila

298 4599 684 4657 madmodum
719 4615 810 4654 res
841 4597 968 4668 ipsa
997 4598 1203 4652 docet:
1238 4601 1433 4652 tamen
1466 4596 1637 4669 longe
1669 4596 1943 4651 nosinte-
1980 4597 2023 4661 D
2059 4608 2377 4682 integritati
2411 4624 2529 4662 sua,
2560 4604 2947 4660 restituimus_

299 4689 593 4764 grioribus
624 4704 761 4742 usos
792 4704 942 4755 esse,
966 4686 1052 4741 vel
1084 4686 1218 4741 inde
1258 4686 1577 4759 perspicias
1611 4686 1767 4752 licet,
1792 4684 1947 4756 quod

301 4796 416 4837 non
451 4777 643 4834 solum
675 4794 763 4841 ea,
812 4793 938 4848 quae
992 4776 1194 4831 Billius
1229 4780 1410 4844 notat,
1444 4778 1499 4831 in
1534 4775 1753 4831 nostris
1788 4789 1948 4845 repe-

300 4869 559 4937 riantur;
593 4883 792 4922 verum
825 4866 1001 4921 etiam
1033 4866 1179 4921 bene
1200 4866 1384 4938 longae
1404 4864 1624 4937 periodi
1657 4862 1949 4936 passimin

301 4959 567 5016 versione
614 4957 865 5013 Billiana
936 4955 1361 5023 desiderentur,
1405 4971 1550 5026 quas
1600 4951 1953 5024 exemplaria

303 5053 505 5105 nostra
535 5047 933 5119 suppeditant.
969 5045 1193 5101 Patebit
1222 5046 1330 5100 hoc
1361 5044 1431 5099 de
1461 5041 1951 5098 Annotationibus

303 5138 523 5195 nostris
553 5136 610 5191 iu
646 5137 1266 5207 Nazianzenum,quas
1298 5134 1408 5189 sub
1441 5130 1753 5187 tertiitomi
1776 5131 1950 5186 finem

303 5226 504 5284 lectori
537 5226 729 5280 daturi
761 5243 991 5280 sumus.

378 5335 534 5390 Inter
575 5332 690 5389 alia
714 5350 847 5389 vero
899 5331 1273 5402 exemplaria,
1316 5329 1534 5401 quibus
1582 5345 1791 5382 sumus
1840 5325 1952 5395 usi,

306 5424 421 5479 duo
454 5424 743 5495 praecipue
786 5422 1063 5478 celebrari
1098 5423 1415 5475 merentur.
1460 5418 1671 5473 Eorum
1703 5416 1954 5471 alterum

303 5514 590 5583 scriptum
624 5516 899 5567 estmanu
925 5510 1216 5566 Choniataa
1238 5507 1561 5562 Acominati
1582 5512 1713 5561 ante
1738 5505 1957 5576 aliquot

306 5601 540 5669 saecula,
584 5601 713 5670 ejus
735 5599 835 5671 qui
880 5601 1298 5671 imperatorum
1353 5596 1801 5670 Byzantinorum
1866 5611 1957 5650 res

305 5695 501 5766 gestas
558 5688 959 5761 compluribus
1016 5687 1186 5743 libris
1243 5690 1331 5743 est
1384 5684 1743 5758 complexus,
1805 5700 1953 5755 quos

2134 4679 2211 4757 De
2238 4698 2371 4754 Eliaa
2429 4692 2866 4751 commentariis
2926 4689 3081 4745 aliud
3142 4686 3287 4742 nihil
3347 4684 3556 4749 dicam,
3592 4679 3701 4735 nisi

2058 4807 2205 4863 opus
2234 4788 2430 4859 ipsum
2463 4784 2782 4840 bonitatem
2815 4797 2986 4836 suam
3018 4777 3250 4835 abunde
3280 4774 3705 4830 commonstra-

2059 4860 2281 4936 turum.
2332 4875 2464 4931 Fuit
2503 4878 2659 4929 certe
2689 4872 2775 4926 vir
2807 4869 2926 4934 ille,
2968 4867 3438 4940 quandocunque
3468 4860 3707 4916 tandem

2058 4969 2199 5025 vixit
2226 4965 2393 5040 (nihil
2425 4963 2583 5019 enim
2634 4962 2703 5015 de
2735 4960 2844 5015 hoc
2888 4958 3056 5013 nobis
3103 4954 3372 5023 constat),
3419 4949 3712 5006 maximus

2061 5063 2117 5115 et
2147 5038 2528 5126 philosophus
2566 5055 2624 5107 et
2655 5049 2943 5121 thelogus,
2993 5044 3092 5117 qui
3144 5041 3412 5099 omnium
3460 5038 3715 5112 philoso-

2062 5147 2335 5220 phorum,
2360 5150 2685 5214 poetarum,
2735 5142 3057 5202 oratorum,
3102 5130 3537 5197 historicorum,
3571 5127 3714 5184 alio-

2063 5251 2313 5307 rumque
2334 5232 2517 5288 libros
2540 5226 2993 5302 diligentissime
3014 5223 3324 5290 lectitarat,
3348 5223 3471 5275 tam
3492 5223 3719 5275 veteres

2066 5342 2243 5398 quam
2287 5339 2489 5389 novos,
2544 5316 2865 5391 praesertim
2913 5313 3263 5379 Platonicos,
3303 5307 3715 5382 Porphyrium,

2064 5396 2474 5480 Iamblichum,
2506 5408 2797 5475 Proclum,
2829 5408 3067 5460 caeteros
3098 5402 3194 5458 :id
3238 5399 3391 5472 quod
3441 5396 3606 5453 facile
3648 5396 3717 5449 de

2063 5502 2318 5560 thesium
2355 5498 2785 5561 communium,
2807 5510 2985 5567 quam
3004 5490 3209 5549 multis
3242 5489 3385 5546 locis
3402 5483 3717 5561 pulcherri-

2067 5608 2196 5648 mas
2225 5596 2280 5646 ct
2306 5587 2580 5662 praeclara
2637 5584 2904 5641 doctrina
2933 5582 3176 5639 refertas
3208 5578 3474 5648 inseruit,
3497 5577 3716 5630 tracta-

2065 5681 2225 5738 tione
2263 5674 2618 5751 deprehendi
2658 5677 2868 5747 potest.
2904 5671 3059 5728 Nihil
3078 5666 3497 5727 commentario
3512 5663 3713 5718 inora-
