4096 6288
318 386 439 446 349

1331 384 1662 449 JOANNIS
1707 384 2243 451 LEUVENKLAII
2286 382 2730 446 PREFATIO.

3613 381 3733 442 350

319 521 539 577 tionem
573 521 645 576 De
692 522 843 576 recta
894 518 1201 575 disserendi
1248 519 1311 575 de
1360 520 1463 575 Deo
1510 521 1745 589 ratione,
1796 536 1970 591 quam
2001 522 2054 588 Α
2082 522 2298 574 temere
2326 534 2586 588 vaneque
2617 517 2753 585 dici,
2783 532 2944 573 more
3001 532 3158 573 nunc
3207 514 3568 589 pervulgato,
3616 533 3730 589 quo

322 627 429 667 nos
460 611 518 664 in
553 610 755 665 ordine
805 610 1123 665 secundam
1175 609 1444 679 fecimus,
1495 608 1606 680 legi
1655 609 1969 680 perfectius

319 700 685 756 eruditiusve
718 704 929 771 potest.
962 699 1032 753 Et
1063 698 1298 770 scripsit
1329 699 1527 753 omnia
1576 698 1774 770 phrasi
1829 714 1969 753 sane

321 788 700 862 pereleganti,
736 788 975 856 munda,
1030 787 1271 842 minime
1325 788 1589 853 barbara,
1635 786 1967 858 cujusmodi

319 883 411 934 est
440 878 795 943 Graecorum,
830 877 929 948 qui
965 875 1245 948 proximis
1278 876 1506 931 saeculis
1528 877 1814 943 vixerunt,
1835 893 1968 931 ora-

315 966 399 1023 tio
426 984 438 1023 :
472 968 545 1022 de
573 983 691 1039 quo
724 965 861 1021 licet
893 966 1205 1033 aestimare,
1240 981 1357 1020 non
1390 981 1576 1036 usque
1608 966 1751 1021 adeo
1776 981 1970 1021 recen-

316 1060 435 1112 tem
468 1056 651 1111 Etiam
682 1055 840 1111 hunc
868 1059 1137 1111 nostrum
1168 1071 1319 1124 esse,
1369 1055 1470 1112 sed
1518 1057 1652 1111 ante
1700 1054 1969 1127 pluscula

318 1161 460 1202 sane
491 1145 708 1201 saacula
736 1144 970 1201 vixisse.

394 1250 585 1307 Faciet
642 1250 828 1323 ipsius
899 1251 1451 1307 commentariorum
1528 1251 1833 1307 lectionem
1907 1251 1964 1307 id

320 1356 552 1412 quoque
574 1340 1010 1411 jucundiorem,
1044 1341 1198 1411 quod
1231 1340 1314 1396 eis
1346 1340 1672 1413 fragmenta
1701 1343 1966 1413 quadam

320 1428 671 1497 scriptorum
730 1434 991 1485 veterum
1060 1430 1489 1495 contineantur,
1550 1448 1802 1503 quorum
1862 1449 1967 1487 nos

320 1518 491 1575 hodie
521 1517 702 1573 libros
736 1519 993 1589 integros
1026 1535 1140 1574 non
1169 1518 1475 1574 habemus.
1510 1520 1667 1575 Inter
1695 1521 1841 1576 alios
1876 1526 1967 1577 est

322 1624 594 1664 summus
625 1606 721 1661 ille
753 1607 1064 1675 Maximus,
1118 1608 1288 1679 cujus
1340 1608 1581 1664 Lutetiae
1633 1609 1965 1682 publicatus

327 1702 416 1753 est
475 1697 533 1752 in
590 1696 851 1769 Dionysii
909 1697 1127 1769 scripta
1202 1699 1682 1754 commentarius.
1766 1700 1965 1755 Exstat

321 1786 585 1857 ejusdem
616 1786 769 1857 apud
802 1785 1026 1841 Graecos
1058 1784 1248 1841 adhuc
1280 1790 1379 1853 τῆς
1429 1784 1573 1847 θείας
1620 1783 1962 1862 λειτουργίας

319 1872 597 1950 ἑρμηνεία.
633 1875 803 1930 Liber
833 1874 904 1930 ad
936 1873 1332 1944 Thalassium,
1357 1875 1428 1931 ab
1450 1877 1651 1931 eodem
1683 1877 1959 1949 scriptus,
1993 1897 2042 1963 Β

315 1964 617 2020 aMicaelo
650 1963 827 2036 Glyca
874 1964 1111 2031 citetur,
1172 1965 1341 2036 cujus
1400 1964 1651 2020 Annales
1710 1967 1959 2021 necdum

311 2054 497 2110 editos
527 2055 636 2108 hoc
667 2059 929 2124 tempore
986 2054 1472 2123 interpretamur:
1532 2054 1791 2126 itemque
1836 2074 1961 2108 κατ-

314 2144 543 2217 ήχησις,
592 2147 649 2197 et
694 2139 849 2194 θείων
894 2136 1193 2215 δογμάτων
1243 2140 1531 2217 κεφάλαια,
1586 2146 1755 2212 cujus
1826 2143 1959 2199 libri

312 2236 510 2288 noster
531 2232 684 2287 Elias
706 2248 938 2303 quoque
969 2230 1257 2286 meminit.
1284 2231 1479 2286 Multis
1510 2230 1684 2287 etiam
1716 2232 1775 2286 in
1818 2231 1961 2290 locis

313 2321 468 2377 Elias
494 2321 736 2378 indicat.
769 2338 830 2376 se
862 2320 1006 2375 alias
1037 2337 1272 2392 quoque
1301 2320 1643 2376 Nazianzeni
1668 2322 1961 2378 orationes

313 2410 617 2483 perpetuis
657 2409 1095 2465 commentariis
1127 2425 1452 2465 enarrasse.
1504 2410 1865 2481 Quapropter
1906 2416 1963 2466 et

315 2499 547 2555 Nicetas
576 2497 905 2567 Serronius,
962 2503 1020 2553 et
1066 2498 1377 2570 Gregorius
1426 2498 1713 2568 Palamas,
1765 2505 1820 2555 et
1863 2500 1960 2554 alii

312 2587 521 2645 bacula
552 2587 731 2659 huius
763 2604 960 2644 arasse
990 2587 1168 2643 videri
1200 2591 1486 2659 possunt;
1522 2588 1680 2643 furta
1707 2589 1959 2661 quadem

316 2694 444 2734 esse
474 2677 647 2745 facta,
698 2676 900 2733 multis
958 2676 1104 2733 locis
1149 2676 1506 2749 deprehendi
1553 2681 1765 2749 potest.
1814 2678 1964 2734 Citat

314 2766 537 2839 passim
569 2768 639 2822 de
670 2765 1014 2823 Nazianzeni
1055 2766 1344 2839 poematis
1394 2782 1600 2822 versus
1648 2768 1960 2837 quosdam,

315 2857 413 2928 qui
446 2872 580 2911 cum
610 2856 669 2910 in
702 2855 876 2911 editis
906 2871 1179 2926 prorsum
1213 2870 1326 2911 non
1369 2860 1685 2921 exstarent,
1735 2872 1840 2912 nos
1886 2857 1958 2911 ad

316 2946 750 3017 manuscriptos
770 2948 1107 3015 poematum
1129 2943 1310 2999 libros
1326 2949 1556 2999 nostros
1571 2952 1957 3012 recurrentes,

326 3033 623 3089 universos
681 3035 1042 3105 reperimus;
1104 3033 1159 3087 id
1213 3034 1368 3103 quod
1426 3033 1621 3088 divino
1679 3034 1959 3090 beneficio

321 3122 535 3177 factum
594 3122 958 3184 crediderim.
1012 3125 1077 3176 ut
1134 3138 1248 3193 quo
1303 3126 1563 3193 tempore
1613 3122 1960 3178 Nazianzeni

313 3228 485 3284 opera
510 3211 610 3267 illa
635 3217 843 3267 nactus
865 3228 1077 3278 essem,
1103 3227 1174 3266 ne
1196 3210 1329 3282 quis
1346 3227 1413 3265 ea
1436 3210 1623 3283 ipsius
1655 3226 1782 3268 esse
1821 3213 1955 3267 infi-

309 3301 583 3367 ciaretur,
625 3301 883 3357 hominis
939 3302 1079 3355 certi
1123 3300 1459 3356 testimonio
1509 3302 1813 3358 commode
1870 3303 1955 3358 uti

308 3406 569 3462 possem.
594 3390 908 3445 Consimile
931 3388 1214 3460 quiddam
1234 3388 1294 3444 in
1323 3390 1593 3455 Caesario,
1616 3390 1961 3446 Nazianzeni

308 3496 590 3553 germano
613 3480 809 3549 fratre,
835 3478 976 3533 mihi
1008 3478 1298 3533 usuvenit.
1334 3479 1479 3533 Eum
1520 3483 1656 3534 ante
1712 3486 1963 3551 quatuor

313 3586 501 3625 annos
533 3568 733 3623 divina
774 3567 918 3622 mihi
977 3566 1218 3638 largitas
1276 3568 1532 3636 obtulit;
1593 3584 1844 3639 cumque
1890 3570 1963 3624 de

320 3658 536 3731 scripto
568 3656 831 3713 nonnihil
862 3656 1212 3724 dubitarem,
1244 3661 1547 3729 propterea
1577 3658 1730 3729 quod
1784 3659 1965 3715 Caesa-

318 3748 472 3802 rium
506 3746 712 3801 aulicis
744 3746 993 3818 negotiis
1024 3750 1081 3800 et
1111 3745 1421 3817 quaestorio
1453 3763 1694 3802 munere
1719 3762 1963 3818 occupa-

314 3840 464 3902 tum,
498 3840 834 3906 matureque
866 3835 1039 3890 rebus
1070 3834 1346 3890 humanis
1377 3840 1710 3906 exemptum
1760 3836 1960 3904 fuisse,

314 3925 387 3981 de
417 3924 675 3996 Gregorii
719 3924 914 3979 fratris
967 3922 1227 3979 oratione
1274 3924 1501 3979 funebri
1566 3923 1960 3995 accepissem:

315 4030 444 4069 ecce
463 4011 749 4084 superiori
773 4029 926 4068 anno
948 4017 1156 4067 testem
1179 4012 1415 4084 Glycam
1456 4012 1705 4083 invenio,
1760 4013 1859 4084 qui
1893 4014 1963 4069 de

314 4102 431 4159 illis
462 4103 609 4174 ipsis
628 4101 856 4157 Caesarii
884 4100 1152 4172 dialogis,
1180 4118 1327 4173 quos
1352 4118 1505 4157 nunc
1534 4102 1791 4173 primum
1824 4103 1962 4159 Gre-

314 4193 461 4264 gorii
493 4191 676 4247 nostri
705 4190 1103 4246 monumentis
1125 4196 1283 4245 tomo
1306 4192 1481 4246 tertio
1510 4191 1859 4262 subjicimus
1890 4192 1963 4247 ad

316 4281 559 4336 verbum
591 4279 875 4335 nonnulla
905 4279 1066 4334 citat.

389 4388 551 4453 Quod
584 4386 634 4442 si
668 4385 775 4441 hoc
808 4402 1043 4458 quoque
1073 4385 1410 4441 addendum
1440 4385 1772 4457 estdeElia,
1795 4386 1964 4458 equi-

318 4475 453 4529 dem
485 4474 753 4530 existimo
784 4474 999 4529 vixisse
1032 4474 1087 4528 id
1118 4474 1400 4545 temporis
1458 4474 1777 4542 hominem,
1828 4492 1962 4531 cum

319 4563 487 4618 Creta
507 4579 607 4633 per
626 4564 977 4619 Sarracenos
999 4567 1299 4635 occupata,
1325 4571 1380 4618 et
1414 4564 1748 4636 Bysantinis
1776 4564 1963 4636 impe-

2082 607 2447 680 emptoribus
2479 608 2839 680 imponatur,
2875 607 3198 663 existimet:
3259 605 3400 661 libet
3446 606 3554 662 hoc
3606 606 3731 664 loco

2080 715 2266 771 pauca
2296 698 2564 769 quasdam
2597 698 2913 769 subjicere,
2948 697 3018 753 de
3052 697 3265 768 quibus
3296 700 3351 751 et
3381 711 3512 751 vere
3538 714 3643 752 nos
3672 697 3729 752 id

2077 788 2391 859 praedicare
2449 786 2630 843 lector
2683 786 2992 859 intelligat,
3054 790 3109 842 et
3165 784 3439 841 editionis
3522 790 3730 843 nostrae

2079 877 2366 933 rationem
2402 877 2736 949 perspiciat.

2149 966 2356 1021 Statim
2388 967 2459 1021 ab
2492 966 2657 1022 initio
2708 965 2973 1038 prooemii
3028 965 3121 1021 sui
3173 964 3354 1020 tradit
3415 963 3592 1032 Elias,
3650 965 3721 1022 ab

2077 1054 2436 1111 Nazianzeno
2462 1059 2693 1110 tantum
2724 1055 3019 1110 orationes
3041 1054 3161 1110 sive
3198 1055 3721 1111 commentationes

2077 1143 2238 1215 (nam
2268 1161 2377 1200 vox
2404 1142 2574 1217 λόγος
2624 1144 2946 1217 generatim
2981 1162 3015 1200 a
3052 1144 3345 1200 veteribus
3378 1148 3726 1215 usurpatur,

2077 1234 2149 1289 de
2178 1234 2382 1306 quovis
2413 1234 2629 1306 scripto
2662 1238 2833 1305 atque
2864 1232 3141 1305 tractatu)
3172 1248 3417 1288 numero
3479 1249 3548 1287 ιιι
3594 1248 3723 1288 esse

2077 1322 2424 1395 publicatae,
2458 1339 2605 1395 quas
2636 1322 2789 1378 inter
2819 1328 2875 1377 et
2904 1321 3161 1393 epistolae
3193 1325 3360 1376 certae
3391 1320 3593 1377 referri
3625 1321 3722 1376 de-

2076 1411 2269 1481 beant,
2303 1413 2471 1483 cujus
2493 1411 2722 1484 generis
2748 1411 2859 1467 illae
2883 1416 3043 1481 sunt,
3068 1428 3214 1483 quas
3253 1410 3323 1465 ad
3359 1408 3717 1480 Neoterium,

2072 1501 2407 1572 Evagrium,
2436 1500 2777 1557 Cledonium
2804 1500 3164 1573 perscripsit.
3191 1500 3307 1555 Hoc
3328 1499 3463 1554 Elite
3497 1498 3719 1554 dictum

2074 1606 2207 1647 cum
2235 1590 2430 1645 animo
2467 1607 2591 1645 meo
2625 1590 2937 1646 insedisset
2967 1588 3166 1656 altius,
3200 1589 3455 1659 primum
3512 1605 3580 1643 ea
3628 1604 3719 1643 me

2074 1678 2308 1735 liberari
2340 1679 2611 1752 opinione
2642 1678 3049 1747 animadverti,
3082 1695 3258 1751 quam
3292 1677 3501 1732 Bilium
3551 1694 3717 1733 secu-

2072 1772 2201 1825 tum
2223 1768 2405 1825 fuisse
2426 1769 2612 1823 video.
2639 1769 2809 1823 Putat
2825 1768 2980 1823 enim
2998 1767 3342 1840 Gregorium
3368 1766 3523 1821 haud
3542 1765 3717 1820 dubie

2076 1856 2272 1929 plures
2293 1857 2362 1911 ad
2398 1855 2681 1929 populum
2714 1858 2842 1927 ejus
2880 1857 3111 1929 generis
3142 1856 3434 1911 orationes
3484 1853 3716 1911 habitas

2072 1945 2347 2012 edidisse,
2373 1947 2543 2017 cujus
2564 1950 2653 2001 est
2674 1946 2794 2017 illa,
2820 1963 2937 2018 qua
2959 1946 3183 2002 dictum
3210 1945 3421 2001 Christi
3445 1961 3512 2000 ex
3532 1944 3716 1999 Evan-

2071 2035 2221 2108 gelio
2252 2036 2503 2090 Matthaei
2539 2034 2829 2107 explanat.
2865 2036 3028 2100 Quod
3060 2037 3107 2091 si
3139 2052 3341 2090 verum
3369 2038 3541 2100 esset,
3593 2051 3719 2105 per-

2071 2123 2367 2195 quirendaa
2388 2123 2555 2179 nobis
2578 2129 2774 2179 essent
2798 2124 3179 2192 bibliothecas,
3198 2129 3261 2179 ut
3282 2140 3380 2178 eas
3403 2122 3712 2188 orationes,

2071 2211 2119 2267 si
2153 2229 2265 2267 non
2299 2228 2525 2282 omnes,
2559 2213 2766 2267 saltem
2799 2213 3107 2285 plerasque
3129 2213 3345 2285 publici
3372 2229 3514 2267 usus
3537 2228 3716 2267 causa

2071 2301 2485 2373 proferremus.
2518 2302 2589 2356 At
2620 2300 2729 2356 hoc
2786 2307 2904 2357 toto
2951 2302 3148 2358 labore
3197 2301 3582 2373 molestiaque
3622 2317 3714 2357 me

2069 2391 2311 2446 verbum
2343 2390 2453 2447 hoc
2485 2392 2723 2447 unicum
2754 2391 2889 2447 Elia
2920 2391 3088 2458 levat,
3124 2392 3215 2447 cui
3248 2392 3347 2464 qui
3383 2392 3555 2447 fidem
3615 2391 3712 2446 de-

2069 2482 2290 2549 trahat,
2322 2484 2573 2537 arbitror
2603 2483 2723 2538 fore
2755 2484 3071 2539 neminem.

2144 2589 2260 2645 Hoc
2292 2589 2548 2661 primum
2582 2590 2970 2659 considerato,
3010 2590 3155 2661 coepi
3208 2589 3483 2661 deinceps
3532 2588 3713 2644 aciem

2073 2678 2255 2735 animi
2287 2679 2399 2734 mei
2433 2678 2683 2751 dirigere
2715 2681 2785 2735 ad
2837 2679 3177 2735 faciundum
3228 2680 3298 2734 de
3352 2679 3716 2733 orationibus

2071 2767 2167 2833 iis,
2201 2773 2485 2839 quotquot
2515 2774 2830 2839 exstarent,
2877 2767 3207 2840 judicium:
3269 2784 3384 2839 quo
3438 2768 3712 2831 viderem,

2070 2862 2343 2912 essentne
2372 2858 2633 2929 germani
2666 2859 2815 2913 fetus
2847 2858 3026 2928 hujus
3059 2857 3312 2912 auctoris
3361 2873 3584 2923 omnes,
3641 2872 3713 2911 an

2071 2946 2183 3000 sub
2213 2947 2342 3017 ejus
2375 2947 2610 3002 nomine
2644 2947 3001 3018 suppositilii
3026 2947 3329 3018 quidpiam
3362 2945 3713 3000 latitaretln

2070 3034 2180 3091 hac
2210 3052 2458 3091 censura
2489 3036 2881 3107 deprehendo,
2914 3036 3145 3091 duobus
3194 3035 3251 3089 in
3301 3034 3537 3104 scriptis
3580 3039 3713 3089 ante

2072 3140 2166 3179 me
2201 3124 2436 3179 Billium
2470 3124 2525 3179 id
2560 3125 3069 3194 animadvertisse,
3099 3124 3252 3196 quod
3288 3141 3379 3179 res
3406 3129 3513 3185 est,
3540 3124 3710 3177 nimi-

2069 3229 2201 3267 rum
2232 3229 2300 3268 ea
2328 3212 2685 3267 Nazianzeno
2717 3212 2894 3267 tribui
2927 3229 3299 3284 nequaquam
3352 3213 3601 3277 debere;
3653 3211 3712 3265 in

2069 3301 2237 3357 tertio
2269 3302 2628 3374 tamipsum,
2662 3318 2838 3373 quam
2890 3307 3129 3358 caeteros
3178 3318 3381 3357 omnes
3430 3300 3715 3356 hactenus

2070 3389 2417 3447 allucinatos
2450 3391 2648 3446 fuisse.
2693 3391 2890 3445 Priora
2946 3392 3060 3446 duo
3114 3395 3273 3458 sunt,
3326 3390 3716 3462 metaphrasis

2070 3480 2133 3534 in
2160 3480 2567 3545 Ecclesiastem,
2598 3496 2722 3549 quae
2753 3480 3085 3552 Hieronymi
3116 3479 3455 3535 testimonio
3512 3486 3718 3549 Grego-

2072 3566 2144 3622 rii
2165 3568 2646 3623 Neocaesariensis
2670 3577 2795 3630 est;
2817 3573 2873 3623 et
2916 3569 3213 3624 annotatio
3262 3571 3323 3623 in
3375 3567 3717 3623 Ezechielem

2070 3661 2260 3713 vatem
2292 3673 2418 3728 qum
2453 3661 2677 3713 tantum
2711 3659 2895 3727 abest,
2928 3662 2993 3712 ut
3039 3657 3406 3724 Nazianzeni,
3467 3656 3564 3722 sit,
3626 3657 3720 3711 vix

2073 3750 2137 3802 ut
2163 3745 2387 3801 homini
2420 3746 2789 3802 mediocriter
2819 3747 2987 3802 docto
3020 3746 3201 3801 tribui
3261 3746 3486 3801 debeat.
3537 3746 3718 3801 Meta-

2074 3835 2315 3908 phrasin
2365 3835 2726 3890 retinendam
2784 3840 3090 3906 propterea
3141 3835 3519 3905 putabamus,
3565 3834 3718 3904 quod

2075 3923 2259 3979 Eliam
2276 3924 2644 3978 crederemus
2667 3924 2962 3978 commnni
2982 3922 3253 3977 fortassis
3270 3939 3461 3977 errore
3476 3923 3715 3976 ductum

2072 4011 2692 4083 interGregoriilibros
2715 4028 2843 4067 eam
2868 4027 3244 4067 numerasse:
3272 4011 3427 4082 quod
3453 4010 3500 4066 si
3534 4011 3717 4066 maxi-

2074 4118 2168 4157 me
2197 4118 2397 4157 verum
2429 4100 2524 4167 sit,
2559 4101 2775 4156 mirum
2806 4100 3025 4156 nemini
3056 4100 3239 4157 videri
3267 4100 3458 4167 debet,
3484 4099 3718 4171 quando

2070 4190 2167 4245 vix
2198 4194 2427 4245 mortuo
2457 4189 2730 4261 Gregorio
2764 4189 2973 4244 titulus
3004 4188 3288 4244 orationis
3331 4190 3392 4243 in
3442 4194 3718 4245 Heronem

2074 4282 2337 4335 mutatus
2360 4278 2488 4344 fuit,
2509 4284 2575 4333 ut
2598 4278 3009 4350 Hieronymus,
3059 4277 3317 4350 Gregorii
3368 4283 3717 4345 coaetaneus,

2074 4372 2291 4423 monet.
2323 4367 2485 4431 Quod
2518 4367 2564 4422 si
2596 4367 2705 4422 hac
2737 4368 2965 4423 ratione
2995 4367 3196 4423 lectori
3230 4383 3344 4423 non
3405 4367 3718 4423 satisfacie-

2073 4473 2228 4524 mus,
2255 4460 2435 4513 restat
2460 4461 2526 4512 ut
2547 4456 2948 4528 polliceamur,
2975 4457 3135 4513 omni
3167 4473 3273 4513 nos
3296 4456 3489 4512 studio
3512 4457 3717 4529 genui-

2074 4562 2215 4601 num
2239 4545 2500 4617 Gregorii
2523 4545 2806 4617 scriptum
2832 4546 3344 4618 pervestigaturos,
3364 4547 3520 4616 quod
3538 4546 3716 4616 hujus

318 4651 610 4708 ratoribus
638 4657 791 4708 esset
822 4651 1121 4722 adempta,
1147 4633 1478 4707 'nimimm'
1503 4652 1674 4707 ,ηηίε
1728 4653 1798 4709 ab
1846 4633 1963 4710 ά,νο
1992 4638 2039 4703 D
2070 4633 2195 4689 loco
2274 4635 2692 4690 substituatur.
2755 4634 3195 4689 Annotationem
3254 4638 3313 4689 in
3375 4635 3713 4691 Ezechielem

314 4745 516 4796 nostro
546 4740 678 4814 plus
710 4740 911 4796 minus
934 4740 1244 4796 sexcentis.
1266 4740 1479 4795 Scribit
1508 4741 1665 4797 enim
1686 4740 1748 4797 in
1784 4759 1959 4814 proas-

311 4830 431 4886 mio
490 4828 930 4886 commentariis
1016 4830 1341 4901 praemisso,
1402 4830 1474 4885 ab
1522 4847 1585 4885 se
1641 4830 1700 4885 in
1757 4830 1958 4886 exsilio

311 4919 599 4989 scriptum
634 4919 740 4975 hoc
800 4918 1164 4974 elaboratum
1224 4918 1427 4988 fuisse,
1489 4920 1643 4990 quod
1688 4919 1957 4975 exsilium

312 5024 453 5064 sane
501 5008 558 5062 in
591 5007 702 5063 hos
733 5007 894 5080 ipsos
916 5024 1102 5063 annos
1134 5007 1364 5063 smvitias
1403 5008 1784 5065 Sarracenicas
1813 5009 1958 5065 inci-

311 5097 446 5152 dere
477 5096 726 5151 videtur.

380 5186 488 5242 Tot
518 5185 855 5257 talibusque
886 5185 1125 5257 scriptis
1181 5202 1316 5240 cum
1367 5185 1451 5241 sic
1501 5190 1557 5241 et
1613 5185 1852 5258 expoliri
1903 5190 1959 5242 et

308 5275 510 5347 augeri
546 5290 721 5346 posse
750 5273 1093 5329 Nazianzeni
1125 5274 1306 5330 libros
1335 5274 1688 5343 videremus,
1748 5292 1955 5348 parum

308 5369 373 5419 ut
406 5364 477 5419 ab
508 5362 609 5418 illa
640 5361 1012 5437 perfectione,
1047 5378 1223 5433 quam
1263 5363 1318 5417 in
1347 5362 1706 5418 editionibus
1739 5362 1956 5435 prisco-

305 5469 439 5508 rum
463 5453 977 5508 monumentorum
997 5449 1375 5521 requirimus,
1391 5452 1693 5508 abessent:
1710 5451 1955 5509 Billiano

305 5541 505 5598 labore
540 5558 655 5597 non
683 5540 961 5605 contenti,
1013 5539 1329 5611 pristinum
1380 5541 1451 5596 ad
1500 5542 1834 5598 institutum
1884 5542 1955 5597 de

303 5630 532 5704 integro
563 5630 831 5687 animum
859 5629 1210 5699 adjecimus.
1249 5630 1331 5684 Ne
1372 5647 1504 5686 vero
1544 5631 1837 5702 quispiam
1873 5631 1953 5699 id,

301 5719 457 5791 quod
481 5720 552 5776 de
573 5733 820 5793 operum
841 5717 1190 5774 Nazianzeni
1212 5717 1568 5789 perfectione
1587 5718 1954 5792 pollicemur,

2068 4738 2309 4794 prorsus
2340 4738 2408 4778 ex
2440 4721 2694 4778 editione
2728 4727 2953 4793 nostra,
2987 4739 3088 4779 seu
3142 4722 3426 4795 spuriam,
3478 4722 3713 4793 ejicien-

2068 4812 2203 4867 dam
2232 4811 2676 4867 statuebamus:
2706 4812 2877 4883 cujus
2910 4811 3105 4868 locum
3141 4817 3203 4867 ut
3232 4828 3579 4883 germanum
3612 4811 3716 4867 ali-

2068 4902 2224 4972 quod
2258 4900 2519 4973 Gregorii
2553 4901 2839 4973 scriptum
2880 4908 3209 4972 occuparet,
3266 4900 3447 4955 libros
3494 4904 3716 4955 veteres

2069 4989 2379 5061 diligenter
2410 4989 2746 5055 evolvendo,
2780 4990 3015 5045 tandem
3049 4990 3106 5042 id
3140 4989 3294 5059 quod
3341 4989 3715 5059 Optabamus,

2067 5078 2257 5150 adepti
2291 5095 2519 5135 sumus.
2552 5083 2699 5135 Nam
2729 5079 2949 5134 inlibro
2973 5078 3265 5133 Choniatas
3287 5094 3463 5131 manu
3484 5082 3715 5132 exarato

2068 5168 2477 5242 panegyricam
2501 5167 2761 5241 Gregorii
2784 5167 3129 5233 orationem,
3168 5165 3426 5221 habitam
3453 5165 3513 5221 in
3537 5167 3710 5222 bono-

2066 5273 2190 5313 rem
2225 5258 2463 5313 testium
2493 5256 2771 5324 veritatis,
2803 5256 3266 5326 Arianorumque
3298 5255 3550 5309 furorem
3582 5271 3713 5324 gra-

2066 5346 2236 5418 phice
2267 5346 2718 5413 describentem,
2756 5346 3109 5417 reperimus:
3145 5360 3324 5415 quam
3358 5348 3517 5398 extra
3545 5344 3713 5397 dubi-

2064 5436 2344 5490 tationem
2377 5452 2610 5491 omnem
2640 5436 2821 5506 hujus
2849 5433 3101 5490 auctoris
3127 5449 3274 5499 esse,
3307 5436 3432 5487 tum
3483 5431 3713 5488 dicendi

2066 5523 2384 5594 character,
2416 5529 2541 5580 tum
2565 5541 2759 5580 rerum
2790 5524 3054 5593 ipsarum
3087 5522 3264 5580 facies
3296 5521 3576 5579 ostendit.
3710 5528 3711 5531 ‘

2133 5630 2397 5688 Tertium
2428 5631 2681 5703 denique
2730 5631 3017 5703 scriptum
3075 5629 3246 5696 illud,
3306 5630 3479 5702 cujus
3539 5631 3712 5685 modo

2061 5719 2418 5779 mentionem
2454 5720 2588 5792 feci,
2622 5724 2710 5777 est
2739 5719 3069 5777 Exhortatio
3125 5720 3200 5777 ad
3253 5721 3543 5791 virginem.
3594 5718 3712 5775 Hoc
