4096 6288
306 386 418 448 351

1318 389 1645 451 JOANNIS
1689 389 2228 452 LEUVBNKLAII
2270 386 2714 448 PR/EFATIO.

3598 392 3718 452 352

307 520 763 576 iuterorationes
791 520 1076 576 hactenus
1103 521 1346 576 relatum
1373 527 1480 587 est,
1504 527 1560 577 et
1594 522 1954 578 Nazianzeno
1985 525 2038 590 Α
2072 521 2265 577 Graeco
2291 521 2348 576 in
2372 521 2640 576 Latinum
2668 535 2997 575 sermonem
3021 520 3522 592 transcripsimus.
3557 521 3719 578 Alter

305 609 590 663 tributum
617 626 897 680 :quorum
920 609 1085 665 alteri
1108 628 1315 681 parum
1341 612 1947 682 repugnans,alteruiu

304 698 474 768 plane
497 715 796 768 perperam
825 699 1044 753 factum
1072 699 1184 754 aio.
1209 699 1352 754 Nam
1373 700 1418 754 si
1445 701 1678 770 quidem
1705 709 1796 755 est
1843 701 1948 755 ali-

304 803 420 857 qua
452 788 858 858 rhythmorum
895 789 1059 854 ratio,
1096 806 1269 860 quam
1293 789 1561 843 Aurelius
1583 790 1948 860 Augustinus

305 876 365 930 in
387 875 534 930 libro
559 879 629 931 De
652 879 862 932 musica
884 877 1080 943 tradit,
1107 883 1163 932 et
1193 895 1326 932 vero
1369 885 1829 934 consentaneum
1863 883 1951 933 est

303 965 511 1036 priscis
543 965 599 1019 in
636 983 745 1021 usu
779 967 979 1032 fuisse,
1017 968 1362 1022 facientibus
1423 969 1549 1038 ejus
1592 969 1947 1023 mentionem

305 1059 430 1109 tum
463 1054 789 1120 Aristotele,
824 1061 948 1110 tum
982 1057 1273 1126 Athenzeo,
1303 1061 1358 1111 et
1391 1057 1541 1121 aliis,
1597 1058 1746 1112 dabo
1785 1059 1949 1128 equi-

306 1144 435 1198 dem
467 1143 810 1200 Nazianzeni
833 1145 938 1199 hoc
963 1147 1248 1217 scriptum
1269 1163 1416 1212 esse,
1446 1148 1950 1218 quemadmodum

304 1237 360 1288 et
389 1233 704 1289 Choniatas
735 1235 1001 1299 credidit,
1051 1241 1106 1290 et
1163 1236 1517 1307 exemplaria
1550 1235 1953 1291 vetustissima

305 1327 632 1377 testantur:
669 1340 868 1378 verum
932 1324 1390 1397 haudquaquam
1437 1326 1586 1380 inter
1632 1326 1949 1391 orationes,

306 1413 404 1468 sed
434 1417 700 1483 poemata
724 1413 922 1468 referri
946 1415 1152 1469 debere
1174 1414 1321 1470 volo.
1371 1415 1515 1469 Nam
1557 1419 1740 1470 totum
1776 1415 1951 1470 meris

310 1500 602 1572 rhythmis
635 1506 880 1568 constat,
915 1502 998 1557 uti
1036 1519 1126 1558 res
1158 1505 1286 1575 ipsa
1318 1503 1608 1559 declarat:

523 1635 758 1710 Πᾳρῦἑξθε
785 1635 969 1710 νύμφη
1006 1642 1258 1710 Χριστοῦ,

521 1695 722 1785 ᾼ-όξαζὲ,
746 1728 840 1761 σου
856 1695 969 1762 trav.
991 1695 1244 1785 vqut'piov'

523 1779 631 1854 ΪΑεὶ
643 1778 883 1854 Δκάθαιρε
897 1778 1111 1854 -σαυτὴν

523 1851 607 1905 Ἑν
643 1849 793 1925 λόγῳ
824 1849 912 1905 ἐκαὶ
948 1853 1127 1929 copia,
1160 1857 1269 1909 etc.

306 1984 469 2050 Quod
503 1985 740 2055 quidem
774 1987 926 2057 apud
988 2004 1093 2042 nos
1152 2005 1186 2042 a
1233 1987 1464 2044 nemine
1519 1988 1948 2057 deprehensum

303 2071 606 2139 hactenus,
643 2075 697 2128 in
734 2076 1142 2147 antiquissimo
1177 2077 1322 2131 libro
1346 2082 1679 2148 poematum
1705 2077 1947 2132 Nazian-

304 2162 430 2215 zeni
450 2179 576 2216 meo
601 2167 864 2219 notatum
888 2166 1091 2235 paucis
1107 2166 1300 2220 verbis
1327 2167 1536 2234 inveni,
1563 2183 1690 2237 quae
1753 2167 1947 2221 Latine

303 2251 631 2321 proferam:
663 2271 684 2300 α
711 2253 770 2306 In
797 2252 904 2308 hoc
945 2254 1160 2324 scripto
1184 2255 1590 2326 Syrracusium
1634 2255 1946 2326 Gregorius

300 2337 587 2409 imitatur,
614 2341 713 2412 qui
739 2343 899 2397 solus
923 2350 1222 2413 poetarum
1263 2344 1553 2415 rhythmis
1589 2349 1762 2415 atque
1805 2343 1946 2398 colis

303 2443 448 2482 usus
466 2433 574 2496 est,
599 2430 757 2484 omni
781 2429 893 2485 alia
913 2432 1353 2486 scribendorum
1401 2449 1678 2487 versuum
1723 2431 1946 2502 poetica

303 2515 526 2570 ratione
549 2517 830 2586 neglecta.
861 2540 887 2567 »
907 2521 1078 2574 Error
1091 2537 1155 2574 ex
1171 2520 1554 2591 ambiguitate
1575 2520 1730 2575 vocis
1755 2517 1943 2590 λόγος,

303 2619 433 2674 quae
467 2605 686 2673 passim
719 2605 777 2659 in
811 2605 1094 2662 librorum
1129 2608 1423 2663 lemmatis
1448 2608 1755 2680 reperitur,
1783 2613 1946 2663 ortus

305 2695 413 2747 est.
447 2692 592 2748 Nam
621 2710 689 2748 ea
718 2711 830 2749 non
865 2696 1184 2751 orationem
1214 2701 1444 2751 tantum
1497 2697 1804 2768 signiﬁcat,
1864 2696 1948 2752 uti

302 2779 426 2850 jam
460 2785 628 2836 antea
651 2799 883 2853 quoque
902 2785 1242 2840 monuimus
1269 2803 1280 2838 :
1308 2786 1406 2840 sed
1428 2786 1482 2839 in
1509 2802 1714 2856 genere
1742 2803 1949 2856 quam-

306 2867 396 2922 vis
428 2870 974 2926 commentationem
1010 2877 1183 2943 atque
1215 2875 1520 2945 scriptum.
1552 2877 1673 2938 Quo
1705 2875 1830 2946 ipso
1864 2877 1946 2942 ﬁt,

307 2961 372 3011 ut
408 2957 557 3012 Elias
597 2965 793 3014 noster
826 2961 1084 3032 Gregorii
1119 2969 1384 3032 poemata
1416 2959 1613 3036 λόγους
1646 2962 1949 3037 ἐμμέτρους

306 3051 486 3101 vocet.
523 3051 638 3102 Hoc
671 3049 841 3104 modo
876 3051 1226 3120 quibusdam
1268 3053 1525 3117 resectis,
1585 3059 1640 3107 et
1691 3055 1950 3110 oratione

311 3137 382 3191 De
413 3138 748 3206 martyribus
780 3141 1070 3208 restituta,
1096 3141 1524 3212 quinquaginta
1555 3149 1609 3197 et
1639 3143 1786 3197 duos
1835 3142 1948 3196 Na-

310 3225 568 3279 zianzeni
614 3231 895 3282 tractatus
957 3228 1262 3295 habemus,
1324 3248 1491 3301 quem
1542 3231 1777 3287 illorum
1825 3249 1952 3287 esse
1984 3270 2027 3336 Ο

311 3330 617 3336 μ---Α-..----
657 3315 940 3336 Ξ-ι-.μη.μγκ,
1009 3317 1085 3336 111⁸
1139 3335 1146 3336 ,
1416 3320 1427 3331 ο
1628 3321 1663 3336 ι·
1689 3321 1747 3336 1ο.
1804 3322 1840 3336 Λ

311 3330 623 3368 numerum
657 3315 971 3387 integrum,
1007 3317 1158 3373 Elias
1188 3320 1478 3374 memoriae
1504 3321 1776 3392 prodidit.
1802 3322 1950 3386 Qua-

311 3407 548 3474 propter
595 3403 687 3458 hic
738 3405 974 3475 quidem
1024 3409 1178 3479 quod
1229 3409 1482 3479 amplius
1529 3411 1950 3478 desideremus,

317 3490 463 3545 nihil
497 3496 603 3547 est.

383 3581 722 3652 Sequuntur
745 3583 1023 3653 epistolae,
1053 3603 1196 3655 quas
1229 3603 1345 3642 una
1376 3593 1603 3642 tantum
1640 3589 1863 3660 adjecta
1884 3590 1953 3643 de

310 3669 478 3725 libris
513 3687 687 3725 manu
724 3673 956 3743 scriptis
987 3675 1291 3730 auximus:
1337 3677 1589 3732 addituri
1639 3679 1953 3749 aliquando

315 3759 532 3831 plures,
569 3778 716 3831 quas
749 3761 853 3817 hoc
885 3767 1142 3834 tempore
1177 3767 1432 3821 nancisci
1466 3785 1577 3822 non
1633 3769 1953 3839 potuimus,

311 3849 547 3904 tametsi
581 3867 694 3904 non
745 3850 1104 3920 ignoremus,
1166 3855 1264 3908 ubi
1324 3854 1580 3909 locorum
1633 3859 1954 3928 supersint.

314 3940 588 3992 Poemata
610 3957 738 3994 vero
763 3944 1061 4012 tantopere
1106 3959 1259 3997 nunc
1313 3945 1507 3998 studio
1539 3951 1733 4000 nostro
1774 3963 1958 4002 excre-

319 4033 510 4091 scunt,
547 4031 609 4080 ut
632 4029 754 4097 jam
792 4031 1142 4099 prodeuntia
1166 4031 1325 4101 prius
1351 4033 1638 4087 editorum
1663 4035 1957 4105 magnitu-

318 4115 512 4169 dinem
548 4133 790 4172 numero
822 4135 1093 4173 versuum
1129 4129 1376 4190 aequent,
1413 4121 1669 4176 bonitate
1715 4125 1958 4194 pietate—

323 4220 435 4273 que
467 4203 634 4273 longe
667 4213 961 4275 superent.
995 4207 1158 4262 Unus
1191 4215 1371 4264 restat
1391 4211 1672 4265 adversus
1693 4213 1960 4282 Apolina-

321 4293 474 4346 rium
507 4293 672 4361 liber,
706 4294 972 4349 versibus
1031 4313 1063 4350 a
1119 4297 1389 4360 Gregorio
1448 4300 1723 4370 scriptus,
1785 4318 1958 4371 quem

321 4379 513 4434 adhuc
548 4381 739 4434 Roma
770 4382 829 4435 in
861 4385 1142 4439 Vaticana
1175 4385 1526 4442 bibliotheca
1556 4393 1872 4444 exstantem
1898 4394 1962 4444 ut

323 4468 571 4523 describi
606 4485 966 4537 curaremus,
995 4473 1351 4544 jampridem
1385 4492 1621 4546 operam
1667 4478 1960 4544 dedimus,

321 4564 625 4628 sumptum
657 4559 831 4613 etiam
870 4560 1124 4632 aliquem
1175 4563 1521 4633 impeneuri,
1582 4568 1681 4621 sed
1723 4568 1958 4622 frustra.

2061 610 2317 682 reliquas
2348 628 2501 665 xxxu
2535 609 2825 664 orationes
2856 626 2988 664 cum
3021 609 3284 680 epistolis
3318 615 3375 665 et
3426 612 3714 683 poematis

2059 700 2344 754 hactenus
2377 699 2550 754 editis
2580 698 2989 770 complectitur
3019 715 3029 753 :
3065 715 3192 770 quae
3238 700 3472 771 quidem
3517 701 3716 758 omnia

2063 790 2133 843 de
2165 790 2417 843 editione
2449 788 2691 843 Billiana
2724 787 3113 858 sumpsimus,
3149 805 3218 843 ne
3252 789 3417 860 prius
3440 807 3607 845 versa
3631 808 3712 846 re-

2060 880 2328 941 texendo,
2378 884 2573 932 actum
2623 894 2791 948 agere
2849 877 3199 932 videremur.
3255 882 3318 931 1n
3376 880 3614 934 tertium
3659 885 3713 935 et

2064 967 2336 1021 ultimum
2372 973 2616 1032 tomum,
2652 967 2751 1038 qui
2785 970 2941 1020 totus
2974 966 3175 1022 itidem
3232 971 3430 1022 noster
3476 973 3585 1034 est,
3647 985 3714 1024 ea

2063 1055 2320 1127 Gregorii
2357 1061 2624 1126 poemata
2657 1056 2983 1121 referimus,
3018 1072 3145 1126 quae
3179 1073 3335 1112 nunc
3391 1058 3647 1127 primum
3681 1074 3714 1112 a

2063 1146 2230 1200 nobis
2267 1145 2390 1200 luce
2421 1146 2714 1199 donantur
2743 1162 2754 1198 :
2793 1150 3066 1216 preterea
3117 1145 3331 1200 Nicetes
3355 1151 3711 1200 commenta-

2063 1236 2214 1289 rium
2249 1235 2304 1288 in
2341 1235 2597 1306 Gregorii
2636 1234 2954 1290 sententias
3006 1240 3126 1289 tam
3182 1235 3484 1305 quaternis
3533 1252 3708 1306 quam

2063 1324 2311 1395 singulis
2343 1324 2607 1378 versibus
2641 1323 2899 1377 inclusas
2931 1323 3265 1393 adjicimus,
3309 1329 3366 1377 et
3411 1324 3707 1396 egregium

2063 1413 2257 1480 Pselli,
2282 1412 2594 1467 Christiani
2624 1412 2975 1483 philosophi,
3010 1413 3079 1466 de
3110 1412 3437 1467 difﬁcilium
3464 1412 3709 1466 Nazian-

2061 1502 2183 1557 zeni
2217 1502 2476 1557 locorum
2519 1501 2814 1557 intellectu
2874 1501 3112 1556 librum.
3175 1502 3414 1556 Accedit
3471 1501 3542 1555 ad
3603 1501 3707 1556 hos

2062 1591 2348 1646 (lazsarius
2406 1607 2657 1662 quoque,
2716 1606 3031 1661 germanus
3092 1589 3436 1644 Nazianzeni
3512 1589 3704 1656 frater,

2063 1681 2233 1750 cujus
2279 1680 2526 1736 antehac
2583 1679 2726 1735 nihil
2789 1680 3024 1734 omnino
3073 1680 3425 1752 scriptorum
3471 1679 3704 1750 prodiit.

2062 1770 2203 1840 Ejus
2226 1769 2494 1841 Dialogos
2526 1773 2826 1840 propterea
2854 1767 3228 1839 potissimum
3268 1767 3527 1839 Gregorii
3563 1768 3705 1822 scri-

2061 1858 2175 1930 ptis
2207 1858 2505 1912 addendos
2539 1857 2758 1928 putavi,
2792 1858 2940 1928 quod
2973 1855 3030 1910 in
3067 1856 3151 1911 eis
3182 1855 3468 1912 Caesarius
3499 1857 3709 1929 Grego-

2062 1947 2213 2001 rium
2249 1947 2486 2001 fratrem
2513 1964 2544 2000 a
2576 1945 2790 2016 seipso,
2825 1945 3081 2009 Leontio,
3106 1945 3380 2016 Gregorio
3425 1949 3707 2016 Nysseno,

2059 2036 2303 2106 Domno,
2330 2040 2386 2090 et
2415 2035 2546 2090 aliis
2570 2035 2961 2089 familiaribus
2984 2033 3430 2105 interrogatum,
3458 2035 3529 2088 de
3552 2052 3706 2106 qua:-

2058 2125 2350 2181 stionibus
2383 2123 2747 2195 gravissimis
2770 2128 2889 2177 toto
2916 2123 3232 2194 quatriduo
3252 2124 3704 2193 respondentem

2058 2215 2404 2269 introduxit.
2431 2213 2575 2266 Huic
2593 2218 2647 2266 et
2669 2213 3086 2267 Annotationes
3111 2213 3166 2265 in
3192 2212 3450 2282 Gregorii
3469 2211 3703 2282 scripta,

2057 2306 2268 2377 quibus
2302 2305 2616 2361 lectionum
2651 2305 2902 2358 varietas
2935 2303 3293 2370 continetur,
3354 2306 3410 2357 et
3453 2303 3703 2357 indicem

2055 2396 2449 2450 necessarium
2484 2394 2860 2464 subjicimus.

2127 2504 2240 2556 Cur
2269 2506 2466 2556 autem
2496 2502 2554 2554 in
2606 2500 2973 2555 orationibus
3030 2498 3385 2555 collocandis
3435 2499 3699 2554 ordinem

2057 2608 2090 2646 a
2108 2590 2273 2645 Billio
2290 2593 2690 2662 prescriptum
2707 2590 2891 2645 secuti
2921 2607 3035 2644 non
3055 2589 3262 2656 simus,
3289 2604 3476 2643 causa:
3501 2588 3698 2643 multae

2057 2684 2214 2746 sunt,
2247 2697 2442 2750 eaeque
2472 2696 2696 2751 graves.
2729 2679 2875 2733 Nam
2907 2679 3089 2734 duum
3124 2677 3363 2732 omnino
3414 2693 3698 2748 generum

2057 2774 2196 2824 sunt
2225 2768 2569 2823 Nazianzeni
2602 2769 2913 2823 orationes.
2965 2766 3226 2820 Aliarum
3280 2770 3533 2834 tempus,
3586 2781 3699 2835 quo

2058 2857 2144 2912 vel
2171 2858 2396 2928 scripta
2421 2858 2559 2920 sint,
2587 2856 2673 2910 vel
2700 2855 3108 2926 pronuntiatae,
3144 2853 3277 2907 sciri
3303 2857 3526 2924 potest:
3556 2852 3703 2906 alia-

2062 2964 2192 3002 rum
2229 2963 2342 3001 non
2379 2950 2584 3017 potest.
2620 2945 2796 2999 Primi
2828 2943 3056 3015 generis
3089 2946 3246 3012 sunt,
3297 2943 3589 2996 orationes
3638 2942 3709 2996 De

2058 3053 2193 3109 pace
2221 3038 2410 3090 contra
2441 3037 2774 3098 Maximum,
2811 3033 2882 3087 ad
2919 3031 3194 3087 Basilium
3228 3035 3284 3086 et
3324 3033 3546 3101 patrem
3605 3028 3709 3084 ali-

2063 3129 2222 3197 quot,
2246 3124 2512 3196 purgatio
2529 3120 3714 3194 fugzeinPontum,pleraequelaudationes

2065 3215 2360 3282 funebres,
2394 3218 2450 3267 et
2482 3212 2606 3267 aliae
2633 3230 2643 3267 :
2681 3211 2945 3276 secundi,
2981 3210 3271 3265 orationes
3300 3209 3373 3263 ad
3403 3211 3711 3264 Eunomia-

2065 3320 2185 3368 nos,
2218 3303 2285 3357 de
2341 3310 2484 3357 recta
2528 3301 2832 3356 disserendi
2877 3300 2941 3355 de
2997 3301 3101 3355 Deo
3150 3301 3383 3365 ratione,
3431 3299 3508 3352 De
3556 3303 3712 3354 recta

2063 3394 2330 3449 doctrinae
2359 3391 2652 3457 sententia,
2691 3395 2772 3445 De
2797 3391 2936 3444 Filio
2967 3390 3115 3459 due,
3157 3390 3230 3443 De
3259 3387 3469 3458 Spiritu
3497 3395 3704 3452 sancto,

2063 3485 2137 3539 De
2166 3483 2447 3537 moderata
2478 3480 2783 3535 disserendi
2837 3480 3081 3545 ratione,
3132 3479 3206 3533 De
3253 3475 3599 3541 Machabaeis,
3650 3477 3708 3529 et

2065 3572 2190 3628 alite
2222 3570 2571 3642 complures.
2609 3570 2770 3635 Quod
2804 3584 2936 3623 cum
2967 3567 3049 3622 ita
3079 3567 3173 3636 sit,
3207 3565 3263 3620 in
3309 3562 3706 3620 collocationis

2067 3662 2214 3717 serie
2245 3659 2526 3731 temporis
2557 3659 2754 3713 haberi
2791 3657 2935 3712 ratio
2969 3660 3124 3711 certa
3157 3654 3396 3726 nequit:
3448 3653 3531 3708 uti
3577 3669 3709 3726 pro-

2068 3751 2213 3805 fecto
2244 3765 2310 3803 ne
2335 3766 2366 3802 a
2390 3748 2554 3803 Billio
2578 3747 2813 3818 quidem
2839 3751 3104 3801 accurate
3135 3745 3338 3799 habita
3367 3744 3711 3812 est,sirecte

2069 3855 2187 3894 rem
2231 3836 2693 3892 consideremus.

2139 3946 2285 4000 Nam
2321 3943 2539 3997 ratione
2569 3942 2849 4013 temporis
2881 3942 2952 4013 (si
2985 3941 3222 4012 quidem
3277 3939 3412 3994 Elite
3457 3938 3715 3993 Cretensi

2070 4039 2127 4090 et
2157 4033 2364 4088 Nicetaa
2397 4031 2665 4086 Serronio
2693 4030 3006 4101 credimus)
3038 4046 3167 4084 esse
3199 4029 3390 4101 prima
3446 4028 3712 4092 debebat,

2071 4140 2186 4178 non
2217 4139 2285 4177 ea
2315 4139 2429 4193 qua
2462 4121 2658 4191 fugam
2693 4120 2748 4173 in
2787 4121 3034 4175 Pontum
3068 4135 3241 4173 suam
3301 4117 3518 4189 prolixe
3573 4133 3716 4187 pur—

2071 4218 2188 4283 gat,
2223 4213 2321 4266 sed
2357 4210 2557 4273 altera,
2617 4211 2785 4279 cujus
2843 4208 3146 4278 inscriptio
3212 4211 3392 4270 notat,
3455 4205 3716 4259 habitam

2071 4301 2252 4356 fuisse
2274 4300 2344 4354 ad
2373 4299 2506 4354 illos
2532 4299 2627 4369 qui
2664 4299 2856 4369 ipsum
2882 4297 3046 4352 initio
3069 4296 3412 4362 acciverant,
3435 4310 3537 4348 nec
3560 4297 3718 4363 post-

2073 4407 2249 4461 quam
2283 4387 2529 4444 senioris
2562 4404 2780 4442 munus
2812 4387 2862 4442 ei
2895 4385 3278 4442 commissum
3312 4384 3519 4438 fuisset
3553 4397 3721 4437 vene-

2074 4484 2224 4533 rant.
2262 4478 2481 4533 Etenim
2516 4493 2580 4530 ea
2612 4475 2953 4548 pronuntiat
2992 4475 3101 4529 fuit
3144 4475 3201 4528 id
3250 4472 3553 4544 temporis,
3605 4488 3721 4542 quo

2074 4568 2330 4639 primum
2365 4566 2637 4621 sacerdos
2670 4566 2860 4618 factus
2902 4568 3030 4630 est;
3082 4580 3147 4618 ac
3197 4563 3521 4617 secundum
3573 4560 3724 4614 hanc

321 4646 686 4718 Quapropter
705 4649 811 4703 hoc
855 4650 1278 4720 scriptum'alio
1311 4658 1568 4725 tempore
1603 4657 1968 4726 perquiretur
1997 4643 2044 4707 D
2077 4657 2362 4713 actionem
2398 4655 2455 4708 in
2490 4655 2737 4708 Pontum
2773 4654 3022 4725 aufugit,
3058 4670 3092 4707 a
3121 4669 3238 4722 qua
3263 4651 3401 4723 fuga
3435 4665 3721 4714 reversus,

323 4736 891 4802 anobis,inltaliam
912 4739 960 4793 si
1005 4740 1118 4794 Deo
1168 4741 1355 4797 visum
1399 4744 1592 4810 fuerit)
1627 4745 1734 4799 iter
1777 4747 1963 4802 susci-

321 4824 638 4896 pientibus.
673 4827 814 4881 Nam
849 4828 905 4881 in
941 4830 1142 4884 eadem
1177 4831 1451 4887 Vaticana
1491 4838 1770 4890 tractatus
1828 4836 1964 4889 Gre-

323 4914 469 4984 gorii
493 4916 641 4969 duos
659 4923 968 4981 extremos,
996 4936 1244 4990 quorum
1269 4920 1415 4975 alter
1439 4928 1525 4976 est
1546 4923 1616 4977 de
1658 4924 1788 4992 fide,
1824 4923 1970 4977 alter

322 5004 392 5056 de
427 5004 538 5057 tide
571 5005 820 5071 Niczena,
856 5023 1160 5078 superesse
1195 5009 1385 5064 Graece
1419 5011 1783 5080 accepimus:
1819 5029 1968 5082 quos

323 5093 496 5146 modo
528 5093 725 5148 Latine
757 5100 986 5149 tantum
1021 5114 1052 5151 a
1086 5098 1288 5153 Rufino
1336 5116 1641 5155 conversos
1694 5099 1966 5171 legimus.

394 5180 472 5235 De
505 5181 611 5235 hac
645 5186 1194 5241 commemoratione
1223 5193 1420 5241 nostra
1441 5186 1620 5242 lector
1649 5189 1970 5262 intelligere

324 5275 532 5342 potest,
566 5289 675 5325 non
710 5289 838 5328 esse
866 5275 970 5328 abs
994 5291 1072 5340 re,
1099 5275 1249 5344 quod
1277 5275 1425 5330 hanc
1448 5276 1760 5332 editionem
1793 5294 1968 5348 quam

325 5360 586 5430 proxime
619 5361 687 5414 ad
731 5379 964 5431 operam
1028 5364 1284 5434 Gregorii
1349 5365 1758 5435 perfectionem
1809 5384 1969 5422 acce-

329 5448 464 5502 dere
495 5449 774 5504 diximus.
807 5452 881 5505 Ea
902 5469 1032 5505 vero
1056 5457 1172 5506 tres
1195 5453 1433 5506 omnino
1471 5453 1529 5508 in
1552 5458 1740 5510 tomos
1775 5456 1969 5511 distri-

329 5536 504 5590 buere
532 5539 705 5591 certis
742 5539 810 5594 de
842 5541 1038 5596 causis
1080 5541 1269 5596 visum
1313 5549 1418 5607 est,
1453 5559 1704 5613 quorum
1742 5546 1971 5616 primus

332 5624 628 5679 orationes
661 5643 734 5680 xx
765 5644 898 5682 cum
931 5629 1150 5685 Elianis
1206 5633 1642 5688 commentariis
1691 5636 1971 5703 continet,

330 5715 609 5783 totusque
641 5721 849 5770 nostrae
908 5719 1153 5774 debetur
1202 5719 1521 5790 industriae,
1571 5723 1670 5793 qui
1720 5739 1853 5780 cum
1903 5711 2000 5779 de-

2075 4746 2134 4800 in
2159 4745 2380 4800 Pascha
2397 4750 2452 4799 et
2473 4744 2806 4798 tarditatem
2839 4742 3164 4797 orationem
3201 4739 3407 4794 habuit
3434 4739 3582 4808 (quae
3615 4735 3721 4789 hoc

2078 4834 2316 4889 nomine
2347 4834 2672 4888 secundum
2708 4831 2820 4886 sibi
2858 4830 3049 4886 locum
3087 4827 3447 4896 vindicabit),
3509 4824 3723 4893 illaque

2079 4925 2363 4993 dicta.per
2386 4923 2573 4977 otium
2605 4923 2750 4992 fuga
2779 4921 3019 4975 Pontica:
3047 4916 3446 4989 purgationem
3472 4915 3724 4968 conscri-

2081 5013 2216 5085 psit.
2249 5012 2379 5067 Jam
2415 5010 2614 5065 Billius
2647 5015 2701 5065 et
2735 5009 2890 5063 illam
2925 5007 3272 5069 orationem,
3306 5019 3431 5075 quae
3465 5017 3726 5073 pronun-

2079 5102 2221 5156 tiata
2243 5099 2402 5156 estin
2437 5099 2716 5155 electione
2743 5096 3122 5154 Doarensium
3173 5091 3458 5148 antistitis
3500 5089 3730 5159 Eulalii,

2081 5195 2212 5261 post
2233 5206 2360 5244 eam
2385 5187 2707 5259 collocavit,
2729 5204 2855 5259 quae
2877 5186 2934 5241 in
2961 5183 3202 5241 concilio
3226 5200 3294 5238 cr.
3323 5181 3734 5254 episcoporum

2081 5284 2170 5334 est
2200 5279 2420 5334 habita.
2458 5277 2636 5349 Atqui
2689 5277 2847 5350 prior
2889 5275 3046 5330 dicta
3101 5277 3192 5329 est
3233 5272 3359 5327 vivo
3409 5269 3736 5327 etiamnum

2082 5367 2316 5436 Basilio,
2351 5368 2636 5438 posterior
2694 5384 2759 5421 eo
2815 5364 3172 5436 jamdudum
3233 5362 3410 5417 rebus
3464 5359 3740 5414 humanis

2081 5463 2369 5528 exempto.
2400 5455 2680 5512 Funebria
2706 5459 2766 5511 in
2796 5457 3068 5511 Basiliam
3099 5452 3282 5509 oratio
3302 5454 3599 5523 postrema
3631 5446 3741 5502 fuit

2083 5545 2369 5613 omnium,
2404 5545 2522 5602 sive
2553 5546 2957 5618 scriptionem,
2987 5543 3108 5600 sive
3140 5541 3544 5598 recitationem
3603 5552 3736 5608 spe-

2082 5640 2224 5701 ctes,
2251 5633 2628 5706 pronuntiata
2645 5637 2921 5692 Cresareaa
2941 5633 3351 5705 Cappadocum
3383 5629 3442 5684 in
3482 5631 3740 5684 extrema

2082 5727 2334 5794 senecta,
2369 5741 2500 5780 cum
2535 5722 2733 5780 relicta
2761 5719 3269 5793 Constantinopoli
3325 5715 3638 5788 Gregorius
3677 5715 3736 5769 in
