4096 6288
282 354 398 416 353

1293 351 1623 413 JOANNIS
1667 350 2191 415 LEUVENKLAII
2236 352 2679 416 PREFATIO.

3571 360 3690 418 354

282 489 529 562 patriam
564 487 1146 560 reverteretur.Atqui
1179 488 1297 542 hac
1327 487 1517 542 locum
1541 487 1928 558 interpriores
1957 488 2012 555 Α
2042 490 2096 543 et
2147 489 2547 543 auctoritatem
2607 490 2734 559 ejus
2788 492 3136 556 revocatum,
3184 507 3306 560 qua
3358 493 3483 562 jam
3535 495 3690 566 apud

282 578 524 634 invenit.
559 579 601 632 E
627 577 913 633 contrario
946 577 1072 632 dua
1096 578 1154 631 in
1181 579 1474 633 lulianum
1501 578 1807 645 Augustum
1839 579 1929 631 in—

282 667 506 723 vectiva
537 667 662 722 loco
711 672 1006 738 postremo
1056 673 1373 738 ponuntur,
1407 683 1532 736 qua
1581 666 1743 737 prius
1773 665 1932 720 fuere

2041 575 2258 632 multos
2291 577 2347 630 in
2381 583 2782 649 contemptum
2817 593 2962 647 pene
3009 585 3263 633 venerat.
3298 580 3486 636 Habes
3526 587 3582 636 et
3612 582 3695 636 di-

2042 665 2262 720 tionem
2323 667 2932 736 Paderabornensem,
2973 666 3032 721 in
3084 684 3200 738 qua
3249 669 3399 723 idem
3451 670 3692 726 Carolus

282 757 717 828 scripta,quam
751 755 839 810 vel
863 755 1289 828 Gregorius,vel
1321 755 1574 810 Basilius
1599 754 1931 810 antistitum
2042 757 2289 825 Magnus
2321 755 2746 826 episcopatum,
2780 756 3067 810 Saxonum
3104 764 3267 825 gente
3297 758 3696 823 devicta,con-

284 863 528 902 munere
561 846 725 918 fungi
758 845 1089 917 coepissent.

358 935 486 990 Hac
519 935 663 989 mihi
697 950 924 989 mecum
947 934 1293 1006 expendenti
1315 935 1505 989 visum
1538 933 1932 1005 fuit,primum

282 1025 357 1080 iis
389 1024 754 1080 orationibus
803 1024 860 1078 in
915 1023 1164 1078 editione
1197 1028 1394 1079 nostra
1430 1023 1626 1079 locum
1658 1024 1934 1090 tribuere,

287 1131 435 1186 quas
459 1112 686 1186 egregie
710 1117 904 1168 noster
926 1112 1079 1168 Elias
1102 1113 1384 1168 hactenus
1408 1113 1740 1184 incognitus
1763 1128 1935 1166 enar-

288 1207 512 1257 rasset:
548 1206 720 1272 atque
761 1201 876 1255 illis
907 1201 1182 1273 deinceps
1242 1201 1386 1256 alias
1441 1202 1747 1272 subjicere,
1785 1199 1934 1255 Billii

286 1291 486 1346 labore
517 1291 723 1345 Latina
738 1295 893 1345 veste
917 1291 1354 1346 donatas.Hanc
1383 1295 1576 1345 autem
1610 1291 1797 1362 spatio
1823 1305 1936 1344 non

285 1379 480 1451 exigui
514 1379 798 1450 temporis
828 1378 1179 1448 absolutam,
1212 1385 1269 1435 et
1301 1397 1510 1452 magno
1542 1380 1776 1452 quidem
1804 1395 1938 1434 cum

287 1466 486 1522 labore
517 1467 1008 1534 lucubrationem,
1043 1485 1147 1522 cur
1178 1470 1247 1522 ad
1283 1469 1826 1523 reverendissimam
1852 1484 1939 1522 ex-

289 1555 610 1611 celsitatem
644 1561 806 1611 tuam
840 1557 1216 1628 potissimum
1263 1557 1509 1620 mittam.
1543 1557 1942 1612 illustrissime

287 1646 588 1715 Princeps,
622 1647 799 1700 variis
831 1663 896 1700 ac
942 1647 1216 1717 gravibus
1268 1664 1408 1702 sane
1450 1647 1776 1702 rationibus
1810 1663 1940 1700 mo-

286 1751 445 1788 veor.
484 1734 742 1788 Primum
785 1740 903 1788 tam
965 1734 1103 1790 clari
1157 1735 1436 1790 antistitis
1492 1752 1665 1806 opera
1721 1735 1938 1790 nemini

2045 843 2254 898 stituit.
2315 843 2507 898 Habes
2568 843 3025 915 Osnabrugicam
3100 845 3373 916 denique,
3448 849 3695 919 primam

2046 933 2309 986 omnium
2345 932 2402 986 in
2436 933 2688 987 saxonia
2719 933 2916 986 sedem
2958 933 3289 989 antistitum
3339 936 3698 993 Christiano-

2047 1037 2200 1086 rum,
2234 1022 2501 1092 ejusdem
2555 1021 2925 1091 imperatoris
2984 1022 3326 1078 auctoritate
3367 1027 3702 1095 munitam;

2047 1109 2106 1163 in
2161 1111 2330 1179 cujus
2385 1109 2881 1176 immunitatibus,
2932 1127 3057 1181 qua
3115 1112 3414 1185 privilegia
3473 1123 3697 1184 vocant,

2048 1199 2328 1270 quiddam
2365 1200 2570 1254 merito
2604 1201 3055 1255 memorandum
3089 1201 3158 1254 ad
3192 1218 3423 1258 omnem
3457 1206 3700 1276 posteri-

2047 1292 2226 1342 tatem
2251 1289 2598 1342 continetur.

2122 1377 2308 1431 Lubet
2339 1382 2530 1432 autem
2563 1377 2690 1448 ipsa
2738 1377 3015 1432 Carolina
3061 1381 3495 1438 constitutionis
3527 1384 3702 1440 verba

2052 1466 2224 1520 certis
2255 1468 2326 1520 de
2375 1467 2570 1520 causis
2612 1466 2719 1520 hoc
2780 1465 2903 1521 loco
2965 1485 3197 1538 ponere,
3226 1487 3351 1540 qua
3413 1472 3700 1544 hodieque

2052 1555 2305 1626 publicis
2357 1555 2694 1626 diplomatis
2744 1555 3025 1626 inscripta
3074 1568 3406 1628 supersunt.
3441 1584 3466 1609 ‹‹
3503 1562 3701 1617 Eidem

2052 1643 2345 1714 episcopo,
2391 1644 2583 1713 inquit
2635 1643 2875 1698 Carolus
2921 1643 3015 1698 ille
3062 1645 3310 1716 Magnus
3367 1649 3701 1720 imperator,

2054 1733 2300 1802 ejusque
2334 1732 2772 1786 successoribus
2824 1732 3149 1788 libertatem
3201 1743 3540 1808 perpetuam
3575 1756 3710 1794 con-

289 1823 730 1894 rectius,quam
749 1823 901 1878 claro
926 1823 1122 1878 itidem
1164 1825 1410 1879 antistiti
1449 1825 1722 1895 putabam
1751 1824 1942 1879 olt‘erri
1978 1860 2024 1924 Β
2057 1821 2341 1887 cedimus,
2376 1825 2431 1873 et
2462 1821 2533 1874 ab
2567 1820 2724 1874 omni
2759 1820 2936 1892 regali
2969 1823 3214 1893 imperio
3246 1826 3705 1885 absolutionem:

289 1912 756 1967 debere.Deinde
784 1917 1091 1983 patronum
1127 1913 1268 1967 mihi
1299 1930 1715 1985 censoremque
1738 1913 1946 1969 litteris

291 2001 589 2057 excultum
623 2002 875 2073 deligere
924 2002 1098 2070 volui,
1129 2008 1329 2058 contra
1377 2002 1788 2074 plerorumque
1821 2020 1943 2058 mo-

291 2107 443 2156 rem,
472 2091 570 2162 qui
594 2091 1029 2146 lucubrationes
1061 2109 1200 2146 suas
1235 2092 1574 2147 hominibus
1608 2093 1946 2164 planelitte-

290 2197 494 2235 rarum
526 2180 811 2250 imperitis
843 2180 1159 2236 inscribere
1189 2198 1302 2236 non
1336 2186 1626 2236 verentur.

368 2269 486 2324 Hoc
517 2285 648 2323 vero
683 2268 1095 2337 consideranti,
1145 2287 1261 2324 non
1321 2271 1664 2324 occurrebat
1721 2269 1779 2324 in
1830 2274 1948 2325 toto

292 2362 507 2412 nostra
542 2358 794 2412 nationis
826 2358 1070 2430 imperio
1101 2359 1417 2430 quisquam
1450 2360 1707 2414 virorum
1735 2359 1947 2430 princi-

295 2464 460 2519 pum,
516 2464 690 2518 quem
743 2446 955 2502 illustri
1019 2449 1366 2519 prastantia
1427 2453 1534 2503 tua
1593 2449 1945 2520 praeferrem.

296 2537 525 2591 Etenim
567 2553 681 2591 non
714 2538 928 2592 eximia
961 2543 1189 2592 tantum
1217 2539 1494 2594 doctrina
1524 2539 1652 2594 laus
1683 2538 1947 2593 omnium

296 2642 589 2681 consensu
643 2627 745 2680 tibi
799 2627 1117 2682 tribuitur:
1153 2628 1249 2682 sed
1301 2629 1477 2682 etiam
1525 2627 1820 2699 plerisque
1851 2643 1952 2698 per

302 2731 535 2769 omnem
568 2715 858 2786 Europam
879 2716 1326 2771 admirationem
1351 2717 1710 2771 merentibus
1732 2715 1951 2786 linguis

302 2820 441 2858 sane
474 2820 645 2874 qaam
680 2804 975 2876 eleganter
1006 2804 1204 2859 uteris.
1238 2806 1473 2860 Accedit
1521 2807 1588 2861 ad
1624 2805 1763 2873 hac,
1797 2805 1948 2876 quod

307 2893 356 2947 ei
391 2892 610 2964 regioni
645 2909 776 2946 cum
815 2892 1054 2962 imperio
1087 2899 1481 2965 potestateque
1521 2895 1742 2965 prasis,
1777 2911 1806 2949 e
1838 2911 1952 2965 qua

311 2980 452 3032 mihi
479 2980 625 3034 avita
643 2981 972 3051 patritaque
1003 2982 1163 3052 origo
1192 2983 1763 3038 ducitur.Summam
1799 2985 1949 3038 enim

311 3071 436 3122 tum
469 3070 800 3138 potentiam,
835 3075 961 3124 tum
1014 3072 1413 3126 auctoritatem
1450 3073 1678 3128 obtines
1709 3074 1768 3127 in
1800 3074 1950 3128 occi-

305 3157 423 3211 dua
471 3157 734 3224 Saxonis,
771 3175 895 3229 qua
948 3161 1162 3214 recenti
1222 3161 1609 3231 appellatione
1657 3161 1952 3217 Vestualia

300 3245 535 3312 dicitur,
570 3264 702 3301 cum
727 3263 859 3302 vera
891 3247 966 3302 sit
996 3265 1061 3302 ac
1091 3255 1255 3304 vetus
1287 3251 1947 3323 Saxonia,quemadmo-
1980 3225 2021 3290 C

299 3336 441 3390 dum
474 3335 754 3392 Cranzius
785 3337 930 3392 Saxo
972 3337 1269 3393 multoties
1320 3340 1378 3394 in
1423 3340 1683 3396 historiis
1713 3341 1836 3396 suis
1867 3341 1952 3396 in-

296 3424 513 3479 culcat.
549 3425 741 3480 Habes
772 3426 1172 3498 episcopatum
1203 3431 1741 3498 Monasteriensem,
1775 3447 1807 3482 a
1834 3446 1952 3485 ma-

291 3513 530 3584 joribus
562 3515 782 3568 nostris
829 3515 1381 3587 Mimingrodensem
1442 3517 1817 3590 appellatum,
1853 3519 1952 3590 qui

297 3603 474 3658 tertio
509 3604 632 3658 loco
664 3603 722 3656 in
774 3603 1024 3659 Saxonia
1070 3607 1439 3676 imperatoris
1487 3608 1730 3663 Casaris
1769 3608 1953 3664 Caroli

301 3691 502 3762 Magni
537 3693 786 3763 Augusti
812 3694 1006 3748 studio
1028 3695 1384 3750 constitutus
1416 3701 1526 3751 est.
1556 3697 1696 3767 Ejus
1727 3713 1957 3768 semper

302 3796 522 3852 magna
555 3781 666 3835 fuit
695 3781 1115 3854 dignitas,qua
1146 3785 1232 3838 vel
1265 3783 1400 3839 inde
1433 3789 1623 3855 potest
1653 3785 1951 3853 astimari,

302 3869 463 3941 quod
497 3886 631 3924 cum
661 3870 974 3940 aliquando
1024 3872 1434 3928 Bremonensis
1482 3874 1953 3945 archiepiscopus

301 3958 464 4013 hunc
497 3964 734 4029 peteret,
775 3976 888 4014 non
922 3961 1082 4030 prius
1133 3962 1475 4033 impetrarit,
1511 3980 1688 4034 quam
1731 3963 1952 4018 archie-

299 4051 674 4119 piscopatum
710 4049 793 4102 illi
828 4055 1216 4120 postponeret,
1249 4056 1303 4104 et
1335 4051 1390 4104 in
1424 4053 1955 4122 commendam(uti

299 4137 711 4207 superioribus
743 4141 912 4192 annis
944 4139 1188 4193 barbare
1209 4139 1617 4210 loquebantur)
1649 4142 1953 4212 acciperet.

299 4225 375 4278 Es
409 4232 604 4279 autem
639 4225 773 4280 huic
805 4227 1024 4298 Optimo
1065 4229 1200 4297 jure
1231 4228 1556 4298 prafectus,
1591 4228 1676 4283 vel
1710 4231 1780 4284 ob
1814 4229 1954 4284 insi-

299 4329 477 4383 gnem
512 4314 859 4385 sapientiam
897 4321 1078 4382 tuam,
1111 4315 1199 4370 vel
1234 4317 1424 4386 prisca
1461 4317 1840 4372 nobilissima
1867 4318 1954 4373 fa-

304 4400 481 4455 milia
513 4408 625 4457 tua
656 4403 886 4460 merita.
920 4405 1061 4459 Nam
1113 4405 1258 4459 Otho
1307 4405 1814 4474 Mimingrodensis
1859 4424 1958 4462 an-

303 4493 479 4542 tistes
510 4507 753 4546 numero
785 4510 898 4562 XLI,
934 4510 1129 4549 comes
1176 4493 1454 4561 Hoianus,
1491 4500 1739 4565 agnatus
1791 4500 1950 4551 tuus.

2059 1909 2171 1964 nisi
2207 1911 2350 1963 forte
2381 1909 2701 1980 contingat,
2736 1915 2799 1964 ut
2843 1911 3158 1981 imperator
3203 1914 3618 1987 Romanorum,
3652 1924 3710 1973 et

2058 2016 2156 2053 rex
2189 1998 2893 2070 Gracorum,conjugalia
2925 2000 3138 2055 fadera
3160 2002 3310 2057 inter
3333 2005 3483 2060 filios
3507 2023 3706 2061 eorum

2059 2088 2402 2142 contrahere
2451 2088 2784 2158 disponant.
2834 2089 2995 2143 Tunc
3045 2091 3197 2145 enim
3245 2093 3509 2148 Ecclesia
3551 2096 3709 2152 illius

2059 2177 2374 2247 episcopus
2406 2193 2539 2230 cum
2571 2181 2812 2248 sumptu
2839 2194 2871 2231 ει
2894 2194 3023 2248 rege
3054 2179 3148 2232 vul
3182 2180 3529 2250 imperatore
3551 2185 3711 2240 adhi-

2060 2264 2179 2319 bito
2215 2264 2468 2319 laborem
2509 2264 2684 2318 simul
2746 2269 2800 2318 et
2857 2264 3135 2320 honorem
3199 2267 3354 2324 illius
3403 2270 3709 2342 legationis

2059 2358 2340 2408 assumet.
2370 2354 2438 2406 Et
2469 2368 2534 2407 ea
2565 2352 2635 2407 de
2689 2369 2866 2408 causa
2919 2355 3254 2422 statuimus,
3289 2362 3353 2411 ut
3405 2359 3463 2413 in
3505 2362 3708 2417 eodem

2059 2440 2182 2495 loco
2215 2441 2424 2496 Graca
2461 2442 2795 2514 Latinaeque
2845 2442 3054 2498 schola
3087 2443 3145 2498 in
3175 2451 3520 2517 perpetuum
3553 2451 3706 2504 ordi-

2060 2531 2293 2585 natione
2353 2537 2552 2586 nostra
2608 2537 2921 2587 maneant:
2986 2550 3088 2588 nec
3144 2551 3404 2606 unquam
3465 2537 3708 2594 clericos

2060 2623 2368 2694 utriusque
2397 2622 2608 2694 lingua
2639 2640 2852 2694 gnaros
2879 2624 3182 2682 defuturos
3202 2628 3570 2685 confidimus.
3609 2653 3634 2680 »

2134 2713 2248 2767 Hoc
2281 2714 2568 2781 majorum
2600 2712 2867 2768 instituto
2901 2719 3097 2770 motus
3131 2716 3283 2772 haud
3318 2719 3492 2774 dubie
3532 2739 3709 2792 supe-

2061 2800 2198 2856 riori
2231 2817 2383 2855 anno
2415 2800 2692 2856 dominus
2726 2807 2938 2873 noster,
2971 2802 3288 2875 imperator
3318 2807 3507 2864 Casar
3528 2810 3709 2866 Maxi-

2061 2890 2341 2945 milianus
2373 2889 2417 2944 Il
2448 2889 2779 2961 Aug.filiam
2806 2909 2972 2946 suam
3007 2910 3206 2964 regum
3242 2895 3707 2956 Christianorum

2062 2980 2316 3033 maximo
2337 2979 2686 3050 desponsam
2703 2996 2803 3050 per
2816 2985 2870 3034 te
2890 2981 3257 3052 potissimum
3281 2985 3706 3045 deducivoluit:

2062 3086 2175 3141 quo
2210 3069 2444 3141 quidem
2467 3069 2526 3122 in
2561 3086 2798 3124 munere
2819 3071 3083 3127 obeundo
3107 3091 3380 3145 magnam
3405 3077 3706 3135 industria

2060 3157 2498 3230 prudentiaque
2529 3157 2758 3212 laudem
2794 3158 3084 3214 invenisti.
3118 3162 3280 3225 Quod
3310 3166 3357 3220 si
3399 3174 3551 3224 recte
3582 3187 3704 3225 rem

2061 3247 2352 3303 astimare
2381 3247 2648 3317 velimus,
2681 3248 2962 3318 majorem
2991 3249 3051 3304 in
3083 3250 3156 3306 iis
3188 3251 3330 3309 locis
3361 3262 3707 3327 potestatem

2061 3355 2094 3392 a
2124 3336 2327 3391 multis
2353 3336 2522 3390 annis
2549 3335 2759 3390 habuit
2787 3352 2992 3393 nemo:
3026 3355 3202 3410 quam
3249 3343 3486 3413 quidem
3529 3346 3706 3402 felici-

2060 3429 2240 3481 tatem
2273 3424 2409 3479 boni
2440 3440 2643 3479 omnes
2693 3426 2915 3480 eximia
2948 3427 3148 3482 virtuti
3192 3432 3302 3485 tua
3335 3432 3588 3490 debitam
3623 3436 3706 3491 fa-

2060 3518 2280 3581 tentur,
2315 3528 2380 3569 ac
2409 3512 2514 3567 tibi
2546 3511 2933 3584 gratulantur.
2981 3515 3238 3579 Quorum
3270 3519 3328 3574 in
3371 3539 3612 3579 numero
3645 3529 3710 3582 ut

2063 3619 2158 3658 me
2201 3619 2433 3674 quoque
2479 3602 2780 3658 arbitreris
2828 3620 2973 3670 esse,
3008 3622 3074 3659 ac
3121 3623 3312 3663 meam
3363 3610 3514 3666 hanc
3553 3612 3711 3669 velut

2063 3691 2544 3748 acclamationem
2563 3690 2810 3762 benigne
2829 3691 3099 3763 accipias,
3131 3697 3303 3752 etiam
3329 3704 3504 3770 atque
3531 3702 3708 3757 etiam

2064 3778 2515 3852 rogo.Fortassis
2536 3780 2810 3834 offeretur
2837 3779 3151 3852 aliquando
3175 3785 3317 3839 mihi
3342 3790 3566 3845 occasio
3594 3791 3710 3846 mei

2068 3887 2206 3942 erga
2227 3875 2388 3923 tuam
2403 3866 2792 3923 excelsitatem
2807 3869 2987 3924 animi
3000 3875 3425 3931 venerationem
3441 3877 3716 3935 illustrio-

2067 3960 2115 4015 ri
2140 3959 2390 4028 quodam
2415 3962 2754 4024 argumento
2773 3957 3355 4019 declarandi.lnterea
3377 3982 3712 4038 summope-

2068 4065 2128 4103 re
2161 4053 2312 4118 peto,
2344 4051 2408 4100 ut
2438 4046 2703 4099 studium
2736 4046 2794 4099 iu
2827 4046 2934 4101 hoc
2955 4064 3164 4118 genere
3188 4052 3436 4121 publicis
3458 4072 3710 4111 commo.

2067 4137 2157 4192 dis
2179 4134 2649 4204 serviendi,quod
2674 4134 2869 4189 animo
2894 4152 3021 4190 meo
3044 4136 3311 4207 pluribus
3333 4143 3404 4198 ab
3430 4145 3597 4200 annis
3624 4146 3711 4202 in-

2066 4225 2238 4293 sidet,
2273 4240 2385 4278 non
2419 4223 2589 4277 modo
2621 4228 2852 4294 gratum
2907 4224 3120 4281 habeas
3154 4233 3327 4300 atque
3367 4234 3596 4302 probes,
3630 4236 3714 4291 uti

2065 4329 2206 4368 sane
2239 4314 2527 4366 facturum
2555 4315 2611 4365 te
2643 4313 2897 4366 conﬁdo:
2934 4315 3032 4368 sed
3056 4316 3230 4372 etiam
3264 4319 3456 4376 favore
3477 4327 3576 4378 tuo
3611 4324 3714 4379 be-

2065 4401 2470 4473 nignitateque
2516 4400 2702 4471 magis
2725 4401 3157 4474 excites,quam
3190 4409 3488 4466 exhaustis
3520 4413 3714 4484 gravi-

2065 4491 2176 4545 bus
2209 4488 2495 4543 molestiis
2527 4490 2775 4560 experiri
2799 4491 3133 4560 jucundum
3182 4502 3290 4552 est.
3323 4499 3487 4566 Vale,
3519 4501 3717 4557 claris-

308 4577 815 4651 Tekeneburgensi
848 4586 1079 4648 comite,
1104 4581 1352 4653 aliisque
1379 4584 1740 4653 domitis,qui
1772 4583 1958 4639 Eccle-
1988 4592 2034 4656 D
2068 4580 2216 4634 sime
2246 4577 2545 4648 Princeps,
2582 4593 2786 4648 meque
2817 4596 2919 4650 per
2945 4580 3094 4636 hanc
3125 4583 3592 4646 lucubrationem
3621 4609 3711 4647 re-

303 4667 411 4721 sia
443 4669 840 4736 possessiones
871 4677 1073 4725 contra
1095 4673 1199 4741 jus
1232 4673 1434 4742 fasque
1465 4673 1822 4741 invaserant,
1855 4672 1958 4727 im-

299 4756 553 4811 mortale
611 4775 824 4813 nomen
875 4761 962 4830 (ut
1019 4760 1204 4830 ipsius
1264 4761 1526 4815 historici
1582 4761 1772 4816 verbis
1804 4765 1954 4837 utar)

299 4846 458 4916 apud
494 4862 632 4901 suos
666 4847 1164 4920 reliquit,propter
1180 4849 1408 4905 additas
1431 4849 1664 4904 dioecesi
1687 4849 1952 4917 ditiones,

2065 4666 2500 4723 verendissima
2533 4666 2849 4722 excelsitati
2897 4675 3005 4724 tua
3049 4689 3111 4726 se
3142 4675 3488 4746 tradentem,
3525 4680 3581 4733 in
3616 4696 3710 4736 eo-

2065 4774 2196 4812 rum
2233 4771 2562 4821 numerum,
2610 4772 2757 4826 quos
2813 4759 3001 4828 gratia
3050 4761 3561 4837 benevolentiaque
3613 4774 3714 4824 tua

2065 4844 2346 4916 dignaris,
2396 4843 2656 4914 recipito.

1400 5005 1512 5054 ΕΙΣ
1554 5003 1924 5055 ΓΡΙΙΓΟΡΙΟΝ
1963 5002 2090 5050 ΤΟΝ
2130 4999 2610 5048 ΝΑΖΙΑΝΖΗΝΟΝ

1677 5103 1765 5153 ΙΩ.
1809 5102 1847 5150 Ο
1888 5097 2341 5152 ΛΕΩΓΚΑΑΙΟΣ.

947 5322 1046 5381 DE
1089 5322 1479 5384 GREGORIO
1524 5320 2006 5384 NAZIANZENO
2053 5317 2400 5380 JOANNES
2443 5315 3057 5380 LEUVENKLAIUS.

291 5564 630 5642 Γρηγορίοιο
664 5563 880 5643 λόγους,
916 5567 1054 5644 μέγα
1083 5578 1280 5648 χρῆμα
1308 5570 1396 5627 καί
1429 5573 1805 5649 Ἀττικοεργὶς

370 5653 702 5734 "Atptxécoc,
736 5655 787 5712 ἐν
817 5656 952 5733 ἐμῇς
982 5660 1139 5730 ἡνίκα
1168 5661 1354 5739 χερσὶν
1385 5659 1523 5738 ἔχω.

2060 5582 2321 5656 Gregorii
2355 5581 2585 5653 quoties
2619 5581 2815 5654 Hybla
2844 5585 3166 5643 redolentia
3197 5593 3396 5647 nectar

2130 5678 2195 5728 In
2230 5672 2500 5729 manibus
2521 5686 2687 5727 verso
2718 5672 2939 5746 scripta
2968 5675 3186 5735 diserta
3216 5681 3362 5737 meis
3389 5699 3402 5740 :
