4096 6288
356 359 476 423 35⁸

352 496 477 549 Non
508 507 602 547 me
631 493 887 546 oratores
917 488 1121 544 fraude
1149 486 1406 559 amplius
1436 486 1589 542 illice
1621 485 1818 556 prisci,

423 582 578 646 Quos
608 578 744 634 tulit
773 582 1013 649 argutos
1042 576 1232 632 Attica
1263 582 1438 643 terra,
1472 578 1730 630 movent.

354 669 611 724 Rursum
646 666 906 739 Gregorii
939 682 1072 721 cum
1104 665 1203 720 dia
1234 669 1507 737 poemata
1534 665 1685 721 vatis

423 756 675 828 Pellego,
710 755 1003 811 Maeonidae
1036 770 1171 809 mox
1200 752 1321 809 abit
1351 753 1543 809 omnis
1574 767 1760 807 amor.

349 846 539 901 Vilius
571 862 648 899 aes
680 861 821 900 auro
853 843 1011 899 velut
1042 847 1169 911 est;
1204 847 1269 898 ut
1297 842 1499 899 cedere
1530 841 1845 914 plumbum

422 938 695 1006 Argento,
728 937 794 987 ut
822 931 1050 1003 superis
1081 931 1379 996 inferiora,
1417 935 1610 1001 patet:

353 1024 668 1095 Gregorius
697 1021 919 1093 priscos
950 1020 1148 1091 palma
1179 1020 1262 1075 sic
1293 1019 1427 1074 vicit
1458 1019 1729 1091 adempta

423 1111 792 1168 Carminibus
821 1116 998 1178 vates,
1027 1109 1295 1165 rhetoras
1323 1107 1575 1181 eloquio.

1081 1226 1263 1281 Aliud.

489 1334 686 1392 Tellus
716 1334 1148 1407 Cappadocum,
1183 1332 1479 1404 quondam
1512 1329 1936 1398 semibarbara,

418 1425 725 1499 Superavit
753 1424 912 1496 ipsas
944 1423 1078 1478 inde
1106 1422 1363 1477 Athenas
1390 1419 1629 1490 Atticas,

417 1516 524 1573 Ubi
559 1514 814 1570 Basilius
843 1518 900 1567 et
929 1511 1242 1583 Gregorius
1273 1508 1607 1565 doctissimi

421 1606 800 1662 Suavisonam
832 1603 1278 1675 Cecropidarum
1312 1599 1727 1671 eloquentiam.

421 1696 492 1750 Et
521 1699 730 1749 cuncta
759 1692 939 1747 totius
972 1693 1315 1745 ornamenta
1345 1689 1595 1756 Graeciae,

420 1789 546 1838 Suae
576 1782 846 1848 intulere,
883 1798 982 1836 seu
1015 1780 1284 1844 victores,
1318 1778 1537 1849 patriae.

416 1872 557 1935 Quis
589 1877 644 1926 te
676 1887 811 1942 ergo
846 1886 957 1924 non
991 1869 1063 1923 ob
1096 1868 1201 1923 hos
1230 1867 1460 1922 beatam
1495 1866 1787 1937 praedicet,

413 1960 612 2016 Tellus
643 1959 1076 2031 Cappadocum,
1110 1956 1314 2011 talium
1346 1956 1536 2009 virum
1571 1970 1781 2027 parens

835 2080 911 2130 De
942 2074 1206 2137 Caesario,
1236 2071 1498 2143 ejusdem.

341 2185 592 2241 Nicaeam
624 2186 793 2237 terrae
819 2197 950 2236 cum
984 2184 1154 2235 motae
1186 2181 1512 2234 succuteret
1541 2177 1647 2243 vis,

417 2273 701 2330 Caesarius
725 2271 914 2341 jacuit
942 2270 1197 2341 pondere
1227 2284 1467 2340 pressus
1498 2265 1686 2324 humi.

344 2365 455 2421 Sed
486 2363 640 2419 Deus
667 2377 697 2415 θ
729 2359 968 2415 latebris
998 2357 1225 2414 salvum
1258 2356 1546 2429 produxit,
1575 2356 1744 2428 eique

412 2449 657 2506 Vivendi
688 2448 938 2520 spatium
972 2446 1206 2517 longius
1236 2446 1369 2501 inde
1401 2444 1578 2501 dedit.

341 2538 679 2596 Consimilis
710 2538 892 2591 basus
924 2540 1307 2591 monumenta
1337 2533 1583 2604 excepit,
1615 2532 1837 2589 obisset

411 2632 730 2697 Postquam
764 2625 1081 2679 immaturo
1109 2623 1309 2678 funere
1341 2622 1645 2677 Caesarius.

335 2721 406 2775 Et
438 2722 635 2772 tamen
664 2714 781 2769 haec
803 2713 977 2769 etiam
1007 2711 1203 2768 divino
1237 2728 1477 2767 munere
1508 2710 1727 2782 profert

405 2812 554 2861 Cura
587 2800 993 2874 Leontonychi,
1026 2800 1410 2872 semisepulta
1438 2800 1624 2872 prius.

338 2895 500 2950 Salve
516 2894 728 2949 iterum
751 2895 927 2963 atque
947 2892 1352 2956 iterum,terraa
1370 2890 1461 2945 bis
1482 2894 1679 2962 operte
1699 2890 1982 2959 cavernis,

410 2985 480 3041 Et
507 2985 659 3041 dono
691 2982 749 3036 in
785 2981 972 3036 lucem
1012 2979 1103 3036 bis
1132 2983 1396 3035 revocate
1425 2978 1548 3036 Dei.

754 3249 827 3304 De
854 3249 979 3304 Elia
1009 3247 1254 3303 Cretensi
1279 3248 1551 3303 antistite.

1017 3334 1291 3407 Ejusdem.

331 3426 591 3501 Gregorii
622 3426 899 3483 obscuros
930 3425 1283 3497 scriptorum
1313 3424 1609 3496 inquirere
1638 3441 1847 3482 sensus

402 3521 587 3574 Antea
618 3532 709 3570 res
742 3514 939 3587 magni
972 3512 1144 3585 plena
1171 3513 1386 3569 laboris
1418 3517 1561 3581 erat,

336 3608 527 3665 Donec
558 3606 630 3662 ab
659 3603 785 3659 Elia
812 3603 913 3659 lux
940 3602 1057 3659 illis
1086 3606 1175 3659 est
1204 3603 1358 3669 data,
1392 3619 1627 3659 summa

410 3693 668 3768 Gregorii
702 3691 978 3765 explicuit
1006 3692 1106 3763 qui
1138 3694 1519 3747 monumenta
1551 3692 1685 3748 fide.

338 3785 629 3841 Hactenus
660 3782 926 3855 ignotum
956 3781 1063 3836 toti
1096 3797 1269 3853 quem
1305 3781 1523 3837 scilicet
1552 3782 1700 3852 orbi,

404 3874 572 3931 Nunc
603 3872 811 3928 iterum
842 3872 1022 3927 donat
1050 3869 1179 3926 luce
1210 3862 1674 3943 Leontonychus.

331 3962 616 4019 Doctrinaa
647 3961 947 4034 egregium
978 3961 1319 4016 thesaurum
1354 3960 1567 4015 sumite
1598 3959 1771 4031 grati,

400 4052 557 4115 Quos
588 4050 764 4121 bona,
796 4066 945 4121 quos
976 4051 1192 4120 pariter
1222 4049 1477 4120 plurima
1508 4065 1680 4105 nosse
1703 4049 1891 4120 juvat.

397 4158 671 4229 Scipionis
713 4155 1145 4225 Carteromachi,
1180 4158 1476 4227 interprete
1506 4155 1893 4214 Leuvenklaio.

329 4259 624 4331 Inspirare
654 4260 867 4313 animis
899 4258 1093 4314 divina
1123 4264 1393 4329 poemata
1422 4260 1640 4331 Musas,

398 4349 542 4404 Vate
573 4347 759 4419 magis
786 4346 923 4403 Chio
954 4346 1267 4419 Gregorius
1297 4347 1512 4403 docuit.

325 4437 451 4492 Imo
484 4435 662 4490 ﬂabat
695 4434 831 4490 huic
862 4434 1058 4505 potius
1082 4432 1330 4489 divinior
1359 4450 1523 4501 aura,

394 4524 641 4580 Deberet
670 4523 853 4579 Musis
883 4539 1018 4578 cum
1050 4539 1158 4579 sua
1191 4522 1523 4578 Maeonides.

1365 351 1696 418 JOANNIS
1738 347 2267 415 LEUVENKIAII
2314 347 2757 415 PREFATIO.

2027 483 2085 552 Α
2112 480 2189 538 Οὐ
2224 478 2371 555 μάλα
2400 483 2659 555 θαυμάζω
2686 481 2815 544 τοὺς
2848 480 3105 559 ῥήτορας,
3130 483 3222 547 οὕς
3253 485 3375 541 ποτ’
3407 487 3649 559 Ἀθηνῶν

3642 355 3765 417 356

2183 573 2351 646 Ἔσχε
2378 566 2566 640 πόλις,
2599 570 2834 647 δολερῆς
2863 568 3088 645 ἷ¹δμονας
3118 572 3359 645 εὐεπίης·

2112 660 2201 721 Ὦς
2242 656 2289 713 δ’
2317 659 2750 737 ἀναγινώσκοντα
2776 660 3060 733 ποίηματα
3090 663 3416 740 Γρηγορίοιο

2183 747 2298 805 Οὐκ
2326 747 2496 804 ἐπὲων
2521 770 2606 813 τις
2641 747 2757 826 ἔχει
2790 748 3070 821 Μηονίδαο
3100 752 3291 814 πόθος.

2112 839 2321 913 Χρυσὸς
2346 837 2469 893 ὅσον
2501 838 2760 915 χαλκοῖο,
2796 834 3076 913 μολύϐδου
3104 847 3151 895 τ’
3180 838 3414 918 ἄργυρος
3443 841 3586 899 αὖθιο

2183 926 2469 1001 Κρείττων,
2497 927 2761 1004 οὐρανίων
2795 928 3027 1006 χείρονα
3053 930 3121 985 τὰ
3151 930 3364 1005 χθόνια’

2111 1016 2363 1090 Ῥήτορες
2390 1015 2614 1092 ἀρχαῖοι
2643 1016 2800 1073 τόσον
2828 1020 3097 1088 ἡττῶνται
3130 1020 3220 1075 καὶ
3248 1019 3435 1076 ἀοιδοὶ

2182 1106 2490 1182 Γρηγορίου
2518 1107 2565 1160 τ’
2597 1104 2767 1178 ἔπεσι,
2800 1113 3106 1185 Γρηγορίου
3135 1130 3194 1165 τε
3231 1109 3438 1188 λόγοις.

2831 1221 3029 1280 Ἄλλο.

2252 1333 2325 1397 Γῆ
2362 1327 2723 1385 Καππάδοσσα
2750 1331 2941 1407 τοπρῖν
2973 1326 3384 1410 ἡμιϐάρϐαρος,

2180 1414 2355 1479 Δῦτάς
2390 1412 2621 1493 ὑπερέϐη
2654 1418 2749 1482 τὰς
2784 1421 3008 1491 Ἀθήνας
3040 1422 3315 1491 Ἀττικὰς,

2180 1504 2262 1574 Ἐξ
2294 1503 2356 1559 οὗ
2386 1506 2663 1570 Βασίλειος
2698 1508 2997 1585 Γρηγόριός
3029 1531 3085 1564 τε
3112 1509 3190 1565 τὼ
3220 1512 3374 1589 σοφὼ

2175 1595 2282 1661 Τήν
2310 1592 2651 1673 ήδύφθογγον
2685 1595 3031 1673 Κεκροπιδῶν
3066 1598 3394 1675 εύγλωττίαν

2177 1684 2359 1754 Πάσης
2394 1687 2723 1761 μετήνεγκάν
2757 1707 2815 1741 τε
2843 1687 3048 1761 κόσμον
3083 1686 3349 1751 Ἑλλάδος

2176 1770 2268 1834 Εἷς
2301 1770 2688 1829 Κάππάδοσσαν
2723 1782 2898 1852 γαῖαν,
2934 1778 3007 1839 ὡς
3035 1777 3345 1855 νικηφόροι.

2027 1856 2075 1922 Β
2175 1860 2263 1921 Τίς
2293 1861 2354 1915 ού
2389 1863 2699 1935 μακαρίσειέ
2731 1886 2787 1919 σε
2815 1867 2915 1941 γάρ
2949 1865 3240 1939 εὐτεκνίας,

2183 1955 2258 2025 Γῆ
2294 1950 2676 2025 Καππάδοσσα,
2718 1961 2888 2028 μῆτερ
2922 1952 3126 2031 ἀνδρῶν
3160 1954 3405 2030 κυδίμων
3436 1975 3450 2028 ;

2476 2070 2569 2133 Εἷς
2596 2071 2687 2125 τὸν
2718 2072 3034 2148 Καισάριον,
3062 2078 3160 2127 τοῦ
3191 2073 3375 2130 αὐτοῦ.

2100 2178 2285 2237 Ἦνίκα
2315 2177 2543 2245 Νικαίης
2580 2175 2801 2251 μεγάλῳ
2830 2182 3036 2250 σεισμῷ
3065 2178 3387 2255 πτολίεθρον

2171 2270 2438 2334 Κάππεσε,
2474 2266 2762 2340 Καισάριος
2796 2271 2897 2334 ζῶν
2933 2267 3035 2321 ὑπὸ
3065 2275 3165 2343 γῆν
3199 2264 3421 2345 ἐκρύϐη.

2099 2355 2272 2415 Ἀλλὰ
2302 2356 2430 2417 Θεός
2459 2374 2539 2409 νιν
2574 2359 2711 2410 σῶον
2747 2354 2837 2429 ἑῇς
2868 2355 3090 2433 ἐξήγαγε
3120 2358 3299 2433 χερσὶ,

2169 2443 2267 2500 Καὶ
2300 2438 2635 2505 λυκάϐαντας
2669 2442 2747 2497 ἔτι
2779 2440 2919 2498 δῶκε
2953 2444 3074 2519 βίου
3106 2443 3364 2507 πλέονας.

2096 2534 2362 2595 Ὡσαύτως
2393 2532 2483 2587 ὅτε
2513 2534 2800 2607 Καισάριος
2829 2533 3055 2602 τέθνηκε
3083 2534 3362 2610 πρόωρος⁹

2168 2624 2293 2697 ARV
2323 2622 2555 2697 ἐγένοντ’
2584 2621 2800 2699 ἀφανεῖς
2835 2622 3145 2697 Καισαρίοιο
3178 2622 3356 2697 Λόγοι.

2097 2716 2367 2786 Δημοσιοῖ
2396 2708 2452 2765 δὲ
2480 2710 2845 2785 Λεοντόνυχος
2880 2710 2995 2781 θείᾳ
3025 2710 3160 2764 πάλι
3196 2712 3359 2788 μοίρᾳ

2165 2800 2444 2877 Κρυπτοὺς
2478 2800 2765 2873 Καισαρίου
2793 2797 2983 2854 τούσδε
3011 2801 3238 2874 πάροιθε
3269 2800 3489 2875 λόγους.

2095 2897 2280 2965 Χαῖρε,
2318 2892 2515 2965 μάκαρ,
2549 2887 2631 2951 δὶς
2663 2889 2737 2943 ἐνὶ
2769 2888 2928 2962 γαίης
2957 2889 3231 2961 κευθμῶσι
3263 2888 3572 2968 καλυφθεὶς,

2165 2980 2269 3036 Καὶ
2302 2976 2385 3041 δὶς
2420 2977 2746 3051 ἀναστρέψας
2777 2977 2977 3041 θειόθεν
3012 2979 3085 3040 εἷς
3114 2980 3176 3033 τὸ
3207 2980 3359 3055 φάος.

2094 3068 2368 3143 Καισαρίῳ
2396 3068 2485 3122 καὶ
2516 3066 2830 3194 Γῑηγορίῳ,
2867 3068 3189 3143 μακάρεσσιν
3242 3065 3523 3146 ἀδελφοῖς,

2165 3147 2340 3194 Ταῦτα
2369 3147 2537 3193 Λεοντ
2572 3159 2740 3194 νυγος
2772 3140 2893 3194 θῆκ’
2924 3138 3013 3193 ἐπὶ
3044 3140 3382 3194 γραμμάτια.

2165 3138 2349 3195 Ταῦτα
2369 3138 2740 3213 Λεοντόνυχσς
2772 3138 2893 3207 θῆκ’
2924 3138 3022 3193 ἐπῖ
3044 3140 3382 3215 γραμμάτια.

2328 3245 2421 3307 Εἷς
2451 3244 2640 3302 Ἠλίαν
2671 3246 2762 3300 τὸν
2795 3247 3015 3320 Κρήτης
3048 3246 3487 3320 μητροπολίτην.

2748 3338 2853 3387 Τοῦ
2883 3333 3068 3392 αὐτοῦ.

2091 3423 2255 3480 Θείων
2288 3422 2592 3498 Γρηγορίου
2633 3420 2922 3500 δυσέφικτα
2951 3424 3202 3496 νοήματα
3235 3417 3441 3497 βίϐλων

2158 3513 2357 3589 Τοπρὶν
2390 3512 2691 3587 ἀνιχνεύειν
2720 3514 2784 3581 ἦν
2818 3513 2920 3583 ἄρα
2949 3512 3327 3589 παγχάλεπον,

2086 3603 2302 3675 ’Ἃμμιν
2332 3600 2437 3664 ἓως
2472 3600 2640 3679 ἐφάνη
2672 3598 2975 3677 περιδέξιος
3003 3600 3342 3677 ἑρμηνευτὴς

2158 3693 2215 3744 Ὅ
2244 3691 2395 3761 Κρὴς
2426 3688 2617 3752 Ἠλίας
2646 3689 2976 3765 Γρηγορίοιο
3005 3688 3206 3766 λόγων.

2088 3781 2186 3838 ’Όν
2213 3799 2313 3854 περ
2345 3778 2501 3834 ἐόντα
2528 3779 2665 3840 τὲως
2693 3780 2911 3849 θνητοῖς
2944 3777 3215 3853 ἄγνωστον
3249 3779 3466 3853 ἅπασιν,

2159 3867 2249 3928 Εἷς
2281 3872 2393 3946 φῶς
2423 3864 2574 3929 αὖθις
2607 3864 2722 3942 ἄγει
2750 3866 2862 3921 νυνὶ
2894 3866 3286 3943 Λεοντὸνυχος.

2085 3956 2357 4031 Θησαυρὸν
2390 3954 2583 4033 σοφίης
2613 3954 2852 4029 ἐριούνια
2884 3955 3110 4031 δόγματ’
3145 3954 3344 4031 ἔχοντα

2157 4044 2386 4115 Δὲξασθ’,
2419 4045 2500 4106 οἷς
2531 4048 2735 4118 γνῶναι
2774 4042 2961 4099 πολλά
2989 4044 3077 4098 καὶ
3111 4043 3277 4108 ἐσθλὰ
3305 4044 3483 4123 φίλον.

2442 4149 2747 4211 Σκιπίωνος
2778 4154 2874 4204 τοῦ
2910 4153 3142 4227 Καρτερο
3153 4149 3353 4226 μάχου.

2084 4256 2389 4334 Γρηγόριος
2423 4257 2637 4318 Μούσας
2665 4255 2862 4328 πολλῷ
2891 4254 3058 4311 πλέον
3090 4255 3230 4331 ἤπερ
3263 4259 3518 4335 Ὄμηρος

2155 4347 2451 4401 Θειοτάτων
2485 4345 2652 4400 ἐπὲων
2687 4342 2849 4414 δεῖξεν
2886 4343 3207 4418 δπηρετίδας

2084 4436 2153 4490 Ἢ
2188 4433 2400 4509 μᾶλλον
2431 4430 2559 4509 τόγε
2588 4439 2691 4489 πᾶν
2720 4438 2947 4489 Μουσῶν
2979 4434 3083 4490 ὕπο
3116 4433 3262 4505 λέξεν
3289 4437 3568 4513 ”Ομηρος,

2155 4524 2446 4600 Γρηγορίῳ
2476 4521 2524 4579 δ’
2554 4521 2699 4579 ἔπνει
2727 4525 2924 4597 πνεῦμ’
2951 4522 3052 4600 ἄρα
3083 4524 3375 4601 θειότερον.

963 4854 1313 4916 JOANNES
1353 4854 1966 4918 LEUVENKLAIUS
2012 4856 2079 4917 S.
2126 4858 2200 4918 D.
2246 4857 2544 4920 JACOBO
2588 4858 2844 4919 BlLLlO
2892 4861 2968 4919 V.
3015 4859 3083 4918 C.

394 5153 602 5204 Annus
631 5146 727 5202 hic
758 5150 1003 5218 quartus
1034 5150 1141 5217 est,
1172 5147 1383 5202 Jacobe
1428 5145 1578 5212 Billi,
1612 5163 1679 5202 ex
1709 5163 1823 5219 quo
1855 5148 1971 5219 pri-
2006 5155 2051 5221 1)
2081 5154 2207 5203 tum
2239 5148 2514 5220 theologi,
2548 5150 2985 5206 commentariis
3015 5148 3620 5215 absolvissem,visum
3644 5157 3734 5210 est

319 5255 483 5294 mum
515 5237 585 5292 ad
620 5236 1161 5307 interpretationem
1186 5235 1805 5308 przestantissimorum
1828 5237 1968 5292 Gre-

314 5328 461 5400 gorii
514 5326 859 5381 Nazianzeni
919 5326 1271 5397 scriptorum
1330 5324 1701 5380 hortantibus
1759 5326 1964 5382 amicis

315 5418 579 5471 animum
613 5416 818 5485 adjeci,
849 5415 919 5470 de
950 5414 1151 5469 causis
1184 5413 1390 5468 iisdem
1427 5412 1563 5483 fere,
1588 5430 1730 5484 quas
1762 5415 1965 5470 eodem

315 5503 727 5575 tempore(nisi
756 5503 943 5575 fallor)
959 5501 1264 5575 impulisse
1284 5502 1506 5557 teidem
1522 5502 1593 5556 ad
1625 5502 1966 5559 institutum

319 5592 548 5650 scribis.
582 5594 727 5649 Cum
760 5598 954 5649 autem
988 5608 1231 5647 numero
1277 5607 1392 5647 non
1424 5606 1641 5662 paucas
1672 5593 1968 5650 orationes

318 5697 453 5740 cum
485 5680 618 5736 Elia:
639 5681 931 5738 Cretensis
952 5678 1457 5749 antistitis,eximii
1481 5685 1608 5736 tum
1631 5680 1966 5755 philosophi

2077 5237 2394 5306 relaxandi,
2426 5240 2581 5310 quod
2613 5256 2681 5294 ex
2710 5240 2990 5295 continua
3026 5239 3321 5295 mensium
3350 5239 3577 5313 aliquot
3597 5243 3735 5297 scri-

2076 5328 2276 5398 ptione
2305 5328 2659 5399 obrepserat,
2696 5328 2851 5383 taedii
2877 5345 3057 5384 causa
3086 5328 3368 5399 quiddam
3400 5329 3617 5386 laboris
3651 5330 3733 5385 al-

2076 5415 2261 5471 terius
2293 5417 2592 5487 suscipere
2610 5432 2745 5487 :quo
2768 5424 3152 5490 posteaquam
3187 5416 3498 5475 defunctus
3520 5436 3731 5491 essem,

2075 5504 2157 5559 ita
2188 5503 2396 5559 deinde
2430 5503 2747 5577 pristinum
2773 5505 2916 5561 illud
2942 5524 3088 5580 opus
3106 5506 3263 5563 velut
3293 5507 3730 5581 interpolatum,

2076 5594 2297 5663 majore
2330 5608 2464 5649 cum
2497 5592 2749 5649 aliorum
2779 5595 2996 5664 fructu,
3018 5594 3431 5669 voluptateque
3454 5615 3584 5653 mea
3605 5616 3732 5671 per-

2073 5680 2442 5741 ﬁceretur.Et
2469 5681 2622 5743 facta
2649 5683 2819 5743 nobis
2841 5688 3120 5759 praeterea
3147 5683 3220 5743 de
3251 5685 3607 5758 quibusdam
3624 5686 3733 5746 Na-
