  <div class='ocr_page' id='page_1' title='image "/cluster/home/n/w/nwhite01/storage/ocr_20150623/35/mdp.39015012934389/182.png"; bbox 0 0 4096 6288; ppageno 0'>
   <div class='ocr_carea' id='block_1_1' title="bbox 269 359 389 420">
    <p class='ocr_par' dir='ltr' id='par_1_1' title="bbox 269 359 389 420">
     <span class='ocr_line' id='line_1_1' title="bbox 269 359 389 420; baseline -0.017 0"><span class='ocrx_word' id='word_1_1' title='bbox 269 359 389 420; x_wconf 79' lang='lat'>357</span> 
     </span>
    </p>
   </div>
   <div class='ocr_carea' id='block_1_2' title="bbox 1288 349 2678 419">
    <p class='ocr_par' dir='ltr' id='par_1_2' title="bbox 1288 349 2678 419">
     <span class='ocr_line' id='line_1_2' title="bbox 1288 349 2678 419; baseline -0.003 -2"><span class='ocrx_word' id='word_1_2' title='bbox 1288 353 1619 418; x_wconf 83' lang='lat' dir='ltr'>JOANNIS</span> <span class='ocrx_word' id='word_1_3' title='bbox 1663 349 2196 419; x_wconf 76' lang='lat' dir='ltr'>LEUVENKLAII</span> <span class='ocrx_word' id='word_1_4' title='bbox 2243 352 2678 414; x_wconf 64' lang='lat' dir='ltr'>PREFATIO.</span> 
     </span>
    </p>
   </div>
   <div class='ocr_carea' id='block_1_3' title="bbox 3567 357 3688 417">
    <p class='ocr_par' dir='ltr' id='par_1_3' title="bbox 3567 357 3688 417">
     <span class='ocr_line' id='line_1_3' title="bbox 3567 357 3688 417; baseline 0 -1"><span class='ocrx_word' id='word_1_5' title='bbox 3567 357 3688 417; x_wconf 76' lang='lat'>358</span> 
     </span>
    </p>
   </div>
   <div class='ocr_carea' id='block_1_4' title="bbox 274 483 3688 559">
    <p class='ocr_par' dir='ltr' id='par_1_4' title="bbox 274 483 3688 559">
     <span class='ocr_line' id='line_1_4' title="bbox 274 483 3688 559; baseline -0 -14"><span class='ocrx_word' id='word_1_6' title='bbox 274 488 536 546; x_wconf 86' lang='lat' dir='ltr'>zianzeni</span> <span class='ocrx_word' id='word_1_7' title='bbox 565 487 732 544; x_wconf 78' lang='lat' dir='ltr'>libris</span> <span class='ocrx_word' id='word_1_8' title='bbox 766 503 879 542; x_wconf 91' lang='lat' dir='ltr'>non</span> <span class='ocrx_word' id='word_1_9' title='bbox 911 486 1082 542; x_wconf 85' lang='lat' dir='ltr'>editis</span> <span class='ocrx_word' id='word_1_10' title='bbox 1113 503 1248 558; x_wconf 87' lang='lat' dir='ltr'>spes</span> <span class='ocrx_word' id='word_1_11' title='bbox 1280 492 1422 554; x_wconf 88' lang='lat' dir='ltr'>erat,</span> <span class='ocrx_word' id='word_1_12' title='bbox 1457 504 1604 559; x_wconf 88' lang='lat' dir='ltr'>quos</span> <span class='ocrx_word' id='word_1_13' title='bbox 1632 488 1770 541; x_wconf 91' lang='lat' dir='ltr'>dum</span> <span class='ocrx_word' id='word_1_14' title='bbox 1806 485 1934 557; x_wconf 90' lang='lat' dir='ltr'>api-</span> <span class='ocrx_word' id='word_1_15' title='bbox 1962 487 2015 553; x_wconf 83' lang='grc' dir='ltr'><strong>Α</strong></span> <span class='ocrx_word' id='word_1_16' title='bbox 2049 484 2234 539; x_wconf 87' lang='lat' dir='ltr'>moria</span> <span class='ocrx_word' id='word_1_17' title='bbox 2265 484 2493 555; x_wconf 87' lang='lat' dir='ltr'>publice</span> <span class='ocrx_word' id='word_1_18' title='bbox 2525 483 2662 539; x_wconf 80' lang='lat' dir='ltr'>visis</span> <span class='ocrx_word' id='word_1_19' title='bbox 2694 484 2907 540; x_wconf 88' lang='lat' dir='ltr'>rectius</span> <span class='ocrx_word' id='word_1_20' title='bbox 2938 485 3197 557; x_wconf 87' lang='lat' dir='ltr'>impendi</span> <span class='ocrx_word' id='word_1_21' title='bbox 3229 485 3484 544; x_wconf 81' lang='lat' dir='ltr'>laborem</span> <span class='ocrx_word' id='word_1_22' title='bbox 3510 489 3688 544; x_wconf 91' lang='lat' dir='ltr'>inter-</span> 
     </span>
    </p>
   </div>
   <div class='ocr_carea' id='block_1_5' title="bbox 276 575 1933 648">
    <p class='ocr_par' dir='ltr' id='par_1_5' title="bbox 276 575 1933 648">
     <span class='ocr_line' id='line_1_5' title="bbox 276 575 1933 648; baseline -0.004 -12"><span class='ocrx_word' id='word_1_23' title='bbox 276 595 594 645; x_wconf 90' lang='lat' dir='ltr'>sceremur,</span> <span class='ocrx_word' id='word_1_24' title='bbox 609 577 668 631; x_wconf 91' lang='lat' dir='ltr'>in</span> <span class='ocrx_word' id='word_1_25' title='bbox 688 577 802 632; x_wconf 89' lang='lat' dir='ltr'>alio</span> <span class='ocrx_word' id='word_1_26' title='bbox 816 577 1033 632; x_wconf 90' lang='lat' dir='ltr'>versari</span> <span class='ocrx_word' id='word_1_27' title='bbox 1058 575 1421 632; x_wconf 89' lang='lat' dir='ltr'>malebamus</span> <span class='ocrx_word' id='word_1_28' title='bbox 1437 575 1933 648; x_wconf 82' lang='lat' dir='ltr'>interpretationis</span> 
     </span>
    </p>
   </div>
   <div class='ocr_carea' id='block_1_6' title="bbox 278 666 1931 742">
    <p class='ocr_par' dir='ltr' id='par_1_6' title="bbox 278 666 1931 742">
     <span class='ocr_line' id='line_1_6' title="bbox 278 666 1931 742; baseline -0.003 -18"><span class='ocrx_word' id='word_1_29' title='bbox 278 685 508 742; x_wconf 85' lang='lat' dir='ltr'>genere,</span> <span class='ocrx_word' id='word_1_30' title='bbox 528 684 640 738; x_wconf 90' lang='lat' dir='ltr'>quo</span> <span class='ocrx_word' id='word_1_31' title='bbox 663 667 991 739; x_wconf 80' lang='lat' dir='ltr'>paratiores</span> <span class='ocrx_word' id='word_1_32' title='bbox 1024 667 1093 720; x_wconf 93' lang='lat' dir='ltr'>ad</span> <span class='ocrx_word' id='word_1_33' title='bbox 1127 666 1551 720; x_wconf 89' lang='lat' dir='ltr'>Nazianzenum</span> <span class='ocrx_word' id='word_1_34' title='bbox 1571 666 1892 720; x_wconf 81' lang='lat' dir='ltr'>rediremus</span> <span class='ocrx_word' id='word_1_35' title='bbox 1918 679 1931 719; x_wconf 91' lang='lat'>:</span> 
     </span>
    </p>
   </div>
   <div class='ocr_carea' id='block_1_7' title="bbox 284 752 1939 830">
    <p class='ocr_par' dir='ltr' id='par_1_7' title="bbox 284 752 1939 830">
     <span class='ocr_line' id='line_1_7' title="bbox 284 752 1939 830; baseline -0.004 -17"><span class='ocrx_word' id='word_1_36' title='bbox 284 760 483 830; x_wconf 80' lang='lat' dir='ltr'>itaque</span> <span class='ocrx_word' id='word_1_37' title='bbox 517 756 993 828; x_wconf 84' lang='lat' dir='ltr'>Xenophonteam</span> <span class='ocrx_word' id='word_1_38' title='bbox 1014 755 1234 810; x_wconf 82' lang='lat' dir='ltr'>interea</span> <span class='ocrx_word' id='word_1_39' title='bbox 1255 754 1720 810; x_wconf 87' lang='lat' dir='ltr'>lucubrationem</span> <span class='ocrx_word' id='word_1_40' title='bbox 1751 752 1939 825; x_wconf 91' lang='lat' dir='ltr'>publi-</span> 
     </span>
    </p>
   </div>
   <div class='ocr_carea' id='block_1_8' title="bbox 281 843 1939 916">
    <p class='ocr_par' dir='ltr' id='par_1_8' title="bbox 281 843 1939 916">
     <span class='ocr_line' id='line_1_8' title="bbox 281 843 1939 916; baseline -0.004 -14"><span class='ocrx_word' id='word_1_41' title='bbox 281 845 430 915; x_wconf 85' lang='lat' dir='ltr'>cavi,</span> <span class='ocrx_word' id='word_1_42' title='bbox 466 850 524 900; x_wconf 91' lang='lat' dir='ltr'>et</span> <span class='ocrx_word' id='word_1_43' title='bbox 551 844 810 916; x_wconf 86' lang='lat' dir='ltr'>Gregorii</span> <span class='ocrx_word' id='word_1_44' title='bbox 841 844 1088 916; x_wconf 80' lang='lat' dir='ltr'>Nysseni</span> <span class='ocrx_word' id='word_1_45' title='bbox 1121 860 1190 898; x_wconf 80' lang='lat' dir='ltr'>xv</span> <span class='ocrx_word' id='word_1_46' title='bbox 1220 843 1515 898; x_wconf 84' lang='lat' dir='ltr'>orationes</span> <span class='ocrx_word' id='word_1_47' title='bbox 1560 846 1622 898; x_wconf 80' lang='lat' dir='ltr'>in</span> <span class='ocrx_word' id='word_1_48' title='bbox 1650 844 1939 899; x_wconf 81' lang='lat' dir='ltr'>Canticum</span> 
     </span>
    </p>
   </div>
   <div class='ocr_carea' id='block_1_9' title="bbox 280 930 1938 1003">
    <p class='ocr_par' dir='ltr' id='par_1_9' title="bbox 280 930 1938 1003">
     <span class='ocr_line' id='line_1_9' title="bbox 280 930 1938 1003; baseline -0.006 -10"><span class='ocrx_word' id='word_1_49' title='bbox 280 938 642 1001; x_wconf 83' lang='lat' dir='ltr'>canticorum,</span> <span class='ocrx_word' id='word_1_50' title='bbox 704 932 1182 1003; x_wconf 87' lang='lat' dir='ltr'>Constantinique</span> <span class='ocrx_word' id='word_1_51' title='bbox 1258 932 1544 987; x_wconf 86' lang='lat' dir='ltr'>Manassis</span> <span class='ocrx_word' id='word_1_52' title='bbox 1611 930 1938 987; x_wconf 87' lang='lat' dir='ltr'>Chronicon</span> 
     </span>
    </p>
   </div>
   <div class='ocr_carea' id='block_1_10' title="bbox 286 1020 1939 1097">
    <p class='ocr_par' dir='ltr' id='par_1_10' title="bbox 286 1020 1939 1097">
     <span class='ocr_line' id='line_1_10' title="bbox 286 1020 1939 1097; baseline -0.005 -15"><span class='ocrx_word' id='word_1_53' title='bbox 286 1027 708 1097; x_wconf 84' lang='lat' dir='ltr'>interpretatus</span> <span class='ocrx_word' id='word_1_54' title='bbox 727 1021 1111 1086; x_wconf 84' lang='lat' dir='ltr'>sum.Quibus</span> <span class='ocrx_word' id='word_1_55' title='bbox 1125 1021 1399 1076; x_wconf 90' lang='lat' dir='ltr'>omnibus</span> <span class='ocrx_word' id='word_1_56' title='bbox 1417 1020 1775 1092; x_wconf 85' lang='lat' dir='ltr'>expoliendis</span> <span class='ocrx_word' id='word_1_57' title='bbox 1797 1021 1939 1074; x_wconf 89' lang='lat' dir='ltr'>dum</span> 
     </span>
    </p>
   </div>
   <div class='ocr_carea' id='block_1_11' title="bbox 285 1108 1943 1187">
    <p class='ocr_par' dir='ltr' id='par_1_11' title="bbox 285 1108 1943 1187">
     <span class='ocr_line' id='line_1_11' title="bbox 285 1108 1943 1187; baseline -0.006 -15"><span class='ocrx_word' id='word_1_58' title='bbox 285 1119 605 1187; x_wconf 89' lang='lat' dir='ltr'>occupatus</span> <span class='ocrx_word' id='word_1_59' title='bbox 637 1117 726 1168; x_wconf 91' lang='lat' dir='ltr'>est</span> <span class='ocrx_word' id='word_1_60' title='bbox 755 1112 991 1166; x_wconf 86' lang='lat' dir='ltr'>animus</span> <span class='ocrx_word' id='word_1_61' title='bbox 1025 1127 1211 1178; x_wconf 87' lang='lat' dir='ltr'>meus,</span> <span class='ocrx_word' id='word_1_62' title='bbox 1239 1125 1418 1180; x_wconf 88' lang='lat' dir='ltr'>seque</span> <span class='ocrx_word' id='word_1_63' title='bbox 1457 1114 1644 1165; x_wconf 91' lang='lat' dir='ltr'>totum</span> <span class='ocrx_word' id='word_1_64' title='bbox 1678 1108 1943 1164; x_wconf 89' lang='lat' dir='ltr'>alacriter</span> 
     </span>
    </p>
   </div>
   <div class='ocr_carea' id='block_1_12' title="bbox 288 1197 1942 1270">
    <p class='ocr_par' dir='ltr' id='par_1_12' title="bbox 288 1197 1942 1270">
     <span class='ocr_line' id='line_1_12' title="bbox 288 1197 1942 1270; baseline -0.004 -10"><span class='ocrx_word' id='word_1_65' title='bbox 288 1206 360 1260; x_wconf 91' lang='lat' dir='ltr'>ad</span> <span class='ocrx_word' id='word_1_66' title='bbox 406 1201 854 1259; x_wconf 92' lang='lat' dir='ltr'>elaborationem</span> <span class='ocrx_word' id='word_1_67' title='bbox 906 1200 1188 1254; x_wconf 75' lang='lat' dir='ltr'>institutae</span> <span class='ocrx_word' id='word_1_68' title='bbox 1242 1198 1502 1270; x_wconf 84' lang='lat' dir='ltr'>Gregorii</span> <span class='ocrx_word' id='word_1_69' title='bbox 1548 1197 1942 1255; x_wconf 88' lang='lat' dir='ltr'>conversionis</span> 
     </span>
    </p>
   </div>
   <div class='ocr_carea' id='block_1_13' title="bbox 293 1287 1945 1366">
    <p class='ocr_par' dir='ltr' id='par_1_13' title="bbox 293 1287 1945 1366">
     <span class='ocr_line' id='line_1_13' title="bbox 293 1287 1945 1366; baseline -0.004 -18"><span class='ocrx_word' id='word_1_70' title='bbox 293 1299 492 1366; x_wconf 86' lang='lat' dir='ltr'>parat;</span> <span class='ocrx_word' id='word_1_71' title='bbox 529 1291 905 1346; x_wconf 92' lang='lat' dir='ltr'>commodum</span> <span class='ocrx_word' id='word_1_72' title='bbox 950 1287 1282 1360; x_wconf 88' lang='lat' dir='ltr'>Theologus</span> <span class='ocrx_word' id='word_1_73' title='bbox 1325 1291 1522 1344; x_wconf 89' lang='lat' dir='ltr'>noster</span> <span class='ocrx_word' id='word_1_74' title='bbox 1553 1288 1756 1344; x_wconf 89' lang='lat' dir='ltr'>Latina</span> <span class='ocrx_word' id='word_1_75' title='bbox 1785 1290 1945 1342; x_wconf 89' lang='lat' dir='ltr'>veste</span> 
     </span>
    </p>
   </div>
   <div class='ocr_carea' id='block_1_14' title="bbox 292 1377 1944 1454">
    <p class='ocr_par' dir='ltr' id='par_1_14' title="bbox 292 1377 1944 1454">
     <span class='ocr_line' id='line_1_14' title="bbox 292 1377 1944 1454; baseline -0.005 -16"><span class='ocrx_word' id='word_1_76' title='bbox 292 1381 513 1454; x_wconf 83' lang='lat' dir='ltr'>vigiliis</span> <span class='ocrx_word' id='word_1_77' title='bbox 543 1380 663 1436; x_wconf 84' lang='lat' dir='ltr'>tuis</span> <span class='ocrx_word' id='word_1_78' title='bbox 693 1383 934 1435; x_wconf 88' lang='lat' dir='ltr'>ornatus</span> <span class='ocrx_word' id='word_1_79' title='bbox 984 1378 1197 1449; x_wconf 89' lang='lat' dir='ltr'>prodit.</span> <span class='ocrx_word' id='word_1_80' title='bbox 1251 1377 1385 1441; x_wconf 74' lang='lat' dir='ltr'>Quae</span> <span class='ocrx_word' id='word_1_81' title='bbox 1425 1393 1516 1431; x_wconf 88' lang='lat' dir='ltr'>res</span> <span class='ocrx_word' id='word_1_82' title='bbox 1565 1393 1680 1432; x_wconf 92' lang='lat' dir='ltr'>non</span> <span class='ocrx_word' id='word_1_83' title='bbox 1712 1380 1944 1430; x_wconf 84' lang='lat' dir='ltr'>tantum</span> 
     </span>
    </p>
   </div>
   <div class='ocr_carea' id='block_1_15' title="bbox 299 1464 1948 1539">
    <p class='ocr_par' dir='ltr' id='par_1_15' title="bbox 299 1464 1948 1539">
     <span class='ocr_line' id='line_1_15' title="bbox 299 1464 1948 1539; baseline -0.004 -13"><span class='ocrx_word' id='word_1_84' title='bbox 299 1487 413 1526; x_wconf 91' lang='lat' dir='ltr'>non</span> <span class='ocrx_word' id='word_1_85' title='bbox 449 1469 693 1529; x_wconf 88' lang='lat' dir='ltr'>molesta</span> <span class='ocrx_word' id='word_1_86' title='bbox 720 1468 898 1539; x_wconf 93' lang='lat' dir='ltr'>(quod</span> <span class='ocrx_word' id='word_1_87' title='bbox 933 1466 1242 1522; x_wconf 89' lang='lat' dir='ltr'>usuvenire</span> <span class='ocrx_word' id='word_1_88' title='bbox 1287 1464 1576 1537; x_wconf 88' lang='lat' dir='ltr'>plerisque</span> <span class='ocrx_word' id='word_1_89' title='bbox 1601 1464 1767 1535; x_wconf 87' lang='lat' dir='ltr'>solet,</span> <span class='ocrx_word' id='word_1_90' title='bbox 1799 1481 1948 1536; x_wconf 81' lang='lat' dir='ltr'>aegre</span> 
     </span>
    </p>
   </div>
   <div class='ocr_carea' id='block_1_16' title="bbox 301 1553 1946 1627">
    <p class='ocr_par' dir='ltr' id='par_1_16' title="bbox 301 1553 1946 1627">
     <span class='ocr_line' id='line_1_16' title="bbox 301 1553 1946 1627; baseline -0.004 -14"><span class='ocrx_word' id='word_1_91' title='bbox 301 1559 622 1614; x_wconf 81' lang='lat' dir='ltr'>ferentibus</span> <span class='ocrx_word' id='word_1_92' title='bbox 654 1558 883 1613; x_wconf 86' lang='lat' dir='ltr'>officere</span> <span class='ocrx_word' id='word_1_93' title='bbox 905 1555 1073 1627; x_wconf 89' lang='lat' dir='ltr'>quasi</span> <span class='ocrx_word' id='word_1_94' title='bbox 1106 1554 1432 1609; x_wconf 87' lang='lat' dir='ltr'>luminibus</span> <span class='ocrx_word' id='word_1_95' title='bbox 1453 1555 1577 1609; x_wconf 89' lang='lat' dir='ltr'>suis</span> <span class='ocrx_word' id='word_1_96' title='bbox 1607 1553 1771 1625; x_wconf 87' lang='lat' dir='ltr'>alios)</span> <span class='ocrx_word' id='word_1_97' title='bbox 1799 1553 1946 1609; x_wconf 90' lang='lat' dir='ltr'>acci-</span> 
     </span>
    </p>
   </div>
   <div class='ocr_carea' id='block_1_17' title="bbox 302 1643 1948 1713">
    <p class='ocr_par' dir='ltr' id='par_1_17' title="bbox 302 1643 1948 1713">
     <span class='ocr_line' id='line_1_17' title="bbox 302 1643 1948 1713; baseline -0.004 -11"><span class='ocrx_word' id='word_1_98' title='bbox 302 1649 386 1703; x_wconf 91' lang='lat' dir='ltr'>dit</span> <span class='ocrx_word' id='word_1_99' title='bbox 417 1649 612 1703; x_wconf 88' lang='lat' dir='ltr'>animo</span> <span class='ocrx_word' id='word_1_100' title='bbox 637 1663 763 1702; x_wconf 92' lang='lat' dir='ltr'>meo</span> <span class='ocrx_word' id='word_1_101' title='bbox 790 1663 803 1713; x_wconf 91' lang='lat'><strong>;</strong></span> <span class='ocrx_word' id='word_1_102' title='bbox 838 1646 937 1701; x_wconf 91' lang='lat' dir='ltr'>sed</span> <span class='ocrx_word' id='word_1_103' title='bbox 963 1645 1136 1699; x_wconf 92' lang='lat' dir='ltr'>etiam</span> <span class='ocrx_word' id='word_1_104' title='bbox 1163 1643 1445 1713; x_wconf 90' lang='lat' dir='ltr'>voluptati</span> <span class='ocrx_word' id='word_1_105' title='bbox 1471 1644 1597 1712; x_wconf 83' lang='lat' dir='ltr'>fuit,</span> <span class='ocrx_word' id='word_1_106' title='bbox 1629 1643 1948 1713; x_wconf 65' lang='lat' dir='ltr'>praesertim</span> 
     </span>
    </p>
   </div>
   <div class='ocr_carea' id='block_1_18' title="bbox 300 1733 1948 1810">
    <p class='ocr_par' dir='ltr' id='par_1_18' title="bbox 300 1733 1948 1810">
     <span class='ocr_line' id='line_1_18' title="bbox 300 1733 1948 1810; baseline -0.004 -18"><span class='ocrx_word' id='word_1_107' title='bbox 300 1742 684 1810; x_wconf 85' lang='lat' dir='ltr'>posteaquam</span> <span class='ocrx_word' id='word_1_108' title='bbox 710 1737 969 1806; x_wconf 84' lang='lat' dir='ltr'>inspecto</span> <span class='ocrx_word' id='word_1_109' title='bbox 992 1734 1158 1802; x_wconf 88' lang='lat' dir='ltr'>libro,</span> <span class='ocrx_word' id='word_1_110' title='bbox 1179 1738 1234 1788; x_wconf 89' lang='lat' dir='ltr'>et</span> <span class='ocrx_word' id='word_1_111' title='bbox 1251 1733 1544 1803; x_wconf 88' lang='lat' dir='ltr'>eleganter</span> <span class='ocrx_word' id='word_1_112' title='bbox 1561 1733 1665 1787; x_wconf 87' lang='lat' dir='ltr'>abs</span> <span class='ocrx_word' id='word_1_113' title='bbox 1688 1738 1741 1787; x_wconf 92' lang='lat' dir='ltr'>te</span> <span class='ocrx_word' id='word_1_114' title='bbox 1762 1749 1948 1797; x_wconf 90' lang='lat' dir='ltr'>versa,</span> 
     </span>
    </p>
   </div>
   <div class='ocr_carea' id='block_1_19' title="bbox 301 1821 2031 1922">
    <p class='ocr_par' dir='ltr' id='par_1_19' title="bbox 301 1821 2031 1922">
     <span class='ocr_line' id='line_1_19' title="bbox 301 1821 2031 1922; baseline -0.005 -40"><span class='ocrx_word' id='word_1_115' title='bbox 301 1844 405 1883; x_wconf 86' lang='lat' dir='ltr'>nec</span> <span class='ocrx_word' id='word_1_116' title='bbox 467 1826 592 1881; x_wconf 90' lang='lat' dir='ltr'>sine</span> <span class='ocrx_word' id='word_1_117' title='bbox 644 1824 866 1896; x_wconf 89' lang='lat' dir='ltr'>judicio</span> <span class='ocrx_word' id='word_1_118' title='bbox 927 1822 1200 1894; x_wconf 90' lang='lat' dir='ltr'>pleraque</span> <span class='ocrx_word' id='word_1_119' title='bbox 1256 1821 1533 1876; x_wconf 86' lang='lat' dir='ltr'>viderem.</span> <span class='ocrx_word' id='word_1_120' title='bbox 1585 1824 1797 1875; x_wconf 90' lang='lat' dir='ltr'>Verum</span> <span class='ocrx_word' id='word_1_121' title='bbox 1850 1821 1949 1875; x_wconf 91' lang='lat' dir='ltr'>ubi</span> <span class='ocrx_word' id='word_1_122' title='bbox 1985 1859 2031 1922; x_wconf 80' lang='grc' dir='ltr'>Β</span> 
     </span>
    </p>
   </div>
   <div class='ocr_carea' id='block_1_20' title="bbox 298 1910 1949 1986">
    <p class='ocr_par' dir='ltr' id='par_1_20' title="bbox 298 1910 1949 1986">
     <span class='ocr_line' id='line_1_20' title="bbox 298 1910 1949 1986; baseline -0.004 -15"><span class='ocrx_word' id='word_1_123' title='bbox 298 1916 573 1986; x_wconf 89' lang='lat' dir='ltr'>deinceps</span> <span class='ocrx_word' id='word_1_124' title='bbox 607 1915 688 1969; x_wconf 46' lang='lat' dir='ltr'>ad»</span> <span class='ocrx_word' id='word_1_125' title='bbox 721 1918 822 1968; x_wconf 88' lang='lat' dir='ltr'>tua</span> <span class='ocrx_word' id='word_1_126' title='bbox 862 1912 1087 1967; x_wconf 87' lang='lat' dir='ltr'>collatis</span> <span class='ocrx_word' id='word_1_127' title='bbox 1139 1910 1230 1976; x_wconf 89' lang='lat' dir='ltr'>iis,</span> <span class='ocrx_word' id='word_1_128' title='bbox 1267 1927 1393 1982; x_wconf 73' lang='lat' dir='ltr'>quae</span> <span class='ocrx_word' id='word_1_129' title='bbox 1444 1910 1568 1980; x_wconf 90' lang='lat' dir='ltr'>ipse</span> <span class='ocrx_word' id='word_1_130' title='bbox 1600 1910 1857 1965; x_wconf 86' lang='lat' dir='ltr'>Latinam</span> <span class='ocrx_word' id='word_1_131' title='bbox 1892 1910 1949 1965; x_wconf 93' lang='lat' dir='ltr'>in</span> 
     </span>
    </p>
   </div>
   <div class='ocr_carea' id='block_1_21' title="bbox 300 1999 1952 2077">
    <p class='ocr_par' dir='ltr' id='par_1_21' title="bbox 300 1999 1952 2077">
     <span class='ocr_line' id='line_1_21' title="bbox 300 1999 1952 2077; baseline -0.004 -19"><span class='ocrx_word' id='word_1_132' title='bbox 300 2003 562 2077; x_wconf 87' lang='lat' dir='ltr'>linguam</span> <span class='ocrx_word' id='word_1_133' title='bbox 592 2001 1122 2073; x_wconf 88' lang='lat' dir='ltr'>transcripsissem,</span> <span class='ocrx_word' id='word_1_134' title='bbox 1164 1999 1225 2054; x_wconf 92' lang='lat' dir='ltr'>in</span> <span class='ocrx_word' id='word_1_135' title='bbox 1274 1999 1636 2054; x_wconf 86' lang='lat' dir='ltr'>orationibus</span> <span class='ocrx_word' id='word_1_136' title='bbox 1680 2017 1775 2053; x_wconf 70' lang='grc' dir='ltr'>χιι</span> <span class='ocrx_word' id='word_1_137' title='bbox 1806 2015 1952 2070; x_wconf 80' lang='lat' dir='ltr'>prae-</span> 
     </span>
    </p>
   </div>
   <div class='ocr_carea' id='block_1_22' title="bbox 301 2088 1954 2149">
    <p class='ocr_par' dir='ltr' id='par_1_22' title="bbox 301 2088 1954 2149">
     <span class='ocr_line' id='line_1_22' title="bbox 301 2088 1954 2149; baseline -0.004 0"><span class='ocrx_word' id='word_1_138' title='bbox 301 2093 452 2149; x_wconf 89' lang='lat' dir='ltr'>clare</span> <span class='ocrx_word' id='word_1_139' title='bbox 484 2093 556 2148; x_wconf 88' lang='lat' dir='ltr'>ab</span> <span class='ocrx_word' id='word_1_140' title='bbox 588 2090 710 2146; x_wconf 89' lang='lat' dir='ltr'>Elia</span> <span class='ocrx_word' id='word_1_141' title='bbox 739 2089 997 2145; x_wconf 88' lang='lat' dir='ltr'>Cretensi</span> <span class='ocrx_word' id='word_1_142' title='bbox 1030 2090 1316 2145; x_wconf 89' lang='lat' dir='ltr'>enarratis</span> <span class='ocrx_word' id='word_1_143' title='bbox 1357 2088 1541 2144; x_wconf 86' lang='lat' dir='ltr'>multa</span> <span class='ocrx_word' id='word_1_144' title='bbox 1572 2105 1706 2143; x_wconf 91' lang='lat' dir='ltr'>cum</span> <span class='ocrx_word' id='word_1_145' title='bbox 1748 2088 1819 2142; x_wconf 94' lang='lat' dir='ltr'>ob</span> <span class='ocrx_word' id='word_1_146' title='bbox 1852 2105 1954 2143; x_wconf 87' lang='lat' dir='ltr'>va-</span> 
     </span>
    </p>
   </div>
   <div class='ocr_carea' id='block_1_23' title="bbox 300 2176 1955 2248">
    <p class='ocr_par' dir='ltr' id='par_1_23' title="bbox 300 2176 1955 2248">
     <span class='ocr_line' id='line_1_23' title="bbox 300 2176 1955 2248; baseline -0.004 -10"><span class='ocrx_word' id='word_1_147' title='bbox 300 2184 417 2238; x_wconf 86' lang='lat' dir='ltr'>rias</span> <span class='ocrx_word' id='word_1_148' title='bbox 440 2187 776 2236; x_wconf 91' lang='lat' dir='ltr'>nostrorum</span> <span class='ocrx_word' id='word_1_149' title='bbox 797 2178 1062 2235; x_wconf 88' lang='lat' dir='ltr'>codicum</span> <span class='ocrx_word' id='word_1_150' title='bbox 1083 2177 1630 2248; x_wconf 88' lang='lat' dir='ltr'>antiquissimorum</span> <span class='ocrx_word' id='word_1_151' title='bbox 1650 2176 1955 2245; x_wconf 88' lang='lat' dir='ltr'>lectiones,</span> 
     </span>
    </p>
   </div>
   <div class='ocr_carea' id='block_1_24' title="bbox 301 2264 1956 2335">
    <p class='ocr_par' dir='ltr' id='par_1_24' title="bbox 301 2264 1956 2335">
     <span class='ocr_line' id='line_1_24' title="bbox 301 2264 1956 2335; baseline -0.005 -8"><span class='ocrx_word' id='word_1_152' title='bbox 301 2278 427 2327; x_wconf 90' lang='lat' dir='ltr'>tum</span> <span class='ocrx_word' id='word_1_153' title='bbox 477 2273 679 2327; x_wconf 89' lang='lat' dir='ltr'>acutas</span> <span class='ocrx_word' id='word_1_154' title='bbox 729 2269 1043 2324; x_wconf 88' lang='lat' dir='ltr'>admodum</span> <span class='ocrx_word' id='word_1_155' title='bbox 1120 2265 1257 2321; x_wconf 71' lang='lat' dir='ltr'>Elite</span> <span class='ocrx_word' id='word_1_156' title='bbox 1303 2265 1740 2332; x_wconf 89' lang='lat' dir='ltr'>declarationes,</span> <span class='ocrx_word' id='word_1_157' title='bbox 1785 2264 1956 2335; x_wconf 91' lang='lat' dir='ltr'>longe</span> 
     </span>
    </p>
   </div>
   <div class='ocr_carea' id='block_1_25' title="bbox 305 2353 1956 2427">
    <p class='ocr_par' dir='ltr' id='par_1_25' title="bbox 305 2353 1956 2427">
     <span class='ocr_line' id='line_1_25' title="bbox 305 2353 1956 2427; baseline -0.004 -12"><span class='ocrx_word' id='word_1_158' title='bbox 305 2360 474 2416; x_wconf 85' lang='lat' dir='ltr'>aliter</span> <span class='ocrx_word' id='word_1_159' title='bbox 505 2377 538 2414; x_wconf 93' lang='lat' dir='ltr'>a</span> <span class='ocrx_word' id='word_1_160' title='bbox 569 2374 661 2413; x_wconf 92' lang='lat' dir='ltr'>me</span> <span class='ocrx_word' id='word_1_161' title='bbox 691 2358 979 2424; x_wconf 86' lang='lat' dir='ltr'>traducta,</span> <span class='ocrx_word' id='word_1_162' title='bbox 1014 2373 1186 2427; x_wconf 89' lang='lat' dir='ltr'>quam</span> <span class='ocrx_word' id='word_1_163' title='bbox 1209 2355 1329 2411; x_wconf 89' lang='lat' dir='ltr'>tuis</span> <span class='ocrx_word' id='word_1_164' title='bbox 1359 2355 1414 2410; x_wconf 93' lang='lat' dir='ltr'>in</span> <span class='ocrx_word' id='word_1_165' title='bbox 1441 2353 1606 2410; x_wconf 89' lang='lat' dir='ltr'>libris</span> <span class='ocrx_word' id='word_1_166' title='bbox 1627 2355 1956 2426; x_wconf 87' lang='lat' dir='ltr'>reperiren-</span> 
     </span>
    </p>
   </div>
   <div class='ocr_carea' id='block_1_26' title="bbox 305 2443 1958 2517">
    <p class='ocr_par' dir='ltr' id='par_1_26' title="bbox 305 2443 1958 2517">
     <span class='ocr_line' id='line_1_26' title="bbox 305 2443 1958 2517; baseline -0.004 -12"><span class='ocrx_word' id='word_1_167' title='bbox 305 2456 424 2517; x_wconf 87' lang='lat' dir='ltr'>tur,</span> <span class='ocrx_word' id='word_1_168' title='bbox 457 2449 1022 2504; x_wconf 88' lang='lat' dir='ltr'>animadverterem:</span> <span class='ocrx_word' id='word_1_169' title='bbox 1067 2445 1310 2501; x_wconf 88' lang='lat' dir='ltr'>minime</span> <span class='ocrx_word' id='word_1_170' title='bbox 1342 2444 1445 2500; x_wconf 91' lang='lat' dir='ltr'>tibi</span> <span class='ocrx_word' id='word_1_171' title='bbox 1496 2443 1806 2499; x_wconf 88' lang='lat' dir='ltr'>molestum</span> <span class='ocrx_word' id='word_1_172' title='bbox 1841 2444 1958 2499; x_wconf 86' lang='lat' dir='ltr'>fore</span> 
     </span>
    </p>
   </div>
   <div class='ocr_carea' id='block_1_27' title="bbox 309 2534 1962 2611">
    <p class='ocr_par' dir='ltr' id='par_1_27' title="bbox 309 2534 1962 2611">
     <span class='ocr_line' id='line_1_27' title="bbox 309 2534 1962 2611; baseline -0.005 -16"><span class='ocrx_word' id='word_1_173' title='bbox 309 2540 620 2611; x_wconf 90' lang='lat' dir='ltr'>putabam,</span> <span class='ocrx_word' id='word_1_174' title='bbox 649 2537 699 2592; x_wconf 88' lang='lat' dir='ltr'>si</span> <span class='ocrx_word' id='word_1_175' title='bbox 748 2536 856 2592; x_wconf 90' lang='lat' dir='ltr'>hac</span> <span class='ocrx_word' id='word_1_176' title='bbox 887 2536 1122 2608; x_wconf 88' lang='lat' dir='ltr'>quidem</span> <span class='ocrx_word' id='word_1_177' title='bbox 1174 2535 1234 2589; x_wconf 91' lang='lat' dir='ltr'>in</span> <span class='ocrx_word' id='word_1_178' title='bbox 1266 2539 1428 2605; x_wconf 90' lang='lat' dir='ltr'>parte</span> <span class='ocrx_word' id='word_1_179' title='bbox 1467 2550 1568 2605; x_wconf 92' lang='lat' dir='ltr'>pro</span> <span class='ocrx_word' id='word_1_180' title='bbox 1614 2534 1732 2588; x_wconf 90' lang='lat' dir='ltr'>tuis</span> <span class='ocrx_word' id='word_1_181' title='bbox 1760 2537 1962 2588; x_wconf 88' lang='lat' dir='ltr'>nostra</span> 
     </span>
    </p>
   </div>
   <div class='ocr_carea' id='block_1_28' title="bbox 307 2624 1962 2694">
    <p class='ocr_par' dir='ltr' id='par_1_28' title="bbox 307 2624 1962 2694">
     <span class='ocr_line' id='line_1_28' title="bbox 307 2624 1962 2694; baseline -0.002 -11"><span class='ocrx_word' id='word_1_182' title='bbox 307 2645 440 2684; x_wconf 91' lang='lat' dir='ltr'>cum</span> <span class='ocrx_word' id='word_1_183' title='bbox 475 2625 692 2682; x_wconf 88' lang='lat' dir='ltr'>Elianis</span> <span class='ocrx_word' id='word_1_184' title='bbox 744 2624 1182 2681; x_wconf 90' lang='lat' dir='ltr'>commentariis</span> <span class='ocrx_word' id='word_1_185' title='bbox 1232 2624 1542 2694; x_wconf 90' lang='lat' dir='ltr'>conjuncta</span> <span class='ocrx_word' id='word_1_186' title='bbox 1582 2638 1962 2694; x_wconf 89' lang='lat' dir='ltr'>reponerem:</span> 
     </span>
    </p>
   </div>
   <div class='ocr_carea' id='block_1_29' title="bbox 309 2713 1958 2786">
    <p class='ocr_par' dir='ltr' id='par_1_29' title="bbox 309 2713 1958 2786">
     <span class='ocr_line' id='line_1_29' title="bbox 309 2713 1958 2786; baseline -0.004 -13"><span class='ocrx_word' id='word_1_187' title='bbox 309 2722 516 2773; x_wconf 83' lang='lat' dir='ltr'>caetera</span> <span class='ocrx_word' id='word_1_188' title='bbox 565 2732 721 2784; x_wconf 91' lang='lat' dir='ltr'>vero,</span> <span class='ocrx_word' id='word_1_189' title='bbox 776 2732 903 2786; x_wconf 69' lang='lat' dir='ltr'>quas</span> <span class='ocrx_word' id='word_1_190' title='bbox 955 2714 1167 2786; x_wconf 88' lang='lat' dir='ltr'>partim</span> <span class='ocrx_word' id='word_1_191' title='bbox 1219 2713 1428 2768; x_wconf 71' lang='lat' dir='ltr'>Nicetm</span> <span class='ocrx_word' id='word_1_192' title='bbox 1486 2713 1722 2783; x_wconf 88' lang='lat' dir='ltr'>adjutus</span> <span class='ocrx_word' id='word_1_193' title='bbox 1764 2729 1958 2784; x_wconf 89' lang='lat' dir='ltr'>opera,</span> 
     </span>
    </p>
   </div>
   <div class='ocr_carea' id='block_1_30' title="bbox 308 2799 1962 2878">
    <p class='ocr_par' dir='ltr' id='par_1_30' title="bbox 308 2799 1962 2878">
     <span class='ocr_line' id='line_1_30' title="bbox 308 2799 1962 2878; baseline -0.004 -16"><span class='ocrx_word' id='word_1_194' title='bbox 308 2807 524 2878; x_wconf 89' lang='lat' dir='ltr'>partim</span> <span class='ocrx_word' id='word_1_195' title='bbox 561 2821 662 2876; x_wconf 89' lang='lat' dir='ltr'>per</span> <span class='ocrx_word' id='word_1_196' title='bbox 693 2809 748 2858; x_wconf 90' lang='lat' dir='ltr'>te</span> <span class='ocrx_word' id='word_1_197' title='bbox 779 2803 1023 2858; x_wconf 83' lang='lat' dir='ltr'>feliciter</span> <span class='ocrx_word' id='word_1_198' title='bbox 1053 2819 1118 2858; x_wconf 91' lang='lat' dir='ltr'>ac</span> <span class='ocrx_word' id='word_1_199' title='bbox 1149 2803 1410 2858; x_wconf 88' lang='lat' dir='ltr'>studiose</span> <span class='ocrx_word' id='word_1_200' title='bbox 1439 2801 1870 2868; x_wconf 88' lang='lat' dir='ltr'>transtulisses,</span> <span class='ocrx_word' id='word_1_201' title='bbox 1901 2799 1962 2856; x_wconf 90' lang='lat' dir='ltr'>in</span> 
     </span>
    </p>
   </div>
   <div class='ocr_carea' id='block_1_31' title="bbox 313 2890 1965 2961">
    <p class='ocr_par' dir='ltr' id='par_1_31' title="bbox 313 2890 1965 2961">
     <span class='ocr_line' id='line_1_31' title="bbox 313 2890 1965 2961; baseline -0.004 -10"><span class='ocrx_word' id='word_1_202' title='bbox 313 2896 565 2951; x_wconf 89' lang='lat' dir='ltr'>editione</span> <span class='ocrx_word' id='word_1_203' title='bbox 597 2893 946 2951; x_wconf 85' lang='lat' dir='ltr'>Nazianzeni</span> <span class='ocrx_word' id='word_1_204' title='bbox 982 2895 1182 2946; x_wconf 87' lang='lat' dir='ltr'>nostra</span> <span class='ocrx_word' id='word_1_205' title='bbox 1211 2907 1450 2961; x_wconf 90' lang='lat' dir='ltr'>prorsus</span> <span class='ocrx_word' id='word_1_206' title='bbox 1483 2890 1564 2944; x_wconf 90' lang='lat' dir='ltr'>uti</span> <span class='ocrx_word' id='word_1_207' title='bbox 1593 2891 1697 2944; x_wconf 88' lang='lat' dir='ltr'>abs</span> <span class='ocrx_word' id='word_1_208' title='bbox 1726 2894 1782 2944; x_wconf 89' lang='lat' dir='ltr'>te</span> <span class='ocrx_word' id='word_1_209' title='bbox 1814 2892 1965 2944; x_wconf 75' lang='lat' dir='ltr'>facta</span> 
     </span>
    </p>
   </div>
   <div class='ocr_carea' id='block_1_32' title="bbox 319 2979 1964 3050">
    <p class='ocr_par' dir='ltr' id='par_1_32' title="bbox 319 2979 1964 3050">
     <span class='ocr_line' id='line_1_32' title="bbox 319 2979 1964 3050; baseline -0.003 -14"><span class='ocrx_word' id='word_1_210' title='bbox 319 2985 589 3044; x_wconf 84' lang='lat' dir='ltr'>fuissent,</span> <span class='ocrx_word' id='word_1_211' title='bbox 605 2982 934 3035; x_wconf 87' lang='lat' dir='ltr'>retinerem.</span> <span class='ocrx_word' id='word_1_212' title='bbox 958 2982 1148 3050; x_wconf 87' lang='lat' dir='ltr'>Atque</span> <span class='ocrx_word' id='word_1_213' title='bbox 1171 2980 1279 3034; x_wconf 93' lang='lat' dir='ltr'>hoc</span> <span class='ocrx_word' id='word_1_214' title='bbox 1303 2980 1538 3049; x_wconf 91' lang='lat' dir='ltr'>quidem</span> <span class='ocrx_word' id='word_1_215' title='bbox 1564 2979 1709 3032; x_wconf 90' lang='lat' dir='ltr'>citra</span> <span class='ocrx_word' id='word_1_216' title='bbox 1730 2994 1964 3032; x_wconf 90' lang='lat' dir='ltr'>omnem</span> 
     </span>
    </p>
   </div>
   <div class='ocr_carea' id='block_1_33' title="bbox 323 3065 1964 3139">
    <p class='ocr_par' dir='ltr' id='par_1_33' title="bbox 323 3065 1964 3139">
     <span class='ocr_line' id='line_1_33' title="bbox 323 3065 1964 3139; baseline -0.003 -14"><span class='ocrx_word' id='word_1_217' title='bbox 323 3070 600 3125; x_wconf 88' lang='lat' dir='ltr'>invidiam</span> <span class='ocrx_word' id='word_1_218' title='bbox 631 3086 690 3124; x_wconf 90' lang='lat' dir='ltr'>eo</span> <span class='ocrx_word' id='word_1_219' title='bbox 714 3069 838 3124; x_wconf 80' lang='lat' dir='ltr'>fieri</span> <span class='ocrx_word' id='word_1_220' title='bbox 875 3086 907 3124; x_wconf 89' lang='lat' dir='ltr'>a</span> <span class='ocrx_word' id='word_1_221' title='bbox 932 3085 1023 3123; x_wconf 91' lang='lat' dir='ltr'>me</span> <span class='ocrx_word' id='word_1_222' title='bbox 1055 3083 1225 3139; x_wconf 87' lang='lat' dir='ltr'>posse</span> <span class='ocrx_word' id='word_1_223' title='bbox 1248 3067 1637 3122; x_wconf 83' lang='lat' dir='ltr'>conﬁdentius</span> <span class='ocrx_word' id='word_1_224' title='bbox 1669 3065 1964 3121; x_wconf 83' lang='lat' dir='ltr'>existima-</span> 
     </span>
    </p>
   </div>
   <div class='ocr_carea' id='block_1_34' title="bbox 323 3155 1968 3230">
    <p class='ocr_par' dir='ltr' id='par_1_34' title="bbox 323 3155 1968 3230">
     <span class='ocr_line' id='line_1_34' title="bbox 323 3155 1968 3230; baseline -0.003 -15"><span class='ocrx_word' id='word_1_225' title='bbox 323 3161 478 3226; x_wconf 87' lang='lat' dir='ltr'>bam,</span> <span class='ocrx_word' id='word_1_226' title='bbox 514 3159 663 3230; x_wconf 90' lang='lat' dir='ltr'>quod</span> <span class='ocrx_word' id='word_1_227' title='bbox 697 3157 1122 3228; x_wconf 90' lang='lat' dir='ltr'>nonnullajam</span> <span class='ocrx_word' id='word_1_228' title='bbox 1154 3155 1497 3214; x_wconf 89' lang='lat' dir='ltr'>Nazianzeni</span> <span class='ocrx_word' id='word_1_229' title='bbox 1523 3156 1741 3226; x_wconf 89' lang='lat' dir='ltr'>scripta</span> <span class='ocrx_word' id='word_1_230' title='bbox 1761 3159 1968 3210; x_wconf 89' lang='lat' dir='ltr'>nactus</span> 
     </span>
    </p>
   </div>
   <div class='ocr_carea' id='block_1_35' title="bbox 320 3227 2048 3319">
    <p class='ocr_par' dir='ltr' id='par_1_35' title="bbox 320 3227 2048 3319">
     <span class='ocr_line' id='line_1_35' title="bbox 320 3227 2048 3319; baseline -0.006 -14"><span class='ocrx_word' id='word_1_231' title='bbox 320 3265 528 3318; x_wconf 78' lang='lat' dir='ltr'>essem,</span> <span class='ocrx_word' id='word_1_232' title='bbox 561 3248 775 3319; x_wconf 89' lang='lat' dir='ltr'>quibus</span> <span class='ocrx_word' id='word_1_233' title='bbox 809 3263 1116 3318; x_wconf 90' lang='lat' dir='ltr'>nunquam</span> <span class='ocrx_word' id='word_1_234' title='bbox 1147 3246 1432 3301; x_wconf 90' lang='lat' dir='ltr'>hactenus</span> <span class='ocrx_word' id='word_1_235' title='bbox 1463 3250 1663 3300; x_wconf 90' lang='lat' dir='ltr'>nostra</span> <span class='ocrx_word' id='word_1_236' title='bbox 1692 3260 1832 3300; x_wconf 89' lang='lat' dir='ltr'>sane</span> <span class='ocrx_word' id='word_1_237' title='bbox 1862 3260 1976 3299; x_wconf 90' lang='lat' dir='ltr'>me-</span> <span class='ocrx_word' id='word_1_238' title='bbox 2007 3227 2048 3294; x_wconf 85' lang='lat' dir='ltr'>C</span> 
     </span>
    </p>
   </div>
   <div class='ocr_carea' id='block_1_36' title="bbox 2044 573 3689 649">
    <p class='ocr_par' dir='ltr' id='par_1_36' title="bbox 2044 573 3689 649">
     <span class='ocr_line' id='line_1_36' title="bbox 2044 573 3689 649; baseline 0.003 -21"><span class='ocrx_word' id='word_1_239' title='bbox 2044 573 2385 645; x_wconf 87' lang='lat' dir='ltr'>pretationis</span> <span class='ocrx_word' id='word_1_240' title='bbox 2415 573 2587 628; x_wconf 90' lang='lat' dir='ltr'>amici</span> <span class='ocrx_word' id='word_1_241' title='bbox 2612 574 2975 643; x_wconf 89' lang='lat' dir='ltr'>judicabant,</span> <span class='ocrx_word' id='word_1_242' title='bbox 3010 591 3186 646; x_wconf 88' lang='lat' dir='ltr'>quam</span> <span class='ocrx_word' id='word_1_243' title='bbox 3220 575 3267 631; x_wconf 91' lang='lat' dir='ltr'>si</span> <span class='ocrx_word' id='word_1_244' title='bbox 3299 577 3402 632; x_wconf 93' lang='lat' dir='ltr'>abs</span> <span class='ocrx_word' id='word_1_245' title='bbox 3435 595 3494 632; x_wconf 91' lang='lat' dir='ltr'>re</span> <span class='ocrx_word' id='word_1_246' title='bbox 3526 579 3689 649; x_wconf 89' lang='lat' dir='ltr'>prius</span> 
     </span>
    </p>
   </div>
   <div class='ocr_carea' id='block_1_37' title="bbox 2044 662 3692 740">
    <p class='ocr_par' dir='ltr' id='par_1_37' title="bbox 2044 662 3692 740">
     <span class='ocr_line' id='line_1_37' title="bbox 2044 662 3692 740; baseline 0.005 -24"><span class='ocrx_word' id='word_1_247' title='bbox 2044 662 2339 717; x_wconf 89' lang='lat' dir='ltr'>elaborata</span> <span class='ocrx_word' id='word_1_248' title='bbox 2369 665 2534 732; x_wconf 90' lang='lat' dir='ltr'>quasi</span> <span class='ocrx_word' id='word_1_249' title='bbox 2561 667 2974 718; x_wconf 84' lang='lat' dir='ltr'>retexerentur.</span> <span class='ocrx_word' id='word_1_250' title='bbox 3001 666 3306 720; x_wconf 88' lang='lat' dir='ltr'>Accessere</span> <span class='ocrx_word' id='word_1_251' title='bbox 3338 667 3611 740; x_wconf 90' lang='lat' dir='ltr'>deinceps</span> <span class='ocrx_word' id='word_1_252' title='bbox 3637 674 3692 724; x_wconf 87' lang='lat' dir='ltr'>et</span> 
     </span>
    </p>
   </div>
   <div class='ocr_carea' id='block_1_38' title="bbox 2045 751 3693 825">
    <p class='ocr_par' dir='ltr' id='par_1_38' title="bbox 2045 751 3693 825">
     <span class='ocr_line' id='line_1_38' title="bbox 2045 751 3693 825; baseline 0.005 -20"><span class='ocrx_word' id='word_1_253' title='bbox 2045 751 2159 806; x_wconf 89' lang='lat' dir='ltr'>alia</span> <span class='ocrx_word' id='word_1_254' title='bbox 2188 753 2476 823; x_wconf 67' lang='lat' dir='ltr'>quaedam,</span> <span class='ocrx_word' id='word_1_255' title='bbox 2513 751 2646 806; x_wconf 90' lang='lat' dir='ltr'>hinc</span> <span class='ocrx_word' id='word_1_256' title='bbox 2677 753 2811 807; x_wconf 91' lang='lat' dir='ltr'>inde</span> <span class='ocrx_word' id='word_1_257' title='bbox 2853 757 3130 825; x_wconf 86' lang='lat' dir='ltr'>congesta</span> <span class='ocrx_word' id='word_1_258' title='bbox 3159 755 3371 825; x_wconf 87' lang='lat' dir='ltr'>partim</span> <span class='ocrx_word' id='word_1_259' title='bbox 3401 757 3693 814; x_wconf 88' lang='lat' dir='ltr'>industria</span> 
     </span>
    </p>
   </div>
   <div class='ocr_carea' id='block_1_39' title="bbox 2047 841 3692 919">
    <p class='ocr_par' dir='ltr' id='par_1_39' title="bbox 2047 841 3692 919">
     <span class='ocr_line' id='line_1_39' title="bbox 2047 841 3692 919; baseline 0.005 -25"><span class='ocrx_word' id='word_1_260' title='bbox 2047 845 2266 908; x_wconf 88' lang='lat' dir='ltr'>nostra,</span> <span class='ocrx_word' id='word_1_261' title='bbox 2313 841 2525 911; x_wconf 88' lang='lat' dir='ltr'>partim</span> <span class='ocrx_word' id='word_1_262' title='bbox 2577 841 2898 896; x_wconf 83' lang='lat' dir='ltr'>amicorum</span> <span class='ocrx_word' id='word_1_263' title='bbox 2949 859 3076 914; x_wconf 87' lang='lat' dir='ltr'>ope,</span> <span class='ocrx_word' id='word_1_264' title='bbox 3128 860 3253 914; x_wconf 72' lang='lat' dir='ltr'>quae</span> <span class='ocrx_word' id='word_1_265' title='bbox 3302 845 3430 918; x_wconf 89' lang='lat' dir='ltr'>ipsa</span> <span class='ocrx_word' id='word_1_266' title='bbox 3460 864 3692 919; x_wconf 92' lang='lat' dir='ltr'>quoque</span> 
     </span>
    </p>
   </div>
   <div class='ocr_carea' id='block_1_40' title="bbox 2049 929 3692 1002">
    <p class='ocr_par' dir='ltr' id='par_1_40' title="bbox 2049 929 3692 1002">
     <span class='ocr_line' id='line_1_40' title="bbox 2049 929 3692 1002; baseline 0.005 -18"><span class='ocrx_word' id='word_1_267' title='bbox 2049 946 2182 984; x_wconf 93' lang='lat' dir='ltr'>cum</span> <span class='ocrx_word' id='word_1_268' title='bbox 2213 930 2574 985; x_wconf 89' lang='lat' dir='ltr'>Nazianzeno</span> <span class='ocrx_word' id='word_1_269' title='bbox 2623 930 2680 984; x_wconf 90' lang='lat' dir='ltr'>in</span> <span class='ocrx_word' id='word_1_270' title='bbox 2733 929 2922 985; x_wconf 89' lang='lat' dir='ltr'>lucem</span> <span class='ocrx_word' id='word_1_271' title='bbox 2976 933 3322 1002; x_wconf 85' lang='lat' dir='ltr'>proferenda</span> <span class='ocrx_word' id='word_1_272' title='bbox 3365 938 3692 993; x_wconf 90' lang='lat' dir='ltr'>necessario</span> 
     </span>
    </p>
   </div>
   <div class='ocr_carea' id='block_1_41' title="bbox 2047 1019 3694 1091">
    <p class='ocr_par' dir='ltr' id='par_1_41' title="bbox 2047 1019 3694 1091">
     <span class='ocr_line' id='line_1_41' title="bbox 2047 1019 3694 1091; baseline 0.006 -19"><span class='ocrx_word' id='word_1_273' title='bbox 2047 1019 2401 1074; x_wconf 89' lang='lat' dir='ltr'>viderentur.</span> <span class='ocrx_word' id='word_1_274' title='bbox 2435 1020 2498 1073; x_wconf 90' lang='lat' dir='ltr'>In</span> <span class='ocrx_word' id='word_1_275' title='bbox 2548 1036 2661 1090; x_wconf 94' lang='lat' dir='ltr'>quo</span> <span class='ocrx_word' id='word_1_276' title='bbox 2701 1036 2911 1091; x_wconf 88' lang='lat' dir='ltr'>genere</span> <span class='ocrx_word' id='word_1_277' title='bbox 2956 1019 3164 1076; x_wconf 64' lang='lat' dir='ltr'>Nicetes</span> <span class='ocrx_word' id='word_1_278' title='bbox 3206 1027 3694 1083; x_wconf 89' lang='lat' dir='ltr'>commentarium</span> 
     </span>
    </p>
   </div>
   <div class='ocr_carea' id='block_1_42' title="bbox 2050 1108 3697 1182">
    <p class='ocr_par' dir='ltr' id='par_1_42' title="bbox 2050 1108 3697 1182">
     <span class='ocr_line' id='line_1_42' title="bbox 2050 1108 3697 1182; baseline 0.005 -20"><span class='ocrx_word' id='word_1_279' title='bbox 2050 1108 2110 1162; x_wconf 92' lang='lat' dir='ltr'>in</span> <span class='ocrx_word' id='word_1_280' title='bbox 2143 1109 2457 1163; x_wconf 87' lang='lat' dir='ltr'>sententias</span> <span class='ocrx_word' id='word_1_281' title='bbox 2487 1113 2604 1163; x_wconf 88' lang='lat' dir='ltr'>tam</span> <span class='ocrx_word' id='word_1_282' title='bbox 2638 1108 2886 1180; x_wconf 89' lang='lat' dir='ltr'>singulis</span> <span class='ocrx_word' id='word_1_283' title='bbox 2906 1126 3082 1180; x_wconf 89' lang='lat' dir='ltr'>quam</span> <span class='ocrx_word' id='word_1_284' title='bbox 3105 1114 3408 1182; x_wconf 90' lang='lat' dir='ltr'>quaternis</span> <span class='ocrx_word' id='word_1_285' title='bbox 3437 1115 3697 1171; x_wconf 91' lang='lat' dir='ltr'>inclusas</span> 
     </span>
    </p>
   </div>
   <div class='ocr_carea' id='block_1_43' title="bbox 2049 1196 3700 1263">
    <p class='ocr_par' dir='ltr' id='par_1_43' title="bbox 2049 1196 3700 1263">
     <span class='ocr_line' id='line_1_43' title="bbox 2049 1196 3700 1263; baseline 0.006 -12"><span class='ocrx_word' id='word_1_286' title='bbox 2049 1197 2339 1263; x_wconf 90' lang='lat' dir='ltr'>versibus,</span> <span class='ocrx_word' id='word_1_287' title='bbox 2373 1196 2543 1253; x_wconf 90' lang='lat' dir='ltr'>Pselli</span> <span class='ocrx_word' id='word_1_288' title='bbox 2593 1198 2664 1252; x_wconf 93' lang='lat' dir='ltr'>de</span> <span class='ocrx_word' id='word_1_289' title='bbox 2695 1198 3020 1254; x_wconf 83' lang='lat' dir='ltr'>difﬁcilium</span> <span class='ocrx_word' id='word_1_290' title='bbox 3066 1200 3408 1258; x_wconf 90' lang='lat' dir='ltr'>Nazianzeni</span> <span class='ocrx_word' id='word_1_291' title='bbox 3438 1204 3700 1261; x_wconf 91' lang='lat' dir='ltr'>locorum</span> 
     </span>
    </p>
   </div>
   <div class='ocr_carea' id='block_1_44' title="bbox 2055 1285 3702 1360">
    <p class='ocr_par' dir='ltr' id='par_1_44' title="bbox 2055 1285 3702 1360">
     <span class='ocr_line' id='line_1_44' title="bbox 2055 1285 3702 1360; baseline 0.006 -20"><span class='ocrx_word' id='word_1_292' title='bbox 2055 1285 2351 1340; x_wconf 90' lang='lat' dir='ltr'>intellectu</span> <span class='ocrx_word' id='word_1_293' title='bbox 2385 1285 2622 1352; x_wconf 92' lang='lat' dir='ltr'>librum,</span> <span class='ocrx_word' id='word_1_294' title='bbox 2657 1285 2887 1341; x_wconf 71' lang='lat' dir='ltr'>Caesarii</span> <span class='ocrx_word' id='word_1_295' title='bbox 2921 1290 3179 1360; x_wconf 88' lang='lat' dir='ltr'>germani</span> <span class='ocrx_word' id='word_1_296' title='bbox 3213 1291 3558 1348; x_wconf 86' lang='lat' dir='ltr'>Nazianzeni</span> <span class='ocrx_word' id='word_1_297' title='bbox 3591 1295 3702 1350; x_wconf 87' lang='lat' dir='ltr'>fra-</span> 
     </span>
    </p>
   </div>
   <div class='ocr_carea' id='block_1_45' title="bbox 2055 1373 3701 1446">
    <p class='ocr_par' dir='ltr' id='par_1_45' title="bbox 2055 1373 3701 1446">
     <span class='ocr_line' id='line_1_45' title="bbox 2055 1373 3701 1446; baseline 0.007 -18"><span class='ocrx_word' id='word_1_298' title='bbox 2055 1375 2162 1429; x_wconf 90' lang='lat' dir='ltr'>tris</span> <span class='ocrx_word' id='word_1_299' title='bbox 2184 1373 2444 1446; x_wconf 88' lang='lat' dir='ltr'>dialogos</span> <span class='ocrx_word' id='word_1_300' title='bbox 2473 1392 2544 1441; x_wconf 84' lang='lat' dir='ltr'>1V,</span> <span class='ocrx_word' id='word_1_301' title='bbox 2569 1380 2726 1431; x_wconf 90' lang='lat' dir='ltr'>tomo</span> <span class='ocrx_word' id='word_1_302' title='bbox 2745 1376 2910 1432; x_wconf 90' lang='lat' dir='ltr'>tertio</span> <span class='ocrx_word' id='word_1_303' title='bbox 2930 1377 3334 1436; x_wconf 82' lang='lat' dir='ltr'>exhibebimus</span> <span class='ocrx_word' id='word_1_304' title='bbox 3357 1399 3368 1435; x_wconf 91' lang='lat'><strong>:</strong></span> <span class='ocrx_word' id='word_1_305' title='bbox 3398 1390 3462 1437; x_wconf 88' lang='lat' dir='ltr'>ut</span> <span class='ocrx_word' id='word_1_306' title='bbox 3478 1388 3701 1439; x_wconf 81' lang='lat' dir='ltr'>taceam</span> 
     </span>
    </p>
   </div>
   <div class='ocr_carea' id='block_1_46' title="bbox 2057 1464 3703 1543">
    <p class='ocr_par' dir='ltr' id='par_1_46' title="bbox 2057 1464 3703 1543">
     <span class='ocr_line' id='line_1_46' title="bbox 2057 1464 3703 1543; baseline 0.007 -26"><span class='ocrx_word' id='word_1_307' title='bbox 2057 1464 2127 1519; x_wconf 93' lang='lat' dir='ltr'>de</span> <span class='ocrx_word' id='word_1_308' title='bbox 2159 1465 2478 1519; x_wconf 88' lang='lat' dir='ltr'>multorum</span> <span class='ocrx_word' id='word_1_309' title='bbox 2531 1467 2788 1522; x_wconf 90' lang='lat' dir='ltr'>locorum</span> <span class='ocrx_word' id='word_1_310' title='bbox 2841 1468 3331 1539; x_wconf 86' lang='lat' dir='ltr'>restitutionibus,</span> <span class='ocrx_word' id='word_1_311' title='bbox 3380 1489 3504 1543; x_wconf 69' lang='lat' dir='ltr'>quae</span> <span class='ocrx_word' id='word_1_312' title='bbox 3537 1474 3703 1530; x_wconf 90' lang='lat' dir='ltr'>libris</span> 
     </span>
    </p>
   </div>
   <div class='ocr_carea' id='block_1_47' title="bbox 2059 1553 3704 1624">
    <p class='ocr_par' dir='ltr' id='par_1_47' title="bbox 2059 1553 3704 1624">
     <span class='ocr_line' id='line_1_47' title="bbox 2059 1553 3704 1624; baseline 0.007 -16"><span class='ocrx_word' id='word_1_313' title='bbox 2059 1553 2282 1624; x_wconf 89' lang='lat' dir='ltr'>aliquot</span> <span class='ocrx_word' id='word_1_314' title='bbox 2309 1555 2647 1608; x_wconf 79' lang='lat' dir='ltr'>venerandae</span> <span class='ocrx_word' id='word_1_315' title='bbox 2695 1557 2997 1610; x_wconf 88' lang='lat' dir='ltr'>vetustatis</span> <span class='ocrx_word' id='word_1_316' title='bbox 3041 1559 3236 1613; x_wconf 91' lang='lat' dir='ltr'>studio</span> <span class='ocrx_word' id='word_1_317' title='bbox 3285 1567 3482 1616; x_wconf 90' lang='lat' dir='ltr'>nostro</span> <span class='ocrx_word' id='word_1_318' title='bbox 3531 1563 3704 1619; x_wconf 91' lang='lat' dir='ltr'>colle-</span> 
     </span>
    </p>
   </div>
   <div class='ocr_carea' id='block_1_48' title="bbox 2060 1643 3703 1720">
    <p class='ocr_par' dir='ltr' id='par_1_48' title="bbox 2060 1643 3703 1720">
     <span class='ocr_line' id='line_1_48' title="bbox 2060 1643 3703 1720; baseline 0.006 -23"><span class='ocrx_word' id='word_1_319' title='bbox 2060 1643 2168 1698; x_wconf 88' lang='lat' dir='ltr'>ctis</span> <span class='ocrx_word' id='word_1_320' title='bbox 2199 1647 2255 1697; x_wconf 91' lang='lat' dir='ltr'>et</span> <span class='ocrx_word' id='word_1_321' title='bbox 2288 1643 2514 1697; x_wconf 86' lang='lat' dir='ltr'>collatis</span> <span class='ocrx_word' id='word_1_322' title='bbox 2543 1645 2845 1699; x_wconf 89' lang='lat' dir='ltr'>debentur.</span> <span class='ocrx_word' id='word_1_323' title='bbox 2872 1649 3230 1718; x_wconf 88' lang='lat' dir='ltr'>Quapropter</span> <span class='ocrx_word' id='word_1_324' title='bbox 3255 1652 3524 1720; x_wconf 86' lang='lat' dir='ltr'>equidem</span> <span class='ocrx_word' id='word_1_325' title='bbox 3560 1653 3703 1707; x_wconf 89' lang='lat' dir='ltr'>mihi</span> 
     </span>
    </p>
   </div>
   <div class='ocr_carea' id='block_1_49' title="bbox 2063 1731 3704 1810">
    <p class='ocr_par' dir='ltr' id='par_1_49' title="bbox 2063 1731 3704 1810">
     <span class='ocr_line' id='line_1_49' title="bbox 2063 1731 3704 1810; baseline 0.007 -24"><span class='ocrx_word' id='word_1_326' title='bbox 2063 1731 2355 1803; x_wconf 84' lang='lat' dir='ltr'>polliceor,</span> <span class='ocrx_word' id='word_1_327' title='bbox 2389 1736 2443 1786; x_wconf 86' lang='lat' dir='ltr'>te</span> <span class='ocrx_word' id='word_1_328' title='bbox 2471 1733 2659 1786; x_wconf 88' lang='lat' dir='ltr'>virum</span> <span class='ocrx_word' id='word_1_329' title='bbox 2685 1735 3004 1804; x_wconf 88' lang='lat' dir='ltr'>sapientem</span> <span class='ocrx_word' id='word_1_330' title='bbox 3034 1754 3098 1791; x_wconf 91' lang='lat' dir='ltr'>ac</span> <span class='ocrx_word' id='word_1_331' title='bbox 3128 1739 3388 1805; x_wconf 89' lang='lat' dir='ltr'>doctum,</span> <span class='ocrx_word' id='word_1_332' title='bbox 3423 1741 3704 1810; x_wconf 86' lang='lat' dir='ltr'>optimam</span> 
     </span>
    </p>
   </div>
   <div class='ocr_carea' id='block_1_50' title="bbox 2062 1821 3710 1898">
    <p class='ocr_par' dir='ltr' id='par_1_50' title="bbox 2062 1821 3710 1898">
     <span class='ocr_line' id='line_1_50' title="bbox 2062 1821 3710 1898; baseline 0.008 -25"><span class='ocrx_word' id='word_1_333' title='bbox 2062 1821 2121 1873; x_wconf 92' lang='lat' dir='ltr'>in</span> <span class='ocrx_word' id='word_1_334' title='bbox 2155 1824 2377 1891; x_wconf 86' lang='lat' dir='ltr'>partem</span> <span class='ocrx_word' id='word_1_335' title='bbox 2410 1821 2716 1876; x_wconf 86' lang='lat' dir='ltr'>consilium</span> <span class='ocrx_word' id='word_1_336' title='bbox 2748 1828 3010 1878; x_wconf 89' lang='lat' dir='ltr'>nostrum</span> <span class='ocrx_word' id='word_1_337' title='bbox 3042 1825 3582 1898; x_wconf 87' lang='lat' dir='ltr'>interpretaturum.</span> <span class='ocrx_word' id='word_1_338' title='bbox 3613 1837 3710 1886; x_wconf 88' lang='lat' dir='ltr'>De-</span> 
     </span>
    </p>
   </div>
   <div class='ocr_carea' id='block_1_51' title="bbox 2064 1908 3709 1990">
    <p class='ocr_par' dir='ltr' id='par_1_51' title="bbox 2064 1908 3709 1990">
     <span class='ocr_line' id='line_1_51' title="bbox 2064 1908 3709 1990; baseline 0.008 -27"><span class='ocrx_word' id='word_1_339' title='bbox 2064 1910 2158 1964; x_wconf 88' lang='lat' dir='ltr'>bet</span> <span class='ocrx_word' id='word_1_340' title='bbox 2179 1908 2332 1963; x_wconf 90' lang='lat' dir='ltr'>enim</span> <span class='ocrx_word' id='word_1_341' title='bbox 2357 1909 2558 1964; x_wconf 88' lang='lat' dir='ltr'>abesse</span> <span class='ocrx_word' id='word_1_342' title='bbox 2583 1928 2715 1964; x_wconf 91' lang='lat' dir='ltr'>cum</span> <span class='ocrx_word' id='word_1_343' title='bbox 2736 1912 2891 1966; x_wconf 92' lang='lat' dir='ltr'>omni</span> <span class='ocrx_word' id='word_1_344' title='bbox 2917 1914 2986 1967; x_wconf 90' lang='lat' dir='ltr'>ab</span> <span class='ocrx_word' id='word_1_345' title='bbox 3010 1914 3313 1971; x_wconf 84' lang='lat' dir='ltr'>hominum</span> <span class='ocrx_word' id='word_1_346' title='bbox 3335 1934 3563 1990; x_wconf 87' lang='lat' dir='ltr'>genere,</span> <span class='ocrx_word' id='word_1_347' title='bbox 3583 1924 3709 1976; x_wconf 91' lang='lat' dir='ltr'>tum</span> 
     </span>
    </p>
   </div>
   <div class='ocr_carea' id='block_1_52' title="bbox 2063 1998 3713 2073">
    <p class='ocr_par' dir='ltr' id='par_1_52' title="bbox 2063 1998 3713 2073">
     <span class='ocr_line' id='line_1_52' title="bbox 2063 1998 3713 2073; baseline 0.008 -22"><span class='ocrx_word' id='word_1_348' title='bbox 2063 1998 2334 2053; x_wconf 87' lang='lat' dir='ltr'>litteratis</span> <span class='ocrx_word' id='word_1_349' title='bbox 2355 1998 2726 2069; x_wconf 88' lang='lat' dir='ltr'>potissimum</span> <span class='ocrx_word' id='word_1_350' title='bbox 2750 2000 3001 2056; x_wconf 89' lang='lat' dir='ltr'>invidia:</span> <span class='ocrx_word' id='word_1_351' title='bbox 3023 2004 3240 2073; x_wconf 85' lang='lat' dir='ltr'>quibus</span> <span class='ocrx_word' id='word_1_352' title='bbox 3263 2022 3388 2061; x_wconf 89' lang='lat' dir='ltr'>esse</span> <span class='ocrx_word' id='word_1_353' title='bbox 3404 2007 3546 2062; x_wconf 88' lang='lat' dir='ltr'>nihil</span> <span class='ocrx_word' id='word_1_354' title='bbox 3568 2009 3713 2064; x_wconf 91' lang='lat' dir='ltr'>anti-</span> 
     </span>
    </p>
   </div>
   <div class='ocr_carea' id='block_1_53' title="bbox 2067 2087 3711 2163">
    <p class='ocr_par' dir='ltr' id='par_1_53' title="bbox 2067 2087 3711 2163">
     <span class='ocr_line' id='line_1_53' title="bbox 2067 2087 3711 2163; baseline 0.007 -23"><span class='ocrx_word' id='word_1_355' title='bbox 2067 2087 2238 2156; x_wconf 91' lang='lat' dir='ltr'>quius</span> <span class='ocrx_word' id='word_1_356' title='bbox 2273 2104 2377 2158; x_wconf 88' lang='lat' dir='ltr'>par</span> <span class='ocrx_word' id='word_1_357' title='bbox 2408 2091 2513 2156; x_wconf 89' lang='lat' dir='ltr'>est,</span> <span class='ocrx_word' id='word_1_358' title='bbox 2548 2104 2724 2158; x_wconf 88' lang='lat' dir='ltr'>quam</span> <span class='ocrx_word' id='word_1_359' title='bbox 2758 2093 2820 2143; x_wconf 88' lang='lat' dir='ltr'>ut</span> <span class='ocrx_word' id='word_1_360' title='bbox 2868 2095 2924 2144; x_wconf 87' lang='lat' dir='ltr'>et</span> <span class='ocrx_word' id='word_1_361' title='bbox 2954 2092 3061 2161; x_wconf 90' lang='lat' dir='ltr'>ipsi</span> <span class='ocrx_word' id='word_1_362' title='bbox 3099 2094 3374 2163; x_wconf 77' lang='lat' dir='ltr'>juvandae</span> <span class='ocrx_word' id='word_1_363' title='bbox 3416 2098 3552 2152; x_wconf 90' lang='lat' dir='ltr'>totis</span> <span class='ocrx_word' id='word_1_364' title='bbox 3579 2098 3711 2152; x_wconf 86' lang='lat' dir='ltr'>viri-</span> 
     </span>
    </p>
   </div>
   <div class='ocr_carea' id='block_1_54' title="bbox 2066 2175 3710 2246">
    <p class='ocr_par' dir='ltr' id='par_1_54' title="bbox 2066 2175 3710 2246">
     <span class='ocr_line' id='line_1_54' title="bbox 2066 2175 3710 2246; baseline 0.007 -17"><span class='ocrx_word' id='word_1_365' title='bbox 2066 2176 2176 2230; x_wconf 89' lang='lat' dir='ltr'>bus</span> <span class='ocrx_word' id='word_1_366' title='bbox 2207 2175 2537 2246; x_wconf 66' lang='lat' dir='ltr'>reipublicae</span> <span class='ocrx_word' id='word_1_367' title='bbox 2569 2177 2864 2242; x_wconf 89' lang='lat' dir='ltr'>studeant,</span> <span class='ocrx_word' id='word_1_368' title='bbox 2899 2184 2955 2233; x_wconf 88' lang='lat' dir='ltr'>et</span> <span class='ocrx_word' id='word_1_369' title='bbox 2999 2179 3143 2235; x_wconf 90' lang='lat' dir='ltr'>alios</span> <span class='ocrx_word' id='word_1_370' title='bbox 3174 2182 3327 2237; x_wconf 90' lang='lat' dir='ltr'>idem</span> <span class='ocrx_word' id='word_1_371' title='bbox 3372 2183 3710 2242; x_wconf 88' lang='lat' dir='ltr'>institutum</span> 
     </span>
    </p>
   </div>
   <div class='ocr_carea' id='block_1_55' title="bbox 2068 2265 3710 2345">
    <p class='ocr_par' dir='ltr' id='par_1_55' title="bbox 2068 2265 3710 2345">
     <span class='ocr_line' id='line_1_55' title="bbox 2068 2265 3710 2345; baseline 0.009 -28"><span class='ocrx_word' id='word_1_372' title='bbox 2068 2267 2342 2334; x_wconf 90' lang='lat' dir='ltr'>urgentes</span> <span class='ocrx_word' id='word_1_373' title='bbox 2374 2281 2486 2318; x_wconf 93' lang='lat' dir='ltr'>non</span> <span class='ocrx_word' id='word_1_374' title='bbox 2522 2265 2691 2319; x_wconf 91' lang='lat' dir='ltr'>modo</span> <span class='ocrx_word' id='word_1_375' title='bbox 2719 2283 2833 2320; x_wconf 94' lang='lat' dir='ltr'>non</span> <span class='ocrx_word' id='word_1_376' title='bbox 2864 2266 3040 2322; x_wconf 89' lang='lat' dir='ltr'>livore</span> <span class='ocrx_word' id='word_1_377' title='bbox 3063 2271 3316 2339; x_wconf 91' lang='lat' dir='ltr'>quodam</span> <span class='ocrx_word' id='word_1_378' title='bbox 3349 2273 3710 2345; x_wconf 88' lang='lat' dir='ltr'>impediant;</span> 
     </span>
    </p>
   </div>
   <div class='ocr_carea' id='block_1_56' title="bbox 2068 2352 3710 2419">
    <p class='ocr_par' dir='ltr' id='par_1_56' title="bbox 2068 2352 3710 2419">
     <span class='ocr_line' id='line_1_56' title="bbox 2068 2352 3710 2419; baseline 0.007 -12"><span class='ocrx_word' id='word_1_379' title='bbox 2068 2353 2166 2408; x_wconf 89' lang='lat' dir='ltr'>sed</span> <span class='ocrx_word' id='word_1_380' title='bbox 2201 2352 2376 2407; x_wconf 90' lang='lat' dir='ltr'>etiam</span> <span class='ocrx_word' id='word_1_381' title='bbox 2410 2353 2561 2408; x_wconf 89' lang='lat' dir='ltr'>ultro</span> <span class='ocrx_word' id='word_1_382' title='bbox 2593 2354 2887 2410; x_wconf 89' lang='lat' dir='ltr'>benevolis</span> <span class='ocrx_word' id='word_1_383' title='bbox 2919 2356 3422 2417; x_wconf 87' lang='lat' dir='ltr'>cohortationibus</span> <span class='ocrx_word' id='word_1_384' title='bbox 3443 2365 3710 2419; x_wconf 87' lang='lat' dir='ltr'>excitent.</span> 
     </span>
    </p>
   </div>
   <div class='ocr_carea' id='block_1_57' title="bbox 2069 2442 3714 2521">
    <p class='ocr_par' dir='ltr' id='par_1_57' title="bbox 2069 2442 3714 2521">
     <span class='ocr_line' id='line_1_57' title="bbox 2069 2442 3714 2521; baseline 0.009 -27"><span class='ocrx_word' id='word_1_385' title='bbox 2069 2443 2193 2506; x_wconf 87' lang='lat' dir='ltr'>Qua</span> <span class='ocrx_word' id='word_1_386' title='bbox 2223 2442 2292 2496; x_wconf 88' lang='lat' dir='ltr'>de</span> <span class='ocrx_word' id='word_1_387' title='bbox 2344 2459 2404 2496; x_wconf 88' lang='lat' dir='ltr'>re</span> <span class='ocrx_word' id='word_1_388' title='bbox 2451 2442 2720 2514; x_wconf 90' lang='lat' dir='ltr'>pluribus</span> <span class='ocrx_word' id='word_1_389' title='bbox 2768 2461 3020 2515; x_wconf 87' lang='lat' dir='ltr'>agerem,</span> <span class='ocrx_word' id='word_1_390' title='bbox 3077 2447 3189 2502; x_wconf 90' lang='lat' dir='ltr'>nisi</span> <span class='ocrx_word' id='word_1_391' title='bbox 3221 2454 3271 2502; x_wconf 90' lang='lat' dir='ltr'>te</span> <span class='ocrx_word' id='word_1_392' title='bbox 3331 2452 3714 2521; x_wconf 87' lang='lat' dir='ltr'>probaturum</span> 
     </span>
    </p>
   </div>
   <div class='ocr_carea' id='block_1_58' title="bbox 2070 2531 3714 2603">
    <p class='ocr_par' dir='ltr' id='par_1_58' title="bbox 2070 2531 3714 2603">
     <span class='ocr_line' id='line_1_58' title="bbox 2070 2531 3714 2603; baseline 0.008 -19"><span class='ocrx_word' id='word_1_393' title='bbox 2070 2531 2386 2585; x_wconf 90' lang='lat' dir='ltr'>editionem</span> <span class='ocrx_word' id='word_1_394' title='bbox 2411 2531 2561 2586; x_wconf 88' lang='lat' dir='ltr'>hanc</span> <span class='ocrx_word' id='word_1_395' title='bbox 2587 2532 2756 2603; x_wconf 91' lang='lat' dir='ltr'>plane</span> <span class='ocrx_word' id='word_1_396' title='bbox 2777 2534 3148 2603; x_wconf 86' lang='lat' dir='ltr'>conﬁderem,</span> <span class='ocrx_word' id='word_1_397' title='bbox 3173 2541 3228 2591; x_wconf 90' lang='lat' dir='ltr'>et</span> <span class='ocrx_word' id='word_1_398' title='bbox 3252 2536 3520 2594; x_wconf 90' lang='lat' dir='ltr'>lubenter</span> <span class='ocrx_word' id='word_1_399' title='bbox 3540 2542 3714 2598; x_wconf 87' lang='lat' dir='ltr'>etiam</span> 
     </span>
    </p>
   </div>
   <div class='ocr_carea' id='block_1_59' title="bbox 2072 2620 3714 2691">
    <p class='ocr_par' dir='ltr' id='par_1_59' title="bbox 2072 2620 3714 2691">
     <span class='ocr_line' id='line_1_59' title="bbox 2072 2620 3714 2691; baseline 0.007 -17"><span class='ocrx_word' id='word_1_400' title='bbox 2072 2620 2435 2691; x_wconf 85' lang='lat' dir='ltr'>agniturum,</span> <span class='ocrx_word' id='word_1_401' title='bbox 2465 2623 2837 2689; x_wconf 88' lang='lat' dir='ltr'>conjunctam</span> <span class='ocrx_word' id='word_1_402' title='bbox 2892 2623 3036 2679; x_wconf 92' lang='lat' dir='ltr'>hanc</span> <span class='ocrx_word' id='word_1_403' title='bbox 3083 2641 3210 2680; x_wconf 86' lang='lat' dir='ltr'>esse</span> <span class='ocrx_word' id='word_1_404' title='bbox 3259 2643 3372 2681; x_wconf 88' lang='lat' dir='ltr'>non</span> <span class='ocrx_word' id='word_1_405' title='bbox 3421 2633 3540 2683; x_wconf 86' lang='lat' dir='ltr'>tam</span> <span class='ocrx_word' id='word_1_406' title='bbox 3575 2647 3714 2685; x_wconf 78' lang='lat' dir='ltr'>meae</span> 
     </span>
    </p>
   </div>
   <div class='ocr_carea' id='block_1_60' title="bbox 2073 2710 3718 2788">
    <p class='ocr_par' dir='ltr' id='par_1_60' title="bbox 2073 2710 3718 2788">
     <span class='ocr_line' id='line_1_60' title="bbox 2073 2710 3718 2788; baseline 0.006 -24"><span class='ocrx_word' id='word_1_407' title='bbox 2073 2726 2204 2764; x_wconf 92' lang='lat' dir='ltr'>cum</span> <span class='ocrx_word' id='word_1_408' title='bbox 2239 2710 2403 2764; x_wconf 74' lang='lat' dir='ltr'>famae</span> <span class='ocrx_word' id='word_1_409' title='bbox 2452 2711 2864 2782; x_wconf 89' lang='lat' dir='ltr'>pr0pagatione</span> <span class='ocrx_word' id='word_1_410' title='bbox 2914 2717 3078 2782; x_wconf 90' lang='lat' dir='ltr'>(nam</span> <span class='ocrx_word' id='word_1_411' title='bbox 3127 2713 3285 2769; x_wconf 87' lang='lat' dir='ltr'>illam</span> <span class='ocrx_word' id='word_1_412' title='bbox 3330 2733 3434 2788; x_wconf 90' lang='lat' dir='ltr'>ego</span> <span class='ocrx_word' id='word_1_413' title='bbox 3474 2719 3718 2775; x_wconf 88' lang='lat' dir='ltr'>minime</span> 
     </span>
    </p>
   </div>
   <div class='ocr_carea' id='block_1_61' title="bbox 2074 2798 3721 2877">
    <p class='ocr_par' dir='ltr' id='par_1_61' title="bbox 2074 2798 3721 2877">
     <span class='ocr_line' id='line_1_61' title="bbox 2074 2798 3721 2877; baseline 0.006 -25"><span class='ocrx_word' id='word_1_414' title='bbox 2074 2798 2351 2869; x_wconf 88' lang='lat' dir='ltr'>spectavi,</span> <span class='ocrx_word' id='word_1_415' title='bbox 2375 2799 2472 2853; x_wconf 89' lang='lat' dir='ltr'>sed</span> <span class='ocrx_word' id='word_1_416' title='bbox 2499 2798 2814 2854; x_wconf 88' lang='lat' dir='ltr'>utilitatem</span> <span class='ocrx_word' id='word_1_417' title='bbox 2843 2801 3136 2872; x_wconf 88' lang='lat' dir='ltr'>publicam</span> <span class='ocrx_word' id='word_1_418' title='bbox 3162 2805 3396 2874; x_wconf 89' lang='lat' dir='ltr'>potius),</span> <span class='ocrx_word' id='word_1_419' title='bbox 3421 2823 3594 2877; x_wconf 89' lang='lat' dir='ltr'>quam</span> <span class='ocrx_word' id='word_1_420' title='bbox 3622 2809 3721 2863; x_wconf 90' lang='lat' dir='ltr'>ho-</span> 
     </span>
    </p>
   </div>
   <div class='ocr_carea' id='block_1_62' title="bbox 2074 2886 3723 2967">
    <p class='ocr_par' dir='ltr' id='par_1_62' title="bbox 2074 2886 3723 2967">
     <span class='ocr_line' id='line_1_62' title="bbox 2074 2886 3723 2967; baseline 0.006 -26"><span class='ocrx_word' id='word_1_421' title='bbox 2074 2902 2213 2941; x_wconf 90' lang='lat' dir='ltr'>nore</span> <span class='ocrx_word' id='word_1_422' title='bbox 2245 2886 2642 2958; x_wconf 85' lang='lat' dir='ltr'>dignitateque</span> <span class='ocrx_word' id='word_1_423' title='bbox 2662 2893 2764 2942; x_wconf 91' lang='lat' dir='ltr'>tua</span> <span class='ocrx_word' id='word_1_424' title='bbox 2789 2907 2801 2942; x_wconf 89' lang='lat'><strong>:</strong></span> <span class='ocrx_word' id='word_1_425' title='bbox 2828 2906 3000 2960; x_wconf 89' lang='lat' dir='ltr'>quem</span> <span class='ocrx_word' id='word_1_426' title='bbox 3023 2892 3093 2945; x_wconf 91' lang='lat' dir='ltr'>de</span> <span class='ocrx_word' id='word_1_427' title='bbox 3123 2895 3206 2946; x_wconf 89' lang='lat' dir='ltr'>tot</span> <span class='ocrx_word' id='word_1_428' title='bbox 3225 2895 3553 2949; x_wconf 87' lang='lat' dir='ltr'>orationum</span> <span class='ocrx_word' id='word_1_429' title='bbox 3586 2913 3723 2967; x_wconf 92' lang='lat' dir='ltr'>poe-</span> 
     </span>
    </p>
   </div>
   <div class='ocr_carea' id='block_1_63' title="bbox 2076 2977 3719 3047">
    <p class='ocr_par' dir='ltr' id='par_1_63' title="bbox 2076 2977 3719 3047">
     <span class='ocr_line' id='line_1_63' title="bbox 2076 2977 3719 3047; baseline 0.008 -19"><span class='ocrx_word' id='word_1_430' title='bbox 2076 2979 2416 3047; x_wconf 90' lang='lat' dir='ltr'>matumque</span> <span class='ocrx_word' id='word_1_431' title='bbox 2448 2977 2823 3032; x_wconf 90' lang='lat' dir='ltr'>conversione</span> <span class='ocrx_word' id='word_1_432' title='bbox 2867 2979 3073 3034; x_wconf 90' lang='lat' dir='ltr'>merito</span> <span class='ocrx_word' id='word_1_433' title='bbox 3123 2981 3257 3035; x_wconf 91' lang='lat' dir='ltr'>boni</span> <span class='ocrx_word' id='word_1_434' title='bbox 3290 2998 3493 3038; x_wconf 90' lang='lat' dir='ltr'>omnes</span> <span class='ocrx_word' id='word_1_435' title='bbox 3525 2989 3580 3040; x_wconf 91' lang='lat' dir='ltr'>et</span> <span class='ocrx_word' id='word_1_436' title='bbox 3609 2985 3719 3041; x_wconf 89' lang='lat' dir='ltr'>Na-</span> 
     </span>
    </p>
   </div>
   <div class='ocr_carea' id='block_1_64' title="bbox 2077 3063 3724 3131">
    <p class='ocr_par' dir='ltr' id='par_1_64' title="bbox 2077 3063 3724 3131">
     <span class='ocr_line' id='line_1_64' title="bbox 2077 3063 3724 3131; baseline 0.007 -13"><span class='ocrx_word' id='word_1_437' title='bbox 2077 3063 2332 3120; x_wconf 88' lang='lat' dir='ltr'>zianzeni</span> <span class='ocrx_word' id='word_1_438' title='bbox 2382 3074 2898 3122; x_wconf 88' lang='lat' dir='ltr'>monumentorum</span> <span class='ocrx_word' id='word_1_439' title='bbox 2951 3069 3199 3125; x_wconf 91' lang='lat' dir='ltr'>studiosi</span> <span class='ocrx_word' id='word_1_440' title='bbox 3234 3073 3535 3128; x_wconf 91' lang='lat' dir='ltr'>amabunt.</span> <span class='ocrx_word' id='word_1_441' title='bbox 3584 3075 3724 3131; x_wconf 87' lang='lat' dir='ltr'>Vale</span> 
     </span>
    </p>
   </div>
   <div class='ocr_carea' id='block_1_65' title="bbox 2079 3153 3550 3218">
    <p class='ocr_par' dir='ltr' id='par_1_65' title="bbox 2079 3153 3550 3218">
     <span class='ocr_line' id='line_1_65' title="bbox 2079 3153 3550 3218; baseline 0.006 -9"><span class='ocrx_word' id='word_1_442' title='bbox 2079 3153 2322 3210; x_wconf 88' lang='lat' dir='ltr'>Basilea.</span> <span class='ocrx_word' id='word_1_443' title='bbox 2358 3172 2410 3210; x_wconf 91' lang='lat' dir='ltr'>a.</span> <span class='ocrx_word' id='word_1_444' title='bbox 2445 3157 2501 3210; x_wconf 94' lang='lat' dir='ltr'>d.</span> <span class='ocrx_word' id='word_1_445' title='bbox 2535 3156 2568 3209; x_wconf 90' lang='lat'>3</span> <span class='ocrx_word' id='word_1_446' title='bbox 2599 3155 2745 3212; x_wconf 91' lang='lat' dir='ltr'>Non.</span> <span class='ocrx_word' id='word_1_447' title='bbox 2777 3156 2910 3212; x_wconf 88' lang='lat' dir='ltr'>Jan.</span> <span class='ocrx_word' id='word_1_448' title='bbox 2944 3173 3095 3214; x_wconf 90' lang='lat' dir='ltr'>anno</span> <span class='ocrx_word' id='word_1_449' title='bbox 3128 3159 3360 3215; x_wconf 92' lang='lat' dir='ltr'>Domini</span> <span class='ocrx_word' id='word_1_450' title='bbox 3394 3163 3550 3218; x_wconf 86' lang='grc'>1571.</span> 
     </span>
    </p>
   </div>
   <div class='ocr_carea' id='block_1_66' title="bbox 2353 3413 3734 3438">
    <p class='ocr_par' dir='ltr' id='par_1_66' title="bbox 2353 3413 3734 3438">
     <span class='ocr_line' id='line_1_66' title="bbox 2353 3413 3734 3438; baseline 0 -12"><span class='ocrx_word' id='word_1_451' title='bbox 2353 3413 3734 3438; x_wconf 83' lang='lat'>.....__...._____..._..____________________</span> 
     </span>
    </p>
   </div>
   <div class='ocr_carea' id='block_1_67' title="bbox 1009 3558 3047 3624">
    <p class='ocr_par' dir='ltr' id='par_1_67' title="bbox 1009 3558 3047 3624">
     <span class='ocr_line' id='line_1_67' title="bbox 1009 3558 3047 3624; baseline 0.001 -3"><span class='ocrx_word' id='word_1_452' title='bbox 1009 3558 1492 3621; x_wconf 84' lang='lat' dir='ltr'><strong>ORTHODOXO</strong></span> <span class='ocrx_word' id='word_1_453' title='bbox 1535 3558 1870 3619; x_wconf 81' lang='lat' dir='ltr'>LECTORI</span> <span class='ocrx_word' id='word_1_454' title='bbox 1911 3558 2255 3620; x_wconf 83' lang='lat' dir='ltr'>JACOBUS</span> <span class='ocrx_word' id='word_1_455' title='bbox 2301 3559 2604 3622; x_wconf 89' lang='lat' dir='ltr'>BILLIUS</span> <span class='ocrx_word' id='word_1_456' title='bbox 2652 3562 3047 3624; x_wconf 87' lang='lat' dir='ltr'>SALUTEM.</span> 
     </span>
    </p>
   </div>
   <div class='ocr_carea' id='block_1_68' title="bbox 404 3815 1985 3889">
    <p class='ocr_par' dir='ltr' id='par_1_68' title="bbox 404 3815 1985 3889">
     <span class='ocr_line' id='line_1_68' title="bbox 404 3815 1985 3889; baseline -0.004 -13"><span class='ocrx_word' id='word_1_457' title='bbox 404 3820 548 3876; x_wconf 88' lang='lat' dir='ltr'>Cum</span> <span class='ocrx_word' id='word_1_458' title='bbox 583 3818 640 3874; x_wconf 92' lang='lat' dir='ltr'>in</span> <span class='ocrx_word' id='word_1_459' title='bbox 673 3815 979 3873; x_wconf 89' lang='lat' dir='ltr'>Basiliensi</span> <span class='ocrx_word' id='word_1_460' title='bbox 1011 3816 1270 3889; x_wconf 89' lang='lat' dir='ltr'>Gregorii</span> <span class='ocrx_word' id='word_1_461' title='bbox 1302 3815 1484 3872; x_wconf 84' lang='lat' dir='ltr'>nostri</span> <span class='ocrx_word' id='word_1_462' title='bbox 1523 3816 1776 3872; x_wconf 89' lang='lat' dir='ltr'>editione</span> <span class='ocrx_word' id='word_1_463' title='bbox 1807 3817 1985 3872; x_wconf 90' lang='lat' dir='ltr'>Joan-</span> 
     </span>
    </p>
   </div>
   <div class='ocr_carea' id='block_1_69' title="bbox 335 3905 1985 3977">
    <p class='ocr_par' dir='ltr' id='par_1_69' title="bbox 335 3905 1985 3977">
     <span class='ocr_line' id='line_1_69' title="bbox 335 3905 1985 3977; baseline -0.003 -13"><span class='ocrx_word' id='word_1_464' title='bbox 335 3926 469 3964; x_wconf 91' lang='lat' dir='ltr'>nem</span> <span class='ocrx_word' id='word_1_465' title='bbox 502 3907 954 3964; x_wconf 85' lang='lat' dir='ltr'>Leuvenklaium</span> <span class='ocrx_word' id='word_1_466' title='bbox 989 3907 1274 3962; x_wconf 78' lang='lat' dir='ltr'>orationes</span> <span class='ocrx_word' id='word_1_467' title='bbox 1298 3905 1538 3977; x_wconf 90' lang='lat' dir='ltr'>aliquot,</span> <span class='ocrx_word' id='word_1_468' title='bbox 1572 3906 1791 3960; x_wconf 89' lang='lat' dir='ltr'>Elianis</span> <span class='ocrx_word' id='word_1_469' title='bbox 1819 3910 1985 3960; x_wconf 86' lang='lat' dir='ltr'>Com-</span> 
     </span>
    </p>
   </div>
   <div class='ocr_carea' id='block_1_70' title="bbox 337 3994 1987 4069">
    <p class='ocr_par' dir='ltr' id='par_1_70' title="bbox 337 3994 1987 4069">
     <span class='ocr_line' id='line_1_70' title="bbox 337 3994 1987 4069; baseline -0.004 -15"><span class='ocrx_word' id='word_1_470' title='bbox 337 3998 642 4056; x_wconf 92' lang='lat' dir='ltr'>mentariis</span> <span class='ocrx_word' id='word_1_471' title='bbox 672 3996 1028 4069; x_wconf 83' lang='lat' dir='ltr'>explanatas,</span> <span class='ocrx_word' id='word_1_472' title='bbox 1060 3994 1432 4051; x_wconf 88' lang='lat' dir='ltr'>transtulisse</span> <span class='ocrx_word' id='word_1_473' title='bbox 1478 3995 1777 4065; x_wconf 90' lang='lat' dir='ltr'>vidissem,</span> <span class='ocrx_word' id='word_1_474' title='bbox 1813 3999 1987 4066; x_wconf 89' lang='lat' dir='ltr'>atque</span> 
     </span>
    </p>
   </div>
   <div class='ocr_carea' id='block_1_71' title="bbox 340 4084 1986 4159">
    <p class='ocr_par' dir='ltr' id='par_1_71' title="bbox 340 4084 1986 4159">
     <span class='ocr_line' id='line_1_71' title="bbox 340 4084 1986 4159; baseline -0.004 -15"><span class='ocrx_word' id='word_1_475' title='bbox 340 4089 581 4159; x_wconf 87' lang='lat' dir='ltr'>insuper</span> <span class='ocrx_word' id='word_1_476' title='bbox 635 4087 706 4142; x_wconf 91' lang='lat' dir='ltr'>ad</span> <span class='ocrx_word' id='word_1_477' title='bbox 756 4086 946 4157; x_wconf 91' lang='lat' dir='ltr'>operis</span> <span class='ocrx_word' id='word_1_478' title='bbox 995 4084 1208 4141; x_wconf 90' lang='lat' dir='ltr'>calcem</span> <span class='ocrx_word' id='word_1_479' title='bbox 1259 4085 1660 4139; x_wconf 89' lang='lat' dir='ltr'>annotationes</span> <span class='ocrx_word' id='word_1_480' title='bbox 1703 4085 1986 4154; x_wconf 90' lang='lat' dir='ltr'>quasdam</span> 
     </span>
    </p>
   </div>
   <div class='ocr_carea' id='block_1_72' title="bbox 342 4172 1989 4247">
    <p class='ocr_par' dir='ltr' id='par_1_72' title="bbox 342 4172 1989 4247">
     <span class='ocr_line' id='line_1_72' title="bbox 342 4172 1989 4247; baseline -0.004 -15"><span class='ocrx_word' id='word_1_481' title='bbox 342 4177 647 4247; x_wconf 86' lang='lat' dir='ltr'>adjecisse,</span> <span class='ocrx_word' id='word_1_482' title='bbox 677 4175 735 4229; x_wconf 92' lang='lat' dir='ltr'>in</span> <span class='ocrx_word' id='word_1_483' title='bbox 760 4175 994 4244; x_wconf 90' lang='lat' dir='ltr'>quibus,</span> <span class='ocrx_word' id='word_1_484' title='bbox 1026 4172 1341 4228; x_wconf 90' lang='lat' dir='ltr'>laureolam</span> <span class='ocrx_word' id='word_1_485' title='bbox 1365 4172 1586 4229; x_wconf 90' lang='lat' dir='ltr'>scilicet</span> <span class='ocrx_word' id='word_1_486' title='bbox 1607 4174 1667 4227; x_wconf 92' lang='lat' dir='ltr'>in</span> <span class='ocrx_word' id='word_1_487' title='bbox 1691 4180 1989 4226; x_wconf 79' lang='lat' dir='ltr'>mustaceo</span> 
     </span>
    </p>
   </div>
   <div class='ocr_carea' id='block_1_73' title="bbox 345 4261 1993 4336">
    <p class='ocr_par' dir='ltr' id='par_1_73' title="bbox 345 4261 1993 4336">
     <span class='ocr_line' id='line_1_73' title="bbox 345 4261 1993 4336; baseline -0.002 -16"><span class='ocrx_word' id='word_1_488' title='bbox 345 4281 630 4336; x_wconf 70' lang='lat' dir='ltr'>quaerens,</span> <span class='ocrx_word' id='word_1_489' title='bbox 660 4264 707 4318; x_wconf 89' lang='lat' dir='ltr'>si</span> <span class='ocrx_word' id='word_1_490' title='bbox 732 4264 896 4334; x_wconf 90' lang='lat' dir='ltr'>quid,</span> <span class='ocrx_word' id='word_1_491' title='bbox 922 4263 979 4317; x_wconf 92' lang='lat' dir='ltr'>in</span> <span class='ocrx_word' id='word_1_492' title='bbox 1002 4279 1112 4332; x_wconf 92' lang='lat' dir='ltr'>quo</span> <span class='ocrx_word' id='word_1_493' title='bbox 1140 4263 1394 4316; x_wconf 90' lang='lat' dir='ltr'>auctoris</span> <span class='ocrx_word' id='word_1_494' title='bbox 1417 4265 1672 4316; x_wconf 90' lang='lat' dir='ltr'>mentem</span> <span class='ocrx_word' id='word_1_495' title='bbox 1705 4278 1819 4315; x_wconf 92' lang='lat' dir='ltr'>non</span> <span class='ocrx_word' id='word_1_496' title='bbox 1847 4261 1993 4316; x_wconf 88' lang='lat' dir='ltr'>satis</span> 
     </span>
    </p>
   </div>
   <div class='ocr_carea' id='block_1_74' title="bbox 348 4350 1993 4421">
    <p class='ocr_par' dir='ltr' id='par_1_74' title="bbox 348 4350 1993 4421">
     <span class='ocr_line' id='line_1_74' title="bbox 348 4350 1993 4421; baseline -0.003 -12"><span class='ocrx_word' id='word_1_497' title='bbox 348 4354 398 4409; x_wconf 91' lang='lat' dir='ltr'>ei</span> <span class='ocrx_word' id='word_1_498' title='bbox 433 4358 737 4409; x_wconf 89' lang='lat' dir='ltr'>assecutus</span> <span class='ocrx_word' id='word_1_499' title='bbox 767 4368 894 4407; x_wconf 91' lang='lat' dir='ltr'>esse</span> <span class='ocrx_word' id='word_1_500' title='bbox 941 4352 1159 4417; x_wconf 85' lang='lat' dir='ltr'>videar,</span> <span class='ocrx_word' id='word_1_501' title='bbox 1209 4350 1638 4418; x_wconf 88' lang='lat' dir='ltr'>animadvertit,</span> <span class='ocrx_word' id='word_1_502' title='bbox 1674 4350 1846 4421; x_wconf 91' lang='lat' dir='ltr'>idque</span> <span class='ocrx_word' id='word_1_503' title='bbox 1878 4366 1993 4405; x_wconf 93' lang='lat' dir='ltr'>non</span> 
     </span>
    </p>
   </div>
   <div class='ocr_carea' id='block_1_75' title="bbox 351 4438 1995 4512">
    <p class='ocr_par' dir='ltr' id='par_1_75' title="bbox 351 4438 1995 4512">
     <span class='ocr_line' id='line_1_75' title="bbox 351 4438 1995 4512; baseline -0.002 -16"><span class='ocrx_word' id='word_1_504' title='bbox 351 4446 468 4496; x_wconf 89' lang='lat' dir='ltr'>tam</span> <span class='ocrx_word' id='word_1_505' title='bbox 497 4458 565 4497; x_wconf 82' lang='lat' dir='ltr'>ex</span> <span class='ocrx_word' id='word_1_506' title='bbox 598 4458 702 4497; x_wconf 86' lang='lat' dir='ltr'>suo</span> <span class='ocrx_word' id='word_1_507' title='bbox 730 4440 987 4512; x_wconf 89' lang='lat' dir='ltr'>ingenio,</span> <span class='ocrx_word' id='word_1_508' title='bbox 1021 4456 1196 4510; x_wconf 90' lang='lat' dir='ltr'>quam</span> <span class='ocrx_word' id='word_1_509' title='bbox 1230 4454 1299 4494; x_wconf 83' lang='lat' dir='ltr'>ex</span> <span class='ocrx_word' id='word_1_510' title='bbox 1340 4439 1475 4494; x_wconf 63' lang='lat' dir='ltr'>Elia</span> <span class='ocrx_word' id='word_1_511' title='bbox 1507 4438 1773 4510; x_wconf 90' lang='lat' dir='ltr'>aliusque</span> <span class='ocrx_word' id='word_1_512' title='bbox 1798 4441 1995 4510; x_wconf 91' lang='lat' dir='ltr'>cujus-</span> 
     </span>
    </p>
   </div>
   <div class='ocr_carea' id='block_1_76' title="bbox 355 4527 1996 4599">
    <p class='ocr_par' dir='ltr' id='par_1_76' title="bbox 355 4527 1996 4599">
     <span class='ocr_line' id='line_1_76' title="bbox 355 4527 1996 4599; baseline -0.001 -16"><span class='ocrx_word' id='word_1_513' title='bbox 355 4530 488 4584; x_wconf 91' lang='lat' dir='ltr'>dam</span> <span class='ocrx_word' id='word_1_514' title='bbox 509 4529 684 4585; x_wconf 63' lang='grc' dir='ltr'>(ἂνωοὶ</span> <span class='ocrx_word' id='word_1_515' title='bbox 708 4528 1035 4585; x_wconf 86' lang='lat' dir='ltr'>scholiastae</span> <span class='ocrx_word' id='word_1_516' title='bbox 1052 4527 1312 4599; x_wconf 89' lang='lat' dir='ltr'>vestigiis</span> <span class='ocrx_word' id='word_1_517' title='bbox 1334 4527 1426 4582; x_wconf 87' lang='lat' dir='ltr'>vix</span> <span class='ocrx_word' id='word_1_518' title='bbox 1446 4528 1559 4582; x_wconf 91' lang='lat' dir='ltr'>dici</span> <span class='ocrx_word' id='word_1_519' title='bbox 1591 4531 1804 4599; x_wconf 90' lang='lat' dir='ltr'>potest,</span> <span class='ocrx_word' id='word_1_520' title='bbox 1820 4545 1996 4598; x_wconf 90' lang='lat' dir='ltr'>quam</span> 
     </span>
    </p>
   </div>
   <div class='ocr_carea' id='block_1_77' title="bbox 357 4617 1998 4689">
    <p class='ocr_par' dir='ltr' id='par_1_77' title="bbox 357 4617 1998 4689">
     <span class='ocr_line' id='line_1_77' title="bbox 357 4617 1998 4689; baseline 0 -18"><span class='ocrx_word' id='word_1_521' title='bbox 357 4617 602 4674; x_wconf 88' lang='lat' dir='ltr'>libenter</span> <span class='ocrx_word' id='word_1_522' title='bbox 637 4636 699 4674; x_wconf 90' lang='lat' dir='ltr'>ac</span> <span class='ocrx_word' id='word_1_523' title='bbox 727 4619 856 4675; x_wconf 81' lang='lat' dir='ltr'>laeto</span> <span class='ocrx_word' id='word_1_524' title='bbox 888 4618 1083 4674; x_wconf 92' lang='lat' dir='ltr'>animo</span> <span class='ocrx_word' id='word_1_525' title='bbox 1116 4618 1170 4672; x_wconf 93' lang='lat' dir='ltr'>id</span> <span class='ocrx_word' id='word_1_526' title='bbox 1214 4617 1486 4689; x_wconf 90' lang='lat' dir='ltr'>proferat.</span> <span class='ocrx_word' id='word_1_527' title='bbox 1516 4617 1796 4688; x_wconf 87' lang='lat' dir='ltr'>Equidem</span> <span class='ocrx_word' id='word_1_528' title='bbox 1831 4617 1998 4672; x_wconf 88' lang='lat' dir='ltr'>aliter</span> 
     </span>
    </p>
   </div>
   <div class='ocr_carea' id='block_1_78' title="bbox 355 4705 1998 4779">
    <p class='ocr_par' dir='ltr' id='par_1_78' title="bbox 355 4705 1998 4779">
     <span class='ocr_line' id='line_1_78' title="bbox 355 4705 1998 4779; baseline -0.001 -16"><span class='ocrx_word' id='word_1_529' title='bbox 355 4706 688 4763; x_wconf 82' lang='lat' dir='ltr'>existimare</span> <span class='ocrx_word' id='word_1_530' title='bbox 718 4726 833 4764; x_wconf 91' lang='lat' dir='ltr'>non</span> <span class='ocrx_word' id='word_1_531' title='bbox 867 4712 1151 4779; x_wconf 88' lang='lat' dir='ltr'>poteram,</span> <span class='ocrx_word' id='word_1_532' title='bbox 1185 4707 1346 4778; x_wconf 90' lang='lat' dir='ltr'>quin,</span> <span class='ocrx_word' id='word_1_533' title='bbox 1381 4706 1481 4777; x_wconf 91' lang='lat' dir='ltr'>qui</span> <span class='ocrx_word' id='word_1_534' title='bbox 1523 4706 1583 4761; x_wconf 93' lang='lat' dir='ltr'>in</span> <span class='ocrx_word' id='word_1_535' title='bbox 1615 4706 1824 4762; x_wconf 88' lang='lat' dir='ltr'>erratis</span> <span class='ocrx_word' id='word_1_536' title='bbox 1854 4705 1998 4761; x_wconf 89' lang='lat' dir='ltr'>alio-</span> 
     </span>
    </p>
   </div>
   <div class='ocr_carea' id='block_1_79' title="bbox 352 4794 1998 4869">
    <p class='ocr_par' dir='ltr' id='par_1_79' title="bbox 352 4794 1998 4869">
     <span class='ocr_line' id='line_1_79' title="bbox 352 4794 1998 4869; baseline -0.002 -17"><span class='ocrx_word' id='word_1_537' title='bbox 352 4813 484 4854; x_wconf 90' lang='lat' dir='ltr'>rum</span> <span class='ocrx_word' id='word_1_538' title='bbox 517 4798 786 4853; x_wconf 87' lang='lat' dir='ltr'>notandis</span> <span class='ocrx_word' id='word_1_539' title='bbox 818 4813 884 4853; x_wconf 87' lang='lat' dir='ltr'>ac</span> <span class='ocrx_word' id='word_1_540' title='bbox 915 4795 1284 4869; x_wconf 89' lang='lat' dir='ltr'>publicandis</span> <span class='ocrx_word' id='word_1_541' title='bbox 1312 4799 1432 4850; x_wconf 87' lang='lat' dir='ltr'>tam</span> <span class='ocrx_word' id='word_1_542' title='bbox 1477 4794 1748 4850; x_wconf 89' lang='lat' dir='ltr'>sedulum</span> <span class='ocrx_word' id='word_1_543' title='bbox 1781 4801 1838 4850; x_wconf 91' lang='lat' dir='ltr'>et</span> <span class='ocrx_word' id='word_1_544' title='bbox 1867 4795 1998 4849; x_wconf 89' lang='lat' dir='ltr'>dili-</span> 
     </span>
    </p>
   </div>
   <div class='ocr_carea' id='block_1_80' title="bbox 351 4884 1997 4960">
    <p class='ocr_par' dir='ltr' id='par_1_80' title="bbox 351 4884 1997 4960">
     <span class='ocr_line' id='line_1_80' title="bbox 351 4884 1997 4960; baseline -0.002 -17"><span class='ocrx_word' id='word_1_545' title='bbox 351 4893 582 4959; x_wconf 89' lang='lat' dir='ltr'>gentem</span> <span class='ocrx_word' id='word_1_546' title='bbox 602 4905 663 4943; x_wconf 90' lang='lat' dir='ltr'>se</span> <span class='ocrx_word' id='word_1_547' title='bbox 686 4887 1050 4960; x_wconf 85' lang='lat' dir='ltr'>praebuisset,</span> <span class='ocrx_word' id='word_1_548' title='bbox 1076 4886 1134 4940; x_wconf 93' lang='lat' dir='ltr'>in</span> <span class='ocrx_word' id='word_1_549' title='bbox 1159 4885 1252 4953; x_wconf 91' lang='lat' dir='ltr'>iis,</span> <span class='ocrx_word' id='word_1_550' title='bbox 1281 4902 1407 4956; x_wconf 82' lang='lat' dir='ltr'>quae</span> <span class='ocrx_word' id='word_1_551' title='bbox 1431 4884 1557 4955; x_wconf 92' lang='lat' dir='ltr'>ipse</span> <span class='ocrx_word' id='word_1_552' title='bbox 1576 4885 1997 4952; x_wconf 89' lang='lat' dir='ltr'>transtulisset,</span> 
     </span>
    </p>
   </div>
   <div class='ocr_carea' id='block_1_81' title="bbox 355 4974 2002 5046">
    <p class='ocr_par' dir='ltr' id='par_1_81' title="bbox 355 4974 2002 5046">
     <span class='ocr_line' id='line_1_81' title="bbox 355 4974 2002 5046; baseline -0.002 -15"><span class='ocrx_word' id='word_1_553' title='bbox 355 4994 468 5031; x_wconf 92' lang='lat' dir='ltr'>non</span> <span class='ocrx_word' id='word_1_554' title='bbox 501 4994 799 5032; x_wconf 90' lang='lat' dir='ltr'>summam</span> <span class='ocrx_word' id='word_1_555' title='bbox 851 4976 1166 5046; x_wconf 90' lang='lat' dir='ltr'>quamdam</span> <span class='ocrx_word' id='word_1_556' title='bbox 1219 4975 1545 5028; x_wconf 89' lang='lat' dir='ltr'>doctrinam</span> <span class='ocrx_word' id='word_1_557' title='bbox 1591 4978 1767 5043; x_wconf 90' lang='lat' dir='ltr'>atque</span> <span class='ocrx_word' id='word_1_558' title='bbox 1796 4974 2002 5028; x_wconf 90' lang='lat' dir='ltr'>indus-</span> 
     </span>
    </p>
   </div>
   <div class='ocr_carea' id='block_1_82' title="bbox 353 5059 2004 5135">
    <p class='ocr_par' dir='ltr' id='par_1_82' title="bbox 353 5059 2004 5135">
     <span class='ocr_line' id='line_1_82' title="bbox 353 5059 2004 5135; baseline -0.002 -16"><span class='ocrx_word' id='word_1_559' title='bbox 353 5067 545 5130; x_wconf 87' lang='lat' dir='ltr'>triam,</span> <span class='ocrx_word' id='word_1_560' title='bbox 570 5065 658 5117; x_wconf 73' lang='grc' dir='ltr'>καὶ</span> <span class='ocrx_word' id='word_1_561' title='bbox 682 5061 895 5117; x_wconf 78' lang='grc' dir='ltr'>πάντων</span> <span class='ocrx_word' id='word_1_562' title='bbox 919 5065 1026 5116; x_wconf 79' lang='grc' dir='ltr'>τῶν</span> <span class='ocrx_word' id='word_1_563' title='bbox 1053 5062 1249 5133; x_wconf 82' lang='grc' dir='ltr'>μώμου</span> <span class='ocrx_word' id='word_1_564' title='bbox 1278 5059 1450 5135; x_wconf 77' lang='grc' dir='ltr'>βελῶν</span> <span class='ocrx_word' id='word_1_565' title='bbox 1474 5059 1764 5135; x_wconf 75' lang='grc' dir='ltr'>ἀνωτὲραν,</span> <span class='ocrx_word' id='word_1_566' title='bbox 1785 5061 2004 5133; x_wconf 74' lang='lat' dir='ltr'>praesti-</span> 
     </span>
    </p>
   </div>
   <div class='ocr_carea' id='block_1_83' title="bbox 353 5153 2003 5222">
    <p class='ocr_par' dir='ltr' id='par_1_83' title="bbox 353 5153 2003 5222">
     <span class='ocr_line' id='line_1_83' title="bbox 353 5153 2003 5222; baseline -0.002 -13"><span class='ocrx_word' id='word_1_567' title='bbox 353 5154 542 5210; x_wconf 88' lang='lat' dir='ltr'>tisset.</span> <span class='ocrx_word' id='word_1_568' title='bbox 568 5155 678 5210; x_wconf 81' lang='lat' dir='ltr'>Sed</span> <span class='ocrx_word' id='word_1_569' title='bbox 713 5159 907 5208; x_wconf 90' lang='lat' dir='ltr'>tamen</span> <span class='ocrx_word' id='word_1_570' title='bbox 939 5169 1072 5207; x_wconf 91' lang='lat' dir='ltr'>cum</span> <span class='ocrx_word' id='word_1_571' title='bbox 1105 5153 1185 5206; x_wconf 89' lang='lat' dir='ltr'>ita</span> <span class='ocrx_word' id='word_1_572' title='bbox 1217 5153 1335 5206; x_wconf 85' lang='lat' dir='ltr'>fera</span> <span class='ocrx_word' id='word_1_573' title='bbox 1363 5156 1573 5206; x_wconf 85' lang='lat' dir='ltr'>natura</span> <span class='ocrx_word' id='word_1_574' title='bbox 1602 5157 2003 5222; x_wconf 87' lang='lat' dir='ltr'>comparatum</span> 
     </span>
    </p>
   </div>
   <div class='ocr_carea' id='block_1_84' title="bbox 355 5241 2008 5313">
    <p class='ocr_par' dir='ltr' id='par_1_84' title="bbox 355 5241 2008 5313">
     <span class='ocr_line' id='line_1_84' title="bbox 355 5241 2008 5313; baseline -0.001 -16"><span class='ocrx_word' id='word_1_575' title='bbox 355 5260 485 5298; x_wconf 90' lang='lat' dir='ltr'>esse</span> <span class='ocrx_word' id='word_1_576' title='bbox 516 5243 747 5308; x_wconf 90' lang='lat' dir='ltr'>scirem,</span> <span class='ocrx_word' id='word_1_577' title='bbox 771 5247 835 5297; x_wconf 92' lang='lat' dir='ltr'>ut</span> <span class='ocrx_word' id='word_1_578' title='bbox 867 5242 965 5313; x_wconf 89' lang='lat' dir='ltr'>qui</span> <span class='ocrx_word' id='word_1_579' title='bbox 991 5242 1048 5295; x_wconf 92' lang='lat' dir='ltr'>in</span> <span class='ocrx_word' id='word_1_580' title='bbox 1080 5241 1322 5295; x_wconf 89' lang='lat' dir='ltr'>aliorum</span> <span class='ocrx_word' id='word_1_581' title='bbox 1358 5241 1595 5311; x_wconf 88' lang='lat' dir='ltr'>scriptis</span> <span class='ocrx_word' id='word_1_582' title='bbox 1621 5241 1930 5296; x_wconf 88' lang='lat' dir='ltr'>censendis</span> <span class='ocrx_word' id='word_1_583' title='bbox 1951 5244 2008 5296; x_wconf 88' lang='lat' dir='ltr'>et</span> 
     </span>
    </p>
   </div>
   <div class='ocr_carea' id='block_1_85' title="bbox 355 5330 2009 5404">
    <p class='ocr_par' dir='ltr' id='par_1_85' title="bbox 355 5330 2009 5404">
     <span class='ocr_line' id='line_1_85' title="bbox 355 5330 2009 5404; baseline -0.002 -17"><span class='ocrx_word' id='word_1_584' title='bbox 355 5333 666 5404; x_wconf 88' lang='lat' dir='ltr'>carpendis</span> <span class='ocrx_word' id='word_1_585' title='bbox 691 5333 961 5387; x_wconf 90' lang='lat' dir='ltr'>lubenter</span> <span class='ocrx_word' id='word_1_586' title='bbox 989 5335 1314 5400; x_wconf 80' lang='lat' dir='ltr'>versantur,</span> <span class='ocrx_word' id='word_1_587' title='bbox 1349 5330 1642 5384; x_wconf 89' lang='lat' dir='ltr'>interdum</span> <span class='ocrx_word' id='word_1_588' title='bbox 1671 5330 1730 5384; x_wconf 90' lang='lat' dir='ltr'>in</span> <span class='ocrx_word' id='word_1_589' title='bbox 1758 5330 1881 5384; x_wconf 89' lang='lat' dir='ltr'>suis</span> <span class='ocrx_word' id='word_1_590' title='bbox 1908 5346 2009 5384; x_wconf 66' lang='lat' dir='ltr'>ca-</span> 
     </span>
    </p>
   </div>
   <div class='ocr_carea' id='block_1_86' title="bbox 356 5419 2010 5490">
    <p class='ocr_par' dir='ltr' id='par_1_86' title="bbox 356 5419 2010 5490">
     <span class='ocr_line' id='line_1_86' title="bbox 356 5419 2010 5490; baseline -0.002 -13"><span class='ocrx_word' id='word_1_591' title='bbox 356 5421 605 5488; x_wconf 88' lang='lat' dir='ltr'>cutiant,</span> <span class='ocrx_word' id='word_1_592' title='bbox 649 5423 708 5477; x_wconf 90' lang='lat' dir='ltr'>in</span> <span class='ocrx_word' id='word_1_593' title='bbox 758 5427 1014 5476; x_wconf 90' lang='lat' dir='ltr'>mentem</span> <span class='ocrx_word' id='word_1_594' title='bbox 1067 5419 1212 5474; x_wconf 89' lang='lat' dir='ltr'>mihi</span> <span class='ocrx_word' id='word_1_595' title='bbox 1259 5419 1414 5473; x_wconf 90' lang='lat' dir='ltr'>venit</span> <span class='ocrx_word' id='word_1_596' title='bbox 1462 5419 1728 5490; x_wconf 88' lang='lat' dir='ltr'>experiri,</span> <span class='ocrx_word' id='word_1_597' title='bbox 1780 5436 1852 5474; x_wconf 84' lang='lat' dir='ltr'>an</span> <span class='ocrx_word' id='word_1_598' title='bbox 1885 5419 2010 5490; x_wconf 91' lang='lat' dir='ltr'>ipse</span> 
     </span>
    </p>
   </div>
   <div class='ocr_carea' id='block_1_87' title="bbox 358 5505 2010 5584">
    <p class='ocr_par' dir='ltr' id='par_1_87' title="bbox 358 5505 2010 5584">
     <span class='ocr_line' id='line_1_87' title="bbox 358 5505 2010 5584; baseline -0.002 -17"><span class='ocrx_word' id='word_1_599' title='bbox 358 5511 470 5567; x_wconf 89' lang='lat' dir='ltr'>hoc</span> <span class='ocrx_word' id='word_1_600' title='bbox 500 5511 558 5564; x_wconf 92' lang='lat' dir='ltr'>in</span> <span class='ocrx_word' id='word_1_601' title='bbox 607 5527 816 5584; x_wconf 89' lang='lat' dir='ltr'>genere</span> <span class='ocrx_word' id='word_1_602' title='bbox 866 5511 1012 5579; x_wconf 83' lang='grc' dir='ltr'>αύτῷ</span> <span class='ocrx_word' id='word_1_603' title='bbox 1058 5510 1136 5578; x_wconf 83' lang='grc' dir='ltr'>τῷ</span> <span class='ocrx_word' id='word_1_604' title='bbox 1187 5505 1387 5582; x_wconf 70' lang='grc' dir='ltr'>μέτρῳ,</span> <span class='ocrx_word' id='word_1_605' title='bbox 1441 5512 1508 5563; x_wconf 90' lang='lat' dir='ltr'>ut</span> <span class='ocrx_word' id='word_1_606' title='bbox 1555 5508 1791 5564; x_wconf 87' lang='lat' dir='ltr'>Hesiodi</span> <span class='ocrx_word' id='word_1_607' title='bbox 1837 5509 2010 5564; x_wconf 92' lang='lat' dir='ltr'>verbo</span> 
     </span>
    </p>
   </div>
   <div class='ocr_carea' id='block_1_88' title="bbox 363 5596 2012 5672">
    <p class='ocr_par' dir='ltr' id='par_1_88' title="bbox 363 5596 2012 5672">
     <span class='ocr_line' id='line_1_88' title="bbox 363 5596 2012 5672; baseline -0.001 -18"><span class='ocrx_word' id='word_1_608' title='bbox 363 5604 516 5670; x_wconf 87' lang='lat' dir='ltr'>utar,</span> <span class='ocrx_word' id='word_1_609' title='bbox 550 5601 801 5672; x_wconf 88' lang='lat' dir='ltr'>gratiam</span> <span class='ocrx_word' id='word_1_610' title='bbox 832 5599 884 5656; x_wconf 91' lang='lat' dir='ltr'>ei</span> <span class='ocrx_word' id='word_1_611' title='bbox 916 5596 1175 5655; x_wconf 89' lang='lat' dir='ltr'>remetiri</span> <span class='ocrx_word' id='word_1_612' title='bbox 1209 5613 1462 5668; x_wconf 90' lang='lat' dir='ltr'>possem.</span> <span class='ocrx_word' id='word_1_613' title='bbox 1502 5597 1702 5668; x_wconf 89' lang='lat' dir='ltr'>Neque</span> <span class='ocrx_word' id='word_1_614' title='bbox 1731 5597 1886 5655; x_wconf 76' lang='lat' dir='ltr'>enim</span> <span class='ocrx_word' id='word_1_615' title='bbox 1916 5615 2012 5653; x_wconf 88' lang='lat' dir='ltr'>ar-</span> 
     </span>
    </p>
   </div>
   <div class='ocr_carea' id='block_1_89' title="bbox 362 5684 2009 5762">
    <p class='ocr_par' dir='ltr' id='par_1_89' title="bbox 362 5684 2009 5762">
     <span class='ocr_line' id='line_1_89' title="bbox 362 5684 2009 5762; baseline -0.001 -18"><span class='ocrx_word' id='word_1_616' title='bbox 362 5689 648 5762; x_wconf 80' lang='lat' dir='ltr'>bitrabar,</span> <span class='ocrx_word' id='word_1_617' title='bbox 667 5706 781 5747; x_wconf 88' lang='lat' dir='ltr'>non</span> <span class='ocrx_word' id='word_1_618' title='bbox 804 5690 936 5747; x_wconf 90' lang='lat' dir='ltr'>dico</span> <span class='ocrx_word' id='word_1_619' title='bbox 967 5702 1328 5762; x_wconf 78' lang='lat' dir='ltr'>quamquam</span> <span class='ocrx_word' id='word_1_620' title='bbox 1355 5684 1558 5759; x_wconf 77' lang='lat' dir='ltr'>alium,</span> <span class='ocrx_word' id='word_1_621' title='bbox 1586 5687 1687 5742; x_wconf 88' lang='lat' dir='ltr'>sed</span> <span class='ocrx_word' id='word_1_622' title='bbox 1710 5703 1782 5743; x_wconf 90' lang='lat' dir='ltr'>ne</span> <span class='ocrx_word' id='word_1_623' title='bbox 1812 5687 2009 5760; x_wconf 90' lang='lat' dir='ltr'>ipsum</span> 
     </span>
    </p>
   </div>
   <div class='ocr_carea' id='block_1_90' title="bbox 2093 3816 3741 3894">
    <p class='ocr_par' dir='ltr' id='par_1_90' title="bbox 2093 3816 3741 3894">
     <span class='ocr_line' id='line_1_90' title="bbox 2093 3816 3741 3894; baseline 0.004 -24"><span class='ocrx_word' id='word_1_624' title='bbox 2093 3816 2332 3886; x_wconf 90' lang='lat' dir='ltr'>quidem</span> <span class='ocrx_word' id='word_1_625' title='bbox 2364 3817 2842 3886; x_wconf 87' lang='lat' dir='ltr'>Leuvenklaium,</span> <span class='ocrx_word' id='word_1_626' title='bbox 2875 3819 3075 3891; x_wconf 90' lang='lat' dir='ltr'>iniquo</span> <span class='ocrx_word' id='word_1_627' title='bbox 3116 3820 3310 3874; x_wconf 87' lang='lat' dir='ltr'>animo</span> <span class='ocrx_word' id='word_1_628' title='bbox 3355 3820 3632 3892; x_wconf 89' lang='lat' dir='ltr'>laturum,</span> <span class='ocrx_word' id='word_1_629' title='bbox 3667 3821 3741 3894; x_wconf 86' lang='lat' dir='ltr'>si,</span> 
     </span>
    </p>
   </div>
   <div class='ocr_carea' id='block_1_91' title="bbox 2097 3903 3741 3981">
    <p class='ocr_par' dir='ltr' id='par_1_91' title="bbox 2097 3903 3741 3981">
     <span class='ocr_line' id='line_1_91' title="bbox 2097 3903 3741 3981; baseline 0.005 -23"><span class='ocrx_word' id='word_1_630' title='bbox 2097 3905 2250 3975; x_wconf 92' lang='lat' dir='ltr'>quod</span> <span class='ocrx_word' id='word_1_631' title='bbox 2280 3903 2549 3974; x_wconf 88' lang='lat' dir='ltr'>illejuris</span> <span class='ocrx_word' id='word_1_632' title='bbox 2581 3905 2639 3959; x_wconf 89' lang='lat' dir='ltr'>in</span> <span class='ocrx_word' id='word_1_633' title='bbox 2673 3922 2764 3960; x_wconf 91' lang='lat' dir='ltr'>me</span> <span class='ocrx_word' id='word_1_634' title='bbox 2813 3907 3184 3977; x_wconf 89' lang='lat' dir='ltr'>sumpsisset,</span> <span class='ocrx_word' id='word_1_635' title='bbox 3216 3909 3370 3963; x_wconf 93' lang='lat' dir='ltr'>idem</span> <span class='ocrx_word' id='word_1_636' title='bbox 3417 3927 3649 3981; x_wconf 88' lang='lat' dir='ltr'>quoque</span> <span class='ocrx_word' id='word_1_637' title='bbox 3682 3912 3741 3966; x_wconf 90' lang='lat' dir='ltr'>in</span> 
     </span>
    </p>
   </div>
   <div class='ocr_carea' id='block_1_92' title="bbox 2098 3994 3742 4066">
    <p class='ocr_par' dir='ltr' id='par_1_92' title="bbox 2098 3994 3742 4066">
     <span class='ocr_line' id='line_1_92' title="bbox 2098 3994 3742 4066; baseline 0.004 -19"><span class='ocrx_word' id='word_1_638' title='bbox 2098 4009 2230 4048; x_wconf 88' lang='lat' dir='ltr'>eum</span> <span class='ocrx_word' id='word_1_639' title='bbox 2263 4010 2630 4064; x_wconf 90' lang='lat' dir='ltr'>usurparcm.</span> <span class='ocrx_word' id='word_1_640' title='bbox 2667 3994 2852 4064; x_wconf 84' lang='lat' dir='ltr'>Hujus</span> <span class='ocrx_word' id='word_1_641' title='bbox 2884 4013 3052 4066; x_wconf 89' lang='lat' dir='ltr'>porro</span> <span class='ocrx_word' id='word_1_642' title='bbox 3076 3997 3177 4064; x_wconf 88' lang='lat' dir='ltr'>rei,</span> <span class='ocrx_word' id='word_1_643' title='bbox 3213 4014 3323 4052; x_wconf 92' lang='lat' dir='ltr'>non</span> <span class='ocrx_word' id='word_1_644' title='bbox 3348 4014 3415 4052; x_wconf 80' lang='lat' dir='ltr'>ex</span> <span class='ocrx_word' id='word_1_645' title='bbox 3445 4000 3742 4066; x_wconf 90' lang='lat' dir='ltr'>omnibus,</span> 
     </span>
    </p>
   </div>
   <div class='ocr_carea' id='block_1_93' title="bbox 2101 4081 3742 4156">
    <p class='ocr_par' dir='ltr' id='par_1_93' title="bbox 2101 4081 3742 4156">
     <span class='ocr_line' id='line_1_93' title="bbox 2101 4081 3742 4156; baseline 0.005 -21"><span class='ocrx_word' id='word_1_646' title='bbox 2101 4098 2227 4152; x_wconf 68' lang='lat' dir='ltr'>quae</span> <span class='ocrx_word' id='word_1_647' title='bbox 2259 4099 2325 4136; x_wconf 84' lang='lat' dir='ltr'>ex</span> <span class='ocrx_word' id='word_1_648' title='bbox 2356 4081 2464 4137; x_wconf 90' lang='lat' dir='ltr'>hoc</span> <span class='ocrx_word' id='word_1_649' title='bbox 2488 4088 2720 4138; x_wconf 85' lang='lat' dir='ltr'>auctore</span> <span class='ocrx_word' id='word_1_650' title='bbox 2750 4084 3047 4139; x_wconf 87' lang='lat' dir='ltr'>transtulit</span> <span class='ocrx_word' id='word_1_651' title='bbox 3070 4085 3268 4156; x_wconf 89' lang='lat' dir='ltr'>(nimis</span> <span class='ocrx_word' id='word_1_652' title='bbox 3291 4087 3446 4141; x_wconf 91' lang='lat' dir='ltr'>enim</span> <span class='ocrx_word' id='word_1_653' title='bbox 3481 4088 3588 4143; x_wconf 94' lang='lat' dir='ltr'>hoc</span> <span class='ocrx_word' id='word_1_654' title='bbox 3618 4089 3742 4143; x_wconf 95' lang='lat' dir='ltr'>lon-</span> 
     </span>
    </p>
   </div>
   <div class='ocr_carea' id='block_1_94' title="bbox 2102 4171 3748 4242">
    <p class='ocr_par' dir='ltr' id='par_1_94' title="bbox 2102 4171 3748 4242">
     <span class='ocr_line' id='line_1_94' title="bbox 2102 4171 3748 4242; baseline 0.005 -18"><span class='ocrx_word' id='word_1_655' title='bbox 2102 4186 2239 4242; x_wconf 89' lang='lat' dir='ltr'>gum</span> <span class='ocrx_word' id='word_1_656' title='bbox 2276 4171 2500 4241; x_wconf 73' lang='lat' dir='ltr'>fuisset,</span> <span class='ocrx_word' id='word_1_657' title='bbox 2527 4189 2630 4226; x_wconf 90' lang='lat' dir='ltr'>nec</span> <span class='ocrx_word' id='word_1_658' title='bbox 2653 4172 2885 4228; x_wconf 90' lang='lat' dir='ltr'>animus</span> <span class='ocrx_word' id='word_1_659' title='bbox 2909 4178 3031 4228; x_wconf 89' lang='lat' dir='ltr'>erat</span> <span class='ocrx_word' id='word_1_660' title='bbox 3053 4176 3234 4229; x_wconf 91' lang='lat' dir='ltr'>bonas</span> <span class='ocrx_word' id='word_1_661' title='bbox 3258 4175 3430 4230; x_wconf 88' lang='lat' dir='ltr'>horas</span> <span class='ocrx_word' id='word_1_662' title='bbox 3454 4184 3569 4231; x_wconf 83' lang='lat' dir='ltr'>tam</span> <span class='ocrx_word' id='word_1_663' title='bbox 3596 4178 3748 4233; x_wconf 88' lang='lat' dir='ltr'>male</span> 
     </span>
    </p>
   </div>
   <div class='ocr_carea' id='block_1_95' title="bbox 2104 4260 3750 4336">
    <p class='ocr_par' dir='ltr' id='par_1_95' title="bbox 2104 4260 3750 4336">
     <span class='ocr_line' id='line_1_95' title="bbox 2104 4260 3750 4336; baseline 0.005 -23"><span class='ocrx_word' id='word_1_664' title='bbox 2104 4260 2426 4331; x_wconf 87' lang='lat' dir='ltr'>collocare),</span> <span class='ocrx_word' id='word_1_665' title='bbox 2462 4261 2560 4315; x_wconf 91' lang='lat' dir='ltr'>sed</span> <span class='ocrx_word' id='word_1_666' title='bbox 2594 4277 2662 4316; x_wconf 84' lang='lat' dir='ltr'>ex</span> <span class='ocrx_word' id='word_1_667' title='bbox 2691 4263 2862 4318; x_wconf 90' lang='lat' dir='ltr'>unico</span> <span class='ocrx_word' id='word_1_668' title='bbox 2895 4263 3172 4332; x_wconf 90' lang='lat' dir='ltr'>opusculo</span> <span class='ocrx_word' id='word_1_669' title='bbox 3201 4264 3528 4336; x_wconf 89' lang='lat' dir='ltr'>periculum</span> <span class='ocrx_word' id='word_1_670' title='bbox 3563 4267 3750 4322; x_wconf 83' lang='lat' dir='ltr'>facere</span> 
     </span>
    </p>
   </div>
   <div class='ocr_carea' id='block_1_96' title="bbox 2104 4348 3750 4424">
    <p class='ocr_par' dir='ltr' id='par_1_96' title="bbox 2104 4348 3750 4424">
     <span class='ocr_line' id='line_1_96' title="bbox 2104 4348 3750 4424; baseline 0.005 -22"><span class='ocrx_word' id='word_1_671' title='bbox 2104 4348 2342 4420; x_wconf 89' lang='lat' dir='ltr'>placuit,</span> <span class='ocrx_word' id='word_1_672' title='bbox 2378 4357 2429 4404; x_wconf 81' lang='lat' dir='ltr'>et</span> <span class='ocrx_word' id='word_1_673' title='bbox 2478 4349 2709 4421; x_wconf 88' lang='lat' dir='ltr'>quidem</span> <span class='ocrx_word' id='word_1_674' title='bbox 2754 4369 2821 4406; x_wconf 83' lang='lat' dir='ltr'>ex</span> <span class='ocrx_word' id='word_1_675' title='bbox 2869 4368 2954 4424; x_wconf 94' lang='lat' dir='ltr'>eo,</span> <span class='ocrx_word' id='word_1_676' title='bbox 3007 4353 3161 4424; x_wconf 90' lang='lat' dir='ltr'>quod</span> <span class='ocrx_word' id='word_1_677' title='bbox 3207 4353 3384 4409; x_wconf 87' lang='lat' dir='ltr'>totius</span> <span class='ocrx_word' id='word_1_678' title='bbox 3433 4354 3750 4411; x_wconf 83' lang='lat' dir='ltr'>voluminis</span> 
     </span>
    </p>
   </div>
   <div class='ocr_carea' id='block_1_97' title="bbox 2106 4437 3750 4512">
    <p class='ocr_par' dir='ltr' id='par_1_97' title="bbox 2106 4437 3750 4512">
     <span class='ocr_line' id='line_1_97' title="bbox 2106 4437 3750 4512; baseline 0.004 -20"><span class='ocrx_word' id='word_1_679' title='bbox 2106 4437 2265 4492; x_wconf 84' lang='lat' dir='ltr'>frons</span> <span class='ocrx_word' id='word_1_680' title='bbox 2297 4441 2455 4493; x_wconf 89' lang='lat' dir='ltr'>erat:</span> <span class='ocrx_word' id='word_1_681' title='bbox 2489 4443 2554 4492; x_wconf 91' lang='lat' dir='ltr'>ut</span> <span class='ocrx_word' id='word_1_682' title='bbox 2574 4439 2816 4510; x_wconf 90' lang='lat' dir='ltr'>proinde</span> <span class='ocrx_word' id='word_1_683' title='bbox 2838 4441 2982 4496; x_wconf 89' lang='lat' dir='ltr'>mihi</span> <span class='ocrx_word' id='word_1_684' title='bbox 3007 4458 3213 4512; x_wconf 89' lang='lat' dir='ltr'>parum</span> <span class='ocrx_word' id='word_1_685' title='bbox 3236 4443 3552 4499; x_wconf 86' lang='lat' dir='ltr'>verisimile</span> <span class='ocrx_word' id='word_1_686' title='bbox 3573 4449 3750 4512; x_wconf 89' lang='lat' dir='ltr'>esset,</span> 
     </span>
    </p>
   </div>
   <div class='ocr_carea' id='block_1_98' title="bbox 2107 4527 3752 4602">
    <p class='ocr_par' dir='ltr' id='par_1_98' title="bbox 2107 4527 3752 4602">
     <span class='ocr_line' id='line_1_98' title="bbox 2107 4527 3752 4602; baseline 0.004 -21"><span class='ocrx_word' id='word_1_687' title='bbox 2107 4527 2292 4581; x_wconf 85' lang='lat' dir='ltr'>multa</span> <span class='ocrx_word' id='word_1_688' title='bbox 2318 4527 2435 4581; x_wconf 89' lang='lat' dir='ltr'>illic</span> <span class='ocrx_word' id='word_1_689' title='bbox 2467 4528 2679 4583; x_wconf 70' lang='lat' dir='ltr'>offendi</span> <span class='ocrx_word' id='word_1_690' title='bbox 2713 4546 2902 4600; x_wconf 89' lang='lat' dir='ltr'>posse,</span> <span class='ocrx_word' id='word_1_691' title='bbox 2937 4548 3061 4601; x_wconf 86' lang='lat' dir='ltr'>quas</span> <span class='ocrx_word' id='word_1_692' title='bbox 3110 4533 3487 4602; x_wconf 84' lang='lat' dir='ltr'>quantumvis</span> <span class='ocrx_word' id='word_1_693' title='bbox 3520 4549 3752 4589; x_wconf 92' lang='lat' dir='ltr'>moroso</span> 
     </span>
    </p>
   </div>
   <div class='ocr_carea' id='block_1_99' title="bbox 2027 4585 3756 4693">
    <p class='ocr_par' dir='ltr' id='par_1_99' title="bbox 2027 4585 3756 4693">
     <span class='ocr_line' id='line_1_99' title="bbox 2027 4585 3756 4693; baseline 0.005 -24"><span class='ocrx_word' id='word_1_694' title='bbox 2027 4585 2073 4649; x_wconf 83' lang='lat' dir='ltr'><strong>D</strong></span> <span class='ocrx_word' id='word_1_695' title='bbox 2104 4615 2302 4670; x_wconf 91' lang='lat' dir='ltr'>lectori</span> <span class='ocrx_word' id='word_1_696' title='bbox 2333 4616 2530 4670; x_wconf 89' lang='lat' dir='ltr'>minus</span> <span class='ocrx_word' id='word_1_697' title='bbox 2555 4617 2988 4674; x_wconf 80' lang='lat' dir='ltr'>satisfacerent:</span> <span class='ocrx_word' id='word_1_698' title='bbox 3025 4621 3521 4693; x_wconf 89' lang='lat' dir='ltr'>quandoquidem,</span> <span class='ocrx_word' id='word_1_699' title='bbox 3546 4621 3592 4677; x_wconf 91' lang='lat' dir='ltr'>si</span> <span class='ocrx_word' id='word_1_700' title='bbox 3618 4622 3756 4692; x_wconf 86' lang='lat' dir='ltr'>quid</span> 
     </span>
    </p>
   </div>
   <div class='ocr_carea' id='block_1_100' title="bbox 2108 4703 3756 4780">
    <p class='ocr_par' dir='ltr' id='par_1_100' title="bbox 2108 4703 3756 4780">
     <span class='ocr_line' id='line_1_100' title="bbox 2108 4703 3756 4780; baseline 0.004 -21"><span class='ocrx_word' id='word_1_701' title='bbox 2108 4709 2197 4759; x_wconf 89' lang='lat' dir='ltr'>est</span> <span class='ocrx_word' id='word_1_702' title='bbox 2227 4703 2284 4758; x_wconf 92' lang='lat' dir='ltr'>in</span> <span class='ocrx_word' id='word_1_703' title='bbox 2319 4704 2436 4759; x_wconf 93' lang='lat' dir='ltr'>ullo</span> <span class='ocrx_word' id='word_1_704' title='bbox 2484 4704 2722 4761; x_wconf 87' lang='lat' dir='ltr'>homine</span> <span class='ocrx_word' id='word_1_705' title='bbox 2771 4708 3009 4780; x_wconf 89' lang='lat' dir='ltr'>ingenii,</span> <span class='ocrx_word' id='word_1_706' title='bbox 3044 4709 3092 4764; x_wconf 89' lang='lat' dir='ltr'>si</span> <span class='ocrx_word' id='word_1_707' title='bbox 3142 4709 3280 4780; x_wconf 92' lang='lat' dir='ltr'>quid</span> <span class='ocrx_word' id='word_1_708' title='bbox 3332 4710 3654 4777; x_wconf 76' lang='lat' dir='ltr'>industriae,</span> <span class='ocrx_word' id='word_1_709' title='bbox 3689 4727 3756 4766; x_wconf 90' lang='lat' dir='ltr'>ac</span> 
     </span>
    </p>
   </div>
   <div class='ocr_carea' id='block_1_101' title="bbox 2110 4792 3756 4869">
    <p class='ocr_par' dir='ltr' id='par_1_101' title="bbox 2110 4792 3756 4869">
     <span class='ocr_line' id='line_1_101' title="bbox 2110 4792 3756 4869; baseline 0.005 -22"><span class='ocrx_word' id='word_1_710' title='bbox 2110 4792 2443 4865; x_wconf 69' lang='lat' dir='ltr'>diligentia),</span> <span class='ocrx_word' id='word_1_711' title='bbox 2462 4794 2518 4849; x_wconf 88' lang='lat' dir='ltr'>id</span> <span class='ocrx_word' id='word_1_712' title='bbox 2543 4795 2600 4850; x_wconf 91' lang='lat' dir='ltr'>in</span> <span class='ocrx_word' id='word_1_713' title='bbox 2615 4797 2804 4867; x_wconf 90' lang='lat' dir='ltr'>operis</span> <span class='ocrx_word' id='word_1_714' title='bbox 2826 4797 3109 4869; x_wconf 90' lang='lat' dir='ltr'>principio</span> <span class='ocrx_word' id='word_1_715' title='bbox 3131 4798 3503 4869; x_wconf 88' lang='lat' dir='ltr'>potissimum</span> <span class='ocrx_word' id='word_1_716' title='bbox 3528 4799 3756 4855; x_wconf 84' lang='lat' dir='ltr'>elucere</span> 
     </span>
    </p>
   </div>
   <div class='ocr_carea' id='block_1_102' title="bbox 2113 4883 3755 4959">
    <p class='ocr_par' dir='ltr' id='par_1_102' title="bbox 2113 4883 3755 4959">
     <span class='ocr_line' id='line_1_102' title="bbox 2113 4883 3755 4959; baseline 0.003 -21"><span class='ocrx_word' id='word_1_717' title='bbox 2113 4883 2258 4938; x_wconf 89' lang='lat' dir='ltr'>solet</span> <span class='ocrx_word' id='word_1_718' title='bbox 2286 4901 2297 4938; x_wconf 89' lang='lat'>:</span> <span class='ocrx_word' id='word_1_719' title='bbox 2335 4900 2438 4938; x_wconf 92' lang='lat' dir='ltr'>nec</span> <span class='ocrx_word' id='word_1_720' title='bbox 2470 4884 2586 4939; x_wconf 82' lang='lat' dir='ltr'>fere</span> <span class='ocrx_word' id='word_1_721' title='bbox 2617 4885 2928 4956; x_wconf 88' lang='lat' dir='ltr'>quisquam</span> <span class='ocrx_word' id='word_1_722' title='bbox 2963 4887 3076 4942; x_wconf 90' lang='lat' dir='ltr'>nisi</span> <span class='ocrx_word' id='word_1_723' title='bbox 3106 4887 3277 4959; x_wconf 85' lang='lat' dir='ltr'>plane</span> <span class='ocrx_word' id='word_1_724' title='bbox 3303 4887 3598 4958; x_wconf 90' lang='lat' dir='ltr'>stupidus,</span> <span class='ocrx_word' id='word_1_725' title='bbox 3633 4892 3755 4943; x_wconf 88' lang='lat' dir='ltr'>tam</span> 
     </span>
    </p>
   </div>
   <div class='ocr_carea' id='block_1_103' title="bbox 2111 4973 3759 5048">
    <p class='ocr_par' dir='ltr' id='par_1_103' title="bbox 2111 4973 3759 5048">
     <span class='ocr_line' id='line_1_103' title="bbox 2111 4973 3759 5048; baseline 0.004 -23"><span class='ocrx_word' id='word_1_726' title='bbox 2111 4973 2221 5026; x_wconf 90' lang='lat' dir='ltr'>cito</span> <span class='ocrx_word' id='word_1_727' title='bbox 2256 4973 2588 5040; x_wconf 91' lang='lat' dir='ltr'>dormitare,</span> <span class='ocrx_word' id='word_1_728' title='bbox 2624 4976 2841 5029; x_wconf 89' lang='lat' dir='ltr'>nedum</span> <span class='ocrx_word' id='word_1_729' title='bbox 2875 4980 3115 5030; x_wconf 86' lang='lat' dir='ltr'>stertere</span> <span class='ocrx_word' id='word_1_730' title='bbox 3147 4976 3369 5046; x_wconf 90' lang='lat' dir='ltr'>incipit.</span> <span class='ocrx_word' id='word_1_731' title='bbox 3400 4976 3759 5048; x_wconf 89' lang='lat' dir='ltr'>Hancigitur</span> 
     </span>
    </p>
   </div>
   <div class='ocr_carea' id='block_1_104' title="bbox 2110 5061 3760 5137">
    <p class='ocr_par' dir='ltr' id='par_1_104' title="bbox 2110 5061 3760 5137">
     <span class='ocr_line' id='line_1_104' title="bbox 2110 5061 3760 5137; baseline 0.005 -24"><span class='ocrx_word' id='word_1_732' title='bbox 2110 5061 2304 5115; x_wconf 87' lang='lat' dir='ltr'>Vitam</span> <span class='ocrx_word' id='word_1_733' title='bbox 2329 5078 2462 5116; x_wconf 90' lang='lat' dir='ltr'>cum</span> <span class='ocrx_word' id='word_1_734' title='bbox 2490 5062 2873 5119; x_wconf 84' lang='lat' dir='ltr'>attentissime</span> <span class='ocrx_word' id='word_1_735' title='bbox 2898 5065 3292 5137; x_wconf 87' lang='lat' dir='ltr'>perlegissem,</span> <span class='ocrx_word' id='word_1_736' title='bbox 3317 5082 3447 5119; x_wconf 91' lang='lat' dir='ltr'>cum</span> <span class='ocrx_word' id='word_1_737' title='bbox 3473 5083 3656 5137; x_wconf 82' lang='lat' dir='ltr'>eaque</span> <span class='ocrx_word' id='word_1_738' title='bbox 3678 5067 3760 5137; x_wconf 89' lang='lat' dir='ltr'>ip-</span> 
     </span>
    </p>
   </div>
   <div class='ocr_carea' id='block_1_105' title="bbox 2114 5149 3764 5225">
    <p class='ocr_par' dir='ltr' id='par_1_105' title="bbox 2114 5149 3764 5225">
     <span class='ocr_line' id='line_1_105' title="bbox 2114 5149 3764 5225; baseline 0.004 -22"><span class='ocrx_word' id='word_1_739' title='bbox 2114 5149 2237 5204; x_wconf 88' lang='lat' dir='ltr'>sius</span> <span class='ocrx_word' id='word_1_740' title='bbox 2255 5151 2698 5206; x_wconf 89' lang='lat' dir='ltr'>translationem</span> <span class='ocrx_word' id='word_1_741' title='bbox 2717 5153 3091 5209; x_wconf 89' lang='lat' dir='ltr'>contulissem</span> <span class='ocrx_word' id='word_1_742' title='bbox 3105 5195 3117 5218; x_wconf 95' lang='lat'>,</span> <span class='ocrx_word' id='word_1_743' title='bbox 3135 5170 3345 5225; x_wconf 88' lang='lat' dir='ltr'>magna</span> <span class='ocrx_word' id='word_1_744' title='bbox 3358 5171 3496 5208; x_wconf 88' lang='lat' dir='ltr'>sane</span> <span class='ocrx_word' id='word_1_745' title='bbox 3514 5155 3582 5208; x_wconf 88' lang='lat' dir='ltr'>ad</span> <span class='ocrx_word' id='word_1_746' title='bbox 3594 5156 3764 5210; x_wconf 88' lang='lat' dir='ltr'>mira-</span> 
     </span>
    </p>
   </div>
   <div class='ocr_carea' id='block_1_106' title="bbox 2117 5239 3764 5312">
    <p class='ocr_par' dir='ltr' id='par_1_106' title="bbox 2117 5239 3764 5312">
     <span class='ocr_line' id='line_1_106' title="bbox 2117 5239 3764 5312; baseline 0.004 -20"><span class='ocrx_word' id='word_1_747' title='bbox 2117 5239 2273 5293; x_wconf 92' lang='lat' dir='ltr'>tione</span> <span class='ocrx_word' id='word_1_748' title='bbox 2287 5245 2522 5309; x_wconf 86' lang='lat' dir='ltr'>repente</span> <span class='ocrx_word' id='word_1_749' title='bbox 2536 5258 2599 5293; x_wconf 91' lang='lat' dir='ltr'>su</span> <span class='ocrx_word' id='word_1_750' title='bbox 2613 5257 2664 5293; x_wconf 92' lang='lat' dir='ltr'>m</span> <span class='ocrx_word' id='word_1_751' title='bbox 2691 5242 2950 5297; x_wconf 70' lang='lat' dir='ltr'>affectus.</span> <span class='ocrx_word' id='word_1_752' title='bbox 2969 5244 3144 5297; x_wconf 88' lang='lat' dir='ltr'>Plane</span> <span class='ocrx_word' id='word_1_753' title='bbox 3156 5244 3391 5312; x_wconf 86' lang='lat' dir='ltr'>etenim,</span> <span class='ocrx_word' id='word_1_754' title='bbox 3407 5247 3613 5297; x_wconf 90' lang='lat' dir='ltr'>utcum</span> <span class='ocrx_word' id='word_1_755' title='bbox 3631 5245 3764 5298; x_wconf 89' lang='lat' dir='ltr'>Gre-</span> 
     </span>
    </p>
   </div>
   <div class='ocr_carea' id='block_1_107' title="bbox 2118 5328 3763 5404">
    <p class='ocr_par' dir='ltr' id='par_1_107' title="bbox 2118 5328 3763 5404">
     <span class='ocr_line' id='line_1_107' title="bbox 2118 5328 3763 5404; baseline 0.003 -22"><span class='ocrx_word' id='word_1_756' title='bbox 2118 5328 2277 5398; x_wconf 91' lang='lat' dir='ltr'>gorio</span> <span class='ocrx_word' id='word_1_757' title='bbox 2309 5333 2508 5382; x_wconf 89' lang='lat' dir='ltr'>nostro</span> <span class='ocrx_word' id='word_1_758' title='bbox 2535 5328 2759 5400; x_wconf 88' lang='lat' dir='ltr'>loquar,</span> <span class='ocrx_word' id='word_1_759' title='bbox 2790 5330 2941 5404; x_wconf 83' lang='grc' dir='ltr'>εὗρον</span> <span class='ocrx_word' id='word_1_760' title='bbox 2972 5331 3442 5397; x_wconf 74' lang='grc' dir='ltr'>ἄπιστα.Εἰθῐ1ίΠι,</span> <span class='ocrx_word' id='word_1_761' title='bbox 3472 5336 3536 5385; x_wconf 91' lang='lat' dir='ltr'>ut</span> <span class='ocrx_word' id='word_1_762' title='bbox 3559 5349 3763 5387; x_wconf 86' lang='lat' dir='ltr'>versus</span> 
     </span>
    </p>
   </div>
   <div class='ocr_carea' id='block_1_108' title="bbox 2121 5413 3764 5493">
    <p class='ocr_par' dir='ltr' id='par_1_108' title="bbox 2121 5413 3764 5493">
     <span class='ocr_line' id='line_1_108' title="bbox 2121 5413 3764 5493; baseline 0.003 -22"><span class='ocrx_word' id='word_1_763' title='bbox 2121 5418 2278 5488; x_wconf 84' lang='lat' dir='ltr'>ipsos</span> <span class='ocrx_word' id='word_1_764' title='bbox 2301 5434 2414 5471; x_wconf 91' lang='lat' dir='ltr'>non</span> <span class='ocrx_word' id='word_1_765' title='bbox 2437 5413 2620 5478; x_wconf 78' lang='grc' dir='ltr'><strong>καλῶς</strong></span> <span class='ocrx_word' id='word_1_766' title='bbox 2645 5422 2732 5487; x_wconf 90' lang='lat' dir='ltr'>(ut</span> <span class='ocrx_word' id='word_1_767' title='bbox 2752 5421 2820 5475; x_wconf 92' lang='lat' dir='ltr'>de</span> <span class='ocrx_word' id='word_1_768' title='bbox 2845 5422 3083 5476; x_wconf 89' lang='lat' dir='ltr'>Platone</span> <span class='ocrx_word' id='word_1_769' title='bbox 3105 5422 3344 5493; x_wconf 87' lang='lat' dir='ltr'>Gorgias</span> <span class='ocrx_word' id='word_1_770' title='bbox 3376 5421 3646 5492; x_wconf 89' lang='lat' dir='ltr'>dicebat),</span> <span class='ocrx_word' id='word_1_771' title='bbox 3663 5422 3764 5476; x_wconf 88' lang='lat' dir='ltr'>sed</span> 
     </span>
    </p>
   </div>
   <div class='ocr_carea' id='block_1_109' title="bbox 2119 5505 3764 5584">
    <p class='ocr_par' dir='ltr' id='par_1_109' title="bbox 2119 5505 3764 5584">
     <span class='ocr_line' id='line_1_109' title="bbox 2119 5505 3764 5584; baseline 0.003 -24"><span class='ocrx_word' id='word_1_772' title='bbox 2119 5505 2344 5560; x_wconf 71' lang='grc' dir='ltr'>κάκιστα</span> <span class='ocrx_word' id='word_1_773' title='bbox 2373 5523 2615 5578; x_wconf 83' lang='lat' dir='ltr'>prorsus</span> <span class='ocrx_word' id='word_1_774' title='bbox 2654 5505 3024 5581; x_wconf 72' lang='grc' dir='ltr'>ἶαμϐίζοντκς,</span> <span class='ocrx_word' id='word_1_775' title='bbox 3076 5517 3251 5582; x_wconf 90' lang='lat' dir='ltr'>atque</span> <span class='ocrx_word' id='word_1_776' title='bbox 3284 5511 3499 5581; x_wconf 91' lang='lat' dir='ltr'>ubique</span> <span class='ocrx_word' id='word_1_777' title='bbox 3529 5530 3764 5584; x_wconf 82' lang='grc' dir='ltr'>παρανο-</span> 
     </span>
    </p>
   </div>
   <div class='ocr_carea' id='block_1_110' title="bbox 2127 5596 3766 5672">
    <p class='ocr_par' dir='ltr' id='par_1_110' title="bbox 2127 5596 3766 5672">
     <span class='ocr_line' id='line_1_110' title="bbox 2127 5596 3766 5672; baseline 0.005 -26"><span class='ocrx_word' id='word_1_778' title='bbox 2127 5598 2376 5666; x_wconf 73' lang='grc' dir='ltr'>μοῦντας,</span> <span class='ocrx_word' id='word_1_779' title='bbox 2410 5596 2697 5668; x_wconf 88' lang='lat' dir='ltr'>omittam,</span> <span class='ocrx_word' id='word_1_780' title='bbox 2733 5598 2923 5654; x_wconf 89' lang='lat' dir='ltr'>inveni</span> <span class='ocrx_word' id='word_1_781' title='bbox 2946 5617 3098 5669; x_wconf 90' lang='lat' dir='ltr'>eum,</span> <span class='ocrx_word' id='word_1_782' title='bbox 3131 5601 3225 5672; x_wconf 91' lang='lat' dir='ltr'>qui</span> <span class='ocrx_word' id='word_1_783' title='bbox 3247 5601 3492 5655; x_wconf 91' lang='lat' dir='ltr'>aliorum</span> <span class='ocrx_word' id='word_1_784' title='bbox 3524 5601 3766 5655; x_wconf 72' lang='lat' dir='ltr'>offendi-</span> 
     </span>
    </p>
   </div>
   <div class='ocr_carea' id='block_1_111' title="bbox 2124 5683 3765 5763">
    <p class='ocr_par' dir='ltr' id='par_1_111' title="bbox 2124 5683 3765 5763">
     <span class='ocr_line' id='line_1_111' title="bbox 2124 5683 3765 5763; baseline 0.004 -21"><span class='ocrx_word' id='word_1_785' title='bbox 2124 5683 2254 5742; x_wconf 86' lang='lat' dir='ltr'>cula</span> <span class='ocrx_word' id='word_1_786' title='bbox 2283 5688 2403 5741; x_wconf 89' lang='lat' dir='ltr'>tam</span> <span class='ocrx_word' id='word_1_787' title='bbox 2434 5685 2636 5742; x_wconf 89' lang='lat' dir='ltr'>sedulo</span> <span class='ocrx_word' id='word_1_788' title='bbox 2667 5688 2947 5762; x_wconf 83' lang='lat' dir='ltr'>explorat,</span> <span class='ocrx_word' id='word_1_789' title='bbox 2980 5689 3038 5746; x_wconf 91' lang='lat' dir='ltr'>in</span> <span class='ocrx_word' id='word_1_790' title='bbox 3070 5690 3195 5763; x_wconf 89' lang='lat' dir='ltr'>ipso</span> <span class='ocrx_word' id='word_1_791' title='bbox 3217 5689 3417 5746; x_wconf 89' lang='lat' dir='ltr'>limine</span> <span class='ocrx_word' id='word_1_792' title='bbox 3448 5687 3765 5763; x_wconf 85' lang='lat' dir='ltr'>plusquam</span> 
     </span>
    </p>
   </div>
  </div>
