4152 6286
379 337 496 398 359

1565 331 1740 392 FED.
1790 329 2137 392 MORELLI
2181 331 2594 395 PROCEMIA.

3669 344 3787 405 360

379 472 618 536 centies,
663 487 776 524 non
827 468 1026 523 leviter
1072 467 1481 536 offendentem,
1533 467 1632 521 sed
1683 463 2024 535 turpissime
2053 467 2105 533 Α
2137 467 2281 530 Quid
2304 467 3786 540 enimethnicus,quantumlibetChristianonomini

381 564 746 618 corruentem
773 557 1038 626 eum,qui
1069 573 1176 621 me,
1203 557 1250 609 si
1272 556 1410 627 quid
1439 557 1580 611 forte
1604 556 1660 609 in
1677 557 1884 612 Graecis
1902 556 2024 612 suis

379 650 677 706 codicibus
700 646 1005 709 invenerit,
1028 646 1178 712 quod
1200 663 1231 699 a
1253 645 1398 699 meis
1424 644 1751 710 dissentiat,
1769 645 1847 716 id,
1865 645 2023 700 nullo

378 739 638 795 adhibito
661 736 907 806 judicio,
941 740 1218 804 tanquam
1250 731 1472 805 ἕρμαιον
1514 734 1821 803 arripiens,
1858 739 2023 805 petu-

376 827 566 882 lanter
597 825 653 880 in
689 843 780 879 me
812 822 1095 889 insultat;
1128 823 1208 877 ita
1228 823 1491 877 hebetem
1520 828 1692 892 atque
1723 823 2020 888 obtusum,

379 921 443 971 ut
473 933 586 970 non
621 915 791 969 modo
824 912 1050 967 nullum
1085 912 1430 966 mendosum
1458 911 1807 966 vocabulum
1839 928 1942 981 per
1963 929 2024 966 se

377 1005 858 1066 animadvertere,
894 1002 1106 1054 nedum
1141 1001 1450 1054 emendare
1483 1001 1686 1070 possit,
1713 1001 1811 1054 sed
1849 1000 2022 1054 etiam

377 1091 760 1148 inlevissimis
785 1091 1115 1161 quibusque
1137 1089 1675 1157 interpunctionum
1692 1089 2023 1144 Graecarum

375 1181 531 1237 vitiis
563 1181 773 1234 misere
803 1178 1037 1242 hareat,
1073 1182 1246 1248 atque
1279 1178 1336 1231 in
1371 1194 1609 1232 sensum
1643 1177 1715 1230 ab
1767 1177 2023 1232 auctoris

376 1278 569 1325 mente
591 1267 1012 1324 alienissimum
1040 1282 1295 1338 praeceps
1318 1267 1537 1320 teratur
1561 1283 1571 1319 :
1593 1282 1726 1320 eum
1752 1266 2022 1336 denique,

375 1360 474 1430 qui
501 1360 676 1414 etiam
708 1357 1114 1412 celeberrimos
1160 1371 1423 1427 quosque
1465 1354 1718 1409 historiae
1750 1354 2021 1410 ecclesia-

377 1449 540 1503 sticae
571 1448 882 1517 scriptores
913 1443 1182 1515 exagitat,
1231 1445 1289 1498 in
1322 1443 1562 1497 historia
1607 1443 1686 1497 ita
1735 1444 1937 1497 rudem
1969 1449 2023 1498 et

368 1537 680 1608 hospitem,
715 1540 777 1589 ut
826 1551 894 1588 ne
929 1535 1161 1605 quidem
1216 1531 1274 1586 in
1323 1548 1435 1600 quo
1475 1532 1595 1585 Arii
1643 1549 1802 1586 error
1826 1531 2019 1585 consi-

368 1631 504 1691 stat,
542 1628 905 1696 perspectum
959 1624 1187 1686 habeat,
1238 1638 1436 1675 verum
1488 1637 1618 1674 eum
1664 1620 1816 1674 velut
1848 1616 2014 1690 ’διμυῆ

367 1715 682 1785 quemdam
715 1713 1047 1784 Cecropem,
1094 1710 1270 1765 simul
1321 1715 1377 1764 et
1427 1709 1792 1764 teterrimum
1838 1710 2016 1764 haere-

365 1803 679 1871 siarcham,
713 1806 767 1857 et
815 1801 1200 1855 orthodoxum
1252 1798 1417 1853 nobis
1454 1814 1555 1869 per
1603 1815 1895 1852 summam
1928 1799 2013 1852 in-
2046 1837 2089 1900 B

366 1892 591 1945 scitiam
625 1892 842 1961 pingat.
877 1891 1219 1959 Quanquam
1249 1887 1389 1940 Illud
1426 1892 1780 1957 postremum
1814 1887 2010 1942 minus

367 1980 577 2034 mirum
612 1977 790 2032 videri
831 1979 1021 2040 debet,
1074 1977 1130 2030 in
1165 1975 1400 2029 homine
1449 1975 1772 2045 prmsertim
1804 1976 1883 2029 ita
1915 1992 2008 2030 ca-

364 2067 638 2135 chectico,
675 2072 738 2121 ut
769 2066 818 2120 ei
844 2065 1030 2135 magis
1062 2063 1285 2134 placeat
1327 2064 1592 2116 Zosimus
1623 2063 1915 2130 ethnicus,
1949 2064 2006 2117 in

361 2158 607 2228 optimos
667 2157 1065 2226 imperatores,
1119 2169 1182 2206 ac
1230 2154 1300 2206 de
1355 2151 1681 2206 Christiana
1730 2151 2007 2223 religione

360 2245 630 2316 praeclare
660 2243 916 2310 meritos,
953 2242 1221 2296 caninam
1255 2257 1423 2295 suam
1457 2240 1675 2294 rabiem
1709 2256 2002 2308 evomens,

360 2351 532 2406 quam
570 2334 648 2404 pii
682 2332 1016 2403 scriptores,
1042 2348 1074 2385 a
1095 2330 1310 2401 quibus
1332 2345 1529 2382 eorum
1553 2328 1752 2383 laudes
1785 2329 2002 2384 littera-

358 2441 488 2477 rum
523 2421 921 2476 monumentis
954 2419 1372 2474 commendatae
1412 2422 1566 2472 sunt.
1598 2417 1755 2472 Testi
1787 2423 1876 2471 est
1906 2434 2004 2472 ve-

357 2529 500 2565 sana
530 2511 630 2565 illa
662 2510 948 2580 planeque
981 2507 1282 2577 sacrilega,
1320 2511 1376 2560 et
1405 2522 1471 2560 ex
1503 2506 1815 2560 Christiani
1846 2507 2004 2562 orbis

361 2602 575 2654 finibus
606 2615 736 2652 cum
773 2601 1046 2668 perpetua
1069 2595 1323 2666 parentis
1348 2595 1436 2649 sui
1468 2595 1790 2665 ignominia
1820 2601 2004 2650 exter-

359 2688 639 2742 minanda
669 2685 964 2757 Apologia,
1016 2684 1073 2737 in
1109 2701 1226 2754 qua
1274 2684 1355 2737 ita
1387 2701 1447 2738 se
1498 2683 1662 2751 gerit,
1713 2688 1777 2736 ut
1807 2700 2003 2752 quem-

356 2777 674 2831 admodum
698 2777 767 2829 de
791 2773 1030 2829 Milesiis
1049 2772 1187 2827 olim
1208 2773 1445 2842 quidam
1470 2771 1718 2837 dicebat,
1744 2787 1842 2826 eos
1864 2771 2006 2825 stul-

352 2873 440 2920 tos
475 2883 587 2920 non
622 2881 769 2930 esse,
805 2865 903 2918 sed
937 2863 1162 2929 eadem,
1185 2878 1312 2932 quae
1344 2860 1554 2915 stultos
1582 2860 1788 2926 facere,
1824 2860 1904 2913 ita
1934 2860 2005 2915 de

353 2971 418 3010 eo
453 2972 564 3008 non
599 2954 795 3008 minus
826 2953 1129 3006 commode
1161 2950 1273 3005 dici
1308 2951 1512 3021 possit,
1550 2948 2002 3003 Leuvenklaium

353 3044 629 3116 gentilem
657 3060 770 3097 non
804 3057 950 3106 esse,
985 3042 1084 3094 sed
1117 3041 1318 3095 eadem
1351 3055 1478 3109 quas
1515 3037 1762 3110 gentiles
1795 3038 1999 3091 tacere.

2131 555 2383 611 infestus
2397 563 2451 611 et
2464 556 2727 612 infensus
2747 557 2953 625 hostis,
2971 559 3162 615 acrius
3180 577 3280 631 pro
3294 563 3495 633 gentili
3511 566 3786 634 scribere,

2134 661 2200 699 ac
2224 645 2478 701 furiosus
2491 651 2694 700 contra
2715 647 3078 703 Christianos
3101 648 3442 706 debacchari
3475 654 3783 724 potuisset,

2134 750 2311 803 quam
2341 737 2386 789 is
2417 735 2574 801 facit,
2608 736 2705 806 qui
2745 753 2804 790 se
2835 737 3255 807 Christianum,
3281 745 3338 793 et
3360 741 3597 812 quidem
3622 745 3788 800 defss-

2134 828 2351 888 catum,
2381 825 2725 894 profitetur?
2747 825 2852 879 Sed
2883 830 2946 880 ut
2971 828 3038 881 ad
3066 843 3188 881 rem
3212 830 3606 895 redeam,cum
3631 834 3687 887 in
3713 835 3785 891 iis

2130 912 2620 968 Annotationibus
2653 931 2799 985 quas
2829 913 2966 969 huic
3013 915 3157 970 Vita:
3189 919 3573 988 subjecimus,
3606 939 3782 992 quam

2134 1017 2282 1070 saepe
2341 997 2700 1078 δοκησίσοφος
2753 1004 2860 1058 iste
2920 1004 3228 1076 interpres,
3280 1011 3334 1061 et
3381 1008 3439 1062 in
3489 1012 3781 1068 vertendis

2133 1088 2344 1144 Graecis
2375 1091 2667 1159 erraverit,
2702 1096 2758 1146 et
2805 1093 2862 1146 in
2902 1093 3260 1165 corrigendis
3290 1113 3476 1152 caecus
3523 1099 3696 1154 fuerit
3725 1107 3783 1157 et

2133 1179 2191 1232 in
2224 1177 2315 1240 iis,
2351 1195 2477 1249 quae
2511 1179 2578 1233 ad
2607 1178 2910 1235 historiam
2945 1182 3257 1252 pertinent,
3286 1186 3576 1242 inscitiam
3611 1205 3778 1246 suam

2129 1267 2468 1337 prodiderit,
2489 1268 2811 1323 meridiana
2833 1269 2960 1325 luce
2982 1271 3196 1327 clarius
3219 1273 3778 1342 demonstrato,'tum

2129 1371 2261 1410 vero
2293 1355 2490 1410 lectori
2520 1358 2950 1427 conjiciendum
3001 1361 3352 1432 relinquam,
3386 1380 3518 1418 cum
3571 1366 3629 1420 in
3664 1385 3778 1424 uno

2131 1445 2530 1514 quaternione,
2585 1451 2641 1499 et
2700 1447 2936 1518 quidem
3018 1450 3204 1519 primo
3268 1452 3440 1508 toties
3503 1457 3776 1525 peccarit,

2130 1537 2368 1601 quanta,
2404 1534 2449 1587 si
2482 1535 2679 1588 omnia
2713 1551 2837 1606 quae
2869 1537 2994 1607 ipse
3035 1539 3355 1610 transtulit,
3403 1542 3472 1596 ad
3506 1545 3777 1600 eumdem

2129 1622 2369 1674 modum
2404 1621 2733 1676 examinare
2757 1629 2930 1694 atque
2948 1624 3218 1696 colligere
3248 1626 3586 1694 voluissem,
3619 1647 3775 1685 erro-

2128 1726 2255 1762 rum
2283 1710 2417 1764 llias
2439 1715 2493 1764 et
2515 1710 2791 1767 colluvies
2814 1714 3147 1769 exstitisset.
3179 1717 3302 1769 Haec
3324 1717 3371 1772 si
3400 1718 3776 1777 Leuvenklaio

2127 1799 2375 1852 molesta
2403 1797 2549 1852 lectu
2585 1806 2741 1871 sunt,
2776 1802 2964 1856 discat
3001 1810 3430 1880 μετριοφρονεῖν,
3464 1812 3519 1862 et
3549 1825 3682 1863 cum
3714 1827 3774 1866 se

2119 1885 2225 1939 ἀπὸ
2256 1890 2351 1938 τοῦ
2383 1885 2764 1960 ἀναμαρτήτου
2797 1895 2914 1944 tam
2950 1890 3117 1963 longe
3159 1900 3446 1949 remotum
3479 1913 3608 1952 esse
3640 1915 3772 1969 per-

2120 1976 2346 2046 spiciat,
2385 1978 2772 2032 necessariam
2802 1980 2995 2051 potius
3023 1982 3078 2034 in
3105 1982 3226 2036 suis
3260 1988 3765 2056 recognoscendis,

2119 2081 2292 2135 quam
2321 2066 2374 2119 in
2396 2065 2666 2132 aliorum,
2691 2068 2812 2138 qui,
2839 2068 2978 2123 dum
3002 2069 3223 2138 vivunt,
3245 2071 3504 2144 sibiipsis
3530 2075 3767 2132 fortasse

2117 2152 2336 2207 mederi
2360 2160 2625 2225 possunt,
2650 2156 2876 2222 erratis,
2904 2157 3090 2226 iisque
3116 2158 3460 2232 plerumque
3484 2179 3762 2234 perquam

2116 2241 2362 2307 levibus,
2393 2244 2771 2298 traducendis
2807 2249 2980 2316 atque
3010 2247 3367 2304 insectandis
3398 2267 3629 2321 operam
3665 2270 3766 2324 po-

2117 2336 2236 2399 nat,
2290 2348 2468 2402 seque
2517 2332 2790 2404 deinceps
2838 2351 2905 2388 ex
2957 2351 3156 2391 eorum
3227 2355 3470 2393 numero
3519 2341 3770 2396 eximere

2117 2420 2366 2485 studeat,
2397 2420 2518 2490 qui,
2564 2425 2624 2474 ut
2673 2423 2743 2474 de
2794 2423 3018 2478 Arianis
3069 2426 3298 2480 dicebat
3345 2427 3770 2499 Nazianzenus,

2115 2507 2274 2562 lenes
2308 2508 2417 2562 sibi
2451 2510 2852 2578 suntjudices,
2879 2511 3009 2567 aliis
3033 2519 3226 2568 autem
3252 2517 3433 2570 severi
3463 2534 3767 2575 censores:

2115 2595 2358 2650 vulnera
2389 2597 2624 2663 habent,
2655 2600 2710 2650 et
2743 2597 2872 2652 aliis
2904 2599 3116 2655 vibices
3157 2602 3484 2671 objiciunt;
3523 2607 3775 2677 turpiter

2116 2685 2352 2750 cadunt,
2372 2690 2428 2738 et
2446 2685 2692 2740 aliorum
2713 2687 3168 2742 offensiunculas
3186 2691 3512 2760 exagitant;
3534 2694 3591 2747 in
3609 2711 3771 2750 caeno

2114 2773 2514 2839 voluntantur,
2549 2779 2605 2829 et
2636 2791 2700 2828 ex
2726 2775 2972 2830 aliorum
3008 2777 3251 2831 maculis
3274 2771 3629 2850 voluptatem
3657 2782 3770 2836 sibi

2115 2862 2344 2954 ﬁngunt
2370 2887 2382 2926 ;
2409 2863 2655 2954 denique
2681 2881 2989 2954 oppressos
3013 2865 3275 2921 trabibus
3304 2867 3503 2922 oculos
3527 2868 3764 2954 habent,

2113 2955 2169 3004 et
2201 2951 2453 3006 festucas
2488 2952 2619 3006 aliis
2652 2953 2864 3023 probro
2895 2959 3146 3008 vertunt.

841 3328 1361 3388 SANCTISSIMO
1404 3329 1502 3392 AC
1546 3330 2028 3392 BEATISSIMO
2071 3332 2333 3392 PAULO
2380 3330 2453 3404 V,
2501 3331 2889 3390 PONTIFICI
2939 3331 3279 3407 MAXIMO,

1517 3514 1568 3557 S.
1614 3514 1686 3557 ΕΤ
1729 3514 2066 3559 EUMILLIMA
2111 3515 2311 3559 PBDUM
2357 3514 2599 3559 OSCULA.

1773 3665 1882 3746 (Ex
1915 3667 2075 3728 Edit.
2112 3665 2313 3744 1609).

423 3972 502 4028 De
550 3971 897 4027 Sanctorum
949 3975 1187 4026 Patrum
1239 3973 1358 4024 tam
1412 3968 1763 4034 Grzecorum,
1819 3986 1996 4041 quam
2029 3972 2071 4040 C
2108 3971 2287 4037 tione,
2319 3988 2431 4026 non
2466 3975 2556 4025 est
2599 3971 2985 4042 dedignatus:
3022 3973 3189 4042 cujus
3234 3972 3496 4044 vestigiis
3528 3973 3759 4028 Genna—

351 4062 747 4116 Bomanorum
772 4061 1026 4133 scriptis,
1053 4058 1387 4114 beatissime
1415 4061 1601 4125 Pater,
1628 4059 1761 4129 jure
1781 4075 1845 4113 ac
1876 4074 1998 4114 me-

351 4151 463 4204 rito
496 4149 606 4204 dici
644 4154 848 4221 potest,
882 4151 1030 4220 quod
1065 4149 1134 4202 de
1161 4147 1412 4203 Historia
1448 4164 1554 4201 sua
1602 4147 1805 4201 scribit
1836 4147 1993 4202 Thu-

350 4239 608 4310 cydides:
669 4244 864 4308 Κτῆμα
919 4236 971 4298 ἐς
1031 4235 1109 4289 ἀεὶ
1160 4234 1372 4308 μᾶλλον
1418 4234 1452 4302 ἢ
1504 4233 1791 4306 ἀγώνισμα
1840 4234 1890 4296 ἐς
1935 4235 1998 4289 τὸ

346 4331 690 4400 παραχρῆμα
718 4323 929 4378 ἀκούειν
965 4323 1234 4397 ξύγκειται
1281 4328 1626 4394 perpetuum
1663 4324 1993 4378 monimen-

347 4420 473 4470 tum
508 4415 702 4488 potius
724 4419 967 4483 exstare,
993 4431 1166 4484 quam
1195 4413 1344 4484 quod
1372 4411 1549 4466 animi
1573 4430 1748 4467 causa
1769 4413 1828 4467 in
1851 4430 1995 4485 prae-

345 4505 534 4561 sentia
565 4505 857 4558 audiatur.
892 4503 1196 4557 Enimvero
1219 4501 1506 4571 ejusmodi
1540 4518 1836 4557 sacrarum
1865 4519 1994 4557 mu-

344 4611 543 4650 sarum
585 4594 739 4647 fetus
772 4593 842 4648 ab
875 4591 1124 4663 ingeniis
1159 4590 1432 4645 maximis
1475 4594 1531 4644 et
1562 4591 1857 4646 mentibus
1887 4609 1991 4662 pu-

343 4682 595 4737 rissimis
629 4682 860 4753 Deoque
910 4681 1123 4735 afflatis
1174 4679 1518 4750 exprompti,
1571 4680 1738 4750 genio
1772 4681 1991 4751 optimo

341 4772 599 4828 comitati
623 4767 1727 4826 ICanescentseclisinnumerabilibus:
1748 4790 1775 4817 ››
1790 4773 1988 4824 etcum

337 4861 411 4918 iis
433 4866 697 4917 auctores
721 4859 953 4915 illorum
975 4875 1039 4914 ac
1064 4861 1329 4931 parentes
1349 4862 1512 4928 parte
1531 4856 1617 4911 sui
1642 4856 1898 4925 meliore,
1925 4861 1990 4912 ut

340 4949 501 5005 caelis
531 4967 648 5004 aavo
679 4949 1035 5020 sempiterno
1073 4949 1374 5014 fruuntur,
1423 4947 1508 5000 sic
1540 4945 1597 4998 in
1631 4945 1801 4999 terris
1835 4946 1989 5000 fama

336 5038 455 5094 veri
486 5040 721 5093 conscia
751 5039 962 5107 vivent,
998 5037 1255 5108 quandiu
1289 5035 1516 5107 piorum
1559 5035 1985 5090 studiosorum-

338 5145 451 5199 que
473 5144 657 5199 genus
680 5128 980 5194 consistet,
1005 5132 1061 5181 et
1083 5143 1208 5196 qua:
1235 5126 1544 5197 μακαρῖται,
1569 5121 1665 5176 ille
1697 5122 1985 5177 memeriaa

337 5218 663 5289 prodidere,
697 5217 905 5272 diurna
938 5222 1341 5285 nocturnaque
1372 5229 1550 5267 manu
1583 5211 1837 5266 versabit
1866 5230 1878 5266 :
1907 5212 1984 5266 si-

337 5308 571 5378 quidem
624 5305 731 5360 hos
789 5310 1095 5360 thesauros
1149 5305 1236 5375 (ut
1284 5303 1475 5358 aiebat
1517 5299 1800 5355 Domitius
1832 5300 1983 5373 Piso)

338 5412 570 5452 censere
601 5399 845 5465 Oportet,
880 5411 994 5448 non
1027 5393 1228 5447 libros.
1253 5391 1470 5446 Idcirco
1493 5390 1562 5444 D.
1600 5388 1984 5462 Hieronymus

335 5484 603 5540 Ecclesiae
655 5483 923 5537 Romanae
975 5483 1278 5536 doctorum
1333 5477 1765 5544 celeberrimus,
1798 5479 1984 5535 eccle-

336 5572 606 5630 siasticos
638 5569 947 5640 scriptores
975 5570 1031 5624 in
1065 5569 1328 5624 ordinem
1352 5567 1631 5638 digerere,
1668 5583 1987 5640 eorumque

335 5659 667 5730 catalogum
700 5663 910 5727 texere,
936 5657 1129 5715 Dextri
1156 5656 1417 5729 praetorio
1446 5655 1696 5730 praefecti
1727 5657 1988 5715 cohorta-

2109 4058 2240 4115 dius
2271 4058 2651 4114 Massiliensis
2685 4059 2983 4125 insistens,
3018 4060 3076 4113 in
3102 4059 3340 4130 reliquis
3371 4059 3757 4131 scriptoribus

2106 4148 2518 4204 enumerandis
2576 4147 2910 4203 elaboravit.
2974 4150 3096 4202 Haec
3143 4152 3437 4204 tantorum
3498 4150 3754 4203 virorum

2107 4252 2300 4308 opera,
2327 4237 2516 4292 omnis
2544 4237 2773 4308 generis
2793 4237 3086 4304 doctrinae,
3115 4253 3181 4292 ac
3203 4236 3452 4292 caelestis
3473 4241 3528 4291 et
3550 4237 3758 4293 divina:

2107 4326 2502 4397 potissimum,
2555 4325 2711 4396 gazis
2766 4326 2995 4390 referta,
3030 4331 3087 4379 et
3138 4347 3165 4374 ι(
3200 4325 3434 4380 linenda
3477 4326 3668 4390 cedro,
3701 4329 3758 4380 et

2106 4415 2264 4469 tenui
2298 4414 2583 4469 servanda
2623 4429 2921 4484 cupresso,
2958 4436 2984 4461 ››
3029 4413 3264 4481 arculis,
3296 4409 3636 4483 κειμηλίοις,
3671 4414 3757 4470 bi-

2105 4503 2431 4568 bliothecis,
2450 4520 2482 4557 a
2503 4502 2876 4574 pontificibus
2893 4519 2957 4557 ac
2977 4502 3340 4574 principibus
3364 4502 3588 4557 litteras
3613 4502 3760 4558 litte-

2104 4597 2378 4663 ratosque
2401 4591 2737 4648 amantibus
2762 4595 2817 4645 et
2836 4592 3046 4663 pietate
3071 4591 3423 4663 insignibus,
3447 4592 3755 4663 magniﬁce

2102 4681 2364 4750 structis,
2399 4697 2614 4752 magna
2656 4698 2721 4735 ex
2757 4686 2916 4750 parte
2967 4685 3125 4735 sarta
3157 4685 3306 4734 tecta
3348 4685 3486 4733 sunt
3515 4696 3748 4732 conser-

2097 4777 2260 4828 vata:
2287 4776 2342 4826 et
2361 4769 2787 4842 typographicae
2811 4769 3046 4824 demum
3073 4770 3210 4823 artis
3227 4768 3507 4822 librorum
3532 4781 3745 4837 promea

2099 4862 2294 4916 condas
2327 4860 2604 4915 beneﬁcio
2639 4859 2708 4912 ab
2749 4859 2965 4928 injuria
2997 4857 3274 4928 temporis
3323 4857 3746 4926 hominumque

2095 4950 2388 5005 vindicata
2419 4949 2677 5020 quotidie
2707 4948 3077 5001 reviviscunt.

2168 5039 2282 5094 Nec
2314 5037 2510 5093 minus
2542 5037 2712 5092 hodie
2761 5037 2818 5089 in
2869 5034 3069 5091 Galliis
3119 5049 3296 5105 quam
3345 5034 3403 5088 in
3449 5033 3585 5088 ullis
3616 5033 3747 5090 aliis

2095 5128 2406 5184 Christiani
2439 5127 2669 5199 imperii
2714 5125 2852 5192 oris,
2906 5124 3026 5178 haec
3075 5122 3370 5178 litterariaa
3414 5122 3749 5194 reipublicae

2096 5234 2235 5273 cura
2260 5222 2315 5272 et
2345 5216 2528 5289 gloria
2557 5215 2713 5287 viget
2738 5233 2751 5283 ;
2781 5214 2888 5269 sub
2913 5212 3158 5268 Henrico
3182 5212 3274 5281 IV,
3309 5229 3443 5285 rege
3474 5212 3752 5267 Christia-

2096 5307 2363 5376 nissimo,
2415 5304 3007 5374 clementissimoque,
3065 5307 3129 5358 ut
3177 5302 3357 5357 armis
3401 5301 3639 5365 invicto,
3671 5302 3753 5356 ita

2095 5397 2254 5468 pacis
2287 5394 2500 5449 artium
2533 5390 2964 5460 amantissimo,
2988 5391 3158 5460 cujus
3183 5391 3448 5446 felicibus
3472 5389 3751 5459 auspiciis

2096 5473 2562 5531 reverendissimi
2594 5471 2791 5528 Galliae
2817 5470 3096 5543 episcopi,
3119 5470 3438 5538 antistites,
3474 5474 3529 5523 et
3559 5468 3750 5524 clerus

2097 5563 2351 5621 Francis:
2383 5561 2563 5634 regni,
2600 5577 2715 5615 uno
2763 5577 3076 5629 consensu,
3111 5576 3344 5616 summo
3380 5559 3594 5626 studio,
3628 5558 3749 5612 sin-

2096 5652 2284 5728 gulari
2317 5650 2672 5724 benignitate
2703 5665 2770 5705 ac
2799 5647 3170 5722 liberalitate,
3202 5649 3485 5722 optimam
3509 5662 3745 5720 operam
