4152 6286
256 318 351 378 361

1432 316 1606 377 FED.
1653 315 1999 377 MORELLI
2041 315 2450 377 PROCEMIA.

3521 316 3641 376 362

253 449 306 503 in
348 447 448 501 hac
497 444 719 518 optima
766 460 826 499 re
873 445 1251 515 collocarunt,
1298 452 1361 502 ut
1409 446 1489 519 pii
1538 447 1882 519 probatique
1914 449 1963 513 Α
1995 450 2199 517 oraret,
2234 463 2365 501 cum
2415 445 2475 501 in
2516 446 2837 503 Sanctitate
2869 447 2992 502 Tua
3039 450 3124 502 tot
3170 445 3500 501 clarissima
3529 446 3644 501 vir-

257 535 542 607 utriusque
571 534 784 605 linguae
828 535 1181 607 scriptorum
1231 540 1492 591 auctores
1537 535 1761 601 sedulo,
1795 535 1885 589 ni-

255 625 374 693 tide,
406 623 580 689 culte,
614 623 1013 695 castigateque
1051 626 1203 696 typis
1251 624 1702 696 elegantioribus
1751 624 1882 679 ede-

259 718 466 781 rentur;
499 717 675 783 atque
721 712 829 767 hoc
881 712 1392 783 praeclarissimum
1426 719 1681 784 coeptum
1713 718 1767 768 et
1795 712 1881 767 in-

256 801 506 857 stitutum
542 816 729 870 usque
760 799 902 854 adeo
935 800 1237 871 processit,
1272 806 1335 855 ut
1366 816 1434 855 ex
1467 800 1887 872 typographica

256 890 431 946 radice
476 889 666 943 imbre
704 906 877 944 aureo
927 890 1168 961 irrigata
1214 890 1568 961 optimorum
1619 890 1886 945 codicum

259 975 578 1053 διγλώττων,
611 978 966 1043 densissima
994 978 1140 1033 silva
1171 978 1747 1051 pullulareiincipiat.

320 1068 374 1124 la
408 1068 502 1123 his
531 1084 664 1123 vero
694 1067 812 1122 fere
843 1067 1162 1140 principem
1202 1066 1395 1123 locum
1426 1073 1627 1124 tenent
1655 1067 1889 1123 absolu-

256 1157 469 1213 tissima
514 1156 733 1227 scripta
781 1155 933 1211 beati
973 1156 1231 1229 Gregorii
1277 1158 1619 1213 Nazianzeni
1669 1156 1889 1212 theolo-

259 1262 447 1319 gorum
505 1245 813 1300 Orientalis
873 1244 1137 1301 Ecclesiae
1194 1245 1658 1322 κορυφαιοτάτου,
1716 1261 1915 1317 quem,

266 1336 322 1389 D.
345 1335 715 1406 Hieronymus
747 1338 1161 1406 praeceptorem
1191 1353 1365 1390 suum
1396 1336 1582 1391 virum
1614 1335 1890 1406 eloquen-

258 1423 539 1479 tissimum
574 1423 866 1495 praedicat,
892 1440 1076 1496 eoque
1107 1424 1426 1496 scripturas
1454 1426 1799 1496 explanante
1831 1441 1893 1480 se

263 1512 521 1568 didicisse
552 1514 884 1568 conﬁtetur.
909 1513 1039 1568 Haec
1072 1518 1319 1586 utraque
1348 1514 1549 1587 lingua
1580 1515 1776 1587 Regiis
1808 1518 1889 1586 ty-

262 1602 342 1673 pis
370 1601 582 1657 Graecis
628 1618 783 1657 nunc
827 1606 1095 1657 accurate
1126 1604 1315 1673 quoad
1347 1605 1476 1675 ejus
1526 1602 1648 1659 fieri
1702 1603 1894 1674 potuit

261 1690 423 1759 edita,
452 1694 508 1744 et
537 1690 790 1760 quodam
832 1692 1006 1745 etiam
1052 1691 1429 1761 epistolarum
1464 1692 1744 1747 hactenus
1778 1708 1893 1746 non

260 1779 535 1833 editarum
585 1778 885 1834 corollario
935 1796 968 1834 a
1020 1780 1187 1835 nobis
1231 1780 1548 1851 cumulata,
1584 1781 1891 1851 cujusnam

261 1867 604 1939 augustioris
631 1868 888 1923 nominis
920 1868 1132 1924 tutiore
1182 1869 1451 1941 praesidio
1504 1870 1732 1925 munita
1763 1886 1894 1941 pro-

260 1956 440 2012 dirent
475 1957 532 2011 in
565 1956 894 2027 publicum,
928 1975 1105 2030 quam
1148 1961 1265 2026 tuo,
1300 1959 1467 2013 Pater
1504 1959 1894 2029 sanctissime,

260 2061 365 2118 quo
397 2061 514 2100 uno
544 2046 813 2102 Ecclesiae
844 2046 1153 2102 militantis
1184 2048 1339 2103 acies
1368 2048 1705 2103 recreatur?

325 2134 522 2190 Nonne
561 2135 1082 2191 reverendissimus
1132 2136 1328 2191 Sancti
1378 2136 1677 2192 Michaelis
1709 2154 1899 2192 cceno-

259 2223 491 2279 biarcha
519 2224 770 2280 Jacobus
811 2224 1038 2293 Billius,
1070 2242 1103 2280 a
1131 2242 1243 2296 quo
1288 2225 1620 2297 pererudito
1651 2242 1716 2281 ac
1748 2226 1902 2281 fideli

260 2312 566 2384 interprete
622 2314 887 2384 ejusdem
939 2314 1198 2386 Gregorii
1262 2314 1605 2372 Nazianzeni
1665 2316 1903 2386 scripta,

263 2402 516 2473 primum
556 2401 863 2458 Latinitate
895 2403 1128 2474 donata,
1155 2407 1211 2459 et
1259 2404 1531 2476 Gregorio
1584 2404 1729 2475 XIII,
1764 2421 1905 2475 pon-

266 2490 401 2545 tifici
459 2492 711 2547 Maximo
761 2493 1027 2549 dedicata
1077 2494 1325 2564 fuerant,
1360 2496 1407 2550 si
1457 2495 1649 2565 hodie,
1681 2494 1909 2550 volente

267 2580 395 2647 Deo,
429 2582 499 2636 ad
551 2581 702 2637 hanc
741 2582 919 2637 vitam
968 2587 1355 2651 revocaretur,
1388 2582 1540 2639 ultro
1590 2583 1908 2640 libentissi-

266 2685 467 2742 meque
496 2670 821 2727 versionem
852 2672 1288 2743 editionemque
1315 2672 1732 2746 Gregorianam
1764 2674 1912 2729 Οτι-ω-

266 2758 631 2815 co-Latinam
664 2759 849 2815 eidem
900 2759 1239 2817 felicissimo
1272 2761 1507 2817 Nemini
1559 2767 1658 2818 tuo
1707 2778 1911 2818 conse-

1992 539 2185 591 tutum
2236 537 2499 591 omnium
2553 536 2745 592 sidera
2793 536 3187 607 conspiceret?
3234 536 3351 590 Hoc
3403 539 3553 590 certe
3585 536 3643 591 in

1994 625 2143 679 votis
2192 625 2370 680 fuisse
2419 630 2645 680 constat
2694 625 3080 680 nobilissimis
3130 623 3290 679 illius
3344 623 3645 696 μακαρίτου

1996 713 2466 784 consanguineis,
2502 714 2652 768 inter
2680 731 2826 784 quos
2868 715 3083 786 pietate
3122 718 3291 784 atque
3322 713 3648 768 eruditione

1998 817 2112 854 non
2145 801 2367 873 vulgari
2418 803 2635 856 eminet
2681 802 3202 857 reverendissimus
3253 800 3559 873 episcOpus
3590 808 3650 855 et

1996 888 2114 943 dux
2170 890 2610 957 Laudunensis,
2672 909 2776 963 par
2846 892 3133 958 Franciaa,
3193 891 3395 947 Jacobi
3469 890 3650 945 frater

1996 975 2469 1052 αὐτοκασίγνητος.

2069 1068 2355 1140 Equidem
2387 1068 2470 1122 ita
2500 1068 2604 1123 feci
2653 1085 2719 1123 ac
2767 1068 2997 1136 lubens,
3032 1074 3095 1124 ut
3143 1072 3227 1124 tot
3274 1069 3539 1125 doctrina
3587 1084 3651 1123 ac

1998 1157 2290 1228 probitate
2322 1156 2644 1228 insignium
2678 1159 2933 1212 virorum
2983 1174 3294 1227 consensu,
3328 1157 3653 1213 antistitem

2002 1245 2157 1300 hunc
2187 1251 2243 1300 et
2274 1245 2522 1301 Orientis
2564 1246 2966 1319 theologorum
2999 1247 3178 1303 solem
3233 1247 3413 1303 radiis
3442 1246 3655 1302 nativis

1998 1334 2170 1388 Attici
2210 1333 2424 1405 leporis
2456 1340 2508 1388 et
2542 1335 2811 1391 ascititiis
2863 1336 3108 1391 Romani
3140 1336 3226 1391 tui
3278 1336 3653 1408 pontiﬁcatus

1999 1427 2262 1494 tempora
2302 1423 2597 1479 illustrare
2641 1425 3015 1496 gaudentem,
3050 1424 3355 1480 Sanctitati
3384 1427 3519 1480 Tum
3570 1428 3655 1480 tot

2002 1512 2368 1567 heroicarum
2428 1512 2866 1585 cmlestiumque
2933 1516 3253 1587 gratiarum
3326 1513 3652 1569 luminibus

2003 1602 2262 1673 undique
2283 1601 2525 1675 fulgenti
2551 1604 2807 1658 dicatum
2835 1605 3237 1676 producerem.
3262 1604 3377 1659 Nec
3397 1620 3529 1659 vero
3550 1605 3655 1659 du-

2003 1690 2187 1746 bitare
2220 1691 2303 1745 fas
2328 1695 2436 1758 est,
2463 1691 2799 1747 beatissime
2824 1693 3009 1759 Pater,
3035 1694 3174 1763 quin
3211 1693 3436 1763 placido
3467 1691 3653 1757 vultu,

2006 1796 2120 1851 quo
2179 1780 2576 1835 Christianum
2631 1782 2867 1848 orbem,
2926 1786 3304 1852 tempestates
3364 1779 3656 1846 Ecclesiae,

2004 1871 2333 1940 ccslumque
2373 1886 2628 1936 serenas,
2660 1870 2817 1926 hunc
2869 1876 3346 1943 mystagogorum
3379 1870 3657 1942 Hyperio-

2010 1977 2143 2016 nem
2195 1960 2255 2014 in
2301 1959 2724 2031 augustissima
2771 1960 2837 2014 D.
2870 1959 3019 2015 Petri
3072 1960 3355 2015 cathedra
3406 1957 3663 2015 sacraria

2010 2050 2258 2120 benigne
2282 2049 2659 2113 intromittas,
2675 2048 3267 2119 acceptissimumque
3290 2048 3527 2103 habeas.
3544 2048 3663 2101 Hoc

2012 2142 2183 2210 prout
2217 2136 2383 2192 nobis
2417 2136 2936 2207 persuasissimum
2962 2142 3069 2205 est,
3095 2138 3176 2191 sic
3201 2154 3306 2192 nos
3340 2142 3486 2192 Deus
3518 2138 3663 2191 bene

2015 2233 2190 2293 amet,
2224 2232 2286 2281 ut
2313 2228 2599 2282 Sanctitas
2631 2227 2751 2281 Tua
2800 2226 2948 2281 votis
2997 2226 3120 2281 suis
3152 2226 3384 2296 divinis,
3414 2230 3661 2281 cunctus

2016 2321 2209 2372 autem
2246 2315 2471 2387 piorum
2506 2320 2687 2371 costus
2720 2321 2775 2370 te
2807 2315 3025 2387 optimo
3058 2314 3308 2370 maximo
3340 2332 3446 2370 suo
3484 2313 3667 2386 ponti-

2016 2406 2123 2461 ﬁce
2168 2404 2371 2477 perdiu
2422 2404 2695 2476 potiatur.
2732 2405 2972 2460 Lutetia
3003 2404 3360 2460 Parisiorum
3408 2421 3487 2459 x11
3538 2403 3662 2458 Kal.

2016 2494 2197 2567 April.
2230 2511 2425 2549 MDCIX.

2161 2584 2293 2638 Tuae
2326 2582 2712 2639 Beatitudinis

2516 2670 2894 2728 Humillimus
2934 2688 3133 2727 servus
3167 2671 3300 2726 FED.
3336 2671 3669 2741 Moasts,

2696 2761 2940 2832 profess.
2974 2764 3031 2816 et
3058 2760 3347 2833 interpres
3380 2760 3597 2832 regius.

1526 3123 1668 3205 AD
1732 3119 2408 3208 LECTOREM.

1424 3295 1535 3367 (Ex
1583 3296 1731 3351 Edit.
1783 3295 1982 3353 Morel.
2036 3296 2175 3351 1609
2221 3299 2278 3351 et
2330 3295 2512 3367 1630.)

320 3592 447 3647 Scio
477 3608 594 3662 quo
625 3594 832 3649 tendas
863 3597 920 3649 et
958 3611 1250 3666 properes,
1285 3596 1635 3653 suavissime
1667 3614 1895 3663 rerum;
1930 3613 1974 3681 ρ
2012 3597 2260 3667 videtur,
2310 3596 2557 3652 collectas
2615 3599 2755 3652 sunt
2810 3594 2979 3650 varias
3038 3593 3316 3650 lectiones
3373 3592 3669 3664 quaedam,

252 3680 394 3752 quia
424 3697 556 3736 cras
582 3697 784 3736 serum
832 3688 920 3737 est
966 3700 1168 3756 sapere
1216 3692 1272 3740 et
1320 3685 1564 3753 discere,
1601 3687 1822 3742 discere
1853 3692 1909 3742 et

248 3786 456 3840 sapere
484 3770 573 3824 vis
618 3770 809 3825 hodie.
845 3773 1167 3838 Quominus
1216 3778 1367 3830 certe
1400 3775 1456 3829 id
1489 3775 1688 3842 facias,
1722 3776 1782 3830 in
1816 3792 1909 3830 me

251 3874 417 3913 mora
466 3875 581 3914 non
643 3859 752 3915 erit
806 3860 941 3916 ulla.
971 3864 1183 3918 Vacuis
1236 3868 1293 3919 et
1352 3864 1635 3936 religiosis
1669 3864 1909 3920 auribus

244 3947 368 4001 tuis
394 3949 533 4002 dare
556 3948 700 4003 nihil
724 3950 1020 4019 constitui,
1048 3968 1161 4021 quo
1192 3952 1581 4008 oti'endantur.
1604 3953 1659 4007 Si
1686 3954 1908 4025 patien-

249 4035 395 4090 tiam
431 4036 727 4108 paulisper
753 4041 1196 4096 accommodare
1218 4059 1330 4096 non
1367 4042 1639 4113 piguerit,
1666 4044 1809 4097 forte
1836 4058 1909 4096 an

250 4123 446 4179 brevis
481 4126 659 4195 hujus
704 4127 996 4198 proloquii
1048 4130 1390 4185 meminisse
1412 4131 1662 4201 juvabit.
1690 4132 1771 4185 Ad
1824 4130 1907 4185 tui

249 4212 478 4268 similes
509 4210 993 4288 φιλογρηγορίους.
1029 4217 1302 4287 «Quique
1324 4219 1417 4272 sui
1446 4235 1734 4273 memores
1766 4216 1911 4273 alios

253 4301 443 4356 facere
476 4304 772 4371 merendo,
798 4326 826 4353 η
862 4309 916 4359 te
947 4322 1103 4361 voco.
1141 4307 1234 4362 Sic
1265 4306 1443 4379 igitur
1472 4308 1701 4362 habeto.

324 4391 469 4445 Cum
513 4408 718 4448 novam
750 4394 1009 4465 Gregorii
1041 4394 1383 4450 Nazianzeni
1435 4412 1675 4466 operum
1708 4395 1910 4450 editio-

250 4495 392 4535 nem
426 4487 665 4552 utraque
694 4481 901 4554 lingua
932 4484 1169 4554 aggredi
1201 4484 1589 4539 constitutum
1624 4484 1848 4548 fuisset,
1883 4500 1913 4538 e

246 4583 315 4623 re
354 4566 489 4630 fuit,
517 4568 629 4623 imo
652 4587 837 4641 opera:
868 4571 1121 4641 pretium
1153 4575 1378 4626 Graecos
1401 4572 1629 4627 codices
1651 4577 1913 4627 vetustos

252 4671 621 4726 comparare.
648 4662 759 4713 Hos
793 4659 960 4715 nobis
993 4660 1418 4731 augustissima
1445 4661 1601 4732 regis
1632 4660 1911 4716 Christia-

251 4743 499 4800 nissimi
548 4745 900 4803 Bibliotheca
948 4749 1376 4819 suppeditavit;
1410 4752 1466 4804 et
1511 4748 1916 4820 amplissimus

250 4834 345 4888 vir
373 4834 630 4891 Jacobus
679 4837 1044 4908 Augustinus
1073 4837 1381 4907 Thuauus,
1416 4836 1585 4892 curiae
1630 4854 1915 4908 supremae

250 4939 497 4994 prmses,
531 4925 998 4981 vetustissimum
1030 4926 1381 4997 optimisque
1411 4930 1559 4981 notae
1592 4926 1915 4981 manuscri-

250 4984 432 5083 ptum
464 4984 496 5068 e
524 5011 765 5070 librario
797 5031 948 5085 penu
980 4984 1086 5071 suo
1118 4984 1490 5087 perbenigne,
1524 5032 1639 5086 quo
1669 5016 1729 5070 in
1761 5014 1914 5070 litte-
1948 4984 1991 5048 D

247 5118 356 5157 ras
388 5105 478 5157 est
507 5102 726 5170 animo,
759 5103 1041 5159 exhibuit.
1070 5104 1264 5159 Alium
1297 5104 1557 5160 codicem
1588 5120 1719 5159 cum
1742 5104 1917 5159 variis

244 5196 687 5266 manuscriptis
734 5196 795 5252 in
844 5196 1039 5270 Belgio
1087 5196 1619 5254 eruditissimorum
1659 5195 1917 5252 virorum

241 5300 407 5340 cura
435 5283 748 5356 studioque
772 5285 1073 5354 collatum,
1099 5286 1270 5342 nobis
1300 5286 1387 5341 vir
1414 5285 1792 5341 doctissimus
1816 5287 1920 5339 An-

238 5373 463 5429 tonius
494 5375 820 5445 Vaquerius
846 5374 1311 5431 Noviodunensis
1342 5373 1818 5430 communicavit.
1841 5373 1921 5430 Ex

239 5461 328 5517 iis
364 5461 673 5519 codicibus
700 5480 846 5535 quos
880 5463 1403 5519 reverendissimus
1431 5463 1684 5518 Jacobus
1715 5461 1923 5517 Billius

240 5550 469 5607 Sancti
526 5551 829 5608 Michaelis
888 5554 1090 5620 abbas,
1151 5552 1368 5607 Latina)
1406 5551 1689 5606 versionis
1744 5550 1924 5620 hujus

242 5641 575 5713 scriptoris
626 5646 847 5713 auctor,
879 5641 1114 5715 legisse,
1144 5646 1247 5697 aut
1277 5644 1430 5697 certe
1460 5639 1777 5696 contulisse
1807 5656 1922 5695 non

557 5767 830 5831 PATROL.
878 5768 989 5832 Gn.
1033 5767 1282 5831 XXXV.
1360 5770 1363 5771 ⁷

2020 3704 2134 3742 non
2170 3686 2542 3756 infrugiferae.

2085 3777 2215 3831 Jam
2245 3792 2377 3830 vero
2409 3774 2726 3830 editionem
2759 3775 3011 3829 Graecam
3042 3770 3445 3828 Germanicam
3478 3770 3551 3824 ab
3581 3786 3675 3823 eo-

2019 3865 2153 3918 dem
2186 3880 2491 3935 nunquam
2524 3864 2668 3917 satis
2715 3862 2952 3916 laudato
3001 3860 3167 3915 Billio
3200 3859 3510 3929 diligenter
3538 3873 3672 3911 cum

2020 3952 2218 4025 Regiis
2277 3952 2697 4023 manuscriptis
2755 3949 3046 4017 collatam,
3088 3954 3143 4004 et
3192 3964 3325 4003 cum
3384 3944 3674 4001 Mediczeis

2020 4043 2231 4112 reginae
2256 4041 2489 4107 matris;
2524 4040 2710 4110 iisque
2732 4056 2878 4109 quos
2899 4036 3336 4092 illustrissimus
3359 4034 3674 4089 cardinalis

2020 4130 2267 4185 Sirlstus
2326 4146 2393 4183 ex
2451 4128 2617 4184 Italia
2674 4128 2934 4193 miserat,
2984 4125 3130 4200 ἱερὰν
3191 4123 3674 4197 παρακαταθήκην,

2022 4219 2174 4274 ultro
2206 4218 2375 4273 nobis
2405 4217 2794 4273 commodavit
2823 4216 2890 4270 V.
2920 4216 2981 4271 C.
3014 4215 3233 4270 Paulus
3263 4213 3551 4279 Petavius,
3578 4212 3677 4265 Pa-

2021 4309 2288 4363 risiensis
2320 4307 2494 4362 curiae
2545 4322 2830 4378 supremae
2864 4309 3097 4361 senator
3142 4302 3578 4375 integerrimus.
3616 4302 3676 4355 In

2023 4399 2151 4469 ejus
2182 4402 2375 4452 autem
2411 4396 2543 4451 libri
2592 4413 2692 4451 ora
2742 4394 3074 4466 marginali,
3098 4392 3388 4448 variantes
3440 4390 3676 4461 quidem

2023 4487 2318 4555 lectiones,
2345 4486 2712 4554 conjecturas
2743 4489 2799 4539 et
2828 4483 3266 4539 emendationes
3305 4476 3511 4535 Billius
3542 4495 3676 4549 ope-

2025 4591 2157 4629 rosa
2179 4573 2487 4628 sedulitate
2516 4574 2891 4628 adnotaverat
2917 4590 2929 4627 :
2955 4576 3353 4627 verumtamen
3387 4567 3676 4623 academi-

2025 4680 2152 4718 cam
2168 4660 2581 4735 énoxﬁvﬁtque
2596 4661 2955 4716 assensionis
2975 4660 3356 4715 retentionem
3376 4663 3495 4712 tam
3510 4659 3678 4710 caute

2025 4756 2476 4822 constanterque
2519 4751 2886 4818 adhibuerat,
2923 4755 2988 4804 ut
3017 4766 3193 4820 quam
3226 4744 3367 4818 λέξιν
3399 4744 3487 4798 καὶ
3523 4743 3675 4818 ῥῆσιν

2027 4841 2214 4911 magis
2248 4842 2723 4911 probaret,quam
2748 4838 3028 4909 rejiceret,
3051 4831 3349 4911 διαῤῥήδην
3376 4848 3677 4903 nunquam

2027 4929 2393 5000 exprimeret.
2418 4928 2565 4991 Quid
2610 4928 2705 4983 hic
2738 4928 2923 4999 agas?
2953 4929 3059 4994 An,
3096 4930 3159 4980 ut
3188 4924 3328 4980 olim
3368 4923 3609 4991 factum,
3642 4937 3677 4975 a

2026 5017 2291 5089 Philippo
2323 5017 2496 5074 tacito
2528 5022 2585 5073 et
2614 5017 2803 5088 sopito
2853 5018 2922 5072 ad
2976 5015 3314 5085 Philippum
3365 5010 3681 5066 excitatum

2025 5111 2435 5177 attentumque
2458 5105 2771 5178 provoces?
2794 5103 3086 5161 Nimirum
3110 5103 3181 5158 ab
3202 5098 3683 5171 interpretatione

2027 5195 2294 5267 ejusdem
2328 5195 2533 5251 Latina
2562 5193 2825 5250 omnium
2859 5193 3040 5249 ferme
3069 5189 3430 5246 eruditorum
3463 5187 3684 5242 theolo-

2028 5300 2235 5356 gorum
2261 5283 2480 5339 calculo
2504 5283 2862 5354 jamdudum
2884 5280 3205 5354 approbata
3232 5280 3595 5348 receptaque,
3621 5278 3686 5328 ut

2029 5372 2357 5430 Mercuriali
2379 5373 2629 5443 quadam
2652 5373 2833 5445 virga,
2848 5368 3292 5443 dijudicandum
3316 5365 3557 5423 solerter
3579 5363 3688 5419 fuit

2032 5478 2155 5533 quas
2180 5462 2555 5533 potissimum
2581 5460 2773 5531 lectio,
2789 5465 2853 5517 ut
2873 5475 3171 5533 germana,
3190 5455 3487 5527 sequenda
3509 5456 3684 5509 esset.

2031 5552 2103 5605 At
2130 5550 2227 5606 hic
2257 5567 2424 5622 opus,
2460 5550 2553 5605 hic
2604 5549 2767 5607 labor
2798 5560 2940 5607 erat.
2978 5548 3062 5602 ’Ev
3092 5546 3175 5607 οἷς
3212 5543 3448 5618 μάλιστα
3481 5538 3686 5616 μεγάλο

2032 5638 2098 5695 τὰ
2165 5634 2502 5715 διαφέροντα,
2581 5635 2648 5706 ἤν
2722 5659 2774 5692 τι
2853 5637 3150 5693 πταίσωσιν
3230 5634 3281 5689 οἶ
3366 5632 3638 5705 κρίναντες
3675 5648 3687 5661 ⁸

3337 5762 3412 5821 12
