4152 6286
384 262 503 323 363

388 393 710 466 praesrtim
771 391 869 446 ubi
927 391 1196 464 προτιμᾷν
1259 383 1339 440 δεῖ
1395 387 1492 454 τὴν
1549 383 1829 454 ἀλήθειαν.

459 482 723 539 Occurrit
755 480 950 535 divina
981 478 1148 550 quasi
1179 476 1408 548 virgula
1438 477 1538 548 qui
1572 480 1648 543 te,
1673 475 1771 547 qui
1807 470 2046 550 φιλαλή-

387 582 495 632 θιις
527 587 751 632 omnes,
786 569 896 623 hoc
929 568 1083 622 fasce
1127 567 1360 633 levaret,
1395 565 1917 622 reverendissimus
1951 564 2050 618 Pa-

387 667 472 716 ter
498 661 709 714 Fronto
734 659 998 724 Ducazus,
1025 657 1329 711 Sociclatis
1351 655 1490 710 Jesu
1515 654 1857 723 theologus;
1887 657 2046 706 tanto

385 749 623 803 nomine
657 749 890 818 dignus,
920 753 975 800 et
1008 745 1312 814 utriusque
1354 744 1565 814 linguae
1600 742 1994 813 peritissimus
2031 757 2042 792 :

385 837 478 891 hic
512 837 804 891 indefesso
835 834 1031 889 labore
1070 834 1129 888 in
1173 832 1472 904 republica
1504 831 1834 887 Christiana
1862 835 1918 884 et
1951 829 2046 883 lit-

387 925 602 980 teraria
643 926 925 994 juvanda,
963 925 1018 978 in
1054 923 1161 977 hoc
1194 939 1366 992 opere
1419 921 1699 992 palmario
1745 919 2046 974 assiduam

387 1015 791 1086 optimamque
853 1029 1089 1084 operam
1145 1011 1363 1082 optime
1417 1009 1750 1075 collocavit;
1813 1010 2044 1063 tametsi

387 1105 588 1159 eodem
626 1109 887 1173 tempore
930 1102 987 1156 in
1038 1097 1493 1174 Χρυσοστομείων
1530 1099 1734 1154 Latina
1782 1097 2048 1151 versione

388 1199 444 1248 et
483 1193 735 1248 editione
793 1190 1044 1262 bilingui
1104 1189 1512 1254 distineretur;
1575 1187 1674 1242 sed
1733 1191 2048 1256 utrumque

390 1278 658 1356 ἀσχολίας
694 1280 982 1354 ὑπέρτερον
1016 1283 1243 1352 πρᾶγμα
1269 1277 1643 1333 existimavit.
1669 1277 1816 1340 Quid
1850 1280 2045 1330 autem

391 1371 757 1442 praestiterit,
802 1386 1017 1441 magna
1075 1385 1207 1422 cum
1257 1366 1436 1421 animi
1495 1366 1579 1420 tui
1629 1365 1953 1436 voluptate,
1995 1369 2045 1423 si

391 1465 647 1516 mentem
678 1459 1038 1527 adhibueris,
1073 1456 1238 1512 facile
1279 1456 1616 1527 perspicies.

462 1549 608 1614 Quid
668 1554 754 1616 tu,
787 1547 1042 1613 Morellc,
1075 1547 1326 1617 inquies,
1382 1545 1682 1599 nullamne
1724 1545 1836 1599 huc
1886 1561 2043 1615 sym-

392 1637 585 1693 bolam
614 1637 956 1692 contulisti?
981 1635 1261 1706 Equidem
1288 1651 1523 1706 operam
1548 1634 1832 1704 denegare
1856 1649 2044 1687 meam

391 1727 450 1780 in
482 1728 608 1796 ejus
642 1725 895 1781 auctoris
926 1724 1158 1795 scriptis
1191 1724 1451 1788 edendis,
1486 1723 1584 1793 qui
1629 1722 1769 1776 mihi
1803 1723 1872 1776 ab
1905 1722 2040 1776 ado-

391 1815 668 1870 lescentia
701 1815 757 1868 in
791 1814 1014 1868 deliciis
1060 1814 1187 1876 fuit,
1226 1811 1489 1884 religioni
1522 1811 1882 1866 habuissem.
1916 1812 2040 1882 Spi-

393 1905 665 1976 cilegium
701 1904 906 1958 saltem
952 1903 1182 1971 aliquod
1218 1918 1318 1955 seu
1352 1900 1801 1955 racemationem
1837 1905 2039 1955 contu-

389 1993 604 2048 limus:
631 1998 718 2047 est
765 1991 861 2047 ubi
909 1992 964 2045 in
998 1990 1208 2045 Graecis
1244 1991 1494 2044 maxime
1528 1989 1721 2044 mendi
1756 1989 2044 2060 suspectis

387 2099 504 2152 qua
531 2083 600 2136 ab
628 2079 1114 2152 interpunctione,
1141 2096 1254 2149 qua
1276 2096 1308 2132 a
1329 2078 1657 2132 litterarum
1684 2077 2044 2147 trajectione,

391 2170 643 2225 medicas
677 2169 953 2224 adhibere
997 2185 1210 2223 manus
1258 2167 1596 2236 conjectura
1623 2165 1711 2221 vel
1743 2182 1851 2237 ope
1900 2183 2044 2222 mss.

1578 257 1755 315 FED.
1799 252 2145 315 MORELLI
2190 253 2601 316 PROCEMIA.

2070 389 2124 453 Α
2153 387 2508 444 tentavimus
2562 406 2575 443 :

3686 258 3807 320 364

2627 393 2683 443 et
2735 388 3108 445 corollarium
3166 389 3546 462 epistolarum
3596 387 3813 445 ἀνεκδόο

2159 494 2263 528 των
2298 478 2621 547 adjecimus
2654 494 2787 532 cum
2811 477 3075 534 versione
3106 483 3306 535 nostra
3326 481 3682 535 cuicuimodi
3713 481 3810 549 sit,

2159 571 2602 637 extemporanea
2633 573 2808 632 certe,
2832 573 2887 622 et
2938 567 3107 622 unico
3159 573 3357 624 nostro
3411 570 3812 642 manuscripto

2159 655 2398 725 antiquo
2431 672 2704 726 magnam
2756 661 2979 726 partem
3014 656 3178 721 fulta,
3212 655 3565 732 ταχυγράφου
3617 663 3812 730 potius

2158 744 2464 813 cujusdam
2489 761 2664 814 quam
2688 741 3067 820 καλλιγράφου
3091 763 3268 801 manu
3293 753 3526 802 exarato
3548 765 3559 800 :
3584 754 3646 802 ut
3666 749 3814 804 bene

2156 838 2364 902 agatur
2421 849 2554 886 cum
2585 849 2650 888 eo
2701 834 2802 904 qui
2830 835 3024 901 vertit,
3052 834 3101 889 si
3134 857 3160 884 ‹‹
3197 837 3352 889 intra
3409 853 3572 908 spem
3630 837 3810 892 venias

2157 926 2385 986 cautus,
2432 921 2631 976 vitavit
2684 922 2941 993 culpam,
2992 940 3105 978 non
3158 924 3391 980 laudem
3455 927 3695 993 meruit;
3744 943 3812 981 ex

2157 1025 2332 1080 opera
2363 1009 2612 1065 nimium
2663 1010 2835 1066 celeri
2886 1029 3136 1083 curaque
3169 1019 3421 1070 carente.
3448 1037 3475 1064 ι)
3511 1015 3632 1072 Nisi
3682 1017 3809 1086 ejus

2157 1098 2421 1152 animum
2454 1101 2800 1171 perpendes,
2825 1100 2926 1171 qui
2959 1101 3104 1156 nihil
3129 1106 3248 1156 tam
3274 1119 3448 1158 suum
3471 1119 3599 1159 esse
3621 1105 3804 1171 duxit,

2157 1205 2334 1259 quam
2366 1189 2520 1258 quod
2555 1194 2709 1244 esset
2740 1189 3061 1260 publicum.

2227 1277 2534 1344 Caeterum,
2560 1278 2608 1332 si
2641 1279 2751 1333 hoc
2773 1294 3006 1349 quoque
3029 1279 3178 1334 scire
3201 1296 3353 1348 aves,
3384 1279 3457 1340 ὡς
3490 1277 3642 1333 οὐδὲν
3670 1279 3808 1353 γλυ-

2154 1364 2373 1439 κύτερον
2441 1364 2468 1433 ἥ
2523 1367 2697 1420 πάντα
2754 1363 2971 1438 εἰδέναι,
3013 1369 3278 1425 consulto
3336 1371 3614 1439 sejunctas
3672 1375 3812 1427 sunt

2157 1457 2442 1526 perdocta:
2495 1456 2644 1511 Billii
2695 1458 3122 1527 adnotationes,
3156 1464 3373 1514 etcum
3410 1460 3620 1517 Nicetes
3669 1460 3812 1517 alio-

2157 1562 2401 1615 rumque
2433 1545 2882 1601 scholiastarum
2924 1549 3363 1603 commentariis
3395 1550 3453 1603 in
3487 1551 3811 1605 secundum

2156 1639 2377 1689 tomum
2427 1635 2796 1691 commodius
2856 1636 3119 1707 rejectaa;
3173 1637 3273 1708 qui
3333 1654 3499 1692 sacra
3549 1639 3809 1711 Gregorii

2155 1722 2338 1778 nostri
2389 1729 2677 1794 poemata,
2713 1728 2770 1779 et
2828 1725 3050 1780 scholia
3092 1743 3216 1796 quae
3277 1732 3508 1781 exstant
3565 1728 3622 1782 in
3682 1729 3808 1799 ejus

2152 1828 2326 1882 opera
2348 1816 2539 1867 Grasse
2561 1812 2778 1884 pariter
2809 1821 2865 1868 et
2888 1813 3091 1869 Latine
3112 1815 3453 1870 continebit.
3477 1817 3636 1882 Vive,
3657 1817 3804 1885 vale,

2154 1906 2208 1954 et
2239 1918 2366 1972 quae
2416 1902 2646 1968 dantur,
2678 1902 2828 1974 aequi
2860 1903 3115 1973 bonique
3144 1903 3405 1971 consule,
3441 1913 3495 1960 et
3544 1906 3806 1960 muneris

2155 1994 2328 2060 atque
2377 1990 2568 2061 operis
2619 1991 2796 2062 hujus
2843 1996 3128 2059 auctores,
3162 1994 3482 2063 adjutores,
3516 1993 3810 2068 συνεργούς

2157 2096 2292 2134 ama
2323 2098 2335 2134 :
2371 2095 2595 2135 memor
2624 2080 2784 2136 illius
2817 2081 3156 2154 Pythagorae
3190 2082 3353 2153 dicti,

2231 2167 2318 2234 Μὴ
2354 2163 2572 2242 ἔχθαιρε
2631 2166 2791 2242 φίλον
2841 2169 2929 2223 σὸν
2992 2167 3302 2245 ἁμαρτάδος
3362 2168 3533 2225 ετίνεκα
3584 2177 3804 2246 μικρῆς.

1501 2425 1799 2481 LECTORI
1850 2429 2019 2478 ΦΙΛΔ
2031 2429 2230 2479 ΛΗΘΕΙ
2271 2426 2690 2496 ,MORELLUS.

1556 2526 1659 2594 (Ex
1680 2524 1815 2579 edit.
1845 2525 2002 2592 1609,
2025 2527 2166 2580 tom.
2195 2527 2266 2593 Il,
2297 2527 2368 2580 ad
2392 2526 2628 2581 calcem.

459 2657 580 2711 Non
617 2654 764 2724 fugit
812 2669 916 2706 nos
970 2650 1220 2722 pectoris
1253 2649 1338 2703 tui
1371 2650 1607 2716 candor,
1642 2651 1740 2720 qui
1794 2648 1928 2702 facit
1977 2654 2041 2702 ut

390 2745 585 2802 omnia
618 2743 765 2814 aequi
798 2741 1048 2810 bonique
1082 2738 1375 2802 consulas,
1400 2743 1455 2792 et
1495 2737 1716 2791 calculo
1752 2743 1849 2791 tuo
1881 2753 2036 2790 com-

389 2837 596 2906 probes
627 2849 753 2902 quze
789 2832 936 2884 bono
959 2881 963 2884 ι
988 2828 1216 2900 publico
1248 2825 1466 2897 suscipi
1516 2844 1579 2880 ac
1632 2826 1825 2897 perfici
1858 2827 2036 2879 vides.

392 2924 610 2979 Idcirco
660 2937 763 2975 nec
821 2919 1130 2972 molestum
1194 2934 1296 2970 nec
1355 2916 1742 2985 injucundum
1783 2915 1887 2968 tibi
1923 2915 2039 2968 fore

390 3011 684 3075 duximus,
712 3009 757 3063 si
794 3007 1072 3079 pr0positi
1105 3004 1449 3074 consiliique
1484 3005 1661 3058 nostri
1697 3021 1761 3058 ac
1798 3021 1906 3058 non
1932 3004 2036 3055 du-

2152 2653 2259 2717 est,
2307 2650 2363 2703 in
2415 2654 2641 2705 tomum
2697 2652 3021 2706 secundum
3071 2652 3418 2722 rejiciendas
3450 2658 3804 2710 censuerat:

2152 2738 2365 2810 quippe
2424 2740 2522 2808 qui
2580 2743 2816 2794 caeteras
2874 2741 3104 2807 Nicetes,
3154 2739 3340 2806 Pselli,
3405 2740 3611 2804 Nonni,
3669 2740 3802 2795 Eliae

2151 2828 2438 2882 Cretensis
2470 2830 2877 2884 annotationes
2907 2833 2961 2883 et
2992 2829 3439 2882 commentarios
3473 2828 3802 2898 complexu-

2149 2932 2249 2968 rus
2290 2920 2431 2982 erat,
2467 2932 2582 2968 una
2631 2932 2763 2970 cum
2793 2915 3048 2987 Gregorii
3101 2915 3383 2986 poematis
3418 2934 3430 2972 :
3469 2933 3534 2969 ex
3583 2915 3799 2986 quibus

2149 3003 2425 3072 quoniam
2468 3003 2626 3058 mille
2675 3005 2903 3059 circiter
2934 3022 2999 3059 ac
3032 3005 3261 3058 ducenti
3312 3021 3516 3059 versus
3566 3003 3802 3059 iambici

391 3102 493 3155 biac
519 3097 927 3154 destinationis
952 3096 1009 3148 in
1035 3094 1371 3165 D.Gregorii
1396 3093 1739 3147 Nazianzeni
1767 3092 2036 3162 operibus
2068 3087 2111 3152 C
2150 3093 2633 3147 desiderabantur
2689 3093 2747 3147 in
2807 3094 2974 3165 regiae
3033 3093 3402 3148 Bibliotheca:
3478 3094 3802 3161 codicibus,

389 3191 578 3243 Graece
612 3193 667 3241 et
701 3187 901 3239 Latine
934 3185 990 3236 in
1026 3183 1211 3237 lucem
1252 3182 1492 3236 edendis
1525 3189 1577 3236 te
1610 3182 1806 3252 paucis
1840 3182 2039 3235 arimo-

392 3293 686 3332 neremus.
717 3275 809 3328 Sic
842 3273 1022 3342 igitur
1052 3272 1281 3338 habeto,
1311 3288 1413 3325 nos
1445 3272 1501 3324 in
1537 3271 1732 3324 animo
1766 3269 2042 3324 habuisse

389 3367 568 3434 hujus
603 3361 956 3418 sanctissimi
991 3367 1048 3416 et
1086 3360 1546 3430 eloquentissimi
1595 3358 1875 3413 antistitis
1907 3375 2040 3428 ope-

390 3472 521 3509 rum
557 3450 854 3524 δίγλωττον
906 3450 1221 3504 editionem
1257 3449 1493 3520 aggredi
1542 3465 1608 3502 ex
1658 3447 1851 3501 codice
1883 3447 2041 3501 Basi-

389 3542 591 3598 liensis
624 3536 910 3607 ἐκδόσεως,
944 3555 1039 3593 an.
1076 3538 1229 3606 1550,
1275 3538 1428 3607 apud
1483 3535 1844 3606 Hervagium,
1867 3552 2042 3607 quem

390 3629 756 3686 clarissimus
816 3630 900 3682 vir
956 3627 1210 3681 Jacobus
1268 3625 1465 3679 Billius
1524 3625 1582 3679 S.
1627 3624 1927 3680 Michaelis
1983 3625 2043 3680 in

390 3722 595 3775 Eremo
651 3719 947 3789 quondam
1008 3716 1188 3769 abbas
1248 3713 1682 3782 meritissimus,
1736 3713 2042 3784 utriusque

393 3810 604 3880 linguae
637 3805 1048 3879 peritissimus,
1080 3821 1214 3858 cum
1248 3803 1421 3875 regiis
1453 3803 1752 3858 codicibus
1785 3802 2040 3871 Gallicis,

391 3907 446 3955 et
477 3915 610 3953 cum
666 3896 906 3961 Italicis,
940 3894 1010 3948 ab
1060 3892 1480 3947 illustrissimis
1514 3890 1910 3945 cardinalibus
1940 3896 2042 3945 Ca-

391 3989 511 4043 rolo
547 3987 918 4056 Lotharingo,
954 3988 1010 4036 et
1043 3981 1196 4036 Guil.
1229 3980 1432 4035 Sirleto
1482 3997 1679 4035 secum
1714 3980 2041 4035 communi-

391 4076 559 4140 catis,
604 4081 869 4128 accurate
931 4070 1276 4139 contulerat,
1330 4074 1392 4123 ut
1450 4068 1830 4123 doctissimus
1890 4069 2040 4123 Gilb.

390 4163 799 4219 Genebrardus
822 4160 880 4213 in
908 4159 1234 4230 praefatione
1258 4176 1364 4212 sua
1388 4158 1576 4226 refert,
1595 4159 1734 4212 dum
1755 4177 1788 4212 a
1811 4174 2043 4212 summo

389 4252 659 4325 pontifice
694 4249 922 4304 obnixis
957 4249 1226 4318 precibus
1258 4246 1585 4311 contendit,
1614 4253 1677 4300 ut
1708 4247 2045 4317 sumptibus

390 4341 514 4397 suis
546 4344 842 4395 auctorem
891 4335 1050 4389 illum
1083 4335 1285 4390 excudi
1339 4340 1587 4389 curaret.
1622 4338 1836 4390 Verum
1888 4334 2044 4389 enim

2152 3198 2296 3251 quos
2355 3182 2609 3236 Joannes
2667 3182 3060 3237 Lewenclaius
3115 3183 3174 3236 in
3234 3183 3545 3237 Germania
3603 3183 3800 3238 Latine

2150 3274 2398 3335 tantum,
2431 3274 2485 3324 et
2515 3269 2705 3325 soluta
2735 3272 3016 3336 oratione,
3051 3277 3182 3327 ante
3215 3271 3431 3326 multos
3461 3289 3645 3327 annos
3679 3273 3800 3326 edi-

2153 3358 2344 3424 derat;
2379 3357 2618 3427 proinde
2658 3359 2851 3413 danda
2882 3376 3056 3431 opera
3102 3359 3229 3426 fuit,
3264 3363 3328 3413 ut
3368 3375 3439 3414 ne
3488 3360 3635 3414 hanc
3667 3360 3802 3430 qui-

2153 3447 2282 3500 dem
2335 3452 2560 3517 partem
2611 3465 2851 3519 operum
2884 3450 3031 3518 ejus,
3064 3446 3136 3507 ὡς
3167 3445 3265 3500 οὐκ
3297 3446 3584 3522 ἐλαχιστον
3641 3446 3804 3522 μέρος

2151 3537 2257 3587 τῶν
2293 3533 2476 3608 ἱερῶν,
2509 3535 2685 3592 editio
2715 3536 2935 3591 Gallica
2985 3537 3471 3607 praetermitteret.
3504 3538 3647 3592 Cum
3697 3536 3804 3608 igi-

2154 3627 2251 3677 tur
2293 3623 2602 3695 diligenter
2651 3641 2752 3696 per
2781 3641 2984 3680 omnes
3035 3627 3273 3696 Europa
3323 3625 3707 3681 bibliothecas
3739 3641 3807 3680 ea

2159 3717 2344 3766 metra
2374 3709 2595 3781 κείμενα
2625 3713 2953 3782 conquisita
2989 3719 3206 3779 essent,
3239 3731 3532 3785 nusquam
3566 3713 3802 3785 reperiri

2158 3805 2474 3872 potuerunt
2528 3801 2612 3855 illi
2669 3803 2896 3858 codices
2955 3821 3021 3858 ex
3075 3803 3293 3874 quibus
3350 3802 3450 3858 illa
3508 3805 3804 3874 quondam

2159 3890 2554 3946 Lewenclaius
2603 3893 3005 3962 exscripserat,
3040 3898 3096 3947 et
3143 3893 3345 3947 Latine
3394 3899 3660 3948 verterat.
3703 3892 3807 3948 Ve-

2156 3996 2285 4033 rum
2317 3980 2498 4033 Rema
2531 3981 2766 4034 tandem
2801 3981 2970 4035 nobis
3005 3981 3185 4035 missa
3235 3987 3374 4035 sunt
3405 3981 3491 4053 (ut
3519 3980 3580 4032 τὸ
3615 3979 3807 4048 ζητού-

2159 4087 2315 4137 μενον
2351 4065 2560 4120 ἁλωτόν
2613 4069 2794 4138 ﬁeret)
2825 4068 3208 4125 illustrissimi
3253 4071 3409 4124 card.
3446 4069 3633 4124 Maffei
3670 4075 3808 4124 Bar-

2157 4156 2342 4211 berini
2373 4157 2587 4226 studio,
2622 4175 2762 4212 cura
2809 4163 2866 4211 et
2913 4159 3199 4228 impensa,
3233 4158 3528 4214 Vaticanis
3560 4175 3591 4212 e
3621 4159 3809 4223 libris,

2154 4246 2401 4316 aliisque
2459 4246 2836 4302 Bibliothecis
2885 4248 3163 4302 Romanis
3212 4249 3502 4319 exscripta
3543 4263 3558 4304 :
3601 4248 3812 4303 deinde

2155 4334 2402 4389 alterum
2461 4336 2798 4390 eorumdem
2858 4334 3173 4411 ἀπόγραφον
3239 4339 3311 4392 ab
3380 4337 3811 4391 humanissimo

391 4429 668 4502 quoniam
704 4441 815 4481 non
849 4425 1066 4494 ubique
1117 4440 1249 4477 cum
1281 4423 1468 4494 ipsius
1502 4424 1705 4478 Latina
1756 4424 2045 4496 interpre-
2085 4459 2130 4522 Β
2163 4423 2618 4496 doctissimoque
2672 4425 2794 4479 viro
2851 4425 3066 4480 Davide
3141 4425 3482 4481 Hoeschelio
3562 4425 3812 4481 missum

389 4519 613 4575 tatione
637 4514 1057 4572 conveniebant
1079 4514 1204 4583 ejus
1228 4513 1668 4569 emendationes
1694 4517 1750 4568 et
1777 4509 2048 4583 εἷκασμοί,

393 4607 691 4678 multaque
723 4605 954 4658 fuerant
983 4602 1054 4656 ab
1088 4601 1184 4656 illo
1217 4601 1274 4656 in
1307 4607 1465 4656 textu
1499 4602 1706 4670 deleta,
1733 4619 1858 4673 quae
1888 4601 2044 4656 idem

391 4713 619 4760 rursus,
667 4689 928 4766 δευτέρων
976 4689 1298 4762 ἀμεινόνων,
1333 4692 1666 4764 reponenda
1719 4687 2045 4750 ἀναπεισθείς

390 4788 742 4842 censuerat:
778 4787 835 4837 et
885 4785 1084 4835 contra
1134 4780 1452 4836 sustulerat
1503 4782 1560 4834 in
1617 4778 1818 4834 Latina
1867 4779 2043 4833 inter-

389 4873 732 4946 pretatione,
767 4888 896 4932 quae
945 4871 1004 4924 in
1047 4869 1260 4925 Graecis
1311 4869 1511 4924 relicta
1566 4873 1760 4934 erant;
1811 4872 2043 4922 tantum

388 4964 498 5018 sibi
546 4976 847 5017 assumere
897 4958 1082 5014 noluit
1131 4960 1436 5030 praefectus
1490 4953 1822 5029 διωροώσεσι
1877 4962 2044 5029 typo—

385 5051 704 5123 graphicis,
740 5054 802 5104 ut
832 5050 901 5103 de
932 5049 1078 5102 tanti
1111 5048 1212 5101 viri
1246 5065 1415 5118 opere
1447 5052 1502 5101 et
1532 5043 1788 5118 ἀγχινοίᾳ
1818 5053 2044 5102 senten.

384 5144 527 5194 tiam
561 5141 766 5206 ferret;
806 5137 1126 5206 maluitque
1164 5137 1315 5190 bona
1345 5137 1456 5190 ﬁde
1488 5138 1557 5189 de
1606 5135 1714 5189 hoc
1765 5135 1876 5189 sibi
1927 5142 2042 5190 tra-

382 5231 501 5285 dito
534 5230 876 5300 exprimere,
910 5227 981 5280 ad
1012 5225 1222 5279 deinde
1263 5226 1319 5278 in
1368 5226 1520 5280 notis
1551 5242 1617 5279 ac
1650 5224 1890 5280 scholiis
1921 5226 2043 5280 col-

383 5319 563 5374 lectas
603 5314 795 5372 varias
838 5315 1115 5370 lectiones
1168 5322 1600 5385 repraesentare,
1639 5329 1886 5386 quisque
1920 5331 2040 5369 ma-

384 5409 473 5478 gis
530 5424 664 5460 cum
727 5405 1112 5475 interpretum
1173 5402 1433 5457 oratione
1494 5403 1911 5473 consentirent,
1953 5403 2040 5460 vel

385 5512 518 5550 cum
555 5493 810 5548 auctoris
843 5509 1017 5547 sensu
1053 5491 1448 5560 convenirent,
1482 5491 1539 5545 in
1571 5491 1713 5546 locis
1745 5492 2040 5562 ambiguis

388 5582 663 5636 indicare.
699 5582 813 5636 llas
873 5597 1042 5652 porro
1104 5583 1291 5647 notas,
1327 5583 1388 5634 ut
1444 5581 1501 5633 in
1562 5596 1723 5635 more
1781 5579 2038 5651 positum

2163 4513 2528 4583 accepimus;
2591 4513 2745 4584 quod
2805 4531 2839 4568 a
2891 4515 3088 4569 Judteo
3148 4513 3511 4570 Francofurti
3565 4513 3814 4569 feliciter

2157 4604 2343 4674 pretio
2374 4605 2747 4675 redemptum
2793 4604 3001 4660 fuerat.
3035 4605 3273 4660 Interim
3307 4609 3503 4659 tamen
3537 4604 3678 4658 dum
3719 4620 3810 4658 se-

2155 4693 2330 4747 cundi
2372 4693 2513 4747 tomi
2564 4693 2880 4748 editionem
2940 4694 3060 4749 haec
3119 4694 3462 4765 perquisitio
3523 4695 3805 4761 moratur,

2154 4798 2287 4836 ecce
2318 4781 2423 4836 tibi
2457 4798 2670 4836 novum
2713 4800 2782 4837 ex
2831 4783 3037 4854 Anglia
3085 4784 3456 4845 monitorem,
3490 4781 3589 4852 qui
3635 4784 3700 4836 ut
3749 4781 3807 4835 in

2155 4870 2266 4925 alio
2316 4887 2488 4942 opere
2535 4871 2826 4942 curiosus,
2877 4869 3459 4939 ἀλλοτριοεπίσκοπος,
3492 4874 3668 4924 tantae
3719 4869 3809 4924 di-

2155 4960 2387 5014 lationis
2445 4961 2780 5030 impatiens,
2842 4962 2989 5016 duas
3045 4959 3335 5015 orationes
3393 4956 3809 5026 στηλιτευτικάς

2154 5053 2355 5103 contra
2391 5048 2712 5116 lulianum,
2745 5067 2878 5104 cum
2912 5049 3133 5104 scholio
3164 5049 3359 5104 Graeco
3391 5049 3561 5102 edere
3604 5048 3807 5119 voluit,

2154 5144 2210 5192 et
2268 5142 2434 5192 notas
2493 5139 2756 5203 attexuit,
2789 5139 3007 5210 quibus
3065 5137 3255 5192 varias
3313 5137 3592 5192 lectiones
3650 5153 3810 5193 com-

2154 5226 2359 5298 plexus
2388 5232 2476 5281 est
2513 5227 2693 5282 variis
2725 5245 2755 5282 e
2786 5227 2952 5282 libris
2992 5226 3287 5294 collectas,
3317 5226 3615 5297 simulque
3645 5231 3812 5298 typo-

2151 5314 2461 5386 graphicos
2514 5332 2759 5383 errores,
2793 5313 3106 5392 σφάλματα,
3142 5333 3355 5382 naevos,
3389 5315 3662 5371 editionis
3711 5316 3812 5371 Pa-

2152 5405 2415 5459 risiensis
2471 5405 2798 5460 observavit
2847 5411 2902 5460 et
2948 5406 3249 5462 indicavit.
3293 5407 3549 5459 Fuerunt
3595 5405 3810 5475 quippe

2150 5492 2288 5547 olim
2348 5493 2418 5546 ab
2476 5494 2679 5564 Anglis
2737 5495 3205 5549 amanuensibus
3265 5493 3650 5548 eruditissimi
3700 5492 3805 5545 viri

2149 5580 2379 5636 Henrici
2418 5581 2618 5637 Savdii
2666 5582 2903 5639 lustrati
2932 5583 3105 5638 codd.
3140 5581 3557 5654 manuscripti;
3608 5585 3667 5636 et
3712 5577 3808 5634 ille
