4152 6286
436 298 551 359 365

1620 291 1793 354 FED.
1842 294 2187 356 MOHELLI
2234 295 2653 359 PROOEMIA.

3732 298 3851 361 366

435 429 559 500 ipse
582 425 733 482 Billii
765 440 943 480 manu
984 424 1350 490 emendatus,
1388 424 1487 494 qui
1546 440 1702 479 nunc
1757 429 1845 480 est
1902 439 2078 496 penes
2108 428 2163 493 Α
2193 425 2409 499 ανάγοις
2439 428 2870 499 Nonnunquam
2900 445 3048 495 vero,
3084 429 3220 499 quia
3252 429 3437 484 multa
3469 430 3855 502 exscripserat

435 515 832 572 clarissimum
863 518 1192 569 senatorem
1226 512 1609 567 Parisiensem
1641 512 1887 567 Paulum
1922 516 2087 567 Peta-

436 606 629 661 vium:
664 602 902 674 perinde
932 618 997 657 ac
1029 602 1074 656 si
1118 602 1189 656 de
1233 602 1417 657 nostri
1466 600 1707 657 alterius
1769 601 1909 656 torni
1967 600 2088 656 edl-

435 696 592 750 tione
624 709 787 765 spem
819 707 1052 746 omnem
1077 690 1507 761 deposuissent,
1535 707 1647 745 non
1680 690 1941 745 tulerunt
1961 695 2089 744 tan-

437 789 559 839 tam
592 781 1021 837 correctionum
1047 784 1303 849 segetem
1329 778 1439 833 sibi
1458 774 1833 831 δεινοπαθοῦσι
1867 778 2088 851 perire;

441 872 612 945 quasi
645 871 702 924 in
747 870 820 923 iis
854 869 1094 923 fortuna:
1125 867 1352 922 Graeciae
1372 868 1779 923 consisterent.
1815 867 2090 922 Inventus

438 961 679 1016 tandem
711 965 800 1014 est
828 955 1009 1015 κοινὸς
1042 956 1268 1029 Ἑρμῆς,
1306 955 1634 1011 Richardus
1673 956 2090 1023 Montacutius,

444 1050 547 1121 qui
572 1064 745 1104 suum
776 1046 893 1100 illis
927 1046 1272 1115 obsequium
1294 1046 1563 1112 deferret,
1597 1052 1654 1100 et
1684 1044 2000 1100 laureolam
2031 1045 2091 1098 in

446 1143 744 1194 mustaceo
785 1152 1048 1204 quaerens
1079 1134 1341 1190 dicteriis
1371 1151 1437 1189 ac
1469 1133 1676 1206 lepidis
1708 1134 1929 1188 salibus
1958 1133 2094 1189 illo-

448 1244 579 1282 rum
610 1225 1047 1281 observationes
1079 1224 1360 1293 condiret,
1395 1223 1608 1292 quibus
1639 1222 1955 1277 editionem
1986 1223 2090 1277 Pa-

449 1317 753 1372 risiensem
783 1313 1128 1385 exagitaret:
1164 1330 1228 1367 ac
1260 1310 1528 1384 pauculis
1570 1312 1872 1367 mensibus
1927 1315 2095 1367 notas

453 1410 681 1461 nostras
698 1403 1022 1458 antevertit.
1049 1402 1258 1457 Verum
1276 1401 1487 1457 accidit
1502 1406 1562 1455 ut
1584 1401 1723 1455 dum
1746 1401 1922 1456 nimis
1936 1393 2095 1453 σοϐα-

451 1498 581 1567 ρῖυς,
611 1495 915 1567 προπετῶς,
939 1496 997 1546 et
1025 1490 1303 1546 iracunde
1343 1489 1401 1545 in
1461 1506 1567 1545 nos
1637 1490 1837 1560 fertur,
1907 1488 2097 1544 homi-

456 1599 591 1638 nem
634 1597 871 1653 quoque
903 1597 964 1636 se
995 1580 1176 1635 fdisse
1214 1580 1506 1651 proderet,
1531 1584 1594 1633 ut
1623 1595 1815 1633 errare
1846 1583 2096 1650 posset;;

450 1673 712 1742 adeoque
744 1686 891 1725 caeco
922 1684 1177 1740 praeceps
1209 1669 1429 1739 impetu
1467 1671 1676 1737 rueret,
1738 1672 1801 1721 ut
1845 1666 1903 1719 in
1966 1665 2100 1720 illos

448 1762 610 1833 ipsos
667 1774 815 1832 quos
890 1757 1055 1813 nobis
1111 1757 1421 1827 objiciebat
1474 1772 1700 1811 errores
1756 1755 2098 1810 incurreret.
2133 1797 2180 1861 B

451 1849 712 1921 Exempli
748 1847 934 1919 gratia
959 1863 970 1900 :
1000 1846 1290 1901 exciderat
1318 1846 1507 1917 operis
1531 1844 1746 1899 nostris
1774 1859 1936 1898 error
1966 1858 2098 1915 pag.

452 1940 578 2001 3/19,
613 1937 657 1989 ὦ
690 1934 865 2004 οὗτος,
899 1935 1106 2007 spiritu
1131 1936 1310 1989 denso
1344 1934 1633 1988 nimerum
1653 1949 1753 2005 pro
1782 1931 1931 1988 leni:
1965 1948 2100 2005 ergo

451 2027 768 2101 legendum
800 2029 997 2080 monet
1026 2023 1418 2078 Montacutius
1444 2023 1645 2077 eodem
1703 2021 1873 2095 plane
1905 2021 2098 2086 modo,

454 2133 571 2171 non
631 2114 675 2167 ὥ
732 2109 911 2179 οὗτος,
972 2117 1033 2166 ut
1093 2116 1250 2167 recta
1324 2109 1605 2182 postulat:
1683 2128 1736 2181 p.
1816 2111 1941 2178 330,
2020 2105 2101 2161 αἳ-

456 2223 659 2281 ροντες,
719 2219 855 2257 cum
944 2201 1152 2272 spiritu
1210 2201 1350 2255 item
1409 2216 1636 2271 aspero.
1698 2200 2102 2271 Saepenumero

455 2295 631 2349 etiam
669 2296 889 2347 veteres
919 2305 1142 2345 errores
1176 2289 1393 2344 Aldinae
1424 2293 1524 2343 aut
1580 2288 1918 2343 Basiliensis
1977 2288 2103 2342 edi-

456 2383 634 2437 tionis
667 2399 699 2436 a
724 2379 883 2435 Billio
916 2378 1344 2451 praetermissos
1377 2379 1540 2432 novis
1572 2377 1864 2432 erroribus
1926 2378 2102 2431 corri-

456 2472 541 2543 git
566 2490 578 2538 ;
603 2476 669 2525 ut
698 2486 832 2524 cum
867 2485 997 2539 pag.
1031 2468 1155 2531 342,
1192 2462 1373 2519 ἔθνους
1404 2486 1461 2517 τε
1506 2462 1763 2537 πλήρεις,
1812 2467 2103 2536 emendat,

455 2558 634 2621 ἔθνους
690 2578 747 2611 τε
802 2556 1025 2630 πλήρης
1088 2556 1255 2628 quasi
1304 2553 1541 2629 πλήρης,
1599 2572 1730 2609 cum
1788 2571 1925 2609 voce
1981 2570 2104 2625 seq.

461 2643 695 2718 λέϐητας
731 2647 916 2719 possit
947 2662 1285 2716 congruere.
1320 2649 1457 2717 Pag.
1493 2645 1616 2714 370,
1676 2641 1911 2716 γοισΟέν,
1973 2641 2109 2712 legit

462 2756 562 2810 pro
588 2732 854 2806 ζηλωθὲν.
908 2738 1046 2802 Pag.
1106 2734 1229 2799 334,
1289 2733 1596 2801 νικήσειν-ες,
1657 2732 1893 2803 corrigit
1948 2731 2108 2800 κινή-

460 2846 664 2891 σαντες,
698 2841 801 2897 pro
831 2823 1171 2890 κινήσαντος,
1217 2826 1389 2892 atque
1421 2822 1843 2876 absurditatem
1902 2837 2109 2876 sanare

462 2914 583 2969 vult
614 2912 994 2969 absurditate.
1034 2915 1169 2981 Pag.
1201 2911 1325 2978 379,
1379 2909 1452 2969 ὡς
1478 2908 1568 2961 οὖν
1598 2912 1823 2983 νεκρῶν,
1885 2926 1985 2981 pro
2036 2907 2109 2967 ὡς

469 3002 550 3055 οὗ.
587 3018 716 3073 pag.
747 3002 871 3067 346,
923 3000 1031 3071 legi
1067 2999 1192 3054 vult
1232 3001 1311 3051 τῶ
1344 2998 1519 3067 ’[ωνᾷ,
1579 3016 1818 3069 prorsus
1878 2999 2106 3069 inepte;

2199 531 2266 570 ex
2314 516 2556 572 scholiis
2586 517 2917 572 Graecorum
2950 517 3173 585 Billius,
3206 523 3263 573 et
3296 519 3353 573 in
3382 518 3515 574 libri
3566 521 3657 575 sui
3692 538 3845 577 mar-

2198 604 2332 675 gine
2363 603 2728 675 adjunxerat,
2763 622 2828 661 eo
2860 606 3078 661 factum
3110 610 3217 671 est,
3248 611 3313 661 ut
3344 624 3457 662 non
3492 608 3666 663 modo
3718 625 3849 664 cor-

2201 693 2403 762 rigere,
2438 694 2539 748 sed
2572 695 2745 750 etiam
2776 712 2988 767 augere
3021 712 3081 751 se
3112 712 3284 766 posse
3350 696 3607 767 Gregorii
3668 696 3850 752 libros

2201 782 2523 837 autumarit
2552 784 2964 851 Montacutius,
2999 800 3064 838 ac
3095 785 3384 854 ejusmodi
3411 784 3768 856 glossemata
3792 786 3852 841 in

2200 873 2423 925 textum
2453 870 2781 939 inseruerit,
2816 877 2881 926 ut
2921 872 3285 927 ostendimus
3316 872 3375 927 in
3409 890 3541 945 pag.
3602 874 3743 940 452;
3797 877 3853 929 et

2202 964 2401 1014 contra
2438 976 2506 1014 ex
2533 960 2788 1031 genuino
2819 964 2975 1015 textu
3001 962 3265 1031 quaedam
3307 966 3525 1016 temere
3554 964 3850 1032 expunxit.

2200 1053 2484 1119 tanquam
2508 1047 2881 1119 glossemata,
2912 1066 3037 1118 quae
3051 1048 3221 1120 plane
3246 1054 3384 1104 sunt
3406 1051 3756 1118 necessaria,
3779 1046 3851 1102 ὧν

2205 1134 2326 1189 ἄνευ
2354 1135 2414 1189 οὐ
2438 1135 2500 1189 τὸ
2528 1134 2604 1207 εὖ,
2638 1153 2742 1193 ceu
2776 1137 2958 1209 liquet
3014 1154 3082 1191 ex
3114 1138 3266 1192 notis
3314 1138 3374 1193 in
3425 1155 3561 1211 pag.
3596 1140 3721 1194 212.
3754 1140 3858 1195 Fa-

2204 1227 2359 1277 tetur
2388 1239 2540 1294 saepe
2571 1222 3039 1294 quamplurimos
3072 1223 3467 1296 typographiae
3510 1241 3735 1281 errores
3784 1242 3855 1281 ex

2209 1310 2517 1366 collatione
2546 1327 2681 1366 cum
2726 1310 2873 1367 Billii
2909 1312 3102 1367 Latino
3154 1317 3314 1368 textu
3373 1314 3580 1385 corrigi
3640 1331 3854 1386 posse:

2208 1406 2463 1455 attamen
2497 1402 2771 1455 notandis
2824 1397 3297 1473 λεπτομερέστατα
3353 1419 3421 1457 ex
3507 1408 3856 1459 accentuum

2209 1506 2275 1543 ac
2319 1488 2656 1561 spirituum,
2691 1489 3131 1563 incisorumque
3187 1492 3507 1547 emissione
3563 1509 3664 1547 seu
3722 1510 3861 1562 παρ-

2213 1577 2398 1650 οράσει
2423 1577 2667 1650 paginas
2704 1576 2995 1649 impendit
3032 1583 3212 1637 totas:
3240 1595 3370 1634 cum
3406 1580 3589 1651 ipsius
3623 1580 3859 1636 interim

2211 1671 2359 1721 notae
2420 1666 2617 1739 Augiae
2650 1667 2883 1722 stabulo
2914 1666 3157 1738 similes,
3192 1670 3272 1723 ita
3330 1669 3558 1724 mendis
3577 1674 3863 1735 scateant,

2211 1760 2276 1810 ut
2302 1755 2396 1810 vix
2421 1772 2536 1809 una
2566 1755 2662 1822 sit,
2695 1755 2752 1809 in
2785 1772 2901 1826 qua
2959 1758 3157 1812 decem
3218 1755 3304 1811 vel
3348 1757 3657 1813 duodecim
3719 1774 3865 1830 pue-

2212 1843 2347 1900 riles
2369 1842 2569 1917 lapsus
2593 1862 2710 1899 non
2737 1850 3064 1900 occurrant.
3098 1847 3377 1900 Sexcenta
3409 1862 3716 1918 possemus
3740 1846 3866 1901 loca

2212 1933 2467 2005 proferre
2494 1932 2639 1989 falso
2664 1950 2732 1988 ex
2762 1934 3073 2002 Gabriel‘io,
3120 1933 3401 2006 Billioque
3450 1941 3505 1990 et
3527 1935 3720 2007 Regiis
3778 1952 3867 1991 co-

2211 2022 2436 2079 dicibus
2474 2022 2719 2095 prolata,
2752 2023 2838 2077 vel
2868 2023 3043 2079 etiam
3100 2040 3166 2078 ex
3224 2024 3531 2079 Basiliensi
3588 2025 3864 2091 editione,

2213 2129 2336 2182 quae
2352 2111 2712 2183 nusquamin
2736 2110 2854 2166 illis
2873 2116 3089 2182 posunt
3131 2112 3660 2185 inveniri,denique
3680 2109 3864 2166 ἄλλων

2214 2197 2395 2273 ἷάτρὸς
2426 2197 2584 2260 αὐτὸς
2619 2192 2798 2252 ἕλκεσι
2833 2196 3032 2275 βρύων.
3066 2200 3194 2255 Jam
3226 2200 3551 2256 calumnias
3584 2202 3710 2273 ejus
3734 2204 3867 2274 quis

2213 2289 2551 2344 enumeret?
2583 2306 2716 2343 cum
2749 2306 2815 2344 ea
2846 2306 2972 2360 quae
2998 2291 3228 2344 fuerant
3258 2306 3291 2344 a
3314 2289 3473 2345 Billio
3499 2289 3873 2346 delataiinxit

2215 2395 2248 2432 a
2280 2377 2447 2432 nobis
2482 2393 2669 2444 erosa,
2703 2383 2767 2432 ut
2798 2394 2927 2448 pag.
2958 2377 3083 2445 359,
3117 2396 3173 2449 p.
3205 2377 3332 2448 212,
3389 2376 3479 2438 Τίς
3549 2376 3774 2451 ἐκκόψει
3805 2378 3867 2431 τὸ

2213 2465 2432 2538 κέντρον
2464 2461 2629 2532 τῆσδε
2661 2458 2924 2533 διαϐολῆς
2953 2485 2965 2533 ;

2288 2557 2403 2611 Hoc
2433 2556 2718 2611 duntaxat
2748 2554 2887 2628 agit,
2933 2560 2996 2609 ut
3046 2560 3306 2612 nostram
3372 2557 3519 2612 hanc
3583 2557 3869 2612 Parisien-

2218 2661 2341 2700 sem
2373 2645 2687 2700 editionem
2722 2642 2866 2699 falso
2898 2648 3178 2715 tanquam
3214 2646 3554 2701 mendosam
3590 2653 3862 2702 accuset:

2216 2734 2447 2789 tametsi
2485 2731 2628 2787 nihil
2659 2732 2772 2787 tale
2802 2733 2861 2787 in
2894 2750 2962 2788 ea
2994 2734 3331 2805 reperiatur,
3365 2734 3681 2807 qualeipse
3711 2752 3867 2791 som-

2218 2824 2376 2878 niat:
2416 2844 2442 2872 ‹‹
2464 2821 2576 2878 Nec
2601 2827 2791 2878 mente
2812 2821 3116 2890 innocens,
3133 2844 3160 2873 »
3187 2828 3252 2878 ut
3276 2829 3339 2877 υ.
3364 2826 3709 2881 Ambrosius
3728 2826 3872 2879 scri-

2216 2913 2325 2979 bit,
2342 2934 2368 2961 «
2395 2916 2451 2966 et
2474 2928 2651 2966 manu
2700 2910 2957 2967 feralis.»
2984 2911 3222 2966 Interim
3243 2912 3450 2983 cymba
3464 2911 3875 2984 nostraz-Spact

2219 3003 2626 3074 συκοφαντικοῖς
2660 3002 2877 3072 agitata
2908 3004 3170 3055 ﬂuctuat.
3214 3000 3324 3055 Sed
3361 3000 3479 3056 haec
3538 3000 3870 3074 sigillatim,

473 3092 602 3162 quis
653 3091 807 3144 enim
858 3107 1065 3144 sensus
1122 3092 1297 3158 esset,
1350 3084 1553 3161 ἔπασχε
1604 3090 1681 3138 τῶ
1712 3082 1886 3139 Ἰὧ-κᾶ.
1919 3088 2105 3141 Etiam
2139 3111 2180 3175 ρ
2220 3089 2401 3144 lector
2431 3088 2789 3160 aequissime,
2822 3104 2889 3143 ex
2922 3096 3191 3143 notarum
3224 3093 3556 3144 nostrarum
3617 3089 3869 3145 lectione

471 3180 538 3232 τὰ
580 3184 679 3246 τῆς
721 3182 1102 3251 γραμματικῆς
1136 3177 1469 3249 ignorareso
1498 3176 1772 3244 ostendit,
1807 3193 1938 3230 cum
1972 3192 2103 3247 pag.

467 3270 592 3334 75!,
628 3268 896 3322 emendat
950 3263 1193 3334 ἐδύνατο,
1229 3266 1395 3338 quasi
1459 3266 1804 3320 mendosum
1845 3271 1999 3320 esset
2046 3262 2107 3315 τὸ

463 3354 719 3425 ἠδύνατο,
761 3356 975 3427 duplici
1035 3360 1369 3427 augmento,
1414 3371 1515 3425 per
1569 3353 1959 3408 Atticismum.
2018 3358 2107 3414 Τις

463 3444 720 3521 tappetia:
767 3442 944 3513 τούτῳ
997 3440 1058 3495 τό
1086 3442 1289 3513 στὸμα;
1346 3442 1796 3497 Emendationes
1837 3459 2005 3513 porro
2056 3447 2112 3496 et

464 3536 653 3590 varias
684 3532 962 3589 lectiones
1010 3549 1078 3587 ex
1114 3530 1212 3585 lib.
1271 3530 1424 3585 Billii
1485 3530 1629 3586 falso
1690 3547 2111 3603 perperamque

467 3624 728 3697 profert:
781 3627 846 3677 ut
876 3636 1007 3693 pag.
1052 3621 1176 3687 597,
1221 3616 1513 3692 ἐπανάγοις
1570 3618 1681 3691 legi
1722 3618 1952 3683 asserit,
2012 3619 2110 3674 ubi

470 3714 753 3783 scriptum
814 3715 904 3765 est
953 3705 1239 3781 διεξάγοις·
1294 3708 1457 3780 atqui
1503 3707 1602 3763 illa
1659 3709 1934 3764 correctio
1992 3708 2110 3763 Bil-

469 3802 646 3868 liana,
679 3793 968 3871 ἔπάνάγοις
1002 3801 1089 3853 est
1128 3797 1426 3852 referenda
1457 3798 1528 3851 ad
1558 3797 1657 3851 lin.
1694 3799 1751 3852 d.
1795 3814 1842 3852 c.
1900 3798 1953 3863 2,
2013 3797 2112 3853 ubi

461 3889 761 3963 legebatur
792 3890 849 3942 in
883 3886 1053 3954 Basil,
1089 3885 1338 3959 ἀπαγοις,
1385 3890 1443 3940 et
1473 3885 1721 3940 correxit
1770 3886 1967 3940 Billius
2020 3882 2111 3937 ἒπ-

2219 3177 2453 3248 penitus
2481 3193 2815 3248 cognosces.
2855 3176 3042 3232 Unum
3090 3175 3232 3231 illud
3293 3177 3529 3247 addam,
3582 3195 3717 3232 cum
3778 3178 3878 3234 ille

2220 3266 2386 3321 nobis
2417 3265 2661 3337 Epicteti
2692 3266 2991 3320 lucernam
3026 3266 3351 3337 exprobret,
3378 3269 3511 3336 jure
3544 3283 3650 3321 nos
3708 3283 3880 3338 posse

2219 3354 2491 3425 Diogenis
2522 3353 2719 3426 potius
2750 3354 3046 3409 lucernam
3081 3370 3400 3424 assumere,
3460 3360 3522 3409 ut
3577 3355 3877 3411 hominem

2221 3443 2280 3497 in
2312 3444 2439 3512 ejus
2473 3443 2705 3513 scriptis
2739 3459 3105 3513 quaeramus:
3141 3443 3287 3497 nihil
3334 3443 3490 3498 enim
3524 3445 3577 3497 in
3615 3444 3706 3500 his
3768 3446 3871 3499 hu-

2222 3530 2542 3598 manitatis,
2577 3530 2724 3585 nihil
2767 3527 3053 3591 ἐπιεικείας
3113 3532 3397 3599 occurrit;
3461 3548 3595 3586 cum
3654 3532 3742 3588 vel
3802 3532 3883 3587 le-

2220 3619 2465 3674 vissima
2494 3615 2803 3693 σφάλματα,
2857 3624 3137 3691 tanquam
3162 3630 3429 3675 monstra
3458 3622 3726 3693 quaedam
3769 3621 3879 3676 ob-

2223 3709 2610 3778 stupescendo
2642 3709 2985 3777 detestetur,
3010 3714 3066 3764 et
3113 3725 3182 3764 ex
3235 3724 3438 3764 musca
3491 3711 3694 3782 gignat
3762 3711 3878 3765 ele-

2224 3797 2533 3869 phantum.

1462 4196 1984 4283 EJUSDEM
2054 4198 2298 4284 FED.
2376 4197 2891 4285 MORELLI

1947 4375 2363 4447 PHALEUCII
2376 4421 2389 4434 .

1510 4667 1773 4727 Paulum
1801 4666 2176 4745 Christigeni
2204 4666 2411 4744 gregis
2440 4681 2803 4745 supremum

1523 4750 1842 4807 Pastorem
1872 4750 1934 4807 in
1964 4749 2259 4807 cathedra
2296 4747 2456 4807 Petri
2485 4749 2827 4820 sedentem,

1524 4829 1750 4906 lugens
1781 4829 2142 4906 Gregoriut,
2190 4828 2379 4887 decus
2410 4828 2765 4907 Pelasgum,

1535 4910 1805 4968 Antistes
1836 4911 1975 4986 pius
2004 4908 2109 4969 ille
2139 4908 2453 4978 Nazianzi,

1523 4992 1762 5048 Roman
1811 4988 2060 5048 Parisiis
2095 4994 2305 5068 petens
2348 4988 2603 5061 relictis,

1516 5072 1589 5128 Et
1618 5070 1803 5130 Graio
1835 5069 2162 5129 decoratus
2192 5075 2254 5128 et
2286 5069 2504 5127 Latina)

1515 5149 1699 5210 Cultu
1731 5149 1909 5209 laatus
1938 5149 2092 5225 adit,
2125 5148 2381 5221 salutat,
2414 5154 2551 5207 orat

1512 5230 1592 5293 Ut
1629 5237 1823 5290 ltoma
1852 5229 2216 5289 incolumini
2245 5236 2367 5289 stet
2395 5230 2525 5307 ipse
2556 5234 2849 5307 utraque,

1513 5308 1694 5370 Casta
1723 5325 1792 5370 ut
1822 5309 2050 5389 scripta
2082 5309 2371 5388 legentur
2401 5308 2550 5369 orbe
2570 5315 2701 5368 toto
