4152 6286
228 265 347 326 367

1452 263 1944 325 MONTAGUTII
1988 263 2427 325 ΡΒιΕΡΑΤΙΟ.

3530 272 3649 330 368

324 564 844 611 REVERENDISSIIO
903 565 963 608 IN
1006 566 1258 612 CBRISTO
1303 566 1475 610 PATRI
1517 566 1591 610 AG
1636 564 1885 621 DOMINO,
1934 565 2156 610 DOMINO
2203 565 2530 617 RICHARDO,
2581 565 3022 612 CANTUARIENSI
3065 569 3558 625 ARCHIEPISCOPO,

1242 647 1451 692 TOTIUS
1495 647 1707 692 ANGLJE
1751 646 2000 690 PBIMATI
2045 647 2116 690 ET
2158 646 2675 692 ιΕΤΗοΡοιιτΑΝο.

1433 793 1538 861 (Ex
1567 792 1719 847 Edit.
1745 791 2062 847 Montacut.
2088 790 2283 845 Etonaa
2315 788 2503 855 4640.)

292 1148 681 1219 Antiquorum
730 1148 997 1204 Ecclesiae
1049 1149 1285 1203 Patrum
1318 1149 1536 1220 scripta
1592 1149 1770 1221 (quod
1814 1153 1873 1203 tu
1907 1154 1959 1219 Α
1991 1147 2050 1201 in
2078 1148 2349 1219 squalore
2380 1150 2692 1219 despectus
2725 1151 2932 1221 jaceat.
2983 1154 3149 1205 Anno
3195 1150 3501 1205 ediderunt
3532 1151 3641 1206 Na-

221 1235 463 1291 minime
494 1236 746 1306 ignoras,
780 1238 1266 1293 revevendissime
1298 1238 1481 1305 Pater)
1508 1237 1757 1292 multum
1785 1237 1872 1291 in-

219 1325 421 1381 tererit
441 1325 521 1380 rei
551 1325 915 1393 Christianae,
932 1344 1108 1399 quam
1123 1326 1605 1382 emendatissima
1628 1326 1875 1381 circum-

220 1415 375 1469 ferri.
410 1415 580 1481 Nam,
612 1423 667 1470 et
714 1415 765 1468 oi
823 1413 873 1483 ἐξ
932 1413 1170 1475 ἐναντίας
1230 1416 1429 1471 Patres
1487 1421 1746 1487 crepant,
1809 1419 1875 1469 ut

212 1504 445 1575 juratos
469 1503 528 1558 in
560 1521 798 1559 causam
831 1522 1001 1560 suam
1034 1511 1231 1573 testes,
1265 1509 1319 1560 et
1351 1506 1420 1559 ad
1454 1505 1675 1571 Patres,
1707 1508 1769 1558 ut
1800 1504 1870 1558 ad

221 1609 564 1664 supremum
594 1593 873 1660 tribunal,
908 1610 1137 1665 semper
1160 1594 1214 1648 in
1236 1594 1395 1649 omni
1426 1594 1748 1664 quaestione
1779 1608 1871 1647 so-

220 1680 343 1735 lent
374 1698 714 1753 provocare:
745 1687 806 1738 et
834 1700 939 1739 nos
971 1682 1217 1738 libenter
1247 1683 1304 1737 in
1358 1682 1746 1737 controversis
1770 1681 1873 1736 do-

222 1770 541 1841 gmatibus,
572 1789 670 1826 eos
700 1771 868 1827 facile
898 1772 1270 1827 admittimus
1312 1772 1665 1826 diribitores.
1725 1771 1870 1825 Nam

223 1864 364 1914 sunt
391 1859 689 1931 religionis
721 1860 1063 1916 Christianae
1093 1866 1397 1932 ‘proceres,
1460 1859 1733 1915 doctrinae
1786 1875 1871 1914 re-

223 1947 423 2002 velata:
456 1950 872 2020 promi-condi,
906 1967 1081 2021 quam
1116 1951 1187 2005 ab
1219 1948 1499 2020 apostolis
1530 1948 1872 2014 derivatam,

227 2041 504 2107 perpetua
526 2038 685 2107 praxi
718 2039 1124 2093 conﬁrmatam
1174 2040 1243 2094 ad
1272 2043 1471 2094 nostra
1501 2054 1689 2109 usque
1724 2043 1873 2092 tem-

230 2142 372 2195 pora
403 2127 878 2182 transmiserunt.
900 2128 1198 2194 Quocirca,
1234 2143 1354 2181 rem
1383 2127 1528 2198 ipsis
1560 2124 1871 2198 gloriosam

232 2214 345 2269 Deo
378 2222 695 2285 procurant
744 2216 1198 2287 perplacentem,
1231 2215 1560 2287 reipublicae
1585 2214 1784 2269 utilem
1819 2218 1877 2267 et

227 2304 521 2359 communi
553 2320 763 2371 causa),
798 2305 897 2376 qui
925 2305 983 2360 in
1005 2304 1336 2361 evolvendis
1361 2308 1595 2359 Patrum
1620 2302 1877 2373 scriptis,

226 2397 395 2462 atque
418 2393 535 2449 illis
555 2393 972 2461 emaculandis,
996 2398 1053 2449 et
1075 2410 1229 2449 nunc
1250 2398 1305 2449 et
1338 2392 1478 2448 olim
1510 2393 1877 2448 desudarunt

224 2481 346 2544 Quo
368 2482 607 2553 quidem
629 2482 688 2536 in
720 2498 931 2554 genere
957 2484 1141 2554 prima
1171 2483 1299 2537 laus
1326 2483 1569 2537 debetur
1599 2481 1873 2535 illustris-

227 2574 377 2625 simo
404 2576 461 2625 et
504 2571 843 2626 doctissimo
874 2570 940 2626 D.
973 2570 1209 2637 Savilio,
1243 2570 1342 2641 qui
1376 2586 1613 2625 summa
1671 2570 1783 2623 fide
1821 2572 1878 2623 et

225 2658 551 2730 diligentia,
628 2658 825 2715 labore
882 2660 1057 2714 etiam
1110 2659 1422 2725 indefesso,
1484 2655 1876 2730 Chrysostomi

226 2749 464 2820 scripta,
498 2752 783 2819 quotquot
812 2748 1010 2804 haberi
1029 2752 1276 2820 possunt
1304 2747 1516 2813 Grzece,
1551 2747 1876 2800 innumeris

229 2837 290 2891 in
323 2837 465 2891 locis
497 2837 761 2906 correxit,
795 2837 1106 2909 supplevit,
1139 2836 1475 2892 elucidavit.
1512 2835 1879 2890 Conﬁdenter

235 2926 385 2993 dico,
433 2925 850 2981 revendissime
881 2919 1147 2994 DOmine,
1198 2930 1332 2997 post
1385 2927 1682 2980 inventam
1713 2928 1878 2996 typo-

233 3013 740 3085 graphiam,nemo
760 3019 1016 3069 veterum
1035 3019 1135 3069 aut
1158 3014 1474 3069 recentium
1503 3012 1877 3084 scriptorum,

233 3109 397 3158 tanta
431 3104 543 3158 ﬁde
574 3109 630 3158 et
664 3102 962 3175 religione,
1004 3109 1123 3157 tam
1159 3102 1502 3169 emaculate,
1565 3102 1624 3156 in
1668 3117 1880 3155 manus

233 3192 541 3247 hominum
576 3191 788 3263 prodiit
817 3209 993 3263 quam
1022 3193 1277 3263 prodibit
1306 3193 1460 3263 apud
1477 3208 1581 3245 nos
1603 3190 1631 3243 ὁ
1652 3187 1882 3264 χρυσορ-

236 3278 453 3354 ῥήμων.
503 3280 739 3337 [nterim
781 3297 934 3349 vero,
959 3281 1099 3335 dum
1136 3286 1378 3352 urgetur
1402 3297 1576 3351 opus,
1609 3279 1765 3351 quod
1809 3278 1879 3332 ad

232 3369 472 3423 tertium
495 3370 619 3438 jam
679 3369 962 3440 processit
993 3374 1201 3435 totum,
1235 3367 1324 3422 καὶ
1358 3366 1448 3420 σὺν
1511 3371 1627 3438 Θεῷ
1689 3364 1879 3430 εἰπεῖν,

232 3458 305 3513 ad
336 3457 651 3529 septimum
688 3459 958 3529 procedet
987 3464 1089 3513 aut
1119 3464 1410 3525 octavum,
1470 3454 1741 3529 praeludit
1797 3454 1882 3509 illi

233 3547 650 3614 Nazianzenus,
700 3546 1092 3602 mellitissimo
1142 3546 1412 3617 scriptori
1462 3550 1657 3600 orator
1712 3544 1882 3600 vehe-

236 3651 425 3702 mens,
459 3640 516 3689 et
544 3634 876 3690 Graecorum
907 3634 1141 3689 Patrum
1186 3630 1731 3709 μεγαλοφωνότατος.
1791 3632 1884 3688 Sic

235 3722 389 3778 enim
420 3724 607 3777 solent
634 3723 687 3775 oi
716 3720 1040 3797 ἑστιάτορες,
1100 3723 1373 3778 convivas
1421 3722 1675 3778 bellariis
1736 3721 1888 3776 invi-

239 3817 382 3881 tare,
399 3812 540 3866 dum
562 3811 839 3868 lautiores
858 3811 1043 3884 epulae
1065 3817 1442 3884 apparantur.
1462 3811 1739 3867 Praaludit
1760 3810 1888 3881 qui-

240 3901 392 3968 dem,
431 3917 534 3956 nec
587 3901 802 3972 injuria
831 3919 844 3958 :
876 3902 1065 3957 fuerat
1091 3902 1148 3955 in
1182 3901 1520 3973 episcopatu
1559 3904 1894 3955 antecessor
1924 3884 1966 3949 C

240 3991 338 4061 qui
372 3996 462 4046 est
491 3991 561 4045 ad
593 3989 803 4063 vulgus
836 3990 1233 4047 anteambulo.
1293 3990 1407 4045 Nec
1463 3989 1524 4044 in
1585 3989 1890 4044 ferendum

236 4079 418 4135 videri
449 4080 652 4151 possit,
699 4084 762 4134 ut
789 4096 820 4135 e
846 4081 1077 4136 duobus
1129 4078 1421 4152 episcopis
1482 4078 1893 4134 Constantino-

237 4168 535 4241 politanis,
570 4167 715 4223 alter
743 4173 986 4224 ornatus
1012 4169 1096 4224 sic
1126 4173 1185 4224 et
1213 4167 1478 4224 excultus
1517 4168 1705 4237 abeat,
1750 4165 1896 4221 alter

1984 1237 2326 1292 sianzenum
2390 1238 2745 1294 Parisienses
2800 1241 3317 1305 Latino-Graecum,
3379 1240 3479 1295 sed
3538 1256 3643 1294 nec

1983 1325 2299 1396 integrum,
2333 1333 2389 1381 et
2420 1326 2690 1398 plurimis
2723 1329 2952 1384 mendis
2986 1346 3087 1400 per
3148 1346 3424 1383 summan
3457 1329 3641 1399 negli-

1983 1416 2241 1486 gentiam
2273 1416 2686 1472 deformatum.
2738 1420 2975 1484 Actum,
3010 1419 3161 1489 quod
3199 1419 3431 1487 dicitur,
3459 1416 3643 1472 nolui~

1984 1520 2116 1559 mus
2148 1521 2337 1575 agere,
2371 1509 2426 1559 et
2473 1505 2881 1577 castigationes
2930 1506 3094 1561 valde
3153 1507 3512 1562 necessarias
3571 1523 3642 1560 ex

1986 1592 2187 1646 multis
2240 1593 2596 1648 membranis
2646 1594 2915 1650 collectas
2976 1596 3031 1649 in
3092 1612 3296 1649 omnes
3351 1596 3643 1650 orationes

1987 1680 2218 1736 edimus
2250 1686 2305 1735 et
2330 1681 2626 1753 epistolas,
2647 1682 2860 1752 quibus
2887 1683 3081 1755 Augiae
3114 1684 3407 1738 stabulum
3440 1700 3645 1755 purga-

1980 1768 2195 1837 vimus,
2222 1775 2278 1824 et
2307 1769 2584 1841 Gregorio
2637 1772 2885 1826 nitorem
2948 1772 3338 1827 restituimus.
3401 1776 3641 1827 l‘rzeter-

1983 1858 2166 1912 missa
2212 1860 2469 1913 nonnula
2510 1857 2937 1929 supplevimus,
2993 1861 3182 1915 adhuc
3245 1861 3476 1932 publice
3526 1877 3641 1915 non

1983 1946 2136 2001 visa:
2164 1950 2221 2001 et
2255 1946 2383 2002 illas
2416 1949 2472 2001 in
2504 1949 2793 2003 lulianum
2838 1950 3175 2017 invectivss,
3233 1950 3383 2004 inter
3440 1965 3645 2005 omnes

1982 2036 2274 2091 orationes
2304 2035 2750 2111 κορυφαιοτάτοις,
2777 2055 2894 2109 qua
2924 2056 2956 2093 a
2981 2038 3204 2106 Nonno,
3266 2056 3383 2108 qua
3414 2056 3447 2093 a
3477 2040 3645 2093 sobo-

1984 2122 2183 2179 liastre
2213 2131 2403 2179 vetere
2435 2130 2490 2179 et
2522 2127 2748 2180 erudito
2782 2127 3125 2193 ornatiores,
3178 2144 3295 2198 qua
3327 2146 3358 2183 a
3418 2129 3643 2183 mendis

1988 2213 2312 2268 innumeris
2344 2213 2723 2269 correctiores
2757 2214 2944 2269 multo
2998 2232 3174 2286 quam
3205 2222 3336 2271 ante
3390 2218 3640 2283 fuerant,

1984 2302 2328 2358 emittimus.
2348 2302 2463 2357 Hoc
2481 2304 2766 2373 quidquid
2791 2309 2879 2358 est
2899 2304 3642 2375 oppellaa,reverendissime

1988 2390 2171 2452 Pater,
2206 2391 2316 2444 sub
2338 2394 2437 2445 tuo
2466 2391 2720 2457 nomine,
2756 2392 2864 2446 sub
2900 2393 3015 2447 tuis
3049 2394 3327 2465 auspiciis
3362 2394 3418 2447 in
3452 2394 3640 2449 lucem

1989 2478 2200 2550 prodit.
2238 2479 2383 2534 Nam
2416 2478 2462 2534 si
2505 2480 2642 2550 quid
2677 2481 2735 2533 in
2770 2480 2879 2536 hoc
2909 2498 3119 2553 genere
3166 2481 3517 2549 elaboratur,
3564 2483 3617 2537 vi

1986 2567 2141 2621 deris
2172 2567 2275 2622 tibi
2302 2568 2436 2638 jure
2466 2568 2780 2637 vindicare,
2816 2570 2906 2623 cui
2941 2571 3175 2642 nos,qui
3208 2589 3416 2626 sumus
3444 2570 3640 2644 ἱερατι-

1986 2658 2082 2708 κοῦ
2119 2655 2364 2728 βήματος
2392 2661 2405 2727 (
2440 2674 2572 2712 cum
2606 2657 2732 2728 ipso
2775 2658 2981 2728 loquor
3011 2659 3389 2732 Nazianzeno)
3450 2678 3556 2715 nos
3589 2666 3646 2714 et

1988 2751 2189 2800 nostra
2219 2748 2598 2817 comprobare
2614 2746 2749 2799 κατὰ
2784 2746 3029 2820 μεγάλην
3062 2746 3288 2816 ἐντολήν
3313 2749 3646 2820 obligamur

1989 2835 2454 2899 Deinde,videbal
2467 2840 2992 2891 urconsentaneum
3011 2842 3073 2890 ut
3086 2839 3152 2890 ad
3171 2836 3638 2906 archipraesulem

1992 2922 2221 2977 festinet
2241 2923 2735 2994 archiepiscopus,
2762 2926 3093 2996 Gregorius,
3120 2926 3311 2979 dicam
3338 2925 3536 2988 libere,
3573 2924 3643 2979 ad

1988 3012 2351 3083 Gregorium.
2374 3014 2533 3077 Quod
2551 3014 2596 3067 si
2620 3018 2674 3067 et
2699 3013 2890 3068 locum
2915 3014 2969 3067 in
2990 3012 3088 3067 illo
3133 3020 3233 3069 tuo
3268 3011 3645 3088 ροντιστηρίῳ,

1988 3100 2451 3155 instructissima
2477 3117 2657 3171 quam
2684 3103 2933 3156 adornas
2952 3100 3322 3157 bibliotheca.
3348 3103 3646 3158 Nazianze-

1991 3205 2102 3243 nus
2123 3188 2216 3242 hic
2231 3194 2425 3243 noster
2439 3189 2737 3255 sortiatur,
2758 3190 3040 3245 necillum
3059 3192 3300 3262 pudebit
3318 3193 3390 3247 ab
3409 3191 3647 3245 homine

1994 3293 2141 3331 nova
2168 3278 2609 3345 transiisse,nec
2633 3278 2787 3333 hunc
2810 3280 2867 3333 in
2891 3280 3212 3350 posterium
3246 3280 3550 3351 paenitebit
3583 3296 3644 3335 se

1962 3362 2249 3435 'suosque
2280 3365 2504 3421 labores
2536 3367 2594 3420 in
2626 3366 2735 3422 hac
2767 3372 2930 3438 parte
2979 3367 3247 3423 Ecclesia:
3278 3385 3636 3423 consecrare.

1992 3454 2153 3517 Quod
2184 3462 2471 3525 superset,
2507 3455 2534 3507 ὁ
2570 3454 2737 3527 μέγας
2782 3454 3223 3528 μητροπολίτης,
3283 3462 3338 3512 et
3388 3474 3638 3529 magnus

1995 3542 2176 3598 totius
2208 3545 2366 3599 orbis
2392 3544 2740 3615 patriarcha,
2777 3544 3117 3616 unigenitus
3142 3546 3242 3600 Dei
3272 3547 3445 3601 Jesus
3482 3547 3647 3601 Chri-

1996 3636 2122 3687 stus
2153 3638 2425 3689 vestram.
2463 3632 2987 3698 Reverendissime,
3023 3635 3457 3706 paternitatem,
3518 3636 3648 3691 diu-

1996 3720 2225 3776 tissime
2256 3721 2543 3787 Ecclesiae,
2578 3728 2632 3777 et
2694 3722 2861 3777 bouis
2903 3724 3181 3779 omnibus
3239 3730 3539 3779 conservet
3596 3730 3653 3779 et

1996 3813 2250 3865 tueatur.

2254 3934 2771 3990 Reverendissimaa
2802 3935 3016 3991 Vestrae
3049 3935 3410 3994 Paternitati.

2431 4023 2733 4078 humiliter
2753 4024 3159 4080 deditissimus

2860 4167 3175 4224 BICHARDUS
3207 4168 3504 4226 MONTAGU.

1500 4470 1639 4551 AD
1714 4466 2385 4553 LEC'l‘OltEM.

1447 4645 1551 4717 (Ex
1581 4644 1728 4700 Edit.
1764 4642 2110 4698 Montacutii
2144 4641 2344 4695 Etonae
2374 4638 2557 4709 4610).

311 4963 631 5019 Invectivas
649 4962 826 5017 hasce
855 4961 1003 5015 duas
1032 4961 1324 5016 orationes
1362 4959 1461 5027 τήν
1518 4956 1615 5012 τοῦ
1646 4956 1879 5013 Ἰουλια-

1997 4955 2288 5029 amplius:
2326 4958 2387 5007 D.
2435 4952 2709 5020 Savilius,
2743 4952 2770 5005 ὁ
2830 4952 2991 5021 πάνυ,
3048 4958 3113 5008 ut
3161 4959 3252 5010 est
3310 4956 3380 5010 de
3438 4955 3653 5013 litteris

236 5052 334 5104 νοῦ
376 5047 654 5104 πολιτείαν
714 5045 1159 5118 πηλιτευοῦσας,
1217 5048 1344 5113 tibi,
1388 5047 1466 5102 mi
1522 5047 1725 5113 lector,
1785 5063 1880 5103 se-

227 5138 483 5211 junctim
515 5137 727 5207 Greece,
758 5154 892 5193 cum
920 5136 1162 5193 scholiis
1208 5135 1445 5204 Graecis,
1476 5141 1535 5192 et
1582 5134 1884 5191 nonnullis

232 5225 497 5296 ejusdem
526 5224 786 5299 Gregorii
832 5220 1135 5284 ἀνεκδότοις
1168 5222 1534 5278 exhibemus.
1568 5222 1715 5278 Nam
1746 5240 1881 5278 cum

233 5314 577 5371 Nazianzeni
603 5332 779 5388 opera
809 5313 1059 5369 revocari
1093 5313 1203 5367 sub
1237 5311 1394 5384 prelo
1425 5312 1796 5381 correctiora,
1829 5316 1885 5367 et

231 5403 514 5459 studiosis
542 5404 893 5459 conduceret
921 5407 978 5457 et
1016 5399 1258 5463 auctori,
1293 5400 1447 5470 quod
1477 5404 1535 5456 et
1572 5400 1675 5456 illa
1704 5400 1884 5456 editio

234 5490 584 5548 Basileensis
613 5491 1091 5564 depravatissime
1122 5487 1454 5561 prodiisset,
1482 5494 1658 5561 atque
1706 5491 1882 5546 etiam

239 5581 537 5637 distractis
552 5580 984 5653 exemplaribus
1001 5577 1153 5650 apud
1174 5577 1439 5635 ofﬁcinas
1460 5596 1575 5634 non
1594 5584 1887 5652 prostaret

1990 5045 2208 5117 optime
2240 5043 2506 5107 meritus,
2532 5043 2602 5098 de
2642 5042 2895 5099 editione
2933 5046 3185 5113 ccsperat
3241 5043 3520 5116 cogitare.
3584 5047 3658 5102 Et

1998 5134 2239 5205 quidem
2292 5135 2418 5205 post
2474 5130 2960 5203 Chrysostomum
3005 5129 3095 5183 τὸν
3125 5128 3657 5210 πολυγραφώτατον,

1997 5238 2173 5294 quem
2193 5222 2425 5295 magnis
2446 5221 2733 5294 impensis
2751 5236 2854 5293 per
2883 5236 3089 5276 omnes
3118 5219 3494 5280 bibliothecas
3526 5242 3655 5297 per-

1997 5311 2386 5381 quisitum,ad
2418 5312 2654 5368 tertium
2672 5310 2799 5380 jam
2830 5313 3060 5364 tomum
3086 5310 3339 5381 subjecit
3366 5313 3546 5384 prelo,
3582 5316 3653 5370 ad

1995 5398 2146 5455 hanc
2195 5401 2557 5471 provinciam
2589 5398 2984 5456 exornandam
3015 5399 3398 5474 undiquaque
3428 5402 3652 5459 accive-

1995 5492 2087 5544 rat
2115 5488 2489 5557 adjumenta:
2524 5489 2624 5545 sed
2656 5487 2971 5543 intervenit
3008 5486 3130 5544 haec
3160 5490 3441 5563 cogitanti
3471 5493 3651 5549 editio

1997 5593 2221 5649 nupera
2260 5577 2721 5648 Latino-Greca,
2750 5574 3233 5635 aParisiensibus
3267 5581 3650 5653 typographis
