  <div class='ocr_page' id='page_1' title='image "/cluster/home/n/w/nwhite01/storage/ocr_20150623/35/mdp.39015012934389/188.png"; bbox 0 0 4152 6286; ppageno 0'>
   <div class='ocr_carea' id='block_1_1' title="bbox 450 486 570 545">
    <p class='ocr_par' dir='ltr' id='par_1_1' title="bbox 450 486 570 545">
     <span class='ocr_line' id='line_1_1' title="bbox 450 486 570 545; baseline 0 -1"><span class='ocrx_word' id='word_1_1' title='bbox 450 486 570 545; x_wconf 84' lang='grc'><strong>369</strong></span> 
     </span>
    </p>
   </div>
   <div class='ocr_carea' id='block_1_2' title="bbox 1350 482 2968 548">
    <p class='ocr_par' dir='ltr' id='par_1_2' title="bbox 1350 482 2968 548">
     <span class='ocr_line' id='line_1_2' title="bbox 1350 482 2968 548; baseline 0.003 -5"><span class='ocrx_word' id='word_1_2' title='bbox 1350 483 1715 545; x_wconf 78' lang='lat' dir='ltr'><strong>GILBERTI</strong></span> <span class='ocrx_word' id='word_1_3' title='bbox 1762 482 2262 545; x_wconf 81' lang='lat' dir='ltr'><strong>GENEBRARDI</strong></span> <span class='ocrx_word' id='word_1_4' title='bbox 2307 482 2555 545; x_wconf 84' lang='lat' dir='ltr'><strong>EPIST.</strong></span> <span class='ocrx_word' id='word_1_5' title='bbox 2602 485 2968 548; x_wconf 84' lang='lat' dir='ltr'><strong>DEDICAT.</strong></span> 
     </span>
    </p>
   </div>
   <div class='ocr_carea' id='block_1_3' title="bbox 3748 488 3868 551">
    <p class='ocr_par' dir='ltr' id='par_1_3' title="bbox 3748 488 3868 551">
     <span class='ocr_line' id='line_1_3' title="bbox 3748 488 3868 551; baseline -0.033 0"><span class='ocrx_word' id='word_1_6' title='bbox 3748 488 3868 551; x_wconf 86' lang='lat'><strong>3&#39;70</strong></span> 
     </span>
    </p>
   </div>
   <div class='ocr_carea' id='block_1_4' title="bbox 452 615 3869 692">
    <p class='ocr_par' dir='ltr' id='par_1_4' title="bbox 452 615 3869 692">
     <span class='ocr_line' id='line_1_4' title="bbox 452 615 3869 692; baseline 0.001 -18"><span class='ocrx_word' id='word_1_7' title='bbox 452 616 714 688; x_wconf 85' lang='lat' dir='ltr'><strong>specioso</strong></span> <span class='ocrx_word' id='word_1_8' title='bbox 749 615 1112 688; x_wconf 82' lang='lat' dir='ltr'><strong>frontispicio</strong></span> <span class='ocrx_word' id='word_1_9' title='bbox 1145 615 1527 680; x_wconf 89' lang='lat' dir='ltr'><strong>lemniscata;</strong></span> <span class='ocrx_word' id='word_1_10' title='bbox 1559 617 1654 687; x_wconf 89' lang='lat' dir='ltr'><strong>qui</strong></span> <span class='ocrx_word' id='word_1_11' title='bbox 1708 615 1852 670; x_wconf 90' lang='lat' dir='ltr'><strong>nihil</strong></span> <span class='ocrx_word' id='word_1_12' title='bbox 1904 617 2101 671; x_wconf 91' lang='lat' dir='ltr'><strong>minus</strong></span> <span class='ocrx_word' id='word_1_13' title='bbox 2130 617 2185 683; x_wconf 85' lang='grc' dir='ltr'><strong>Α</strong></span> <span class='ocrx_word' id='word_1_14' title='bbox 2216 617 2325 672; x_wconf 90' lang='lat' dir='ltr'><strong>bus</strong></span> <span class='ocrx_word' id='word_1_15' title='bbox 2355 617 2580 688; x_wconf 88' lang='lat' dir='ltr'><strong>Billius,</strong></span> <span class='ocrx_word' id='word_1_16' title='bbox 2614 619 2683 673; x_wconf 90' lang='lat' dir='ltr'><strong>ad</strong></span> <span class='ocrx_word' id='word_1_17' title='bbox 2720 619 2812 675; x_wconf 89' lang='lat' dir='ltr'><strong>sui</strong></span> <span class='ocrx_word' id='word_1_18' title='bbox 2842 619 2977 674; x_wconf 84' lang='lat' dir='ltr'><strong>libri</strong></span> <span class='ocrx_word' id='word_1_19' title='bbox 3009 619 3337 692; x_wconf 81' lang='lat' dir='ltr'><strong>marginem</strong></span> <span class='ocrx_word' id='word_1_20' title='bbox 3369 621 3765 689; x_wconf 80' lang='lat' dir='ltr'><strong>adnotaverat,</strong></span> <span class='ocrx_word' id='word_1_21' title='bbox 3800 639 3869 678; x_wconf 84' lang='lat' dir='ltr'><strong>ex</strong></span> 
     </span>
    </p>
   </div>
   <div class='ocr_carea' id='block_1_5' title="bbox 455 704 2108 778">
    <p class='ocr_par' dir='ltr' id='par_1_5' title="bbox 455 704 2108 778">
     <span class='ocr_line' id='line_1_5' title="bbox 455 704 2108 778; baseline -0.001 -18"><span class='ocrx_word' id='word_1_22' title='bbox 455 711 737 778; x_wconf 61' lang='lat' dir='ltr'><strong>prastant</strong></span> <span class='ocrx_word' id='word_1_23' title='bbox 767 722 945 775; x_wconf 90' lang='lat' dir='ltr'><strong>quam</strong></span> <span class='ocrx_word' id='word_1_24' title='bbox 980 704 1350 776; x_wconf 85' lang='lat' dir='ltr'><strong>pollicentur.</strong></span> <span class='ocrx_word' id='word_1_25' title='bbox 1383 705 1691 759; x_wconf 86' lang='lat' dir='ltr'><strong>Habebant</strong></span> <span class='ocrx_word' id='word_1_26' title='bbox 1722 704 1989 774; x_wconf 84' lang='lat' dir='ltr'><strong>fortasse,</strong></span> <span class='ocrx_word' id='word_1_27' title='bbox 2008 705 2108 759; x_wconf 89' lang='lat' dir='ltr'><strong>ha-</strong></span> 
     </span>
    </p>
   </div>
   <div class='ocr_carea' id='block_1_6' title="bbox 455 793 2105 864">
    <p class='ocr_par' dir='ltr' id='par_1_6' title="bbox 455 793 2105 864">
     <span class='ocr_line' id='line_1_6' title="bbox 455 793 2105 864; baseline -0.002 -14"><span class='ocrx_word' id='word_1_28' title='bbox 455 797 589 851; x_wconf 91' lang='lat' dir='ltr'><strong>here</strong></span> <span class='ocrx_word' id='word_1_29' title='bbox 650 810 789 849; x_wconf 89' lang='lat' dir='ltr'><strong>sane</strong></span> <span class='ocrx_word' id='word_1_30' title='bbox 848 800 1135 864; x_wconf 83' lang='lat' dir='ltr'><strong>poterant,</strong></span> <span class='ocrx_word' id='word_1_31' title='bbox 1198 794 1427 864; x_wconf 79' lang='lat' dir='ltr'><strong>Regios,</strong></span> <span class='ocrx_word' id='word_1_32' title='bbox 1508 793 1812 864; x_wconf 83' lang='lat' dir='ltr'><strong>Regineos,</strong></span> <span class='ocrx_word' id='word_1_33' title='bbox 1891 794 2105 848; x_wconf 81' lang='lat' dir='ltr'><strong>Petavii</strong></span> 
     </span>
    </p>
   </div>
   <div class='ocr_carea' id='block_1_7' title="bbox 456 882 2110 954">
    <p class='ocr_par' dir='ltr' id='par_1_7' title="bbox 456 882 2110 954">
     <span class='ocr_line' id='line_1_7' title="bbox 456 882 2110 954; baseline -0.002 -17"><span class='ocrx_word' id='word_1_34' title='bbox 456 883 658 949; x_wconf 90' lang='lat' dir='ltr'><strong>libros,</strong></span> <span class='ocrx_word' id='word_1_35' title='bbox 722 882 928 954; x_wconf 75' lang='lat' dir='ltr'><strong>Syrleti</strong></span> <span class='ocrx_word' id='word_1_36' title='bbox 986 882 1235 951; x_wconf 89' lang='lat' dir='ltr'><strong>Thuani,</strong></span> <span class='ocrx_word' id='word_1_37' title='bbox 1289 883 1559 953; x_wconf 90' lang='lat' dir='ltr'><strong>Vaquerii</strong></span> <span class='ocrx_word' id='word_1_38' title='bbox 1591 883 1853 949; x_wconf 85' lang='lat' dir='ltr'><strong>codices;</strong></span> <span class='ocrx_word' id='word_1_39' title='bbox 1887 882 2009 947; x_wconf 91' lang='lat' dir='ltr'><strong>sed,</strong></span> <span class='ocrx_word' id='word_1_40' title='bbox 2046 885 2110 935; x_wconf 93' lang='lat' dir='ltr'><strong>ut</strong></span> 
     </span>
    </p>
   </div>
   <div class='ocr_carea' id='block_1_8' title="bbox 453 970 2107 1044">
    <p class='ocr_par' dir='ltr' id='par_1_8' title="bbox 453 970 2107 1044">
     <span class='ocr_line' id='line_1_8' title="bbox 453 970 2107 1044; baseline -0.001 -18"><span class='ocrx_word' id='word_1_41' title='bbox 453 972 551 1026; x_wconf 92' lang='lat' dir='ltr'><strong>ille</strong></span> <span class='ocrx_word' id='word_1_42' title='bbox 600 972 843 1044; x_wconf 81' lang='lat' dir='ltr'><strong>Epicteti</strong></span> <span class='ocrx_word' id='word_1_43' title='bbox 894 971 1216 1039; x_wconf 84' lang='lat' dir='ltr'><strong>lucernam,</strong></span> <span class='ocrx_word' id='word_1_44' title='bbox 1264 972 1334 1025; x_wconf 87' lang='lat' dir='ltr'><strong>ad</strong></span> <span class='ocrx_word' id='word_1_45' title='bbox 1386 970 1835 1025; x_wconf 85' lang='lat' dir='ltr'><strong>ostentationem</strong></span> <span class='ocrx_word' id='word_1_46' title='bbox 1888 988 1999 1025; x_wconf 92' lang='lat' dir='ltr'><strong>non</strong></span> <span class='ocrx_word' id='word_1_47' title='bbox 2035 970 2107 1024; x_wconf 90' lang='lat' dir='ltr'><strong>ad</strong></span> 
     </span>
    </p>
   </div>
   <div class='ocr_carea' id='block_1_9' title="bbox 458 1059 2104 1132">
    <p class='ocr_par' dir='ltr' id='par_1_9' title="bbox 458 1059 2104 1132">
     <span class='ocr_line' id='line_1_9' title="bbox 458 1059 2104 1132; baseline -0.002 -16"><span class='ocrx_word' id='word_1_48' title='bbox 458 1078 657 1128; x_wconf 88' lang='lat' dir='ltr'><strong>usum,</strong></span> <span class='ocrx_word' id='word_1_49' title='bbox 694 1060 910 1132; x_wconf 89' lang='lat' dir='ltr'><strong>quippe</strong></span> <span class='ocrx_word' id='word_1_50' title='bbox 943 1060 1041 1131; x_wconf 89' lang='lat' dir='ltr'><strong>qui</strong></span> <span class='ocrx_word' id='word_1_51' title='bbox 1068 1059 1256 1132; x_wconf 89' lang='lat' dir='ltr'><strong>magis</strong></span> <span class='ocrx_word' id='word_1_52' title='bbox 1289 1060 1691 1115; x_wconf 84' lang='lat' dir='ltr'><strong>deformarunt</strong></span> <span class='ocrx_word' id='word_1_53' title='bbox 1739 1060 2104 1130; x_wconf 87' lang='lat' dir='ltr'><strong>Gregorium,</strong></span> 
     </span>
    </p>
   </div>
   <div class='ocr_carea' id='block_1_10' title="bbox 459 1147 2105 1223">
    <p class='ocr_par' dir='ltr' id='par_1_10' title="bbox 459 1147 2105 1223">
     <span class='ocr_line' id='line_1_10' title="bbox 459 1147 2105 1223; baseline -0.004 -17"><span class='ocrx_word' id='word_1_54' title='bbox 459 1168 634 1223; x_wconf 89' lang='lat' dir='ltr'><strong>quam</strong></span> <span class='ocrx_word' id='word_1_55' title='bbox 665 1151 856 1205; x_wconf 82' lang='lat' dir='ltr'><strong>fuerat</strong></span> <span class='ocrx_word' id='word_1_56' title='bbox 887 1149 944 1203; x_wconf 92' lang='lat' dir='ltr'><strong>in</strong></span> <span class='ocrx_word' id='word_1_57' title='bbox 977 1148 1230 1204; x_wconf 88' lang='lat' dir='ltr'><strong>editione</strong></span> <span class='ocrx_word' id='word_1_58' title='bbox 1255 1150 1465 1220; x_wconf 90' lang='lat' dir='ltr'><strong>prima.</strong></span> <span class='ocrx_word' id='word_1_59' title='bbox 1491 1150 1630 1203; x_wconf 87' lang='lat' dir='ltr'><strong>Hinc</strong></span> <span class='ocrx_word' id='word_1_60' title='bbox 1662 1148 1875 1216; x_wconf 90' lang='lat' dir='ltr'><strong>tibi,mi</strong></span> <span class='ocrx_word' id='word_1_61' title='bbox 1906 1147 2105 1212; x_wconf 88' lang='lat' dir='ltr'><strong>lector,</strong></span> 
     </span>
    </p>
   </div>
   <div class='ocr_carea' id='block_1_11' title="bbox 455 1239 2108 1311">
    <p class='ocr_par' dir='ltr' id='par_1_11' title="bbox 455 1239 2108 1311">
     <span class='ocr_line' id='line_1_11' title="bbox 455 1239 2108 1311; baseline -0.003 -15"><span class='ocrx_word' id='word_1_62' title='bbox 455 1239 894 1307; x_wconf 90' lang='lat' dir='ltr'><strong>intercisum,de</strong></span> <span class='ocrx_word' id='word_1_63' title='bbox 925 1240 1147 1295; x_wconf 91' lang='lat' dir='ltr'><strong>edendo</strong></span> <span class='ocrx_word' id='word_1_64' title='bbox 1166 1239 1783 1311; x_wconf 84' lang='lat' dir='ltr'><strong>Gregorio,consilium</strong></span> <span class='ocrx_word' id='word_1_65' title='bbox 1819 1242 2001 1310; x_wconf 91' lang='lat' dir='ltr'><strong>prius,</strong></span> <span class='ocrx_word' id='word_1_66' title='bbox 2036 1254 2108 1291; x_wconf 89' lang='lat' dir='ltr'><strong>ne</strong></span> 
     </span>
    </p>
   </div>
   <div class='ocr_carea' id='block_1_12' title="bbox 457 1329 2105 1404">
    <p class='ocr_par' dir='ltr' id='par_1_12' title="bbox 457 1329 2105 1404">
     <span class='ocr_line' id='line_1_12' title="bbox 457 1329 2105 1404; baseline -0.003 -17"><span class='ocrx_word' id='word_1_67' title='bbox 457 1339 645 1387; x_wconf 90' lang='lat' dir='ltr'><strong>tamen</strong></span> <span class='ocrx_word' id='word_1_68' title='bbox 681 1331 872 1404; x_wconf 89' lang='lat' dir='ltr'><strong>possis</strong></span> <span class='ocrx_word' id='word_1_69' title='bbox 899 1346 1094 1385; x_wconf 88' lang='lat' dir='ltr'><strong>carere</strong></span> <span class='ocrx_word' id='word_1_70' title='bbox 1126 1329 1361 1400; x_wconf 88' lang='lat' dir='ltr'><strong>penitus</strong></span> <span class='ocrx_word' id='word_1_71' title='bbox 1394 1331 1609 1401; x_wconf 84' lang='lat' dir='ltr'><strong>quibus</strong></span> <span class='ocrx_word' id='word_1_72' title='bbox 1665 1332 1865 1400; x_wconf 81' lang='lat' dir='ltr'><strong>nequit</strong></span> <span class='ocrx_word' id='word_1_73' title='bbox 1910 1344 2105 1383; x_wconf 88' lang='lat' dir='ltr'><strong>carere</strong></span> 
     </span>
    </p>
   </div>
   <div class='ocr_carea' id='block_1_13' title="bbox 454 1415 2105 1484">
    <p class='ocr_par' dir='ltr' id='par_1_13' title="bbox 454 1415 2105 1484">
     <span class='ocr_line' id='line_1_13' title="bbox 454 1415 2105 1484; baseline -0.003 -10"><span class='ocrx_word' id='word_1_74' title='bbox 454 1420 877 1483; x_wconf 86' lang='lat' dir='ltr'><strong>Nazianzenus,</strong></span> <span class='ocrx_word' id='word_1_75' title='bbox 908 1419 1072 1472; x_wconf 87' lang='lat' dir='ltr'><strong>visus</strong></span> <span class='ocrx_word' id='word_1_76' title='bbox 1122 1422 1212 1472; x_wconf 89' lang='lat' dir='ltr'><strong>est</strong></span> <span class='ocrx_word' id='word_1_77' title='bbox 1259 1416 1584 1472; x_wconf 88' lang='lat' dir='ltr'><strong>clarissimo</strong></span> <span class='ocrx_word' id='word_1_78' title='bbox 1644 1416 1725 1470; x_wconf 92' lang='lat' dir='ltr'><strong>illi</strong></span> <span class='ocrx_word' id='word_1_79' title='bbox 1781 1417 1923 1484; x_wconf 88' lang='lat' dir='ltr'><strong>viro,</strong></span> <span class='ocrx_word' id='word_1_80' title='bbox 1984 1415 2105 1470; x_wconf 66' lang='lat' dir='ltr'><strong>hare</strong></span> 
     </span>
    </p>
   </div>
   <div class='ocr_carea' id='block_1_14' title="bbox 453 1504 2105 1579">
    <p class='ocr_par' dir='ltr' id='par_1_14' title="bbox 453 1504 2105 1579">
     <span class='ocr_line' id='line_1_14' title="bbox 453 1504 2105 1579; baseline -0.003 -16"><span class='ocrx_word' id='word_1_81' title='bbox 453 1526 576 1579; x_wconf 66' lang='lat' dir='ltr'><strong>quae</strong></span> <span class='ocrx_word' id='word_1_82' title='bbox 613 1525 767 1563; x_wconf 90' lang='lat' dir='ltr'><strong>nunc</strong></span> <span class='ocrx_word' id='word_1_83' title='bbox 799 1508 1011 1562; x_wconf 88' lang='lat' dir='ltr'><strong>damus</strong></span> <span class='ocrx_word' id='word_1_84' title='bbox 1033 1506 1509 1573; x_wconf 87' lang='lat' dir='ltr'><strong>communicare;</strong></span> <span class='ocrx_word' id='word_1_85' title='bbox 1543 1506 1665 1575; x_wconf 89' lang='lat' dir='ltr'><strong>qui,</strong></span> <span class='ocrx_word' id='word_1_86' title='bbox 1698 1522 1810 1575; x_wconf 90' lang='lat' dir='ltr'><strong>quo</strong></span> <span class='ocrx_word' id='word_1_87' title='bbox 1844 1521 1935 1559; x_wconf 88' lang='lat' dir='ltr'><strong>me</strong></span> <span class='ocrx_word' id='word_1_88' title='bbox 1960 1504 2105 1559; x_wconf 86' lang='lat' dir='ltr'><strong>solet</strong></span> 
     </span>
    </p>
   </div>
   <div class='ocr_carea' id='block_1_15' title="bbox 452 1592 2102 1667">
    <p class='ocr_par' dir='ltr' id='par_1_15' title="bbox 452 1592 2102 1667">
     <span class='ocr_line' id='line_1_15' title="bbox 452 1592 2102 1667; baseline -0.003 -15"><span class='ocrx_word' id='word_1_89' title='bbox 452 1614 647 1652; x_wconf 85' lang='lat' dir='ltr'><strong>amore</strong></span> <span class='ocrx_word' id='word_1_90' title='bbox 680 1594 974 1667; x_wconf 84' lang='lat' dir='ltr'><strong>prosequi,</strong></span> <span class='ocrx_word' id='word_1_91' title='bbox 1008 1595 1077 1648; x_wconf 92' lang='lat' dir='ltr'><strong>ad</strong></span> <span class='ocrx_word' id='word_1_92' title='bbox 1124 1594 1271 1648; x_wconf 91' lang='lat' dir='ltr'><strong>hanc</strong></span> <span class='ocrx_word' id='word_1_93' title='bbox 1320 1592 1591 1647; x_wconf 86' lang='lat' dir='ltr'><strong>vicariam</strong></span> <span class='ocrx_word' id='word_1_94' title='bbox 1634 1593 1746 1664; x_wconf 89' lang='lat' dir='ltr'><strong>ipsi</strong></span> <span class='ocrx_word' id='word_1_95' title='bbox 1796 1593 2102 1647; x_wconf 84' lang='lat' dir='ltr'><strong>locandam</strong></span> 
     </span>
    </p>
   </div>
   <div class='ocr_carea' id='block_1_16' title="bbox 452 1682 2099 1756">
    <p class='ocr_par' dir='ltr' id='par_1_16' title="bbox 452 1682 2099 1756">
     <span class='ocr_line' id='line_1_16' title="bbox 452 1682 2099 1756; baseline -0.004 -15"><span class='ocrx_word' id='word_1_96' title='bbox 452 1703 685 1756; x_wconf 84' lang='lat' dir='ltr'><strong>Operam</strong></span> <span class='ocrx_word' id='word_1_97' title='bbox 718 1686 1001 1755; x_wconf 88' lang='lat' dir='ltr'><strong>imparem</strong></span> <span class='ocrx_word' id='word_1_98' title='bbox 1062 1684 1244 1747; x_wconf 89' lang='lat' dir='ltr'><strong>oneri,</strong></span> <span class='ocrx_word' id='word_1_99' title='bbox 1295 1688 1352 1737; x_wconf 85' lang='lat' dir='ltr'><strong>et</strong></span> <span class='ocrx_word' id='word_1_100' title='bbox 1395 1683 1746 1753; x_wconf 86' lang='lat' dir='ltr'><strong>imparatum</strong></span> <span class='ocrx_word' id='word_1_101' title='bbox 1800 1682 2099 1753; x_wconf 84' lang='lat' dir='ltr'><strong>protraxit.</strong></span> 
     </span>
    </p>
   </div>
   <div class='ocr_carea' id='block_1_17' title="bbox 450 1771 2101 1843">
    <p class='ocr_par' dir='ltr' id='par_1_17' title="bbox 450 1771 2101 1843">
     <span class='ocr_line' id='line_1_17' title="bbox 450 1771 2101 1843; baseline -0.002 -15"><span class='ocrx_word' id='word_1_102' title='bbox 450 1774 728 1837; x_wconf 88' lang='lat' dir='ltr'><strong>Quocirca</strong></span> <span class='ocrx_word' id='word_1_103' title='bbox 759 1778 823 1827; x_wconf 91' lang='lat' dir='ltr'><strong>ut</strong></span> <span class='ocrx_word' id='word_1_104' title='bbox 853 1773 1001 1827; x_wconf 89' lang='lat' dir='ltr'><strong>scias</strong></span> <span class='ocrx_word' id='word_1_105' title='bbox 1026 1771 1163 1843; x_wconf 91' lang='lat' dir='ltr'><strong>quid</strong></span> <span class='ocrx_word' id='word_1_106' title='bbox 1199 1772 1519 1843; x_wconf 68' lang='lat' dir='ltr'><strong>praestitum</strong></span> <span class='ocrx_word' id='word_1_107' title='bbox 1553 1771 1681 1826; x_wconf 90' lang='lat' dir='ltr'><strong>sita</strong></span> <span class='ocrx_word' id='word_1_108' title='bbox 1714 1772 1876 1826; x_wconf 89' lang='lat' dir='ltr'><strong>nobis</strong></span> <span class='ocrx_word' id='word_1_109' title='bbox 1904 1771 1961 1825; x_wconf 93' lang='lat' dir='ltr'><strong>in</strong></span> <span class='ocrx_word' id='word_1_110' title='bbox 1994 1771 2101 1825; x_wconf 89' lang='lat' dir='ltr'><strong>hac</strong></span> 
     </span>
    </p>
   </div>
   <div class='ocr_carea' id='block_1_18' title="bbox 451 1856 2101 1931">
    <p class='ocr_par' dir='ltr' id='par_1_18' title="bbox 451 1856 2101 1931">
     <span class='ocr_line' id='line_1_18' title="bbox 451 1856 2101 1931; baseline -0.002 -14"><span class='ocrx_word' id='word_1_111' title='bbox 451 1864 698 1917; x_wconf 89' lang='lat' dir='ltr'><strong>istorum</strong></span> <span class='ocrx_word' id='word_1_112' title='bbox 731 1859 1192 1931; x_wconf 74' lang='grc' dir='ltr'>ἀποσπασματίων</span> <span class='ocrx_word' id='word_1_113' title='bbox 1228 1856 1453 1928; x_wconf 79' lang='grc' dir='ltr'><strong>ἐκδόσει,</strong></span> <span class='ocrx_word' id='word_1_114' title='bbox 1489 1864 1706 1914; x_wconf 85' lang='lat' dir='ltr'><strong>textum</strong></span> <span class='ocrx_word' id='word_1_115' title='bbox 1756 1859 2101 1915; x_wconf 87' lang='lat' dir='ltr'><strong>Nazianzeni</strong></span> 
     </span>
    </p>
   </div>
   <div class='ocr_carea' id='block_1_19' title="bbox 2222 705 3868 780">
    <p class='ocr_par' dir='ltr' id='par_1_19' title="bbox 2222 705 3868 780">
     <span class='ocr_line' id='line_1_19' title="bbox 2222 705 3868 780; baseline 0.004 -21"><span class='ocrx_word' id='word_1_116' title='bbox 2222 705 2439 760; x_wconf 89' lang='lat' dir='ltr'><strong>Italicis</strong></span> <span class='ocrx_word' id='word_1_117' title='bbox 2471 710 2525 761; x_wconf 92' lang='lat' dir='ltr'><strong>et</strong></span> <span class='ocrx_word' id='word_1_118' title='bbox 2555 706 2790 761; x_wconf 88' lang='lat' dir='ltr'><strong>Gallicis</strong></span> <span class='ocrx_word' id='word_1_119' title='bbox 2821 708 3269 779; x_wconf 86' lang='lat' dir='ltr'><strong>exemplaribus,</strong></span> <span class='ocrx_word' id='word_1_120' title='bbox 3294 709 3394 780; x_wconf 90' lang='lat' dir='ltr'><strong>qui</strong></span> <span class='ocrx_word' id='word_1_121' title='bbox 3426 709 3574 765; x_wconf 91' lang='lat' dir='ltr'><strong>liber</strong></span> <span class='ocrx_word' id='word_1_122' title='bbox 3603 727 3758 765; x_wconf 92' lang='lat' dir='ltr'><strong>nunc</strong></span> <span class='ocrx_word' id='word_1_123' title='bbox 3780 716 3868 767; x_wconf 89' lang='lat' dir='ltr'><strong>est</strong></span> 
     </span>
    </p>
   </div>
   <div class='ocr_carea' id='block_1_20' title="bbox 2220 793 3867 871">
    <p class='ocr_par' dir='ltr' id='par_1_20' title="bbox 2220 793 3867 871">
     <span class='ocr_line' id='line_1_20' title="bbox 2220 793 3867 871; baseline 0.004 -24"><span class='ocrx_word' id='word_1_124' title='bbox 2220 793 2382 848; x_wconf 87' lang='lat' dir='ltr'><strong>Pauli</strong></span> <span class='ocrx_word' id='word_1_125' title='bbox 2415 794 2626 848; x_wconf 87' lang='lat' dir='ltr'><strong>Petavii</strong></span> <span class='ocrx_word' id='word_1_126' title='bbox 2677 797 2964 852; x_wconf 87' lang='lat' dir='ltr'><strong>senatoris</strong></span> <span class='ocrx_word' id='word_1_127' title='bbox 3008 797 3375 854; x_wconf 86' lang='lat' dir='ltr'><strong>Parisiensis.</strong></span> <span class='ocrx_word' id='word_1_128' title='bbox 3433 798 3582 869; x_wconf 81' lang='lat' dir='ltr'><strong>Syrl.</strong></span> <span class='ocrx_word' id='word_1_129' title='bbox 3634 800 3867 871; x_wconf 74' lang='lat' dir='ltr'><strong>optimae</strong></span> 
     </span>
    </p>
   </div>
   <div class='ocr_carea' id='block_1_21' title="bbox 2218 883 3861 958">
    <p class='ocr_par' dir='ltr' id='par_1_21' title="bbox 2218 883 3861 958">
     <span class='ocr_line' id='line_1_21' title="bbox 2218 883 3861 958; baseline 0.004 -22"><span class='ocrx_word' id='word_1_130' title='bbox 2218 887 2369 938; x_wconf 77' lang='lat' dir='ltr'><strong>notae</strong></span> <span class='ocrx_word' id='word_1_131' title='bbox 2399 886 2471 936; x_wconf 86' lang='lat' dir='ltr'><strong>M.</strong></span> <span class='ocrx_word' id='word_1_132' title='bbox 2507 884 2564 938; x_wconf 92' lang='lat' dir='ltr'><strong>S.</strong></span> <span class='ocrx_word' id='word_1_133' title='bbox 2599 901 2632 937; x_wconf 93' lang='lat' dir='ltr'><strong>a</strong></span> <span class='ocrx_word' id='word_1_134' title='bbox 2662 883 2727 939; x_wconf 85' lang='lat' dir='ltr'><strong>G.</strong></span> <span class='ocrx_word' id='word_1_135' title='bbox 2760 884 2982 956; x_wconf 83' lang='lat' dir='ltr'><strong>Syrleto</strong></span> <span class='ocrx_word' id='word_1_136' title='bbox 3015 886 3309 941; x_wconf 88' lang='lat' dir='ltr'><strong>cardinale</strong></span> <span class='ocrx_word' id='word_1_137' title='bbox 3355 888 3507 958; x_wconf 86' lang='lat' dir='ltr'><strong>apud</strong></span> <span class='ocrx_word' id='word_1_138' title='bbox 3560 888 3861 943; x_wconf 90' lang='lat' dir='ltr'><strong>Petavium</strong></span> 
     </span>
    </p>
   </div>
   <div class='ocr_carea' id='block_1_22' title="bbox 2216 970 3864 1032">
    <p class='ocr_par' dir='ltr' id='par_1_22' title="bbox 2216 970 3864 1032">
     <span class='ocr_line' id='line_1_22' title="bbox 2216 970 3864 1032; baseline 0.005 -8"><span class='ocrx_word' id='word_1_139' title='bbox 2216 970 2274 1025; x_wconf 92' lang='lat' dir='ltr'><strong>in</strong></span> <span class='ocrx_word' id='word_1_140' title='bbox 2308 970 2456 1026; x_wconf 92' lang='lat' dir='ltr'><strong>libro</strong></span> <span class='ocrx_word' id='word_1_141' title='bbox 2488 970 2660 1025; x_wconf 89' lang='lat' dir='ltr'><strong>Billii.</strong></span> <span class='ocrx_word' id='word_1_142' title='bbox 2695 972 2777 1026; x_wconf 84' lang='lat' dir='ltr'><strong>Tr.</strong></span> <span class='ocrx_word' id='word_1_143' title='bbox 2810 973 3047 1028; x_wconf 89' lang='lat' dir='ltr'><strong>denotat</strong></span> <span class='ocrx_word' id='word_1_144' title='bbox 3077 975 3204 1029; x_wconf 91' lang='lat' dir='ltr'><strong>cod.</strong></span> <span class='ocrx_word' id='word_1_145' title='bbox 3238 977 3383 1031; x_wconf 89' lang='lat' dir='ltr'><strong>satis</strong></span> <span class='ocrx_word' id='word_1_146' title='bbox 3421 980 3715 1031; x_wconf 87' lang='lat' dir='ltr'><strong>vetustum</strong></span> <span class='ocrx_word' id='word_1_147' title='bbox 3748 976 3864 1032; x_wconf 91' lang='lat' dir='ltr'><strong>col-</strong></span> 
     </span>
    </p>
   </div>
   <div class='ocr_carea' id='block_1_23' title="bbox 2219 1058 3861 1137">
    <p class='ocr_par' dir='ltr' id='par_1_23' title="bbox 2219 1058 3861 1137">
     <span class='ocr_line' id='line_1_23' title="bbox 2219 1058 3861 1137; baseline 0.005 -25"><span class='ocrx_word' id='word_1_148' title='bbox 2219 1058 2351 1130; x_wconf 87' lang='lat' dir='ltr'><strong>legii</strong></span> <span class='ocrx_word' id='word_1_149' title='bbox 2380 1060 2605 1115; x_wconf 73' lang='lat' dir='ltr'><strong>Sancta:</strong></span> <span class='ocrx_word' id='word_1_150' title='bbox 2642 1061 2946 1117; x_wconf 88' lang='lat' dir='ltr'><strong>Trinitatis</strong></span> <span class='ocrx_word' id='word_1_151' title='bbox 2997 1062 3057 1117; x_wconf 91' lang='lat' dir='ltr'><strong>in</strong></span> <span class='ocrx_word' id='word_1_152' title='bbox 3106 1063 3287 1118; x_wconf 85' lang='lat' dir='ltr'><strong>Oxon.</strong></span> <span class='ocrx_word' id='word_1_153' title='bbox 3320 1065 3654 1133; x_wconf 83' lang='lat' dir='ltr'><strong>Academia,</strong></span> <span class='ocrx_word' id='word_1_154' title='bbox 3687 1082 3861 1137; x_wconf 88' lang='lat' dir='ltr'><strong>quem</strong></span> 
     </span>
    </p>
   </div>
   <div class='ocr_carea' id='block_1_24' title="bbox 2217 1146 3860 1221">
    <p class='ocr_par' dir='ltr' id='par_1_24' title="bbox 2217 1146 3860 1221">
     <span class='ocr_line' id='line_1_24' title="bbox 2217 1146 3860 1221; baseline 0.006 -20"><span class='ocrx_word' id='word_1_155' title='bbox 2217 1148 2289 1202; x_wconf 88' lang='lat' dir='ltr'><strong>ad</strong></span> <span class='ocrx_word' id='word_1_156' title='bbox 2322 1146 2559 1218; x_wconf 89' lang='lat' dir='ltr'><strong>librum,</strong></span> <span class='ocrx_word' id='word_1_157' title='bbox 2592 1148 2717 1221; x_wconf 90' lang='lat' dir='ltr'><strong>ipse</strong></span> <span class='ocrx_word' id='word_1_158' title='bbox 2772 1150 2837 1205; x_wconf 92' lang='lat' dir='ltr'><strong>D.</strong></span> <span class='ocrx_word' id='word_1_159' title='bbox 2900 1151 3172 1217; x_wconf 89' lang='lat' dir='ltr'><strong>Savilius,</strong></span> <span class='ocrx_word' id='word_1_160' title='bbox 3230 1169 3323 1206; x_wconf 85' lang='lat' dir='ltr'><strong>xv1</strong></span> <span class='ocrx_word' id='word_1_161' title='bbox 3379 1151 3511 1208; x_wconf 90' lang='lat' dir='ltr'><strong>illas</strong></span> <span class='ocrx_word' id='word_1_162' title='bbox 3569 1153 3860 1211; x_wconf 88' lang='lat' dir='ltr'><strong>orationes</strong></span> 
     </span>
    </p>
   </div>
   <div class='ocr_carea' id='block_1_25' title="bbox 2215 1237 3854 1310">
    <p class='ocr_par' dir='ltr' id='par_1_25' title="bbox 2215 1237 3854 1310">
     <span class='ocr_line' id='line_1_25' title="bbox 2215 1237 3854 1310; baseline 0.005 -20"><span class='ocrx_word' id='word_1_163' title='bbox 2215 1242 2502 1307; x_wconf 84' lang='lat' dir='ltr'><strong>exegerat,</strong></span> <span class='ocrx_word' id='word_1_164' title='bbox 2534 1237 2593 1291; x_wconf 93' lang='lat' dir='ltr'><strong>in</strong></span> <span class='ocrx_word' id='word_1_165' title='bbox 2636 1254 2782 1309; x_wconf 89' lang='lat' dir='ltr'><strong>quas</strong></span> <span class='ocrx_word' id='word_1_166' title='bbox 2840 1238 3076 1310; x_wconf 89' lang='lat' dir='ltr'><strong>scripsit</strong></span> <span class='ocrx_word' id='word_1_167' title='bbox 3123 1240 3351 1297; x_wconf 91' lang='lat' dir='ltr'><strong>Nicetas</strong></span> <span class='ocrx_word' id='word_1_168' title='bbox 3404 1245 3854 1299; x_wconf 88' lang='lat' dir='ltr'><strong>Gommentator.</strong></span> 
     </span>
    </p>
   </div>
   <div class='ocr_carea' id='block_1_26' title="bbox 2216 1324 3855 1401">
    <p class='ocr_par' dir='ltr' id='par_1_26' title="bbox 2216 1324 3855 1401">
     <span class='ocr_line' id='line_1_26' title="bbox 2216 1324 3855 1401; baseline 0.005 -23"><span class='ocrx_word' id='word_1_169' title='bbox 2216 1324 2391 1379; x_wconf 92' lang='lat' dir='ltr'><strong>Porro</strong></span> <span class='ocrx_word' id='word_1_170' title='bbox 2424 1325 2509 1379; x_wconf 93' lang='lat' dir='ltr'><strong>vir</strong></span> <span class='ocrx_word' id='word_1_171' title='bbox 2540 1325 2916 1382; x_wconf 89' lang='lat' dir='ltr'><strong>doctissimus</strong></span> <span class='ocrx_word' id='word_1_172' title='bbox 2948 1328 3273 1384; x_wconf 84' lang='lat' dir='ltr'><strong>Richardus</strong></span> <span class='ocrx_word' id='word_1_173' title='bbox 3304 1328 3624 1401; x_wconf 88' lang='lat' dir='ltr'><strong>Thomson,</strong></span> <span class='ocrx_word' id='word_1_174' title='bbox 3658 1335 3715 1387; x_wconf 88' lang='lat' dir='ltr'><strong>et</strong></span> <span class='ocrx_word' id='word_1_175' title='bbox 3741 1334 3855 1387; x_wconf 89' lang='lat' dir='ltr'><strong>Au-</strong></span> 
     </span>
    </p>
   </div>
   <div class='ocr_carea' id='block_1_27' title="bbox 2212 1413 3858 1492">
    <p class='ocr_par' dir='ltr' id='par_1_27' title="bbox 2212 1413 3858 1492">
     <span class='ocr_line' id='line_1_27' title="bbox 2212 1413 3858 1492; baseline 0.005 -25"><span class='ocrx_word' id='word_1_176' title='bbox 2212 1414 2485 1483; x_wconf 80' lang='lat' dir='ltr'><strong>gustinus</strong></span> <span class='ocrx_word' id='word_1_177' title='bbox 2517 1413 2749 1470; x_wconf 89' lang='lat' dir='ltr'><strong>Lindsel</strong></span> <span class='ocrx_word' id='word_1_178' title='bbox 2780 1415 3197 1485; x_wconf 88' lang='lat' dir='ltr'><strong>amicissimus,</strong></span> <span class='ocrx_word' id='word_1_179' title='bbox 3231 1434 3370 1473; x_wconf 85' lang='lat' dir='ltr'><strong>suas</strong></span> <span class='ocrx_word' id='word_1_180' title='bbox 3418 1419 3531 1474; x_wconf 91' lang='lat' dir='ltr'><strong>huc</strong></span> <span class='ocrx_word' id='word_1_181' title='bbox 3563 1420 3858 1492; x_wconf 81' lang='lat' dir='ltr'><strong>symbolae</strong></span> 
     </span>
    </p>
   </div>
   <div class='ocr_carea' id='block_1_28' title="bbox 2215 1502 3854 1576">
    <p class='ocr_par' dir='ltr' id='par_1_28' title="bbox 2215 1502 3854 1576">
     <span class='ocr_line' id='line_1_28' title="bbox 2215 1502 3854 1576; baseline 0.004 -19"><span class='ocrx_word' id='word_1_182' title='bbox 2215 1502 2607 1558; x_wconf 90' lang='lat' dir='ltr'><strong>contulerunt.</strong></span> <span class='ocrx_word' id='word_1_183' title='bbox 2642 1503 2744 1559; x_wconf 89' lang='lat' dir='ltr'><strong>Hic</strong></span> <span class='ocrx_word' id='word_1_184' title='bbox 2775 1505 2929 1559; x_wconf 89' lang='lat' dir='ltr'><strong>enim</strong></span> <span class='ocrx_word' id='word_1_185' title='bbox 2965 1506 3376 1576; x_wconf 80' lang='lat' dir='ltr'><strong>castigationes</strong></span> <span class='ocrx_word' id='word_1_186' title='bbox 3396 1507 3535 1563; x_wconf 85' lang='lat' dir='ltr'><strong>Julii</strong></span> <span class='ocrx_word' id='word_1_187' title='bbox 3557 1507 3854 1575; x_wconf 88' lang='lat' dir='ltr'><strong>Gabrielii,</strong></span> 
     </span>
    </p>
   </div>
   <div class='ocr_carea' id='block_1_29' title="bbox 2214 1592 3858 1663">
    <p class='ocr_par' dir='ltr' id='par_1_29' title="bbox 2214 1592 3858 1663">
     <span class='ocr_line' id='line_1_29' title="bbox 2214 1592 3858 1663; baseline 0.005 -18"><span class='ocrx_word' id='word_1_188' title='bbox 2214 1592 2284 1645; x_wconf 92' lang='lat' dir='ltr'><strong>ad</strong></span> <span class='ocrx_word' id='word_1_189' title='bbox 2320 1608 2523 1647; x_wconf 89' lang='lat' dir='ltr'><strong>omnes</strong></span> <span class='ocrx_word' id='word_1_190' title='bbox 2551 1598 2707 1663; x_wconf 91' lang='lat' dir='ltr'><strong>ep.et</strong></span> <span class='ocrx_word' id='word_1_191' title='bbox 2732 1600 2914 1649; x_wconf 90' lang='lat' dir='ltr'><strong>orat.e</strong></span> <span class='ocrx_word' id='word_1_192' title='bbox 2943 1595 3241 1651; x_wconf 90' lang='lat' dir='ltr'><strong>Vaticanis</strong></span> <span class='ocrx_word' id='word_1_193' title='bbox 3280 1597 3638 1652; x_wconf 87' lang='lat' dir='ltr'><strong>membranis</strong></span> <span class='ocrx_word' id='word_1_194' title='bbox 3669 1598 3739 1652; x_wconf 91' lang='lat' dir='ltr'><strong>ad</strong></span> <span class='ocrx_word' id='word_1_195' title='bbox 3765 1615 3858 1654; x_wconf 88' lang='lat' dir='ltr'><strong>me</strong></span> 
     </span>
    </p>
   </div>
   <div class='ocr_carea' id='block_1_30' title="bbox 2214 1680 3860 1756">
    <p class='ocr_par' dir='ltr' id='par_1_30' title="bbox 2214 1680 3860 1756">
     <span class='ocr_line' id='line_1_30' title="bbox 2214 1680 3860 1756; baseline 0.005 -22"><span class='ocrx_word' id='word_1_196' title='bbox 2214 1680 2396 1747; x_wconf 90' lang='lat' dir='ltr'><strong>misit,</strong></span> <span class='ocrx_word' id='word_1_197' title='bbox 2429 1682 2615 1737; x_wconf 89' lang='lat' dir='ltr'><strong>editas</strong></span> <span class='ocrx_word' id='word_1_198' title='bbox 2648 1680 2779 1738; x_wconf 92' lang='lat' dir='ltr'><strong>illas</strong></span> <span class='ocrx_word' id='word_1_199' title='bbox 2811 1684 2965 1755; x_wconf 92' lang='lat' dir='ltr'><strong>apud</strong></span> <span class='ocrx_word' id='word_1_200' title='bbox 2999 1683 3358 1756; x_wconf 81' lang='lat' dir='ltr'><strong>Plautinum,</strong></span> <span class='ocrx_word' id='word_1_201' title='bbox 3418 1686 3517 1741; x_wconf 89' lang='lat' dir='ltr'><strong>sed</strong></span> <span class='ocrx_word' id='word_1_202' title='bbox 3554 1687 3860 1742; x_wconf 84' lang='lat' dir='ltr'><strong>Pariensis-</strong></span> 
     </span>
    </p>
   </div>
   <div class='ocr_carea' id='block_1_31' title="bbox 2213 1770 3859 1845">
    <p class='ocr_par' dir='ltr' id='par_1_31' title="bbox 2213 1770 3859 1845">
     <span class='ocr_line' id='line_1_31' title="bbox 2213 1770 3859 1845; baseline 0.005 -22"><span class='ocrx_word' id='word_1_203' title='bbox 2213 1770 2322 1824; x_wconf 92' lang='lat' dir='ltr'><strong>bus</strong></span> <span class='ocrx_word' id='word_1_204' title='bbox 2356 1786 2470 1824; x_wconf 92' lang='lat' dir='ltr'><strong>non</strong></span> <span class='ocrx_word' id='word_1_205' title='bbox 2502 1770 2659 1826; x_wconf 91' lang='lat' dir='ltr'><strong>visas</strong></span> <span class='ocrx_word' id='word_1_206' title='bbox 2692 1788 2705 1825; x_wconf 88' lang='lat'><strong>:</strong></span> <span class='ocrx_word' id='word_1_207' title='bbox 2741 1776 2914 1843; x_wconf 92' lang='lat' dir='ltr'><strong>atque</strong></span> <span class='ocrx_word' id='word_1_208' title='bbox 2948 1772 2998 1827; x_wconf 88' lang='lat' dir='ltr'><strong>is</strong></span> <span class='ocrx_word' id='word_1_209' title='bbox 3026 1779 3116 1828; x_wconf 91' lang='lat' dir='ltr'><strong>est</strong></span> <span class='ocrx_word' id='word_1_210' title='bbox 3171 1772 3321 1829; x_wconf 90' lang='lat' dir='ltr'><strong>liber</strong></span> <span class='ocrx_word' id='word_1_211' title='bbox 3362 1790 3535 1845; x_wconf 91' lang='lat' dir='ltr'><strong>quem</strong></span> <span class='ocrx_word' id='word_1_212' title='bbox 3583 1791 3859 1831; x_wconf 89' lang='lat' dir='ltr'><strong>vocamus</strong></span> 
     </span>
    </p>
   </div>
   <div class='ocr_carea' id='block_1_32' title="bbox 2210 1857 3857 1931">
    <p class='ocr_par' dir='ltr' id='par_1_32' title="bbox 2210 1857 3857 1931">
     <span class='ocr_line' id='line_1_32' title="bbox 2210 1857 3857 1931; baseline 0.004 -18"><span class='ocrx_word' id='word_1_213' title='bbox 2210 1858 2255 1913; x_wconf 89' lang='lat' dir='ltr'><strong>G</strong></span> <span class='ocrx_word' id='word_1_214' title='bbox 2283 1877 2295 1926; x_wconf 87' lang='lat'><strong>;</strong></span> <span class='ocrx_word' id='word_1_215' title='bbox 2331 1857 2425 1913; x_wconf 89' lang='lat' dir='ltr'><strong>ille</strong></span> <span class='ocrx_word' id='word_1_216' title='bbox 2459 1863 2653 1915; x_wconf 88' lang='lat' dir='ltr'><strong>autem</strong></span> <span class='ocrx_word' id='word_1_217' title='bbox 2680 1877 2856 1916; x_wconf 90' lang='lat' dir='ltr'><strong>suum</strong></span> <span class='ocrx_word' id='word_1_218' title='bbox 2891 1865 3019 1917; x_wconf 93' lang='lat' dir='ltr'><strong>cod.</strong></span> <span class='ocrx_word' id='word_1_219' title='bbox 3054 1863 3525 1931; x_wconf 86' lang='lat' dir='ltr'><strong>communicavit,</strong></span> <span class='ocrx_word' id='word_1_220' title='bbox 3558 1881 3693 1919; x_wconf 89' lang='lat' dir='ltr'><strong>cum</strong></span> <span class='ocrx_word' id='word_1_221' title='bbox 3716 1865 3857 1920; x_wconf 84' lang='lat' dir='ltr'><strong>scri-</strong></span> 
     </span>
    </p>
   </div>
   <div class='ocr_carea' id='block_1_33' title="bbox 450 1946 3856 2060">
    <p class='ocr_par' dir='ltr' id='par_1_33' title="bbox 450 1946 3856 2060">
     <span class='ocr_line' id='line_1_33' title="bbox 450 1946 3856 2060; baseline 0 -53"><span class='ocrx_word' id='word_1_222' title='bbox 450 1952 736 2017; x_wconf 68' lang='lat' dir='ltr'><strong>Graacum,</strong></span> <span class='ocrx_word' id='word_1_223' title='bbox 770 1967 900 2005; x_wconf 91' lang='lat' dir='ltr'><strong>cum</strong></span> <span class='ocrx_word' id='word_1_224' title='bbox 936 1948 1110 2003; x_wconf 86' lang='lat' dir='ltr'><strong>variis</strong></span> <span class='ocrx_word' id='word_1_225' title='bbox 1138 1948 1413 2003; x_wconf 88' lang='lat' dir='ltr'><strong>collatum</strong></span> <span class='ocrx_word' id='word_1_226' title='bbox 1450 1948 1887 2019; x_wconf 89' lang='lat' dir='ltr'><strong>manuscriptis,</strong></span> <span class='ocrx_word' id='word_1_227' title='bbox 1921 1965 2097 2019; x_wconf 87' lang='lat' dir='ltr'><strong>quam</strong></span> <span class='ocrx_word' id='word_1_228' title='bbox 2129 1996 2176 2060; x_wconf 84' lang='lat' dir='ltr'><strong>B</strong></span> <span class='ocrx_word' id='word_1_229' title='bbox 2211 1947 2330 2019; x_wconf 89' lang='lat' dir='ltr'><strong>ptis</strong></span> <span class='ocrx_word' id='word_1_230' title='bbox 2361 1946 2640 2003; x_wconf 90' lang='lat' dir='ltr'><strong>collatum</strong></span> <span class='ocrx_word' id='word_1_231' title='bbox 2673 1948 2731 2003; x_wconf 91' lang='lat' dir='ltr'><strong>in</strong></span> <span class='ocrx_word' id='word_1_232' title='bbox 2764 1948 2931 2005; x_wconf 87' lang='lat' dir='ltr'><strong>Italia</strong></span> <span class='ocrx_word' id='word_1_233' title='bbox 2959 1966 2971 2005; x_wconf 93' lang='lat'>:</span> <span class='ocrx_word' id='word_1_234' title='bbox 3006 1954 3182 2021; x_wconf 91' lang='lat' dir='ltr'><strong>atque</strong></span> <span class='ocrx_word' id='word_1_235' title='bbox 3212 1951 3261 2007; x_wconf 88' lang='lat' dir='ltr'><strong>is</strong></span> <span class='ocrx_word' id='word_1_236' title='bbox 3291 1955 3381 2006; x_wconf 91' lang='lat' dir='ltr'><strong>est</strong></span> <span class='ocrx_word' id='word_1_237' title='bbox 3429 1968 3601 2023; x_wconf 88' lang='lat' dir='ltr'><strong>quem</strong></span> <span class='ocrx_word' id='word_1_238' title='bbox 3635 1970 3738 2025; x_wconf 89' lang='lat' dir='ltr'><strong>per</strong></span> <span class='ocrx_word' id='word_1_239' title='bbox 3766 1953 3856 2008; x_wconf 87' lang='lat' dir='ltr'><strong>Th.</strong></span> 
     </span>
     <span class='ocr_line' id='line_1_34' title="bbox 450 2034 3818 2060; baseline 0 0"><span class='ocrx_word' id='word_1_240' title='bbox 450 2058 469 2060; x_wconf 84' lang='lat'>_</span> <span class='ocrx_word' id='word_1_241' title='bbox 493 2057 757 2060; x_wconf 61' lang='lat'><strong>____,_____</strong></span> <span class='ocrx_word' id='word_1_242' title='bbox 798 2036 1333 2060; x_wconf 38' lang='lat' dir='ltr'><strong>-J-__.‘I_LZ_-£_.-__.</strong></span> <span class='ocrx_word' id='word_1_243' title='bbox 1375 2037 1712 2060; x_wconf 63' lang='grc' dir='ltr'><strong>---μειυημη-</strong></span> <span class='ocrx_word' id='word_1_244' title='bbox 1745 2036 1957 2060; x_wconf 71' lang='lat' dir='ltr'><strong>--L_I:-</strong></span> <span class='ocrx_word' id='word_1_245' title='bbox 1990 2036 2056 2060; x_wconf 71' lang='grc'><strong>-.1</strong></span> <span class='ocrx_word' id='word_1_246' title='bbox 2206 2034 2595 2060; x_wconf 69' lang='grc' dir='ltr'><strong>ε..ι..ιι;..ε...---</strong></span> <span class='ocrx_word' id='word_1_247' title='bbox 2629 2037 2708 2060; x_wconf 75' lang='lat' dir='ltr'><strong>n..</strong></span> <span class='ocrx_word' id='word_1_248' title='bbox 2748 2042 2902 2060; x_wconf 72' lang='grc' dir='ltr'><strong>..-ι-ι</strong></span> <span class='ocrx_word' id='word_1_249' title='bbox 2941 2040 3123 2060; x_wconf 69' lang='lat' dir='ltr'><strong>_._-__l_</strong></span> <span class='ocrx_word' id='word_1_250' title='bbox 3142 2056 3312 2060; x_wconf 66' lang='lat'><strong>_-_--</strong></span> <span class='ocrx_word' id='word_1_251' title='bbox 3351 2039 3643 2060; x_wconf 42' lang='lat' dir='ltr'><strong>ll_~j-l_,</strong></span> <span class='ocrx_word' id='word_1_252' title='bbox 3698 2057 3818 2060; x_wconf 60' lang='lat'><strong><em>,,--,</em></strong></span> 
     </span>
    </p>
   </div>
   <div class='ocr_carea' id='block_1_34' title="bbox 443 2036 2093 2111">
    <p class='ocr_par' dir='ltr' id='par_1_34' title="bbox 443 2036 2093 2111">
     <span class='ocr_line' id='line_1_35' title="bbox 443 2036 2093 2111; baseline -0.004 -16"><span class='ocrx_word' id='word_1_253' title='bbox 443 2057 762 2111; x_wconf 88' lang='lat' dir='ltr'><strong>possumus</strong></span> <span class='ocrx_word' id='word_1_254' title='bbox 792 2036 1337 2093; x_wconf 86' lang='lat' dir='ltr'><strong>emendatissimum</strong></span> <span class='ocrx_word' id='word_1_255' title='bbox 1373 2036 1966 2106; x_wconf 84' lang='lat' dir='ltr'><strong>exhibemus,scholia</strong></span> <span class='ocrx_word' id='word_1_256' title='bbox 1986 2036 2093 2091; x_wconf 90' lang='lat' dir='ltr'><strong>ad-</strong></span> 
     </span>
    </p>
   </div>
   <div class='ocr_carea' id='block_1_35' title="bbox 440 2125 2092 2200">
    <p class='ocr_par' dir='ltr' id='par_1_35' title="bbox 440 2125 2092 2200">
     <span class='ocr_line' id='line_1_36' title="bbox 440 2125 2092 2200; baseline -0.002 -17"><span class='ocrx_word' id='word_1_257' title='bbox 440 2129 751 2200; x_wconf 84' lang='lat' dir='ltr'><strong>junximus</strong></span> <span class='ocrx_word' id='word_1_258' title='bbox 797 2144 910 2182; x_wconf 94' lang='lat' dir='ltr'><strong>non</strong></span> <span class='ocrx_word' id='word_1_259' title='bbox 964 2126 1209 2192; x_wconf 84' lang='lat' dir='ltr'><strong>inutilia,</strong></span> <span class='ocrx_word' id='word_1_260' title='bbox 1260 2127 1331 2180; x_wconf 91' lang='lat' dir='ltr'><strong>de</strong></span> <span class='ocrx_word' id='word_1_261' title='bbox 1382 2126 1506 2180; x_wconf 89' lang='lat' dir='ltr'><strong>cod.</strong></span> <span class='ocrx_word' id='word_1_262' title='bbox 1559 2125 1849 2196; x_wconf 89' lang='lat' dir='ltr'><strong>descripta</strong></span> <span class='ocrx_word' id='word_1_263' title='bbox 1896 2141 2092 2195; x_wconf 89' lang='lat' dir='ltr'><strong>perve-</strong></span> 
     </span>
    </p>
   </div>
   <div class='ocr_carea' id='block_1_36' title="bbox 442 2213 2091 2288">
    <p class='ocr_par' dir='ltr' id='par_1_36' title="bbox 442 2213 2091 2288">
     <span class='ocr_line' id='line_1_37' title="bbox 442 2213 2091 2288; baseline -0.004 -16"><span class='ocrx_word' id='word_1_264' title='bbox 442 2223 603 2272; x_wconf 89' lang='lat' dir='ltr'><strong>tusto</strong></span> <span class='ocrx_word' id='word_1_265' title='bbox 636 2216 860 2288; x_wconf 88' lang='lat' dir='ltr'><strong>collegii</strong></span> <span class='ocrx_word' id='word_1_266' title='bbox 913 2216 1093 2270; x_wconf 75' lang='lat' dir='ltr'><strong>beatae</strong></span> <span class='ocrx_word' id='word_1_267' title='bbox 1146 2214 1338 2269; x_wconf 65' lang='lat' dir='ltr'><strong>Mariae</strong></span> <span class='ocrx_word' id='word_1_268' title='bbox 1400 2213 1751 2286; x_wconf 69' lang='lat' dir='ltr'><strong>Magdalena:</strong></span> <span class='ocrx_word' id='word_1_269' title='bbox 1804 2214 1861 2269; x_wconf 90' lang='lat' dir='ltr'><strong>in</strong></span> <span class='ocrx_word' id='word_1_270' title='bbox 1915 2214 2091 2268; x_wconf 87' lang='lat' dir='ltr'><strong>Acad.</strong></span> 
     </span>
    </p>
   </div>
   <div class='ocr_carea' id='block_1_37' title="bbox 453 2301 2091 2374">
    <p class='ocr_par' dir='ltr' id='par_1_37' title="bbox 453 2301 2091 2374">
     <span class='ocr_line' id='line_1_38' title="bbox 453 2301 2091 2374; baseline -0.004 -13"><span class='ocrx_word' id='word_1_271' title='bbox 453 2305 630 2361; x_wconf 75' lang='lat' dir='ltr'><strong>Oxon.</strong></span> <span class='ocrx_word' id='word_1_272' title='bbox 682 2305 912 2360; x_wconf 89' lang='lat' dir='ltr'><strong>Nonum</strong></span> <span class='ocrx_word' id='word_1_273' title='bbox 942 2304 1076 2358; x_wconf 89' lang='lat' dir='ltr'><strong>huic</strong></span> <span class='ocrx_word' id='word_1_274' title='bbox 1107 2302 1436 2358; x_wconf 73' lang='lat' dir='ltr'><strong>scholiastae</strong></span> <span class='ocrx_word' id='word_1_275' title='bbox 1485 2318 1656 2374; x_wconf 89' lang='lat' dir='ltr'><strong>quem</strong></span> <span class='ocrx_word' id='word_1_276' title='bbox 1692 2301 2091 2373; x_wconf 86' lang='lat' dir='ltr'><strong>adjunximus,</strong></span> 
     </span>
    </p>
   </div>
   <div class='ocr_carea' id='block_1_38' title="bbox 445 2388 2091 2467">
    <p class='ocr_par' dir='ltr' id='par_1_38' title="bbox 445 2388 2091 2467">
     <span class='ocr_line' id='line_1_39' title="bbox 445 2388 2091 2467; baseline -0.001 -20"><span class='ocrx_word' id='word_1_277' title='bbox 445 2393 536 2447; x_wconf 83' lang='grc' dir='ltr'><strong>τὸν</strong></span> <span class='ocrx_word' id='word_1_278' title='bbox 563 2392 857 2467; x_wconf 74' lang='grc' dir='ltr'><strong>ἐξηγητὴν,</strong></span> <span class='ocrx_word' id='word_1_279' title='bbox 908 2391 996 2445; x_wconf 74' lang='grc' dir='ltr'>καὶ</span> <span class='ocrx_word' id='word_1_280' title='bbox 1044 2395 1150 2444; x_wconf 80' lang='grc' dir='ltr'><strong>τῶν</strong></span> <span class='ocrx_word' id='word_1_281' title='bbox 1215 2389 1465 2465; x_wconf 79' lang='grc' dir='ltr'><strong>ἱστοριῶν</strong></span> <span class='ocrx_word' id='word_1_282' title='bbox 1518 2388 1832 2463; x_wconf 79' lang='grc' dir='ltr'><strong>συναγωγὲα</strong></span> <span class='ocrx_word' id='word_1_283' title='bbox 1881 2407 2091 2462; x_wconf 87' lang='lat' dir='ltr'><strong>suppe-</strong></span> 
     </span>
    </p>
   </div>
   <div class='ocr_carea' id='block_1_39' title="bbox 452 2479 2097 2549">
    <p class='ocr_par' dir='ltr' id='par_1_39' title="bbox 452 2479 2097 2549">
     <span class='ocr_line' id='line_1_40' title="bbox 452 2479 2097 2549; baseline -0.002 -12"><span class='ocrx_word' id='word_1_284' title='bbox 452 2484 655 2538; x_wconf 88' lang='lat' dir='ltr'><strong>ditavit</strong></span> <span class='ocrx_word' id='word_1_285' title='bbox 685 2482 946 2538; x_wconf 66' lang='grc' dir='ltr'><strong>Οερεατεει</strong></span> <span class='ocrx_word' id='word_1_286' title='bbox 963 2481 1308 2537; x_wconf 89' lang='lat' dir='ltr'><strong>Viennensis</strong></span> <span class='ocrx_word' id='word_1_287' title='bbox 1340 2479 1788 2544; x_wconf 89' lang='lat' dir='ltr'><strong>bibliotheca,ex</strong></span> <span class='ocrx_word' id='word_1_288' title='bbox 1815 2480 2097 2549; x_wconf 89' lang='lat' dir='ltr'><strong>scriptore</strong></span> 
     </span>
    </p>
   </div>
   <div class='ocr_carea' id='block_1_40' title="bbox 452 2568 2095 2643">
    <p class='ocr_par' dir='ltr' id='par_1_40' title="bbox 452 2568 2095 2643">
     <span class='ocr_line' id='line_1_41' title="bbox 452 2568 2095 2643; baseline -0.003 -17"><span class='ocrx_word' id='word_1_289' title='bbox 452 2572 906 2643; x_wconf 87' lang='lat' dir='ltr'><strong>diligentissimo</strong></span> <span class='ocrx_word' id='word_1_290' title='bbox 937 2569 1207 2625; x_wconf 83' lang='lat' dir='ltr'><strong>Samuele</strong></span> <span class='ocrx_word' id='word_1_291' title='bbox 1237 2568 1431 2624; x_wconf 91' lang='lat' dir='ltr'><strong>Slado.</strong></span> <span class='ocrx_word' id='word_1_292' title='bbox 1479 2568 1764 2623; x_wconf 89' lang='lat' dir='ltr'><strong>Aberrant</strong></span> <span class='ocrx_word' id='word_1_293' title='bbox 1801 2568 2095 2622; x_wconf 77' lang='lat' dir='ltr'><strong>interdum</strong></span> 
     </span>
    </p>
   </div>
   <div class='ocr_carea' id='block_1_41' title="bbox 452 2657 2095 2732">
    <p class='ocr_par' dir='ltr' id='par_1_41' title="bbox 452 2657 2095 2732">
     <span class='ocr_line' id='line_1_42' title="bbox 452 2657 2095 2732; baseline -0.002 -17"><span class='ocrx_word' id='word_1_294' title='bbox 452 2666 716 2732; x_wconf 89' lang='lat' dir='ltr'><strong>uterque,</strong></span> <span class='ocrx_word' id='word_1_295' title='bbox 754 2658 1172 2727; x_wconf 85' lang='lat' dir='ltr'><strong>l&#39;ateor,alicubi</strong></span> <span class='ocrx_word' id='word_1_296' title='bbox 1206 2663 1343 2713; x_wconf 90' lang='lat' dir='ltr'><strong>sunt</strong></span> <span class='ocrx_word' id='word_1_297' title='bbox 1375 2657 1678 2713; x_wconf 82' lang='lat' dir='ltr'><strong>manifeste</strong></span> <span class='ocrx_word' id='word_1_298' title='bbox 1710 2657 2095 2729; x_wconf 90' lang='lat' dir='ltr'><strong>corrupli,sed</strong></span> 
     </span>
    </p>
   </div>
   <div class='ocr_carea' id='block_1_42' title="bbox 451 2744 2099 2813">
    <p class='ocr_par' dir='ltr' id='par_1_42' title="bbox 451 2744 2099 2813">
     <span class='ocr_line' id='line_1_43' title="bbox 451 2744 2099 2813; baseline -0.004 -9"><span class='ocrx_word' id='word_1_299' title='bbox 451 2750 519 2804; x_wconf 92' lang='lat' dir='ltr'><strong>de</strong></span> <span class='ocrx_word' id='word_1_300' title='bbox 550 2750 622 2804; x_wconf 89' lang='lat' dir='ltr'><strong>iis</strong></span> <span class='ocrx_word' id='word_1_301' title='bbox 654 2748 885 2804; x_wconf 85' lang='lat' dir='ltr'><strong>solliciti</strong></span> <span class='ocrx_word' id='word_1_302' title='bbox 919 2746 1219 2803; x_wconf 89' lang='lat' dir='ltr'><strong>noluimus</strong></span> <span class='ocrx_word' id='word_1_303' title='bbox 1274 2763 1422 2813; x_wconf 88' lang='lat' dir='ltr'><strong>esse,</strong></span> <span class='ocrx_word' id='word_1_304' title='bbox 1459 2751 1687 2801; x_wconf 89' lang='lat' dir='ltr'><strong>tantum</strong></span> <span class='ocrx_word' id='word_1_305' title='bbox 1749 2748 2003 2803; x_wconf 89' lang='lat' dir='ltr'><strong>contenti</strong></span> <span class='ocrx_word' id='word_1_306' title='bbox 2032 2744 2099 2798; x_wconf 82' lang='grc' dir='ltr'><strong>τὰ</strong></span> 
     </span>
    </p>
   </div>
   <div class='ocr_carea' id='block_1_43' title="bbox 452 2836 2096 2913">
    <p class='ocr_par' dir='ltr' id='par_1_43' title="bbox 452 2836 2096 2913">
     <span class='ocr_line' id='line_1_44' title="bbox 452 2836 2096 2913; baseline -0.001 -23"><span class='ocrx_word' id='word_1_307' title='bbox 452 2837 736 2913; x_wconf 77' lang='grc' dir='ltr'><strong>ἀπόγραφα</strong></span> <span class='ocrx_word' id='word_1_308' title='bbox 767 2838 1015 2892; x_wconf 84' lang='lat' dir='ltr'><strong>fideliter</strong></span> <span class='ocrx_word' id='word_1_309' title='bbox 1053 2837 1270 2907; x_wconf 91' lang='lat' dir='ltr'><strong>ubique</strong></span> <span class='ocrx_word' id='word_1_310' title='bbox 1301 2836 1675 2907; x_wconf 85' lang='lat' dir='ltr'><strong>expressisse,</strong></span> <span class='ocrx_word' id='word_1_311' title='bbox 1725 2840 1931 2891; x_wconf 77' lang='lat' dir='ltr'><strong>caetera</strong></span> <span class='ocrx_word' id='word_1_312' title='bbox 1962 2853 2096 2891; x_wconf 82' lang='lat' dir='ltr'><strong>eru-</strong></span> 
     </span>
    </p>
   </div>
   <div class='ocr_carea' id='block_1_44' title="bbox 455 2924 2099 2996">
    <p class='ocr_par' dir='ltr' id='par_1_44' title="bbox 455 2924 2099 2996">
     <span class='ocr_line' id='line_1_45' title="bbox 455 2924 2099 2996; baseline -0.001 -16"><span class='ocrx_word' id='word_1_313' title='bbox 455 2926 573 2981; x_wconf 90' lang='lat' dir='ltr'><strong>dito</strong></span> <span class='ocrx_word' id='word_1_314' title='bbox 604 2926 800 2982; x_wconf 89' lang='lat' dir='ltr'><strong>lectori</strong></span> <span class='ocrx_word' id='word_1_315' title='bbox 836 2926 1252 2996; x_wconf 86' lang='lat' dir='ltr'><strong>permittimus.</strong></span> <span class='ocrx_word' id='word_1_316' title='bbox 1295 2926 1374 2980; x_wconf 90' lang='lat' dir='ltr'><strong>De</strong></span> <span class='ocrx_word' id='word_1_317' title='bbox 1422 2924 1686 2995; x_wconf 88' lang='lat' dir='ltr'><strong>epistolis</strong></span> <span class='ocrx_word' id='word_1_318' title='bbox 1735 2929 1789 2979; x_wconf 88' lang='lat' dir='ltr'><strong>et</strong></span> <span class='ocrx_word' id='word_1_319' title='bbox 1838 2925 2099 2980; x_wconf 88' lang='lat' dir='ltr'><strong>oratione</strong></span> 
     </span>
    </p>
   </div>
   <div class='ocr_carea' id='block_1_45' title="bbox 460 3010 2097 3083">
    <p class='ocr_par' dir='ltr' id='par_1_45' title="bbox 460 3010 2097 3083">
     <span class='ocr_line' id='line_1_46' title="bbox 460 3010 2097 3083; baseline 0.002 -19"><span class='ocrx_word' id='word_1_320' title='bbox 460 3010 787 3083; x_wconf 72' lang='grc' dir='ltr'><strong>ἀνεκδότοις,</strong></span> <span class='ocrx_word' id='word_1_321' title='bbox 818 3020 875 3069; x_wconf 92' lang='lat' dir='ltr'><strong>et</strong></span> <span class='ocrx_word' id='word_1_322' title='bbox 916 3016 987 3069; x_wconf 92' lang='lat' dir='ltr'><strong>de</strong></span> <span class='ocrx_word' id='word_1_323' title='bbox 1030 3020 1380 3069; x_wconf 82' lang='lat' dir='ltr'><strong>testamento</strong></span> <span class='ocrx_word' id='word_1_324' title='bbox 1439 3014 1753 3068; x_wconf 89' lang='lat' dir='ltr'><strong>correctius</strong></span> <span class='ocrx_word' id='word_1_325' title='bbox 1802 3015 1978 3073; x_wconf 86' lang='lat' dir='ltr'><strong>edito.</strong></span> <span class='ocrx_word' id='word_1_326' title='bbox 2039 3013 2097 3067; x_wconf 90' lang='lat' dir='ltr'><strong>in</strong></span> 
     </span>
    </p>
   </div>
   <div class='ocr_carea' id='block_1_46' title="bbox 462 3100 2103 3173">
    <p class='ocr_par' dir='ltr' id='par_1_46' title="bbox 462 3100 2103 3173">
     <span class='ocr_line' id='line_1_47' title="bbox 462 3100 2103 3173; baseline 0.001 -19"><span class='ocrx_word' id='word_1_327' title='bbox 462 3100 587 3156; x_wconf 91' lang='lat' dir='ltr'><strong>loco</strong></span> <span class='ocrx_word' id='word_1_328' title='bbox 619 3102 869 3157; x_wconf 82' lang='lat' dir='ltr'><strong>diximus</strong></span> <span class='ocrx_word' id='word_1_329' title='bbox 896 3105 963 3158; x_wconf 92' lang='lat' dir='ltr'><strong>ad</strong></span> <span class='ocrx_word' id='word_1_330' title='bbox 998 3103 1321 3159; x_wconf 87' lang='lat' dir='ltr'><strong>notas.Jam</strong></span> <span class='ocrx_word' id='word_1_331' title='bbox 1353 3119 1485 3157; x_wconf 88' lang='lat' dir='ltr'><strong>vero</strong></span> <span class='ocrx_word' id='word_1_332' title='bbox 1517 3118 1664 3173; x_wconf 92' lang='lat' dir='ltr'><strong>quas</strong></span> <span class='ocrx_word' id='word_1_333' title='bbox 1696 3103 1905 3157; x_wconf 91' lang='lat' dir='ltr'><strong>damus</strong></span> <span class='ocrx_word' id='word_1_334' title='bbox 1936 3101 2103 3157; x_wconf 89' lang='lat' dir='ltr'><strong>casti-</strong></span> 
     </span>
    </p>
   </div>
   <div class='ocr_carea' id='block_1_47' title="bbox 462 3189 2101 3264">
    <p class='ocr_par' dir='ltr' id='par_1_47' title="bbox 462 3189 2101 3264">
     <span class='ocr_line' id='line_1_48' title="bbox 462 3189 2101 3264; baseline 0 -20"><span class='ocrx_word' id='word_1_335' title='bbox 462 3189 724 3261; x_wconf 88' lang='lat' dir='ltr'><strong>gationes</strong></span> <span class='ocrx_word' id='word_1_336' title='bbox 755 3193 810 3245; x_wconf 92' lang='lat' dir='ltr'><strong>in</strong></span> <span class='ocrx_word' id='word_1_337' title='bbox 852 3198 992 3247; x_wconf 90' lang='lat' dir='ltr'><strong>orat.</strong></span> <span class='ocrx_word' id='word_1_338' title='bbox 1044 3195 1215 3264; x_wconf 90' lang='lat' dir='ltr'><strong>epist.</strong></span> <span class='ocrx_word' id='word_1_339' title='bbox 1260 3198 1315 3247; x_wconf 91' lang='lat' dir='ltr'><strong>et</strong></span> <span class='ocrx_word' id='word_1_340' title='bbox 1364 3192 1552 3263; x_wconf 89' lang='lat' dir='ltr'><strong>ipsius</strong></span> <span class='ocrx_word' id='word_1_341' title='bbox 1582 3191 1792 3259; x_wconf 84' lang='lat' dir='ltr'><strong>Vitam,</strong></span> <span class='ocrx_word' id='word_1_342' title='bbox 1826 3193 1896 3246; x_wconf 91' lang='lat' dir='ltr'><strong>de</strong></span> <span class='ocrx_word' id='word_1_343' title='bbox 1925 3191 2101 3247; x_wconf 89' lang='lat' dir='ltr'><strong>variis</strong></span> 
     </span>
    </p>
   </div>
   <div class='ocr_carea' id='block_1_48' title="bbox 459 3278 2102 3353">
    <p class='ocr_par' dir='ltr' id='par_1_48' title="bbox 459 3278 2102 3353">
     <span class='ocr_line' id='line_1_49' title="bbox 459 3278 2102 3353; baseline 0.002 -22"><span class='ocrx_word' id='word_1_344' title='bbox 459 3278 879 3353; x_wconf 73' lang='grc' dir='ltr'>συνηρανίσαμεν</span> <span class='ocrx_word' id='word_1_345' title='bbox 902 3281 1440 3352; x_wconf 84' lang='lat' dir='ltr'><strong>manuscript.quas</strong></span> <span class='ocrx_word' id='word_1_346' title='bbox 1472 3298 1572 3351; x_wconf 88' lang='lat' dir='ltr'><strong>per</strong></span> <span class='ocrx_word' id='word_1_347' title='bbox 1602 3280 1825 3336; x_wconf 88' lang='lat' dir='ltr'><strong>litteras</strong></span> <span class='ocrx_word' id='word_1_348' title='bbox 1846 3279 2102 3335; x_wconf 87' lang='lat' dir='ltr'><strong>initiales</strong></span> 
     </span>
    </p>
   </div>
   <div class='ocr_carea' id='block_1_49' title="bbox 2206 2035 3855 2112">
    <p class='ocr_par' dir='ltr' id='par_1_49' title="bbox 2206 2035 3855 2112">
     <span class='ocr_line' id='line_1_50' title="bbox 2206 2035 3855 2112; baseline 0.005 -23"><span class='ocrx_word' id='word_1_349' title='bbox 2206 2035 2725 2108; x_wconf 76' lang='lat' dir='ltr'><strong>intelligimus.0x.</strong></span> <span class='ocrx_word' id='word_1_350' title='bbox 2748 2042 2908 2093; x_wconf 88' lang='lat' dir='ltr'><strong>notat</strong></span> <span class='ocrx_word' id='word_1_351' title='bbox 2939 2040 3316 2095; x_wconf 89' lang='lat' dir='ltr'><strong>membranas</strong></span> <span class='ocrx_word' id='word_1_352' title='bbox 3351 2039 3855 2112; x_wconf 87' lang='lat' dir='ltr'><strong>Magdalenenses,</strong></span> 
     </span>
    </p>
   </div>
   <div class='ocr_carea' id='block_1_50' title="bbox 2204 2126 3853 2199">
    <p class='ocr_par' dir='ltr' id='par_1_50' title="bbox 2204 2126 3853 2199">
     <span class='ocr_line' id='line_1_51' title="bbox 2204 2126 3853 2199; baseline 0.004 -20"><span class='ocrx_word' id='word_1_353' title='bbox 2204 2142 2358 2179; x_wconf 75' lang='lat' dir='ltr'><strong>xxxn</strong></span> <span class='ocrx_word' id='word_1_354' title='bbox 2391 2129 2538 2179; x_wconf 89' lang='lat' dir='ltr'><strong>orat.</strong></span> <span class='ocrx_word' id='word_1_355' title='bbox 2586 2130 2643 2179; x_wconf 91' lang='lat' dir='ltr'><strong>et</strong></span> <span class='ocrx_word' id='word_1_356' title='bbox 2689 2126 2912 2181; x_wconf 90' lang='lat' dir='ltr'><strong>scholia</strong></span> <span class='ocrx_word' id='word_1_357' title='bbox 2960 2133 3241 2199; x_wconf 89' lang='lat' dir='ltr'><strong>perpetua</strong></span> <span class='ocrx_word' id='word_1_358' title='bbox 3287 2130 3681 2185; x_wconf 89' lang='lat' dir='ltr'><strong>continentes.</strong></span> <span class='ocrx_word' id='word_1_359' title='bbox 3731 2132 3853 2185; x_wconf 88' lang='lat' dir='ltr'><strong>Pal.</strong></span> 
     </span>
    </p>
   </div>
   <div class='ocr_carea' id='block_1_51' title="bbox 2203 2213 3856 2288">
    <p class='ocr_par' dir='ltr' id='par_1_51' title="bbox 2203 2213 3856 2288">
     <span class='ocr_line' id='line_1_52' title="bbox 2203 2213 3856 2288; baseline 0.005 -21"><span class='ocrx_word' id='word_1_360' title='bbox 2203 2213 2371 2268; x_wconf 90' lang='lat' dir='ltr'><strong>illum</strong></span> <span class='ocrx_word' id='word_1_361' title='bbox 2408 2213 2680 2269; x_wconf 70' lang='lat' dir='ltr'><strong>Palatinas</strong></span> <span class='ocrx_word' id='word_1_362' title='bbox 2712 2214 3076 2270; x_wconf 70' lang='lat' dir='ltr'><strong>bibliothecae</strong></span> <span class='ocrx_word' id='word_1_363' title='bbox 3109 2216 3234 2271; x_wconf 89' lang='lat' dir='ltr'><strong>cod.</strong></span> <span class='ocrx_word' id='word_1_364' title='bbox 3268 2233 3441 2288; x_wconf 88' lang='lat' dir='ltr'><strong>quem</strong></span> <span class='ocrx_word' id='word_1_365' title='bbox 3474 2217 3562 2272; x_wconf 91' lang='lat' dir='ltr'><strong>vir</strong></span> <span class='ocrx_word' id='word_1_366' title='bbox 3591 2219 3856 2275; x_wconf 85' lang='lat' dir='ltr'><strong>eruditus</strong></span> 
     </span>
    </p>
   </div>
   <div class='ocr_carea' id='block_1_52' title="bbox 2204 2302 3851 2376">
    <p class='ocr_par' dir='ltr' id='par_1_52' title="bbox 2204 2302 3851 2376">
     <span class='ocr_line' id='line_1_53' title="bbox 2204 2302 3851 2376; baseline 0.002 -20"><span class='ocrx_word' id='word_1_367' title='bbox 2204 2302 2265 2356; x_wconf 91' lang='lat' dir='ltr'><strong>P.</strong></span> <span class='ocrx_word' id='word_1_368' title='bbox 2299 2302 2731 2357; x_wconf 86' lang='lat' dir='ltr'><strong>Felckmannus</strong></span> <span class='ocrx_word' id='word_1_369' title='bbox 2763 2304 2901 2357; x_wconf 83' lang='lat' dir='ltr'><strong>citat</strong></span> <span class='ocrx_word' id='word_1_370' title='bbox 2931 2304 3000 2358; x_wconf 90' lang='lat' dir='ltr'><strong>ad</strong></span> <span class='ocrx_word' id='word_1_371' title='bbox 3035 2303 3195 2359; x_wconf 87' lang='lat' dir='ltr'><strong>illam</strong></span> <span class='ocrx_word' id='word_1_372' title='bbox 3230 2304 3489 2376; x_wconf 88' lang='lat' dir='ltr'><strong>Gregorii</strong></span> <span class='ocrx_word' id='word_1_373' title='bbox 3522 2305 3597 2366; x_wconf 85' lang='grc' dir='ltr'><strong>εἷς</strong></span> <span class='ocrx_word' id='word_1_374' title='bbox 3627 2305 3851 2368; x_wconf 81' lang='grc' dir='ltr'><strong>Ἀθανά-</strong></span> 
     </span>
    </p>
   </div>
   <div class='ocr_carea' id='block_1_53' title="bbox 2206 2392 3855 2468">
    <p class='ocr_par' dir='ltr' id='par_1_53' title="bbox 2206 2392 3855 2468">
     <span class='ocr_line' id='line_1_54' title="bbox 2206 2392 3855 2468; baseline 0.005 -25"><span class='ocrx_word' id='word_1_375' title='bbox 2206 2410 2342 2446; x_wconf 85' lang='grc' dir='ltr'><strong>σιον.</strong></span> <span class='ocrx_word' id='word_1_376' title='bbox 2375 2392 2498 2445; x_wconf 81' lang='lat' dir='ltr'><strong>Bas.</strong></span> <span class='ocrx_word' id='word_1_377' title='bbox 2540 2396 2629 2446; x_wconf 91' lang='lat' dir='ltr'><strong>est</strong></span> <span class='ocrx_word' id='word_1_378' title='bbox 2686 2392 2862 2446; x_wconf 88' lang='lat' dir='ltr'><strong>editio</strong></span> <span class='ocrx_word' id='word_1_379' title='bbox 2921 2392 3319 2449; x_wconf 89' lang='lat' dir='ltr'><strong>Basileensis:</strong></span> <span class='ocrx_word' id='word_1_380' title='bbox 3373 2395 3505 2449; x_wconf 79' lang='lat' dir='ltr'><strong>Bz’ll.</strong></span> <span class='ocrx_word' id='word_1_381' title='bbox 3569 2397 3855 2468; x_wconf 88' lang='lat' dir='ltr'><strong>interpres</strong></span> 
     </span>
    </p>
   </div>
   <div class='ocr_carea' id='block_1_54' title="bbox 2203 2479 3852 2553">
    <p class='ocr_par' dir='ltr' id='par_1_54' title="bbox 2203 2479 3852 2553">
     <span class='ocr_line' id='line_1_55' title="bbox 2203 2479 3852 2553; baseline 0.002 -18"><span class='ocrx_word' id='word_1_382' title='bbox 2203 2480 2459 2535; x_wconf 90' lang='lat' dir='ltr'><strong>Jacohus</strong></span> <span class='ocrx_word' id='word_1_383' title='bbox 2492 2479 2699 2534; x_wconf 89' lang='lat' dir='ltr'><strong>Billius</strong></span> <span class='ocrx_word' id='word_1_384' title='bbox 2733 2498 2745 2535; x_wconf 90' lang='lat'>:</span> <span class='ocrx_word' id='word_1_385' title='bbox 2778 2481 2861 2535; x_wconf 82' lang='lat' dir='ltr'><strong>El.</strong></span> <span class='ocrx_word' id='word_1_386' title='bbox 2896 2480 3180 2553; x_wconf 89' lang='lat' dir='ltr'><strong>interpres</strong></span> <span class='ocrx_word' id='word_1_387' title='bbox 3204 2482 3356 2537; x_wconf 88' lang='lat' dir='ltr'><strong>Elias</strong></span> <span class='ocrx_word' id='word_1_388' title='bbox 3387 2483 3698 2539; x_wconf 89' lang='lat' dir='ltr'><strong>Cretensis.</strong></span> <span class='ocrx_word' id='word_1_389' title='bbox 3729 2485 3852 2540; x_wconf 83' lang='lat' dir='ltr'><strong>Sch.</strong></span> 
     </span>
    </p>
   </div>
   <div class='ocr_carea' id='block_1_55' title="bbox 2207 2568 3853 2639">
    <p class='ocr_par' dir='ltr' id='par_1_55' title="bbox 2207 2568 3853 2639">
     <span class='ocr_line' id='line_1_56' title="bbox 2207 2568 3853 2639; baseline 0.002 -16"><span class='ocrx_word' id='word_1_390' title='bbox 2207 2572 2370 2623; x_wconf 87' lang='lat' dir='ltr'><strong>notat</strong></span> <span class='ocrx_word' id='word_1_391' title='bbox 2400 2568 2646 2624; x_wconf 88' lang='lat' dir='ltr'><strong>schedas</strong></span> <span class='ocrx_word' id='word_1_392' title='bbox 2678 2570 2750 2624; x_wconf 89' lang='lat' dir='ltr'><strong>ab</strong></span> <span class='ocrx_word' id='word_1_393' title='bbox 2784 2571 3017 2624; x_wconf 83' lang='lat' dir='ltr'><strong>Andrea</strong></span> <span class='ocrx_word' id='word_1_394' title='bbox 3035 2570 3271 2625; x_wconf 79' lang='lat' dir='ltr'><strong>Schotto</strong></span> <span class='ocrx_word' id='word_1_395' title='bbox 3304 2590 3317 2626; x_wconf 92' lang='lat'>:</span> <span class='ocrx_word' id='word_1_396' title='bbox 3351 2578 3407 2627; x_wconf 88' lang='lat' dir='ltr'><strong>et</strong></span> <span class='ocrx_word' id='word_1_397' title='bbox 3438 2572 3853 2639; x_wconf 80' lang='lat' dir='ltr'><strong>Bod.codicem,</strong></span> 
     </span>
    </p>
   </div>
   <div class='ocr_carea' id='block_1_56' title="bbox 2207 2657 3856 2729">
    <p class='ocr_par' dir='ltr' id='par_1_56' title="bbox 2207 2657 3856 2729">
     <span class='ocr_line' id='line_1_57' title="bbox 2207 2657 3856 2729; baseline 0.002 -17"><span class='ocrx_word' id='word_1_398' title='bbox 2207 2674 2347 2712; x_wconf 89' lang='lat' dir='ltr'><strong>sane</strong></span> <span class='ocrx_word' id='word_1_399' title='bbox 2376 2657 2839 2725; x_wconf 87' lang='lat' dir='ltr'><strong>memorabilem,</strong></span> <span class='ocrx_word' id='word_1_400' title='bbox 2878 2658 3241 2714; x_wconf 68' lang='lat' dir='ltr'><strong>bibliothecae</strong></span> <span class='ocrx_word' id='word_1_401' title='bbox 3272 2660 3595 2717; x_wconf 73' lang='lat' dir='ltr'><strong>Bodleianae</strong></span> <span class='ocrx_word' id='word_1_402' title='bbox 3643 2662 3856 2729; x_wconf 88' lang='lat' dir='ltr'><strong>Oxon.;</strong></span> 
     </span>
    </p>
   </div>
   <div class='ocr_carea' id='block_1_57' title="bbox 2210 2748 3859 2823">
    <p class='ocr_par' dir='ltr' id='par_1_57' title="bbox 2210 2748 3859 2823">
     <span class='ocr_line' id='line_1_58' title="bbox 2210 2748 3859 2823; baseline 0.002 -21"><span class='ocrx_word' id='word_1_403' title='bbox 2210 2764 2344 2802; x_wconf 90' lang='lat' dir='ltr'><strong>nam</strong></span> <span class='ocrx_word' id='word_1_404' title='bbox 2377 2752 2433 2803; x_wconf 92' lang='lat' dir='ltr'><strong>et</strong></span> <span class='ocrx_word' id='word_1_405' title='bbox 2464 2764 2666 2803; x_wconf 89' lang='lat' dir='ltr'><strong>omnes</strong></span> <span class='ocrx_word' id='word_1_406' title='bbox 2706 2748 3052 2804; x_wconf 89' lang='lat' dir='ltr'><strong>Nazianzeni</strong></span> <span class='ocrx_word' id='word_1_407' title='bbox 3113 2750 3389 2821; x_wconf 89' lang='lat' dir='ltr'><strong>epistolas</strong></span> <span class='ocrx_word' id='word_1_408' title='bbox 3444 2750 3639 2819; x_wconf 88' lang='lat' dir='ltr'><strong>habet,</strong></span> <span class='ocrx_word' id='word_1_409' title='bbox 3693 2752 3859 2823; x_wconf 88' lang='lat' dir='ltr'><strong>prius</strong></span> 
     </span>
    </p>
   </div>
   <div class='ocr_carea' id='block_1_58' title="bbox 2208 2836 3863 2911">
    <p class='ocr_par' dir='ltr' id='par_1_58' title="bbox 2208 2836 3863 2911">
     <span class='ocr_line' id='line_1_59' title="bbox 2208 2836 3863 2911; baseline 0.002 -19"><span class='ocrx_word' id='word_1_410' title='bbox 2208 2836 2415 2903; x_wconf 88' lang='lat' dir='ltr'><strong>editas,</strong></span> <span class='ocrx_word' id='word_1_411' title='bbox 2447 2840 2505 2893; x_wconf 91' lang='lat' dir='ltr'><strong>et</strong></span> <span class='ocrx_word' id='word_1_412' title='bbox 2536 2853 2682 2907; x_wconf 85' lang='lat' dir='ltr'><strong>quas</strong></span> <span class='ocrx_word' id='word_1_413' title='bbox 2726 2838 2900 2909; x_wconf 91' lang='lat' dir='ltr'><strong>primi</strong></span> <span class='ocrx_word' id='word_1_414' title='bbox 2931 2839 3142 2893; x_wconf 90' lang='lat' dir='ltr'><strong>damus</strong></span> <span class='ocrx_word' id='word_1_415' title='bbox 3177 2856 3189 2892; x_wconf 85' lang='lat'><strong>:</strong></span> <span class='ocrx_word' id='word_1_416' title='bbox 3221 2843 3279 2893; x_wconf 90' lang='lat' dir='ltr'><strong>et</strong></span> <span class='ocrx_word' id='word_1_417' title='bbox 3336 2844 3612 2911; x_wconf 84' lang='lat' dir='ltr'><strong>praeterea</strong></span> <span class='ocrx_word' id='word_1_418' title='bbox 3660 2841 3863 2896; x_wconf 89' lang='lat' dir='ltr'><strong>Basilii</strong></span> 
     </span>
    </p>
   </div>
   <div class='ocr_carea' id='block_1_59' title="bbox 2209 2923 3862 3000">
    <p class='ocr_par' dir='ltr' id='par_1_59' title="bbox 2209 2923 3862 3000">
     <span class='ocr_line' id='line_1_60' title="bbox 2209 2923 3862 3000; baseline 0.002 -20"><span class='ocrx_word' id='word_1_419' title='bbox 2209 2924 2432 2997; x_wconf 88' lang='lat' dir='ltr'><strong>aliquot</strong></span> <span class='ocrx_word' id='word_1_420' title='bbox 2478 2926 2749 2989; x_wconf 75' lang='lat' dir='ltr'><strong>decedas,</strong></span> <span class='ocrx_word' id='word_1_421' title='bbox 2810 2942 3015 2981; x_wconf 87' lang='lat' dir='ltr'><strong>omnes</strong></span> <span class='ocrx_word' id='word_1_422' title='bbox 3072 2927 3263 2982; x_wconf 88' lang='lat' dir='ltr'><strong>adhuc</strong></span> <span class='ocrx_word' id='word_1_423' title='bbox 3315 2923 3657 2994; x_wconf 81' lang='grc' dir='ltr'><strong>ἀνεκδότους,</strong></span> <span class='ocrx_word' id='word_1_424' title='bbox 3714 2946 3862 3000; x_wconf 90' lang='lat' dir='ltr'><strong>quas</strong></span> 
     </span>
    </p>
   </div>
   <div class='ocr_carea' id='block_1_60' title="bbox 2210 3013 3861 3085">
    <p class='ocr_par' dir='ltr' id='par_1_60' title="bbox 2210 3013 3861 3085">
     <span class='ocr_line' id='line_1_61' title="bbox 2210 3013 3861 3085; baseline 0.002 -17"><span class='ocrx_word' id='word_1_425' title='bbox 2210 3014 2346 3069; x_wconf 90' lang='lat' dir='ltr'><strong>hinc</strong></span> <span class='ocrx_word' id='word_1_426' title='bbox 2378 3013 2701 3085; x_wconf 89' lang='lat' dir='ltr'><strong>descriptas</strong></span> <span class='ocrx_word' id='word_1_427' title='bbox 2731 3014 3018 3071; x_wconf 89' lang='lat' dir='ltr'><strong>habemus</strong></span> <span class='ocrx_word' id='word_1_428' title='bbox 3056 3032 3182 3071; x_wconf 90' lang='lat' dir='ltr'><strong>nos.</strong></span> <span class='ocrx_word' id='word_1_429' title='bbox 3219 3015 3331 3071; x_wconf 87' lang='lat' dir='ltr'><strong>Has</strong></span> <span class='ocrx_word' id='word_1_430' title='bbox 3362 3021 3558 3072; x_wconf 91' lang='lat' dir='ltr'><strong>autem</strong></span> <span class='ocrx_word' id='word_1_431' title='bbox 3587 3017 3861 3073; x_wconf 83' lang='lat' dir='ltr'><strong>lectiones</strong></span> 
     </span>
    </p>
   </div>
   <div class='ocr_carea' id='block_1_61' title="bbox 2211 3102 3859 3174">
    <p class='ocr_par' dir='ltr' id='par_1_61' title="bbox 2211 3102 3859 3174">
     <span class='ocr_line' id='line_1_62' title="bbox 2211 3102 3859 3174; baseline 0.002 -17"><span class='ocrx_word' id='word_1_432' title='bbox 2211 3106 2268 3157; x_wconf 91' lang='lat' dir='ltr'><strong>et</strong></span> <span class='ocrx_word' id='word_1_433' title='bbox 2280 3102 2691 3174; x_wconf 87' lang='lat' dir='ltr'><strong>castigationes</strong></span> <span class='ocrx_word' id='word_1_434' title='bbox 2706 3103 2906 3158; x_wconf 88' lang='lat' dir='ltr'><strong>concin</strong></span> <span class='ocrx_word' id='word_1_435' title='bbox 2917 3105 3047 3159; x_wconf 89' lang='lat' dir='ltr'><strong>navi</strong></span> <span class='ocrx_word' id='word_1_436' title='bbox 3059 3106 3129 3158; x_wconf 88' lang='lat' dir='ltr'><strong>ad</strong></span> <span class='ocrx_word' id='word_1_437' title='bbox 3146 3104 3530 3161; x_wconf 86' lang='lat' dir='ltr'><strong>Parisiensem</strong></span> <span class='ocrx_word' id='word_1_438' title='bbox 3543 3105 3859 3160; x_wconf 86' lang='lat' dir='ltr'><strong>editionem</strong></span> 
     </span>
    </p>
   </div>
   <div class='ocr_carea' id='block_1_62' title="bbox 2212 3190 3859 3265">
    <p class='ocr_par' dir='ltr' id='par_1_62' title="bbox 2212 3190 3859 3265">
     <span class='ocr_line' id='line_1_63' title="bbox 2212 3190 3859 3265; baseline 0.002 -20"><span class='ocrx_word' id='word_1_439' title='bbox 2212 3190 2371 3247; x_wconf 89' lang='lat' dir='ltr'><strong>illius</strong></span> <span class='ocrx_word' id='word_1_440' title='bbox 2404 3190 2745 3246; x_wconf 89' lang='lat' dir='ltr'><strong>methodum</strong></span> <span class='ocrx_word' id='word_1_441' title='bbox 2768 3191 2826 3245; x_wconf 92' lang='lat' dir='ltr'><strong>in</strong></span> <span class='ocrx_word' id='word_1_442' title='bbox 2858 3192 3575 3262; x_wconf 90' lang='lat' dir='ltr'><strong>orationibus,orationum</strong></span> <span class='ocrx_word' id='word_1_443' title='bbox 3609 3194 3859 3265; x_wconf 90' lang='lat' dir='ltr'><strong>paginis,</strong></span> 
     </span>
    </p>
   </div>
   <div class='ocr_carea' id='block_1_63' title="bbox 2214 3279 3859 3353">
    <p class='ocr_par' dir='ltr' id='par_1_63' title="bbox 2214 3279 3859 3353">
     <span class='ocr_line' id='line_1_64' title="bbox 2214 3279 3859 3353; baseline 0.002 -19"><span class='ocrx_word' id='word_1_444' title='bbox 2214 3280 2555 3352; x_wconf 88' lang='lat' dir='ltr'><strong>paginarum</strong></span> <span class='ocrx_word' id='word_1_445' title='bbox 2590 3279 2852 3335; x_wconf 91' lang='lat' dir='ltr'><strong>numeris</strong></span> <span class='ocrx_word' id='word_1_446' title='bbox 2883 3281 2967 3336; x_wconf 89' lang='lat' dir='ltr'><strong>sic</strong></span> <span class='ocrx_word' id='word_1_447' title='bbox 2999 3286 3256 3349; x_wconf 87' lang='lat' dir='ltr'><strong>secutus,</strong></span> <span class='ocrx_word' id='word_1_448' title='bbox 3276 3287 3336 3336; x_wconf 92' lang='lat' dir='ltr'><strong>ut</strong></span> <span class='ocrx_word' id='word_1_449' title='bbox 3369 3289 3648 3353; x_wconf 88' lang='lat' dir='ltr'><strong>utrosque</strong></span> <span class='ocrx_word' id='word_1_450' title='bbox 3678 3282 3859 3338; x_wconf 80' lang='lat' dir='ltr'><strong>libros</strong></span> 
     </span>
    </p>
   </div>
   <div class='ocr_carea' id='block_1_64' title="bbox 454 3362 3856 3442">
    <p class='ocr_par' dir='ltr' id='par_1_64' title="bbox 454 3362 3856 3442">
     <span class='ocr_line' id='line_1_65' title="bbox 454 3362 3856 3442; baseline 0.001 -19"><span class='ocrx_word' id='word_1_451' title='bbox 454 3368 511 3423; x_wconf 91' lang='lat' dir='ltr'><strong>in</strong></span> <span class='ocrx_word' id='word_1_452' title='bbox 545 3369 797 3441; x_wconf 82' lang='lat' dir='ltr'><strong>singulis</strong></span> <span class='ocrx_word' id='word_1_453' title='bbox 829 3388 959 3442; x_wconf 87' lang='lat' dir='ltr'><strong>pag.</strong></span> <span class='ocrx_word' id='word_1_454' title='bbox 994 3372 1405 3441; x_wconf 87' lang='lat' dir='ltr'><strong>designamus;</strong></span> <span class='ocrx_word' id='word_1_455' title='bbox 1438 3372 1499 3425; x_wconf 70' lang='grc' dir='ltr'><strong>Β.</strong></span> <span class='ocrx_word' id='word_1_456' title='bbox 1534 3374 1694 3424; x_wconf 90' lang='lat' dir='ltr'><strong>notat</strong></span> <span class='ocrx_word' id='word_1_457' title='bbox 1715 3371 1841 3425; x_wconf 89' lang='lat' dir='ltr'><strong>cod.</strong></span> <span class='ocrx_word' id='word_1_458' title='bbox 1868 3369 2097 3441; x_wconf 76' lang='lat' dir='ltr'><strong>Reginae</strong></span> <span class='ocrx_word' id='word_1_459' title='bbox 2129 3362 2171 3427; x_wconf 86' lang='lat' dir='ltr'>C</span> <span class='ocrx_word' id='word_1_460' title='bbox 2210 3369 2569 3440; x_wconf 88' lang='lat' dir='ltr'><strong>comparanti</strong></span> <span class='ocrx_word' id='word_1_461' title='bbox 2607 3385 2718 3423; x_wconf 91' lang='lat' dir='ltr'><strong>non</strong></span> <span class='ocrx_word' id='word_1_462' title='bbox 2749 3368 2827 3423; x_wconf 89' lang='lat' dir='ltr'><strong>sit</strong></span> <span class='ocrx_word' id='word_1_463' title='bbox 2856 3369 3111 3439; x_wconf 83' lang='lat' dir='ltr'><strong>difﬁcile,</strong></span> <span class='ocrx_word' id='word_1_464' title='bbox 3170 3369 3305 3423; x_wconf 83' lang='grc' dir='ltr'><strong>κατὰ</strong></span> <span class='ocrx_word' id='word_1_465' title='bbox 3359 3366 3501 3423; x_wconf 84' lang='grc' dir='ltr'>πόδα</span> <span class='ocrx_word' id='word_1_466' title='bbox 3549 3370 3734 3442; x_wconf 86' lang='lat' dir='ltr'><strong>sequi.</strong></span> <span class='ocrx_word' id='word_1_467' title='bbox 3770 3373 3856 3425; x_wconf 86' lang='lat' dir='ltr'><strong>Tu</strong></span> 
     </span>
    </p>
   </div>
   <div class='ocr_carea' id='block_1_65' title="bbox 454 3452 2096 3531">
    <p class='ocr_par' dir='ltr' id='par_1_65' title="bbox 454 3452 2096 3531">
     <span class='ocr_line' id='line_1_66' title="bbox 454 3452 2096 3531; baseline 0 -18"><span class='ocrx_word' id='word_1_468' title='bbox 454 3459 660 3514; x_wconf 82' lang='lat' dir='ltr'><strong>matris</strong></span> <span class='ocrx_word' id='word_1_469' title='bbox 696 3459 1019 3513; x_wconf 88' lang='lat' dir='ltr'><strong>Mediceum</strong></span> <span class='ocrx_word' id='word_1_470' title='bbox 1051 3476 1079 3514; x_wconf 93' lang='lat' dir='ltr'><strong>e</strong></span> <span class='ocrx_word' id='word_1_471' title='bbox 1110 3459 1467 3515; x_wconf 89' lang='lat' dir='ltr'><strong>Bibliotheca</strong></span> <span class='ocrx_word' id='word_1_472' title='bbox 1510 3458 1610 3513; x_wconf 90' lang='lat' dir='ltr'><strong>illa</strong></span> <span class='ocrx_word' id='word_1_473' title='bbox 1662 3452 2000 3531; x_wconf 74' lang='grc' dir='ltr'><strong>πὲριϐοήτῳ.</strong></span> <span class='ocrx_word' id='word_1_474' title='bbox 2034 3460 2096 3513; x_wconf 88' lang='grc' dir='ltr'><strong>Ρ.</strong></span> 
     </span>
    </p>
   </div>
   <div class='ocr_carea' id='block_1_66' title="bbox 454 3547 2105 3620">
    <p class='ocr_par' dir='ltr' id='par_1_66' title="bbox 454 3547 2105 3620">
     <span class='ocr_line' id='line_1_67' title="bbox 454 3547 2105 3620; baseline 0.001 -18"><span class='ocrx_word' id='word_1_475' title='bbox 454 3549 793 3604; x_wconf 86' lang='lat' dir='ltr'><strong>varietatem</strong></span> <span class='ocrx_word' id='word_1_476' title='bbox 823 3548 1163 3620; x_wconf 88' lang='lat' dir='ltr'><strong>lectionum,</strong></span> <span class='ocrx_word' id='word_1_477' title='bbox 1189 3566 1335 3620; x_wconf 89' lang='lat' dir='ltr'><strong>quas</strong></span> <span class='ocrx_word' id='word_1_478' title='bbox 1368 3548 1507 3603; x_wconf 93' lang='lat' dir='ltr'><strong>olim</strong></span> <span class='ocrx_word' id='word_1_479' title='bbox 1532 3547 1908 3603; x_wconf 90' lang='lat' dir='ltr'><strong>doctissimus</strong></span> <span class='ocrx_word' id='word_1_480' title='bbox 1938 3548 2105 3603; x_wconf 85' lang='lat' dir='ltr'><strong>Jaco-</strong></span> 
     </span>
    </p>
   </div>
   <div class='ocr_carea' id='block_1_67' title="bbox 2213 3456 3856 3529">
    <p class='ocr_par' dir='ltr' id='par_1_67' title="bbox 2213 3456 3856 3529">
     <span class='ocr_line' id='line_1_68' title="bbox 2213 3456 3856 3529; baseline 0.001 -17"><span class='ocrx_word' id='word_1_481' title='bbox 2213 3463 2407 3513; x_wconf 89' lang='lat' dir='ltr'><strong>autem</strong></span> <span class='ocrx_word' id='word_1_482' title='bbox 2443 3457 2552 3524; x_wconf 88' lang='lat' dir='ltr'><strong>his,</strong></span> <span class='ocrx_word' id='word_1_483' title='bbox 2586 3456 2785 3524; x_wconf 87' lang='lat' dir='ltr'><strong>lector,</strong></span> <span class='ocrx_word' id='word_1_484' title='bbox 2819 3463 2999 3529; x_wconf 90' lang='lat' dir='ltr'><strong>utere,</strong></span> <span class='ocrx_word' id='word_1_485' title='bbox 3034 3459 3222 3515; x_wconf 90' lang='lat' dir='ltr'><strong>fruere</strong></span> <span class='ocrx_word' id='word_1_486' title='bbox 3253 3460 3327 3515; x_wconf 88' lang='lat' dir='ltr'><strong>ad</strong></span> <span class='ocrx_word' id='word_1_487' title='bbox 3347 3464 3509 3515; x_wconf 91' lang='lat' dir='ltr'><strong>tuam</strong></span> <span class='ocrx_word' id='word_1_488' title='bbox 3543 3459 3856 3515; x_wconf 84' lang='lat' dir='ltr'><strong>utilitatem</strong></span> 
     </span>
    </p>
   </div>
   <div class='ocr_carea' id='block_1_68' title="bbox 2217 3545 2786 3619">
    <p class='ocr_par' dir='ltr' id='par_1_68' title="bbox 2217 3545 2786 3619">
     <span class='ocr_line' id='line_1_69' title="bbox 2217 3545 2786 3619; baseline 0 -17"><span class='ocrx_word' id='word_1_489' title='bbox 2217 3546 2591 3619; x_wconf 85' lang='lat' dir='ltr'><strong>comparatis.</strong></span> <span class='ocrx_word' id='word_1_490' title='bbox 2626 3545 2786 3602; x_wconf 88' lang='lat' dir='ltr'><strong>Vale.</strong></span> 
     </span>
    </p>
   </div>
   <div class='ocr_carea' id='block_1_69' title="bbox 1003 3876 3323 3928">
    <p class='ocr_par' dir='ltr' id='par_1_69' title="bbox 1003 3876 3323 3928">
     <span class='ocr_line' id='line_1_70' title="bbox 1003 3876 3323 3928; baseline -0.002 -7"><span class='ocrx_word' id='word_1_491' title='bbox 1003 3882 1286 3921; x_wconf 80' lang='lat' dir='ltr'><strong>GREGORIO</strong></span> <span class='ocrx_word' id='word_1_492' title='bbox 1323 3881 1427 3920; x_wconf 82' lang='lat' dir='ltr'><strong>XIII</strong></span> <span class='ocrx_word' id='word_1_493' title='bbox 1468 3878 1748 3919; x_wconf 79' lang='lat' dir='ltr'><strong>PONTIFICI</strong></span> <span class='ocrx_word' id='word_1_494' title='bbox 1789 3877 2017 3916; x_wconf 77' lang='lat' dir='ltr'><strong>MAXIMO</strong></span> <span class='ocrx_word' id='word_1_495' title='bbox 2053 3876 2370 3922; x_wconf 76' lang='lat' dir='ltr'><strong>TOTIUSQUE</strong></span> <span class='ocrx_word' id='word_1_496' title='bbox 2408 3878 2682 3916; x_wconf 65' lang='lat' dir='ltr'><strong>ECCLESIE</strong></span> <span class='ocrx_word' id='word_1_497' title='bbox 2721 3879 2888 3918; x_wconf 73' lang='lat' dir='ltr'><strong>PATRI</strong></span> <span class='ocrx_word' id='word_1_498' title='bbox 2928 3878 3323 3928; x_wconf 81' lang='lat' dir='ltr'><strong>SANCTISSIMO,</strong></span> 
     </span>
    </p>
   </div>
   <div class='ocr_carea' id='block_1_70' title="bbox 1586 3974 2737 4015">
    <p class='ocr_par' dir='ltr' id='par_1_70' title="bbox 1586 3974 2737 4015">
     <span class='ocr_line' id='line_1_71' title="bbox 1586 3974 2737 4015; baseline 0 0"><span class='ocrx_word' id='word_1_499' title='bbox 1586 3976 1899 4015; x_wconf 83' lang='lat' dir='ltr'><strong>GILBERTUS</strong></span> <span class='ocrx_word' id='word_1_500' title='bbox 1938 3974 2351 4013; x_wconf 75' lang='lat' dir='ltr'><strong>GENEBRARDUS</strong></span> <span class='ocrx_word' id='word_1_501' title='bbox 2390 3976 2456 4013; x_wconf 83' lang='lat' dir='ltr'><strong>ET</strong></span> <span class='ocrx_word' id='word_1_502' title='bbox 2492 3976 2737 4015; x_wconf 80' lang='lat' dir='ltr'><strong>JOANNES</strong></span> 
     </span>
    </p>
   </div>
   <div class='ocr_carea' id='block_1_71' title="bbox 1866 4072 2450 4127">
    <p class='ocr_par' dir='ltr' id='par_1_71' title="bbox 1866 4072 2450 4127">
     <span class='ocr_line' id='line_1_72' title="bbox 1866 4072 2450 4127; baseline -0.002 -16"><span class='ocrx_word' id='word_1_503' title='bbox 1866 4072 2219 4127; x_wconf 63' lang='lat' dir='ltr'><strong>cannons,</strong></span> <span class='ocrx_word' id='word_1_504' title='bbox 2258 4074 2312 4111; x_wconf 79' lang='grc' dir='ltr'><strong>Τ.</strong></span> <span class='ocrx_word' id='word_1_505' title='bbox 2356 4073 2450 4111; x_wconf 87' lang='lat' dir='ltr'><strong>no.</strong></span> 
     </span>
    </p>
   </div>
   <div class='ocr_carea' id='block_1_72' title="bbox 1482 4206 2841 4281">
    <p class='ocr_par' dir='ltr' id='par_1_72' title="bbox 1482 4206 2841 4281">
     <span class='ocr_line' id='line_1_73' title="bbox 1482 4206 2841 4281; baseline -0.001 -15"><span class='ocrx_word' id='word_1_506' title='bbox 1482 4211 1564 4266; x_wconf 82' lang='lat' dir='ltr'><strong>Ex</strong></span> <span class='ocrx_word' id='word_1_507' title='bbox 1594 4211 1745 4265; x_wconf 90' lang='lat' dir='ltr'><strong>Edit.</strong></span> <span class='ocrx_word' id='word_1_508' title='bbox 1777 4206 1957 4263; x_wconf 88' lang='lat' dir='ltr'><strong>Nivel.</strong></span> <span class='ocrx_word' id='word_1_509' title='bbox 1983 4206 2141 4274; x_wconf 74' lang='grc'><strong>4485,</strong></span> <span class='ocrx_word' id='word_1_510' title='bbox 2176 4206 2377 4262; x_wconf 89' lang='lat' dir='ltr'><strong>Morel.</strong></span> <span class='ocrx_word' id='word_1_511' title='bbox 2402 4206 2542 4263; x_wconf 77' lang='grc'><strong>4609</strong></span> <span class='ocrx_word' id='word_1_512' title='bbox 2570 4212 2627 4264; x_wconf 91' lang='lat' dir='ltr'><strong>et</strong></span> <span class='ocrx_word' id='word_1_513' title='bbox 2658 4209 2841 4281; x_wconf 81' lang='grc'><strong>1630.)</strong></span> 
     </span>
    </p>
   </div>
   <div class='ocr_carea' id='block_1_73' title="bbox 536 4476 3870 4556">
    <p class='ocr_par' dir='ltr' id='par_1_73' title="bbox 536 4476 3870 4556">
     <span class='ocr_line' id='line_1_74' title="bbox 536 4476 3870 4556; baseline -0.002 -18"><span class='ocrx_word' id='word_1_514' title='bbox 536 4484 733 4539; x_wconf 85' lang='lat' dir='ltr'><strong>Multis</strong></span> <span class='ocrx_word' id='word_1_515' title='bbox 763 4485 1156 4556; x_wconf 87' lang='lat' dir='ltr'><strong>gravibusque</strong></span> <span class='ocrx_word' id='word_1_516' title='bbox 1186 4482 1380 4539; x_wconf 87' lang='lat' dir='ltr'><strong>causis</strong></span> <span class='ocrx_word' id='word_1_517' title='bbox 1411 4480 1647 4537; x_wconf 86' lang='lat' dir='ltr'><strong>adducti</strong></span> <span class='ocrx_word' id='word_1_518' title='bbox 1706 4496 1930 4547; x_wconf 89' lang='lat' dir='ltr'><strong>sumus,</strong></span> <span class='ocrx_word' id='word_1_519' title='bbox 1966 4492 2099 4532; x_wconf 83' lang='lat' dir='ltr'><strong>san-</strong></span> <span class='ocrx_word' id='word_1_520' title='bbox 2133 4476 2181 4541; x_wconf 94' lang='lat' dir='ltr'><strong>D</strong></span> <span class='ocrx_word' id='word_1_521' title='bbox 2212 4477 2548 4545; x_wconf 83' lang='lat' dir='ltr'><strong>ostendunt,</strong></span> <span class='ocrx_word' id='word_1_522' title='bbox 2582 4483 2645 4535; x_wconf 92' lang='lat' dir='ltr'><strong>ut</strong></span> <span class='ocrx_word' id='word_1_523' title='bbox 2675 4480 2859 4535; x_wconf 90' lang='lat' dir='ltr'><strong>sancti</strong></span> <span class='ocrx_word' id='word_1_524' title='bbox 2894 4485 3275 4536; x_wconf 89' lang='lat' dir='ltr'><strong>monumenta</strong></span> <span class='ocrx_word' id='word_1_525' title='bbox 3302 4479 3563 4551; x_wconf 88' lang='lat' dir='ltr'><strong>undique</strong></span> <span class='ocrx_word' id='word_1_526' title='bbox 3611 4480 3732 4535; x_wconf 89' lang='lat' dir='ltr'><strong>tuis</strong></span> <span class='ocrx_word' id='word_1_527' title='bbox 3779 4479 3870 4532; x_wconf 90' lang='lat' dir='ltr'><strong>in-</strong></span> 
     </span>
    </p>
   </div>
   <div class='ocr_carea' id='block_1_74' title="bbox 470 4568 2113 4641">
    <p class='ocr_par' dir='ltr' id='par_1_74' title="bbox 470 4568 2113 4641">
     <span class='ocr_line' id='line_1_75' title="bbox 470 4568 2113 4641; baseline -0.003 -15"><span class='ocrx_word' id='word_1_528' title='bbox 470 4572 727 4627; x_wconf 82' lang='lat' dir='ltr'><strong>ctissime</strong></span> <span class='ocrx_word' id='word_1_529' title='bbox 758 4573 1038 4641; x_wconf 86' lang='lat' dir='ltr'><strong>Pontifex,</strong></span> <span class='ocrx_word' id='word_1_530' title='bbox 1093 4577 1157 4627; x_wconf 90' lang='lat' dir='ltr'><strong>ut</strong></span> <span class='ocrx_word' id='word_1_531' title='bbox 1204 4575 1261 4627; x_wconf 91' lang='lat' dir='ltr'><strong>in</strong></span> <span class='ocrx_word' id='word_1_532' title='bbox 1311 4576 1411 4627; x_wconf 93' lang='lat' dir='ltr'><strong>tuo</strong></span> <span class='ocrx_word' id='word_1_533' title='bbox 1450 4570 1825 4626; x_wconf 87' lang='lat' dir='ltr'><strong>sanctissimo</strong></span> <span class='ocrx_word' id='word_1_534' title='bbox 1876 4568 2113 4623; x_wconf 86' lang='lat' dir='ltr'><strong>nomine</strong></span> 
     </span>
    </p>
   </div>
   <div class='ocr_carea' id='block_1_75' title="bbox 472 4656 2112 4733">
    <p class='ocr_par' dir='ltr' id='par_1_75' title="bbox 472 4656 2112 4733">
     <span class='ocr_line' id='line_1_76' title="bbox 472 4656 2112 4733; baseline -0.003 -18"><span class='ocrx_word' id='word_1_535' title='bbox 472 4661 618 4715; x_wconf 90' lang='lat' dir='ltr'><strong>hanc</strong></span> <span class='ocrx_word' id='word_1_536' title='bbox 650 4678 874 4728; x_wconf 87' lang='lat' dir='ltr'><strong>novam,</strong></span> <span class='ocrx_word' id='word_1_537' title='bbox 908 4664 1159 4733; x_wconf 88' lang='lat' dir='ltr'><strong>plenam,</strong></span> <span class='ocrx_word' id='word_1_538' title='bbox 1215 4662 1527 4732; x_wconf 83' lang='lat' dir='ltr'><strong>perfectam</strong></span> <span class='ocrx_word' id='word_1_539' title='bbox 1584 4662 1645 4715; x_wconf 94' lang='lat' dir='ltr'><strong>D.</strong></span> <span class='ocrx_word' id='word_1_540' title='bbox 1693 4657 1951 4730; x_wconf 88' lang='lat' dir='ltr'><strong>Gregorii</strong></span> <span class='ocrx_word' id='word_1_541' title='bbox 2004 4656 2112 4711; x_wconf 86' lang='lat' dir='ltr'><strong>Na-</strong></span> 
     </span>
    </p>
   </div>
   <div class='ocr_carea' id='block_1_76' title="bbox 463 4745 2109 4822">
    <p class='ocr_par' dir='ltr' id='par_1_76' title="bbox 463 4745 2109 4822">
     <span class='ocr_line' id='line_1_77' title="bbox 463 4745 2109 4822; baseline -0.004 -17"><span class='ocrx_word' id='word_1_542' title='bbox 463 4750 720 4805; x_wconf 89' lang='lat' dir='ltr'><strong>zianzeni</strong></span> <span class='ocrx_word' id='word_1_543' title='bbox 768 4751 1203 4807; x_wconf 88' lang='lat' dir='ltr'><strong>conversionem</strong></span> <span class='ocrx_word' id='word_1_544' title='bbox 1254 4766 1529 4822; x_wconf 87' lang='lat' dir='ltr'><strong>apparere</strong></span> <span class='ocrx_word' id='word_1_545' title='bbox 1603 4750 1945 4803; x_wconf 87' lang='lat' dir='ltr'><strong>faceremus.</strong></span> <span class='ocrx_word' id='word_1_546' title='bbox 1988 4745 2109 4800; x_wconf 90' lang='lat' dir='ltr'><strong>Pri-</strong></span> 
     </span>
    </p>
   </div>
   <div class='ocr_carea' id='block_1_77' title="bbox 467 4834 2114 4911">
    <p class='ocr_par' dir='ltr' id='par_1_77' title="bbox 467 4834 2114 4911">
     <span class='ocr_line' id='line_1_78' title="bbox 467 4834 2114 4911; baseline -0.004 -17"><span class='ocrx_word' id='word_1_547' title='bbox 467 4857 627 4895; x_wconf 80' lang='lat' dir='ltr'><strong>mum</strong></span> <span class='ocrx_word' id='word_1_548' title='bbox 664 4840 784 4895; x_wconf 66' lang='lat' dir='ltr'><strong>haec</strong></span> <span class='ocrx_word' id='word_1_549' title='bbox 816 4846 1099 4911; x_wconf 87' lang='lat' dir='ltr'><strong>perpetua</strong></span> <span class='ocrx_word' id='word_1_550' title='bbox 1132 4839 1240 4893; x_wconf 90' lang='lat' dir='ltr'><strong>fuit</strong></span> <span class='ocrx_word' id='word_1_551' title='bbox 1270 4845 1324 4894; x_wconf 89' lang='lat' dir='ltr'><strong>et</strong></span> <span class='ocrx_word' id='word_1_552' title='bbox 1382 4843 1657 4893; x_wconf 88' lang='lat' dir='ltr'><strong>constans</strong></span> <span class='ocrx_word' id='word_1_553' title='bbox 1699 4834 2023 4892; x_wconf 89' lang='lat' dir='ltr'><strong>doctissimi</strong></span> <span class='ocrx_word' id='word_1_554' title='bbox 2055 4840 2114 4889; x_wconf 89' lang='lat' dir='ltr'><strong>et</strong></span> 
     </span>
    </p>
   </div>
   <div class='ocr_carea' id='block_1_78' title="bbox 468 4927 2109 5001">
    <p class='ocr_par' dir='ltr' id='par_1_78' title="bbox 468 4927 2109 5001">
     <span class='ocr_line' id='line_1_79' title="bbox 468 4927 2109 5001; baseline -0.003 -17"><span class='ocrx_word' id='word_1_555' title='bbox 468 4929 817 4985; x_wconf 88' lang='lat' dir='ltr'><strong>nobilissimi</strong></span> <span class='ocrx_word' id='word_1_556' title='bbox 865 4928 1200 5001; x_wconf 80' lang='lat' dir='ltr'><strong>interpretis</strong></span> <span class='ocrx_word' id='word_1_557' title='bbox 1250 4927 1404 4983; x_wconf 91' lang='lat' dir='ltr'><strong>Billii</strong></span> <span class='ocrx_word' id='word_1_558' title='bbox 1435 4927 1723 4997; x_wconf 86' lang='lat' dir='ltr'><strong>voluntas,</strong></span> <span class='ocrx_word' id='word_1_559' title='bbox 1782 4928 1951 4996; x_wconf 88' lang='lat' dir='ltr'><strong>cujus</strong></span> <span class='ocrx_word' id='word_1_560' title='bbox 2012 4942 2109 4980; x_wconf 90' lang='lat' dir='ltr'><strong>su-</strong></span> 
     </span>
    </p>
   </div>
   <div class='ocr_carea' id='block_1_79' title="bbox 467 5015 2114 5091">
    <p class='ocr_par' dir='ltr' id='par_1_79' title="bbox 467 5015 2114 5091">
     <span class='ocr_line' id='line_1_80' title="bbox 467 5015 2114 5091; baseline -0.003 -19"><span class='ocrx_word' id='word_1_561' title='bbox 467 5021 684 5091; x_wconf 91' lang='lat' dir='ltr'><strong>premis</strong></span> <span class='ocrx_word' id='word_1_562' title='bbox 717 5019 867 5073; x_wconf 83' lang='lat' dir='ltr'><strong>votis</strong></span> <span class='ocrx_word' id='word_1_563' title='bbox 900 5019 1143 5074; x_wconf 89' lang='lat' dir='ltr'><strong>minime</strong></span> <span class='ocrx_word' id='word_1_564' title='bbox 1174 5022 1475 5089; x_wconf 88' lang='lat' dir='ltr'><strong>parentare</strong></span> <span class='ocrx_word' id='word_1_565' title='bbox 1498 5016 1660 5071; x_wconf 83' lang='lat' dir='ltr'><strong>nefas</strong></span> <span class='ocrx_word' id='word_1_566' title='bbox 1678 5032 1806 5071; x_wconf 89' lang='lat' dir='ltr'><strong>esse</strong></span> <span class='ocrx_word' id='word_1_567' title='bbox 1838 5015 2114 5069; x_wconf 82' lang='lat' dir='ltr'><strong>duximus</strong></span> 
     </span>
    </p>
   </div>
   <div class='ocr_carea' id='block_1_80' title="bbox 466 5103 2114 5179">
    <p class='ocr_par' dir='ltr' id='par_1_80' title="bbox 466 5103 2114 5179">
     <span class='ocr_line' id='line_1_81' title="bbox 466 5103 2114 5179; baseline -0.004 -18"><span class='ocrx_word' id='word_1_568' title='bbox 466 5108 789 5179; x_wconf 65' lang='lat' dir='ltr'><strong>praesertim</strong></span> <span class='ocrx_word' id='word_1_569' title='bbox 822 5124 954 5161; x_wconf 91' lang='lat' dir='ltr'><strong>cum</strong></span> <span class='ocrx_word' id='word_1_570' title='bbox 991 5123 1179 5177; x_wconf 90' lang='lat' dir='ltr'><strong>neque</strong></span> <span class='ocrx_word' id='word_1_571' title='bbox 1218 5107 1530 5177; x_wconf 60' lang='lat' dir='ltr'><strong>aequiorem</strong></span> <span class='ocrx_word' id='word_1_572' title='bbox 1591 5122 1709 5159; x_wconf 64' lang='lat' dir='ltr'><strong>suae</strong></span> <span class='ocrx_word' id='word_1_573' title='bbox 1768 5103 2114 5158; x_wconf 79' lang='lat' dir='ltr'><strong>eruditionis</strong></span> 
     </span>
    </p>
   </div>
   <div class='ocr_carea' id='block_1_81' title="bbox 467 5192 2112 5266">
    <p class='ocr_par' dir='ltr' id='par_1_81' title="bbox 467 5192 2112 5266">
     <span class='ocr_line' id='line_1_82' title="bbox 467 5192 2112 5266; baseline -0.003 -16"><span class='ocrx_word' id='word_1_574' title='bbox 467 5202 802 5266; x_wconf 87' lang='lat' dir='ltr'><strong>patronum,</strong></span> <span class='ocrx_word' id='word_1_575' title='bbox 866 5212 1054 5265; x_wconf 87' lang='lat' dir='ltr'><strong>neque</strong></span> <span class='ocrx_word' id='word_1_576' title='bbox 1102 5194 1486 5266; x_wconf 90' lang='lat' dir='ltr'><strong>potentiorem</strong></span> <span class='ocrx_word' id='word_1_577' title='bbox 1556 5210 1798 5248; x_wconf 91' lang='lat' dir='ltr'><strong>suorum</strong></span> <span class='ocrx_word' id='word_1_578' title='bbox 1850 5192 2112 5247; x_wconf 89' lang='lat' dir='ltr'><strong>laborum</strong></span> 
     </span>
    </p>
   </div>
   <div class='ocr_carea' id='block_1_82' title="bbox 467 5281 2115 5356">
    <p class='ocr_par' dir='ltr' id='par_1_82' title="bbox 467 5281 2115 5356">
     <span class='ocr_line' id='line_1_83' title="bbox 467 5281 2115 5356; baseline -0.003 -18"><span class='ocrx_word' id='word_1_579' title='bbox 467 5290 985 5356; x_wconf 88' lang='lat' dir='ltr'><strong>propugnatorem,</strong></span> <span class='ocrx_word' id='word_1_580' title='bbox 1007 5300 1194 5355; x_wconf 91' lang='lat' dir='ltr'><strong>neque</strong></span> <span class='ocrx_word' id='word_1_581' title='bbox 1216 5282 1704 5338; x_wconf 87' lang='lat' dir='ltr'><strong>vehementiorem</strong></span> <span class='ocrx_word' id='word_1_582' title='bbox 1747 5282 1837 5335; x_wconf 90' lang='lat' dir='ltr'><strong>sui</strong></span> <span class='ocrx_word' id='word_1_583' title='bbox 1870 5281 2115 5335; x_wconf 85' lang='lat' dir='ltr'><strong>Nazian-</strong></span> 
     </span>
    </p>
   </div>
   <div class='ocr_carea' id='block_1_83' title="bbox 467 5369 2115 5444">
    <p class='ocr_par' dir='ltr' id='par_1_83' title="bbox 467 5369 2115 5444">
     <span class='ocr_line' id='line_1_84' title="bbox 467 5369 2115 5444; baseline -0.003 -18"><span class='ocrx_word' id='word_1_584' title='bbox 467 5374 590 5427; x_wconf 89' lang='lat' dir='ltr'><strong>zeni</strong></span> <span class='ocrx_word' id='word_1_585' title='bbox 624 5374 931 5437; x_wconf 87' lang='lat' dir='ltr'><strong>cultorem,</strong></span> <span class='ocrx_word' id='word_1_586' title='bbox 968 5390 1155 5444; x_wconf 90' lang='lat' dir='ltr'><strong>neque</strong></span> <span class='ocrx_word' id='word_1_587' title='bbox 1186 5373 1527 5428; x_wconf 89' lang='lat' dir='ltr'><strong>similiorem</strong></span> <span class='ocrx_word' id='word_1_588' title='bbox 1569 5389 1686 5427; x_wconf 66' lang='lat' dir='ltr'><strong>suae</strong></span> <span class='ocrx_word' id='word_1_589' title='bbox 1732 5371 1932 5425; x_wconf 86' lang='lat' dir='ltr'><strong>virtuti</strong></span> <span class='ocrx_word' id='word_1_590' title='bbox 1963 5369 2115 5423; x_wconf 86' lang='lat' dir='ltr'><strong>anti-</strong></span> 
     </span>
    </p>
   </div>
   <div class='ocr_carea' id='block_1_84' title="bbox 467 5459 2118 5533">
    <p class='ocr_par' dir='ltr' id='par_1_84' title="bbox 467 5459 2118 5533">
     <span class='ocr_line' id='line_1_85' title="bbox 467 5459 2118 5533; baseline -0.004 -16"><span class='ocrx_word' id='word_1_591' title='bbox 467 5464 661 5517; x_wconf 85' lang='lat' dir='ltr'><strong>stitem</strong></span> <span class='ocrx_word' id='word_1_592' title='bbox 697 5463 955 5518; x_wconf 82' lang='lat' dir='ltr'><strong>nancisci</strong></span> <span class='ocrx_word' id='word_1_593' title='bbox 991 5468 1202 5533; x_wconf 88' lang='lat' dir='ltr'><strong>posset.</strong></span> <span class='ocrx_word' id='word_1_594' title='bbox 1238 5462 1449 5516; x_wconf 87' lang='lat' dir='ltr'><strong>Deinde</strong></span> <span class='ocrx_word' id='word_1_595' title='bbox 1479 5461 1755 5532; x_wconf 89' lang='lat' dir='ltr'><strong>quoniam</strong></span> <span class='ocrx_word' id='word_1_596' title='bbox 1791 5465 1845 5513; x_wconf 92' lang='lat' dir='ltr'><strong>te</strong></span> <span class='ocrx_word' id='word_1_597' title='bbox 1877 5459 2118 5512; x_wconf 82' lang='lat' dir='ltr'><strong>mirifice</strong></span> 
     </span>
    </p>
   </div>
   <div class='ocr_carea' id='block_1_85' title="bbox 468 5548 2119 5622">
    <p class='ocr_par' dir='ltr' id='par_1_85' title="bbox 468 5548 2119 5622">
     <span class='ocr_line' id='line_1_86' title="bbox 468 5548 2119 5622; baseline -0.003 -16"><span class='ocrx_word' id='word_1_598' title='bbox 468 5558 689 5606; x_wconf 86' lang='lat' dir='ltr'><strong>recreat</strong></span> <span class='ocrx_word' id='word_1_599' title='bbox 715 5569 780 5606; x_wconf 90' lang='lat' dir='ltr'><strong>ac</strong></span> <span class='ocrx_word' id='word_1_600' title='bbox 815 5552 998 5606; x_wconf 85' lang='lat' dir='ltr'><strong>reﬁcit</strong></span> <span class='ocrx_word' id='word_1_601' title='bbox 1038 5552 1216 5621; x_wconf 87' lang='lat' dir='ltr'><strong>hujus</strong></span> <span class='ocrx_word' id='word_1_602' title='bbox 1245 5549 1503 5622; x_wconf 85' lang='lat' dir='ltr'><strong>Gregorii</strong></span> <span class='ocrx_word' id='word_1_603' title='bbox 1556 5566 1789 5615; x_wconf 91' lang='lat' dir='ltr'><strong>nomen,</strong></span> <span class='ocrx_word' id='word_1_604' title='bbox 1833 5554 1895 5602; x_wconf 92' lang='lat' dir='ltr'><strong>ut</strong></span> <span class='ocrx_word' id='word_1_605' title='bbox 1927 5548 2119 5602; x_wconf 59' lang='lat' dir='ltr'><strong>Romae</strong></span> 
     </span>
    </p>
   </div>
   <div class='ocr_carea' id='block_1_86' title="bbox 468 5636 2121 5712">
    <p class='ocr_par' dir='ltr' id='par_1_86' title="bbox 468 5636 2121 5712">
     <span class='ocr_line' id='line_1_87' title="bbox 468 5636 2121 5712; baseline -0.004 -16"><span class='ocrx_word' id='word_1_606' title='bbox 468 5641 885 5712; x_wconf 85' lang='lat' dir='ltr'><strong>Gregorianurn</strong></span> <span class='ocrx_word' id='word_1_607' title='bbox 919 5640 1202 5695; x_wconf 89' lang='lat' dir='ltr'><strong>sacellum</strong></span> <span class='ocrx_word' id='word_1_608' title='bbox 1237 5644 1352 5694; x_wconf 89' lang='lat' dir='ltr'><strong>ate</strong></span> <span class='ocrx_word' id='word_1_609' title='bbox 1393 5638 1811 5711; x_wconf 89' lang='lat' dir='ltr'><strong>augustissime</strong></span> <span class='ocrx_word' id='word_1_610' title='bbox 1841 5642 1895 5691; x_wconf 90' lang='lat' dir='ltr'><strong>et</strong></span> <span class='ocrx_word' id='word_1_611' title='bbox 1928 5636 2121 5691; x_wconf 88' lang='lat' dir='ltr'><strong>muni-</strong></span> 
     </span>
    </p>
   </div>
   <div class='ocr_carea' id='block_1_87' title="bbox 472 5725 2121 5798">
    <p class='ocr_par' dir='ltr' id='par_1_87' title="bbox 472 5725 2121 5798">
     <span class='ocr_line' id='line_1_88' title="bbox 472 5725 2121 5798; baseline -0.003 -14"><span class='ocrx_word' id='word_1_612' title='bbox 472 5730 853 5786; x_wconf 85' lang='lat' dir='ltr'><strong>ficentissime</strong></span> <span class='ocrx_word' id='word_1_613' title='bbox 884 5730 1204 5785; x_wconf 88' lang='lat' dir='ltr'><strong>excitatum</strong></span> <span class='ocrx_word' id='word_1_614' title='bbox 1233 5727 1969 5797; x_wconf 82' lang='lat' dir='ltr'><strong>declarat,utsanctissima</strong></span> <span class='ocrx_word' id='word_1_615' title='bbox 1993 5725 2121 5798; x_wconf 80' lang='lat' dir='ltr'><strong>pul-</strong></span> 
     </span>
    </p>
   </div>
   <div class='ocr_carea' id='block_1_88' title="bbox 468 5816 2124 5890">
    <p class='ocr_par' dir='ltr' id='par_1_88' title="bbox 468 5816 2124 5890">
     <span class='ocr_line' id='line_1_89' title="bbox 468 5816 2124 5890; baseline -0.002 -18"><span class='ocrx_word' id='word_1_616' title='bbox 468 5818 695 5874; x_wconf 87' lang='lat' dir='ltr'><strong>vinaria</strong></span> <span class='ocrx_word' id='word_1_617' title='bbox 724 5818 861 5874; x_wconf 92' lang='lat' dir='ltr'><strong>huic</strong></span> <span class='ocrx_word' id='word_1_618' title='bbox 891 5818 1021 5874; x_wconf 88' lang='lat' dir='ltr'><strong>divo</strong></span> <span class='ocrx_word' id='word_1_619' title='bbox 1053 5816 1528 5890; x_wconf 88' lang='lat' dir='ltr'><strong>splendidissime</strong></span> <span class='ocrx_word' id='word_1_620' title='bbox 1585 5835 1618 5873; x_wconf 89' lang='lat' dir='ltr'><strong>a</strong></span> <span class='ocrx_word' id='word_1_621' title='bbox 1674 5821 1731 5872; x_wconf 85' lang='lat' dir='ltr'><strong>te</strong></span> <span class='ocrx_word' id='word_1_622' title='bbox 1788 5820 2124 5872; x_wconf 87' lang='lat' dir='ltr'><strong>consecrata</strong></span> 
     </span>
    </p>
   </div>
   <div class='ocr_carea' id='block_1_89' title="bbox 2225 4567 3872 4642">
    <p class='ocr_par' dir='ltr' id='par_1_89' title="bbox 2225 4567 3872 4642">
     <span class='ocr_line' id='line_1_90' title="bbox 2225 4567 3872 4642; baseline 0.001 -21"><span class='ocrx_word' id='word_1_623' title='bbox 2225 4568 2494 4636; x_wconf 85' lang='lat' dir='ltr'><strong>gentibus</strong></span> <span class='ocrx_word' id='word_1_624' title='bbox 2508 4569 2846 4640; x_wconf 87' lang='lat' dir='ltr'><strong>sumptibus</strong></span> <span class='ocrx_word' id='word_1_625' title='bbox 2877 4570 3205 4642; x_wconf 89' lang='lat' dir='ltr'><strong>conquisita</strong></span> <span class='ocrx_word' id='word_1_626' title='bbox 3224 4573 3551 4635; x_wconf 89' lang='lat' dir='ltr'><strong>testantur;</strong></span> <span class='ocrx_word' id='word_1_627' title='bbox 3586 4567 3872 4639; x_wconf 89' lang='lat' dir='ltr'><strong>quidquid</strong></span> 
     </span>
    </p>
   </div>
   <div class='ocr_carea' id='block_1_90' title="bbox 2222 4656 3872 4729">
    <p class='ocr_par' dir='ltr' id='par_1_90' title="bbox 2222 4656 3872 4729">
     <span class='ocr_line' id='line_1_91' title="bbox 2222 4656 3872 4729; baseline -0.001 -19"><span class='ocrx_word' id='word_1_628' title='bbox 2222 4656 2603 4728; x_wconf 88' lang='lat' dir='ltr'><strong>reliquiarum</strong></span> <span class='ocrx_word' id='word_1_629' title='bbox 2634 4660 2763 4728; x_wconf 87' lang='lat' dir='ltr'><strong>ejus</strong></span> <span class='ocrx_word' id='word_1_630' title='bbox 2800 4658 3043 4729; x_wconf 86' lang='lat' dir='ltr'><strong>adipisci</strong></span> <span class='ocrx_word' id='word_1_631' title='bbox 3093 4658 3415 4729; x_wconf 90' lang='lat' dir='ltr'><strong>potuimus,</strong></span> <span class='ocrx_word' id='word_1_632' title='bbox 3448 4658 3504 4713; x_wconf 91' lang='lat' dir='ltr'><strong>in</strong></span> <span class='ocrx_word' id='word_1_633' title='bbox 3563 4661 3729 4711; x_wconf 92' lang='lat' dir='ltr'><strong>tuum</strong></span> <span class='ocrx_word' id='word_1_634' title='bbox 3779 4672 3872 4710; x_wconf 87' lang='lat' dir='ltr'><strong>sa-</strong></span> 
     </span>
    </p>
   </div>
   <div class='ocr_carea' id='block_1_91' title="bbox 2221 4745 3865 4819">
    <p class='ocr_par' dir='ltr' id='par_1_91' title="bbox 2221 4745 3865 4819">
     <span class='ocr_line' id='line_1_92' title="bbox 2221 4745 3865 4819; baseline -0.002 -18"><span class='ocrx_word' id='word_1_635' title='bbox 2221 4762 2384 4801; x_wconf 90' lang='lat' dir='ltr'><strong>crum</strong></span> <span class='ocrx_word' id='word_1_636' title='bbox 2417 4747 2685 4801; x_wconf 74' lang='lat' dir='ltr'><strong>aerarium</strong></span> <span class='ocrx_word' id='word_1_637' title='bbox 2719 4746 2831 4818; x_wconf 92' lang='lat' dir='ltr'><strong>ipsi</strong></span> <span class='ocrx_word' id='word_1_638' title='bbox 2864 4748 3040 4803; x_wconf 90' lang='lat' dir='ltr'><strong>etiam</strong></span> <span class='ocrx_word' id='word_1_639' title='bbox 3096 4752 3553 4819; x_wconf 84' lang='lat' dir='ltr'><strong>comportamus,</strong></span> <span class='ocrx_word' id='word_1_640' title='bbox 3613 4761 3679 4801; x_wconf 87' lang='lat' dir='ltr'><strong>ac</strong></span> <span class='ocrx_word' id='word_1_641' title='bbox 3712 4745 3865 4815; x_wconf 91' lang='lat' dir='ltr'><strong>apud</strong></span> 
     </span>
    </p>
   </div>
   <div class='ocr_carea' id='block_1_92' title="bbox 2223 4833 3870 4907">
    <p class='ocr_par' dir='ltr' id='par_1_92' title="bbox 2223 4833 3870 4907">
     <span class='ocr_line' id='line_1_93' title="bbox 2223 4833 3870 4907; baseline -0.002 -17"><span class='ocrx_word' id='word_1_642' title='bbox 2223 4841 2300 4904; x_wconf 87' lang='lat' dir='ltr'><strong>te,</strong></span> <span class='ocrx_word' id='word_1_643' title='bbox 2332 4840 2613 4907; x_wconf 87' lang='lat' dir='ltr'><strong>tanquam</strong></span> <span class='ocrx_word' id='word_1_644' title='bbox 2645 4836 2995 4892; x_wconf 83' lang='lat' dir='ltr'><strong>fidissimum</strong></span> <span class='ocrx_word' id='word_1_645' title='bbox 3029 4837 3355 4903; x_wconf 90' lang='lat' dir='ltr'><strong>custodem,</strong></span> <span class='ocrx_word' id='word_1_646' title='bbox 3389 4834 3659 4906; x_wconf 88' lang='lat' dir='ltr'><strong>religiose</strong></span> <span class='ocrx_word' id='word_1_647' title='bbox 3691 4833 3870 4905; x_wconf 90' lang='lat' dir='ltr'><strong>depo-</strong></span> 
     </span>
    </p>
   </div>
   <div class='ocr_carea' id='block_1_93' title="bbox 2223 4920 3872 4994">
    <p class='ocr_par' dir='ltr' id='par_1_93' title="bbox 2223 4920 3872 4994">
     <span class='ocr_line' id='line_1_94' title="bbox 2223 4920 3872 4994; baseline -0.004 -15"><span class='ocrx_word' id='word_1_648' title='bbox 2223 4925 2820 4980; x_wconf 78' lang='lat' dir='ltr'><strong>nimus.Godofredus</strong></span> <span class='ocrx_word' id='word_1_649' title='bbox 2845 4924 3051 4979; x_wconf 90' lang='lat' dir='ltr'><strong>Billius</strong></span> <span class='ocrx_word' id='word_1_650' title='bbox 3079 4923 3282 4979; x_wconf 87' lang='lat' dir='ltr'><strong>Jacobi</strong></span> <span class='ocrx_word' id='word_1_651' title='bbox 3316 4920 3652 4994; x_wconf 89' lang='lat' dir='ltr'><strong>interpretis</strong></span> <span class='ocrx_word' id='word_1_652' title='bbox 3677 4921 3872 4985; x_wconf 81' lang='lat' dir='ltr'><strong>frater,</strong></span> 
     </span>
    </p>
   </div>
   <div class='ocr_carea' id='block_1_94' title="bbox 2224 5010 3876 5081">
    <p class='ocr_par' dir='ltr' id='par_1_94' title="bbox 2224 5010 3876 5081">
     <span class='ocr_line' id='line_1_95' title="bbox 2224 5010 3876 5081; baseline -0.004 -12"><span class='ocrx_word' id='word_1_653' title='bbox 2224 5015 2408 5069; x_wconf 90' lang='lat' dir='ltr'><strong>sancti</strong></span> <span class='ocrx_word' id='word_1_654' title='bbox 2438 5014 2725 5069; x_wconf 90' lang='lat' dir='ltr'><strong>Vincentii</strong></span> <span class='ocrx_word' id='word_1_655' title='bbox 2762 5014 3169 5069; x_wconf 87' lang='lat' dir='ltr'><strong>Laudunensis</strong></span> <span class='ocrx_word' id='word_1_656' title='bbox 3201 5012 3405 5075; x_wconf 87' lang='lat' dir='ltr'><strong>abbas,</strong></span> <span class='ocrx_word' id='word_1_657' title='bbox 3439 5027 3472 5065; x_wconf 92' lang='lat' dir='ltr'><strong>a</strong></span> <span class='ocrx_word' id='word_1_658' title='bbox 3503 5010 3673 5065; x_wconf 88' lang='lat' dir='ltr'><strong>nobis</strong></span> <span class='ocrx_word' id='word_1_659' title='bbox 3703 5026 3876 5081; x_wconf 84' lang='lat' dir='ltr'><strong>expe-</strong></span> 
     </span>
    </p>
   </div>
   <div class='ocr_carea' id='block_1_95' title="bbox 2228 5098 3874 5173">
    <p class='ocr_par' dir='ltr' id='par_1_95' title="bbox 2228 5098 3874 5173">
     <span class='ocr_line' id='line_1_96' title="bbox 2228 5098 3874 5173; baseline -0.002 -16"><span class='ocrx_word' id='word_1_660' title='bbox 2228 5103 2315 5158; x_wconf 87' lang='lat' dir='ltr'><strong>tiit</strong></span> <span class='ocrx_word' id='word_1_661' title='bbox 2345 5121 2357 5157; x_wconf 91' lang='lat'>:</span> <span class='ocrx_word' id='word_1_662' title='bbox 2393 5104 2584 5159; x_wconf 78' lang='lat' dir='ltr'><strong>caeteri</strong></span> <span class='ocrx_word' id='word_1_663' title='bbox 2616 5105 2745 5173; x_wconf 85' lang='lat' dir='ltr'><strong>ejus</strong></span> <span class='ocrx_word' id='word_1_664' title='bbox 2777 5101 3197 5173; x_wconf 90' lang='lat' dir='ltr'><strong>consanguinei</strong></span> <span class='ocrx_word' id='word_1_665' title='bbox 3246 5116 3361 5154; x_wconf 91' lang='lat' dir='ltr'><strong>non</strong></span> <span class='ocrx_word' id='word_1_666' title='bbox 3418 5099 3590 5153; x_wconf 92' lang='lat' dir='ltr'><strong>modo</strong></span> <span class='ocrx_word' id='word_1_667' title='bbox 3641 5098 3874 5169; x_wconf 87' lang='lat' dir='ltr'><strong>generis</strong></span> 
     </span>
    </p>
   </div>
   <div class='ocr_carea' id='block_1_96' title="bbox 2226 5186 3873 5263">
    <p class='ocr_par' dir='ltr' id='par_1_96' title="bbox 2226 5186 3873 5263">
     <span class='ocr_line' id='line_1_97' title="bbox 2226 5186 3873 5263; baseline -0.002 -18"><span class='ocrx_word' id='word_1_668' title='bbox 2226 5197 2534 5247; x_wconf 84' lang='lat' dir='ltr'><strong>stemmate</strong></span> <span class='ocrx_word' id='word_1_669' title='bbox 2565 5197 2622 5246; x_wconf 91' lang='lat' dir='ltr'><strong>et</strong></span> <span class='ocrx_word' id='word_1_670' title='bbox 2650 5190 2959 5263; x_wconf 65' lang='lat' dir='ltr'><strong>praecipuie</strong></span> <span class='ocrx_word' id='word_1_671' title='bbox 3004 5190 3165 5262; x_wconf 91' lang='lat' dir='ltr'><strong>regni</strong></span> <span class='ocrx_word' id='word_1_672' title='bbox 3216 5187 3541 5243; x_wconf 83' lang='lat' dir='ltr'><strong>honoribus</strong></span> <span class='ocrx_word' id='word_1_673' title='bbox 3589 5186 3873 5259; x_wconf 86' lang='lat' dir='ltr'><strong>insignes.</strong></span> 
     </span>
    </p>
   </div>
   <div class='ocr_carea' id='block_1_97' title="bbox 2224 5275 3877 5350">
    <p class='ocr_par' dir='ltr' id='par_1_97' title="bbox 2224 5275 3877 5350">
     <span class='ocr_line' id='line_1_98' title="bbox 2224 5275 3877 5350; baseline -0.003 -16"><span class='ocrx_word' id='word_1_674' title='bbox 2224 5298 2424 5335; x_wconf 89' lang='lat' dir='ltr'><strong>verum</strong></span> <span class='ocrx_word' id='word_1_675' title='bbox 2458 5281 2631 5336; x_wconf 87' lang='lat' dir='ltr'><strong>etiam</strong></span> <span class='ocrx_word' id='word_1_676' title='bbox 2667 5280 2950 5335; x_wconf 88' lang='lat' dir='ltr'><strong>catholica</strong></span> <span class='ocrx_word' id='word_1_677' title='bbox 2980 5277 3491 5350; x_wconf 86' lang='lat' dir='ltr'><strong>professione,tota</strong></span> <span class='ocrx_word' id='word_1_678' title='bbox 3520 5275 3707 5331; x_wconf 81' lang='lat' dir='ltr'><strong>Gallia</strong></span> <span class='ocrx_word' id='word_1_679' title='bbox 3737 5291 3877 5329; x_wconf 92' lang='lat' dir='ltr'><strong>con-</strong></span> 
     </span>
    </p>
   </div>
   <div class='ocr_carea' id='block_1_98' title="bbox 2227 5363 3876 5440">
    <p class='ocr_par' dir='ltr' id='par_1_98' title="bbox 2227 5363 3876 5440">
     <span class='ocr_line' id='line_1_99' title="bbox 2227 5363 3876 5440; baseline -0.004 -15"><span class='ocrx_word' id='word_1_680' title='bbox 2227 5370 2435 5440; x_wconf 89' lang='lat' dir='ltr'><strong>spicui,</strong></span> <span class='ocrx_word' id='word_1_681' title='bbox 2469 5370 2619 5425; x_wconf 91' lang='lat' dir='ltr'><strong>hanc</strong></span> <span class='ocrx_word' id='word_1_682' title='bbox 2651 5369 2740 5425; x_wconf 83' lang='lat' dir='ltr'><strong>sui</strong></span> <span class='ocrx_word' id='word_1_683' title='bbox 2784 5368 3044 5425; x_wconf 91' lang='lat' dir='ltr'><strong>vulneris</strong></span> <span class='ocrx_word' id='word_1_684' title='bbox 3076 5384 3106 5423; x_wconf 90' lang='lat' dir='ltr'><strong>e</strong></span> <span class='ocrx_word' id='word_1_685' title='bbox 3156 5366 3302 5421; x_wconf 85' lang='lat' dir='ltr'><strong>tanti</strong></span> <span class='ocrx_word' id='word_1_686' title='bbox 3353 5363 3667 5436; x_wconf 90' lang='lat' dir='ltr'><strong>propinqui</strong></span> <span class='ocrx_word' id='word_1_687' title='bbox 3718 5364 3876 5419; x_wconf 90' lang='lat' dir='ltr'><strong>obitu</strong></span> 
     </span>
    </p>
   </div>
   <div class='ocr_carea' id='block_1_99' title="bbox 2229 5453 3877 5530">
    <p class='ocr_par' dir='ltr' id='par_1_99' title="bbox 2229 5453 3877 5530">
     <span class='ocr_line' id='line_1_100' title="bbox 2229 5453 3877 5530; baseline -0.004 -17"><span class='ocrx_word' id='word_1_688' title='bbox 2229 5458 2447 5530; x_wconf 86' lang='lat' dir='ltr'><strong>accepti</strong></span> <span class='ocrx_word' id='word_1_689' title='bbox 2481 5458 2826 5514; x_wconf 87' lang='lat' dir='ltr'><strong>levationem</strong></span> <span class='ocrx_word' id='word_1_690' title='bbox 2858 5462 2915 5513; x_wconf 92' lang='lat' dir='ltr'><strong>et</strong></span> <span class='ocrx_word' id='word_1_691' title='bbox 2947 5455 3221 5512; x_wconf 90' lang='lat' dir='ltr'><strong>solatium</strong></span> <span class='ocrx_word' id='word_1_692' title='bbox 3255 5470 3383 5510; x_wconf 90' lang='lat' dir='ltr'><strong>esse</strong></span> <span class='ocrx_word' id='word_1_693' title='bbox 3411 5453 3877 5523; x_wconf 87' lang='lat' dir='ltr'><strong>interpretantur</strong></span> 
     </span>
    </p>
   </div>
   <div class='ocr_carea' id='block_1_100' title="bbox 2230 5542 3881 5620">
    <p class='ocr_par' dir='ltr' id='par_1_100' title="bbox 2230 5542 3881 5620">
     <span class='ocr_line' id='line_1_101' title="bbox 2230 5542 3881 5620; baseline -0.003 -18"><span class='ocrx_word' id='word_1_694' title='bbox 2230 5548 2278 5602; x_wconf 89' lang='lat' dir='ltr'><strong>si</strong></span> <span class='ocrx_word' id='word_1_695' title='bbox 2312 5565 2372 5604; x_wconf 87' lang='lat' dir='ltr'><strong>se</strong></span> <span class='ocrx_word' id='word_1_696' title='bbox 2404 5547 2723 5620; x_wconf 89' lang='lat' dir='ltr'><strong>apostolica</strong></span> <span class='ocrx_word' id='word_1_697' title='bbox 2767 5545 3133 5603; x_wconf 91' lang='lat' dir='ltr'><strong>benediiione</strong></span> <span class='ocrx_word' id='word_1_698' title='bbox 3178 5544 3465 5616; x_wconf 87' lang='lat' dir='ltr'><strong>perfusos,</strong></span> <span class='ocrx_word' id='word_1_699' title='bbox 3516 5542 3565 5598; x_wconf 90' lang='lat' dir='ltr'><strong>si</strong></span> <span class='ocrx_word' id='word_1_700' title='bbox 3615 5542 3706 5598; x_wconf 90' lang='lat' dir='ltr'><strong>sui</strong></span> <span class='ocrx_word' id='word_1_701' title='bbox 3751 5559 3881 5597; x_wconf 89' lang='lat' dir='ltr'><strong>san-</strong></span> 
     </span>
    </p>
   </div>
   <div class='ocr_carea' id='block_1_101' title="bbox 2231 5633 3883 5711">
    <p class='ocr_par' dir='ltr' id='par_1_101' title="bbox 2231 5633 3883 5711">
     <span class='ocr_line' id='line_1_102' title="bbox 2231 5633 3883 5711; baseline -0.005 -16"><span class='ocrx_word' id='word_1_702' title='bbox 2231 5639 2427 5711; x_wconf 88' lang='lat' dir='ltr'><strong>guinis</strong></span> <span class='ocrx_word' id='word_1_703' title='bbox 2457 5638 2693 5694; x_wconf 88' lang='lat' dir='ltr'><strong>exuvias</strong></span> <span class='ocrx_word' id='word_1_704' title='bbox 2734 5638 2808 5693; x_wconf 89' lang='lat' dir='ltr'><strong>ah</strong></span> <span class='ocrx_word' id='word_1_705' title='bbox 2856 5634 3174 5708; x_wconf 86' lang='lat' dir='ltr'><strong>apostolico</strong></span> <span class='ocrx_word' id='word_1_706' title='bbox 3224 5633 3456 5703; x_wconf 89' lang='lat' dir='ltr'><strong>throno,</strong></span> <span class='ocrx_word' id='word_1_707' title='bbox 3518 5633 3688 5704; x_wconf 86' lang='lat' dir='ltr'><strong>cujus</strong></span> <span class='ocrx_word' id='word_1_708' title='bbox 3740 5636 3883 5687; x_wconf 89' lang='lat' dir='ltr'><strong>sunt</strong></span> 
     </span>
    </p>
   </div>
   <div class='ocr_carea' id='block_1_102' title="bbox 2233 5720 3882 5797">
    <p class='ocr_par' dir='ltr' id='par_1_102' title="bbox 2233 5720 3882 5797">
     <span class='ocr_line' id='line_1_103' title="bbox 2233 5720 3882 5797; baseline -0.007 -12"><span class='ocrx_word' id='word_1_709' title='bbox 2233 5728 2832 5797; x_wconf 87' lang='lat' dir='ltr'><strong>studiosissimi,bene</strong></span> <span class='ocrx_word' id='word_1_710' title='bbox 2869 5724 3179 5790; x_wconf 85' lang='lat' dir='ltr'><strong>habitas,si</strong></span> <span class='ocrx_word' id='word_1_711' title='bbox 3211 5724 3302 5779; x_wconf 83' lang='lat' dir='ltr'><strong>sui</strong></span> <span class='ocrx_word' id='word_1_712' title='bbox 3352 5721 3504 5779; x_wconf 89' lang='lat' dir='ltr'><strong>Billii</strong></span> <span class='ocrx_word' id='word_1_713' title='bbox 3527 5720 3882 5794; x_wconf 89' lang='lat' dir='ltr'><strong>pientissimi</strong></span> 
     </span>
    </p>
   </div>
   <div class='ocr_carea' id='block_1_103' title="bbox 2234 5807 3879 5880">
    <p class='ocr_par' dir='ltr' id='par_1_103' title="bbox 2234 5807 3879 5880">
     <span class='ocr_line' id='line_1_104' title="bbox 2234 5807 3879 5880; baseline -0.007 -6"><span class='ocrx_word' id='word_1_714' title='bbox 2234 5835 2300 5874; x_wconf 86' lang='lat' dir='ltr'><strong>ac</strong></span> <span class='ocrx_word' id='word_1_715' title='bbox 2327 5817 2651 5874; x_wconf 80' lang='lat' dir='ltr'><strong>doctissimi</strong></span> <span class='ocrx_word' id='word_1_716' title='bbox 2673 5813 3089 5871; x_wconf 81' lang='lat' dir='ltr'><strong>ccenobiarchae</strong></span> <span class='ocrx_word' id='word_1_717' title='bbox 3112 5810 3570 5868; x_wconf 84' lang='lat' dir='ltr'><strong>recordationem</strong></span> <span class='ocrx_word' id='word_1_718' title='bbox 3594 5807 3879 5880; x_wconf 85' lang='lat' dir='ltr'><strong>aliquanti</strong></span> 
     </span>
    </p>
   </div>
  </div>
