4152 6286
236 442 345 542 371

1126 482 1496 544 GILBERTI
1542 481 2046 543 GENEBRARDI
2096 479 2345 543 EPIST.
2395 481 2763 544 DEDICAT.

3535 487 3655 550 372

236 612 1883 688 factamadootissimodoctissimorumqueamantissimo
1916 619 1967 681 Α
2000 614 2145 680 Quid
2177 613 2544 684 Trinilarios,
2581 616 2790 681 Deitas,
2834 616 3154 691 Tredeitas,
3189 619 3298 691 (tot
3337 620 3490 676 enim
3526 622 3655 694 pro'

235 702 509 772 pontiﬁce
540 702 948 758 intellexerint.

307 792 517 861 Accipe
577 791 755 863 igitur
803 793 1216 848 communibus
1292 794 1556 848 omnium
1625 800 1888 848 nostrum

238 879 452 949 optatis
481 880 634 935 Billii
663 881 1031 953 Gregorium,
1068 884 1185 938 imo
1216 899 1348 938 vero
1383 890 1571 953 tuum,
1604 884 1703 955 qui
1754 899 1888 938 eum

241 974 361 1023 tam
399 969 728 1041 magniﬁcis
757 971 1003 1038 aedibus,
1055 976 1175 1027 tam
1226 973 1495 1043 augustis
1544 972 1889 1043 honoribus,

242 1062 359 1113 tam
390 1058 663 1130 pretiosis
692 1060 952 1115 donariis
986 1062 1356 1132 prosequeris
1387 1076 1399 1115 :
1429 1077 1681 1131 quorum
1713 1061 1888 1116 etiam

250 1164 428 1203 causa
456 1147 811 1215 addidimus,
845 1148 1087 1204 consilio
1143 1149 1492 1205 venerabilis
1551 1149 1891 1205 Sanctitatis

246 1236 457 1291 Vestrae
488 1236 679 1291 nuntii
734 1236 979 1292 Joannis
1026 1238 1279 1294 Castellii
1341 1239 1721 1294 Ariminensis
1771 1239 1893 1311 epi-

242 1324 424 1395 scOpi,
460 1324 879 1395 Gregorianum
946 1328 1242 1381 Laurentii
1305 1328 1526 1382 Frizolii
1588 1328 1889 1394 sacellum,

246 1417 311 1467 ut
344 1414 556 1484 posteri
593 1413 754 1469 illius
785 1415 1209 1471 dedicationem
1268 1416 1366 1471 tibi
1422 1418 1661 1472 omnino
1712 1417 1894 1472 fuisse

245 1502 503 1557 debitam
540 1504 755 1571 norint,
791 1505 861 1559 ad
893 1507 1063 1575 cujus
1115 1507 1571 1576 perpetuandam
1612 1523 1893 1562 exornan-

246 1591 502 1662 damque
547 1595 989 1649 venerationem
1038 1600 1124 1649 tot
1177 1600 1453 1665 tantaque
1501 1596 1892 1668 insumpsisti,

244 1686 301 1735 et
329 1698 461 1736 cum
495 1686 581 1737 tot
622 1686 957 1740 seminariis
995 1689 1118 1741 toto
1166 1686 1304 1741 orbe
1356 1687 1685 1743 Christiano
1733 1704 1892 1742 sum-

245 1770 623 1841 ptuosissime
667 1772 951 1839 excitatis,
1010 1790 1143 1829 cum
1186 1780 1272 1830 tot
1301 1782 1541 1847 tamque
1601 1778 1893 1831 variarum

247 1859 584 1929 linguarum
619 1863 768 1933 typis
800 1863 990 1918 Romae
1020 1866 1177 1919 cusis
1219 1865 1574 1936 theologiam
1636 1868 1706 1921 ab
1767 1866 1894 1938 ipso

247 1948 523 2003 traditam
557 1951 771 2005 tabulis
794 1952 1097 2023 signisque
1114 1953 1892 2021 inslruxisti.Gratulaberis,

249 2040 340 2091 sat
369 2037 613 2104 scimus,
649 2039 968 2111 interpreti,
1002 2042 1102 2112 qui
1132 2058 1198 2097 eo
1256 2044 1576 2113 praesertim
1638 2047 1899 2115 tempore

250 2127 504 2181 auctoris
516 2126 1013 2199 elegantissimum
1031 2130 1344 2186 editionem
1374 2132 1899 2205 ﬁdelissimumque

249 2214 371 2268 orbi
410 2214 611 2271 Latino
641 2217 925 2287 exhibuit,
957 2234 1072 2291 quo
1104 2224 1226 2275 erat
1272 2219 1593 2275 utilissima
1626 2238 1691 2276 ac
1723 2238 1899 2293 prope

249 2305 597 2359 necessaria.
634 2305 772 2373 Isto,
831 2306 1116 2373 videlicet,
1171 2325 1284 2380 quo
1332 2308 1669 2365 Calviniana
1716 2312 1900 2383 pestis

249 2395 439 2446 totum
472 2398 760 2450 terrarum
791 2402 1126 2452 nostrarum
1158 2399 1356 2453 orbem
1402 2399 1636 2470 depasci
1669 2404 1897 2466 conata,

249 2486 460 2535 cuncta
500 2481 600 2536 illa
648 2491 933 2551 monstra,
985 2502 1112 2557 quas
1161 2486 1472 2558 theologus
1515 2486 1655 2543 olim
1706 2488 1901 2544 labore

252 2568 561 2640 plusquam
593 2573 871 2629 Herculeo
901 2575 1227 2644 domuerat,
1272 2580 1330 2630 et
1380 2577 1437 2629 in
1485 2592 1681 2631 orcum
1715 2582 1903 2633 trans-

257 2658 516 2727 miserat,
551 2676 617 2716 οι
649 2660 969 2717 inferorum
1013 2670 1181 2719 antro
1212 2664 1427 2719 eduxit.
1456 2666 1721 2721 Profudit
1744 2667 1900 2722 enim

254 2745 423 2802 nobis
443 2746 708 2803 Valleum
740 2754 797 2804 et
833 2750 1125 2821 ejusmodi
1160 2752 1384 2818 atheos,
1435 2754 1651 2824 quibus
1708 2756 1901 2810 omnis

253 2834 455 2906 religio
485 2841 573 2892 est
607 2838 821 2893 fabula.
859 2839 1090 2911 Peperit
1121 2841 1381 2897 Natalem
1415 2842 1717 2898 Jornetum
1744 2844 1903 2899 ludi-

254 2924 649 2996 magistellum
682 2926 793 2982 hoc
823 2928 976 2983 anno
1007 2928 1177 2984 Metis
1207 2930 1265 2983 in
1288 2931 1520 2985 vincula
1550 2934 1898 3001 conjectum,

254 3016 310 3066 et
340 3013 604 3069 fortassis
637 3032 878 3071 suorum
914 3019 1382 3073 commilitonum
1420 3035 1527 3092 ope
1566 3036 1899 3090 evasurum,

257 3101 357 3172 qui
391 3102 605 3159 librum
637 3112 839 3160 contra
870 3105 1902 3181 patriarchas,prophetas,apostolos

254 3191 533 3258 condidit,
566 3209 781 3264 eosque
811 3199 877 3250 ut
907 3195 1257 3267 imposteros
1316 3214 1381 3253 ac
1431 3199 1711 3254 falsarum
1769 3200 1900 3255 reli-

254 3280 495 3350 gionum
528 3286 793 3339 auctores
825 3299 1234 3356 praeconesque
1257 3288 1526 3342 traducit.
1561 3288 1774 3344 Genuit
1803 3290 1902 3343 Be-

1999 703 2224 773 digiosa
2254 704 2534 758 vocabula
2566 709 2802 776 propter
2848 707 3245 779 prodigiosam
3295 709 3655 780 impietatem

2000 796 2139 847 sunt
2170 792 2381 863 sortiti)
2413 793 2627 863 quibus
2660 799 2778 849 tres
2807 795 2885 849 dii
2920 797 3197 862 existunt,
3235 816 3388 853 nunc
3421 801 3567 872 aequi
3600 806 3656 856 et

2002 898 2192 953 pares,
2224 898 2381 936 nunc
2414 882 2731 953 inaequales
2763 890 2820 939 et
2851 886 3105 957 impares
3134 887 3160 940 ?
3190 888 3337 951 Quid
3360 889 3661 944 Antitrini-

2000 971 2181 1025 tarios
2214 970 2305 1025 his
2361 973 2652 1027 contraria
2710 974 3052 1041 sentientes,
3117 981 3297 1046 atque
3356 977 3436 1032 ita
3473 995 3656 1033 unum

2001 1064 2182 1114 Deum
2213 1059 2554 1126 conflantes,
2586 1065 2651 1115 ut
2682 1062 2830 1117 inter
2887 1064 3031 1118 istos
3091 1070 3148 1119 et
3202 1066 3529 1121 Sabollium
3567 1068 3659 1122 vix

2001 1149 2321 1219 quidquam
2340 1149 2697 1206 discriminis
2715 1151 3097 1223 percipiatur?
3114 1154 3262 1218 Quid
3279 1154 3653 1211 Valentinum

2002 1238 2242 1292 Paulum
2278 1238 3484 1304 Alciatum,Blandratum,Mahometanum
3522 1245 3654 1299 hel-

2002 1325 2157 1379 luam
2194 1326 2250 1379 in
2285 1342 2453 1380 suam
2488 1329 2963 1383 communionem
3025 1330 3370 1401 recipientes
3421 1349 3485 1386 ac
3521 1349 3650 1404 my-

2003 1414 2179 1469 steria
2209 1414 2586 1469 divinissima:
2621 1416 2790 1471 ﬁdele
2849 1417 3135 1473 diabolico
3168 1420 3450 1474 Alcorano
3475 1421 3654 1475 dedu-

2004 1508 2221 1573 centes,
2254 1508 2427 1573 atque
2459 1504 2829 1571 Alcoranum,
2864 1506 3240 1576 Evangelium
3273 1512 3328 1562 et
3360 1508 3655 1580 propheti-

2004 1608 2131 1647 cam
2164 1592 2547 1663 Scripturam,
2584 1598 2864 1665 tanquam
2895 1595 3007 1649 tria
3056 1594 3383 1657 θεόπνευστα
3415 1602 3647 1668 porten-

2004 1681 2300 1735 tosissima
2322 1682 2680 1753 jungentes?
2701 1681 2846 1745 Quid
2884 1682 3109 1755 reliqua
3128 1684 3368 1739 humani
3401 1686 3656 1756 generis.

2006 1770 2220 1824 nedum
2254 1770 2588 1838 Christiani,
2624 1771 2925 1839 dedecora,
2962 1789 3088 1844 quas
3122 1772 3423 1846 theologia:
3464 1776 3657 1831 omnis

2005 1874 2244 1914 sensum
2268 1875 2414 1930 pene
2436 1875 2501 1913 ex
2528 1860 2832 1916 hominum
2856 1861 3230 1918 conscientiis
3252 1863 3652 1935 exstirparunt

2004 1948 2149 2002 Nam
2184 1966 2296 2004 non
2322 1949 2444 2017 jam
2478 1950 2631 2004 inter
2661 1950 2820 2021 ipsos
2849 1951 2918 2005 de
2951 1950 3124 2005 rebus
3156 1952 3225 2005 ad
3262 1951 3445 2007 Deum
3479 1953 3658 2023 perti-

2008 2038 2283 2091 nentibus
2332 2038 2558 2109 impure
2597 2039 2898 2109 quaeritur,
2968 2056 3167 2093 verum
3236 2041 3308 2094 de
3366 2040 3481 2095 Deo
3534 2042 3659 2113 ipso

2009 2142 2241 2181 summo
2290 2142 2485 2180 rerum
2548 2113 2785 2198 parente
2836 2127 3305 2197 ﬁsceleratissima
3378 2130 3536 2186 ardet
3587 2129 3658 2185 lis

2010 2219 2185 2286 atque
2213 2217 2526 2271 contentio.

2080 2304 2303 2368 Quibus
2334 2305 2609 2360 omnibus
2630 2321 2764 2362 cum
2823 2306 2909 2361 vel
2960 2323 3111 2363 unus
3168 2307 3573 2363 efﬁcacissime
3604 2314 3659 2363 et

2009 2394 2330 2449 fortissime
2362 2399 2630 2450 occurrat
2660 2394 2984 2468 theologus,
3032 2397 3287 2467 suscepti
3321 2414 3354 2452 a
3384 2396 3547 2452 Billio
3579 2396 3659 2451 la-

2010 2483 2180 2538 bores
2213 2482 2281 2537 ad
2316 2482 2483 2538 illum
2516 2483 2686 2539 nobis
2718 2486 3083 2540 contraistas
3105 2485 3288 2540 furias
3315 2488 3663 2558 pugnaturis

2010 2573 2124 2626 ﬁde
2156 2588 2221 2626 ac
2254 2588 2395 2643 pure
2425 2572 2842 2644 exhibendum,
2878 2574 3030 2645 apud
3079 2577 3133 2629 te
3167 2572 3663 2645 potissimum,cui

2013 2660 2309 2731 provincia
2340 2660 2618 2716 divinitus
2650 2662 2967 2717 commissa
2996 2667 3086 2717 est
3130 2660 3381 2729 videndi,
3418 2679 3488 2717 ne
3520 2662 3660 2734 quid

2011 2748 2344 2803 detrimenti
2376 2749 2576 2820 religio
2609 2750 2819 2822 capiat,
2855 2750 3107 2814 inibunt,
3158 2750 3489 2821 opinamur,
3524 2767 3663 2822 gra-

2010 2838 2152 2892 tiam
2173 2854 2349 2908 quam
2376 2837 2954 2894 maximam.Accedit
2973 2838 3040 2894 ad
3063 2837 3660 2894 istoslabefactandos

2012 2930 2067 2981 et
2099 2926 2369 2980 universa
2400 2927 2656 2982 Ecclesia
2690 2928 2920 2998 penitus
2972 2926 3386 2992 exturbandos,
3429 2925 3658 2981 nullum

2010 3016 2190 3070 videri
2226 3016 2548 3071 remedium
2586 3016 2948 3087 praesentius,
2983 3033 3158 3087 quam
3192 3021 3250 3069 ut
3295 3013 3660 3087 cogominem

2012 3105 2169 3159 hunc
2199 3111 2370 3159 tuum
2414 3105 2801 3176 patriarcham
2848 3105 3160 3173 aemuleris,
3213 3122 3278 3160 ac
3328 3121 3444 3176 quo
3494 3111 3663 3176 pacto

2013 3209 2074 3248 se
2104 3192 2198 3247 ille
2228 3194 2505 3249 adversus
2546 3194 2634 3249 sui
2678 3196 2957 3266 temporis
3006 3194 3284 3249 sectarios
3338 3194 3538 3265 gessit,
3568 3209 3662 3249 eos

2013 3283 2144 3336 dem
2179 3283 2485 3337 adversum
2540 3284 2684 3337 istos
2737 3284 2977 3338 enitare.
3032 3282 3215 3337 Verbo
3264 3282 3365 3338 Dei
3416 3280 3547 3338 illos
3582 3300 3664 3338 re-

254 3384 381 3422 zam
452 3370 792 3426 Nestoriane
860 3374 1007 3428 duas
1074 3375 1467 3446 hypostaticas
1537 3377 1782 3432 uniones
1840 3360 1974 3432 inC
2013 3373 2179 3444 pulit,
2228 3372 2451 3427 litteras
2500 3373 2679 3428 coluit
2726 3378 2782 3428 et
2830 3372 3137 3444 promovit,
3197 3390 3294 3428 eas
3351 3373 3661 3444 praecipue,

265 3457 497 3513 Christo
545 3461 957 3516 constitentem
1022 3480 1034 3518 :
1094 3464 1383 3536 Langum,
1435 3465 1713 3537 Eutychis
1772 3467 1906 3535 ritu,

257 3563 490 3603 carnem
516 3549 728 3603 Christi
750 3567 880 3606 vere
901 3556 957 3605 et
1007 3552 1398 3607 essentialiter
1446 3554 1771 3610 deiﬁcatam
1823 3573 1910 3611 as-

259 3642 594 3692 serentem:
644 3639 1040 3695 Brochardum
1094 3641 1411 3697 Manichaaa
1469 3643 1692 3699 musica
1732 3644 1911 3700 Calvi-

258 3724 549 3781 nlstarum
582 3727 806 3784 furores
855 3728 1307 3786 demulcentem.
1358 3731 1605 3787 Protulit
1652 3733 1912 3789 scholam

257 3816 654 3873 Genevensem
684 3819 895 3874 Ariane
920 3823 975 3874 et
1004 3819 1421 3876 Macedoniane
1476 3823 1911 3878 sanctissimam

261 3903 827 3979 saluberrimamque
851 3906 1408 3979 precatiunculam,«
1435 3910 1648 3965 Sancta
1661 3912 1914 3968 Trinitas

264 4010 418 4047 unus
448 3993 910 4060 Deus,miserere
942 3997 1187 4066 nostri,»
1220 3998 1693 4067 damnantem,ut
1721 3999 1915 4056 incon-

265 4082 418 4137 sulte
452 4098 484 4136 a
514 4083 787 4140 Patribus
819 4085 1057 4155 dictam,
1095 4092 1159 4141 ut
1191 4087 1672 4157 periculosam,ut
1704 4089 1912 4146 barba-

262 4188 409 4241 ram,
444 4177 508 4225 ut
538 4173 940 4245 impropriam.

335 4260 475 4323 Quis
526 4266 892 4331 posterorum
954 4268 1175 4318 tantam
1235 4264 1461 4335 COpiam
1522 4265 1582 4319 in
1642 4264 1913 4336 blasphe-

263 4348 478 4403 mando
510 4350 704 4404 credet
738 4369 749 4405 :
784 4352 876 4405 cui
910 4352 1183 4424 deinceps
1214 4354 1284 4407 ad
1319 4353 1489 4407 isiam
1541 4354 1722 4423 impfe
1757 4355 1913 4409 fandi

266 4436 565 4492 licentiam
601 4456 714 4493 non
748 4440 1069 4496 horrebunt
1100 4442 1245 4513 pili?
1276 4443 1605 4497 Procreavit
1635 4443 1918 4500 Calvinia—

263 4544 375 4581 nus
408 4527 685 4597 vomicas,
719 4528 867 4583 hanc
925 4532 1387 4587 enuntiationem
1435 4550 1465 4586 a
1512 4532 1783 4587 Patribus
1817 4534 1914 4588 Ni-

264 4614 438 4670 cainis
470 4620 670 4671 contra
700 4616 1020 4673 inferorum
1056 4626 1252 4689 portas
1274 4621 1616 4676 dulcissime
1639 4638 1916 4692 persona-

2019 3462 2231 3533 quibus
2263 3462 2509 3516 istorum
2542 3461 2786 3516 audacia
2816 3467 2871 3516 et
2902 3461 3199 3517 temeritas
3232 3460 3661 3533 frangitur.Eu-

2020 3550 2223 3605 lalium
2256 3554 2311 3604 et
2340 3549 2486 3605 alios
2517 3551 2728 3621 probos
2760 3552 3076 3621 doctosque
3108 3550 3416 3622 episcopos
3449 3550 3675 3605 consti-

2020 3641 2154 3710 tuit,
2186 3640 2284 3711 qui
2321 3640 2513 3710 verbo,
2545 3639 2832 3711 exemplo,
2867 3638 3101 3706 scriptis
3134 3640 3382 3695 istorum
3406 3639 3681 3711 blasphe-

2023 3729 2174 3798 miis,
2212 3728 2594 3800 improbitati,
2629 3728 2933 3801 imperitiae
2975 3728 3335 3784 resisterent.
3388 3728 3673 3783 Basilium

2024 3834 2302 3890 magnum
2340 3834 2554 3890 magna
2583 3819 2953 3874 contentione
2978 3818 3127 3887 juvit
3156 3819 3228 3872 ad
3262 3817 3679 3873 Caesariensem

2024 3906 2588 3978 archiepiscopatum
2622 3908 3200 3978 consequendum,ut
3228 3905 3287 3960 in
3310 3905 3677 3978 Cappadocia

2025 4012 2265 4067 serpens
2296 3996 2968 4051 Pneumatomachorum
3001 4001 3056 4050 et
3104 3996 3427 4050 amentium
3464 3995 3680 4066 Apolli-

2025 4086 2383 4141 naristarum
2414 4101 2622 4140 cancer
2650 4085 3132 4157 restingueretur.
3174 4083 3485 4139 Theodosii
3516 4083 3682 4138 Chri-

2025 4174 2371 4230 stianissimi
2404 4174 2774 4245 imperatoris
2806 4190 2973 4244 opem
3021 4173 3352 4245 imploravit
3383 4173 3451 4227 ad
3488 4177 3680 4228 retun-

2026 4265 2278 4320 dendam
2323 4264 2694 4330 Arianorum,
2748 4264 3242 4328 Macedoniarum,
3284 4261 3670 4334 Apollinario-

2026 4371 2155 4408 rum
2191 4352 2637 4424 impudentiam,
2666 4352 2763 4424 qui
2796 4353 2967 4407 verbo
3006 4353 3098 4407 Dei
3146 4370 3207 4407 se
3240 4352 3678 4423 persuadendos

2027 4461 2140 4498 non
2178 4443 2528 4513 praebebant.
2565 4440 3674 4514 Olympium,Sophronium,Asterium,

2027 4533 2334 4601 Victorem,
2371 4532 2720 4599 Modarium,
2769 4531 3132 4602 Eulropium,
3173 4528 3677 4600 Amphilochium,

2025 4620 2354 4683 Julianum,
2388 4620 2774 4686 Candianum,
2812 4620 3104 4691 principes
3156 4618 3575 4691 praefectosque
3606 4617 3674 4671 ad

261 4711 403 4772 tam,
451 4728 476 4754 ‹‹
516 4710 693 4760 Deum
728 4708 798 4761 de
831 4707 1196 4769 Deo,lumien
1232 4710 1301 4764 de
1331 4709 1575 4780 lumine,
1608 4710 1791 4766 Deum
1824 4728 1917 4766 γε·
1944 4729 1991 4793 D
2030 4710 2353 4779 perdendos
2381 4709 2543 4774 istos,
2581 4725 2647 4763 ac
2679 4724 2745 4762 ea
2777 4726 2903 4780 quae
2928 4714 3067 4763 sunt
3088 4708 3249 4779 pacis
3271 4704 3675 4761 ecclesiastica:

258 4810 387 4847 rum
423 4794 493 4849 de
525 4794 640 4850 Deo
670 4813 823 4861 vero,
865 4820 884 4843 ιο
923 4803 986 4851 ut
1016 4799 1244 4869 duram,
1299 4804 1361 4853 ut
1401 4799 1801 4869 improprium,
1849 4805 1914 4855 ut

262 4882 516 4938 maxime
557 4883 945 4955 periculosam
979 4885 1379 4943 abhorrentes.
1415 4889 1647 4942 Induxit
1677 4905 1778 4959 per
1809 4887 1911 4943 Le-

259 4971 547 5027 manicam
581 4972 906 5043 colluviem,
942 4992 1149 5031 novam
1185 4994 1449 5049 personae
1479 4976 1600 5031 sive
1634 4976 1907 5048 hyposta-

257 5077 386 5116 seos
431 5060 849 5128 deﬁnitionem,
901 5081 1016 5134 qua
1066 5082 1177 5121 non
1241 5067 1368 5136 jam
1420 5082 1669 5137 persona
1711 5065 1910 5120 divina

256 5149 542 5206 subsistat
573 5168 675 5221 per
705 5169 787 5222 se,
822 5155 921 5208 sed
954 5171 1057 5225 per
1096 5156 1413 5210 essentiam
1439 5160 1494 5209 et
1523 5154 1583 5207 in
1609 5155 1863 5209 essentia
1891 5172 1905 5222 ;

257 5256 369 5295 non
406 5241 520 5310 iam
556 5258 656 5311 per
686 5258 813 5296 sese
841 5242 1145 5311 cohaereat,
1178 5245 1277 5299 sed
1311 5244 1381 5298 de
1438 5241 1736 5298 communi
1768 5259 1908 5313 qua-

253 5335 387 5384 dam
421 5330 751 5385 substantia
788 5335 1051 5399 pendeat,
1087 5333 1255 5402 eique
1307 5348 1466 5387 more
1513 5331 1902 5387 accidentium

254 5418 549 5472 inhaereat.
599 5420 744 5484 Quid
795 5421 1008 5475 addam
1064 5422 1455 5477 Autotheanos
1506 5426 1719 5475 temere
1766 5437 1901 5491 pro-

252 5506 593 5562 nuntiantes
630 5509 838 5565 Filium
864 5516 921 5566 et
950 5510 1231 5580 Spiritum
1259 5515 1527 5566 sanctum
1586 5509 1730 5565 nihil
1762 5511 1900 5565 sub-

244 5594 472 5649 stantiae
520 5611 554 5649 a
584 5594 751 5651 Patre
810 5601 1178 5662 consecutos,
1240 5598 1338 5653 sed
1372 5616 1406 5653 a
1436 5614 1496 5653 se
1554 5598 1691 5655 deos
1722 5613 1850 5654 esse
1873 5597 1900 5653 ‘I

318 5808 410 5864 ⁸³1
440 5810 571 5867 Cor.
602 5827 679 5878 iv,
707 5811 800 5867 21.

2021 4798 2353 4868 praestanda
2383 4797 2635 4867 impulit.
2670 4797 2875 4851 Pacem
2909 4796 3048 4852 fovit
3078 4797 3228 4851 inter
3288 4793 3578 4865 principes
3620 4796 3677 4845 et

2020 4892 2285 4957 pastores
2317 4885 2658 4950 catholicos,
2683 4892 2747 4940 ut
2778 4886 3109 4941 Christiana
3150 4885 3302 4938 acies
3335 4886 3534 4935 contra
3568 4881 3672 4933 im-

2020 4975 2147 5046 pios
2171 4979 2326 5030 esset
2373 4975 2615 5030 ﬁrmior.
2669 4975 2941 5031 Gladium
2995 4971 3235 5043 spiritus
3297 4975 3353 5025 et
3403 4969 3535 5023 ferri
3570 4968 3671 5023 mi-

2018 5063 2193 5129 scuit,
2226 5069 2399 5135 atque
2442 5082 2575 5119 cum
2622 5064 2897 5136 Apostolo
2948 5060 3118 5116 modo
3173 5060 3231 5115 in
3280 5057 3444 5130 virga
3490 5058 3670 5124 venit,

2018 5154 2190 5208 modo
2221 5153 2280 5207 in
2311 5154 2595 5209 charitate
2625 5160 2678 5207 et
2721 5154 2928 5224 spiritu
2989 5147 3461 5204 mansuetudinis
3507 5147 3572 5215 ⁸³,
3610 5152 3673 5201 ut

2016 5242 2333 5297 Ecclesium
2367 5242 2687 5298 haeresibus
2718 5244 3057 5312 corruptam
3086 5256 3204 5293 suae
3230 5238 3471 5310 puritati
3505 5237 3673 5291 resti-

2013 5336 2223 5385 tueret.
2267 5331 2624 5386 Charitatem
2661 5331 2841 5385 coluit
2873 5347 3002 5384 cum
3038 5328 3335 5393 omnibus,
3373 5326 3461 5380 sui
3494 5327 3668 5381 etiam

2014 5422 2270 5476 nominis
2300 5426 2356 5475 et
2387 5420 2580 5476 throni
2626 5420 2954 5492 dispendio.
3004 5418 3244 5488 Pojicite
3294 5432 3407 5485 me,
3454 5414 3667 5486 inquit,

2013 5511 2070 5563 in
2108 5527 2291 5577 mare,
2324 5510 2372 5565 si
2407 5515 2644 5582 propter
2675 5526 2766 5564 me
2799 5514 2926 5564 orta
2970 5512 3059 5563 est
3102 5509 3424 5578 tempestas
3459 5520 3471 5557 ε
3502 5502 3669 5559 inde—-

2009 5616 2144 5671 que,
2176 5605 2233 5655 et
2261 5600 2496 5671 quidem
2536 5604 2757 5655 Caasare
2787 5598 3038 5670 aliisque
3096 5596 3211 5668 piis
3271 5593 3660 5667 gementibus.
