4152 6286
399 478 518 538 3‘13

1298 468 1662 531 GILBERTI
1708 469 2217 531 GENEBRARDI
2263 472 2511 534 EPIST.
2564 475 2925 535 DEDlCA'l‘.

3700 472 3822 531 3'14

394 607 934 677 Nectario,summo
966 620 1032 660 ac
1061 602 1353 658 ditissimo
1383 601 1801 673 patriarchatu,
1835 617 2045 672 nempe
2074 606 2128 670 Α
2162 609 2313 658 tenet
2345 609 2537 675 partes
2573 606 2717 660 Nam
2776 605 3183 676 interpretem,
3235 603 3374 658 dum
3408 603 3641 669 viveret,
3697 618 3811 658 non

395 694 1069 767 Constantinopolitano,
1104 697 1235 765 post
1264 690 1650 763 apostolicum
1683 690 2055 761 amplissimo

396 788 595 852 cessit,
639 803 709 841 ne
741 784 826 839 vel
861 782 1173 838 minimum
1206 779 1715 837 schismatisinter
1747 779 2053 852 episcopos

394 880 676 933 cerneret.

467 966 683 1021 Caetera
716 962 1069 1033 scriptorum
1092 963 1220 1032 ejus
1250 958 1422 1014 lectio
1453 958 1858 1030 copiosissime
1889 959 2054 1013 doce“

393 1056 500 1123 bit,
535 1071 661 1125 quae
692 1069 759 1108 eo
792 1053 992 1106 futura
1006 1055 1093 1105 est
1115 1049 1336 1121 gratior
1365 1064 1430 1102 ac
1462 1048 1910 1118 probatior,quo
1934 1063 2048 1102 me-

394 1145 601 1200 liorem
635 1146 806 1197 nacta
835 1144 925 1196 est
954 1139 1333 1211 interpretem
1363 1154 1375 1191 :
1414 1151 1620 1207 nempe
1649 1151 1806 1202 eum,
1840 1135 1898 1190 in
1932 1152 2045 1207 quo

396 1238 624 1289 tantum
658 1231 886 1284 videtur
915 1227 1285 1299 eloquentiae,
1310 1231 1375 1281 ut
1407 1242 1508 1297 per
1537 1224 1716 1280 alium
1732 1225 2045 1297 Gregorius

399 1328 539 1377 tuus
563 1317 931 1391 eloquentius
964 1315 1164 1371 Latine
1188 1315 1380 1369 dicere
1409 1315 1501 1367 vix
1559 1313 1780 1385 possit;
1811 1318 2041 1369 tantum

397 1411 698 1473 doctrinae,
732 1413 796 1462 ut
826 1422 929 1478 per
967 1405 1146 1460 alium
1179 1403 1410 1459 doctius
1442 1413 1499 1457 et
1526 1401 1815 1457 eruditius
1834 1417 2040 1472 reprae-

394 1498 611 1556 sentari
644 1497 735 1551 vix
757 1500 931 1567 queat
954 1513 965 1549 :
993 1499 1227 1548 tantum
1259 1491 1584 1547 sanctitatis
1605 1506 1671 1546 ac
1696 1491 1951 1558 virtutis,
1976 1496 2042 1546 ut

399 1587 680 1660 Spiritum
716 1589 987 1640 sanctum
1034 1583 1124 1637 sui
1158 1582 1360 1653 organi
1392 1596 1566 1636 sensa
1595 1579 1841 1635 libenter
1869 1581 1916 1634 ei
1951 1580 2038 1634 in-

395 1677 653 1750 spirasse
701 1676 1159 1729 consentaneum
1194 1671 1297 1737 sit;
1355 1672 1586 1724 tantum
1630 1667 1941 1740 diligentiae
1982 1672 2040 1725 et

394 1763 596 1834 studii,
623 1768 687 1817 ut
714 1761 840 1833 ipse
874 1775 1060 1831 neque
1090 1758 1238 1825 vitae,
1266 1757 1332 1811 ad
1374 1756 1690 1813 volvendos
1720 1756 1899 1812 libros
1931 1774 2037 1813 suo

387 1852 660 1910 instituto
690 1850 1029 1906 commodos
1051 1864 1240 1918 neque
1262 1845 1511 1901 fortunis
1551 1846 1619 1900 ad
1662 1845 1955 1917 parandos
1974 1846 2033 1902 in

2168 694 2338 748 modo
2371 694 2726 749 amicissime
2748 694 2946 759 coluit,
2969 710 3171 748 verum
3195 692 3366 747 ctiam
3392 691 3659 759 consilio,
3683 708 3813 746 sen-

2164 784 2365 849 tentia,
2397 784 2695 838 recondita
2725 800 2830 838 sua
2859 782 3204 849 eruditione,
3230 782 3389 836 omni
3423 782 3672 851 denique
3695 798 3810 853 qua

2164 870 2350 940 potuit
2382 887 2441 925 re
2472 888 2537 925 ac
2554 872 2933 941 studiojuvit,
2952 872 3148 925 missis
3162 871 3334 925 etiam
3360 885 3427 925 ex
3449 869 3597 924 Urbe
3620 886 3807 925 exem-

2164 958 2426 1028 plaribus
2458 961 2672 1015 Graecis
2705 977 2882 1031 penes
2915 977 3017 1015 nos
3049 960 3240 1014 adhuc
3263 958 3565 1030 depositis,
3591 959 3805 1029 quibus

2157 1048 2247 1102 vel
2294 1050 2548 1120 corrupti
2583 1049 2688 1103 loci
2720 1050 3191 1113 emendarentur,
3215 1048 3301 1102 vel
3328 1047 3560 1103 obscuri
3581 1047 3802 1103 illumi-

2159 1142 2458 1203 narentur,
2486 1137 2575 1192 vel
2609 1154 2758 1209 opus
2790 1139 2983 1209 ipsum
3022 1154 3301 1192 novorum
3353 1137 3801 1192 commentario-

2158 1243 2309 1295 rnm,
2331 1228 2686 1293 orationum,
2708 1226 3109 1298 epistolarum,
3131 1226 3459 1281 carminum
3499 1243 3798 1297 nunquam

2154 1320 2324 1370 antea
2353 1316 2643 1370 editorum
2677 1316 3011 1371 accessione
3039 1315 3203 1370 valde
3230 1314 3701 1385 locupletaretur.
3726 1316 3803 1370 Ex

2154 1403 2369 1475 quibus
2395 1406 2672 1461 omnibus
2696 1422 2826 1459 cum
2852 1422 3024 1459 suum
3052 1405 3175 1473 jam
3210 1421 3393 1458 unum
3418 1406 3591 1475 probe
3622 1403 3798 1460 colla-

2150 1498 2278 1547 tum
2310 1498 2367 1548 et
2397 1493 2917 1565 castigatissimum
2948 1492 3559 1563 effectumabsolverit,
3584 1494 3800 1564 optime

2149 1583 2479 1647 merereris,
2511 1584 2679 1638 Pater
2708 1583 3101 1649 sanctissime,
3135 1584 3205 1637 de
3237 1598 3295 1636 re
3323 1581 3675 1649 Christiana,
3711 1587 3797 1637 at-

2149 1688 2261 1743 que
2293 1673 2435 1727 adeo
2467 1672 2537 1727 de
2570 1672 2693 1744 ipso
2708 1671 3003 1743 Gregorio,
3036 1688 3212 1742 quem
3244 1670 3335 1743 pie
3366 1670 3507 1726 colis
3534 1676 3590 1726 et
3615 1673 3685 1726 ad
3704 1672 3796 1743 pie

2147 1760 2456 1815 colendum
2472 1778 2672 1816 omnes
2691 1761 2946 1827 exicitas,
2969 1760 3015 1816 si
3041 1777 3175 1816 eum
3199 1761 3503 1831 deintegro
3526 1777 3593 1815 ex
3611 1760 3796 1831 ipsius

2146 1849 2453 1905 emendato
2484 1849 2682 1905 codice
2717 1850 2921 1905 excudi
2957 1848 3300 1921 imperares,
3330 1866 3395 1903 ac
3427 1847 3591 1903 illum
3643 1851 3797 1921 typis

390 1942 656 1998 dulserit.
692 1939 759 1995 Et
790 1955 949 2005 sane,
984 1942 1048 1991 ut
1078 1937 1268 2008 prima
1298 1933 1552 1990 editione
1584 1940 1738 1989 recte
1783 1936 1853 1989 ab
1906 1936 2034 2007 ipso
2068 1972 2112 2034 Β
2143 1938 2263 1993 tuis
2295 1937 2767 2010 elegantissimis,
2802 1939 3016 2011 quibus
3047 1937 3360 1993 concilium
3394 1936 3795 1993 Florentinum

388 2036 475 2088 est
492 2032 859 2095 annotatum,
882 2043 1014 2082 eum
1039 2025 1139 2097 qui
1164 2024 1223 2079 in
1255 2025 1359 2080 hoc
1383 2027 1612 2078 auctore
1629 2024 2031 2080 transferendo

388 2121 686 2192 specimen
720 2118 810 2172 sui
844 2116 1094 2188 praebere
1122 2112 1267 2183 vult,
1292 2114 1496 2169 multis
1518 2114 1862 2186 magnisque
1896 2131 2031 2185 prm-

385 2209 554 2266 sidiis
580 2209 934 2263 instructum
949 2221 1077 2260 esse
1099 2203 1412 2276 oportetJn
1437 2220 1502 2259 eo
1542 2202 1695 2258 enim
1716 2202 2028 2258 verborum

388 2296 631 2371 argutia:
660 2298 1051 2365 undecunque
1082 2297 1342 2365 captatus,
1380 2293 1594 2363 ubique
1626 2308 1772 2362 pene
1829 2308 2031 2349 cruces

382 2390 575 2459 ﬁgunt
602 2384 923 2457 interpreti.
966 2382 1203 2438 Prolixae
1235 2381 1475 2453 periodi,
1508 2385 1572 2436 ut
1614 2381 1825 2435 Graecae
1871 2382 2028 2436 locu-

382 2476 525 2533 tioni
557 2476 630 2532 ob
661 2473 1042 2530 connectendi
1075 2471 1412 2527 facilitatem
1444 2486 1559 2525 non
1594 2486 1798 2540 parum
1829 2470 2029 2541 gratiae

384 2572 560 2638 atque
580 2562 910 2620 ornamenti
935 2562 1205 2631 afferunt,
1238 2560 1320 2615 ita
1346 2560 1416 2614 ad
1449 2558 1681 2615 Latinas
1708 2576 1877 2615 aures
1910 2577 2027 2615 non

383 2656 510 2711 sine
541 2652 723 2709 animi
756 2650 1142 2722 suspensione
1174 2654 1230 2703 et
1278 2647 1510 2703 fastidio
1541 2648 2025 2703 tranfunduntur.

383 2742 745 2800 Brevissima
766 2738 1085 2796 allusiones
1116 2737 1294 2794 creris
1316 2735 1457 2792 locis
1479 2752 1693 2807 sparsae
1718 2754 1831 2791 non
1857 2738 2027 2793 modo

384 2829 1154 2905 plurimaelectionis,verum
1173 2827 1347 2881 etiam
1368 2824 1716 2880 felicissimae
1735 2825 2027 2881 memoriae

388 2924 764 2992 interpretem
787 2919 1044 2990 exigunt,
1064 2916 1279 2988 quibus
1293 2914 1380 2970 vel
1402 2913 1727 2985 ignorantis
1741 2914 1824 2968 vel
1840 2914 2029 2985 negle-

394 3011 535 3065 ctim
565 3008 845 3074 decursis,
888 3022 1123 3063 necesse
1154 3006 1230 3060 sit
1260 3002 1635 3077 peregrinari,
1668 3002 1943 3074 velutque
1968 3003 2028 3058 in

394 3098 583 3153 alieno
613 3096 733 3151 solo
764 3095 996 3161 versari,
1023 3112 1088 3149 ac
1119 3094 1658 3166 quemadumodum
1693 3093 1866 3147 habet
1893 3093 2027 3163 Job,

393 3184 589 3245 ἄλλοις
618 3184 878 3257 νήχεσθαι
900 3179 1104 3255 λόγοις.
1132 3181 1446 3237 Peculiaris
1478 3182 1747 3253 quasdam
1773 3182 2023 3253 phrasis,

383 3281 441 3333 et
470 3276 704 3348 quidem
736 3273 1023 3329 Polemica
1052 3272 1421 3343 Hieronymo,
1481 3272 1791 3327 Isocratica
1811 3272 2021 3341 Suidée,

2143 2033 2199 2083 et
2221 2027 2497 2099 pleraque
2522 2027 2637 2082 alia
2659 2028 2978 2083 emittenda
3000 2027 3240 2094 curasti,
3260 2026 3541 2082 traderes.
3564 2026 3792 2099 Alioqui

2142 2116 2324 2172 nostri
2358 2117 2703 2190 typographi
2726 2122 2979 2189 torpent,
3015 2134 3119 2171 nec
3151 2116 3380 2171 Graecas
3412 2116 3615 2187 primae
3645 2122 3794 2172 nota:

2140 2205 2423 2261 editiones
2444 2205 2609 2261 facile
2626 2206 2980 2277 suscipiunt,
2997 2206 3116 2261 sive
3134 2206 3286 2277 quod
3311 2204 3578 2276 privatim
3600 2207 3797 2260 minus

2138 2295 2318 2350 tantis
2347 2294 2685 2366 sumptibus
2715 2294 3029 2363 sufﬁciant,
3056 2293 3174 2349 sive
3206 2293 3359 2364 quod
3384 2293 3617 2348 lucrum
3647 2311 3676 2349 e
3702 2294 3797 2349 La-

2137 2384 2278 2439 tinis
2309 2388 2365 2438 et
2393 2384 2721 2439 vernaculis
2754 2383 3265 2455 presenspublicae
3300 2382 3535 2437 utilitati
3559 2388 3799 2455 antepo-

2137 2477 2300 2527 nant.
2335 2473 2663 2527 Graecorum
2695 2472 2855 2527 enim
2887 2472 3275 2527 venditionem
3308 2469 3617 2526 lentiorem
3664 2488 3794 2528 esse

2136 2561 2641 2631 caueantur,haud
2659 2561 2832 2616 dubie
2855 2566 3092 2633 propter
3116 2560 3268 2615 bella
3289 2564 3346 2615 et
3370 2560 3793 2631 haereses,quo-

2137 2668 2267 2705 rum
2302 2667 2478 2705 causa
2511 2650 2723 2722 linguae
2754 2654 2810 2704 et
2840 2649 3144 2704 solidiores
3191 2647 3512 2720 disciplinae
3575 2649 3794 2720 ubique

2139 2737 2251 2795 nisi
2282 2756 2314 2794 a
2335 2744 2389 2794 te
2409 2739 2728 2808 foveantur,
2754 2739 3029 2811 languere
3049 2737 3337 2809 incipiunt
3361 2756 3373 2803 ;
3403 2742 3468 2793 ut
3492 2742 3794 2793 taceamus

2139 2828 2602 2900 avaritiam,qua:
2628 2845 2742 2883 non
2777 2829 2917 2884 sinit
2937 2827 3208 2883 homines
3234 2826 3794 2883 hislitterisincum-

2139 2917 2292 2985 bere,
2325 2932 2454 2988 qua
2471 2933 2609 2988 epes
2643 2933 2830 2989 neque
2855 2933 3120 2989 magnas,
3141 2932 3345 2989 neque,
3378 2915 3575 2972 faciles
3604 2917 3791 2973 conci-

2135 3006 2297 3060 lient.
2315 3006 2444 3061 Tibi
2467 3006 2577 3061 erit
2594 3006 2848 3061 maximo
2865 3009 3231 3073 ornamento,
3251 3004 3359 3059 tibi
3381 3006 3543 3060 cedet
3556 3007 3793 3061 immor-

2138 3095 2238 3149 tali
2268 3095 2483 3166 gloriaa,
2518 3096 2566 3149 si
2598 3110 2695 3149 eas
2720 3111 3047 3162 conserves,
3072 3111 3159 3159 ac,
3183 3094 3503 3165 utcaepisti,
3530 3094 3791 3151 eruditos

2134 3183 2311 3238 libros
2333 3183 2457 3238 suis
2476 3184 2681 3254 primis
2701 3183 2919 3254 linguis
2942 3182 3495 3255 characteribusque
3512 3184 3789 3240 restituas

2135 3277 2308 3343 atque
2339 3274 2409 3328 ad
2434 3278 2691 3343 posteros
2722 3272 3112 3327 transmittas.

379 3359 2025 3432 disertissimaomnibusGraacescientibus,imprimisque
2056 3337 2097 3404 C
2208 3362 2398 3417 Habes
2420 3362 2808 3422 domesticum
2839 3362 3170 3432 exemplum
3191 3362 3410 3418 Nicolai
3433 3363 3624 3433 quinti
3646 3382 3794 3420 nun-

374 3453 605 3510 erudita
624 3452 708 3507 vel
732 3450 1275 3524 perspicacissimos
1299 3449 1495 3504 oculos
1515 3449 1726 3521 sapius
1751 3451 2028 3520 perstrin-

370 3543 474 3613 git,
505 3546 571 3597 ut
602 3541 716 3596 nisi
750 3557 987 3595 summa
1019 3555 1156 3593 cura
1188 3538 1733 3608 animadversioque
1757 3538 2027 3592 adhibea-

363 3636 485 3701 tur,
529 3647 665 3686 vera
709 3628 1012 3701 scriptoris
1045 3645 1228 3692 mens,
1264 3628 1318 3681 in
1380 3626 1563 3682 levem
1595 3628 1913 3697 quamdam
1969 3632 2025 3682 et

359 3721 595 3775 inanem
621 3718 917 3785 umbram,
938 3722 1000 3772 ut
1024 3718 1095 3771 ab
1129 3718 1321 3772 Ixione
1354 3716 1626 3771 adamata
1654 3720 1807 3771 Juno
1830 3716 1888 3770 in
1914 3734 2019 3771 nu-

362 3811 502 3864 bem
536 3808 766 3880 migret.
801 3806 874 3863 Ut
904 3807 1059 3863 enim
1085 3806 1302 3861 Daedali
1335 3805 1714 3871 statuas,nisi
1746 3806 2019 3861 firmissi-

361 3897 478 3953 mis
500 3897 746 3952 vinculis
771 3896 1252 3967 astringerentur,
1280 3895 1476 3967 fugam
1500 3895 1787 3966 corripere
1818 3893 2018 3950 solitas

354 3986 559 4059 retulit
589 3987 773 4057 Plato,
807 3986 887 4040 ito
919 3985 1174 4056 genuina
1205 3985 1385 4054 hujus
1415 3985 1722 4053 sententia,
1757 3982 1868 4038 nisi
1927 4001 2017 4038 ar-

358 4074 628 4130 ctissima
659 4070 977 4129 attentione
1006 4077 1064 4127 et
1110 4070 1411 4144 diligentia
1438 4072 1744 4138 vinciatur,
1774 4073 2016 4128 vertenti

361 4164 533 4235 quasi
564 4165 636 4219 de
668 4162 942 4217 manibus
974 4160 1242 4217 elabitur.

438 4251 849 4307 Difﬁcultatem
882 4250 1042 4305 auxit
1076 4250 1309 4305 Grzecus
1340 4252 1520 4305 codex
1542 4249 1888 4322 impressus,
1915 4250 2013 4323 qui

363 4356 501 4397 cum
535 4342 746 4396 unicus
769 4343 1063 4411 suppetat,
1086 4343 1169 4395 tot
1202 4338 1461 4409 tantique
1482 4338 1764 4394 momenti
1785 4340 2016 4395 mendis

367 4433 571 4494 scatet,
594 4434 660 4483 ut
676 4431 745 4483 ad
771 4429 880 4484 hoc
909 4427 1106 4500 Augiae
1124 4427 1421 4483 stabulum
1442 4429 1875 4499 repurgandum
1900 4445 2013 4483 non

368 4533 487 4572 uno
518 4517 755 4573 Hercule
778 4534 925 4589 opus
948 4517 1139 4573 fuerit.
1173 4515 1344 4573 Nulla
1368 4533 1544 4588 prope
1568 4517 1779 4589 pagina
1802 4518 2016 4588 gravis-

368 4605 540 4659 simis
562 4605 899 4661 vulneribus
928 4610 1116 4671 vacat,
1149 4606 1363 4676 quibus
1380 4605 1662 4661 sanandis
1696 4604 1865 4660 aliter
1887 4622 2013 4661 suc-

2140 3468 2313 3521 quam
2349 3450 2491 3506 satis
2524 3451 2798 3506 celebrati
2831 3451 3144 3521 pontiﬁcis,
3168 3453 3333 3521 cujus
3358 3452 3588 3522 opibus,
3618 3455 3789 3525 largi-

2136 3541 2417 3605 tionibus,
2445 3541 2722 3611 potentia,
2756 3541 3104 3595 auctoritate
3153 3541 3359 3595 Graeca:
3407 3541 3632 3607 litteras,
3663 3560 3786 3612 qua:

2135 3629 2192 3683 in
2225 3630 2387 3685 Italia
2417 3635 2590 3700 atque
2621 3630 2763 3684 adeo
2821 3630 3093 3685 universo
3136 3629 3339 3685 Latino
3397 3630 3534 3685 orbe
3573 3632 3789 3703 septin-

2132 3719 2323 3790 gentis
2359 3736 2532 3790 prope
2562 3719 2731 3774 annis
2762 3719 3116 3785 occiderant,
3150 3719 3420 3790 spiritum
3455 3725 3510 3773 et
3538 3721 3779 3791 sangui-

2132 3824 2261 3862 nem
2294 3812 2778 3879 resumpserunt;
2827 3806 3118 3862 Hebraicis
3151 3807 3295 3861 tanti
3328 3807 3488 3861 facta:
3520 3814 3676 3875 sunt,
3714 3816 3780 3863 ut

2131 3896 2391 3968 quinque
2417 3913 2726 3951 aureorum
2777 3894 2963 3950 millia
2988 3895 3364 3967 Evangelium
3428 3900 3487 3950 D.
3522 3895 3776 3952 Matthaei

2128 3986 2477 4040 Hebraicum
2498 3987 2566 4039 ad
2591 3983 2784 4056 ipsum
2807 3983 3089 4039 deferenti
3116 3984 3551 4054 sintpromissa.
3578 3985 3639 4039 In
3666 4002 3776 4056 quo

2128 4090 2189 4129 se
2218 4089 2346 4128 vere
2377 4073 2672 4129 catholicae
2706 4072 2967 4128 Ecclesiae
2999 4071 3321 4127 antistitem
3352 4072 3637 4149 praestitit.
3672 4074 3775 4129 Ec-

2128 4161 2305 4219 clesia
2333 4163 2487 4219 enim
2505 4164 2737 4234 proprie
2759 4161 3044 4217 catholica
3062 4161 3274 4216 dicitur
3303 4163 3375 4216 ab
3399 4162 3775 4219 universitate

2125 4254 2408 4326 gentium,
2442 4251 2737 4323 quasipsa
2758 4268 2864 4306 suo
2896 4250 3116 4323 gremio
3142 4251 3535 4322 completitur,
3568 4257 3624 4306 et
3640 4268 3774 4307 cum

2125 4343 2340 4414 quibus
2372 4358 2473 4412 per
2502 4341 2755 4411 linguas,
2784 4339 3100 4411 praesertim
3125 4339 3404 4406 eruditas,
3430 4341 3775 4412 grammati-

2124 4448 2242 4499 cas,
2275 4429 2445 4484 titulo
2476 4430 2665 4485 crucis
2696 4428 3009 4484 Dominicaa
3042 4433 3408 4484 consecratas
3440 4427 3610 4500 longe
3632 4429 3771 4485 late-

2124 4537 2236 4591 que
2263 4518 2657 4573 communicat
2687 4520 2744 4572 et
2774 4516 3070 4588 loquitur:
3106 4535 3219 4571 non
3254 4522 3320 4572 ut
3347 4518 3611 4583 Judaica,
3644 4535 3771 4589 quae

2123 4624 2238 4664 uno
2271 4608 2385 4662 fere
2431 4605 2643 4679 populo
2705 4606 3319 4671 circumscribebatur,
3351 4606 3435 4661 vel
3481 4606 3769 4677 haeretica,

364 4695 523 4749 curri
557 4710 672 4749 non
701 4696 905 4765 potuit,
924 4711 1101 4767 quam
1124 4694 1211 4749 vel
1230 4694 1618 4750 nanciscendo
1640 4693 2011 4750 doctissimos
2044 4704 2089 4766 ι)
2120 4713 2244 4768 quae
2265 4696 2529 4768 angustis
2550 4712 2868 4766 paucarum
2892 4696 3152 4765 gentium
3172 4694 3384 4751 ﬁnibus
3403 4695 3773 4751 concluditur

363 4784 599 4850 Nicetes,
632 4783 824 4851 Pselli,
852 4783 1061 4850 Nonni,
1096 4783 1228 4837 Elite
1251 4783 1541 4838 Cretensis
1564 4784 2014 4841 commentarios

362 4875 645 4930 hactenus
675 4873 734 4927 in
768 4874 1025 4928 tenebris
1071 4873 1321 4939 abditos,
1358 4872 1443 4926 vel
1469 4873 1759 4927 evocando
1783 4874 2012 4930 codices

357 4960 764 5034 castigatiores
800 4962 1255 5032 manuscriptos,
1288 4960 1345 5015 id
1395 4965 1502 5027 est,
1536 4961 1763 5033 Regios,
1797 4978 1829 5017 a
1880 4980 2013 5034 rege

358 5051 862 5108 Christianissimo
881 5048 1201 5121 exquisitos
1219 5069 1232 5117 ;
1249 5050 1556 5120 Regineos,
1573 5067 1601 5104 a
1618 5051 1818 5122 regina
1830 5056 2015 5106 matre

357 5140 709 5211 impetratos
733 5165 746 5207 ;
772 5137 1024 5209 Italicos,
1046 5140 1116 5193 ab
1138 5138 1359 5210 aliquot
1382 5136 1797 5195 illustrissimis
1826 5141 2015 5195 cardi-

358 5228 597 5284 nalibus
617 5234 677 5284 et
709 5227 844 5283 aliis
874 5227 1126 5282 summis
1157 5226 1294 5282 viris
1342 5232 1548 5298 sponte
1580 5226 1825 5285 oblatos.
1864 5230 2019 5285 Inter

355 5334 508 5390 quos
545 5316 994 5373 illustrissimus
1022 5315 1121 5371 ille
1144 5314 1458 5371 cardinalis
1511 5316 1756 5374 Sirletus
1798 5319 2018 5390 primas

2127 4790 2360 4851 Verum,
2392 4803 2459 4839 ne
2483 4784 2784 4840 videamur
2813 4784 2883 4837 de
2913 4790 3013 4839 tua
3042 4783 3099 4837 in
3131 4801 3226 4839 eas
3261 4784 3771 4856 propensionedu-

2122 4874 2325 4938 bitare,
2351 4872 2419 4928 ad
2437 4872 2771 4927 institutum
2793 4873 3157 4938 revertimus,
3185 4877 3355 4942 teque
3377 4875 3771 4939 obsecramus,

2122 4968 2187 5018 ut
2212 4960 2508 5017 memoria:
2531 4965 2650 5015 tam
2683 4960 3014 5032 praestantis
3062 4960 3393 5031 interpretis
3454 4962 3667 5023 faveas,
3704 4976 3771 5015 ac

2124 5069 2251 5117 nos,
2285 5050 2383 5122 qui
2416 5050 2542 5121 ejus
2574 5054 2955 5104 monumenta
2985 5066 3017 5103 a
3046 5047 3176 5103 labe
3206 5048 3592 5120 vindicamus,
3623 5055 3680 5105 et
3701 5051 3771 5105 ad

2122 5143 2257 5196 tuos
2288 5144 2503 5211 postes,
2535 5138 2781 5193 fratrum
2808 5137 2995 5209 ipsius
3029 5136 3526 5193 nobilissimorum
3552 5144 3608 5194 et
3639 5138 3772 5194 reli-

2126 5228 3138 5303 giosissimorumjussu,afﬂgiﬁmus,
3174 5226 3491 5298 apostolica
3532 5228 3771 5282 benedi-

2128 5319 2317 5375 ctione
2350 5334 2727 5391 prosequare.
2770 5317 3009 5371 Lutetize
3042 5316 3311 5371 Kalendis
3333 5317 3471 5372 Julii
3505 5334 3575 5372 an
3611 5318 3769 5375 4582.
