4152 6286
352 398 468 458 375
1578 391 1933 455 ELOGIUM
1977 393 2245 454 JACOBI
2292 391 2517 453 BILLII
2530 438 2543 452 .
3648 398 3769 459 3'16

426 677 743 734 ELOGIUM
803 676 1207 736 REVERENDI
1257 681 1515 735 PATRIS
1569 687 1628 735 υ,
1697 680 1941 735 JACOBI
2002 679 2211 734 BILLII
2272 676 2576 742 PRUNiEl,
2627 677 2928 732 ABBATIS
2989 676 3244 732 SANCTI
3307 678 3695 735 MICHAELIS

1094 769 1165 823 IN
1199 769 1435 823 EBEMO
1468 767 1910 823 PIENTISSIMI
1942 767 2026 821 ET
2066 764 2474 820 ERUDISSIMI
2502 764 2649 820 CUM
2682 764 3000 821 TUMULO.

1273 922 1517 980 Joanne
1548 920 1881 993 Chatardo,
1916 918 2125 997 priore
2154 917 2529 990 Tossiniaco,
2566 923 2845 977 auctore.

1424 1081 1501 1135 Ad
1529 1080 1738 1136 nobiles
1766 1079 2009 1149 defuncti
2034 1080 2367 1150 propinquos
2395 1080 2447 1131 et
2476 1078 2703 1132 amicos.

1889 1329 2204 1385 LECTORI.

1276 1454 1381 1524 (Ex
1412 1453 1563 1509 Edit.
1603 1453 1787 1510 Nivel.
1826 1454 1983 1518 1583,
2015 1457 2159 1508 tom.
2191 1452 2259 1521 ll,
2294 1468 2426 1525 pag.
2456 1452 2594 1505 1548
2624 1455 2681 1507 et
2728 1452 2875 1523 seq.)

436 1594 644 1651 Opem:
672 1596 926 1667 pretium
961 1613 1054 1651 me
1087 1596 1377 1651 facturum
1411 1596 1626 1667 putavi,
1658 1596 1706 1651 si
1730 1595 1825 1650 hic
1851 1595 2210 1650 iusereretur
2239 1593 2501 1665 Elogium
2543 1593 2723 1659 istud,
2756 1593 2927 1664 quale
2957 1594 3179 1649 editum
3207 1598 3297 1649 est
3322 1594 3381 1649 in
3416 1595 3604 1666 ipsius
3627 1594 3783 1649 Billii

370 1690 585 1753 morte,
623 1702 800 1756 quam
831 1686 975 1741 obiit
1006 1687 1145 1739 dum
1181 1686 1289 1742 hoc
1312 1686 1731 1757 Gregorianum
1753 1702 1899 1756 opus
1933 1702 2034 1756 pro
2066 1687 2323 1741 secunda
2354 1685 2607 1739 editione
2627 1684 2781 1756 typis
2813 1684 3137 1750 mandaret,
3166 1692 3469 1741 exornaret
3494 1691 3550 1740 et
3572 1684 3783 1756 ampli-

372 1776 614 1841 ﬁcaret;
652 1779 717 1829 ut
747 1774 880 1829 hinc
911 1776 1115 1846 paucis
1148 1791 1211 1829 ac
1243 1775 1398 1829 velut
1428 1774 1773 1845 compendio
1804 1775 2057 1844 quodam
2089 1774 2216 1828 vitae
2251 1773 2571 1843 mortisque
2592 1773 2777 1844 ipsius
2809 1774 3039 1844 (comex
3061 1776 3187 1845 ejus
3218 1775 3394 1829 variis
3427 1774 3784 1830 doctissimis

368 1869 429 1919 et
461 1863 745 1935 piissimis
777 1864 1013 1935 scriptis
1046 1864 1211 1934 plura
1238 1880 1411 1919 nosse
1444 1863 1679 1935 poteris)
1704 1862 2077 1934 intelligeres,
2104 1861 2526 1933 quis,qualisve
2551 1869 2607 1917 et
2623 1868 2880 1934 quantus
2904 1862 3079 1917 fuerit
3108 1862 3258 1918 ﬁdus
3293 1863 3388 1919 ille
3417 1863 3483 1918 D.
3519 1863 3781 1935 Gregorii

371 1956 679 2026 interpres.
702 1956 880 2023 Cujus
899 1972 1009 2009 non
1032 1956 1203 2010 modo
1233 1954 1533 2021 doctrinae,
1557 1971 1618 2009 se
1640 1954 1985 2008 etdmorum
2018 1953 2265 2023 vitaeque
2288 1952 2676 2008 sanctissima
2696 1970 2869 2008 verus
2898 1954 3232 2025 discipulus
3264 1971 3327 2009 ac
3348 1954 3612 2009 imitator
3634 1955 3781 2009 fuit:

371 2046 528 2099 haud
564 2045 809 2101 dubium
844 2045 984 2116 quin
1010 2052 1065 2099 et
1088 2046 1185 2116 qui
1218 2045 1467 2100 similem
1488 2045 1661 2098 vitam
1698 2044 1754 2098 in
1773 2045 1943 2099 terris
1966 2050 2229 2117 egerunt,
2253 2050 2309 2099 et
2328 2049 2506 2099 totam
2526 2061 2625 2115 per
2650 2045 2743 2099 Dei
2768 2045 3086 2100 Ecclesiam
3116 2046 3519 2116 profuderunt,
3544 2045 3601 2099 in
3620 2045 3781 2099 caelis

372 2150 611 2206 quoque
644 2134 827 2189 simul
861 2136 1131 2189 fruantur
1160 2136 1289 2205 ejus
1321 2134 1529 2206 gloria,
1563 2150 1736 2205 quem
1771 2134 1843 2187 ad
1875 2138 2199 2188 extremum
2235 2134 2363 2187 vitae
2397 2133 2669 2204 spiritum
2705 2133 2925 2189 sincere
2958 2133 3284 2201 coluerunt,
3316 2140 3375 2191 et
3403 2136 3573 2205 cujus
3591 2133 3786 2204 ampla

370 2224 596 2281 talenta
627 2230 748 2281 tam
803 2225 1115 2298 diligenter
1146 2230 1201 2281 et
1229 2225 1522 2294 alacriter,
1552 2229 1671 2280 tam
1705 2224 1797 2297 pie
1827 2229 1883 2279 et
1909 2228 2106 2280 sancte
2137 2229 2310 2297 atque
2335 2223 2577 2280 feliciter
2601 2225 3014 2297 impenderunt
3034 2243 3099 2282 ac
3129 2227 3613 2300 multiplicarunt.
3647 2224 3787 2281 Vale

379 2321 437 2372 et
459 2316 668 2373 fruere.

1777 2546 2255 2609 POSTERITA
2273 2546 2375 2606 TI.

461 2672 758 2733 JACOBO
795 2674 1052 2733 BILLIO
1084 2674 1404 2744 PRUN/E,
1441 2672 1941 2734 NOBILISSIMA
2001 2672 2100 2731 ET
2158 2672 2628 2732 CLABISSIMA
2686 2672 3106 2735 BILLIOIlUM
3174 2674 3493 2734 FAMILIA
3556 2675 3792 2747 ORTO,

384 2770 665 2829 ABBATI
700 2771 972 2831 SANCTI
1004 2769 1424 2830 MICHAELIS
1457 2770 1531 2829 IN
1572 2770 1840 2829 EREMO
1873 2769 2255 2828 PIENTISS.
2288 2768 2564 2829 SACRIE
2596 2772 2693 2830 ET
2724 2772 3162 2831 POLITIORIS
3218 2771 3793 2831 LlTTERATUR/E

388 2869 819 2928 CALLENTIS
849 2871 912 2928 S.
950 2868 1860 2951 LINGUABUMHEBHAICIE,
1891 2867 2215 2936 GR/EC/E,
2249 2868 2343 2926 ET
2366 2868 2676 2927 LATIN/E
2699 2869 3568 2929 PERITISS.SANCTURUM
3588 2868 3793 2927 GRIE-

392 2967 660 3030 CORUM
737 2968 1066 3029 PATRUM
1126 2969 1601 3028 INTEHPRETI
1666 2967 1935 3026 FIDISS.
2014 2967 2470 3026 CATHOLICAE
2526 2968 2731 3027 FIDEI
2832 2968 3444 3029 l‘lttlpUGNATOltI
3507 2968 3786 3026 ACERR.

394 3065 823 3127 PAUPEBUM
855 3066 1091 3125 PATRI
1125 3066 1477 3126 CHARISS.
1536 3066 1613 3125 IN
1647 3064 1968 3126 UUNC'I‘IS
2004 3065 2446 3123 RELIGIONIS
2508 3066 2605 3124 ET
2662 3066 3019 3125 PIETATIS
3054 3066 3439 3126 OPEHIBUS
3475 3066 3571 3125 EX
3589 3064 3793 3124 EHCI-

390 3164 696 3223 'l‘ATlSS.
732 3164 926 3222 OMNI
962 3165 1304 3235 DENIQUE
1336 3165 1743 3225 VIRTUTUM
1782 3163 2094 3222 GENERE
2137 3162 2655 3223 CUMULATISS.
2692 3164 2976 3224 MULTIS
3026 3163 3278 3223 LIBRIS
3313 3164 3637 3233 GBZECIS,
3675 3163 3808 3220 LA-

399 3261 633 3331 TINIS,
669 3261 769 3319 ET
820 3260 1167 3321 GALLICIS
1198 3262 1473 3322 SUMMA
1508 3261 1838 3321 PIETATE
1872 3261 1968 3319 ET
2000 3261 2395 3319 DOCTRINA
2447 3261 2849 3331 REFERTIS,
2906 3261 3318 3331 PROSAQUE
3378 3262 3476 3320 ET
3538 3260 3805 3319 METRO

391 3357 650 3418 EDITIS
718 3358 1147 3416 CELEBERR.
1206 3358 1552 3419 JOANNES
1610 3356 2080 3418 CHATARDUS
2156 3357 2475 3417 MULTAS
2538 3358 2635 3417 ΟΒ
2697 3358 2999 3419 CAUSAS
3068 3358 3426 3419 MOERENS
3502 3356 3812 3418 POSUIT.

1673 3609 1993 3672 Librorum
2028 3629 2171 3691 quos
2198 3610 2435 3690 scripsit
2480 3611 2802 3672 Eleae/ius.

458 3739 869 3791 COLLECTIONES
902 3734 1390 3802 consolationum,
1425 3739 1483 3790 et
1513 3732 1795 3789 salutaria
1851 3732 2041 3787 fidelis
2071 3735 2125 3800 Α
2225 3733 2291 3787 D.
2323 3733 2569 3788 Joannis
2618 3734 2961 3789 Damasceni
3016 3750 3192 3805 opera
3248 3733 3433 3790 multo
3489 3749 3664 3804 quam
3716 3749 3819 3788 an-

389 3825 598 3880 animee
630 3827 1003 3891 documenta,
1037 3842 1105 3879 ex
1158 3824 1451 3879 volumine
1491 3825 1549 3879 D.
1612 3822 1924 3894 Augustini
1986 3823 2047 3876 in
2158 3813 2323 3877 tebac
2354 3823 2639 3887 auctiora,
2675 3838 3007 3894 magnaque
3039 3840 3106 3879 ex
3128 3828 3289 3894 parte
3312 3840 3467 3877 nunc
3496 3823 3566 3877 de
3597 3822 3821 3893 integro

384 3915 628 3969 Psalmos
678 3919 967 3986 excerpta,
1002 3913 1220 3969 Gallice
1250 3913 1605 3984 conscripta.
2160 3927 2455 3966 conversa.

458 4005 537 4058 De
571 4005 827 4059 secundo
865 4003 1092 4058 Domini
1143 4004 1389 4057 adventu
1444 4001 1572 4060 libri
1634 4017 1754 4069 sex,
1814 3999 2049 4055 Gallicis
2231 4004 2310 4057 Ex
2343 4003 2410 4057 D.
2443 4004 2674 4058 Joanne
2705 4004 3118 4075 Cbrysostomo
3148 4002 3434 4057 translata
3465 4000 3669 4072 multa,
3694 4002 3824 4073 ejus

388 4092 657 4147 versibus
689 4092 850 4162 editi,
884 4108 1017 4146 cum
1051 4095 1299 4145 tractatu
1337 4096 1396 4146 D.
1433 4089 1633 4145 Basilii
1683 4090 1757 4145 De
1807 4091 1901 4144 Dei
1946 4090 2050 4160 ju-
2162 4107 2273 4162 que
2297 4090 2474 4146 variis
2491 4092 2987 4163 scriptisinserta,
3025 4098 3087 4147 ut
3118 4091 3443 4163 explanatio
3476 4093 3531 4146 in
3588 4093 3730 4163 psal.
3766 4107 3823 4144 L.

389 4182 557 4235 dicio.
2161 4181 2471 4251 desumpta
2503 4166 2570 4235 ex
2594 4180 2946 4236 bibliotheca
2969 4180 3271 4236 illustriss.
3304 4179 3630 4235 Catbarinae
3651 4180 3826 4235 Medi-

458 4270 524 4324 D.
559 4269 820 4340 Gregorii
855 4268 1201 4323 Nazianzeni
1234 4269 1595 4335 tetrasticha,
1620 4284 1754 4323 cum
1790 4267 1943 4322 brevi
1993 4271 2049 4321 et
2163 4286 2273 4325 ceae
2308 4271 2519 4342 reginae
2551 4271 2781 4327 Matris.
2828 4273 2901 4325 De
2953 4270 3293 4342 pccnitentia
3343 4270 3821 4326 commentarius.

393 4355 691 4411 familliari
722 4355 1082 4427 expositione
1113 4356 1353 4411 Gallica.
2164 4360 2329 4423 Item,
2363 4359 2668 4431 explicatio
2700 4360 2848 4432 psal.
2884 4377 2981 4424 Lu,
3013 4366 3071 4415 et
3101 4358 3435 4414 ennarratio
3496 4361 3559 4413 in
3585 4359 3735 4430 psal.
3772 4380 3823 4425 c,

458 4444 818 4515 Anthologiaa
852 4461 1027 4500 sacrae
1058 4462 1124 4500 ex
1156 4445 1911 4517 probatissimisutriusquc
1942 4443 2052 4497 lin-
2164 4453 2220 4502 et
2248 4453 2468 4518 septem
2504 4454 2833 4519 sequentes,
2868 4456 2923 4503 et
2968 4450 3030 4502 in
3090 4449 3230 4519 psal.
3294 4462 3467 4504 cxvm
3526 4451 3582 4502 et
3632 4464 3826 4518 proce-

390 4550 518 4605 guaa
554 4533 827 4588 Patribus
866 4533 1141 4601 collectis,
1184 4541 1359 4607 atque
1391 4534 1735 4590 octaslichis
1796 4549 2056 4603 compre-
2168 4536 2373 4590 mium.
2409 4536 2575 4592 Liber
2605 4538 2984 4609 epistolarum
3018 4554 3047 4593 e
3081 4538 3429 4593 bibliotheca
3482 4536 3702 4607 Cujacii
3727 4537 3828 4606 ju-

390 4623 607 4687 hensae,
638 4640 704 4677 ac
738 4624 895 4678 brevi
929 4624 1349 4679 commentario
1382 4624 1690 4679 illustrataa
1725 4623 1859 4677 libri
1918 4623 2054 4687 duo,
2167 4625 2524 4680 risconsulti.
2552 4626 2709 4681 Nova
2729 4626 2980 4697 denique
3011 4626 3420 4697 interpretatio
3472 4625 3823 4681 narrationis

392 4711 635 4781 adjectis
668 4712 738 4765 ad
780 4712 998 4767 calcem
1030 4712 1256 4784 aliquot
1286 4711 1623 4767 octastichis
1657 4711 1894 4766 Graecis.
2169 4714 2355 4786 ipsius
2386 4715 2781 4789 Chrysostomi
2815 4718 2871 4770 in
2902 4717 3135 4771 "Pauli
3163 4716 3478 4787 Epistolam
3513 4715 3592 4769 ad
3626 4711 3821 4766 Corin-

465 4800 619 4864 Quos
651 4798 800 4853 duos
831 4797 1010 4852 libros
1041 4799 1171 4855 aliis
1193 4801 1425 4854 duobus
1457 4800 1584 4853 odis
1614 4797 1848 4853 Gallicis
1883 4798 2056 4869 spiri-
2169 4803 2328 4859 thios.

393 4886 705 4941 ritualibus
739 4902 974 4942 summa
1004 4888 1225 4959 ingenii
1257 4888 1601 4943 dexteritate
1631 4887 1885 4942 reddidit
1912 4906 1924 4943 :
1950 4888 2056 4942 ad-
2242 4892 2306 4946 D.
2368 4892 2625 4963 Gregorii
2707 4891 3050 4949 Nazianzeni
3109 4894 3492 4962 cognomento
3541 4886 3823 4959 Theologi

386 4976 562 5055 jectis
594 4978 770 5030 etiam
792 4975 1029 5031 Gallicis
1057 4976 1496 5031 commentariis
1520 4992 1590 5030 ex
1613 4976 1752 5031 solis
1780 4978 1894 5031 fere
1917 4977 2061 5031 anti-
2172 4996 2346 5050 opera
2376 4980 2595 5045 omnia,
2620 4997 2745 5051 quae
2771 4980 3003 5050 quidem
3029 4984 3278 5045 exstant,
3313 4993 3461 5031 nova
3492 4974 3830 5031 translatio-

391 5063 524 5133 quis
558 5062 841 5134 theologis
867 5063 1149 5130 collectis,
1173 5080 1309 5119 cum
1342 5064 1570 5135 aliquot
1624 5063 1758 5119 aliis
1814 5065 2055 5136 poeticis
2091 5105 2139 5168 B
2172 5086 2243 5124 ne
2274 5072 2516 5135 donata;
2554 5086 2670 5123 una
2700 5085 2833 5123 cum
2882 5066 3240 5123 doctissimis
3303 5065 3517 5119 Nicetis
3569 5064 3829 5122 Serrnnii

392 5152 740 5207 tractatibus
771 5153 1037 5222 ejusdem
1072 5153 1429 5223 argumenti.
2091 5152 2138 5168 "
2168 5157 2605 5213 commentariis
2638 5157 2695 5211 in
2716 5157 3007 5212 sexdecim
3061 5154 3447 5228 panegyricas
3491 5155 3827 5221 orationes;

469 5242 527 5295 Ι).
608 5240 867 5312 Gregorii
956 5239 1224 5296 Nazianzi
1304 5246 1689 5312 cognomento
1783 5241 2056 5314 Theologi
2169 5244 2298 5299 Elian
2322 5245 2614 5301 Cretensis
2648 5246 2703 5299 in
2738 5246 2966 5316 aliquot
2990 5245 3172 5312 alias;
3209 5243 3380 5298 Pselli
3414 5243 3473 5298 in
3507 5243 3829 5298 secundam

395 5329 677 5400 opuscula
709 5330 978 5400 quaedam
1012 5346 1168 5385 nunc
1202 5329 1457 5401 primum
1511 5329 1568 5383 in
1631 5329 1817 5385 lucem
1878 5331 2054 5397 edita,
2167 5334 2485 5389 orationem
2514 5335 2589 5389 De
2615 5335 2886 5388 Paschate
2917 5351 2937 5395 ;
2970 5334 3159 5389 Nonni
3191 5335 3263 5388 De
3294 5334 3542 5388 historiis
3585 5335 3634 5385 et
3664 5331 3827 5400 fabu-

396 5418 627 5489 aliaque
670 5419 804 5473 item
828 5418 1096 5473 versibus
1130 5419 1377 5485 reddita,
1415 5434 1746 5489 magnaque
1796 5436 1861 5473 ex
1894 5425 2056 5490 parte
2167 5422 2235 5475 (is
2266 5438 2391 5493 qua:
2428 5424 2486 5476 in
2546 5423 2850 5477 invectivis
2880 5423 3142 5477 adversus
3197 5422 3482 5477 lulianum
3512 5422 3822 5491 Apostatam

400 5503 569 5574 Cypri
600 5502 1018 5574 Dadrybrensis
1049 5505 1489 5561 commentariis
1520 5505 1827 5561 illustrata.
2165 5510 2557 5581 reperiuntur,
2580 5511 2821 5581 adjectis
2850 5511 3025 5566 etiam
3084 5510 3304 5581 ubique
3338 5508 3611 5565 brevibus
3642 5507 3818 5563 scho-

481 5591 861 5645 Locutionum
896 5596 1227 5648 Graecarum
1261 5594 1317 5647 in
1370 5610 1715 5649 communes
1760 5593 1917 5651 locos
1951 5610 2056 5667 per
2160 5596 2280 5653 liis.

404 5678 698 5752 alphabeti
728 5681 992 5736 ordinem
1023 5682 1378 5755 digestarum
1408 5683 1702 5738 volumen.
2234 5686 2415 5743 Multa
2444 5688 2558 5744 alia
2589 5687 2827 5760 reliquit
2853 5704 3031 5761 opera
3058 5687 3262 5743 eadem
3302 5687 3517 5761 pietate
3551 5688 3609 5741 et
3624 5700 3725 5739 eru
3740 5682 3799 5738 di
