  <div class='ocr_page' id='page_1' title='image "/cluster/home/n/w/nwhite01/storage/ocr_20150623/35/mdp.39015012934389/192.png"; bbox 0 0 4152 6286; ppageno 0'>
   <div class='ocr_carea' id='block_1_1' title="bbox 430 449 546 509">
    <p class='ocr_par' dir='ltr' id='par_1_1' title="bbox 430 449 546 509">
     <span class='ocr_line' id='line_1_1' title="bbox 430 449 546 509; baseline -0.009 0"><span class='ocrx_word' id='word_1_1' title='bbox 430 449 546 509; x_wconf 80' lang='lat'><strong>3&#39;17</strong></span> 
     </span>
    </p>
   </div>
   <div class='ocr_carea' id='block_1_2' title="bbox 1656 446 2620 510">
    <p class='ocr_par' dir='ltr' id='par_1_2' title="bbox 1656 446 2620 510">
     <span class='ocr_line' id='line_1_2' title="bbox 1656 446 2620 510; baseline 0.001 -4"><span class='ocrx_word' id='word_1_2' title='bbox 1656 446 2008 510; x_wconf 83' lang='lat' dir='ltr'><strong>ELOGIUM</strong></span> <span class='ocrx_word' id='word_1_3' title='bbox 2050 447 2320 509; x_wconf 82' lang='lat' dir='ltr'><strong>JACOBI</strong></span> <span class='ocrx_word' id='word_1_4' title='bbox 2362 447 2620 510; x_wconf 87' lang='lat' dir='ltr'><strong>BlLLIl.</strong></span> 
     </span>
    </p>
   </div>
   <div class='ocr_carea' id='block_1_3' title="bbox 3723 441 3843 504">
    <p class='ocr_par' dir='ltr' id='par_1_3' title="bbox 3723 441 3843 504">
     <span class='ocr_line' id='line_1_3' title="bbox 3723 441 3843 504; baseline -0.025 -1"><span class='ocrx_word' id='word_1_5' title='bbox 3723 441 3843 504; x_wconf 76' lang='lat'><strong>378</strong></span> 
     </span>
    </p>
   </div>
   <div class='ocr_carea' id='block_1_4' title="bbox 429 561 3838 651">
    <p class='ocr_par' dir='ltr' id='par_1_4' title="bbox 429 561 3838 651">
     <span class='ocr_line' id='line_1_4' title="bbox 429 561 3838 651; baseline -0.002 -16"><span class='ocrx_word' id='word_1_6' title='bbox 429 579 609 647; x_wconf 87' lang='lat' dir='ltr'><strong>tione,</strong></span> <span class='ocrx_word' id='word_1_7' title='bbox 642 595 768 650; x_wconf 65' lang='lat' dir='ltr'><strong>qua</strong></span> <span class='ocrx_word' id='word_1_8' title='bbox 796 577 955 634; x_wconf 89' lang='lat' dir='ltr'><strong>velut</strong></span> <span class='ocrx_word' id='word_1_9' title='bbox 987 578 1286 651; x_wconf 89' lang='lat' dir='ltr'><strong>posthumi</strong></span> <span class='ocrx_word' id='word_1_10' title='bbox 1317 578 1627 645; x_wconf 88' lang='lat' dir='ltr'><strong>liheri,Deo</strong></span> <span class='ocrx_word' id='word_1_11' title='bbox 1658 579 1915 651; x_wconf 78' lang='lat' dir='ltr'><strong>auspice,</strong></span> <span class='ocrx_word' id='word_1_12' title='bbox 1949 596 2070 635; x_wconf 89' lang='lat' dir='ltr'><strong>ma-</strong></span> <span class='ocrx_word' id='word_1_13' title='bbox 2104 582 2156 646; x_wconf 80' lang='grc' dir='ltr'><strong>Α</strong></span> <span class='ocrx_word' id='word_1_14' title='bbox 2189 579 2404 651; x_wconf 89' lang='lat' dir='ltr'><strong>piditas</strong></span> <span class='ocrx_word' id='word_1_15' title='bbox 2438 580 2745 635; x_wconf 79' lang='lat' dir='ltr'><strong>Latinitate</strong></span> <span class='ocrx_word' id='word_1_16' title='bbox 2773 580 2930 635; x_wconf 90' lang='lat' dir='ltr'><strong>hunc</strong></span> <span class='ocrx_word' id='word_1_17' title='bbox 2962 577 3239 646; x_wconf 82' lang='lat' dir='ltr'><strong>donandi,</strong></span> <span class='ocrx_word' id='word_1_18' title='bbox 3270 580 3329 631; x_wconf 90' lang='lat' dir='ltr'><strong>et</strong></span> <span class='ocrx_word' id='word_1_19' title='bbox 3376 576 3447 631; x_wconf 89' lang='lat' dir='ltr'><strong>ab</strong></span> <span class='ocrx_word' id='word_1_20' title='bbox 3486 561 3838 629; x_wconf 82' lang='lat' dir='ltr'><strong>innumeris&#39;</strong></span> 
     </span>
    </p>
   </div>
   <div class='ocr_carea' id='block_1_5' title="bbox 431 666 2087 740">
    <p class='ocr_par' dir='ltr' id='par_1_5' title="bbox 431 666 2087 740">
     <span class='ocr_line' id='line_1_5' title="bbox 431 666 2087 740; baseline -0.001 -16"><span class='ocrx_word' id='word_1_21' title='bbox 431 684 545 740; x_wconf 89' lang='lat' dir='ltr'><strong>gno</strong></span> <span class='ocrx_word' id='word_1_22' title='bbox 559 667 901 723; x_wconf 68' lang='lat' dir='ltr'><strong>Christianae</strong></span> <span class='ocrx_word' id='word_1_23' title='bbox 918 666 1251 738; x_wconf 79' lang='lat' dir='ltr'><strong>reipublich</strong></span> <span class='ocrx_word' id='word_1_24' title='bbox 1269 669 1575 723; x_wconf 90' lang='lat' dir='ltr'><strong>commodo</strong></span> <span class='ocrx_word' id='word_1_25' title='bbox 1594 668 2087 739; x_wconf 43' lang='lat' dir='ltr'><strong>brevil‘prodibunt</strong></span> 
     </span>
    </p>
   </div>
   <div class='ocr_carea' id='block_1_6' title="bbox 433 755 2084 827">
    <p class='ocr_par' dir='ltr' id='par_1_6' title="bbox 433 755 2084 827">
     <span class='ocr_line' id='line_1_6' title="bbox 433 755 2084 827; baseline -0.001 -14"><span class='ocrx_word' id='word_1_26' title='bbox 433 759 514 813; x_wconf 85' lang='lat' dir='ltr'><strong>Ex</strong></span> <span class='ocrx_word' id='word_1_27' title='bbox 543 756 637 811; x_wconf 90' lang='lat' dir='ltr'><strong>his</strong></span> <span class='ocrx_word' id='word_1_28' title='bbox 669 772 800 811; x_wconf 91' lang='lat' dir='ltr'><strong>vero</strong></span> <span class='ocrx_word' id='word_1_29' title='bbox 830 755 1103 812; x_wconf 91' lang='lat' dir='ltr'><strong>omnibus</strong></span> <span class='ocrx_word' id='word_1_30' title='bbox 1134 755 1347 826; x_wconf 83' lang='lat' dir='ltr'><strong>qualis,</strong></span> <span class='ocrx_word' id='word_1_31' title='bbox 1386 762 1710 827; x_wconf 88' lang='lat' dir='ltr'><strong>quantusve</strong></span> <span class='ocrx_word' id='word_1_32' title='bbox 1744 756 1939 820; x_wconf 89' lang='lat' dir='ltr'><strong>fuerit,</strong></span> <span class='ocrx_word' id='word_1_33' title='bbox 1964 757 2084 811; x_wconf 86' lang='lat' dir='ltr'><strong>sive</strong></span> 
     </span>
    </p>
   </div>
   <div class='ocr_carea' id='block_1_7' title="bbox 433 844 2085 916">
    <p class='ocr_par' dir='ltr' id='par_1_7' title="bbox 433 844 2085 916">
     <span class='ocr_line' id='line_1_7' title="bbox 433 844 2085 916; baseline -0.001 -14"><span class='ocrx_word' id='word_1_34' title='bbox 433 845 714 903; x_wconf 80' lang='lat' dir='ltr'><strong>eximiam</strong></span> <span class='ocrx_word' id='word_1_35' title='bbox 746 845 872 913; x_wconf 83' lang='lat' dir='ltr'><strong>ejus</strong></span> <span class='ocrx_word' id='word_1_36' title='bbox 902 845 1252 909; x_wconf 82' lang='lat' dir='ltr'><strong>doctrinam,</strong></span> <span class='ocrx_word' id='word_1_37' title='bbox 1286 849 1344 899; x_wconf 89' lang='lat' dir='ltr'><strong>et</strong></span> <span class='ocrx_word' id='word_1_38' title='bbox 1385 844 1768 916; x_wconf 76' lang='lat' dir='ltr'><strong>multiplicem</strong></span> <span class='ocrx_word' id='word_1_39' title='bbox 1802 862 1996 900; x_wconf 90' lang='lat' dir='ltr'><strong>rerum</strong></span> <span class='ocrx_word' id='word_1_40' title='bbox 2028 849 2085 900; x_wconf 91' lang='lat' dir='ltr'><strong>et</strong></span> 
     </span>
    </p>
   </div>
   <div class='ocr_carea' id='block_1_8' title="bbox 434 933 2081 1006">
    <p class='ocr_par' dir='ltr' id='par_1_8' title="bbox 434 933 2081 1006">
     <span class='ocr_line' id='line_1_8' title="bbox 434 933 2081 1006; baseline 0.001 -17"><span class='ocrx_word' id='word_1_41' title='bbox 434 935 772 1006; x_wconf 80' lang='lat' dir='ltr'><strong>linguarum</strong></span> <span class='ocrx_word' id='word_1_42' title='bbox 788 933 1651 1005; x_wconf 89' lang='lat' dir='ltr'><strong>cognitionem,Tullianamque</strong></span> <span class='ocrx_word' id='word_1_43' title='bbox 1664 934 2081 1006; x_wconf 84' lang='lat' dir='ltr'><strong>eloquentiam,</strong></span> 
     </span>
    </p>
   </div>
   <div class='ocr_carea' id='block_1_9' title="bbox 436 1020 2083 1094">
    <p class='ocr_par' dir='ltr' id='par_1_9' title="bbox 436 1020 2083 1094">
     <span class='ocr_line' id='line_1_9' title="bbox 436 1020 2083 1094; baseline 0.001 -17"><span class='ocrx_word' id='word_1_44' title='bbox 436 1023 558 1078; x_wconf 91' lang='lat' dir='ltr'><strong>sive</strong></span> <span class='ocrx_word' id='word_1_45' title='bbox 588 1020 950 1093; x_wconf 80' lang='lat' dir='ltr'><strong>singularem</strong></span> <span class='ocrx_word' id='word_1_46' title='bbox 984 1022 1113 1092; x_wconf 86' lang='lat' dir='ltr'><strong>ejus</strong></span> <span class='ocrx_word' id='word_1_47' title='bbox 1141 1021 1439 1092; x_wconf 82' lang='lat' dir='ltr'><strong>pietatem,</strong></span> <span class='ocrx_word' id='word_1_48' title='bbox 1484 1022 1734 1094; x_wconf 60' lang='lat' dir='ltr'><strong>vitasque</strong></span> <span class='ocrx_word' id='word_1_49' title='bbox 1763 1029 1821 1078; x_wconf 90' lang='lat' dir='ltr'><strong>et</strong></span> <span class='ocrx_word' id='word_1_50' title='bbox 1851 1040 2083 1079; x_wconf 91' lang='lat' dir='ltr'><strong>morum</strong></span> 
     </span>
    </p>
   </div>
   <div class='ocr_carea' id='block_1_10' title="bbox 435 1109 2081 1183">
    <p class='ocr_par' dir='ltr' id='par_1_10' title="bbox 435 1109 2081 1183">
     <span class='ocr_line' id='line_1_10' title="bbox 435 1109 2081 1183; baseline 0.001 -17"><span class='ocrx_word' id='word_1_51' title='bbox 435 1110 855 1183; x_wconf 78' lang='lat' dir='ltr'><strong>integritatem,</strong></span> <span class='ocrx_word' id='word_1_52' title='bbox 888 1109 1007 1166; x_wconf 90' lang='lat' dir='ltr'><strong>sive</strong></span> <span class='ocrx_word' id='word_1_53' title='bbox 1047 1111 1330 1182; x_wconf 87' lang='lat' dir='ltr'><strong>quidquid</strong></span> <span class='ocrx_word' id='word_1_54' title='bbox 1373 1110 1530 1166; x_wconf 90' lang='lat' dir='ltr'><strong>aliud</strong></span> <span class='ocrx_word' id='word_1_55' title='bbox 1564 1117 1845 1178; x_wconf 88' lang='lat' dir='ltr'><strong>oratores,</strong></span> <span class='ocrx_word' id='word_1_56' title='bbox 1878 1116 2081 1183; x_wconf 76' lang='lat' dir='ltr'><strong>postea,</strong></span> 
     </span>
    </p>
   </div>
   <div class='ocr_carea' id='block_1_11' title="bbox 440 1197 2079 1272">
    <p class='ocr_par' dir='ltr' id='par_1_11' title="bbox 440 1197 2079 1272">
     <span class='ocr_line' id='line_1_11' title="bbox 440 1197 2079 1272; baseline 0.002 -18"><span class='ocrx_word' id='word_1_57' title='bbox 440 1197 1064 1270; x_wconf 83' lang='lat' dir='ltr'><strong>historici,pliilosophi</strong></span> <span class='ocrx_word' id='word_1_58' title='bbox 1097 1216 1163 1255; x_wconf 91' lang='lat' dir='ltr'><strong>ac</strong></span> <span class='ocrx_word' id='word_1_59' title='bbox 1191 1199 1446 1272; x_wconf 84' lang='lat' dir='ltr'><strong>theologi</strong></span> <span class='ocrx_word' id='word_1_60' title='bbox 1477 1199 1808 1256; x_wconf 88' lang='lat' dir='ltr'><strong>desiderare</strong></span> <span class='ocrx_word' id='word_1_61' title='bbox 1835 1206 1891 1256; x_wconf 91' lang='lat' dir='ltr'><strong>et</strong></span> <span class='ocrx_word' id='word_1_62' title='bbox 1922 1218 2079 1257; x_wconf 89' lang='lat' dir='ltr'><strong>com-</strong></span> 
     </span>
    </p>
   </div>
   <div class='ocr_carea' id='block_1_12' title="bbox 442 1287 2076 1361">
    <p class='ocr_par' dir='ltr' id='par_1_12' title="bbox 442 1287 2076 1361">
     <span class='ocr_line' id='line_1_12' title="bbox 442 1287 2076 1361; baseline 0.001 -18"><span class='ocrx_word' id='word_1_63' title='bbox 442 1288 714 1343; x_wconf 88' lang='lat' dir='ltr'><strong>mendare</strong></span> <span class='ocrx_word' id='word_1_64' title='bbox 745 1287 955 1355; x_wconf 88' lang='lat' dir='ltr'><strong>solent,</strong></span> <span class='ocrx_word' id='word_1_65' title='bbox 989 1293 1344 1360; x_wconf 85' lang='lat' dir='ltr'><strong>spectemus,</strong></span> <span class='ocrx_word' id='word_1_66' title='bbox 1396 1288 1563 1344; x_wconf 87' lang='lat' dir='ltr'><strong>facile</strong></span> <span class='ocrx_word' id='word_1_67' title='bbox 1604 1290 1826 1361; x_wconf 91' lang='lat' dir='ltr'><strong>pespici</strong></span> <span class='ocrx_word' id='word_1_68' title='bbox 1869 1294 2076 1360; x_wconf 85' lang='lat' dir='ltr'><strong>potest.</strong></span> 
     </span>
    </p>
   </div>
   <div class='ocr_carea' id='block_1_13' title="bbox 440 1375 2080 1448">
    <p class='ocr_par' dir='ltr' id='par_1_13' title="bbox 440 1375 2080 1448">
     <span class='ocr_line' id='line_1_13' title="bbox 440 1375 2080 1448; baseline 0.001 -17"><span class='ocrx_word' id='word_1_69' title='bbox 440 1376 557 1448; x_wconf 85' lang='lat' dir='ltr'><strong>Ipsi</strong></span> <span class='ocrx_word' id='word_1_70' title='bbox 589 1375 804 1448; x_wconf 89' lang='lat' dir='ltr'><strong>quippe</strong></span> <span class='ocrx_word' id='word_1_71' title='bbox 835 1375 983 1431; x_wconf 88' lang='lat' dir='ltr'><strong>muti</strong></span> <span class='ocrx_word' id='word_1_72' title='bbox 1013 1376 1279 1448; x_wconf 83' lang='lat' dir='ltr'><strong>magistri</strong></span> <span class='ocrx_word' id='word_1_73' title='bbox 1322 1376 1533 1448; x_wconf 86' lang='lat' dir='ltr'><strong>(qualis</strong></span> <span class='ocrx_word' id='word_1_74' title='bbox 1583 1377 1739 1432; x_wconf 90' lang='lat' dir='ltr'><strong>enim</strong></span> <span class='ocrx_word' id='word_1_75' title='bbox 1788 1377 1895 1447; x_wconf 87' lang='lat' dir='ltr'><strong>vir,</strong></span> <span class='ocrx_word' id='word_1_76' title='bbox 1944 1379 2080 1435; x_wconf 86' lang='lat' dir='ltr'><strong>talis</strong></span> 
     </span>
    </p>
   </div>
   <div class='ocr_carea' id='block_1_14' title="bbox 438 1463 2082 1536">
    <p class='ocr_par' dir='ltr' id='par_1_14' title="bbox 438 1463 2082 1536">
     <span class='ocr_line' id='line_1_14' title="bbox 438 1463 2082 1536; baseline 0.002 -17"><span class='ocrx_word' id='word_1_77' title='bbox 438 1465 644 1536; x_wconf 82' lang='lat' dir='ltr'><strong>oratio)</strong></span> <span class='ocrx_word' id='word_1_78' title='bbox 675 1480 823 1535; x_wconf 88' lang='lat' dir='ltr'><strong>quos</strong></span> <span class='ocrx_word' id='word_1_79' title='bbox 852 1463 1110 1520; x_wconf 83' lang='lat' dir='ltr'><strong>condidit</strong></span> <span class='ocrx_word' id='word_1_80' title='bbox 1139 1469 1195 1519; x_wconf 91' lang='lat' dir='ltr'><strong>et</strong></span> <span class='ocrx_word' id='word_1_81' title='bbox 1226 1466 1299 1520; x_wconf 87' lang='lat' dir='ltr'><strong>ad</strong></span> <span class='ocrx_word' id='word_1_82' title='bbox 1333 1470 1597 1535; x_wconf 86' lang='lat' dir='ltr'><strong>posteros</strong></span> <span class='ocrx_word' id='word_1_83' title='bbox 1626 1466 1977 1535; x_wconf 85' lang='lat' dir='ltr'><strong>transmisit,</strong></span> <span class='ocrx_word' id='word_1_84' title='bbox 2012 1467 2082 1523; x_wconf 91' lang='lat' dir='ltr'><strong>de</strong></span> 
     </span>
    </p>
   </div>
   <div class='ocr_carea' id='block_1_15' title="bbox 437 1552 2078 1626">
    <p class='ocr_par' dir='ltr' id='par_1_15' title="bbox 437 1552 2078 1626">
     <span class='ocr_line' id='line_1_15' title="bbox 437 1552 2078 1626; baseline 0.002 -19"><span class='ocrx_word' id='word_1_85' title='bbox 437 1553 529 1607; x_wconf 91' lang='lat' dir='ltr'><strong>his</strong></span> <span class='ocrx_word' id='word_1_86' title='bbox 559 1552 883 1623; x_wconf 90' lang='lat' dir='ltr'><strong>loquuntur</strong></span> <span class='ocrx_word' id='word_1_87' title='bbox 914 1553 1104 1607; x_wconf 80' lang='lat' dir='ltr'><strong>fusius</strong></span> <span class='ocrx_word' id='word_1_88' title='bbox 1120 1557 1179 1608; x_wconf 90' lang='lat' dir='ltr'><strong>et</strong></span> <span class='ocrx_word' id='word_1_89' title='bbox 1193 1552 1521 1624; x_wconf 89' lang='lat' dir='ltr'><strong>elegantius</strong></span> <span class='ocrx_word' id='word_1_90' title='bbox 1544 1554 1852 1626; x_wconf 87' lang='lat' dir='ltr'><strong>veriusque</strong></span> <span class='ocrx_word' id='word_1_91' title='bbox 1874 1556 2078 1611; x_wconf 83' lang='lat' dir='ltr'><strong>testiﬁ-</strong></span> 
     </span>
    </p>
   </div>
   <div class='ocr_carea' id='block_1_16' title="bbox 434 1640 2079 1715">
    <p class='ocr_par' dir='ltr' id='par_1_16' title="bbox 434 1640 2079 1715">
     <span class='ocr_line' id='line_1_16' title="bbox 434 1640 2079 1715; baseline 0.002 -19"><span class='ocrx_word' id='word_1_92' title='bbox 434 1644 846 1711; x_wconf 88' lang='lat' dir='ltr'><strong>cantur,quam</strong></span> <span class='ocrx_word' id='word_1_93' title='bbox 882 1640 1037 1695; x_wconf 89' lang='lat' dir='ltr'><strong>ullus</strong></span> <span class='ocrx_word' id='word_1_94' title='bbox 1068 1641 1392 1712; x_wconf 89' lang='lat' dir='ltr'><strong>quamlibet</strong></span> <span class='ocrx_word' id='word_1_95' title='bbox 1420 1642 1711 1697; x_wconf 87' lang='lat' dir='ltr'><strong>facundus</strong></span> <span class='ocrx_word' id='word_1_96' title='bbox 1742 1647 1936 1698; x_wconf 87' lang='lat' dir='ltr'><strong>orator</strong></span> <span class='ocrx_word' id='word_1_97' title='bbox 1954 1661 2079 1715; x_wconf 89' lang='lat' dir='ltr'><strong>pos—</strong></span> 
     </span>
    </p>
   </div>
   <div class='ocr_carea' id='block_1_17' title="bbox 434 1729 2076 1803">
    <p class='ocr_par' dir='ltr' id='par_1_17' title="bbox 434 1729 2076 1803">
     <span class='ocr_line' id='line_1_17' title="bbox 434 1729 2076 1803; baseline 0.001 -18"><span class='ocrx_word' id='word_1_98' title='bbox 434 1730 508 1785; x_wconf 87' lang='lat' dir='ltr'><strong>sit</strong></span> <span class='ocrx_word' id='word_1_99' title='bbox 545 1747 556 1785; x_wconf 93' lang='lat'>:</span> <span class='ocrx_word' id='word_1_100' title='bbox 593 1729 674 1784; x_wconf 87' lang='lat' dir='ltr'><strong>ita</strong></span> <span class='ocrx_word' id='word_1_101' title='bbox 706 1733 769 1784; x_wconf 90' lang='lat' dir='ltr'><strong>ut</strong></span> <span class='ocrx_word' id='word_1_102' title='bbox 799 1746 1296 1800; x_wconf 87' lang='lat' dir='ltr'><strong>supervacaneum</strong></span> <span class='ocrx_word' id='word_1_103' title='bbox 1340 1731 1591 1801; x_wconf 90' lang='lat' dir='ltr'><strong>putarim</strong></span> <span class='ocrx_word' id='word_1_104' title='bbox 1625 1731 1696 1786; x_wconf 93' lang='lat' dir='ltr'><strong>de</strong></span> <span class='ocrx_word' id='word_1_105' title='bbox 1729 1731 1820 1786; x_wconf 88' lang='lat' dir='ltr'><strong>his</strong></span> <span class='ocrx_word' id='word_1_106' title='bbox 1850 1732 2076 1803; x_wconf 78' lang='lat' dir='ltr'><strong>longio-</strong></span> 
     </span>
    </p>
   </div>
   <div class='ocr_carea' id='block_1_18' title="bbox 435 1818 2078 1891">
    <p class='ocr_par' dir='ltr' id='par_1_18' title="bbox 435 1818 2078 1891">
     <span class='ocr_line' id='line_1_18' title="bbox 435 1818 2078 1891; baseline 0.002 -18"><span class='ocrx_word' id='word_1_107' title='bbox 435 1835 556 1873; x_wconf 88' lang='lat' dir='ltr'><strong>rem</strong></span> <span class='ocrx_word' id='word_1_108' title='bbox 624 1824 815 1874; x_wconf 82' lang='lat' dir='ltr'><strong>texere</strong></span> <span class='ocrx_word' id='word_1_109' title='bbox 847 1818 1260 1873; x_wconf 88' lang='lat' dir='ltr'><strong>narrationem.</strong></span> <span class='ocrx_word' id='word_1_110' title='bbox 1295 1819 1435 1883; x_wconf 85' lang='lat' dir='ltr'><strong>Quis</strong></span> <span class='ocrx_word' id='word_1_111' title='bbox 1466 1836 1597 1874; x_wconf 88' lang='lat' dir='ltr'><strong>vero</strong></span> <span class='ocrx_word' id='word_1_112' title='bbox 1633 1820 1826 1887; x_wconf 90' lang='lat' dir='ltr'><strong>fuerit,</strong></span> <span class='ocrx_word' id='word_1_113' title='bbox 1862 1826 1917 1876; x_wconf 91' lang='lat' dir='ltr'><strong>et</strong></span> <span class='ocrx_word' id='word_1_114' title='bbox 1947 1822 2078 1891; x_wconf 88' lang='lat' dir='ltr'><strong>quis</strong></span> 
     </span>
    </p>
   </div>
   <div class='ocr_carea' id='block_1_19' title="bbox 2197 662 3839 739">
    <p class='ocr_par' dir='ltr' id='par_1_19' title="bbox 2197 662 3839 739">
     <span class='ocr_line' id='line_1_19' title="bbox 2197 662 3839 739; baseline -0.005 -16"><span class='ocrx_word' id='word_1_115' title='bbox 2197 668 2410 739; x_wconf 88' lang='lat' dir='ltr'><strong>quibus</strong></span> <span class='ocrx_word' id='word_1_116' title='bbox 2454 670 2732 735; x_wconf 85' lang='lat' dir='ltr'><strong>scatebat,</strong></span> <span class='ocrx_word' id='word_1_117' title='bbox 2789 669 3017 724; x_wconf 85' lang='lat' dir='ltr'><strong>mendis</strong></span> <span class='ocrx_word' id='word_1_118' title='bbox 3068 671 3125 721; x_wconf 90' lang='lat' dir='ltr'><strong>et</strong></span> <span class='ocrx_word' id='word_1_119' title='bbox 3184 663 3428 720; x_wconf 87' lang='lat' dir='ltr'><strong>salebris</strong></span> <span class='ocrx_word' id='word_1_120' title='bbox 3486 662 3839 733; x_wconf 88' lang='lat' dir='ltr'><strong>repurgandi</strong></span> 
     </span>
    </p>
   </div>
   <div class='ocr_carea' id='block_1_20' title="bbox 2197 750 3836 829">
    <p class='ocr_par' dir='ltr' id='par_1_20' title="bbox 2197 750 3836 829">
     <span class='ocr_line' id='line_1_20' title="bbox 2197 750 3836 829; baseline -0.005 -17"><span class='ocrx_word' id='word_1_121' title='bbox 2197 762 2370 829; x_wconf 88' lang='lat' dir='ltr'><strong>atque</strong></span> <span class='ocrx_word' id='word_1_122' title='bbox 2400 756 2753 813; x_wconf 89' lang='lat' dir='ltr'><strong>illustrandi.</strong></span> <span class='ocrx_word' id='word_1_123' title='bbox 2805 759 2965 821; x_wconf 87' lang='lat' dir='ltr'><strong>Quod</strong></span> <span class='ocrx_word' id='word_1_124' title='bbox 3016 755 3215 810; x_wconf 89' lang='lat' dir='ltr'><strong>nullus</strong></span> <span class='ocrx_word' id='word_1_125' title='bbox 3268 769 3521 823; x_wconf 86' lang='lat' dir='ltr'><strong>unquam</strong></span> <span class='ocrx_word' id='word_1_126' title='bbox 3557 750 3707 805; x_wconf 89' lang='lat' dir='ltr'><strong>alius</strong></span> <span class='ocrx_word' id='word_1_127' title='bbox 3738 767 3836 821; x_wconf 87' lang='lat' dir='ltr'><strong>ag-</strong></span> 
     </span>
    </p>
   </div>
   <div class='ocr_carea' id='block_1_21' title="bbox 2196 840 3842 919">
    <p class='ocr_par' dir='ltr' id='par_1_21' title="bbox 2196 840 3842 919">
     <span class='ocr_line' id='line_1_21' title="bbox 2196 840 3842 919; baseline -0.005 -19"><span class='ocrx_word' id='word_1_128' title='bbox 2196 846 2357 919; x_wconf 90' lang='lat' dir='ltr'><strong>gredi</strong></span> <span class='ocrx_word' id='word_1_129' title='bbox 2389 864 2568 901; x_wconf 90' lang='lat' dir='ltr'><strong>ausus</strong></span> <span class='ocrx_word' id='word_1_130' title='bbox 2598 846 2800 914; x_wconf 89' lang='lat' dir='ltr'><strong>est,vel</strong></span> <span class='ocrx_word' id='word_1_131' title='bbox 2834 862 2899 901; x_wconf 91' lang='lat' dir='ltr'><strong>ea</strong></span> <span class='ocrx_word' id='word_1_132' title='bbox 2930 862 3071 900; x_wconf 87' lang='lat' dir='ltr'><strong>sane</strong></span> <span class='ocrx_word' id='word_1_133' title='bbox 3101 842 3389 914; x_wconf 87' lang='lat' dir='ltr'><strong>elegantia</strong></span> <span class='ocrx_word' id='word_1_134' title='bbox 3419 845 3475 895; x_wconf 91' lang='lat' dir='ltr'><strong>et</strong></span> <span class='ocrx_word' id='word_1_135' title='bbox 3505 840 3693 894; x_wconf 91' lang='lat' dir='ltr'><strong>nitore</strong></span> <span class='ocrx_word' id='word_1_136' title='bbox 3723 856 3842 893; x_wconf 88' lang='lat' dir='ltr'><strong>ser-</strong></span> 
     </span>
    </p>
   </div>
   <div class='ocr_carea' id='block_1_22' title="bbox 2198 930 3836 1006">
    <p class='ocr_par' dir='ltr' id='par_1_22' title="bbox 2198 930 3836 1006">
     <span class='ocr_line' id='line_1_22' title="bbox 2198 930 3836 1006; baseline -0.005 -16"><span class='ocrx_word' id='word_1_137' title='bbox 2198 935 2410 1003; x_wconf 87' lang='lat' dir='ltr'><strong>monis,</strong></span> <span class='ocrx_word' id='word_1_138' title='bbox 2446 952 2630 1006; x_wconf 89' lang='lat' dir='ltr'><strong>eaque</strong></span> <span class='ocrx_word' id='word_1_139' title='bbox 2662 934 2934 991; x_wconf 87' lang='lat' dir='ltr'><strong>felicitate</strong></span> <span class='ocrx_word' id='word_1_140' title='bbox 2965 939 3021 988; x_wconf 89' lang='lat' dir='ltr'><strong>et</strong></span> <span class='ocrx_word' id='word_1_141' title='bbox 3068 933 3201 998; x_wconf 81' lang='lat' dir='ltr'><strong>fide,</strong></span> <span class='ocrx_word' id='word_1_142' title='bbox 3248 936 3305 986; x_wconf 88' lang='lat' dir='ltr'><strong>et</strong></span> <span class='ocrx_word' id='word_1_143' title='bbox 3349 930 3602 985; x_wconf 89' lang='lat' dir='ltr'><strong>oratoria</strong></span> <span class='ocrx_word' id='word_1_144' title='bbox 3631 934 3686 983; x_wconf 91' lang='lat' dir='ltr'><strong>et</strong></span> <span class='ocrx_word' id='word_1_145' title='bbox 3717 944 3836 982; x_wconf 93' lang='lat' dir='ltr'><strong>me-</strong></span> 
     </span>
    </p>
   </div>
   <div class='ocr_carea' id='block_1_23' title="bbox 2197 1021 3209 1095">
    <p class='ocr_par' dir='ltr' id='par_1_23' title="bbox 2197 1021 3209 1095">
     <span class='ocr_line' id='line_1_23' title="bbox 2197 1021 3209 1095; baseline -0.005 -16"><span class='ocrx_word' id='word_1_146' title='bbox 2197 1024 2345 1080; x_wconf 87' lang='lat' dir='ltr'><strong>trica</strong></span> <span class='ocrx_word' id='word_1_147' title='bbox 2374 1041 2491 1095; x_wconf 91' lang='lat' dir='ltr'><strong>qua</strong></span> <span class='ocrx_word' id='word_1_148' title='bbox 2516 1024 2662 1095; x_wconf 90' lang='lat' dir='ltr'><strong>ipse,</strong></span> <span class='ocrx_word' id='word_1_149' title='bbox 2696 1027 2971 1095; x_wconf 68' lang='lat' dir='ltr'><strong>praestare</strong></span> <span class='ocrx_word' id='word_1_150' title='bbox 3003 1021 3209 1093; x_wconf 90' lang='lat' dir='ltr'><strong>potuit.</strong></span> 
     </span>
    </p>
   </div>
   <div class='ocr_carea' id='block_1_24' title="bbox 2269 1105 3838 1184">
    <p class='ocr_par' dir='ltr' id='par_1_24' title="bbox 2269 1105 3838 1184">
     <span class='ocr_line' id='line_1_24' title="bbox 2269 1105 3838 1184; baseline -0.004 -17"><span class='ocrx_word' id='word_1_151' title='bbox 2269 1113 2346 1167; x_wconf 90' lang='lat' dir='ltr'><strong>lbi</strong></span> <span class='ocrx_word' id='word_1_152' title='bbox 2380 1129 2517 1184; x_wconf 89' lang='lat' dir='ltr'><strong>ergo</strong></span> <span class='ocrx_word' id='word_1_153' title='bbox 2576 1113 2717 1167; x_wconf 92' lang='lat' dir='ltr'><strong>dum</strong></span> <span class='ocrx_word' id='word_1_154' title='bbox 2774 1110 3079 1174; x_wconf 85' lang='lat' dir='ltr'><strong>delitescit,</strong></span> <span class='ocrx_word' id='word_1_155' title='bbox 3135 1115 3193 1164; x_wconf 88' lang='lat' dir='ltr'><strong>et</strong></span> <span class='ocrx_word' id='word_1_156' title='bbox 3227 1106 3555 1163; x_wconf 87' lang='lat' dir='ltr'><strong>mirabilem</strong></span> <span class='ocrx_word' id='word_1_157' title='bbox 3612 1105 3838 1161; x_wconf 65' lang='lat' dir='ltr'><strong>Graeca-</strong></span> 
     </span>
    </p>
   </div>
   <div class='ocr_carea' id='block_1_25' title="bbox 2197 1193 3837 1269">
    <p class='ocr_par' dir='ltr' id='par_1_25' title="bbox 2197 1193 3837 1269">
     <span class='ocr_line' id='line_1_25' title="bbox 2197 1193 3837 1269; baseline -0.005 -13"><span class='ocrx_word' id='word_1_158' title='bbox 2197 1218 2327 1256; x_wconf 89' lang='lat' dir='ltr'><strong>rum</strong></span> <span class='ocrx_word' id='word_1_159' title='bbox 2353 1201 2679 1256; x_wconf 89' lang='lat' dir='ltr'><strong>litterarum</strong></span> <span class='ocrx_word' id='word_1_160' title='bbox 2712 1200 2871 1255; x_wconf 91' lang='lat' dir='ltr'><strong>sitim</strong></span> <span class='ocrx_word' id='word_1_161' title='bbox 2921 1200 3017 1254; x_wconf 89' lang='lat' dir='ltr'><strong>die</strong></span> <span class='ocrx_word' id='word_1_162' title='bbox 3065 1202 3346 1269; x_wconf 86' lang='lat' dir='ltr'><strong>nocteque</strong></span> <span class='ocrx_word' id='word_1_163' title='bbox 3395 1195 3604 1266; x_wconf 82' lang='lat' dir='ltr'><strong>explet,</strong></span> <span class='ocrx_word' id='word_1_164' title='bbox 3638 1201 3694 1249; x_wconf 87' lang='lat' dir='ltr'><strong>et</strong></span> <span class='ocrx_word' id='word_1_165' title='bbox 3723 1193 3837 1248; x_wconf 90' lang='lat' dir='ltr'><strong>lin-</strong></span> 
     </span>
    </p>
   </div>
   <div class='ocr_carea' id='block_1_26' title="bbox 2196 1284 3833 1362">
    <p class='ocr_par' dir='ltr' id='par_1_26' title="bbox 2196 1284 3833 1362">
     <span class='ocr_line' id='line_1_26' title="bbox 2196 1284 3833 1362; baseline -0.006 -16"><span class='ocrx_word' id='word_1_166' title='bbox 2196 1306 2321 1362; x_wconf 74' lang='lat' dir='ltr'><strong>guae</strong></span> <span class='ocrx_word' id='word_1_167' title='bbox 2345 1289 2635 1345; x_wconf 74' lang='lat' dir='ltr'><strong>Hebraicaa</strong></span> <span class='ocrx_word' id='word_1_168' title='bbox 2652 1290 2761 1344; x_wconf 90' lang='lat' dir='ltr'><strong>sub</strong></span> <span class='ocrx_word' id='word_1_169' title='bbox 2781 1289 2983 1344; x_wconf 73' lang='lat' dir='ltr'><strong>Judaao</strong></span> <span class='ocrx_word' id='word_1_170' title='bbox 3007 1289 3259 1359; x_wconf 91' lang='lat' dir='ltr'><strong>quodam</strong></span> <span class='ocrx_word' id='word_1_171' title='bbox 3282 1286 3623 1340; x_wconf 87' lang='lat' dir='ltr'><strong>rudimenta</strong></span> <span class='ocrx_word' id='word_1_172' title='bbox 3650 1284 3833 1354; x_wconf 89' lang='lat' dir='ltr'><strong>ponit,</strong></span> 
     </span>
    </p>
   </div>
   <div class='ocr_carea' id='block_1_27' title="bbox 2195 1374 3839 1434">
    <p class='ocr_par' dir='ltr' id='par_1_27' title="bbox 2195 1374 3839 1434">
     <span class='ocr_line' id='line_1_27' title="bbox 2195 1374 3839 1434; baseline -0.005 0"><span class='ocrx_word' id='word_1_173' title='bbox 2195 1396 2344 1434; x_wconf 90' lang='lat' dir='ltr'><strong>ecce.</strong></span> <span class='ocrx_word' id='word_1_174' title='bbox 2375 1380 2467 1434; x_wconf 89' lang='lat' dir='ltr'><strong>vix</strong></span> <span class='ocrx_word' id='word_1_175' title='bbox 2497 1384 2694 1434; x_wconf 81' lang='lat' dir='ltr'><strong>exacto</strong></span> <span class='ocrx_word' id='word_1_176' title='bbox 2745 1377 3013 1433; x_wconf 85' lang='lat' dir='ltr'><strong>Avinioni</strong></span> <span class='ocrx_word' id='word_1_177' title='bbox 3066 1377 3303 1431; x_wconf 88' lang='lat' dir='ltr'><strong>biennio</strong></span> <span class='ocrx_word' id='word_1_178' title='bbox 3359 1393 3391 1429; x_wconf 87' lang='lat' dir='ltr'><strong>a</strong></span> <span class='ocrx_word' id='word_1_179' title='bbox 3439 1374 3750 1429; x_wconf 90' lang='lat' dir='ltr'><strong>reverendo</strong></span> <span class='ocrx_word' id='word_1_180' title='bbox 3781 1375 3839 1427; x_wconf 85' lang='lat' dir='ltr'><strong>et</strong></span> 
     </span>
    </p>
   </div>
   <div class='ocr_carea' id='block_1_28' title="bbox 2194 1461 3834 1540">
    <p class='ocr_par' dir='ltr' id='par_1_28' title="bbox 2194 1461 3834 1540">
     <span class='ocr_line' id='line_1_28' title="bbox 2194 1461 3834 1540; baseline -0.004 -19"><span class='ocrx_word' id='word_1_181' title='bbox 2194 1467 2644 1540; x_wconf 86' lang='lat' dir='ltr'><strong>pientiss.fratre</strong></span> <span class='ocrx_word' id='word_1_182' title='bbox 2670 1467 2896 1522; x_wconf 86' lang='lat' dir='ltr'><strong>Joanne</strong></span> <span class='ocrx_word' id='word_1_183' title='bbox 2928 1465 3093 1521; x_wconf 88' lang='lat' dir='ltr'><strong>Billio</strong></span> <span class='ocrx_word' id='word_1_184' title='bbox 3120 1465 3325 1521; x_wconf 89' lang='lat' dir='ltr'><strong>abbate</strong></span> <span class='ocrx_word' id='word_1_185' title='bbox 3357 1462 3552 1518; x_wconf 90' lang='lat' dir='ltr'><strong>Sancti</strong></span> <span class='ocrx_word' id='word_1_186' title='bbox 3588 1461 3834 1516; x_wconf 84' lang='lat' dir='ltr'><strong>Michae-</strong></span> 
     </span>
    </p>
   </div>
   <div class='ocr_carea' id='block_1_29' title="bbox 2194 1550 3834 1623">
    <p class='ocr_par' dir='ltr' id='par_1_29' title="bbox 2194 1550 3834 1623">
     <span class='ocr_line' id='line_1_29' title="bbox 2194 1550 3834 1623; baseline -0.005 -11"><span class='ocrx_word' id='word_1_187' title='bbox 2194 1556 2266 1612; x_wconf 89' lang='lat' dir='ltr'><strong>lis</strong></span> <span class='ocrx_word' id='word_1_188' title='bbox 2297 1557 2355 1611; x_wconf 90' lang='lat' dir='ltr'><strong>in</strong></span> <span class='ocrx_word' id='word_1_189' title='bbox 2390 1558 2615 1623; x_wconf 90' lang='lat' dir='ltr'><strong>Eremo,</strong></span> <span class='ocrx_word' id='word_1_190' title='bbox 2660 1560 2716 1610; x_wconf 91' lang='lat' dir='ltr'><strong>et</strong></span> <span class='ocrx_word' id='word_1_191' title='bbox 2765 1556 2909 1610; x_wconf 68' lang='lat' dir='ltr'><strong>divae</strong></span> <span class='ocrx_word' id='word_1_192' title='bbox 2968 1554 3157 1609; x_wconf 77' lang='lat' dir='ltr'><strong>Maria:</strong></span> <span class='ocrx_word' id='word_1_193' title='bbox 3208 1553 3267 1607; x_wconf 89' lang='lat' dir='ltr'><strong>in</strong></span> <span class='ocrx_word' id='word_1_194' title='bbox 3324 1550 3593 1623; x_wconf 82' lang='lat' dir='ltr'><strong>Regiensi</strong></span> <span class='ocrx_word' id='word_1_195' title='bbox 3641 1550 3834 1604; x_wconf 87' lang='lat' dir='ltr'><strong>insula</strong></span> 
     </span>
    </p>
   </div>
   <div class='ocr_carea' id='block_1_30' title="bbox 2192 1638 3833 1701">
    <p class='ocr_par' dir='ltr' id='par_1_30' title="bbox 2192 1638 3833 1701">
     <span class='ocr_line' id='line_1_30' title="bbox 2192 1638 3833 1701; baseline -0.004 0"><span class='ocrx_word' id='word_1_196' title='bbox 2192 1647 2507 1701; x_wconf 89' lang='lat' dir='ltr'><strong>accersitur</strong></span> <span class='ocrx_word' id='word_1_197' title='bbox 2563 1650 2619 1700; x_wconf 88' lang='lat' dir='ltr'><strong>et</strong></span> <span class='ocrx_word' id='word_1_198' title='bbox 2672 1650 2991 1700; x_wconf 84' lang='lat' dir='ltr'><strong>revocatur.</strong></span> <span class='ocrx_word' id='word_1_199' title='bbox 3041 1644 3188 1697; x_wconf 91' lang='lat' dir='ltr'><strong>Tum</strong></span> <span class='ocrx_word' id='word_1_200' title='bbox 3250 1642 3404 1695; x_wconf 90' lang='lat' dir='ltr'><strong>enim</strong></span> <span class='ocrx_word' id='word_1_201' title='bbox 3453 1641 3523 1695; x_wconf 92' lang='lat' dir='ltr'><strong>de</strong></span> <span class='ocrx_word' id='word_1_202' title='bbox 3582 1638 3833 1694; x_wconf 88' lang='lat' dir='ltr'><strong>abbatiis</strong></span> 
     </span>
    </p>
   </div>
   <div class='ocr_carea' id='block_1_31' title="bbox 2191 1727 3831 1806">
    <p class='ocr_par' dir='ltr' id='par_1_31' title="bbox 2191 1727 3831 1806">
     <span class='ocr_line' id='line_1_31' title="bbox 2191 1727 3831 1806; baseline -0.005 -17"><span class='ocrx_word' id='word_1_203' title='bbox 2191 1735 2328 1803; x_wconf 88' lang='lat' dir='ltr'><strong>illis,</strong></span> <span class='ocrx_word' id='word_1_204' title='bbox 2361 1735 2547 1806; x_wconf 89' lang='lat' dir='ltr'><strong>deque</strong></span> <span class='ocrx_word' id='word_1_205' title='bbox 2577 1733 2770 1805; x_wconf 87' lang='lat' dir='ltr'><strong>amplo</strong></span> <span class='ocrx_word' id='word_1_206' title='bbox 2802 1739 2859 1789; x_wconf 90' lang='lat' dir='ltr'><strong>et</strong></span> <span class='ocrx_word' id='word_1_207' title='bbox 2888 1732 3065 1788; x_wconf 89' lang='lat' dir='ltr'><strong>nobili</strong></span> <span class='ocrx_word' id='word_1_208' title='bbox 3099 1730 3447 1804; x_wconf 92' lang='lat' dir='ltr'><strong>patrimonio</strong></span> <span class='ocrx_word' id='word_1_209' title='bbox 3476 1728 3707 1799; x_wconf 89' lang='lat' dir='ltr'><strong>(quippe</strong></span> <span class='ocrx_word' id='word_1_210' title='bbox 3730 1727 3831 1798; x_wconf 88' lang='lat' dir='ltr'><strong>qui</strong></span> 
     </span>
    </p>
   </div>
   <div class='ocr_carea' id='block_1_32' title="bbox 2194 1816 3829 1890">
    <p class='ocr_par' dir='ltr' id='par_1_32' title="bbox 2194 1816 3829 1890">
     <span class='ocr_line' id='line_1_32' title="bbox 2194 1816 3829 1890; baseline -0.006 -11"><span class='ocrx_word' id='word_1_211' title='bbox 2194 1825 2437 1879; x_wconf 83' lang='lat' dir='ltr'><strong>fratrum</strong></span> <span class='ocrx_word' id='word_1_212' title='bbox 2473 1828 2613 1878; x_wconf 91' lang='lat' dir='ltr'><strong>natu</strong></span> <span class='ocrx_word' id='word_1_213' title='bbox 2642 1828 2764 1879; x_wconf 90' lang='lat' dir='ltr'><strong>erat</strong></span> <span class='ocrx_word' id='word_1_214' title='bbox 2797 1823 3111 1888; x_wconf 87' lang='lat' dir='ltr'><strong>maximus)</strong></span> <span class='ocrx_word' id='word_1_215' title='bbox 3132 1826 3189 1876; x_wconf 91' lang='lat' dir='ltr'><strong>et</strong></span> <span class='ocrx_word' id='word_1_216' title='bbox 3212 1821 3281 1874; x_wconf 93' lang='lat' dir='ltr'><strong>de</strong></span> <span class='ocrx_word' id='word_1_217' title='bbox 3301 1819 3428 1890; x_wconf 91' lang='lat' dir='ltr'><strong>ipso</strong></span> <span class='ocrx_word' id='word_1_218' title='bbox 3452 1816 3829 1887; x_wconf 88' lang='lat' dir='ltr'><strong>relinquendo</strong></span> 
     </span>
    </p>
   </div>
   <div class='ocr_carea' id='block_1_33' title="bbox 436 1906 3830 2002">
    <p class='ocr_par' dir='ltr' id='par_1_33' title="bbox 436 1906 3830 2002">
     <span class='ocr_line' id='line_1_33' title="bbox 436 1906 3830 2002; baseline -0.001 -41"><span class='ocrx_word' id='word_1_219' title='bbox 436 1909 562 1961; x_wconf 71' lang='lat' dir='ltr'><strong>vitae</strong></span> <span class='ocrx_word' id='word_1_220' title='bbox 596 1909 724 1978; x_wconf 86' lang='lat' dir='ltr'><strong>ejus</strong></span> <span class='ocrx_word' id='word_1_221' title='bbox 756 1924 983 1975; x_wconf 78' lang='lat' dir='ltr'><strong>cursus,</strong></span> <span class='ocrx_word' id='word_1_222' title='bbox 1018 1924 1237 1979; x_wconf 87' lang='lat' dir='ltr'><strong>quosve</strong></span> <span class='ocrx_word' id='word_1_223' title='bbox 1268 1924 1612 1980; x_wconf 88' lang='lat' dir='ltr'><strong>progressus</strong></span> <span class='ocrx_word' id='word_1_224' title='bbox 1644 1909 1924 1973; x_wconf 82' lang='lat' dir='ltr'><strong>fecerit,si</strong></span> <span class='ocrx_word' id='word_1_225' title='bbox 1948 1911 2077 1981; x_wconf 90' lang='lat' dir='ltr'><strong>quis</strong></span> <span class='ocrx_word' id='word_1_226' title='bbox 2111 1939 2157 2002; x_wconf 82' lang='lat' dir='ltr'><strong>B</strong></span> <span class='ocrx_word' id='word_1_227' title='bbox 2191 1913 2421 1981; x_wconf 72' lang='lat' dir='ltr'><strong>saeculo,</strong></span> <span class='ocrx_word' id='word_1_228' title='bbox 2454 1914 2642 1984; x_wconf 89' lang='lat' dir='ltr'><strong>deque</strong></span> <span class='ocrx_word' id='word_1_229' title='bbox 2700 1929 2847 1967; x_wconf 90' lang='lat' dir='ltr'><strong>novo</strong></span> <span class='ocrx_word' id='word_1_230' title='bbox 2903 1912 3029 1965; x_wconf 73' lang='lat' dir='ltr'><strong>vitae</strong></span> <span class='ocrx_word' id='word_1_231' title='bbox 3087 1926 3295 1981; x_wconf 85' lang='lat' dir='ltr'><strong>genere</strong></span> <span class='ocrx_word' id='word_1_232' title='bbox 3354 1906 3712 1962; x_wconf 85' lang='lat' dir='ltr'><strong>instituendo</strong></span> <span class='ocrx_word' id='word_1_233' title='bbox 3773 1910 3830 1959; x_wconf 90' lang='lat' dir='ltr'><strong>et</strong></span> 
     </span>
    </p>
   </div>
   <div class='ocr_carea' id='block_1_34' title="bbox 433 1996 2075 2068">
    <p class='ocr_par' dir='ltr' id='par_1_34' title="bbox 433 1996 2075 2068">
     <span class='ocr_line' id='line_1_34' title="bbox 433 1996 2075 2068; baseline 0.001 -17"><span class='ocrx_word' id='word_1_234' title='bbox 433 1996 582 2051; x_wconf 90' lang='lat' dir='ltr'><strong>scire</strong></span> <span class='ocrx_word' id='word_1_235' title='bbox 624 1996 932 2061; x_wconf 90' lang='lat' dir='ltr'><strong>desideret,</strong></span> <span class='ocrx_word' id='word_1_236' title='bbox 966 2012 1034 2050; x_wconf 84' lang='lat' dir='ltr'><strong>ex</strong></span> <span class='ocrx_word' id='word_1_237' title='bbox 1063 1996 1171 2051; x_wconf 82' lang='lat' dir='ltr'><strong>hac</strong></span> <span class='ocrx_word' id='word_1_238' title='bbox 1214 1997 1651 2052; x_wconf 89' lang='lat' dir='ltr'><strong>narratiuncula</strong></span> <span class='ocrx_word' id='word_1_239' title='bbox 1674 1999 1875 2068; x_wconf 88' lang='lat' dir='ltr'><strong>paucis</strong></span> <span class='ocrx_word' id='word_1_240' title='bbox 1905 1999 2075 2054; x_wconf 87' lang='lat' dir='ltr'><strong>intel-</strong></span> 
     </span>
    </p>
   </div>
   <div class='ocr_carea' id='block_1_35' title="bbox 433 2086 594 2155">
    <p class='ocr_par' dir='ltr' id='par_1_35' title="bbox 433 2086 594 2155">
     <span class='ocr_line' id='line_1_35' title="bbox 433 2086 594 2155; baseline 0 -16"><span class='ocrx_word' id='word_1_241' title='bbox 433 2086 594 2155; x_wconf 86' lang='lat' dir='ltr'><strong>liget.</strong></span> 
     </span>
    </p>
   </div>
   <div class='ocr_carea' id='block_1_36' title="bbox 502 2173 2075 2247">
    <p class='ocr_par' dir='ltr' id='par_1_36' title="bbox 502 2173 2075 2247">
     <span class='ocr_line' id='line_1_36' title="bbox 502 2173 2075 2247; baseline 0.002 -19"><span class='ocrx_word' id='word_1_242' title='bbox 502 2175 669 2230; x_wconf 89' lang='lat' dir='ltr'><strong>Anno</strong></span> <span class='ocrx_word' id='word_1_243' title='bbox 702 2175 857 2242; x_wconf 86' lang='grc'><strong>1535,</strong></span> <span class='ocrx_word' id='word_1_244' title='bbox 901 2173 1285 2230; x_wconf 80' lang='lat' dir='ltr'><strong>nobilissimis</strong></span> <span class='ocrx_word' id='word_1_245' title='bbox 1325 2179 1382 2230; x_wconf 89' lang='lat' dir='ltr'><strong>et</strong></span> <span class='ocrx_word' id='word_1_246' title='bbox 1430 2175 1772 2231; x_wconf 87' lang='lat' dir='ltr'><strong>clarissimis</strong></span> <span class='ocrx_word' id='word_1_247' title='bbox 1822 2178 2075 2247; x_wconf 88' lang='lat' dir='ltr'><strong>parenti-</strong></span> 
     </span>
    </p>
   </div>
   <div class='ocr_carea' id='block_1_37' title="bbox 430 2262 2074 2321">
    <p class='ocr_par' dir='ltr' id='par_1_37' title="bbox 430 2262 2074 2321">
     <span class='ocr_line' id='line_1_37' title="bbox 430 2262 2074 2321; baseline 0.002 -4"><span class='ocrx_word' id='word_1_248' title='bbox 430 2262 540 2318; x_wconf 87' lang='lat' dir='ltr'><strong>bus</strong></span> <span class='ocrx_word' id='word_1_249' title='bbox 574 2264 861 2319; x_wconf 88' lang='lat' dir='ltr'><strong>Ludovico</strong></span> <span class='ocrx_word' id='word_1_250' title='bbox 892 2262 1058 2319; x_wconf 90' lang='lat' dir='ltr'><strong>Billio</strong></span> <span class='ocrx_word' id='word_1_251' title='bbox 1109 2268 1165 2318; x_wconf 90' lang='lat' dir='ltr'><strong>et</strong></span> <span class='ocrx_word' id='word_1_252' title='bbox 1203 2264 1385 2319; x_wconf 90' lang='lat' dir='ltr'><strong>Maria</strong></span> <span class='ocrx_word' id='word_1_253' title='bbox 1442 2265 1801 2320; x_wconf 69' lang='lat' dir='ltr'><strong>Brichantaaa</strong></span> <span class='ocrx_word' id='word_1_254' title='bbox 1863 2266 2074 2321; x_wconf 70' lang='lat' dir='ltr'><strong>Guisias</strong></span> 
     </span>
    </p>
   </div>
   <div class='ocr_carea' id='block_1_38' title="bbox 429 2353 2077 2427">
    <p class='ocr_par' dir='ltr' id='par_1_38' title="bbox 429 2353 2077 2427">
     <span class='ocr_line' id='line_1_38' title="bbox 429 2353 2077 2427; baseline 0.002 -21"><span class='ocrx_word' id='word_1_255' title='bbox 429 2356 604 2408; x_wconf 89' lang='lat' dir='ltr'><strong>natus</strong></span> <span class='ocrx_word' id='word_1_256' title='bbox 636 2357 870 2424; x_wconf 89' lang='lat' dir='ltr'><strong>est,quo</strong></span> <span class='ocrx_word' id='word_1_257' title='bbox 895 2357 1154 2423; x_wconf 88' lang='lat' dir='ltr'><strong>tempore</strong></span> <span class='ocrx_word' id='word_1_258' title='bbox 1175 2353 1664 2425; x_wconf 87' lang='lat' dir='ltr'><strong>generosissimus</strong></span> <span class='ocrx_word' id='word_1_259' title='bbox 1697 2355 1884 2425; x_wconf 90' lang='lat' dir='ltr'><strong>ipsius</strong></span> <span class='ocrx_word' id='word_1_260' title='bbox 1914 2360 2077 2427; x_wconf 90' lang='lat' dir='ltr'><strong>pater</strong></span> 
     </span>
    </p>
   </div>
   <div class='ocr_carea' id='block_1_39' title="bbox 432 2440 2074 2514">
    <p class='ocr_par' dir='ltr' id='par_1_39' title="bbox 432 2440 2074 2514">
     <span class='ocr_line' id='line_1_39' title="bbox 432 2440 2074 2514; baseline 0.002 -19"><span class='ocrx_word' id='word_1_261' title='bbox 432 2440 759 2497; x_wconf 86' lang='lat' dir='ltr'><strong>Ludovicus</strong></span> <span class='ocrx_word' id='word_1_262' title='bbox 806 2440 1010 2496; x_wconf 90' lang='lat' dir='ltr'><strong>Billius</strong></span> <span class='ocrx_word' id='word_1_263' title='bbox 1057 2440 1392 2497; x_wconf 71' lang='lat' dir='ltr'><strong>Corvillaeus</strong></span> <span class='ocrx_word' id='word_1_264' title='bbox 1432 2442 1539 2513; x_wconf 91' lang='lat' dir='ltr'><strong>(sic</strong></span> <span class='ocrx_word' id='word_1_265' title='bbox 1584 2442 1739 2497; x_wconf 89' lang='lat' dir='ltr'><strong>enim</strong></span> <span class='ocrx_word' id='word_1_266' title='bbox 1773 2460 1806 2497; x_wconf 94' lang='lat' dir='ltr'><strong>a</strong></span> <span class='ocrx_word' id='word_1_267' title='bbox 1837 2449 2074 2514; x_wconf 89' lang='lat' dir='ltr'><strong>paterno</strong></span> 
     </span>
    </p>
   </div>
   <div class='ocr_carea' id='block_1_40' title="bbox 427 2528 2076 2603">
    <p class='ocr_par' dir='ltr' id='par_1_40' title="bbox 427 2528 2076 2603">
     <span class='ocr_line' id='line_1_40' title="bbox 427 2528 2076 2603; baseline 0.002 -18"><span class='ocrx_word' id='word_1_268' title='bbox 427 2534 485 2585; x_wconf 90' lang='lat' dir='ltr'><strong>et</strong></span> <span class='ocrx_word' id='word_1_269' title='bbox 517 2530 735 2603; x_wconf 88' lang='lat' dir='ltr'><strong>insigni</strong></span> <span class='ocrx_word' id='word_1_270' title='bbox 767 2546 911 2599; x_wconf 81' lang='lat' dir='ltr'><strong>pago</strong></span> <span class='ocrx_word' id='word_1_271' title='bbox 942 2528 1260 2596; x_wconf 80' lang='lat' dir='ltr'><strong>Corvillaeo,</strong></span> <span class='ocrx_word' id='word_1_272' title='bbox 1312 2536 1375 2585; x_wconf 90' lang='lat' dir='ltr'><strong>ut</strong></span> <span class='ocrx_word' id='word_1_273' title='bbox 1406 2536 1607 2602; x_wconf 89' lang='lat' dir='ltr'><strong>postea</strong></span> <span class='ocrx_word' id='word_1_274' title='bbox 1665 2548 1699 2586; x_wconf 90' lang='lat' dir='ltr'><strong>a</strong></span> <span class='ocrx_word' id='word_1_275' title='bbox 1757 2533 1932 2588; x_wconf 88' lang='lat' dir='ltr'><strong>nobili</strong></span> <span class='ocrx_word' id='word_1_276' title='bbox 1968 2550 2076 2589; x_wconf 91' lang='lat' dir='ltr'><strong>sua</strong></span> 
     </span>
    </p>
   </div>
   <div class='ocr_carea' id='block_1_41' title="bbox 428 2618 2075 2686">
    <p class='ocr_par' dir='ltr' id='par_1_41' title="bbox 428 2618 2075 2686">
     <span class='ocr_line' id='line_1_41' title="bbox 428 2618 2075 2686; baseline 0.003 -13"><span class='ocrx_word' id='word_1_277' title='bbox 428 2618 667 2673; x_wconf 64' lang='lat' dir='ltr'><strong>Prunaea</strong></span> <span class='ocrx_word' id='word_1_278' title='bbox 698 2619 869 2675; x_wconf 91' lang='lat' dir='ltr'><strong>domo</strong></span> <span class='ocrx_word' id='word_1_279' title='bbox 901 2622 959 2673; x_wconf 91' lang='lat' dir='ltr'><strong>et</strong></span> <span class='ocrx_word' id='word_1_280' title='bbox 989 2618 1110 2674; x_wconf 90' lang='lat' dir='ltr'><strong>vico</strong></span> <span class='ocrx_word' id='word_1_281' title='bbox 1142 2620 1214 2674; x_wconf 93' lang='lat' dir='ltr'><strong>ad</strong></span> <span class='ocrx_word' id='word_1_282' title='bbox 1246 2620 1569 2676; x_wconf 88' lang='lat' dir='ltr'><strong>Carnutum</strong></span> <span class='ocrx_word' id='word_1_283' title='bbox 1602 2621 1733 2686; x_wconf 91' lang='lat' dir='ltr'><strong>sito,</strong></span> <span class='ocrx_word' id='word_1_284' title='bbox 1796 2621 2075 2678; x_wconf 70' lang='lat' dir='ltr'><strong>Prunaeus</strong></span> 
     </span>
    </p>
   </div>
   <div class='ocr_carea' id='block_1_42' title="bbox 432 2706 2069 2782">
    <p class='ocr_par' dir='ltr' id='par_1_42' title="bbox 432 2706 2069 2782">
     <span class='ocr_line' id='line_1_42' title="bbox 432 2706 2069 2782; baseline 0.003 -21"><span class='ocrx_word' id='word_1_285' title='bbox 432 2708 911 2779; x_wconf 86' lang='lat' dir='ltr'><strong>nuncupabatur)</strong></span> <span class='ocrx_word' id='word_1_286' title='bbox 961 2707 1039 2763; x_wconf 91' lang='lat' dir='ltr'><strong>ibi</strong></span> <span class='ocrx_word' id='word_1_287' title='bbox 1095 2706 1358 2780; x_wconf 88' lang='lat' dir='ltr'><strong>proregis</strong></span> <span class='ocrx_word' id='word_1_288' title='bbox 1433 2708 1625 2764; x_wconf 84' lang='lat' dir='ltr'><strong>officio</strong></span> <span class='ocrx_word' id='word_1_289' title='bbox 1700 2710 2069 2782; x_wconf 90' lang='lat' dir='ltr'><strong>fungebatur.</strong></span> 
     </span>
    </p>
   </div>
   <div class='ocr_carea' id='block_1_43' title="bbox 436 2799 2076 2869">
    <p class='ocr_par' dir='ltr' id='par_1_43' title="bbox 436 2799 2076 2869">
     <span class='ocr_line' id='line_1_43' title="bbox 436 2799 2076 2869; baseline 0.005 -17"><span class='ocrx_word' id='word_1_290' title='bbox 436 2799 762 2854; x_wconf 87' lang='lat' dir='ltr'><strong>Admodum</strong></span> <span class='ocrx_word' id='word_1_291' title='bbox 808 2814 973 2869; x_wconf 91' lang='lat' dir='ltr'><strong>puer,</strong></span> <span class='ocrx_word' id='word_1_292' title='bbox 1030 2804 1091 2853; x_wconf 92' lang='lat' dir='ltr'><strong>ut</strong></span> <span class='ocrx_word' id='word_1_293' title='bbox 1131 2817 1163 2853; x_wconf 91' lang='lat' dir='ltr'><strong>a</strong></span> <span class='ocrx_word' id='word_1_294' title='bbox 1194 2799 1407 2854; x_wconf 89' lang='lat' dir='ltr'><strong>teneris</strong></span> <span class='ocrx_word' id='word_1_295' title='bbox 1441 2800 1614 2855; x_wconf 90' lang='lat' dir='ltr'><strong>annis</strong></span> <span class='ocrx_word' id='word_1_296' title='bbox 1646 2801 1813 2856; x_wconf 89' lang='lat' dir='ltr'><strong>bonis</strong></span> <span class='ocrx_word' id='word_1_297' title='bbox 1870 2803 2076 2860; x_wconf 80' lang='lat' dir='ltr'><strong>litteris</strong></span> 
     </span>
    </p>
   </div>
   <div class='ocr_carea' id='block_1_44' title="bbox 436 2886 2076 2958">
    <p class='ocr_par' dir='ltr' id='par_1_44' title="bbox 436 2886 2076 2958">
     <span class='ocr_line' id='line_1_44' title="bbox 436 2886 2076 2958; baseline 0.004 -18"><span class='ocrx_word' id='word_1_298' title='bbox 436 2902 501 2940; x_wconf 87' lang='lat' dir='ltr'><strong>ac</strong></span> <span class='ocrx_word' id='word_1_299' title='bbox 528 2886 850 2958; x_wconf 87' lang='lat' dir='ltr'><strong>disciplinis</strong></span> <span class='ocrx_word' id='word_1_300' title='bbox 876 2887 1310 2954; x_wconf 86' lang='lat' dir='ltr'><strong>informaretur,</strong></span> <span class='ocrx_word' id='word_1_301' title='bbox 1344 2892 1403 2943; x_wconf 89' lang='lat' dir='ltr'><strong>et</strong></span> <span class='ocrx_word' id='word_1_302' title='bbox 1429 2889 1592 2944; x_wconf 87' lang='lat' dir='ltr'><strong>velut</strong></span> <span class='ocrx_word' id='word_1_303' title='bbox 1621 2907 1755 2945; x_wconf 90' lang='lat' dir='ltr'><strong>cum</strong></span> <span class='ocrx_word' id='word_1_304' title='bbox 1786 2890 1932 2947; x_wconf 88' lang='lat' dir='ltr'><strong>lacte</strong></span> <span class='ocrx_word' id='word_1_305' title='bbox 1964 2911 2076 2948; x_wconf 88' lang='lat' dir='ltr'><strong>nu-</strong></span> 
     </span>
    </p>
   </div>
   <div class='ocr_carea' id='block_1_45' title="bbox 442 2973 2072 3041">
    <p class='ocr_par' dir='ltr' id='par_1_45' title="bbox 442 2973 2072 3041">
     <span class='ocr_line' id='line_1_45' title="bbox 442 2973 2072 3041; baseline 0.007 -16"><span class='ocrx_word' id='word_1_306' title='bbox 442 2973 602 3027; x_wconf 87' lang='lat' dir='ltr'><strong>tricis</strong></span> <span class='ocrx_word' id='word_1_307' title='bbox 656 2974 1038 3041; x_wconf 82' lang='lat' dir='ltr'><strong>imbueretur,</strong></span> <span class='ocrx_word' id='word_1_308' title='bbox 1114 2975 1405 3031; x_wconf 88' lang='lat' dir='ltr'><strong>Lutetiam</strong></span> <span class='ocrx_word' id='word_1_309' title='bbox 1484 2977 1836 3034; x_wconf 88' lang='lat' dir='ltr'><strong>Parisiorum</strong></span> <span class='ocrx_word' id='word_1_310' title='bbox 1897 2982 2072 3036; x_wconf 90' lang='lat' dir='ltr'><strong>venit.</strong></span> 
     </span>
    </p>
   </div>
   <div class='ocr_carea' id='block_1_46' title="bbox 449 3059 2075 3138">
    <p class='ocr_par' dir='ltr' id='par_1_46' title="bbox 449 3059 2075 3138">
     <span class='ocr_line' id='line_1_46' title="bbox 449 3059 2075 3138; baseline 0.008 -24"><span class='ocrx_word' id='word_1_311' title='bbox 449 3059 824 3131; x_wconf 83' lang='lat' dir='ltr'><strong>Unde,jactis</strong></span> <span class='ocrx_word' id='word_1_312' title='bbox 876 3063 1211 3118; x_wconf 88' lang='lat' dir='ltr'><strong>Latinarum</strong></span> <span class='ocrx_word' id='word_1_313' title='bbox 1256 3064 1579 3120; x_wconf 90' lang='lat' dir='ltr'><strong>litterarum</strong></span> <span class='ocrx_word' id='word_1_314' title='bbox 1638 3068 1798 3138; x_wconf 89' lang='lat' dir='ltr'><strong>(nam</strong></span> <span class='ocrx_word' id='word_1_315' title='bbox 1850 3069 2075 3128; x_wconf 73' lang='lat' dir='ltr'><strong>Graecas</strong></span> 
     </span>
    </p>
   </div>
   <div class='ocr_carea' id='block_1_47' title="bbox 446 3151 2074 3227">
    <p class='ocr_par' dir='ltr' id='par_1_47' title="bbox 446 3151 2074 3227">
     <span class='ocr_line' id='line_1_47' title="bbox 446 3151 2074 3227; baseline 0.009 -25"><span class='ocrx_word' id='word_1_316' title='bbox 446 3152 672 3204; x_wconf 89' lang='lat' dir='ltr'><strong>tantum</strong></span> <span class='ocrx_word' id='word_1_317' title='bbox 709 3151 993 3223; x_wconf 87' lang='lat' dir='ltr'><strong>attigerat)</strong></span> <span class='ocrx_word' id='word_1_318' title='bbox 1027 3154 1443 3218; x_wconf 84' lang='lat' dir='ltr'><strong>fundamentis,</strong></span> <span class='ocrx_word' id='word_1_319' title='bbox 1477 3172 1510 3209; x_wconf 89' lang='lat' dir='ltr'><strong>a</strong></span> <span class='ocrx_word' id='word_1_320' title='bbox 1543 3158 1886 3227; x_wconf 88' lang='lat' dir='ltr'><strong>parentibus</strong></span> <span class='ocrx_word' id='word_1_321' title='bbox 1918 3176 2074 3216; x_wconf 88' lang='lat' dir='ltr'><strong>revo-</strong></span> 
     </span>
    </p>
   </div>
   <div class='ocr_carea' id='block_1_48' title="bbox 441 3238 2073 3313">
    <p class='ocr_par' dir='ltr' id='par_1_48' title="bbox 441 3238 2073 3313">
     <span class='ocr_line' id='line_1_48' title="bbox 441 3238 2073 3313; baseline 0.007 -21"><span class='ocrx_word' id='word_1_322' title='bbox 441 3242 625 3305; x_wconf 88' lang='lat' dir='ltr'><strong>catus,</strong></span> <span class='ocrx_word' id='word_1_323' title='bbox 658 3238 747 3293; x_wconf 85' lang='lat' dir='ltr'><strong>vix</strong></span> <span class='ocrx_word' id='word_1_324' title='bbox 787 3257 968 3296; x_wconf 90' lang='lat' dir='ltr'><strong>annos</strong></span> <span class='ocrx_word' id='word_1_325' title='bbox 1028 3248 1201 3297; x_wconf 91' lang='lat' dir='ltr'><strong>natus</strong></span> <span class='ocrx_word' id='word_1_326' title='bbox 1230 3258 1389 3313; x_wconf 80' lang='lat' dir='ltr'><strong>XVIII,</strong></span> <span class='ocrx_word' id='word_1_327' title='bbox 1452 3245 1744 3300; x_wconf 83' lang='lat' dir='ltr'><strong>Aureliam</strong></span> <span class='ocrx_word' id='word_1_328' title='bbox 1804 3252 1861 3302; x_wconf 91' lang='lat' dir='ltr'><strong>et</strong></span> <span class='ocrx_word' id='word_1_329' title='bbox 1891 3247 2073 3305; x_wconf 85' lang='lat' dir='ltr'><strong>Picta-</strong></span> 
     </span>
    </p>
   </div>
   <div class='ocr_carea' id='block_1_49' title="bbox 435 3328 2068 3407">
    <p class='ocr_par' dir='ltr' id='par_1_49' title="bbox 435 3328 2068 3407">
     <span class='ocr_line' id='line_1_49' title="bbox 435 3328 2068 3407; baseline 0.007 -27"><span class='ocrx_word' id='word_1_330' title='bbox 435 3343 572 3381; x_wconf 86' lang='lat' dir='ltr'><strong>vum</strong></span> <span class='ocrx_word' id='word_1_331' title='bbox 607 3328 876 3395; x_wconf 86' lang='lat' dir='ltr'><strong>mittitur,</strong></span> <span class='ocrx_word' id='word_1_332' title='bbox 912 3334 976 3384; x_wconf 92' lang='lat' dir='ltr'><strong>ut</strong></span> <span class='ocrx_word' id='word_1_333' title='bbox 1011 3330 1491 3403; x_wconf 71' lang='lat' dir='ltr'><strong>jurisprudentite</strong></span> <span class='ocrx_word' id='word_1_334' title='bbox 1548 3340 1782 3389; x_wconf 88' lang='lat' dir='ltr'><strong>navaret</strong></span> <span class='ocrx_word' id='word_1_335' title='bbox 1811 3352 2068 3407; x_wconf 89' lang='lat' dir='ltr'><strong>operam,</strong></span> 
     </span>
    </p>
   </div>
   <div class='ocr_carea' id='block_1_50' title="bbox 420 3415 2069 3497">
    <p class='ocr_par' dir='ltr' id='par_1_50' title="bbox 420 3415 2069 3497">
     <span class='ocr_line' id='line_1_50' title="bbox 420 3415 2069 3497; baseline 0.007 -27"><span class='ocrx_word' id='word_1_336' title='bbox 420 3415 531 3471; x_wconf 90' lang='lat' dir='ltr'><strong>Sed</strong></span> <span class='ocrx_word' id='word_1_337' title='bbox 565 3415 715 3472; x_wconf 90' lang='lat' dir='ltr'><strong>hanc</strong></span> <span class='ocrx_word' id='word_1_338' title='bbox 740 3416 981 3486; x_wconf 89' lang='lat' dir='ltr'><strong>lusisse,</strong></span> <span class='ocrx_word' id='word_1_339' title='bbox 1014 3418 1075 3473; x_wconf 90' lang='lat' dir='ltr'><strong>in</strong></span> <span class='ocrx_word' id='word_1_340' title='bbox 1107 3418 1318 3490; x_wconf 89' lang='lat' dir='ltr'><strong>illaque</strong></span> <span class='ocrx_word' id='word_1_341' title='bbox 1350 3420 1515 3487; x_wconf 88' lang='lat' dir='ltr'><strong>nihil,</strong></span> <span class='ocrx_word' id='word_1_342' title='bbox 1561 3428 1662 3477; x_wconf 90' lang='lat' dir='ltr'><strong>aut</strong></span> <span class='ocrx_word' id='word_1_343' title='bbox 1693 3440 1897 3493; x_wconf 90' lang='lat' dir='ltr'><strong>parum</strong></span> <span class='ocrx_word' id='word_1_344' title='bbox 1932 3443 2069 3497; x_wconf 88' lang='lat' dir='ltr'><strong>pro-</strong></span> 
     </span>
    </p>
   </div>
   <div class='ocr_carea' id='block_1_51' title="bbox 420 3505 2066 3585">
    <p class='ocr_par' dir='ltr' id='par_1_51' title="bbox 420 3505 2066 3585">
     <span class='ocr_line' id='line_1_51' title="bbox 420 3505 2066 3585; baseline 0.007 -26"><span class='ocrx_word' id='word_1_345' title='bbox 420 3505 689 3572; x_wconf 88' lang='lat' dir='ltr'><strong>movisse,</strong></span> <span class='ocrx_word' id='word_1_346' title='bbox 720 3507 841 3562; x_wconf 91' lang='lat' dir='ltr'><strong>sive</strong></span> <span class='ocrx_word' id='word_1_347' title='bbox 889 3506 1212 3564; x_wconf 90' lang='lat' dir='ltr'><strong>reluctante</strong></span> <span class='ocrx_word' id='word_1_348' title='bbox 1265 3514 1320 3564; x_wconf 89' lang='lat' dir='ltr'><strong>et</strong></span> <span class='ocrx_word' id='word_1_349' title='bbox 1368 3510 1547 3565; x_wconf 90' lang='lat' dir='ltr'><strong>invita</strong></span> <span class='ocrx_word' id='word_1_350' title='bbox 1596 3512 1724 3582; x_wconf 83' lang='lat' dir='ltr'><strong>ejus</strong></span> <span class='ocrx_word' id='word_1_351' title='bbox 1784 3514 2066 3585; x_wconf 87' lang='lat' dir='ltr'><strong>minerva,</strong></span> 
     </span>
    </p>
   </div>
   <div class='ocr_carea' id='block_1_52' title="bbox 423 3593 2067 3670">
    <p class='ocr_par' dir='ltr' id='par_1_52' title="bbox 423 3593 2067 3670">
     <span class='ocr_line' id='line_1_52' title="bbox 423 3593 2067 3670; baseline 0.008 -23"><span class='ocrx_word' id='word_1_352' title='bbox 423 3593 540 3648; x_wconf 90' lang='lat' dir='ltr'><strong>sive</strong></span> <span class='ocrx_word' id='word_1_353' title='bbox 570 3595 843 3651; x_wconf 88' lang='lat' dir='ltr'><strong>ohctante</strong></span> <span class='ocrx_word' id='word_1_354' title='bbox 866 3595 1104 3666; x_wconf 89' lang='lat' dir='ltr'><strong>juniore</strong></span> <span class='ocrx_word' id='word_1_355' title='bbox 1133 3596 1234 3653; x_wconf 91' lang='lat' dir='ltr'><strong>illa</strong></span> <span class='ocrx_word' id='word_1_356' title='bbox 1263 3602 1430 3653; x_wconf 72' lang='lat' dir='ltr'><strong>aetate</strong></span> <span class='ocrx_word' id='word_1_357' title='bbox 1477 3601 1547 3655; x_wconf 91' lang='lat' dir='ltr'><strong>ad</strong></span> <span class='ocrx_word' id='word_1_358' title='bbox 1573 3601 1869 3670; x_wconf 88' lang='lat' dir='ltr'><strong>juveniles</strong></span> <span class='ocrx_word' id='word_1_359' title='bbox 1899 3603 2067 3660; x_wconf 90' lang='lat' dir='ltr'><strong>lusus</strong></span> 
     </span>
    </p>
   </div>
   <div class='ocr_carea' id='block_1_53' title="bbox 415 3684 2063 3753">
    <p class='ocr_par' dir='ltr' id='par_1_53' title="bbox 415 3684 2063 3753">
     <span class='ocr_line' id='line_1_53' title="bbox 415 3684 2063 3753; baseline 0.007 -17"><span class='ocrx_word' id='word_1_360' title='bbox 415 3684 822 3753; x_wconf 89' lang='lat' dir='ltr'><strong>propensiore,</strong></span> <span class='ocrx_word' id='word_1_361' title='bbox 873 3685 995 3740; x_wconf 90' lang='lat' dir='ltr'><strong>sive</strong></span> <span class='ocrx_word' id='word_1_362' title='bbox 1043 3686 1219 3742; x_wconf 88' lang='lat' dir='ltr'><strong>etiam</strong></span> <span class='ocrx_word' id='word_1_363' title='bbox 1269 3692 1383 3743; x_wconf 88' lang='lat' dir='ltr'><strong>Deo</strong></span> <span class='ocrx_word' id='word_1_364' title='bbox 1434 3689 1505 3743; x_wconf 92' lang='lat' dir='ltr'><strong>ad</strong></span> <span class='ocrx_word' id='word_1_365' title='bbox 1555 3688 1902 3747; x_wconf 89' lang='lat' dir='ltr'><strong>sublimiora</strong></span> <span class='ocrx_word' id='word_1_366' title='bbox 1930 3709 2063 3748; x_wconf 91' lang='lat' dir='ltr'><strong>eum</strong></span> 
     </span>
    </p>
   </div>
   <div class='ocr_carea' id='block_1_54' title="bbox 414 3772 2066 3852">
    <p class='ocr_par' dir='ltr' id='par_1_54' title="bbox 414 3772 2066 3852">
     <span class='ocr_line' id='line_1_54' title="bbox 414 3772 2066 3852; baseline 0.007 -27"><span class='ocrx_word' id='word_1_367' title='bbox 414 3772 614 3826; x_wconf 88' lang='lat' dir='ltr'><strong>studia</strong></span> <span class='ocrx_word' id='word_1_368' title='bbox 642 3772 992 3841; x_wconf 85' lang='lat' dir='ltr'><strong>destinante,</strong></span> <span class='ocrx_word' id='word_1_369' title='bbox 1028 3774 1277 3846; x_wconf 90' lang='lat' dir='ltr'><strong>ingenue</strong></span> <span class='ocrx_word' id='word_1_370' title='bbox 1309 3776 1475 3831; x_wconf 90' lang='lat' dir='ltr'><strong>fateri</strong></span> <span class='ocrx_word' id='word_1_371' title='bbox 1525 3777 1766 3846; x_wconf 89' lang='lat' dir='ltr'><strong>solebat,</strong></span> <span class='ocrx_word' id='word_1_372' title='bbox 1818 3796 2066 3852; x_wconf 89' lang='lat' dir='ltr'><strong>eamque</strong></span> 
     </span>
    </p>
   </div>
   <div class='ocr_carea' id='block_1_55' title="bbox 422 3861 2064 3940">
    <p class='ocr_par' dir='ltr' id='par_1_55' title="bbox 422 3861 2064 3940">
     <span class='ocr_line' id='line_1_55' title="bbox 422 3861 2064 3940; baseline 0.007 -27"><span class='ocrx_word' id='word_1_373' title='bbox 422 3861 703 3931; x_wconf 90' lang='lat' dir='ltr'><strong>temporis</strong></span> <span class='ocrx_word' id='word_1_374' title='bbox 730 3862 869 3932; x_wconf 92' lang='lat' dir='ltr'><strong>(quo</strong></span> <span class='ocrx_word' id='word_1_375' title='bbox 894 3862 1037 3916; x_wconf 91' lang='lat' dir='ltr'><strong>nihil</strong></span> <span class='ocrx_word' id='word_1_376' title='bbox 1070 3863 1304 3919; x_wconf 87' lang='lat' dir='ltr'><strong>tandem</strong></span> <span class='ocrx_word' id='word_1_377' title='bbox 1359 3865 1562 3920; x_wconf 90' lang='lat' dir='ltr'><strong>habuit</strong></span> <span class='ocrx_word' id='word_1_378' title='bbox 1591 3867 2064 3940; x_wconf 87' lang='lat' dir='ltr'><strong>charius)jactu-</strong></span> 
     </span>
    </p>
   </div>
   <div class='ocr_carea' id='block_1_56' title="bbox 423 3949 1218 4022">
    <p class='ocr_par' dir='ltr' id='par_1_56' title="bbox 423 3949 1218 4022">
     <span class='ocr_line' id='line_1_56' title="bbox 423 3949 1218 4022; baseline 0.004 -22"><span class='ocrx_word' id='word_1_379' title='bbox 423 3963 544 4001; x_wconf 89' lang='lat' dir='ltr'><strong>ram</strong></span> <span class='ocrx_word' id='word_1_380' title='bbox 577 3949 931 4020; x_wconf 68' lang='lat' dir='ltr'><strong>saepiuscule</strong></span> <span class='ocrx_word' id='word_1_381' title='bbox 961 3950 1218 4022; x_wconf 90' lang='lat' dir='ltr'><strong>lugebat.</strong></span> 
     </span>
    </p>
   </div>
   <div class='ocr_carea' id='block_1_57' title="bbox 488 4038 2064 4115">
    <p class='ocr_par' dir='ltr' id='par_1_57' title="bbox 488 4038 2064 4115">
     <span class='ocr_line' id='line_1_57' title="bbox 488 4038 2064 4115; baseline 0.008 -25"><span class='ocrx_word' id='word_1_382' title='bbox 488 4038 872 4092; x_wconf 88' lang='lat' dir='ltr'><strong>Postmodum</strong></span> <span class='ocrx_word' id='word_1_383' title='bbox 924 4040 1264 4110; x_wconf 86' lang='lat' dir='ltr'><strong>parentibus</strong></span> <span class='ocrx_word' id='word_1_384' title='bbox 1313 4042 1551 4097; x_wconf 90' lang='lat' dir='ltr'><strong>orbatus</strong></span> <span class='ocrx_word' id='word_1_385' title='bbox 1613 4044 1963 4115; x_wconf 89' lang='lat' dir='ltr'><strong>Lugdunum</strong></span> <span class='ocrx_word' id='word_1_386' title='bbox 2007 4052 2064 4103; x_wconf 90' lang='lat' dir='ltr'><strong>ct</strong></span> 
     </span>
    </p>
   </div>
   <div class='ocr_carea' id='block_1_58' title="bbox 411 4124 2061 4201">
    <p class='ocr_par' dir='ltr' id='par_1_58' title="bbox 411 4124 2061 4201">
     <span class='ocr_line' id='line_1_58' title="bbox 411 4124 2061 4201; baseline 0.01 -25"><span class='ocrx_word' id='word_1_387' title='bbox 411 4124 750 4182; x_wconf 88' lang='lat' dir='ltr'><strong>Avinionem</strong></span> <span class='ocrx_word' id='word_1_388' title='bbox 785 4130 872 4195; x_wconf 92' lang='lat' dir='ltr'><strong>(ea</strong></span> <span class='ocrx_word' id='word_1_389' title='bbox 902 4144 1168 4199; x_wconf 63' lang='lat' dir='ltr'><strong>quaerens</strong></span> <span class='ocrx_word' id='word_1_390' title='bbox 1200 4128 1325 4185; x_wconf 90' lang='lat' dir='ltr'><strong>loca</strong></span> <span class='ocrx_word' id='word_1_391' title='bbox 1354 4129 1413 4185; x_wconf 90' lang='lat' dir='ltr'><strong>in</strong></span> <span class='ocrx_word' id='word_1_392' title='bbox 1474 4132 1690 4201; x_wconf 88' lang='lat' dir='ltr'><strong>quibus</strong></span> <span class='ocrx_word' id='word_1_393' title='bbox 1748 4151 1779 4188; x_wconf 90' lang='lat' dir='ltr'><strong>a</strong></span> <span class='ocrx_word' id='word_1_394' title='bbox 1827 4137 2061 4193; x_wconf 90' lang='lat' dir='ltr'><strong>nemine</strong></span> 
     </span>
    </p>
   </div>
   <div class='ocr_carea' id='block_1_59' title="bbox 410 4215 2059 4287">
    <p class='ocr_par' dir='ltr' id='par_1_59' title="bbox 410 4215 2059 4287">
     <span class='ocr_line' id='line_1_59' title="bbox 410 4215 2059 4287; baseline 0.008 -20"><span class='ocrx_word' id='word_1_395' title='bbox 410 4220 850 4285; x_wconf 87' lang='lat' dir='ltr'><strong>agnosoeretur,</strong></span> <span class='ocrx_word' id='word_1_396' title='bbox 884 4233 998 4287; x_wconf 89' lang='lat' dir='ltr'><strong>quo</strong></span> <span class='ocrx_word' id='word_1_397' title='bbox 1023 4215 1265 4273; x_wconf 89' lang='lat' dir='ltr'><strong>liberius</strong></span> <span class='ocrx_word' id='word_1_398' title='bbox 1296 4224 1353 4273; x_wconf 92' lang='lat' dir='ltr'><strong>et</strong></span> <span class='ocrx_word' id='word_1_399' title='bbox 1403 4220 1752 4277; x_wconf 86' lang='lat' dir='ltr'><strong>familiarius</strong></span> <span class='ocrx_word' id='word_1_400' title='bbox 1785 4240 2059 4281; x_wconf 81' lang='lat' dir='ltr'><strong>mansue-</strong></span> 
     </span>
    </p>
   </div>
   <div class='ocr_carea' id='block_1_60' title="bbox 408 4302 2056 4379">
    <p class='ocr_par' dir='ltr' id='par_1_60' title="bbox 408 4302 2056 4379">
     <span class='ocr_line' id='line_1_60' title="bbox 408 4302 2056 4379; baseline 0.01 -25"><span class='ocrx_word' id='word_1_401' title='bbox 408 4302 660 4358; x_wconf 83' lang='lat' dir='ltr'><strong>tioribus</strong></span> <span class='ocrx_word' id='word_1_402' title='bbox 693 4305 879 4359; x_wconf 89' lang='lat' dir='ltr'><strong>musis</strong></span> <span class='ocrx_word' id='word_1_403' title='bbox 914 4305 1222 4377; x_wconf 88' lang='lat' dir='ltr'><strong>frueretur)</strong></span> <span class='ocrx_word' id='word_1_404' title='bbox 1256 4309 1669 4379; x_wconf 82' lang='lat' dir='ltr'><strong>proﬁciscitur,</strong></span> <span class='ocrx_word' id='word_1_405' title='bbox 1718 4313 1817 4367; x_wconf 87' lang='lat' dir='ltr'><strong>ubi</strong></span> <span class='ocrx_word' id='word_1_406' title='bbox 1870 4313 2056 4370; x_wconf 91' lang='lat' dir='ltr'><strong>incre-</strong></span> 
     </span>
    </p>
   </div>
   <div class='ocr_carea' id='block_1_61' title="bbox 412 4390 2056 4474">
    <p class='ocr_par' dir='ltr' id='par_1_61' title="bbox 412 4390 2056 4474">
     <span class='ocr_line' id='line_1_61' title="bbox 412 4390 2056 4474; baseline 0.009 -31"><span class='ocrx_word' id='word_1_407' title='bbox 412 4390 581 4445; x_wconf 89' lang='lat' dir='ltr'><strong>nibili</strong></span> <span class='ocrx_word' id='word_1_408' title='bbox 614 4390 942 4447; x_wconf 87' lang='lat' dir='ltr'><strong>litterarum</strong></span> <span class='ocrx_word' id='word_1_409' title='bbox 988 4394 1286 4451; x_wconf 65' lang='lat' dir='ltr'><strong>Gecarum</strong></span> <span class='ocrx_word' id='word_1_410' title='bbox 1337 4414 1533 4453; x_wconf 91' lang='lat' dir='ltr'><strong>amore</strong></span> <span class='ocrx_word' id='word_1_411' title='bbox 1591 4403 1834 4471; x_wconf 87' lang='lat' dir='ltr'><strong>ﬂagrare</strong></span> <span class='ocrx_word' id='word_1_412' title='bbox 1864 4404 2056 4474; x_wconf 87' lang='lat' dir='ltr'><strong>coepit.</strong></span> 
     </span>
    </p>
   </div>
   <div class='ocr_carea' id='block_1_62' title="bbox 417 4478 2057 4559">
    <p class='ocr_par' dir='ltr' id='par_1_62' title="bbox 417 4478 2057 4559">
     <span class='ocr_line' id='line_1_62' title="bbox 417 4478 2057 4559; baseline 0.009 -27"><span class='ocrx_word' id='word_1_413' title='bbox 417 4478 476 4531; x_wconf 91' lang='lat' dir='ltr'><strong>In</strong></span> <span class='ocrx_word' id='word_1_414' title='bbox 511 4480 725 4548; x_wconf 88' lang='lat' dir='ltr'><strong>quibus</strong></span> <span class='ocrx_word' id='word_1_415' title='bbox 756 4482 919 4537; x_wconf 91' lang='lat' dir='ltr'><strong>nullo</strong></span> <span class='ocrx_word' id='word_1_416' title='bbox 959 4500 1104 4555; x_wconf 90' lang='lat' dir='ltr'><strong>pene</strong></span> <span class='ocrx_word' id='word_1_417' title='bbox 1155 4491 1503 4558; x_wconf 68' lang='lat' dir='ltr'><strong>praeceptore</strong></span> <span class='ocrx_word' id='word_1_418' title='bbox 1550 4505 1715 4559; x_wconf 89' lang='lat' dir='ltr'><strong>usus,</strong></span> <span class='ocrx_word' id='word_1_419' title='bbox 1750 4508 1855 4545; x_wconf 90' lang='lat' dir='ltr'><strong>sua</strong></span> <span class='ocrx_word' id='word_1_420' title='bbox 1885 4493 2057 4547; x_wconf 91' lang='lat' dir='ltr'><strong>indu-</strong></span> 
     </span>
    </p>
   </div>
   <div class='ocr_carea' id='block_1_63' title="bbox 417 4567 2058 4645">
    <p class='ocr_par' dir='ltr' id='par_1_63' title="bbox 417 4567 2058 4645">
     <span class='ocr_line' id='line_1_63' title="bbox 417 4567 2058 4645; baseline 0.01 -25"><span class='ocrx_word' id='word_1_421' title='bbox 417 4567 559 4621; x_wconf 90' lang='lat' dir='ltr'><strong>stria</strong></span> <span class='ocrx_word' id='word_1_422' title='bbox 590 4570 677 4637; x_wconf 90' lang='lat' dir='ltr'><strong>(ut</strong></span> <span class='ocrx_word' id='word_1_423' title='bbox 705 4572 929 4641; x_wconf 89' lang='lat' dir='ltr'><strong>sagacis</strong></span> <span class='ocrx_word' id='word_1_424' title='bbox 960 4578 1085 4627; x_wconf 87' lang='lat' dir='ltr'><strong>erat</strong></span> <span class='ocrx_word' id='word_1_425' title='bbox 1116 4574 1355 4645; x_wconf 87' lang='lat' dir='ltr'><strong>ingenii,</strong></span> <span class='ocrx_word' id='word_1_426' title='bbox 1399 4578 1691 4631; x_wconf 63' lang='lat' dir='ltr'><strong>memorias</strong></span> <span class='ocrx_word' id='word_1_427' title='bbox 1724 4582 1964 4645; x_wconf 88' lang='lat' dir='ltr'><strong>tenacis,</strong></span> <span class='ocrx_word' id='word_1_428' title='bbox 2001 4588 2058 4637; x_wconf 90' lang='lat' dir='ltr'><strong>et</strong></span> 
     </span>
    </p>
   </div>
   <div class='ocr_carea' id='block_1_64' title="bbox 2188 1994 3829 2073">
    <p class='ocr_par' dir='ltr' id='par_1_64' title="bbox 2188 1994 3829 2073">
     <span class='ocr_line' id='line_1_64' title="bbox 2188 1994 3829 2073; baseline -0.006 -17"><span class='ocrx_word' id='word_1_429' title='bbox 2188 2002 2514 2073; x_wconf 91' lang='lat' dir='ltr'><strong>deligendo,</strong></span> <span class='ocrx_word' id='word_1_430' title='bbox 2548 2018 2757 2073; x_wconf 89' lang='lat' dir='ltr'><strong>nempe</strong></span> <span class='ocrx_word' id='word_1_431' title='bbox 2789 2001 3171 2055; x_wconf 90' lang='lat' dir='ltr'><strong>Chartusiano</strong></span> <span class='ocrx_word' id='word_1_432' title='bbox 3195 2004 3281 2062; x_wconf 89' lang='lat' dir='ltr'><strong>(ut</strong></span> <span class='ocrx_word' id='word_1_433' title='bbox 3314 1998 3405 2053; x_wconf 88' lang='lat' dir='ltr'><strong>via</strong></span> <span class='ocrx_word' id='word_1_434' title='bbox 3436 1996 3681 2051; x_wconf 87' lang='lat' dir='ltr'><strong>arctiore</strong></span> <span class='ocrx_word' id='word_1_435' title='bbox 3706 1994 3829 2065; x_wconf 91' lang='lat' dir='ltr'><strong>qui-</strong></span> 
     </span>
    </p>
   </div>
   <div class='ocr_carea' id='block_1_65' title="bbox 2186 2082 3828 2157">
    <p class='ocr_par' dir='ltr' id='par_1_65' title="bbox 2186 2082 3828 2157">
     <span class='ocr_line' id='line_1_65' title="bbox 2186 2082 3828 2157; baseline -0.005 -12"><span class='ocrx_word' id='word_1_436' title='bbox 2186 2091 2447 2156; x_wconf 90' lang='lat' dir='ltr'><strong>dem,sed</strong></span> <span class='ocrx_word' id='word_1_437' title='bbox 2482 2091 2657 2145; x_wconf 89' lang='lat' dir='ltr'><strong>etiam</strong></span> <span class='ocrx_word' id='word_1_438' title='bbox 2691 2092 2759 2144; x_wconf 88' lang='lat' dir='ltr'><strong>ad</strong></span> <span class='ocrx_word' id='word_1_439' title='bbox 2777 2091 2954 2143; x_wconf 89' lang='lat' dir='ltr'><strong>vitam</strong></span> <span class='ocrx_word' id='word_1_440' title='bbox 2978 2082 3828 2157; x_wconf 59' lang='lat' dir='ltr'><strong>cmlestempompendiosiore)</strong></span> 
     </span>
    </p>
   </div>
   <div class='ocr_carea' id='block_1_66' title="bbox 2186 2173 3829 2248">
    <p class='ocr_par' dir='ltr' id='par_1_66' title="bbox 2186 2173 3829 2248">
     <span class='ocr_line' id='line_1_66' title="bbox 2186 2173 3829 2248; baseline -0.004 -15"><span class='ocrx_word' id='word_1_441' title='bbox 2186 2179 2599 2248; x_wconf 87' lang='lat' dir='ltr'><strong>meditabatur,</strong></span> <span class='ocrx_word' id='word_1_442' title='bbox 2634 2195 2697 2233; x_wconf 90' lang='lat' dir='ltr'><strong>ac</strong></span> <span class='ocrx_word' id='word_1_443' title='bbox 2727 2179 3097 2233; x_wconf 89' lang='lat' dir='ltr'><strong>vehementer</strong></span> <span class='ocrx_word' id='word_1_444' title='bbox 3146 2177 3414 2248; x_wconf 90' lang='lat' dir='ltr'><strong>cupiebat</strong></span> <span class='ocrx_word' id='word_1_445' title='bbox 3453 2176 3509 2227; x_wconf 92' lang='lat' dir='ltr'><strong>in</strong></span> <span class='ocrx_word' id='word_1_446' title='bbox 3544 2190 3717 2229; x_wconf 91' lang='lat' dir='ltr'><strong>suum</strong></span> <span class='ocrx_word' id='word_1_447' title='bbox 3751 2173 3829 2226; x_wconf 91' lang='lat' dir='ltr'><strong>lo-</strong></span> 
     </span>
    </p>
   </div>
   <div class='ocr_carea' id='block_1_67' title="bbox 2185 2263 3825 2334">
    <p class='ocr_par' dir='ltr' id='par_1_67' title="bbox 2185 2263 3825 2334">
     <span class='ocr_line' id='line_1_67' title="bbox 2185 2263 3825 2334; baseline -0.005 -11"><span class='ocrx_word' id='word_1_448' title='bbox 2185 2285 2319 2323; x_wconf 89' lang='lat' dir='ltr'><strong>cum</strong></span> <span class='ocrx_word' id='word_1_449' title='bbox 2349 2268 2632 2323; x_wconf 88' lang='lat' dir='ltr'><strong>Jacobum</strong></span> <span class='ocrx_word' id='word_1_450' title='bbox 2675 2269 2848 2322; x_wconf 90' lang='lat' dir='ltr'><strong>fratre</strong></span> <span class='ocrx_word' id='word_1_451' title='bbox 2897 2266 3183 2334; x_wconf 74' lang='lat' dir='ltr'><strong>sufficere,</strong></span> <span class='ocrx_word' id='word_1_452' title='bbox 3245 2281 3310 2319; x_wconf 89' lang='lat' dir='ltr'><strong>ac</strong></span> <span class='ocrx_word' id='word_1_453' title='bbox 3370 2263 3479 2319; x_wconf 90' lang='lat' dir='ltr'><strong>sibi</strong></span> <span class='ocrx_word' id='word_1_454' title='bbox 3528 2277 3825 2317; x_wconf 86' lang='lat' dir='ltr'><strong>successo-</strong></span> 
     </span>
    </p>
   </div>
   <div class='ocr_carea' id='block_1_68' title="bbox 2186 2349 3826 2427">
    <p class='ocr_par' dir='ltr' id='par_1_68' title="bbox 2186 2349 3826 2427">
     <span class='ocr_line' id='line_1_68' title="bbox 2186 2349 3826 2427; baseline -0.005 -16"><span class='ocrx_word' id='word_1_455' title='bbox 2186 2374 2306 2411; x_wconf 89' lang='lat' dir='ltr'><strong>rem</strong></span> <span class='ocrx_word' id='word_1_456' title='bbox 2339 2356 2685 2427; x_wconf 89' lang='lat' dir='ltr'><strong>relinquere,</strong></span> <span class='ocrx_word' id='word_1_457' title='bbox 2721 2373 2835 2410; x_wconf 90' lang='lat' dir='ltr'><strong>non</strong></span> <span class='ocrx_word' id='word_1_458' title='bbox 2868 2359 2987 2409; x_wconf 88' lang='lat' dir='ltr'><strong>tam</strong></span> <span class='ocrx_word' id='word_1_459' title='bbox 3022 2355 3243 2409; x_wconf 88' lang='lat' dir='ltr'><strong>ratione</strong></span> <span class='ocrx_word' id='word_1_460' title='bbox 3284 2354 3544 2407; x_wconf 64' lang='lat' dir='ltr'><strong>fraternae</strong></span> <span class='ocrx_word' id='word_1_461' title='bbox 3576 2349 3826 2405; x_wconf 89' lang='lat' dir='ltr'><strong>necessi-</strong></span> 
     </span>
    </p>
   </div>
   <div class='ocr_carea' id='block_1_69' title="bbox 2182 2438 3820 2515">
    <p class='ocr_par' dir='ltr' id='par_1_69' title="bbox 2182 2438 3820 2515">
     <span class='ocr_line' id='line_1_69' title="bbox 2182 2438 3820 2515; baseline -0.005 -14"><span class='ocrx_word' id='word_1_462' title='bbox 2182 2446 2431 2511; x_wconf 90' lang='lat' dir='ltr'><strong>tudinis,</strong></span> <span class='ocrx_word' id='word_1_463' title='bbox 2463 2450 2564 2501; x_wconf 87' lang='lat' dir='ltr'><strong>aut</strong></span> <span class='ocrx_word' id='word_1_464' title='bbox 2602 2446 2795 2501; x_wconf 91' lang='lat' dir='ltr'><strong>carnis</strong></span> <span class='ocrx_word' id='word_1_465' title='bbox 2835 2450 2893 2501; x_wconf 90' lang='lat' dir='ltr'><strong>et</strong></span> <span class='ocrx_word' id='word_1_466' title='bbox 2934 2443 3240 2515; x_wconf 89' lang='lat' dir='ltr'><strong>sanguinis</strong></span> <span class='ocrx_word' id='word_1_467' title='bbox 3273 2444 3421 2514; x_wconf 73' lang='lat' dir='ltr'><strong>(quae</strong></span> <span class='ocrx_word' id='word_1_468' title='bbox 3459 2442 3586 2511; x_wconf 89' lang='lat' dir='ltr'><strong>jam</strong></span> <span class='ocrx_word' id='word_1_469' title='bbox 3622 2438 3701 2493; x_wconf 88' lang='lat' dir='ltr'><strong>illi</strong></span> <span class='ocrx_word' id='word_1_470' title='bbox 3732 2439 3820 2493; x_wconf 91' lang='lat' dir='ltr'><strong>vi-</strong></span> 
     </span>
    </p>
   </div>
   <div class='ocr_carea' id='block_1_70' title="bbox 2184 2527 3823 2607">
    <p class='ocr_par' dir='ltr' id='par_1_70' title="bbox 2184 2527 3823 2607">
     <span class='ocr_line' id='line_1_70' title="bbox 2184 2527 3823 2607; baseline -0.006 -17"><span class='ocrx_word' id='word_1_471' title='bbox 2184 2535 2637 2607; x_wconf 87' lang='lat' dir='ltr'><strong>luerant),quam</strong></span> <span class='ocrx_word' id='word_1_472' title='bbox 2668 2534 2827 2589; x_wconf 90' lang='lat' dir='ltr'><strong>illius</strong></span> <span class='ocrx_word' id='word_1_473' title='bbox 2858 2532 3177 2605; x_wconf 86' lang='lat' dir='ltr'><strong>singularis</strong></span> <span class='ocrx_word' id='word_1_474' title='bbox 3200 2530 3429 2603; x_wconf 88' lang='lat' dir='ltr'><strong>pietatis</strong></span> <span class='ocrx_word' id='word_1_475' title='bbox 3460 2534 3515 2584; x_wconf 90' lang='lat' dir='ltr'><strong>et</strong></span> <span class='ocrx_word' id='word_1_476' title='bbox 3545 2527 3823 2584; x_wconf 88' lang='lat' dir='ltr'><strong>eruditio-</strong></span> 
     </span>
    </p>
   </div>
   <div class='ocr_carea' id='block_1_71' title="bbox 2186 2616 3828 2696">
    <p class='ocr_par' dir='ltr' id='par_1_71' title="bbox 2186 2616 3828 2696">
     <span class='ocr_line' id='line_1_71' title="bbox 2186 2616 3828 2696; baseline -0.005 -17"><span class='ocrx_word' id='word_1_477' title='bbox 2186 2625 2297 2695; x_wconf 87' lang='lat' dir='ltr'><strong>nis,</strong></span> <span class='ocrx_word' id='word_1_478' title='bbox 2341 2641 2468 2696; x_wconf 70' lang='lat' dir='ltr'><strong>quae</strong></span> <span class='ocrx_word' id='word_1_479' title='bbox 2500 2624 2557 2678; x_wconf 92' lang='lat' dir='ltr'><strong>in</strong></span> <span class='ocrx_word' id='word_1_480' title='bbox 2580 2623 2709 2695; x_wconf 90' lang='lat' dir='ltr'><strong>ipso</strong></span> <span class='ocrx_word' id='word_1_481' title='bbox 2740 2623 3015 2678; x_wconf 90' lang='lat' dir='ltr'><strong>omnibus</strong></span> <span class='ocrx_word' id='word_1_482' title='bbox 3058 2620 3393 2691; x_wconf 86' lang='lat' dir='ltr'><strong>affulgebat,</strong></span> <span class='ocrx_word' id='word_1_483' title='bbox 3446 2620 3725 2688; x_wconf 88' lang='lat' dir='ltr'><strong>concepta</strong></span> <span class='ocrx_word' id='word_1_484' title='bbox 3756 2616 3828 2671; x_wconf 89' lang='lat' dir='ltr'><strong>de</strong></span> 
     </span>
    </p>
   </div>
   <div class='ocr_carea' id='block_1_72' title="bbox 2184 2704 3825 2785">
    <p class='ocr_par' dir='ltr' id='par_1_72' title="bbox 2184 2704 3825 2785">
     <span class='ocr_line' id='line_1_72' title="bbox 2184 2704 3825 2785; baseline -0.007 -17"><span class='ocrx_word' id='word_1_485' title='bbox 2184 2730 2271 2779; x_wconf 94' lang='lat' dir='ltr'><strong>eo,</strong></span> <span class='ocrx_word' id='word_1_486' title='bbox 2306 2712 2462 2768; x_wconf 89' lang='lat' dir='ltr'><strong>velut</strong></span> <span class='ocrx_word' id='word_1_487' title='bbox 2492 2713 2562 2767; x_wconf 86' lang='lat' dir='ltr'><strong>de</strong></span> <span class='ocrx_word' id='word_1_488' title='bbox 2594 2717 2787 2785; x_wconf 85' lang='lat' dir='ltr'><strong>segete</strong></span> <span class='ocrx_word' id='word_1_489' title='bbox 2817 2711 2875 2766; x_wconf 93' lang='lat' dir='ltr'><strong>in</strong></span> <span class='ocrx_word' id='word_1_490' title='bbox 2900 2710 3096 2767; x_wconf 88' lang='lat' dir='ltr'><strong>herbis</strong></span> <span class='ocrx_word' id='word_1_491' title='bbox 3127 2726 3227 2779; x_wconf 90' lang='lat' dir='ltr'><strong>spe</strong></span> <span class='ocrx_word' id='word_1_492' title='bbox 3259 2709 3434 2779; x_wconf 89' lang='lat' dir='ltr'><strong>(haud</strong></span> <span class='ocrx_word' id='word_1_493' title='bbox 3470 2723 3611 2762; x_wconf 89' lang='lat' dir='ltr'><strong>sane</strong></span> <span class='ocrx_word' id='word_1_494' title='bbox 3643 2704 3825 2777; x_wconf 87' lang='lat' dir='ltr'><strong>inani)</strong></span> 
     </span>
    </p>
   </div>
   <div class='ocr_carea' id='block_1_73' title="bbox 2185 2796 3823 2873">
    <p class='ocr_par' dir='ltr' id='par_1_73' title="bbox 2185 2796 3823 2873">
     <span class='ocr_line' id='line_1_73' title="bbox 2185 2796 3823 2873; baseline -0.005 -16"><span class='ocrx_word' id='word_1_495' title='bbox 2185 2819 2317 2857; x_wconf 90' lang='lat' dir='ltr'><strong>eum</strong></span> <span class='ocrx_word' id='word_1_496' title='bbox 2350 2808 2579 2857; x_wconf 87' lang='lat' dir='ltr'><strong>tantum</strong></span> <span class='ocrx_word' id='word_1_497' title='bbox 2624 2802 2939 2873; x_wconf 87' lang='lat' dir='ltr'><strong>aliquando</strong></span> <span class='ocrx_word' id='word_1_498' title='bbox 2995 2801 3137 2865; x_wconf 88' lang='lat' dir='ltr'><strong>fore,</strong></span> <span class='ocrx_word' id='word_1_499' title='bbox 3185 2800 3282 2869; x_wconf 93' lang='lat' dir='ltr'><strong>qui</strong></span> <span class='ocrx_word' id='word_1_500' title='bbox 3346 2797 3447 2852; x_wconf 90' lang='lat' dir='ltr'><strong>Dei</strong></span> <span class='ocrx_word' id='word_1_501' title='bbox 3505 2796 3823 2851; x_wconf 75' lang='lat' dir='ltr'><strong>Ecclesium</strong></span> 
     </span>
    </p>
   </div>
   <div class='ocr_carea' id='block_1_74' title="bbox 2187 2884 3822 2963">
    <p class='ocr_par' dir='ltr' id='par_1_74' title="bbox 2187 2884 3822 2963">
     <span class='ocr_line' id='line_1_74' title="bbox 2187 2884 3822 2963; baseline -0.006 -17"><span class='ocrx_word' id='word_1_502' title='bbox 2187 2908 2537 2963; x_wconf 86' lang='lat' dir='ltr'><strong>magnopere</strong></span> <span class='ocrx_word' id='word_1_503' title='bbox 2569 2894 2799 2962; x_wconf 86' lang='lat' dir='ltr'><strong>juvaret</strong></span> <span class='ocrx_word' id='word_1_504' title='bbox 2846 2895 2901 2945; x_wconf 89' lang='lat' dir='ltr'><strong>et</strong></span> <span class='ocrx_word' id='word_1_505' title='bbox 2940 2892 3259 2945; x_wconf 87' lang='lat' dir='ltr'><strong>exornaret.</strong></span> <span class='ocrx_word' id='word_1_506' title='bbox 3316 2887 3425 2941; x_wconf 80' lang='lat' dir='ltr'><strong>Sed</strong></span> <span class='ocrx_word' id='word_1_507' title='bbox 3478 2886 3565 2940; x_wconf 85' lang='lat' dir='ltr'><strong>vix</strong></span> <span class='ocrx_word' id='word_1_508' title='bbox 3613 2884 3822 2939; x_wconf 88' lang='lat' dir='ltr'><strong>adduci</strong></span> 
     </span>
    </p>
   </div>
   <div class='ocr_carea' id='block_1_75' title="bbox 2188 2974 3826 3052">
    <p class='ocr_par' dir='ltr' id='par_1_75' title="bbox 2188 2974 3826 3052">
     <span class='ocr_line' id='line_1_75' title="bbox 2188 2974 3826 3052; baseline -0.005 -17"><span class='ocrx_word' id='word_1_509' title='bbox 2188 2982 2373 3052; x_wconf 89' lang='lat' dir='ltr'><strong>potuit</strong></span> <span class='ocrx_word' id='word_1_510' title='bbox 2402 2980 2739 3035; x_wconf 88' lang='lat' dir='ltr'><strong>adolescens</strong></span> <span class='ocrx_word' id='word_1_511' title='bbox 2771 2981 3030 3034; x_wconf 91' lang='lat' dir='ltr'><strong>nondum</strong></span> <span class='ocrx_word' id='word_1_512' title='bbox 3063 2994 3247 3033; x_wconf 88' lang='lat' dir='ltr'><strong>annos</strong></span> <span class='ocrx_word' id='word_1_513' title='bbox 3280 2979 3448 3030; x_wconf 89' lang='lat' dir='ltr'><strong>natus</strong></span> <span class='ocrx_word' id='word_1_514' title='bbox 3481 2974 3739 3044; x_wconf 89' lang='lat' dir='ltr'><strong>quinque</strong></span> <span class='ocrx_word' id='word_1_515' title='bbox 3770 2977 3826 3027; x_wconf 88' lang='lat' dir='ltr'><strong>et</strong></span> 
     </span>
    </p>
   </div>
   <div class='ocr_carea' id='block_1_76' title="bbox 2184 3068 3826 3140">
    <p class='ocr_par' dir='ltr' id='par_1_76' title="bbox 2184 3068 3826 3140">
     <span class='ocr_line' id='line_1_76' title="bbox 2184 3068 3826 3140; baseline -0.005 -16"><span class='ocrx_word' id='word_1_516' title='bbox 2184 3070 2407 3140; x_wconf 81' lang='lat' dir='ltr'><strong>viginti,</strong></span> <span class='ocrx_word' id='word_1_517' title='bbox 2445 3075 2507 3124; x_wconf 91' lang='lat' dir='ltr'><strong>ut</strong></span> <span class='ocrx_word' id='word_1_518' title='bbox 2537 3070 2657 3124; x_wconf 69' lang='lat' dir='ltr'><strong>haec</strong></span> <span class='ocrx_word' id='word_1_519' title='bbox 2688 3069 3011 3125; x_wconf 91' lang='lat' dir='ltr'><strong>sacerdotia</strong></span> <span class='ocrx_word' id='word_1_520' title='bbox 3034 3068 3489 3138; x_wconf 86' lang='lat' dir='ltr'><strong>susciperet,sua</strong></span> <span class='ocrx_word' id='word_1_521' title='bbox 3517 3069 3826 3118; x_wconf 89' lang='lat' dir='ltr'><strong>contentus</strong></span> 
     </span>
    </p>
   </div>
   <div class='ocr_carea' id='block_1_77' title="bbox 2185 3153 3823 3227">
    <p class='ocr_par' dir='ltr' id='par_1_77' title="bbox 2185 3153 3823 3227">
     <span class='ocr_line' id='line_1_77' title="bbox 2185 3153 3823 3227; baseline -0.004 -15"><span class='ocrx_word' id='word_1_522' title='bbox 2185 3159 2541 3214; x_wconf 89' lang='lat' dir='ltr'><strong>Ferrariensi</strong></span> <span class='ocrx_word' id='word_1_523' title='bbox 2571 3157 3008 3221; x_wconf 88' lang='lat' dir='ltr'><strong>abbatiuncula,</strong></span> <span class='ocrx_word' id='word_1_524' title='bbox 3042 3171 3265 3227; x_wconf 91' lang='lat' dir='ltr'><strong>suoque</strong></span> <span class='ocrx_word' id='word_1_525' title='bbox 3296 3160 3433 3225; x_wconf 89' lang='lat' dir='ltr'><strong>(quo</strong></span> <span class='ocrx_word' id='word_1_526' title='bbox 3464 3170 3557 3207; x_wconf 89' lang='lat' dir='ltr'><strong>me</strong></span> <span class='ocrx_word' id='word_1_527' title='bbox 3588 3153 3823 3207; x_wconf 84' lang='lat' dir='ltr'><strong>tandem</strong></span> 
     </span>
    </p>
   </div>
   <div class='ocr_carea' id='block_1_78' title="bbox 2188 3241 3821 3319">
    <p class='ocr_par' dir='ltr' id='par_1_78' title="bbox 2188 3241 3821 3319">
     <span class='ocr_line' id='line_1_78' title="bbox 2188 3241 3821 3319; baseline -0.006 -17"><span class='ocrx_word' id='word_1_528' title='bbox 2188 3264 2400 3319; x_wconf 88' lang='lat' dir='ltr'><strong>magna</strong></span> <span class='ocrx_word' id='word_1_529' title='bbox 2431 3265 2538 3302; x_wconf 88' lang='lat' dir='ltr'><strong>sua</strong></span> <span class='ocrx_word' id='word_1_530' title='bbox 2571 3264 2708 3319; x_wconf 88' lang='lat' dir='ltr'><strong>erga</strong></span> <span class='ocrx_word' id='word_1_531' title='bbox 2736 3264 2827 3301; x_wconf 89' lang='lat' dir='ltr'><strong>me</strong></span> <span class='ocrx_word' id='word_1_532' title='bbox 2870 3245 3272 3300; x_wconf 88' lang='lat' dir='ltr'><strong>benevolentia</strong></span> <span class='ocrx_word' id='word_1_533' title='bbox 3321 3243 3546 3298; x_wconf 88' lang='lat' dir='ltr'><strong>ornavit</strong></span> <span class='ocrx_word' id='word_1_534' title='bbox 3577 3247 3633 3296; x_wconf 88' lang='lat' dir='ltr'><strong>et</strong></span> <span class='ocrx_word' id='word_1_535' title='bbox 3662 3241 3821 3295; x_wconf 90' lang='lat' dir='ltr'><strong>locu-</strong></span> 
     </span>
    </p>
   </div>
   <div class='ocr_carea' id='block_1_79' title="bbox 2184 3330 3822 3408">
    <p class='ocr_par' dir='ltr' id='par_1_79' title="bbox 2184 3330 3822 3408">
     <span class='ocr_line' id='line_1_79' title="bbox 2184 3330 3822 3408; baseline -0.004 -17"><span class='ocrx_word' id='word_1_536' title='bbox 2184 3336 2441 3408; x_wconf 89' lang='lat' dir='ltr'><strong>pletavit)</strong></span> <span class='ocrx_word' id='word_1_537' title='bbox 2474 3337 2731 3407; x_wconf 88' lang='lat' dir='ltr'><strong>prioratu</strong></span> <span class='ocrx_word' id='word_1_538' title='bbox 2762 3336 3124 3403; x_wconf 88' lang='lat' dir='ltr'><strong>Tossiniaco,</strong></span> <span class='ocrx_word' id='word_1_539' title='bbox 3160 3335 3310 3403; x_wconf 90' lang='lat' dir='ltr'><strong>quod</strong></span> <span class='ocrx_word' id='word_1_540' title='bbox 3352 3332 3712 3388; x_wconf 84' lang='lat' dir='ltr'><strong>existimaret</strong></span> <span class='ocrx_word' id='word_1_541' title='bbox 3734 3330 3822 3385; x_wconf 88' lang='lat' dir='ltr'><strong>his</strong></span> 
     </span>
    </p>
   </div>
   <div class='ocr_carea' id='block_1_80' title="bbox 2180 3421 3817 3496">
    <p class='ocr_par' dir='ltr' id='par_1_80' title="bbox 2180 3421 3817 3496">
     <span class='ocr_line' id='line_1_80' title="bbox 2180 3421 3817 3496; baseline -0.005 -15"><span class='ocrx_word' id='word_1_542' title='bbox 2180 3427 2455 3481; x_wconf 88' lang='lat' dir='ltr'><strong>oneribus</strong></span> <span class='ocrx_word' id='word_1_543' title='bbox 2483 3426 2846 3482; x_wconf 88' lang='lat' dir='ltr'><strong>sustinendis</strong></span> <span class='ocrx_word' id='word_1_544' title='bbox 2877 3425 3135 3496; x_wconf 90' lang='lat' dir='ltr'><strong>impares</strong></span> <span class='ocrx_word' id='word_1_545' title='bbox 3166 3441 3227 3480; x_wconf 90' lang='lat' dir='ltr'><strong>se</strong></span> <span class='ocrx_word' id='word_1_546' title='bbox 3260 3424 3472 3478; x_wconf 89' lang='lat' dir='ltr'><strong>habere</strong></span> <span class='ocrx_word' id='word_1_547' title='bbox 3520 3421 3817 3487; x_wconf 87' lang='lat' dir='ltr'><strong>humeros,</strong></span> 
     </span>
    </p>
   </div>
   <div class='ocr_carea' id='block_1_81' title="bbox 2178 3508 3818 3587">
    <p class='ocr_par' dir='ltr' id='par_1_81' title="bbox 2178 3508 3818 3587">
     <span class='ocr_line' id='line_1_81' title="bbox 2178 3508 3818 3587; baseline -0.005 -17"><span class='ocrx_word' id='word_1_548' title='bbox 2178 3515 2454 3586; x_wconf 88' lang='lat' dir='ltr'><strong>ipsosque</strong></span> <span class='ocrx_word' id='word_1_549' title='bbox 2502 3515 2727 3587; x_wconf 89' lang='lat' dir='ltr'><strong>amplos</strong></span> <span class='ocrx_word' id='word_1_550' title='bbox 2776 3520 3091 3585; x_wconf 88' lang='lat' dir='ltr'><strong>proventus</strong></span> <span class='ocrx_word' id='word_1_551' title='bbox 3140 3513 3353 3585; x_wconf 69' lang='lat' dir='ltr'><strong>saepius</strong></span> <span class='ocrx_word' id='word_1_552' title='bbox 3401 3528 3529 3566; x_wconf 87' lang='lat' dir='ltr'><strong>esse</strong></span> <span class='ocrx_word' id='word_1_553' title='bbox 3573 3508 3818 3580; x_wconf 90' lang='lat' dir='ltr'><strong>impedi-</strong></span> 
     </span>
    </p>
   </div>
   <div class='ocr_carea' id='block_1_82' title="bbox 2177 3596 3818 3675">
    <p class='ocr_par' dir='ltr' id='par_1_82' title="bbox 2177 3596 3818 3675">
     <span class='ocr_line' id='line_1_82' title="bbox 2177 3596 3818 3675; baseline -0.006 -16"><span class='ocrx_word' id='word_1_554' title='bbox 2177 3610 2372 3659; x_wconf 89' lang='lat' dir='ltr'><strong>mento</strong></span> <span class='ocrx_word' id='word_1_555' title='bbox 2404 3604 2729 3659; x_wconf 88' lang='lat' dir='ltr'><strong>litterarum</strong></span> <span class='ocrx_word' id='word_1_556' title='bbox 2780 3603 2992 3659; x_wconf 91' lang='lat' dir='ltr'><strong>studiis</strong></span> <span class='ocrx_word' id='word_1_557' title='bbox 3041 3606 3314 3675; x_wconf 91' lang='lat' dir='ltr'><strong>(quorum</strong></span> <span class='ocrx_word' id='word_1_558' title='bbox 3364 3601 3486 3656; x_wconf 90' lang='lat' dir='ltr'><strong>solo</strong></span> <span class='ocrx_word' id='word_1_559' title='bbox 3531 3596 3818 3653; x_wconf 91' lang='lat' dir='ltr'><strong>desiderio</strong></span> 
     </span>
    </p>
   </div>
   <div class='ocr_carea' id='block_1_83' title="bbox 2175 3686 3814 3764">
    <p class='ocr_par' dir='ltr' id='par_1_83' title="bbox 2175 3686 3814 3764">
     <span class='ocr_line' id='line_1_83' title="bbox 2175 3686 3814 3764; baseline -0.005 -18"><span class='ocrx_word' id='word_1_560' title='bbox 2175 3693 2502 3763; x_wconf 85' lang='lat' dir='ltr'><strong>tenebatur)</strong></span> <span class='ocrx_word' id='word_1_561' title='bbox 2537 3709 2712 3764; x_wconf 90' lang='lat' dir='ltr'><strong>quam</strong></span> <span class='ocrx_word' id='word_1_562' title='bbox 2746 3693 3107 3763; x_wconf 80' lang='lat' dir='ltr'><strong>adjumento.</strong></span> <span class='ocrx_word' id='word_1_563' title='bbox 3133 3690 3349 3744; x_wconf 91' lang='lat' dir='ltr'><strong>Verum</strong></span> <span class='ocrx_word' id='word_1_564' title='bbox 3401 3686 3670 3758; x_wconf 90' lang='lat' dir='ltr'><strong>precibus</strong></span> <span class='ocrx_word' id='word_1_565' title='bbox 3705 3686 3814 3738; x_wconf 86' lang='lat' dir='ltr'><strong>fra-</strong></span> 
     </span>
    </p>
   </div>
   <div class='ocr_carea' id='block_1_84' title="bbox 2173 3774 3814 3849">
    <p class='ocr_par' dir='ltr' id='par_1_84' title="bbox 2173 3774 3814 3849">
     <span class='ocr_line' id='line_1_84' title="bbox 2173 3774 3814 3849; baseline -0.005 -14"><span class='ocrx_word' id='word_1_566' title='bbox 2173 3781 2281 3836; x_wconf 86' lang='lat' dir='ltr'><strong>tris</strong></span> <span class='ocrx_word' id='word_1_567' title='bbox 2310 3786 2367 3836; x_wconf 91' lang='lat' dir='ltr'><strong>et</strong></span> <span class='ocrx_word' id='word_1_568' title='bbox 2397 3782 2716 3836; x_wconf 88' lang='lat' dir='ltr'><strong>amicorum</strong></span> <span class='ocrx_word' id='word_1_569' title='bbox 2751 3782 2938 3836; x_wconf 89' lang='lat' dir='ltr'><strong>victus</strong></span> <span class='ocrx_word' id='word_1_570' title='bbox 2967 3798 3032 3835; x_wconf 89' lang='lat' dir='ltr'><strong>ea</strong></span> <span class='ocrx_word' id='word_1_571' title='bbox 3064 3778 3329 3849; x_wconf 86' lang='lat' dir='ltr'><strong>suscipit,</strong></span> <span class='ocrx_word' id='word_1_572' title='bbox 3365 3793 3476 3832; x_wconf 93' lang='lat' dir='ltr'><strong>non</strong></span> <span class='ocrx_word' id='word_1_573' title='bbox 3527 3775 3654 3830; x_wconf 88' lang='lat' dir='ltr'><strong>sine</strong></span> <span class='ocrx_word' id='word_1_574' title='bbox 3704 3774 3814 3827; x_wconf 86' lang='lat' dir='ltr'><strong>fre-</strong></span> 
     </span>
    </p>
   </div>
   <div class='ocr_carea' id='block_1_85' title="bbox 2174 3863 3815 3941">
    <p class='ocr_par' dir='ltr' id='par_1_85' title="bbox 2174 3863 3815 3941">
     <span class='ocr_line' id='line_1_85' title="bbox 2174 3863 3815 3941; baseline -0.005 -16"><span class='ocrx_word' id='word_1_575' title='bbox 2174 3871 2376 3941; x_wconf 89' lang='lat' dir='ltr'><strong>quenti</strong></span> <span class='ocrx_word' id='word_1_576' title='bbox 2411 3876 2609 3941; x_wconf 87' lang='lat' dir='ltr'><strong>postea</strong></span> <span class='ocrx_word' id='word_1_577' title='bbox 2638 3870 2808 3925; x_wconf 75' lang='lat' dir='ltr'><strong>taedio</strong></span> <span class='ocrx_word' id='word_1_578' title='bbox 2840 3887 2905 3924; x_wconf 89' lang='lat' dir='ltr'><strong>ac</strong></span> <span class='ocrx_word' id='word_1_579' title='bbox 2936 3884 3200 3923; x_wconf 75' lang='lat' dir='ltr'><strong>mosrore.</strong></span> <span class='ocrx_word' id='word_1_580' title='bbox 3238 3869 3320 3921; x_wconf 87' lang='lat' dir='ltr'><strong>lta</strong></span> <span class='ocrx_word' id='word_1_581' title='bbox 3351 3870 3546 3921; x_wconf 90' lang='lat' dir='ltr'><strong>autem</strong></span> <span class='ocrx_word' id='word_1_582' title='bbox 3580 3865 3638 3917; x_wconf 92' lang='lat' dir='ltr'><strong>in</strong></span> <span class='ocrx_word' id='word_1_583' title='bbox 3671 3863 3815 3933; x_wconf 87' lang='lat' dir='ltr'><strong>ipsis</strong></span> 
     </span>
    </p>
   </div>
   <div class='ocr_carea' id='block_1_86' title="bbox 2172 3952 3813 4031">
    <p class='ocr_par' dir='ltr' id='par_1_86' title="bbox 2172 3952 3813 4031">
     <span class='ocr_line' id='line_1_86' title="bbox 2172 3952 3813 4031; baseline -0.006 -16"><span class='ocrx_word' id='word_1_584' title='bbox 2172 3976 2234 4015; x_wconf 86' lang='lat' dir='ltr'><strong>se</strong></span> <span class='ocrx_word' id='word_1_585' title='bbox 2264 3960 2464 4031; x_wconf 89' lang='lat' dir='ltr'><strong>gessit,</strong></span> <span class='ocrx_word' id='word_1_586' title='bbox 2499 3965 2671 4030; x_wconf 90' lang='lat' dir='ltr'><strong>atque</strong></span> <span class='ocrx_word' id='word_1_587' title='bbox 2704 3959 2761 4013; x_wconf 90' lang='lat' dir='ltr'><strong>in</strong></span> <span class='ocrx_word' id='word_1_588' title='bbox 2794 3958 2952 4013; x_wconf 91' lang='lat' dir='ltr'><strong>omni</strong></span> <span class='ocrx_word' id='word_1_589' title='bbox 3003 3957 3232 4029; x_wconf 83' lang='lat' dir='ltr'><strong>pietatis</strong></span> <span class='ocrx_word' id='word_1_590' title='bbox 3282 3970 3490 4027; x_wconf 88' lang='lat' dir='ltr'><strong>genere</strong></span> <span class='ocrx_word' id='word_1_591' title='bbox 3520 3952 3813 4020; x_wconf 83' lang='lat' dir='ltr'><strong>excelluit,</strong></span> 
     </span>
    </p>
   </div>
   <div class='ocr_carea' id='block_1_87' title="bbox 2175 4042 3820 4116">
    <p class='ocr_par' dir='ltr' id='par_1_87' title="bbox 2175 4042 3820 4116">
     <span class='ocr_line' id='line_1_87' title="bbox 2175 4042 3820 4116; baseline -0.004 -14"><span class='ocrx_word' id='word_1_592' title='bbox 2175 4052 2236 4103; x_wconf 90' lang='lat' dir='ltr'><strong>ut</strong></span> <span class='ocrx_word' id='word_1_593' title='bbox 2266 4066 2380 4103; x_wconf 91' lang='lat' dir='ltr'><strong>non</strong></span> <span class='ocrx_word' id='word_1_594' title='bbox 2414 4050 2587 4103; x_wconf 91' lang='lat' dir='ltr'><strong>modo</strong></span> <span class='ocrx_word' id='word_1_595' title='bbox 2620 4048 2927 4103; x_wconf 88' lang='lat' dir='ltr'><strong>ccenobitis</strong></span> <span class='ocrx_word' id='word_1_596' title='bbox 2959 4048 3103 4113; x_wconf 88' lang='lat' dir='ltr'><strong>suis,</strong></span> <span class='ocrx_word' id='word_1_597' title='bbox 3140 4047 3328 4116; x_wconf 86' lang='lat' dir='ltr'><strong>sedet</strong></span> <span class='ocrx_word' id='word_1_598' title='bbox 3359 4044 3633 4099; x_wconf 80' lang='lat' dir='ltr'><strong>omnibus</strong></span> <span class='ocrx_word' id='word_1_599' title='bbox 3673 4042 3820 4096; x_wconf 90' lang='lat' dir='ltr'><strong>vici-</strong></span> 
     </span>
    </p>
   </div>
   <div class='ocr_carea' id='block_1_88' title="bbox 2172 4133 3820 4208">
    <p class='ocr_par' dir='ltr' id='par_1_88' title="bbox 2172 4133 3820 4208">
     <span class='ocr_line' id='line_1_88' title="bbox 2172 4133 3820 4208; baseline -0.004 -16"><span class='ocrx_word' id='word_1_600' title='bbox 2172 4138 2282 4202; x_wconf 83' lang='lat' dir='ltr'><strong>nis,</strong></span> <span class='ocrx_word' id='word_1_601' title='bbox 2318 4136 2571 4208; x_wconf 91' lang='lat' dir='ltr'><strong>illucque</strong></span> <span class='ocrx_word' id='word_1_602' title='bbox 2602 4137 3054 4192; x_wconf 88' lang='lat' dir='ltr'><strong>adventantibus</strong></span> <span class='ocrx_word' id='word_1_603' title='bbox 3084 4135 3497 4205; x_wconf 88' lang='lat' dir='ltr'><strong>velutjuvenis</strong></span> <span class='ocrx_word' id='word_1_604' title='bbox 3529 4133 3673 4189; x_wconf 86' lang='lat' dir='ltr'><strong>alter</strong></span> <span class='ocrx_word' id='word_1_605' title='bbox 3704 4134 3820 4189; x_wconf 89' lang='lat' dir='ltr'><strong>Da-</strong></span> 
     </span>
    </p>
   </div>
   <div class='ocr_carea' id='block_1_89' title="bbox 2172 4226 3274 4297">
    <p class='ocr_par' dir='ltr' id='par_1_89' title="bbox 2172 4226 3274 4297">
     <span class='ocr_line' id='line_1_89' title="bbox 2172 4226 3274 4297; baseline -0.002 -16"><span class='ocrx_word' id='word_1_606' title='bbox 2172 4226 2282 4283; x_wconf 91' lang='lat' dir='ltr'><strong>niel</strong></span> <span class='ocrx_word' id='word_1_607' title='bbox 2316 4226 2685 4282; x_wconf 88' lang='lat' dir='ltr'><strong>admirationi</strong></span> <span class='ocrx_word' id='word_1_608' title='bbox 2718 4232 2775 4281; x_wconf 90' lang='lat' dir='ltr'><strong>et</strong></span> <span class='ocrx_word' id='word_1_609' title='bbox 2805 4226 3068 4297; x_wconf 89' lang='lat' dir='ltr'><strong>exemplo</strong></span> <span class='ocrx_word' id='word_1_610' title='bbox 3099 4229 3274 4280; x_wconf 89' lang='lat' dir='ltr'><strong>esset.</strong></span> 
     </span>
    </p>
   </div>
   <div class='ocr_carea' id='block_1_90' title="bbox 2239 4312 3816 4371">
    <p class='ocr_par' dir='ltr' id='par_1_90' title="bbox 2239 4312 3816 4371">
     <span class='ocr_line' id='line_1_90' title="bbox 2239 4312 3816 4371; baseline -0.003 0"><span class='ocrx_word' id='word_1_611' title='bbox 2239 4317 2344 4371; x_wconf 91' lang='lat' dir='ltr'><strong>Sed</strong></span> <span class='ocrx_word' id='word_1_612' title='bbox 2379 4316 2530 4371; x_wconf 90' lang='lat' dir='ltr'><strong>hanc</strong></span> <span class='ocrx_word' id='word_1_613' title='bbox 2556 4316 2726 4371; x_wconf 91' lang='lat' dir='ltr'><strong>nobis</strong></span> <span class='ocrx_word' id='word_1_614' title='bbox 2776 4322 2833 4370; x_wconf 90' lang='lat' dir='ltr'><strong>et</strong></span> <span class='ocrx_word' id='word_1_615' title='bbox 2863 4315 2961 4370; x_wconf 91' lang='lat' dir='ltr'><strong>Dei</strong></span> <span class='ocrx_word' id='word_1_616' title='bbox 3013 4314 3280 4371; x_wconf 63' lang='lat' dir='ltr'><strong>Ecclesia</strong></span> <span class='ocrx_word' id='word_1_617' title='bbox 3333 4314 3600 4368; x_wconf 87' lang='lat' dir='ltr'><strong>invidens</strong></span> <span class='ocrx_word' id='word_1_618' title='bbox 3634 4312 3816 4367; x_wconf 90' lang='lat' dir='ltr'><strong>felici-</strong></span> 
     </span>
    </p>
   </div>
   <div class='ocr_carea' id='block_1_91' title="bbox 2168 4404 3814 4476">
    <p class='ocr_par' dir='ltr' id='par_1_91' title="bbox 2168 4404 3814 4476">
     <span class='ocr_line' id='line_1_91' title="bbox 2168 4404 3814 4476; baseline -0.003 -16"><span class='ocrx_word' id='word_1_619' title='bbox 2168 4410 2343 4460; x_wconf 81' lang='lat' dir='ltr'><strong>tatem</strong></span> <span class='ocrx_word' id='word_1_620' title='bbox 2376 4405 2471 4461; x_wconf 88' lang='lat' dir='ltr'><strong>ille</strong></span> <span class='ocrx_word' id='word_1_621' title='bbox 2503 4407 2601 4476; x_wconf 89' lang='lat' dir='ltr'><strong>qui</strong></span> <span class='ocrx_word' id='word_1_622' title='bbox 2634 4422 2742 4460; x_wconf 90' lang='lat' dir='ltr'><strong>sua</strong></span> <span class='ocrx_word' id='word_1_623' title='bbox 2772 4404 2989 4459; x_wconf 89' lang='lat' dir='ltr'><strong>invidia</strong></span> <span class='ocrx_word' id='word_1_624' title='bbox 3022 4409 3266 4460; x_wconf 86' lang='lat' dir='ltr'><strong>mortem</strong></span> <span class='ocrx_word' id='word_1_625' title='bbox 3304 4404 3519 4458; x_wconf 79' lang='lat' dir='ltr'><strong>invexit</strong></span> <span class='ocrx_word' id='word_1_626' title='bbox 3549 4404 3608 4457; x_wconf 93' lang='lat' dir='ltr'><strong>in</strong></span> <span class='ocrx_word' id='word_1_627' title='bbox 3643 4419 3814 4456; x_wconf 90' lang='lat' dir='ltr'><strong>mun-</strong></span> 
     </span>
    </p>
   </div>
   <div class='ocr_carea' id='block_1_92' title="bbox 2167 4493 3814 4561">
    <p class='ocr_par' dir='ltr' id='par_1_92' title="bbox 2167 4493 3814 4561">
     <span class='ocr_line' id='line_1_92' title="bbox 2167 4493 3814 4561; baseline -0.002 -12"><span class='ocrx_word' id='word_1_628' title='bbox 2167 4494 2632 4561; x_wconf 87' lang='lat' dir='ltr'><strong>dum,secundis</strong></span> <span class='ocrx_word' id='word_1_629' title='bbox 2682 4494 2851 4549; x_wconf 92' lang='lat' dir='ltr'><strong>bellis</strong></span> <span class='ocrx_word' id='word_1_630' title='bbox 2909 4494 3177 4549; x_wconf 91' lang='lat' dir='ltr'><strong>civilibus</strong></span> <span class='ocrx_word' id='word_1_631' title='bbox 3234 4495 3304 4548; x_wconf 92' lang='lat' dir='ltr'><strong>ad</strong></span> <span class='ocrx_word' id='word_1_632' title='bbox 3366 4493 3745 4547; x_wconf 88' lang='lat' dir='ltr'><strong>defectionem</strong></span> <span class='ocrx_word' id='word_1_633' title='bbox 3782 4507 3814 4545; x_wconf 88' lang='lat' dir='ltr'><strong>a</strong></span> 
     </span>
    </p>
   </div>
   <div class='ocr_carea' id='block_1_93' title="bbox 2166 4581 3811 4655">
    <p class='ocr_par' dir='ltr' id='par_1_93' title="bbox 2166 4581 3811 4655">
     <span class='ocr_line' id='line_1_93' title="bbox 2166 4581 3811 4655; baseline -0.003 -17"><span class='ocrx_word' id='word_1_634' title='bbox 2166 4600 2298 4655; x_wconf 90' lang='lat' dir='ltr'><strong>rege</strong></span> <span class='ocrx_word' id='word_1_635' title='bbox 2319 4590 2375 4638; x_wconf 89' lang='lat' dir='ltr'><strong>et</strong></span> <span class='ocrx_word' id='word_1_636' title='bbox 2405 4584 2662 4638; x_wconf 86' lang='lat' dir='ltr'><strong>Ecclesia</strong></span> <span class='ocrx_word' id='word_1_637' title='bbox 2694 4584 3049 4655; x_wconf 86' lang='lat' dir='ltr'><strong>Rupellanos</strong></span> <span class='ocrx_word' id='word_1_638' title='bbox 3080 4585 3201 4652; x_wconf 81' lang='lat' dir='ltr'><strong>(eos</strong></span> <span class='ocrx_word' id='word_1_639' title='bbox 3224 4583 3443 4653; x_wconf 83' lang='lat' dir='ltr'><strong>excipio</strong></span> <span class='ocrx_word' id='word_1_640' title='bbox 3476 4581 3693 4652; x_wconf 89' lang='lat' dir='ltr'><strong>quibus</strong></span> <span class='ocrx_word' id='word_1_641' title='bbox 3723 4581 3811 4634; x_wconf 81' lang='lat' dir='ltr'><strong>in-</strong></span> 
     </span>
    </p>
   </div>
   <div class='ocr_carea' id='block_1_94' title="bbox 418 4658 3812 4744">
    <p class='ocr_par' dir='ltr' id='par_1_94' title="bbox 418 4658 3812 4744">
     <span class='ocr_line' id='line_1_94' title="bbox 418 4658 3812 4744; baseline 0.002 -30"><span class='ocrx_word' id='word_1_642' title='bbox 418 4658 669 4744; x_wconf 68' lang='lat' dir='ltr'><strong>peracris</strong></span> <span class='ocrx_word' id='word_1_643' title='bbox 694 4658 921 4729; x_wconf 86' lang='lat' dir='ltr'><strong>judicii)</strong></span> <span class='ocrx_word' id='word_1_644' title='bbox 954 4662 1361 4734; x_wconf 87' lang='lat' dir='ltr'><strong>indefessoque</strong></span> <span class='ocrx_word' id='word_1_645' title='bbox 1393 4664 1586 4720; x_wconf 88' lang='lat' dir='ltr'><strong>labore</strong></span> <span class='ocrx_word' id='word_1_646' title='bbox 1618 4667 1701 4720; x_wconf 85' lang='lat' dir='ltr'><strong>ita</strong></span> <span class='ocrx_word' id='word_1_647' title='bbox 1733 4668 1885 4723; x_wconf 91' lang='lat' dir='ltr'><strong>brevi</strong></span> <span class='ocrx_word' id='word_1_648' title='bbox 1922 4687 2054 4740; x_wconf 90' lang='lat' dir='ltr'><strong>pro-</strong></span> <span class='ocrx_word' id='word_1_649' title='bbox 2090 4673 2134 4736; x_wconf 90' lang='lat' dir='ltr'><strong>D</strong></span> <span class='ocrx_word' id='word_1_650' title='bbox 2166 4678 2288 4728; x_wconf 89' lang='lat' dir='ltr'><strong>erat</strong></span> <span class='ocrx_word' id='word_1_651' title='bbox 2319 4672 2572 4728; x_wconf 87' lang='lat' dir='ltr'><strong>scintilla</strong></span> <span class='ocrx_word' id='word_1_652' title='bbox 2601 4673 2865 4744; x_wconf 65' lang='lat' dir='ltr'><strong>quaedam</strong></span> <span class='ocrx_word' id='word_1_653' title='bbox 2894 4672 3128 4744; x_wconf 89' lang='lat' dir='ltr'><strong>pietatis</strong></span> <span class='ocrx_word' id='word_1_654' title='bbox 3159 4676 3217 4726; x_wconf 91' lang='lat' dir='ltr'><strong>et</strong></span> <span class='ocrx_word' id='word_1_655' title='bbox 3249 4672 3465 4726; x_wconf 82' lang='lat' dir='ltr'><strong>amoris</strong></span> <span class='ocrx_word' id='word_1_656' title='bbox 3498 4686 3635 4742; x_wconf 89' lang='lat' dir='ltr'><strong>erga</strong></span> <span class='ocrx_word' id='word_1_657' title='bbox 3665 4669 3812 4723; x_wconf 90' lang='lat' dir='ltr'><strong>litte-</strong></span> 
     </span>
    </p>
   </div>
   <div class='ocr_carea' id='block_1_95' title="bbox 412 4742 2057 4829">
    <p class='ocr_par' dir='ltr' id='par_1_95' title="bbox 412 4742 2057 4829">
     <span class='ocr_line' id='line_1_95' title="bbox 412 4742 2057 4829; baseline 0.011 -33"><span class='ocrx_word' id='word_1_658' title='bbox 412 4742 562 4810; x_wconf 80' lang='lat' dir='ltr'><strong>fecit,</strong></span> <span class='ocrx_word' id='word_1_659' title='bbox 607 4750 670 4799; x_wconf 91' lang='lat' dir='ltr'><strong>ut</strong></span> <span class='ocrx_word' id='word_1_660' title='bbox 699 4762 915 4803; x_wconf 65' lang='lat' dir='ltr'><strong>coaevos</strong></span> <span class='ocrx_word' id='word_1_661' title='bbox 947 4766 1086 4804; x_wconf 88' lang='lat' dir='ltr'><strong>suos</strong></span> <span class='ocrx_word' id='word_1_662' title='bbox 1121 4767 1323 4806; x_wconf 90' lang='lat' dir='ltr'><strong>omnes</strong></span> <span class='ocrx_word' id='word_1_663' title='bbox 1353 4756 1745 4822; x_wconf 83' lang='lat' dir='ltr'><strong>anteverterit,</strong></span> <span class='ocrx_word' id='word_1_664' title='bbox 1767 4756 2057 4829; x_wconf 89' lang='lat' dir='ltr'><strong>longoque</strong></span> 
     </span>
    </p>
   </div>
   <div class='ocr_carea' id='block_1_96' title="bbox 407 4834 2055 4914">
    <p class='ocr_par' dir='ltr' id='par_1_96' title="bbox 407 4834 2055 4914">
     <span class='ocr_line' id='line_1_96' title="bbox 407 4834 2055 4914; baseline 0.01 -28"><span class='ocrx_word' id='word_1_665' title='bbox 407 4838 538 4902; x_wconf 89' lang='lat' dir='ltr'><strong>post</strong></span> <span class='ocrx_word' id='word_1_666' title='bbox 580 4850 640 4888; x_wconf 89' lang='lat' dir='ltr'><strong>se</strong></span> <span class='ocrx_word' id='word_1_667' title='bbox 682 4834 983 4892; x_wconf 87' lang='lat' dir='ltr'><strong>intervallo</strong></span> <span class='ocrx_word' id='word_1_668' title='bbox 1034 4837 1355 4910; x_wconf 87' lang='lat' dir='ltr'><strong>reliquerit,</strong></span> <span class='ocrx_word' id='word_1_669' title='bbox 1406 4842 1533 4897; x_wconf 92' lang='lat' dir='ltr'><strong>imo</strong></span> <span class='ocrx_word' id='word_1_670' title='bbox 1582 4848 1638 4897; x_wconf 90' lang='lat' dir='ltr'><strong>et</strong></span> <span class='ocrx_word' id='word_1_671' title='bbox 1686 4861 1900 4914; x_wconf 88' lang='lat' dir='ltr'><strong>paucos</strong></span> <span class='ocrx_word' id='word_1_672' title='bbox 1950 4864 2055 4903; x_wconf 82' lang='lat' dir='ltr'><strong>suo</strong></span> 
     </span>
    </p>
   </div>
   <div class='ocr_carea' id='block_1_97' title="bbox 413 4922 2057 5007">
    <p class='ocr_par' dir='ltr' id='par_1_97' title="bbox 413 4922 2057 5007">
     <span class='ocr_line' id='line_1_97' title="bbox 413 4922 2057 5007; baseline 0.01 -32"><span class='ocrx_word' id='word_1_673' title='bbox 413 4922 627 4978; x_wconf 57' lang='lat' dir='ltr'><strong>saeculo</strong></span> <span class='ocrx_word' id='word_1_674' title='bbox 674 4941 845 4995; x_wconf 85' lang='lat' dir='ltr'><strong>pares</strong></span> <span class='ocrx_word' id='word_1_675' title='bbox 895 4925 1164 4981; x_wconf 88' lang='lat' dir='ltr'><strong>habuerit</strong></span> <span class='ocrx_word' id='word_1_676' title='bbox 1198 4946 1209 4982; x_wconf 91' lang='lat'><strong>:</strong></span> <span class='ocrx_word' id='word_1_677' title='bbox 1245 4946 1423 4999; x_wconf 87' lang='lat' dir='ltr'><strong>super</strong></span> <span class='ocrx_word' id='word_1_678' title='bbox 1454 4948 1623 4986; x_wconf 83' lang='lat' dir='ltr'><strong>senos</strong></span> <span class='ocrx_word' id='word_1_679' title='bbox 1660 4933 1936 4991; x_wconf 84' lang='lat' dir='ltr'><strong>nimirum</strong></span> <span class='ocrx_word' id='word_1_680' title='bbox 1968 4941 2057 5007; x_wconf 78' lang='lat' dir='ltr'><strong>(ut</strong></span> 
     </span>
    </p>
   </div>
   <div class='ocr_carea' id='block_1_98' title="bbox 408 5010 2052 5091">
    <p class='ocr_par' dir='ltr' id='par_1_98' title="bbox 408 5010 2052 5091">
     <span class='ocr_line' id='line_1_98' title="bbox 408 5010 2052 5091; baseline 0.01 -27"><span class='ocrx_word' id='word_1_681' title='bbox 408 5010 723 5083; x_wconf 59' lang='lat' dir='ltr'><strong>Scriptura;</strong></span> <span class='ocrx_word' id='word_1_682' title='bbox 755 5014 948 5069; x_wconf 85' lang='lat' dir='ltr'><strong>verbis</strong></span> <span class='ocrx_word' id='word_1_683' title='bbox 980 5020 1111 5070; x_wconf 91' lang='lat' dir='ltr'><strong>utar</strong></span> <span class='ocrx_word' id='word_1_684' title='bbox 1138 5017 1206 5088; x_wconf 69' lang='lat' dir='ltr'><strong>ﬂ‘)</strong></span> <span class='ocrx_word' id='word_1_685' title='bbox 1238 5017 1596 5074; x_wconf 87' lang='lat' dir='ltr'><strong>intellexisse</strong></span> <span class='ocrx_word' id='word_1_686' title='bbox 1645 5021 1894 5091; x_wconf 90' lang='lat' dir='ltr'><strong>videtur,</strong></span> <span class='ocrx_word' id='word_1_687' title='bbox 1930 5041 2052 5080; x_wconf 83' lang='lat' dir='ltr'><strong>ma-</strong></span> 
     </span>
    </p>
   </div>
   <div class='ocr_carea' id='block_1_99' title="bbox 401 5100 2050 5179">
    <p class='ocr_par' dir='ltr' id='par_1_99' title="bbox 401 5100 2050 5179">
     <span class='ocr_line' id='line_1_99' title="bbox 401 5100 2050 5179; baseline 0.009 -27"><span class='ocrx_word' id='word_1_688' title='bbox 401 5115 553 5154; x_wconf 73' lang='lat' dir='ltr'><strong>xnme</strong></span> <span class='ocrx_word' id='word_1_689' title='bbox 587 5100 641 5154; x_wconf 90' lang='lat' dir='ltr'><strong>in</strong></span> <span class='ocrx_word' id='word_1_690' title='bbox 673 5102 859 5156; x_wconf 89' lang='lat' dir='ltr'><strong>sacris</strong></span> <span class='ocrx_word' id='word_1_691' title='bbox 886 5108 942 5157; x_wconf 88' lang='lat' dir='ltr'><strong>et</strong></span> <span class='ocrx_word' id='word_1_692' title='bbox 974 5106 1227 5174; x_wconf 86' lang='lat' dir='ltr'><strong>antiquis</strong></span> <span class='ocrx_word' id='word_1_693' title='bbox 1278 5107 1695 5179; x_wconf 88' lang='lat' dir='ltr'><strong>intelligendis,</strong></span> <span class='ocrx_word' id='word_1_694' title='bbox 1741 5113 2050 5167; x_wconf 88' lang='lat' dir='ltr'><strong>enuclean-</strong></span> 
     </span>
    </p>
   </div>
   <div class='ocr_carea' id='block_1_100' title="bbox 399 5187 2049 5260">
    <p class='ocr_par' dir='ltr' id='par_1_100' title="bbox 399 5187 2049 5260">
     <span class='ocr_line' id='line_1_100' title="bbox 399 5187 2049 5260; baseline 0.008 -19"><span class='ocrx_word' id='word_1_695' title='bbox 399 5187 514 5254; x_wconf 84' lang='lat' dir='ltr'><strong>dis,</strong></span> <span class='ocrx_word' id='word_1_696' title='bbox 550 5189 1007 5260; x_wconf 89' lang='lat' dir='ltr'><strong>interpretandis</strong></span> <span class='ocrx_word' id='word_1_697' title='bbox 1047 5198 1105 5246; x_wconf 89' lang='lat' dir='ltr'><strong>et</strong></span> <span class='ocrx_word' id='word_1_698' title='bbox 1161 5194 1539 5251; x_wconf 90' lang='lat' dir='ltr'><strong>traducendis</strong></span> <span class='ocrx_word' id='word_1_699' title='bbox 1588 5197 1802 5253; x_wconf 71' lang='lat' dir='ltr'><strong>Graecis</strong></span> <span class='ocrx_word' id='word_1_700' title='bbox 1852 5206 2049 5255; x_wconf 90' lang='lat' dir='ltr'><strong>aucto-</strong></span> 
     </span>
    </p>
   </div>
   <div class='ocr_carea' id='block_1_101' title="bbox 399 5276 2049 5354">
    <p class='ocr_par' dir='ltr' id='par_1_101' title="bbox 399 5276 2049 5354">
     <span class='ocr_line' id='line_1_101' title="bbox 399 5276 2049 5354; baseline 0.009 -25"><span class='ocrx_word' id='word_1_701' title='bbox 399 5276 579 5332; x_wconf 90' lang='lat' dir='ltr'><strong>ribus.</strong></span> <span class='ocrx_word' id='word_1_702' title='bbox 616 5278 774 5333; x_wconf 89' lang='lat' dir='ltr'><strong>Inter</strong></span> <span class='ocrx_word' id='word_1_703' title='bbox 805 5296 949 5347; x_wconf 89' lang='lat' dir='ltr'><strong>quos</strong></span> <span class='ocrx_word' id='word_1_704' title='bbox 971 5297 1345 5354; x_wconf 89' lang='lat' dir='ltr'><strong>summopere</strong></span> <span class='ocrx_word' id='word_1_705' title='bbox 1370 5284 1691 5341; x_wconf 87' lang='lat' dir='ltr'><strong>delectatus</strong></span> <span class='ocrx_word' id='word_1_706' title='bbox 1723 5293 1811 5342; x_wconf 87' lang='lat' dir='ltr'><strong>est</strong></span> <span class='ocrx_word' id='word_1_707' title='bbox 1840 5290 2049 5344; x_wconf 90' lang='lat' dir='ltr'><strong>D.Gre-</strong></span> 
     </span>
    </p>
   </div>
   <div class='ocr_carea' id='block_1_102' title="bbox 397 5368 2046 5450">
    <p class='ocr_par' dir='ltr' id='par_1_102' title="bbox 397 5368 2046 5450">
     <span class='ocr_line' id='line_1_102' title="bbox 397 5368 2046 5450; baseline 0.01 -30"><span class='ocrx_word' id='word_1_708' title='bbox 397 5368 557 5438; x_wconf 90' lang='lat' dir='ltr'><strong>gorio</strong></span> <span class='ocrx_word' id='word_1_709' title='bbox 589 5369 955 5425; x_wconf 87' lang='lat' dir='ltr'><strong>Nazianzeno</strong></span> <span class='ocrx_word' id='word_1_710' title='bbox 986 5372 1300 5446; x_wconf 89' lang='lat' dir='ltr'><strong>Theologo,</strong></span> <span class='ocrx_word' id='word_1_711' title='bbox 1325 5392 1458 5431; x_wconf 90' lang='lat' dir='ltr'><strong>cum</strong></span> <span class='ocrx_word' id='word_1_712' title='bbox 1486 5383 1721 5450; x_wconf 90' lang='lat' dir='ltr'><strong>propter</strong></span> <span class='ocrx_word' id='word_1_713' title='bbox 1753 5397 2046 5435; x_wconf 90' lang='lat' dir='ltr'><strong>summam</strong></span> 
     </span>
    </p>
   </div>
   <div class='ocr_carea' id='block_1_103' title="bbox 396 5455 2046 5540">
    <p class='ocr_par' dir='ltr' id='par_1_103' title="bbox 396 5455 2046 5540">
     <span class='ocr_line' id='line_1_103' title="bbox 396 5455 2046 5540; baseline 0.01 -32"><span class='ocrx_word' id='word_1_714' title='bbox 396 5455 524 5524; x_wconf 89' lang='lat' dir='ltr'><strong>ejus</strong></span> <span class='ocrx_word' id='word_1_715' title='bbox 554 5456 1105 5527; x_wconf 88' lang='lat' dir='ltr'><strong>eloquentiam,tum</strong></span> <span class='ocrx_word' id='word_1_716' title='bbox 1141 5462 1213 5516; x_wconf 93' lang='lat' dir='ltr'><strong>ob</strong></span> <span class='ocrx_word' id='word_1_717' title='bbox 1236 5462 1591 5537; x_wconf 88' lang='lat' dir='ltr'><strong>singularem</strong></span> <span class='ocrx_word' id='word_1_718' title='bbox 1616 5468 1741 5537; x_wconf 87' lang='lat' dir='ltr'><strong>ejus</strong></span> <span class='ocrx_word' id='word_1_719' title='bbox 1776 5470 2046 5540; x_wconf 88' lang='lat' dir='ltr'><strong>pietatem</strong></span> 
     </span>
    </p>
   </div>
   <div class='ocr_carea' id='block_1_104' title="bbox 396 5546 2045 5625">
    <p class='ocr_par' dir='ltr' id='par_1_104' title="bbox 396 5546 2045 5625">
     <span class='ocr_line' id='line_1_104' title="bbox 396 5546 2045 5625; baseline 0.011 -28"><span class='ocrx_word' id='word_1_720' title='bbox 396 5548 455 5597; x_wconf 87' lang='lat' dir='ltr'><strong>et</strong></span> <span class='ocrx_word' id='word_1_721' title='bbox 483 5546 809 5602; x_wconf 90' lang='lat' dir='ltr'><strong>doctrinam</strong></span> <span class='ocrx_word' id='word_1_722' title='bbox 850 5565 862 5602; x_wconf 88' lang='lat'><strong>:</strong></span> <span class='ocrx_word' id='word_1_723' title='bbox 902 5550 1054 5605; x_wconf 89' lang='lat' dir='ltr'><strong>unde</strong></span> <span class='ocrx_word' id='word_1_724' title='bbox 1084 5554 1226 5606; x_wconf 88' lang='lat' dir='ltr'><strong>tunc</strong></span> <span class='ocrx_word' id='word_1_725' title='bbox 1258 5554 1536 5625; x_wconf 87' lang='lat' dir='ltr'><strong>temporis</strong></span> <span class='ocrx_word' id='word_1_726' title='bbox 1586 5556 1828 5613; x_wconf 79' lang='lat' dir='ltr'><strong>incessit</strong></span> <span class='ocrx_word' id='word_1_727' title='bbox 1858 5559 1909 5613; x_wconf 89' lang='lat' dir='ltr'><strong>ei</strong></span> <span class='ocrx_word' id='word_1_728' title='bbox 1940 5576 2045 5614; x_wconf 91' lang='lat' dir='ltr'><strong>cu-</strong></span> 
     </span>
    </p>
   </div>
   <div class='ocr_carea' id='block_1_105' title="bbox 467 5758 1081 5831">
    <p class='ocr_par' dir='ltr' id='par_1_105' title="bbox 467 5758 1081 5831">
     <span class='ocr_line' id='line_1_105' title="bbox 467 5758 1081 5831; baseline 0.008 -17"><span class='ocrx_word' id='word_1_729' title='bbox 467 5758 511 5793; x_wconf 79' lang='grc'><strong>⁸⁴</strong></span> <span class='ocrx_word' id='word_1_730' title='bbox 543 5759 697 5816; x_wconf 87' lang='lat' dir='ltr'><strong>Psal.</strong></span> <span class='ocrx_word' id='word_1_731' title='bbox 729 5776 926 5831; x_wconf 74' lang='grc' dir='ltr'><strong>αινῐιι,</strong></span> <span class='ocrx_word' id='word_1_732' title='bbox 959 5763 1081 5820; x_wconf 90' lang='grc'><strong>100.</strong></span> 
     </span>
    </p>
   </div>
   <div class='ocr_carea' id='block_1_106' title="bbox 2166 4759 3813 4834">
    <p class='ocr_par' dir='ltr' id='par_1_106' title="bbox 2166 4759 3813 4834">
     <span class='ocr_line' id='line_1_106' title="bbox 2166 4759 3813 4834; baseline -0.002 -18"><span class='ocrx_word' id='word_1_733' title='bbox 2166 4763 2343 4834; x_wconf 90' lang='lat' dir='ltr'><strong>ratos)</strong></span> <span class='ocrx_word' id='word_1_734' title='bbox 2393 4761 2549 4818; x_wconf 90' lang='lat' dir='ltr'><strong>velut</strong></span> <span class='ocrx_word' id='word_1_735' title='bbox 2596 4779 2661 4817; x_wconf 83' lang='lat' dir='ltr'><strong>ex</strong></span> <span class='ocrx_word' id='word_1_736' title='bbox 2706 4779 2837 4816; x_wconf 93' lang='lat' dir='ltr'><strong>orco</strong></span> <span class='ocrx_word' id='word_1_737' title='bbox 2887 4780 2994 4817; x_wconf 89' lang='lat' dir='ltr'><strong>suo</strong></span> <span class='ocrx_word' id='word_1_738' title='bbox 3044 4766 3099 4816; x_wconf 92' lang='lat' dir='ltr'><strong>et</strong></span> <span class='ocrx_word' id='word_1_739' title='bbox 3156 4766 3439 4830; x_wconf 86' lang='lat' dir='ltr'><strong>tanquam</strong></span> <span class='ocrx_word' id='word_1_740' title='bbox 3496 4759 3716 4814; x_wconf 87' lang='lat' dir='ltr'><strong>alacres</strong></span> <span class='ocrx_word' id='word_1_741' title='bbox 3757 4763 3813 4813; x_wconf 91' lang='lat' dir='ltr'><strong>et</strong></span> 
     </span>
    </p>
   </div>
   <div class='ocr_carea' id='block_1_107' title="bbox 2166 4849 3809 4922">
    <p class='ocr_par' dir='ltr' id='par_1_107' title="bbox 2166 4849 3809 4922">
     <span class='ocr_line' id='line_1_107' title="bbox 2166 4849 3809 4922; baseline -0.001 -17"><span class='ocrx_word' id='word_1_742' title='bbox 2166 4852 2679 4922; x_wconf 84' lang='lat' dir='ltr'><strong>peraccommodos</strong></span> <span class='ocrx_word' id='word_1_743' title='bbox 2711 4852 2916 4906; x_wconf 89' lang='lat' dir='ltr'><strong>nefarii</strong></span> <span class='ocrx_word' id='word_1_744' title='bbox 2977 4853 3067 4907; x_wconf 91' lang='lat' dir='ltr'><strong>sui</strong></span> <span class='ocrx_word' id='word_1_745' title='bbox 3126 4851 3380 4906; x_wconf 88' lang='lat' dir='ltr'><strong>instituti</strong></span> <span class='ocrx_word' id='word_1_746' title='bbox 3429 4849 3809 4904; x_wconf 89' lang='lat' dir='ltr'><strong>administros</strong></span> 
     </span>
    </p>
   </div>
   <div class='ocr_carea' id='block_1_108' title="bbox 2165 4937 3805 5010">
    <p class='ocr_par' dir='ltr' id='par_1_108' title="bbox 2165 4937 3805 5010">
     <span class='ocr_line' id='line_1_108' title="bbox 2165 4937 3805 5010; baseline -0.002 -18"><span class='ocrx_word' id='word_1_747' title='bbox 2165 4939 2690 5009; x_wconf 89' lang='lat' dir='ltr'><strong>suscitat,quorum</strong></span> <span class='ocrx_word' id='word_1_748' title='bbox 2715 4939 3037 4993; x_wconf 74' lang='lat' dir='ltr'><strong>miniSLerio</strong></span> <span class='ocrx_word' id='word_1_749' title='bbox 3064 4940 3120 4993; x_wconf 91' lang='lat' dir='ltr'><strong>id</strong></span> <span class='ocrx_word' id='word_1_750' title='bbox 3144 4956 3281 5010; x_wconf 89' lang='lat' dir='ltr'><strong>erga</strong></span> <span class='ocrx_word' id='word_1_751' title='bbox 3303 4954 3512 4993; x_wconf 89' lang='lat' dir='ltr'><strong>novum</strong></span> <span class='ocrx_word' id='word_1_752' title='bbox 3536 4937 3805 4991; x_wconf 87' lang='lat' dir='ltr'><strong>abbatem</strong></span> 
     </span>
    </p>
   </div>
   <div class='ocr_carea' id='block_1_109' title="bbox 2163 5027 3802 5099">
    <p class='ocr_par' dir='ltr' id='par_1_109' title="bbox 2163 5027 3802 5099">
     <span class='ocr_line' id='line_1_109' title="bbox 2163 5027 3802 5099; baseline -0.001 -17"><span class='ocrx_word' id='word_1_753' title='bbox 2163 5028 2532 5099; x_wconf 80' lang='lat' dir='ltr'><strong>effecit,quod</strong></span> <span class='ocrx_word' id='word_1_754' title='bbox 2556 5028 2695 5083; x_wconf 90' lang='lat' dir='ltr'><strong>olim</strong></span> <span class='ocrx_word' id='word_1_755' title='bbox 2715 5044 2849 5099; x_wconf 88' lang='lat' dir='ltr'><strong>erga</strong></span> <span class='ocrx_word' id='word_1_756' title='bbox 2875 5029 3087 5083; x_wconf 86' lang='lat' dir='ltr'><strong>Jobum</strong></span> <span class='ocrx_word' id='word_1_757' title='bbox 3121 5046 3350 5083; x_wconf 89' lang='lat' dir='ltr'><strong>servum</strong></span> <span class='ocrx_word' id='word_1_758' title='bbox 3374 5027 3471 5081; x_wconf 91' lang='lat' dir='ltr'><strong>Dei</strong></span> <span class='ocrx_word' id='word_1_759' title='bbox 3500 5028 3802 5083; x_wconf 85' lang='lat' dir='ltr'><strong>eximium.</strong></span> 
     </span>
    </p>
   </div>
   <div class='ocr_carea' id='block_1_110' title="bbox 2162 5116 3806 5188">
    <p class='ocr_par' dir='ltr' id='par_1_110' title="bbox 2162 5116 3806 5188">
     <span class='ocr_line' id='line_1_110' title="bbox 2162 5116 3806 5188; baseline 0.001 -18"><span class='ocrx_word' id='word_1_760' title='bbox 2162 5117 2307 5170; x_wconf 89' lang='lat' dir='ltr'><strong>Nam</strong></span> <span class='ocrx_word' id='word_1_761' title='bbox 2340 5118 2454 5171; x_wconf 92' lang='lat' dir='ltr'><strong>duo</strong></span> <span class='ocrx_word' id='word_1_762' title='bbox 2498 5118 2628 5188; x_wconf 83' lang='lat' dir='ltr'><strong>ejus</strong></span> <span class='ocrx_word' id='word_1_763' title='bbox 2679 5118 3033 5172; x_wconf 88' lang='lat' dir='ltr'><strong>monasteria</strong></span> <span class='ocrx_word' id='word_1_764' title='bbox 3086 5116 3169 5170; x_wconf 89' lang='lat' dir='ltr'><strong>illi</strong></span> <span class='ocrx_word' id='word_1_765' title='bbox 3204 5123 3572 5181; x_wconf 88' lang='lat' dir='ltr'><strong>exusserunt,</strong></span> <span class='ocrx_word' id='word_1_766' title='bbox 3606 5118 3806 5172; x_wconf 84' lang='lat' dir='ltr'><strong>dirue-</strong></span> 
     </span>
    </p>
   </div>
   <div class='ocr_carea' id='block_1_111' title="bbox 2162 5205 3805 5277">
    <p class='ocr_par' dir='ltr' id='par_1_111' title="bbox 2162 5205 3805 5277">
     <span class='ocr_line' id='line_1_111' title="bbox 2162 5205 3805 5277; baseline 0.002 -20"><span class='ocrx_word' id='word_1_767' title='bbox 2162 5207 2297 5257; x_wconf 88' lang='lat' dir='ltr'><strong>runt</strong></span> <span class='ocrx_word' id='word_1_768' title='bbox 2353 5210 2410 5258; x_wconf 89' lang='lat' dir='ltr'><strong>et</strong></span> <span class='ocrx_word' id='word_1_769' title='bbox 2462 5205 2584 5259; x_wconf 88' lang='lat' dir='ltr'><strong>solo</strong></span> <span class='ocrx_word' id='word_1_770' title='bbox 2645 5207 3045 5276; x_wconf 59' lang='lat' dir='ltr'><strong>adaequarunt.</strong></span> <span class='ocrx_word' id='word_1_771' title='bbox 3105 5207 3352 5259; x_wconf 85' lang='lat' dir='ltr'><strong>Arbores</strong></span> <span class='ocrx_word' id='word_1_772' title='bbox 3410 5205 3583 5260; x_wconf 90' lang='lat' dir='ltr'><strong>etiam</strong></span> <span class='ocrx_word' id='word_1_773' title='bbox 3644 5208 3805 5277; x_wconf 83' lang='lat' dir='ltr'><strong>(nam</strong></span> 
     </span>
    </p>
   </div>
   <div class='ocr_carea' id='block_1_112' title="bbox 2159 5291 3803 5366">
    <p class='ocr_par' dir='ltr' id='par_1_112' title="bbox 2159 5291 3803 5366">
     <span class='ocr_line' id='line_1_112' title="bbox 2159 5291 3803 5366; baseline 0.002 -20"><span class='ocrx_word' id='word_1_774' title='bbox 2159 5291 2279 5346; x_wconf 87' lang='lat' dir='ltr'><strong>illic</strong></span> <span class='ocrx_word' id='word_1_775' title='bbox 2309 5299 2432 5347; x_wconf 88' lang='lat' dir='ltr'><strong>erat</strong></span> <span class='ocrx_word' id='word_1_776' title='bbox 2465 5294 2520 5347; x_wconf 90' lang='lat' dir='ltr'><strong>in</strong></span> <span class='ocrx_word' id='word_1_777' title='bbox 2552 5292 2745 5349; x_wconf 90' lang='lat' dir='ltr'><strong>littore</strong></span> <span class='ocrx_word' id='word_1_778' title='bbox 2775 5295 2952 5348; x_wconf 88' lang='lat' dir='ltr'><strong>maris</strong></span> <span class='ocrx_word' id='word_1_779' title='bbox 2982 5296 3149 5349; x_wconf 90' lang='lat' dir='ltr'><strong>lucus</strong></span> <span class='ocrx_word' id='word_1_780' title='bbox 3182 5294 3491 5350; x_wconf 88' lang='lat' dir='ltr'><strong>arboribus</strong></span> <span class='ocrx_word' id='word_1_781' title='bbox 3528 5301 3803 5366; x_wconf 89' lang='lat' dir='ltr'><strong>perpetuo</strong></span> 
     </span>
    </p>
   </div>
   <div class='ocr_carea' id='block_1_113' title="bbox 2156 5382 3802 5455">
    <p class='ocr_par' dir='ltr' id='par_1_113' title="bbox 2156 5382 3802 5455">
     <span class='ocr_line' id='line_1_113' title="bbox 2156 5382 3802 5455; baseline 0.003 -22"><span class='ocrx_word' id='word_1_782' title='bbox 2156 5382 2580 5437; x_wconf 90' lang='lat' dir='ltr'><strong>vireseentibus</strong></span> <span class='ocrx_word' id='word_1_783' title='bbox 2615 5386 2898 5449; x_wconf 89' lang='lat' dir='ltr'><strong>consitus,</strong></span> <span class='ocrx_word' id='word_1_784' title='bbox 2957 5392 3012 5438; x_wconf 91' lang='lat' dir='ltr'><strong>et</strong></span> <span class='ocrx_word' id='word_1_785' title='bbox 3045 5401 3433 5455; x_wconf 82' lang='lat' dir='ltr'><strong>peramoenus,</strong></span> <span class='ocrx_word' id='word_1_786' title='bbox 3496 5385 3802 5455; x_wconf 89' lang='lat' dir='ltr'><strong>musisque</strong></span> 
     </span>
    </p>
   </div>
   <div class='ocr_carea' id='block_1_114' title="bbox 2155 5471 3797 5545">
    <p class='ocr_par' dir='ltr' id='par_1_114' title="bbox 2155 5471 3797 5545">
     <span class='ocr_line' id='line_1_114' title="bbox 2155 5471 3797 5545; baseline 0.004 -22"><span class='ocrx_word' id='word_1_787' title='bbox 2155 5471 2520 5540; x_wconf 82' lang='lat' dir='ltr'><strong>aptissimus)</strong></span> <span class='ocrx_word' id='word_1_788' title='bbox 2553 5472 2759 5542; x_wconf 88' lang='lat' dir='ltr'><strong>partim</strong></span> <span class='ocrx_word' id='word_1_789' title='bbox 2812 5475 3206 5543; x_wconf 85' lang='lat' dir='ltr'><strong>succiderunt,</strong></span> <span class='ocrx_word' id='word_1_790' title='bbox 3271 5474 3479 5545; x_wconf 85' lang='lat' dir='ltr'><strong>partim</strong></span> <span class='ocrx_word' id='word_1_791' title='bbox 3514 5474 3797 5529; x_wconf 89' lang='lat' dir='ltr'><strong>radicitus</strong></span> 
     </span>
    </p>
   </div>
   <div class='ocr_carea' id='block_1_115' title="bbox 2154 5558 3802 5632">
    <p class='ocr_par' dir='ltr' id='par_1_115' title="bbox 2154 5558 3802 5632">
     <span class='ocr_line' id='line_1_115' title="bbox 2154 5558 3802 5632; baseline 0.004 -19"><span class='ocrx_word' id='word_1_792' title='bbox 2154 5558 2525 5627; x_wconf 85' lang='lat' dir='ltr'><strong>avulserunt;</strong></span> <span class='ocrx_word' id='word_1_793' title='bbox 2559 5567 2615 5616; x_wconf 88' lang='lat' dir='ltr'><strong>et</strong></span> <span class='ocrx_word' id='word_1_794' title='bbox 2646 5568 2930 5632; x_wconf 88' lang='lat' dir='ltr'><strong>quotquot</strong></span> <span class='ocrx_word' id='word_1_795' title='bbox 2970 5562 3028 5616; x_wconf 93' lang='lat' dir='ltr'><strong>in</strong></span> <span class='ocrx_word' id='word_1_796' title='bbox 3077 5562 3548 5621; x_wconf 86' lang='lat' dir='ltr'><strong>Sanmichaelina</strong></span> <span class='ocrx_word' id='word_1_797' title='bbox 3577 5581 3707 5619; x_wconf 89' lang='lat' dir='ltr'><strong>arce</strong></span> <span class='ocrx_word' id='word_1_798' title='bbox 3741 5570 3802 5620; x_wconf 89' lang='lat' dir='ltr'><strong>et</strong></span> 
     </span>
    </p>
   </div>
  </div>
