  <div class='ocr_page' id='page_1' title='image "/cluster/home/n/w/nwhite01/storage/ocr_20150623/35/mdp.39015012934389/193.png"; bbox 0 0 4152 6286; ppageno 0'>
   <div class='ocr_carea' id='block_1_1' title="bbox 365 408 484 467">
    <p class='ocr_par' dir='ltr' id='par_1_1' title="bbox 365 408 484 467">
     <span class='ocr_line' id='line_1_1' title="bbox 365 408 484 467; baseline -0.025 0"><span class='ocrx_word' id='word_1_1' title='bbox 365 408 484 467; x_wconf 83' lang='lat'>3&#39;19</span> 
     </span>
    </p>
   </div>
   <div class='ocr_carea' id='block_1_2' title="bbox 1603 403 2572 468">
    <p class='ocr_par' dir='ltr' id='par_1_2' title="bbox 1603 403 2572 468">
     <span class='ocr_line' id='line_1_2' title="bbox 1603 403 2572 468; baseline -0.001 -4"><span class='ocrx_word' id='word_1_2' title='bbox 1603 404 1953 468; x_wconf 82' lang='lat' dir='ltr'>ELOGIUM</span> <span class='ocrx_word' id='word_1_3' title='bbox 1999 404 2265 468; x_wconf 81' lang='lat' dir='ltr'>JACOBI</span> <span class='ocrx_word' id='word_1_4' title='bbox 2315 403 2572 466; x_wconf 85' lang='lat' dir='ltr'>BILLll.</span> 
     </span>
    </p>
   </div>
   <div class='ocr_carea' id='block_1_3' title="bbox 3658 402 3780 463">
    <p class='ocr_par' dir='ltr' id='par_1_3' title="bbox 3658 402 3780 463">
     <span class='ocr_line' id='line_1_3' title="bbox 3658 402 3780 463; baseline 0.016 -2"><span class='ocrx_word' id='word_1_5' title='bbox 3658 402 3780 463; x_wconf 82' lang='lat'>380</span> 
     </span>
    </p>
   </div>
   <div class='ocr_carea' id='block_1_4' title="bbox 368 534 3772 610">
    <p class='ocr_par' dir='ltr' id='par_1_4' title="bbox 368 534 3772 610">
     <span class='ocr_line' id='line_1_4' title="bbox 368 534 3772 610; baseline -0.001 -18"><span class='ocrx_word' id='word_1_6' title='bbox 368 537 588 610; x_wconf 90' lang='lat' dir='ltr'>templo</span> <span class='ocrx_word' id='word_1_7' title='bbox 618 535 771 592; x_wconf 89' lang='lat' dir='ltr'>viros</span> <span class='ocrx_word' id='word_1_8' title='bbox 802 535 1130 609; x_wconf 86' lang='lat' dir='ltr'>religiosos,</span> <span class='ocrx_word' id='word_1_9' title='bbox 1165 534 1381 593; x_wconf 85' lang='lat' dir='ltr'>milites</span> <span class='ocrx_word' id='word_1_10' title='bbox 1412 553 1477 593; x_wconf 84' lang='lat' dir='ltr'>ac</span> <span class='ocrx_word' id='word_1_11' title='bbox 1526 536 1793 592; x_wconf 90' lang='lat' dir='ltr'>subditos</span> <span class='ocrx_word' id='word_1_12' title='bbox 1841 536 2011 608; x_wconf 90' lang='lat' dir='ltr'>(quos</span> <span class='ocrx_word' id='word_1_13' title='bbox 2040 540 2095 605; x_wconf 80' lang='grc' dir='ltr'>Α</span> <span class='ocrx_word' id='word_1_14' title='bbox 2125 542 2333 610; x_wconf 69' lang='lat' dir='ltr'>praeter</span> <span class='ocrx_word' id='word_1_15' title='bbox 2360 539 2806 593; x_wconf 89' lang='lat' dir='ltr'>innumerorum</span> <span class='ocrx_word' id='word_1_16' title='bbox 2837 535 3412 607; x_wconf 72' lang='lat' dir='ltr'>consanguineorum</span> <span class='ocrx_word' id='word_1_17' title='bbox 3464 540 3524 591; x_wconf 88' lang='lat' dir='ltr'>et</span> <span class='ocrx_word' id='word_1_18' title='bbox 3554 536 3772 591; x_wconf 88' lang='lat' dir='ltr'>amico-</span> 
     </span>
    </p>
   </div>
   <div class='ocr_carea' id='block_1_5' title="bbox 368 625 2008 697">
    <p class='ocr_par' dir='ltr' id='par_1_5' title="bbox 368 625 2008 697">
     <span class='ocr_line' id='line_1_5' title="bbox 368 625 2008 697; baseline -0.001 -15"><span class='ocrx_word' id='word_1_19' title='bbox 368 628 447 682; x_wconf 91' lang='lat' dir='ltr'>ibi</span> <span class='ocrx_word' id='word_1_20' title='bbox 479 625 637 681; x_wconf 89' lang='lat' dir='ltr'>velut</span> <span class='ocrx_word' id='word_1_21' title='bbox 669 625 1065 697; x_wconf 82' lang='lat' dir='ltr'>pra-sidiarios</span> <span class='ocrx_word' id='word_1_22' title='bbox 1098 626 1341 697; x_wconf 84' lang='lat' dir='ltr'>privatis</span> <span class='ocrx_word' id='word_1_23' title='bbox 1400 626 1739 697; x_wconf 84' lang='lat' dir='ltr'>sumptibus</span> <span class='ocrx_word' id='word_1_24' title='bbox 1799 626 2008 697; x_wconf 82' lang='lat' dir='ltr'>alebat)</span> 
     </span>
    </p>
   </div>
   <div class='ocr_carea' id='block_1_6' title="bbox 366 714 2007 787">
    <p class='ocr_par' dir='ltr' id='par_1_6' title="bbox 366 714 2007 787">
     <span class='ocr_line' id='line_1_6' title="bbox 366 714 2007 787; baseline -0.001 -17"><span class='ocrx_word' id='word_1_25' title='bbox 366 715 620 771; x_wconf 81' lang='lat' dir='ltr'>admotis</span> <span class='ocrx_word' id='word_1_26' title='bbox 646 714 867 769; x_wconf 86' lang='lat' dir='ltr'>bellicis</span> <span class='ocrx_word' id='word_1_27' title='bbox 920 716 1226 770; x_wconf 82' lang='lat' dir='ltr'>tormentis</span> <span class='ocrx_word' id='word_1_28' title='bbox 1268 720 1600 787; x_wconf 88' lang='lat' dir='ltr'>expugnato</span> <span class='ocrx_word' id='word_1_29' title='bbox 1649 720 2007 786; x_wconf 85' lang='lat' dir='ltr'>repererunt,</span> 
     </span>
    </p>
   </div>
   <div class='ocr_carea' id='block_1_7' title="bbox 366 802 2008 876">
    <p class='ocr_par' dir='ltr' id='par_1_7' title="bbox 366 802 2008 876">
     <span class='ocr_line' id='line_1_7' title="bbox 366 802 2008 876; baseline 0.002 -19"><span class='ocrx_word' id='word_1_30' title='bbox 366 802 679 858; x_wconf 79' lang='lat' dir='ltr'>crudeliter</span> <span class='ocrx_word' id='word_1_31' title='bbox 706 804 1107 868; x_wconf 89' lang='lat' dir='ltr'>trudidarunt,</span> <span class='ocrx_word' id='word_1_32' title='bbox 1126 803 1271 858; x_wconf 90' lang='lat' dir='ltr'>alios</span> <span class='ocrx_word' id='word_1_33' title='bbox 1302 804 1512 876; x_wconf 83' lang='lat' dir='ltr'>gladiis</span> <span class='ocrx_word' id='word_1_34' title='bbox 1543 805 2008 874; x_wconf 88' lang='lat' dir='ltr'>conscindentes,</span> 
     </span>
    </p>
   </div>
   <div class='ocr_carea' id='block_1_8' title="bbox 365 891 2007 965">
    <p class='ocr_par' dir='ltr' id='par_1_8' title="bbox 365 891 2007 965">
     <span class='ocr_line' id='line_1_8' title="bbox 365 891 2007 965; baseline 0 -17"><span class='ocrx_word' id='word_1_35' title='bbox 365 892 510 949; x_wconf 90' lang='lat' dir='ltr'>alios</span> <span class='ocrx_word' id='word_1_36' title='bbox 541 893 746 963; x_wconf 86' lang='lat' dir='ltr'>laqueo</span> <span class='ocrx_word' id='word_1_37' title='bbox 775 894 1173 965; x_wconf 76' lang='lat' dir='ltr'>praefocantes,</span> <span class='ocrx_word' id='word_1_38' title='bbox 1209 891 1353 949; x_wconf 87' lang='lat' dir='ltr'>alios</span> <span class='ocrx_word' id='word_1_39' title='bbox 1384 892 1700 965; x_wconf 63' lang='lat' dir='ltr'>praecipitio</span> <span class='ocrx_word' id='word_1_40' title='bbox 1732 893 2007 948; x_wconf 90' lang='lat' dir='ltr'>colliden-</span> 
     </span>
    </p>
   </div>
   <div class='ocr_carea' id='block_1_9' title="bbox 362 981 2009 1053">
    <p class='ocr_par' dir='ltr' id='par_1_9' title="bbox 362 981 2009 1053">
     <span class='ocr_line' id='line_1_9' title="bbox 362 981 2009 1053; baseline 0.001 -16"><span class='ocrx_word' id='word_1_41' title='bbox 362 988 471 1052; x_wconf 86' lang='lat' dir='ltr'>tes,</span> <span class='ocrx_word' id='word_1_42' title='bbox 505 981 650 1037; x_wconf 90' lang='lat' dir='ltr'>alios</span> <span class='ocrx_word' id='word_1_43' title='bbox 681 983 1005 1037; x_wconf 87' lang='lat' dir='ltr'>semineces</span> <span class='ocrx_word' id='word_1_44' title='bbox 1037 998 1101 1037; x_wconf 89' lang='lat' dir='ltr'>ac</span> <span class='ocrx_word' id='word_1_45' title='bbox 1133 983 1291 1037; x_wconf 91' lang='lat' dir='ltr'>vivos</span> <span class='ocrx_word' id='word_1_46' title='bbox 1321 983 1377 1037; x_wconf 92' lang='lat' dir='ltr'>in</span> <span class='ocrx_word' id='word_1_47' title='bbox 1413 988 1617 1053; x_wconf 91' lang='lat' dir='ltr'>puteos</span> <span class='ocrx_word' id='word_1_48' title='bbox 1642 982 2009 1053; x_wconf 86' lang='lat' dir='ltr'>projicientes</span> 
     </span>
    </p>
   </div>
   <div class='ocr_carea' id='block_1_10' title="bbox 360 1070 2006 1143">
    <p class='ocr_par' dir='ltr' id='par_1_10' title="bbox 360 1070 2006 1143">
     <span class='ocr_line' id='line_1_10' title="bbox 360 1070 2006 1143; baseline 0.001 -18"><span class='ocrx_word' id='word_1_49' title='bbox 360 1075 522 1126; x_wconf 89' lang='lat' dir='ltr'>Hanc</span> <span class='ocrx_word' id='word_1_50' title='bbox 554 1071 708 1126; x_wconf 91' lang='lat' dir='ltr'>enim</span> <span class='ocrx_word' id='word_1_51' title='bbox 744 1088 913 1127; x_wconf 89' lang='lat' dir='ltr'>suam</span> <span class='ocrx_word' id='word_1_52' title='bbox 947 1071 1135 1143; x_wconf 91' lang='lat' dir='ltr'>primo</span> <span class='ocrx_word' id='word_1_53' title='bbox 1167 1071 1391 1127; x_wconf 91' lang='lat' dir='ltr'>rabiem</span> <span class='ocrx_word' id='word_1_54' title='bbox 1415 1072 1472 1126; x_wconf 91' lang='lat' dir='ltr'>in</span> <span class='ocrx_word' id='word_1_55' title='bbox 1490 1070 1712 1127; x_wconf 90' lang='lat' dir='ltr'>vicinos</span> <span class='ocrx_word' id='word_1_56' title='bbox 1740 1087 2006 1127; x_wconf 91' lang='lat' dir='ltr'>evomue-</span> 
     </span>
    </p>
   </div>
   <div class='ocr_carea' id='block_1_11' title="bbox 360 1160 2009 1232">
    <p class='ocr_par' dir='ltr' id='par_1_11' title="bbox 360 1160 2009 1232">
     <span class='ocr_line' id='line_1_11' title="bbox 360 1160 2009 1232; baseline 0 -17"><span class='ocrx_word' id='word_1_57' title='bbox 360 1164 522 1229; x_wconf 90' lang='lat' dir='ltr'>runt,</span> <span class='ocrx_word' id='word_1_58' title='bbox 547 1178 729 1232; x_wconf 90' lang='lat' dir='ltr'>eoque</span> <span class='ocrx_word' id='word_1_59' title='bbox 762 1160 1058 1216; x_wconf 88' lang='lat' dir='ltr'>crudelius</span> <span class='ocrx_word' id='word_1_60' title='bbox 1088 1161 1417 1230; x_wconf 83' lang='lat' dir='ltr'>saevierunt,</span> <span class='ocrx_word' id='word_1_61' title='bbox 1452 1176 1567 1232; x_wconf 92' lang='lat' dir='ltr'>quo</span> <span class='ocrx_word' id='word_1_62' title='bbox 1599 1161 1856 1216; x_wconf 86' lang='lat' dir='ltr'>sanctior</span> <span class='ocrx_word' id='word_1_63' title='bbox 1885 1166 2009 1215; x_wconf 88' lang='lat' dir='ltr'>erat</span> 
     </span>
    </p>
   </div>
   <div class='ocr_carea' id='block_1_12' title="bbox 357 1249 2007 1324">
    <p class='ocr_par' dir='ltr' id='par_1_12' title="bbox 357 1249 2007 1324">
     <span class='ocr_line' id='line_1_12' title="bbox 357 1249 2007 1324; baseline 0 -19"><span class='ocrx_word' id='word_1_64' title='bbox 357 1250 523 1305; x_wconf 90' lang='lat' dir='ltr'>locus</span> <span class='ocrx_word' id='word_1_65' title='bbox 553 1253 610 1305; x_wconf 88' lang='lat' dir='ltr'>et</span> <span class='ocrx_word' id='word_1_66' title='bbox 642 1250 965 1305; x_wconf 74' lang='lat' dir='ltr'>sanctiores</span> <span class='ocrx_word' id='word_1_67' title='bbox 1000 1251 1111 1321; x_wconf 85' lang='lat' dir='ltr'>ipsi</span> <span class='ocrx_word' id='word_1_68' title='bbox 1145 1249 1346 1305; x_wconf 80' lang='lat' dir='ltr'>incolae</span> <span class='ocrx_word' id='word_1_69' title='bbox 1388 1250 1581 1324; x_wconf 89' lang='lat' dir='ltr'>(cibus</span> <span class='ocrx_word' id='word_1_70' title='bbox 1612 1250 1766 1305; x_wconf 89' lang='lat' dir='ltr'>enim</span> <span class='ocrx_word' id='word_1_71' title='bbox 1817 1249 2007 1321; x_wconf 88' lang='lat' dir='ltr'>ipsius</span> 
     </span>
    </p>
   </div>
   <div class='ocr_carea' id='block_1_13' title="bbox 362 1339 2004 1410">
    <p class='ocr_par' dir='ltr' id='par_1_13' title="bbox 362 1339 2004 1410">
     <span class='ocr_line' id='line_1_13' title="bbox 362 1339 2004 1410; baseline 0.001 -17"><span class='ocrx_word' id='word_1_72' title='bbox 362 1340 589 1393; x_wconf 80' lang='lat' dir='ltr'>Satanae</span> <span class='ocrx_word' id='word_1_73' title='bbox 621 1344 683 1393; x_wconf 88' lang='lat' dir='ltr'>ut</span> <span class='ocrx_word' id='word_1_74' title='bbox 711 1340 791 1393; x_wconf 90' lang='lat' dir='ltr'>ait</span> <span class='ocrx_word' id='word_1_75' title='bbox 810 1339 1089 1410; x_wconf 83' lang='lat' dir='ltr'>propheta</span> <span class='ocrx_word' id='word_1_76' title='bbox 1111 1339 1443 1408; x_wconf 71' lang='lat' dir='ltr'>3‘,electus);</span> <span class='ocrx_word' id='word_1_77' title='bbox 1470 1339 1691 1395; x_wconf 81' lang='lat' dir='ltr'>invisus</span> <span class='ocrx_word' id='word_1_78' title='bbox 1724 1339 2004 1394; x_wconf 90' lang='lat' dir='ltr'>nimirum</span> 
     </span>
    </p>
   </div>
   <div class='ocr_carea' id='block_1_14' title="bbox 362 1428 2003 1500">
    <p class='ocr_par' dir='ltr' id='par_1_14' title="bbox 362 1428 2003 1500">
     <span class='ocr_line' id='line_1_14' title="bbox 362 1428 2003 1500; baseline 0 -18"><span class='ocrx_word' id='word_1_79' title='bbox 362 1428 479 1482; x_wconf 88' lang='lat' dir='ltr'>illis</span> <span class='ocrx_word' id='word_1_80' title='bbox 510 1433 636 1483; x_wconf 90' lang='lat' dir='ltr'>erat</span> <span class='ocrx_word' id='word_1_81' title='bbox 665 1433 785 1482; x_wconf 89' lang='lat' dir='ltr'>tam</span> <span class='ocrx_word' id='word_1_82' title='bbox 818 1428 952 1499; x_wconf 91' lang='lat' dir='ltr'>pius</span> <span class='ocrx_word' id='word_1_83' title='bbox 984 1428 1416 1500; x_wconf 90' lang='lat' dir='ltr'>abbas,quippe</span> <span class='ocrx_word' id='word_1_84' title='bbox 1451 1429 1549 1500; x_wconf 91' lang='lat' dir='ltr'>qui</span> <span class='ocrx_word' id='word_1_85' title='bbox 1587 1428 1863 1499; x_wconf 81' lang='lat' dir='ltr'>splendor</span> <span class='ocrx_word' id='word_1_86' title='bbox 1894 1428 2003 1482; x_wconf 90' lang='lat' dir='ltr'>vir-</span> 
     </span>
    </p>
   </div>
   <div class='ocr_carea' id='block_1_15' title="bbox 359 1517 2004 1591">
    <p class='ocr_par' dir='ltr' id='par_1_15' title="bbox 359 1517 2004 1591">
     <span class='ocr_line' id='line_1_15' title="bbox 359 1517 2004 1591; baseline 0.001 -20"><span class='ocrx_word' id='word_1_87' title='bbox 359 1518 505 1572; x_wconf 85' lang='lat' dir='ltr'>tutis</span> <span class='ocrx_word' id='word_1_88' title='bbox 536 1534 653 1571; x_wconf 65' lang='lat' dir='ltr'>sum</span> <span class='ocrx_word' id='word_1_89' title='bbox 689 1522 930 1572; x_wconf 86' lang='lat' dir='ltr'>noctuas</span> <span class='ocrx_word' id='word_1_90' title='bbox 960 1517 1105 1573; x_wconf 85' lang='lat' dir='ltr'>istas</span> <span class='ocrx_word' id='word_1_91' title='bbox 1133 1517 1549 1591; x_wconf 88' lang='lat' dir='ltr'>perstringeret</span> <span class='ocrx_word' id='word_1_92' title='bbox 1582 1560 1594 1573; x_wconf 95' lang='lat'>.</span> <span class='ocrx_word' id='word_1_93' title='bbox 1629 1517 1760 1588; x_wconf 88' lang='lat' dir='ltr'>Ipse</span> <span class='ocrx_word' id='word_1_94' title='bbox 1808 1520 2004 1574; x_wconf 87' lang='lat' dir='ltr'>tamen</span> 
     </span>
    </p>
   </div>
   <div class='ocr_carea' id='block_1_16' title="bbox 357 1606 745 1661">
    <p class='ocr_par' dir='ltr' id='par_1_16' title="bbox 357 1606 745 1661">
     <span class='ocr_line' id='line_1_16' title="bbox 357 1606 745 1661; baseline 0.003 -2"><span class='ocrx_word' id='word_1_95' title='bbox 357 1610 499 1660; x_wconf 90' lang='lat' dir='ltr'>tunc</span> <span class='ocrx_word' id='word_1_96' title='bbox 526 1606 745 1661; x_wconf 84' lang='lat' dir='ltr'>aberat.</span> 
     </span>
    </p>
   </div>
   <div class='ocr_carea' id='block_1_17' title="bbox 434 1695 2004 1767">
    <p class='ocr_par' dir='ltr' id='par_1_17' title="bbox 434 1695 2004 1767">
     <span class='ocr_line' id='line_1_17' title="bbox 434 1695 2004 1767; baseline -0.001 -16"><span class='ocrx_word' id='word_1_97' title='bbox 434 1695 576 1751; x_wconf 88' lang='lat' dir='ltr'>Nam</span> <span class='ocrx_word' id='word_1_98' title='bbox 611 1697 785 1765; x_wconf 91' lang='lat' dir='ltr'>paulo</span> <span class='ocrx_word' id='word_1_99' title='bbox 816 1700 949 1750; x_wconf 89' lang='lat' dir='ltr'>ante</span> <span class='ocrx_word' id='word_1_100' title='bbox 981 1696 1151 1767; x_wconf 75' lang='lat' dir='ltr'>(aegre</span> <span class='ocrx_word' id='word_1_101' title='bbox 1200 1696 1459 1767; x_wconf 89' lang='lat' dir='ltr'>quidem,</span> <span class='ocrx_word' id='word_1_102' title='bbox 1518 1696 1618 1750; x_wconf 90' lang='lat' dir='ltr'>sed</span> <span class='ocrx_word' id='word_1_103' title='bbox 1668 1695 1909 1760; x_wconf 84' lang='lat' dir='ltr'>utiliter,</span> <span class='ocrx_word' id='word_1_104' title='bbox 1938 1712 2004 1750; x_wconf 91' lang='lat' dir='ltr'>ac</span> 
     </span>
    </p>
   </div>
   <div class='ocr_carea' id='block_1_18' title="bbox 361 1783 2000 1840">
    <p class='ocr_par' dir='ltr' id='par_1_18' title="bbox 361 1783 2000 1840">
     <span class='ocr_line' id='line_1_18' title="bbox 361 1783 2000 1840; baseline 0.001 -3"><span class='ocrx_word' id='word_1_105' title='bbox 361 1783 784 1839; x_wconf 85' lang='lat' dir='ltr'>coenobitarum</span> <span class='ocrx_word' id='word_1_106' title='bbox 818 1790 873 1839; x_wconf 92' lang='lat' dir='ltr'>et</span> <span class='ocrx_word' id='word_1_107' title='bbox 905 1785 1227 1839; x_wconf 89' lang='lat' dir='ltr'>amicorum</span> <span class='ocrx_word' id='word_1_108' title='bbox 1258 1801 1500 1840; x_wconf 90' lang='lat' dir='ltr'>suorum</span> <span class='ocrx_word' id='word_1_109' title='bbox 1534 1784 1775 1840; x_wconf 87' lang='lat' dir='ltr'>consilio</span> <span class='ocrx_word' id='word_1_110' title='bbox 1809 1789 1865 1839; x_wconf 90' lang='lat' dir='ltr'>et</span> <span class='ocrx_word' id='word_1_111' title='bbox 1893 1785 2000 1839; x_wconf 90' lang='lat' dir='ltr'>im-</span> 
     </span>
    </p>
   </div>
   <div class='ocr_carea' id='block_1_19' title="bbox 357 1870 1999 1944">
    <p class='ocr_par' dir='ltr' id='par_1_19' title="bbox 357 1870 1999 1944">
     <span class='ocr_line' id='line_1_19' title="bbox 357 1870 1999 1944; baseline 0.001 -18"><span class='ocrx_word' id='word_1_112' title='bbox 357 1870 629 1943; x_wconf 69' lang='lat' dir='ltr'>pulsu,&#39;ut</span> <span class='ocrx_word' id='word_1_113' title='bbox 658 1872 767 1926; x_wconf 90' lang='lat' dir='ltr'>sibi</span> <span class='ocrx_word' id='word_1_114' title='bbox 801 1874 990 1944; x_wconf 88' lang='lat' dir='ltr'>magis</span> <span class='ocrx_word' id='word_1_115' title='bbox 1022 1874 1090 1928; x_wconf 85' lang='lat' dir='ltr'>ad</span> <span class='ocrx_word' id='word_1_116' title='bbox 1126 1873 1455 1928; x_wconf 88' lang='lat' dir='ltr'>litterarum</span> <span class='ocrx_word' id='word_1_117' title='bbox 1482 1874 1678 1929; x_wconf 88' lang='lat' dir='ltr'>studia</span> <span class='ocrx_word' id='word_1_118' title='bbox 1710 1879 1767 1928; x_wconf 89' lang='lat' dir='ltr'>et</span> <span class='ocrx_word' id='word_1_119' title='bbox 1799 1889 1999 1944; x_wconf 85' lang='lat' dir='ltr'>pacem</span> 
     </span>
    </p>
   </div>
   <div class='ocr_carea' id='block_1_20' title="bbox 358 1961 1996 2034">
    <p class='ocr_par' dir='ltr' id='par_1_20' title="bbox 358 1961 1996 2034">
     <span class='ocr_line' id='line_1_20' title="bbox 358 1961 1996 2034; baseline 0.002 -20"><span class='ocrx_word' id='word_1_120' title='bbox 358 1977 534 2031; x_wconf 91' lang='lat' dir='ltr'>quam</span> <span class='ocrx_word' id='word_1_121' title='bbox 568 1962 638 2015; x_wconf 90' lang='lat' dir='ltr'>ad</span> <span class='ocrx_word' id='word_1_122' title='bbox 668 1978 832 2017; x_wconf 88' lang='lat' dir='ltr'>arma</span> <span class='ocrx_word' id='word_1_123' title='bbox 865 1967 998 2017; x_wconf 76' lang='lat' dir='ltr'>nato</span> <span class='ocrx_word' id='word_1_124' title='bbox 1029 1961 1573 2034; x_wconf 89' lang='lat' dir='ltr'>consuleret,seque</span> <span class='ocrx_word' id='word_1_125' title='bbox 1607 1962 1701 2017; x_wconf 92' lang='lat' dir='ltr'>Dei</span> <span class='ocrx_word' id='word_1_126' title='bbox 1730 1961 1996 2017; x_wconf 66' lang='lat' dir='ltr'>Ecclesiae</span> 
     </span>
    </p>
   </div>
   <div class='ocr_carea' id='block_1_21' title="bbox 358 2049 1995 2123">
    <p class='ocr_par' dir='ltr' id='par_1_21' title="bbox 358 2049 1995 2123">
     <span class='ocr_line' id='line_1_21' title="bbox 358 2049 1995 2123; baseline 0 -18"><span class='ocrx_word' id='word_1_127' title='bbox 358 2050 429 2105; x_wconf 87' lang='lat' dir='ltr'>ad</span> <span class='ocrx_word' id='word_1_128' title='bbox 464 2049 707 2104; x_wconf 85' lang='lat' dir='ltr'>meliora</span> <span class='ocrx_word' id='word_1_129' title='bbox 758 2051 1037 2123; x_wconf 82' lang='lat' dir='ltr'>servaret)</span> <span class='ocrx_word' id='word_1_130' title='bbox 1086 2050 1379 2106; x_wconf 83' lang='lat' dir='ltr'>Nannetas</span> <span class='ocrx_word' id='word_1_131' title='bbox 1430 2068 1491 2107; x_wconf 91' lang='lat' dir='ltr'>se</span> <span class='ocrx_word' id='word_1_132' title='bbox 1544 2057 1857 2122; x_wconf 84' lang='lat' dir='ltr'>receperat.</span> <span class='ocrx_word' id='word_1_133' title='bbox 1893 2052 1995 2107; x_wconf 88' lang='lat' dir='ltr'>Ubi</span> 
     </span>
    </p>
   </div>
   <div class='ocr_carea' id='block_1_22' title="bbox 355 2137 1997 2212">
    <p class='ocr_par' dir='ltr' id='par_1_22' title="bbox 355 2137 1997 2212">
     <span class='ocr_line' id='line_1_22' title="bbox 355 2137 1997 2212; baseline 0.002 -20"><span class='ocrx_word' id='word_1_134' title='bbox 355 2137 654 2209; x_wconf 87' lang='lat' dir='ltr'>aliquanto</span> <span class='ocrx_word' id='word_1_135' title='bbox 680 2144 810 2211; x_wconf 88' lang='lat' dir='ltr'>post</span> <span class='ocrx_word' id='word_1_136' title='bbox 840 2147 1099 2212; x_wconf 87' lang='lat' dir='ltr'>tempore</span> <span class='ocrx_word' id='word_1_137' title='bbox 1128 2140 1234 2195; x_wconf 88' lang='lat' dir='ltr'>hac</span> <span class='ocrx_word' id='word_1_138' title='bbox 1265 2144 1386 2195; x_wconf 90' lang='lat' dir='ltr'>tam</span> <span class='ocrx_word' id='word_1_139' title='bbox 1414 2140 1744 2196; x_wconf 86' lang='lat' dir='ltr'>truculenta</span> <span class='ocrx_word' id='word_1_140' title='bbox 1776 2157 1842 2195; x_wconf 87' lang='lat' dir='ltr'>ac</span> <span class='ocrx_word' id='word_1_141' title='bbox 1874 2142 1997 2195; x_wconf 89' lang='lat' dir='ltr'>bar-</span> 
     </span>
    </p>
   </div>
   <div class='ocr_carea' id='block_1_23' title="bbox 352 2226 1993 2299">
    <p class='ocr_par' dir='ltr' id='par_1_23' title="bbox 352 2226 1993 2299">
     <span class='ocr_line' id='line_1_23' title="bbox 352 2226 1993 2299; baseline 0.002 -18"><span class='ocrx_word' id='word_1_142' title='bbox 352 2226 495 2281; x_wconf 85' lang='lat' dir='ltr'>bara</span> <span class='ocrx_word' id='word_1_143' title='bbox 526 2231 718 2299; x_wconf 83' lang='lat' dir='ltr'>strage</span> <span class='ocrx_word' id='word_1_144' title='bbox 750 2229 821 2283; x_wconf 90' lang='lat' dir='ltr'>ab</span> <span class='ocrx_word' id='word_1_145' title='bbox 855 2227 1150 2299; x_wconf 84' lang='lat' dir='ltr'>illustriss,</span> <span class='ocrx_word' id='word_1_146' title='bbox 1188 2228 1491 2299; x_wconf 85' lang='lat' dir='ltr'>Martignio</span> <span class='ocrx_word' id='word_1_147' title='bbox 1525 2229 1833 2284; x_wconf 63' lang='lat' dir='ltr'>Britanniae</span> <span class='ocrx_word' id='word_1_148' title='bbox 1862 2244 1993 2299; x_wconf 87' lang='lat' dir='ltr'>pro-</span> 
     </span>
    </p>
   </div>
   <div class='ocr_carea' id='block_1_24' title="bbox 352 2316 1994 2389">
    <p class='ocr_par' dir='ltr' id='par_1_24' title="bbox 352 2316 1994 2389">
     <span class='ocr_line' id='line_1_24' title="bbox 352 2316 1994 2389; baseline 0.001 -20"><span class='ocrx_word' id='word_1_149' title='bbox 352 2332 506 2388; x_wconf 90' lang='lat' dir='ltr'>rege,</span> <span class='ocrx_word' id='word_1_150' title='bbox 544 2319 643 2389; x_wconf 90' lang='lat' dir='ltr'>qui</span> <span class='ocrx_word' id='word_1_151' title='bbox 677 2322 800 2372; x_wconf 91' lang='lat' dir='ltr'>tum</span> <span class='ocrx_word' id='word_1_152' title='bbox 833 2318 910 2373; x_wconf 93' lang='lat' dir='ltr'>ibi</span> <span class='ocrx_word' id='word_1_153' title='bbox 946 2320 1164 2385; x_wconf 89' lang='lat' dir='ltr'>aderat,</span> <span class='ocrx_word' id='word_1_154' title='bbox 1200 2322 1255 2373; x_wconf 91' lang='lat' dir='ltr'>et</span> <span class='ocrx_word' id='word_1_155' title='bbox 1287 2319 1378 2373; x_wconf 91' lang='lat' dir='ltr'>cui</span> <span class='ocrx_word' id='word_1_156' title='bbox 1427 2317 1486 2371; x_wconf 91' lang='lat' dir='ltr'>in</span> <span class='ocrx_word' id='word_1_157' title='bbox 1541 2318 1634 2372; x_wconf 88' lang='lat' dir='ltr'>via</span> <span class='ocrx_word' id='word_1_158' title='bbox 1682 2318 1827 2373; x_wconf 87' lang='lat' dir='ltr'>forte</span> <span class='ocrx_word' id='word_1_159' title='bbox 1880 2316 1994 2372; x_wconf 88' lang='lat' dir='ltr'>for-</span> 
     </span>
    </p>
   </div>
   <div class='ocr_carea' id='block_1_25' title="bbox 352 2406 1995 2478">
    <p class='ocr_par' dir='ltr' id='par_1_25' title="bbox 352 2406 1995 2478">
     <span class='ocr_line' id='line_1_25' title="bbox 352 2406 1995 2478; baseline 0.001 -20"><span class='ocrx_word' id='word_1_160' title='bbox 352 2409 494 2459; x_wconf 88' lang='lat' dir='ltr'>tuna</span> <span class='ocrx_word' id='word_1_161' title='bbox 525 2411 874 2476; x_wconf 84' lang='lat' dir='ltr'>occurrerat,</span> <span class='ocrx_word' id='word_1_162' title='bbox 910 2407 1163 2478; x_wconf 88' lang='lat' dir='ltr'>ptimum</span> <span class='ocrx_word' id='word_1_163' title='bbox 1196 2407 1414 2473; x_wconf 87' lang='lat' dir='ltr'>audita,</span> <span class='ocrx_word' id='word_1_164' title='bbox 1449 2408 1689 2461; x_wconf 89' lang='lat' dir='ltr'>domum</span> <span class='ocrx_word' id='word_1_165' title='bbox 1722 2406 1915 2471; x_wconf 84' lang='lat' dir='ltr'>rediit,</span> <span class='ocrx_word' id='word_1_166' title='bbox 1939 2410 1995 2462; x_wconf 92' lang='lat' dir='ltr'>et</span> 
     </span>
    </p>
   </div>
   <div class='ocr_carea' id='block_1_26' title="bbox 349 2493 1992 2567">
    <p class='ocr_par' dir='ltr' id='par_1_26' title="bbox 349 2493 1992 2567">
     <span class='ocr_line' id='line_1_26' title="bbox 349 2493 1992 2567; baseline 0.001 -20"><span class='ocrx_word' id='word_1_167' title='bbox 349 2493 409 2547; x_wconf 88' lang='lat' dir='ltr'>in</span> <span class='ocrx_word' id='word_1_168' title='bbox 442 2493 729 2566; x_wconf 76' lang='lat' dir='ltr'>lacrymas</span> <span class='ocrx_word' id='word_1_169' title='bbox 762 2497 1046 2566; x_wconf 88' lang='lat' dir='ltr'>prorupit.</span> <span class='ocrx_word' id='word_1_170' title='bbox 1081 2496 1163 2549; x_wconf 86' lang='lat' dir='ltr'>Ad</span> <span class='ocrx_word' id='word_1_171' title='bbox 1192 2512 1367 2567; x_wconf 90' lang='lat' dir='ltr'>quem</span> <span class='ocrx_word' id='word_1_172' title='bbox 1400 2496 1539 2549; x_wconf 91' lang='lat' dir='ltr'>dum</span> <span class='ocrx_word' id='word_1_173' title='bbox 1564 2496 1774 2551; x_wconf 87' lang='lat' dir='ltr'>accedo</span> <span class='ocrx_word' id='word_1_174' title='bbox 1806 2496 1855 2549; x_wconf 92' lang='lat' dir='ltr'>ei</span> <span class='ocrx_word' id='word_1_175' title='bbox 1889 2512 1992 2566; x_wconf 90' lang='lat' dir='ltr'>pro</span> 
     </span>
    </p>
   </div>
   <div class='ocr_carea' id='block_1_27' title="bbox 348 2582 1991 2654">
    <p class='ocr_par' dir='ltr' id='par_1_27' title="bbox 348 2582 1991 2654">
     <span class='ocr_line' id='line_1_27' title="bbox 348 2582 1991 2654; baseline 0.001 -18"><span class='ocrx_word' id='word_1_176' title='bbox 348 2582 500 2637; x_wconf 84' lang='lat' dir='ltr'>virili</span> <span class='ocrx_word' id='word_1_177' title='bbox 541 2582 760 2654; x_wconf 91' lang='lat' dir='ltr'>aliquid</span> <span class='ocrx_word' id='word_1_178' title='bbox 797 2583 985 2638; x_wconf 89' lang='lat' dir='ltr'>solatii</span> <span class='ocrx_word' id='word_1_179' title='bbox 1046 2583 1472 2654; x_wconf 88' lang='lat' dir='ltr'>impertiturus,</span> <span class='ocrx_word' id='word_1_180' title='bbox 1530 2600 1667 2639; x_wconf 79' lang='lat' dir='ltr'>voce</span> <span class='ocrx_word' id='word_1_181' title='bbox 1725 2584 1991 2639; x_wconf 88' lang='lat' dir='ltr'>faucibus</span> 
     </span>
    </p>
   </div>
   <div class='ocr_carea' id='block_1_28' title="bbox 351 2671 1987 2746">
    <p class='ocr_par' dir='ltr' id='par_1_28' title="bbox 351 2671 1987 2746">
     <span class='ocr_line' id='line_1_28' title="bbox 351 2671 1987 2746; baseline 0.002 -22"><span class='ocrx_word' id='word_1_182' title='bbox 351 2688 466 2743; x_wconf 70' lang='lat' dir='ltr'>pra:</span> <span class='ocrx_word' id='word_1_183' title='bbox 518 2688 733 2744; x_wconf 86' lang='lat' dir='ltr'>angore</span> <span class='ocrx_word' id='word_1_184' title='bbox 783 2672 1033 2728; x_wconf 63' lang='lat' dir='ltr'>haerente</span> <span class='ocrx_word' id='word_1_185' title='bbox 1097 2674 1155 2727; x_wconf 91' lang='lat' dir='ltr'>in</span> <span class='ocrx_word' id='word_1_186' title='bbox 1223 2674 1511 2746; x_wconf 84' lang='lat' dir='ltr'>lacrymas</span> <span class='ocrx_word' id='word_1_187' title='bbox 1588 2671 1762 2728; x_wconf 89' lang='lat' dir='ltr'>simul</span> <span class='ocrx_word' id='word_1_188' title='bbox 1814 2674 1987 2728; x_wconf 89' lang='lat' dir='ltr'>etiam</span> 
     </span>
    </p>
   </div>
   <div class='ocr_carea' id='block_1_29' title="bbox 346 2761 1986 2833">
    <p class='ocr_par' dir='ltr' id='par_1_29' title="bbox 346 2761 1986 2833">
     <span class='ocr_line' id='line_1_29' title="bbox 346 2761 1986 2833; baseline 0.002 -20"><span class='ocrx_word' id='word_1_189' title='bbox 346 2776 613 2831; x_wconf 86' lang='lat' dir='ltr'>erumpo,</span> <span class='ocrx_word' id='word_1_190' title='bbox 644 2761 860 2833; x_wconf 90' lang='lat' dir='ltr'>quibus</span> <span class='ocrx_word' id='word_1_191' title='bbox 893 2768 1134 2833; x_wconf 89' lang='lat' dir='ltr'>uterque</span> <span class='ocrx_word' id='word_1_192' title='bbox 1167 2767 1288 2817; x_wconf 91' lang='lat' dir='ltr'>tam</span> <span class='ocrx_word' id='word_1_193' title='bbox 1343 2762 1737 2817; x_wconf 88' lang='lat' dir='ltr'>miserabilem</span> <span class='ocrx_word' id='word_1_194' title='bbox 1771 2762 1986 2817; x_wconf 77' lang='lat' dir='ltr'>caedem</span> 
     </span>
    </p>
   </div>
   <div class='ocr_carea' id='block_1_30' title="bbox 346 2848 1985 2923">
    <p class='ocr_par' dir='ltr' id='par_1_30' title="bbox 346 2848 1985 2923">
     <span class='ocr_line' id='line_1_30' title="bbox 346 2848 1985 2923; baseline 0.002 -21"><span class='ocrx_word' id='word_1_195' title='bbox 346 2848 565 2903; x_wconf 75' lang='lat' dir='ltr'>affatim</span> <span class='ocrx_word' id='word_1_196' title='bbox 600 2855 945 2922; x_wconf 82' lang='lat' dir='ltr'>prosecutus</span> <span class='ocrx_word' id='word_1_197' title='bbox 977 2857 1083 2916; x_wconf 88' lang='lat' dir='ltr'>est,</span> <span class='ocrx_word' id='word_1_198' title='bbox 1110 2852 1341 2923; x_wconf 87' lang='lat' dir='ltr'>fuitque</span> <span class='ocrx_word' id='word_1_199' title='bbox 1391 2851 1619 2923; x_wconf 88' lang='lat' dir='ltr'>virique</span> <span class='ocrx_word' id='word_1_200' title='bbox 1667 2856 1793 2906; x_wconf 90' lang='lat' dir='ltr'>tum</span> <span class='ocrx_word' id='word_1_201' title='bbox 1826 2868 1985 2922; x_wconf 77' lang='lat' dir='ltr'>quae-</span> 
     </span>
    </p>
   </div>
   <div class='ocr_carea' id='block_1_31' title="bbox 344 2937 1980 3011">
    <p class='ocr_par' dir='ltr' id='par_1_31' title="bbox 344 2937 1980 3011">
     <span class='ocr_line' id='line_1_31' title="bbox 344 2937 1980 3011; baseline 0.002 -19"><span class='ocrx_word' id='word_1_202' title='bbox 344 2937 478 2992; x_wconf 88' lang='lat' dir='ltr'>dam</span> <span class='ocrx_word' id='word_1_203' title='bbox 512 2939 648 2994; x_wconf 83' lang='lat' dir='ltr'>flere</span> <span class='ocrx_word' id='word_1_204' title='bbox 670 2940 959 3011; x_wconf 88' lang='lat' dir='ltr'>voluptas.</span> <span class='ocrx_word' id='word_1_205' title='bbox 995 2942 1104 2996; x_wconf 89' lang='lat' dir='ltr'>Sed</span> <span class='ocrx_word' id='word_1_206' title='bbox 1140 2943 1374 2996; x_wconf 88' lang='lat' dir='ltr'>tandem</span> <span class='ocrx_word' id='word_1_207' title='bbox 1413 2941 1810 2996; x_wconf 84' lang='lat' dir='ltr'>arescentibus</span> <span class='ocrx_word' id='word_1_208' title='bbox 1841 2941 1980 3007; x_wconf 90' lang='lat' dir='ltr'>illis,</span> 
     </span>
    </p>
   </div>
   <div class='ocr_carea' id='block_1_32' title="bbox 341 3029 1983 3103">
    <p class='ocr_par' dir='ltr' id='par_1_32' title="bbox 341 3029 1983 3103">
     <span class='ocr_line' id='line_1_32' title="bbox 341 3029 1983 3103; baseline 0.002 -22"><span class='ocrx_word' id='word_1_209' title='bbox 341 3032 396 3081; x_wconf 90' lang='lat' dir='ltr'>et</span> <span class='ocrx_word' id='word_1_210' title='bbox 422 3045 568 3100; x_wconf 91' lang='lat' dir='ltr'>pene</span> <span class='ocrx_word' id='word_1_211' title='bbox 616 3029 935 3093; x_wconf 84' lang='lat' dir='ltr'>exhaustis,</span> <span class='ocrx_word' id='word_1_212' title='bbox 988 3029 1358 3101; x_wconf 90' lang='lat' dir='ltr'>collectieque</span> <span class='ocrx_word' id='word_1_213' title='bbox 1408 3030 1643 3096; x_wconf 90' lang='lat' dir='ltr'>animis,</span> <span class='ocrx_word' id='word_1_214' title='bbox 1701 3032 1840 3085; x_wconf 72' lang='lat' dir='ltr'>Deus</span> <span class='ocrx_word' id='word_1_215' title='bbox 1870 3031 1983 3103; x_wconf 88' lang='lat' dir='ltr'>(in-</span> 
     </span>
    </p>
   </div>
   <div class='ocr_carea' id='block_1_33' title="bbox 343 3115 1981 3189">
    <p class='ocr_par' dir='ltr' id='par_1_33' title="bbox 343 3115 1981 3189">
     <span class='ocr_line' id='line_1_33' title="bbox 343 3115 1981 3189; baseline 0.001 -18"><span class='ocrx_word' id='word_1_216' title='bbox 343 3115 580 3187; x_wconf 91' lang='lat' dir='ltr'>quiebat</span> <span class='ocrx_word' id='word_1_217' title='bbox 608 3116 748 3189; x_wconf 89' lang='lat' dir='ltr'>ille),</span> <span class='ocrx_word' id='word_1_218' title='bbox 780 3135 933 3173; x_wconf 62' lang='lat' dir='ltr'>vene;</span> <span class='ocrx_word' id='word_1_219' title='bbox 946 3128 1044 3172; x_wconf 82' lang='lat' dir='ltr'>unt</span> <span class='ocrx_word' id='word_1_220' title='bbox 1074 3123 1256 3187; x_wconf 79' lang='lat' dir='ltr'>gentes</span> <span class='ocrx_word' id='word_1_221' title='bbox 1286 3121 1345 3174; x_wconf 84' lang='lat' dir='ltr'>in</span> <span class='ocrx_word' id='word_1_222' title='bbox 1401 3118 1780 3175; x_wconf 55' lang='lat' dir='ltr'>hxredz&#39;tatem</span> <span class='ocrx_word' id='word_1_223' title='bbox 1827 3128 1981 3175; x_wconf 83' lang='lat' dir='ltr'>tuam</span> 
     </span>
    </p>
   </div>
   <div class='ocr_carea' id='block_1_34' title="bbox 336 3209 1978 3278">
    <p class='ocr_par' dir='ltr' id='par_1_34' title="bbox 336 3209 1978 3278">
     <span class='ocr_line' id='line_1_34' title="bbox 336 3209 1978 3278; baseline 0.003 -20"><span class='ocrx_word' id='word_1_224' title='bbox 336 3215 641 3275; x_wconf 77' lang='lat' dir='ltr'>posuerunt</span> <span class='ocrx_word' id='word_1_225' title='bbox 691 3209 953 3277; x_wconf 81' lang='lat' dir='ltr'>templum</span> <span class='ocrx_word' id='word_1_226' title='bbox 991 3212 1243 3263; x_wconf 83' lang='lat' dir='ltr'>sanctum</span> <span class='ocrx_word' id='word_1_227' title='bbox 1290 3211 1445 3262; x_wconf 76' lang='lat' dir='ltr'>tuum</span> <span class='ocrx_word' id='word_1_228' title='bbox 1477 3210 1537 3262; x_wconf 84' lang='lat' dir='ltr'>in</span> <span class='ocrx_word' id='word_1_229' title='bbox 1573 3223 1861 3278; x_wconf 81' lang='lat' dir='ltr'>pomorum</span> <span class='ocrx_word' id='word_1_230' title='bbox 1883 3224 1978 3263; x_wconf 87' lang='lat' dir='ltr'>cu-</span> 
     </span>
    </p>
   </div>
   <div class='ocr_carea' id='block_1_35' title="bbox 2122 624 3770 698">
    <p class='ocr_par' dir='ltr' id='par_1_35' title="bbox 2122 624 3770 698">
     <span class='ocr_line' id='line_1_35' title="bbox 2122 624 3770 698; baseline -0.001 -17"><span class='ocrx_word' id='word_1_231' title='bbox 2122 643 2273 690; x_wconf 88' lang='lat' dir='ltr'>rum,</span> <span class='ocrx_word' id='word_1_232' title='bbox 2305 642 2483 698; x_wconf 89' lang='lat' dir='ltr'>quam</span> <span class='ocrx_word' id='word_1_233' title='bbox 2516 627 2573 680; x_wconf 93' lang='lat' dir='ltr'>in</span> <span class='ocrx_word' id='word_1_234' title='bbox 2607 625 2753 696; x_wconf 89' lang='lat' dir='ltr'>ipsis</span> <span class='ocrx_word' id='word_1_235' title='bbox 2783 624 2938 693; x_wconf 81' lang='lat' dir='ltr'>iecit,</span> <span class='ocrx_word' id='word_1_236' title='bbox 2966 625 3286 694; x_wconf 87' lang='lat' dir='ltr'>jacturam,</span> <span class='ocrx_word' id='word_1_237' title='bbox 3329 624 3531 679; x_wconf 90' lang='lat' dir='ltr'>amisit</span> <span class='ocrx_word' id='word_1_238' title='bbox 3561 624 3770 695; x_wconf 88' lang='lat' dir='ltr'>primis</span> 
     </span>
    </p>
   </div>
   <div class='ocr_carea' id='block_1_36' title="bbox 2118 713 3767 785">
    <p class='ocr_par' dir='ltr' id='par_1_36' title="bbox 2118 713 3767 785">
     <span class='ocr_line' id='line_1_36' title="bbox 2118 713 3767 785; baseline -0.001 -14"><span class='ocrx_word' id='word_1_239' title='bbox 2118 716 2473 771; x_wconf 89' lang='lat' dir='ltr'>tumultibus</span> <span class='ocrx_word' id='word_1_240' title='bbox 2500 716 2559 769; x_wconf 90' lang='lat' dir='ltr'>in</span> <span class='ocrx_word' id='word_1_241' title='bbox 2592 714 2865 769; x_wconf 88' lang='lat' dir='ltr'>Drocensi</span> <span class='ocrx_word' id='word_1_242' title='bbox 2894 728 3092 785; x_wconf 88' lang='lat' dir='ltr'>pugna</span> <span class='ocrx_word' id='word_1_243' title='bbox 3112 713 3590 769; x_wconf 88' lang='lat' dir='ltr'>avunculosduos</span> <span class='ocrx_word' id='word_1_244' title='bbox 3611 715 3767 769; x_wconf 89' lang='lat' dir='ltr'>viros</span> 
     </span>
    </p>
   </div>
   <div class='ocr_carea' id='block_1_37' title="bbox 2117 802 3759 869">
    <p class='ocr_par' dir='ltr' id='par_1_37' title="bbox 2117 802 3759 869">
     <span class='ocr_line' id='line_1_37' title="bbox 2117 802 3759 869; baseline -0.001 -10"><span class='ocrx_word' id='word_1_245' title='bbox 2117 805 2573 869; x_wconf 89' lang='lat' dir='ltr'>illustrissimos,</span> <span class='ocrx_word' id='word_1_246' title='bbox 2630 803 3045 859; x_wconf 88' lang='lat' dir='ltr'>Bricbanteum</span> <span class='ocrx_word' id='word_1_247' title='bbox 3125 802 3491 857; x_wconf 89' lang='lat' dir='ltr'>Bellovacum</span> <span class='ocrx_word' id='word_1_248' title='bbox 3552 806 3609 856; x_wconf 89' lang='lat' dir='ltr'>et</span> <span class='ocrx_word' id='word_1_249' title='bbox 3664 802 3759 858; x_wconf 88' lang='lat' dir='ltr'>Gi-</span> 
     </span>
    </p>
   </div>
   <div class='ocr_carea' id='block_1_38' title="bbox 2117 892 3763 965">
    <p class='ocr_par' dir='ltr' id='par_1_38' title="bbox 2117 892 3763 965">
     <span class='ocr_line' id='line_1_38' title="bbox 2117 892 3763 965; baseline -0.001 -16"><span class='ocrx_word' id='word_1_250' title='bbox 2117 894 2333 961; x_wconf 91' lang='lat' dir='ltr'>vrium,</span> <span class='ocrx_word' id='word_1_251' title='bbox 2367 895 2599 958; x_wconf 85' lang='lat' dir='ltr'>fratres,</span> <span class='ocrx_word' id='word_1_252' title='bbox 2632 894 2732 964; x_wconf 92' lang='lat' dir='ltr'>qui</span> <span class='ocrx_word' id='word_1_253' title='bbox 2761 894 2818 947; x_wconf 90' lang='lat' dir='ltr'>in</span> <span class='ocrx_word' id='word_1_254' title='bbox 2880 892 3072 965; x_wconf 88' lang='lat' dir='ltr'>prima</span> <span class='ocrx_word' id='word_1_255' title='bbox 3130 892 3254 947; x_wconf 87' lang='lat' dir='ltr'>acie</span> <span class='ocrx_word' id='word_1_256' title='bbox 3312 906 3445 946; x_wconf 89' lang='lat' dir='ltr'>cum</span> <span class='ocrx_word' id='word_1_257' title='bbox 3479 892 3763 963; x_wconf 88' lang='lat' dir='ltr'>magistro</span> 
     </span>
    </p>
   </div>
   <div class='ocr_carea' id='block_1_39' title="bbox 2118 980 3762 1055">
    <p class='ocr_par' dir='ltr' id='par_1_39' title="bbox 2118 980 3762 1055">
     <span class='ocr_line' id='line_1_39' title="bbox 2118 980 3762 1055; baseline -0.001 -16"><span class='ocrx_word' id='word_1_258' title='bbox 2118 984 2383 1055; x_wconf 87' lang='lat' dir='ltr'>equitum</span> <span class='ocrx_word' id='word_1_259' title='bbox 2434 983 2658 1039; x_wconf 78' lang='lat' dir='ltr'>fortiter</span> <span class='ocrx_word' id='word_1_260' title='bbox 2706 988 3033 1054; x_wconf 86' lang='lat' dir='ltr'>pugnantes</span> <span class='ocrx_word' id='word_1_261' title='bbox 3080 982 3422 1036; x_wconf 87' lang='lat' dir='ltr'>ceciderunt</span> <span class='ocrx_word' id='word_1_262' title='bbox 3454 996 3467 1036; x_wconf 89' lang='lat'><strong>:</strong></span> <span class='ocrx_word' id='word_1_263' title='bbox 3502 980 3597 1035; x_wconf 88' lang='lat' dir='ltr'>hic</span> <span class='ocrx_word' id='word_1_264' title='bbox 3634 983 3762 1053; x_wconf 92' lang='lat' dir='ltr'>qui-</span> 
     </span>
    </p>
   </div>
   <div class='ocr_carea' id='block_1_40' title="bbox 2118 1068 3759 1145">
    <p class='ocr_par' dir='ltr' id='par_1_40' title="bbox 2118 1068 3759 1145">
     <span class='ocr_line' id='line_1_40' title="bbox 2118 1068 3759 1145; baseline -0.001 -18"><span class='ocrx_word' id='word_1_265' title='bbox 2118 1073 2249 1128; x_wconf 85' lang='lat' dir='ltr'>dem</span> <span class='ocrx_word' id='word_1_266' title='bbox 2283 1072 2341 1127; x_wconf 92' lang='lat' dir='ltr'>in</span> <span class='ocrx_word' id='word_1_267' title='bbox 2374 1073 2503 1145; x_wconf 91' lang='lat' dir='ltr'>ipso</span> <span class='ocrx_word' id='word_1_268' title='bbox 2534 1072 2827 1141; x_wconf 87' lang='lat' dir='ltr'>conﬂictu,</span> <span class='ocrx_word' id='word_1_269' title='bbox 2863 1070 2961 1126; x_wconf 91' lang='lat' dir='ltr'>ille</span> <span class='ocrx_word' id='word_1_270' title='bbox 2991 1087 3059 1126; x_wconf 83' lang='lat' dir='ltr'>ex</span> <span class='ocrx_word' id='word_1_271' title='bbox 3090 1068 3329 1126; x_wconf 88' lang='lat' dir='ltr'>vulnere</span> <span class='ocrx_word' id='word_1_272' title='bbox 3387 1070 3462 1124; x_wconf 89' lang='lat' dir='ltr'>ibi</span> <span class='ocrx_word' id='word_1_273' title='bbox 3523 1076 3759 1143; x_wconf 87' lang='lat' dir='ltr'>accepto</span> 
     </span>
    </p>
   </div>
   <div class='ocr_carea' id='block_1_41' title="bbox 2117 1158 3757 1233">
    <p class='ocr_par' dir='ltr' id='par_1_41' title="bbox 2117 1158 3757 1233">
     <span class='ocr_line' id='line_1_41' title="bbox 2117 1158 3757 1233; baseline -0.001 -17"><span class='ocrx_word' id='word_1_274' title='bbox 2117 1160 2418 1232; x_wconf 89' lang='lat' dir='ltr'>aliquanto</span> <span class='ocrx_word' id='word_1_275' title='bbox 2450 1165 2583 1233; x_wconf 90' lang='lat' dir='ltr'>post</span> <span class='ocrx_word' id='word_1_276' title='bbox 2611 1165 2913 1232; x_wconf 86' lang='lat' dir='ltr'>tempore;</span> <span class='ocrx_word' id='word_1_277' title='bbox 2945 1160 3256 1214; x_wconf 76' lang='lat' dir='ltr'>Prunaeum</span> <span class='ocrx_word' id='word_1_278' title='bbox 3308 1158 3488 1214; x_wconf 91' lang='lat' dir='ltr'>etiam</span> <span class='ocrx_word' id='word_1_279' title='bbox 3520 1158 3757 1216; x_wconf 71' lang='lat' dir='ltr'>fratrem</span> 
     </span>
    </p>
   </div>
   <div class='ocr_carea' id='block_1_42' title="bbox 2116 1247 3761 1320">
    <p class='ocr_par' dir='ltr' id='par_1_42' title="bbox 2116 1247 3761 1320">
     <span class='ocr_line' id='line_1_42' title="bbox 2116 1247 3761 1320; baseline -0.001 -15"><span class='ocrx_word' id='word_1_280' title='bbox 2116 1250 2423 1307; x_wconf 87' lang='lat' dir='ltr'>Claudium</span> <span class='ocrx_word' id='word_1_281' title='bbox 2458 1250 2693 1305; x_wconf 87' lang='lat' dir='ltr'>Billium</span> <span class='ocrx_word' id='word_1_282' title='bbox 2725 1248 2784 1304; x_wconf 91' lang='lat' dir='ltr'>in</span> <span class='ocrx_word' id='word_1_283' title='bbox 2834 1248 3033 1320; x_wconf 68' lang='lat' dir='ltr'>proelio</span> <span class='ocrx_word' id='word_1_284' title='bbox 3091 1249 3163 1303; x_wconf 85' lang='lat' dir='ltr'>ad</span> <span class='ocrx_word' id='word_1_285' title='bbox 3221 1247 3539 1303; x_wconf 87' lang='lat' dir='ltr'>Jarnacum</span> <span class='ocrx_word' id='word_1_286' title='bbox 3597 1264 3761 1304; x_wconf 89' lang='lat' dir='ltr'>com-</span> 
     </span>
    </p>
   </div>
   <div class='ocr_carea' id='block_1_43' title="bbox 2116 1336 3761 1408">
    <p class='ocr_par' dir='ltr' id='par_1_43' title="bbox 2116 1336 3761 1408">
     <span class='ocr_line' id='line_1_43' title="bbox 2116 1336 3761 1408; baseline -0.002 -14"><span class='ocrx_word' id='word_1_287' title='bbox 2116 1338 2320 1407; x_wconf 89' lang='lat' dir='ltr'>misso,</span> <span class='ocrx_word' id='word_1_288' title='bbox 2352 1339 2493 1394; x_wconf 90' lang='lat' dir='ltr'>dum</span> <span class='ocrx_word' id='word_1_289' title='bbox 2534 1339 2749 1394; x_wconf 87' lang='lat' dir='ltr'>fractos</span> <span class='ocrx_word' id='word_1_290' title='bbox 2808 1354 2873 1392; x_wconf 91' lang='lat' dir='ltr'>ac</span> <span class='ocrx_word' id='word_1_291' title='bbox 2931 1337 3221 1408; x_wconf 81' lang='lat' dir='ltr'>fugientes</span> <span class='ocrx_word' id='word_1_292' title='bbox 3279 1337 3475 1392; x_wconf 88' lang='lat' dir='ltr'>hostes</span> <span class='ocrx_word' id='word_1_293' title='bbox 3529 1336 3761 1408; x_wconf 89' lang='lat' dir='ltr'>longius</span> 
     </span>
    </p>
   </div>
   <div class='ocr_carea' id='block_1_44' title="bbox 2116 1424 3759 1500">
    <p class='ocr_par' dir='ltr' id='par_1_44' title="bbox 2116 1424 3759 1500">
     <span class='ocr_line' id='line_1_44' title="bbox 2116 1424 3759 1500; baseline -0.002 -16"><span class='ocrx_word' id='word_1_294' title='bbox 2116 1427 2308 1484; x_wconf 90' lang='lat' dir='ltr'>acrius</span> <span class='ocrx_word' id='word_1_295' title='bbox 2322 1429 2708 1500; x_wconf 76' lang='lat' dir='ltr'>persequitur;</span> <span class='ocrx_word' id='word_1_296' title='bbox 2730 1427 3085 1483; x_wconf 89' lang='lat' dir='ltr'>Ludovicum</span> <span class='ocrx_word' id='word_1_297' title='bbox 3109 1424 3344 1480; x_wconf 90' lang='lat' dir='ltr'>Billium</span> <span class='ocrx_word' id='word_1_298' title='bbox 3362 1429 3759 1481; x_wconf 79' lang='lat' dir='ltr'>Vertronaeum</span> 
     </span>
    </p>
   </div>
   <div class='ocr_carea' id='block_1_45' title="bbox 2115 1515 3758 1574">
    <p class='ocr_par' dir='ltr' id='par_1_45' title="bbox 2115 1515 3758 1574">
     <span class='ocr_line' id='line_1_45' title="bbox 2115 1515 3758 1574; baseline -0.002 -1"><span class='ocrx_word' id='word_1_299' title='bbox 2115 1516 2364 1574; x_wconf 89' lang='lat' dir='ltr'>alterum</span> <span class='ocrx_word' id='word_1_300' title='bbox 2396 1516 2634 1573; x_wconf 88' lang='lat' dir='ltr'>fratrem</span> <span class='ocrx_word' id='word_1_301' title='bbox 2686 1517 2745 1570; x_wconf 91' lang='lat' dir='ltr'>in</span> <span class='ocrx_word' id='word_1_302' title='bbox 2804 1515 3108 1572; x_wconf 85' lang='lat' dir='ltr'>obsidione</span> <span class='ocrx_word' id='word_1_303' title='bbox 3168 1515 3495 1569; x_wconf 83' lang='lat' dir='ltr'>Pictavensi</span> <span class='ocrx_word' id='word_1_304' title='bbox 3555 1515 3758 1569; x_wconf 89' lang='lat' dir='ltr'>urbem</span> 
     </span>
    </p>
   </div>
   <div class='ocr_carea' id='block_1_46' title="bbox 2114 1603 3757 1679">
    <p class='ocr_par' dir='ltr' id='par_1_46' title="bbox 2114 1603 3757 1679">
     <span class='ocr_line' id='line_1_46' title="bbox 2114 1603 3757 1679; baseline -0.002 -18"><span class='ocrx_word' id='word_1_305' title='bbox 2114 1608 2235 1679; x_wconf 86' lang='lat' dir='ltr'>regi</span> <span class='ocrx_word' id='word_1_306' title='bbox 2266 1610 2324 1662; x_wconf 90' lang='lat' dir='ltr'>et</span> <span class='ocrx_word' id='word_1_307' title='bbox 2352 1606 2576 1662; x_wconf 88' lang='lat' dir='ltr'>civibus</span> <span class='ocrx_word' id='word_1_308' title='bbox 2608 1610 3003 1678; x_wconf 88' lang='lat' dir='ltr'>protegentem</span> <span class='ocrx_word' id='word_1_309' title='bbox 3035 1622 3047 1671; x_wconf 92' lang='lat'>;</span> <span class='ocrx_word' id='word_1_310' title='bbox 3081 1604 3226 1659; x_wconf 90' lang='lat' dir='ltr'>alios</span> <span class='ocrx_word' id='word_1_311' title='bbox 3255 1603 3430 1659; x_wconf 87' lang='lat' dir='ltr'>etiam</span> <span class='ocrx_word' id='word_1_312' title='bbox 3472 1604 3620 1658; x_wconf 90' lang='lat' dir='ltr'>duos</span> <span class='ocrx_word' id='word_1_313' title='bbox 3642 1604 3757 1658; x_wconf 82' lang='lat' dir='ltr'>fra—</span> 
     </span>
    </p>
   </div>
   <div class='ocr_carea' id='block_1_47' title="bbox 2112 1692 3756 1767">
    <p class='ocr_par' dir='ltr' id='par_1_47' title="bbox 2112 1692 3756 1767">
     <span class='ocr_line' id='line_1_47' title="bbox 2112 1692 3756 1767; baseline -0.004 -15"><span class='ocrx_word' id='word_1_314' title='bbox 2112 1702 2233 1752; x_wconf 87' lang='lat' dir='ltr'>tres</span> <span class='ocrx_word' id='word_1_315' title='bbox 2262 1696 2321 1750; x_wconf 89' lang='lat' dir='ltr'>in</span> <span class='ocrx_word' id='word_1_316' title='bbox 2355 1696 2628 1752; x_wconf 89' lang='lat' dir='ltr'>Drocensi</span> <span class='ocrx_word' id='word_1_317' title='bbox 2662 1694 2857 1767; x_wconf 82' lang='lat' dir='ltr'>praelio</span> <span class='ocrx_word' id='word_1_318' title='bbox 2886 1710 3169 1765; x_wconf 90' lang='lat' dir='ltr'>:quorum</span> <span class='ocrx_word' id='word_1_319' title='bbox 3194 1698 3313 1748; x_wconf 88' lang='lat' dir='ltr'>tres</span> <span class='ocrx_word' id='word_1_320' title='bbox 3345 1693 3566 1764; x_wconf 88' lang='lat' dir='ltr'>priores</span> <span class='ocrx_word' id='word_1_321' title='bbox 3596 1692 3756 1747; x_wconf 84' lang='lat' dir='ltr'>fuere</span> 
     </span>
    </p>
   </div>
   <div class='ocr_carea' id='block_1_48' title="bbox 2111 1782 3756 1857">
    <p class='ocr_par' dir='ltr' id='par_1_48' title="bbox 2111 1782 3756 1857">
     <span class='ocr_line' id='line_1_48' title="bbox 2111 1782 3756 1857; baseline -0.004 -16"><span class='ocrx_word' id='word_1_322' title='bbox 2111 1786 2336 1857; x_wconf 89' lang='lat' dir='ltr'>equites</span> <span class='ocrx_word' id='word_1_323' title='bbox 2365 1785 2663 1857; x_wconf 82' lang='lat' dir='ltr'>Torquati,</span> <span class='ocrx_word' id='word_1_324' title='bbox 2698 1789 2754 1839; x_wconf 90' lang='lat' dir='ltr'>et</span> <span class='ocrx_word' id='word_1_325' title='bbox 2784 1785 3301 1856; x_wconf 88' lang='lat' dir='ltr'>Cataphractorum</span> <span class='ocrx_word' id='word_1_326' title='bbox 3351 1782 3619 1853; x_wconf 89' lang='lat' dir='ltr'>equitum</span> <span class='ocrx_word' id='word_1_327' title='bbox 3653 1782 3756 1836; x_wconf 90' lang='lat' dir='ltr'>du-</span> 
     </span>
    </p>
   </div>
   <div class='ocr_carea' id='block_1_49' title="bbox 2112 1870 3750 1947">
    <p class='ocr_par' dir='ltr' id='par_1_49' title="bbox 2112 1870 3750 1947">
     <span class='ocr_line' id='line_1_49' title="bbox 2112 1870 3750 1947; baseline -0.003 -17"><span class='ocrx_word' id='word_1_328' title='bbox 2112 1893 2206 1930; x_wconf 91' lang='lat' dir='ltr'>ces</span> <span class='ocrx_word' id='word_1_329' title='bbox 2237 1874 2434 1947; x_wconf 82' lang='lat' dir='ltr'>inclyti</span> <span class='ocrx_word' id='word_1_330' title='bbox 2464 1892 2529 1929; x_wconf 91' lang='lat' dir='ltr'>ac</span> <span class='ocrx_word' id='word_1_331' title='bbox 2568 1873 2911 1929; x_wconf 88' lang='lat' dir='ltr'>fortissimi:</span> <span class='ocrx_word' id='word_1_332' title='bbox 2946 1872 3044 1928; x_wconf 88' lang='lat' dir='ltr'>alii</span> <span class='ocrx_word' id='word_1_333' title='bbox 3090 1872 3310 1926; x_wconf 88' lang='lat' dir='ltr'>strenui</span> <span class='ocrx_word' id='word_1_334' title='bbox 3371 1876 3429 1925; x_wconf 90' lang='lat' dir='ltr'>et</span> <span class='ocrx_word' id='word_1_335' title='bbox 3485 1870 3750 1942; x_wconf 87' lang='lat' dir='ltr'>generosi</span> 
     </span>
    </p>
   </div>
   <div class='ocr_carea' id='block_1_50' title="bbox 2108 1960 3747 2033">
    <p class='ocr_par' dir='ltr' id='par_1_50' title="bbox 2108 1960 3747 2033">
     <span class='ocr_line' id='line_1_50' title="bbox 2108 1960 3747 2033; baseline -0.003 -14"><span class='ocrx_word' id='word_1_336' title='bbox 2108 1962 2505 2020; x_wconf 86' lang='lat' dir='ltr'>adolescentes</span> <span class='ocrx_word' id='word_1_337' title='bbox 2551 1963 2842 2033; x_wconf 87' lang='lat' dir='ltr'>peditibus</span> <span class='ocrx_word' id='word_1_338' title='bbox 2909 1961 3298 2032; x_wconf 84' lang='lat' dir='ltr'>imperabant.</span> <span class='ocrx_word' id='word_1_339' title='bbox 3362 1960 3601 2026; x_wconf 87' lang='lat' dir='ltr'>Horum,</span> <span class='ocrx_word' id='word_1_340' title='bbox 3656 1960 3747 2015; x_wconf 87' lang='lat' dir='ltr'>in-</span> 
     </span>
    </p>
   </div>
   <div class='ocr_carea' id='block_1_51' title="bbox 2108 2049 3748 2125">
    <p class='ocr_par' dir='ltr' id='par_1_51' title="bbox 2108 2049 3748 2125">
     <span class='ocr_line' id='line_1_51' title="bbox 2108 2049 3748 2125; baseline -0.003 -17"><span class='ocrx_word' id='word_1_341' title='bbox 2108 2071 2308 2125; x_wconf 92' lang='lat' dir='ltr'>quam,</span> <span class='ocrx_word' id='word_1_342' title='bbox 2340 2054 2612 2125; x_wconf 91' lang='lat' dir='ltr'>(quorum</span> <span class='ocrx_word' id='word_1_343' title='bbox 2648 2052 2772 2123; x_wconf 81' lang='lat' dir='ltr'>ipse</span> <span class='ocrx_word' id='word_1_344' title='bbox 2804 2051 2980 2106; x_wconf 90' lang='lat' dir='ltr'>etiam</span> <span class='ocrx_word' id='word_1_345' title='bbox 3013 2050 3069 2104; x_wconf 90' lang='lat' dir='ltr'>in</span> <span class='ocrx_word' id='word_1_346' title='bbox 3113 2049 3552 2118; x_wconf 82' lang='lat' dir='ltr'>A-nthologiasua</span> <span class='ocrx_word' id='word_1_347' title='bbox 3582 2065 3748 2104; x_wconf 89' lang='lat' dir='ltr'>sacra</span> 
     </span>
    </p>
   </div>
   <div class='ocr_carea' id='block_1_52' title="bbox 2107 2141 3740 2215">
    <p class='ocr_par' dir='ltr' id='par_1_52' title="bbox 2107 2141 3740 2215">
     <span class='ocr_line' id='line_1_52' title="bbox 2107 2141 3740 2215; baseline -0.004 -16"><span class='ocrx_word' id='word_1_348' title='bbox 2107 2144 2398 2215; x_wconf 89' lang='lat' dir='ltr'>meminit)</span> <span class='ocrx_word' id='word_1_349' title='bbox 2428 2148 2484 2200; x_wconf 90' lang='lat' dir='ltr'>et</span> <span class='ocrx_word' id='word_1_350' title='bbox 2505 2144 2753 2199; x_wconf 87' lang='lat' dir='ltr'>aliorum</span> <span class='ocrx_word' id='word_1_351' title='bbox 2803 2141 3268 2214; x_wconf 88' lang='lat' dir='ltr'>pr0pinquorum</span> <span class='ocrx_word' id='word_1_352' title='bbox 3320 2144 3377 2195; x_wconf 91' lang='lat' dir='ltr'>et</span> <span class='ocrx_word' id='word_1_353' title='bbox 3423 2141 3740 2195; x_wconf 89' lang='lat' dir='ltr'>amicorum</span> 
     </span>
    </p>
   </div>
   <div class='ocr_carea' id='block_1_53' title="bbox 2105 2227 3745 2306">
    <p class='ocr_par' dir='ltr' id='par_1_53' title="bbox 2105 2227 3745 2306">
     <span class='ocr_line' id='line_1_53' title="bbox 2105 2227 3745 2306; baseline -0.004 -18"><span class='ocrx_word' id='word_1_354' title='bbox 2105 2232 2680 2306; x_wconf 89' lang='lat' dir='ltr'>quamplurimorum</span> <span class='ocrx_word' id='word_1_355' title='bbox 2731 2231 3002 2286; x_wconf 86' lang='lat' dir='ltr'>interitus</span> <span class='ocrx_word' id='word_1_356' title='bbox 3050 2246 3184 2286; x_wconf 89' lang='lat' dir='ltr'>eum</span> <span class='ocrx_word' id='word_1_357' title='bbox 3234 2244 3443 2301; x_wconf 91' lang='lat' dir='ltr'>magno</span> <span class='ocrx_word' id='word_1_358' title='bbox 3496 2227 3745 2299; x_wconf 91' lang='lat' dir='ltr'>perculit</span> 
     </span>
    </p>
   </div>
   <div class='ocr_carea' id='block_1_54' title="bbox 2105 2320 3746 2393">
    <p class='ocr_par' dir='ltr' id='par_1_54' title="bbox 2105 2320 3746 2393">
     <span class='ocr_line' id='line_1_54' title="bbox 2105 2320 3746 2393; baseline -0.004 -15"><span class='ocrx_word' id='word_1_359' title='bbox 2105 2323 2323 2389; x_wconf 91' lang='lat' dir='ltr'>dolore,</span> <span class='ocrx_word' id='word_1_360' title='bbox 2354 2338 2705 2393; x_wconf 89' lang='lat' dir='ltr'>summaque</span> <span class='ocrx_word' id='word_1_361' title='bbox 2759 2320 2949 2377; x_wconf 79' lang='lat' dir='ltr'>affecit</span> <span class='ocrx_word' id='word_1_362' title='bbox 3004 2320 3245 2375; x_wconf 86' lang='lat' dir='ltr'>tristitia</span> <span class='ocrx_word' id='word_1_363' title='bbox 3277 2336 3289 2373; x_wconf 86' lang='lat'><strong>:</strong></span> <span class='ocrx_word' id='word_1_364' title='bbox 3324 2320 3426 2374; x_wconf 84' lang='lat' dir='ltr'>sed</span> <span class='ocrx_word' id='word_1_365' title='bbox 3456 2334 3580 2389; x_wconf 72' lang='lat' dir='ltr'>quae</span> <span class='ocrx_word' id='word_1_366' title='bbox 3614 2333 3746 2373; x_wconf 84' lang='lat' dir='ltr'>mox</span> 
     </span>
    </p>
   </div>
   <div class='ocr_carea' id='block_1_55' title="bbox 2103 2408 3746 2481">
    <p class='ocr_par' dir='ltr' id='par_1_55' title="bbox 2103 2408 3746 2481">
     <span class='ocr_line' id='line_1_55' title="bbox 2103 2408 3746 2481; baseline -0.004 -14"><span class='ocrx_word' id='word_1_367' title='bbox 2103 2412 2162 2467; x_wconf 92' lang='lat' dir='ltr'>in</span> <span class='ocrx_word' id='word_1_368' title='bbox 2201 2412 2463 2467; x_wconf 63' lang='lat' dir='ltr'>laetitiam</span> <span class='ocrx_word' id='word_1_369' title='bbox 2512 2410 2865 2477; x_wconf 90' lang='lat' dir='ltr'>vertebatur,</span> <span class='ocrx_word' id='word_1_370' title='bbox 2925 2410 3063 2465; x_wconf 87' lang='lat' dir='ltr'>dum</span> <span class='ocrx_word' id='word_1_371' title='bbox 3124 2408 3406 2481; x_wconf 90' lang='lat' dir='ltr'>cogitaret</span> <span class='ocrx_word' id='word_1_372' title='bbox 3461 2423 3559 2463; x_wconf 90' lang='lat' dir='ltr'>eos</span> <span class='ocrx_word' id='word_1_373' title='bbox 3588 2412 3746 2463; x_wconf 91' lang='lat' dir='ltr'>velut</span> 
     </span>
    </p>
   </div>
   <div class='ocr_carea' id='block_1_56' title="bbox 2104 2496 3742 2572">
    <p class='ocr_par' dir='ltr' id='par_1_56' title="bbox 2104 2496 3742 2572">
     <span class='ocr_line' id='line_1_56' title="bbox 2104 2496 3742 2572; baseline -0.004 -15"><span class='ocrx_word' id='word_1_374' title='bbox 2104 2502 2247 2557; x_wconf 88' lang='lat' dir='ltr'>alios</span> <span class='ocrx_word' id='word_1_375' title='bbox 2273 2500 2631 2558; x_wconf 74' lang='lat' dir='ltr'>Machabaeos</span> <span class='ocrx_word' id='word_1_376' title='bbox 2680 2517 2783 2572; x_wconf 93' lang='lat' dir='ltr'>pro</span> <span class='ocrx_word' id='word_1_377' title='bbox 2835 2499 2951 2555; x_wconf 89' lang='lat' dir='ltr'>aris</span> <span class='ocrx_word' id='word_1_378' title='bbox 2999 2502 3057 2554; x_wconf 90' lang='lat' dir='ltr'>et</span> <span class='ocrx_word' id='word_1_379' title='bbox 3109 2497 3273 2563; x_wconf 89' lang='lat' dir='ltr'>focis,</span> <span class='ocrx_word' id='word_1_380' title='bbox 3314 2514 3417 2568; x_wconf 92' lang='lat' dir='ltr'>pro</span> <span class='ocrx_word' id='word_1_381' title='bbox 3468 2496 3742 2564; x_wconf 87' lang='lat' dir='ltr'>Ecclesia,</span> 
     </span>
    </p>
   </div>
   <div class='ocr_carea' id='block_1_57' title="bbox 2102 2586 3743 2663">
    <p class='ocr_par' dir='ltr' id='par_1_57' title="bbox 2102 2586 3743 2663">
     <span class='ocr_line' id='line_1_57' title="bbox 2102 2586 3743 2663; baseline -0.004 -17"><span class='ocrx_word' id='word_1_382' title='bbox 2102 2608 2204 2663; x_wconf 93' lang='lat' dir='ltr'>pro</span> <span class='ocrx_word' id='word_1_383' title='bbox 2254 2608 2387 2663; x_wconf 91' lang='lat' dir='ltr'>rege</span> <span class='ocrx_word' id='word_1_384' title='bbox 2434 2595 2490 2645; x_wconf 90' lang='lat' dir='ltr'>et</span> <span class='ocrx_word' id='word_1_385' title='bbox 2541 2588 2840 2662; x_wconf 91' lang='lat' dir='ltr'>republica</span> <span class='ocrx_word' id='word_1_386' title='bbox 2890 2588 3114 2644; x_wconf 87' lang='lat' dir='ltr'>fortiter</span> <span class='ocrx_word' id='word_1_387' title='bbox 3182 2586 3516 2641; x_wconf 82' lang='lat' dir='ltr'>dimicando</span> <span class='ocrx_word' id='word_1_388' title='bbox 3574 2601 3743 2640; x_wconf 90' lang='lat' dir='ltr'>occu-</span> 
     </span>
    </p>
   </div>
   <div class='ocr_carea' id='block_1_58' title="bbox 2100 2674 3741 2751">
    <p class='ocr_par' dir='ltr' id='par_1_58' title="bbox 2100 2674 3741 2751">
     <span class='ocr_line' id='line_1_58' title="bbox 2100 2674 3741 2751; baseline -0.004 -16"><span class='ocrx_word' id='word_1_389' title='bbox 2100 2679 2319 2751; x_wconf 88' lang='lat' dir='ltr'>buisse,</span> <span class='ocrx_word' id='word_1_390' title='bbox 2352 2686 2409 2735; x_wconf 90' lang='lat' dir='ltr'>et</span> <span class='ocrx_word' id='word_1_391' title='bbox 2434 2697 2502 2735; x_wconf 88' lang='lat' dir='ltr'>ex</span> <span class='ocrx_word' id='word_1_392' title='bbox 2547 2695 2654 2735; x_wconf 90' lang='lat' dir='ltr'>sua</span> <span class='ocrx_word' id='word_1_393' title='bbox 2711 2676 2932 2734; x_wconf 79' lang='lat' dir='ltr'>familia</span> <span class='ocrx_word' id='word_1_394' title='bbox 2988 2681 3044 2732; x_wconf 92' lang='lat' dir='ltr'>et</span> <span class='ocrx_word' id='word_1_395' title='bbox 3091 2675 3434 2748; x_wconf 86' lang='lat' dir='ltr'>cognatione</span> <span class='ocrx_word' id='word_1_396' title='bbox 3486 2674 3645 2729; x_wconf 90' lang='lat' dir='ltr'>velut</span> <span class='ocrx_word' id='word_1_397' title='bbox 3674 2689 3741 2728; x_wconf 85' lang='lat' dir='ltr'>ex</span> 
     </span>
    </p>
   </div>
   <div class='ocr_carea' id='block_1_59' title="bbox 2098 2763 3737 2841">
    <p class='ocr_par' dir='ltr' id='par_1_59' title="bbox 2098 2763 3737 2841">
     <span class='ocr_line' id='line_1_59' title="bbox 2098 2763 3737 2841; baseline -0.006 -15"><span class='ocrx_word' id='word_1_398' title='bbox 2098 2786 2247 2841; x_wconf 89' lang='lat' dir='ltr'>equo</span> <span class='ocrx_word' id='word_1_399' title='bbox 2280 2771 2531 2841; x_wconf 87' lang='lat' dir='ltr'>Trojano</span> <span class='ocrx_word' id='word_1_400' title='bbox 2562 2768 2828 2825; x_wconf 89' lang='lat' dir='ltr'>tot&#39;viros</span> <span class='ocrx_word' id='word_1_401' title='bbox 2861 2767 3037 2822; x_wconf 86' lang='lat' dir='ltr'>fortes</span> <span class='ocrx_word' id='word_1_402' title='bbox 3077 2769 3134 2821; x_wconf 91' lang='lat' dir='ltr'>et</span> <span class='ocrx_word' id='word_1_403' title='bbox 3163 2765 3232 2820; x_wconf 91' lang='lat' dir='ltr'>de</span> <span class='ocrx_word' id='word_1_404' title='bbox 3264 2763 3562 2835; x_wconf 88' lang='lat' dir='ltr'>republica</span> <span class='ocrx_word' id='word_1_405' title='bbox 3593 2763 3737 2817; x_wconf 89' lang='lat' dir='ltr'>bene</span> 
     </span>
    </p>
   </div>
   <div class='ocr_carea' id='block_1_60' title="bbox 2098 2859 2673 2916">
    <p class='ocr_par' dir='ltr' id='par_1_60' title="bbox 2098 2859 2673 2916">
     <span class='ocr_line' id='line_1_60' title="bbox 2098 2859 2673 2916; baseline -0.005 0"><span class='ocrx_word' id='word_1_406' title='bbox 2098 2860 2338 2916; x_wconf 90' lang='lat' dir='ltr'>meritos</span> <span class='ocrx_word' id='word_1_407' title='bbox 2367 2859 2673 2915; x_wconf 80' lang='lat' dir='ltr'>exsiliisse.</span> 
     </span>
    </p>
   </div>
   <div class='ocr_carea' id='block_1_61' title="bbox 2166 2939 3730 3003">
    <p class='ocr_par' dir='ltr' id='par_1_61' title="bbox 2166 2939 3730 3003">
     <span class='ocr_line' id='line_1_61' title="bbox 2166 2939 3730 3003; baseline -0.006 -1"><span class='ocrx_word' id='word_1_408' title='bbox 2166 2948 2277 3003; x_wconf 90' lang='lat' dir='ltr'>Sed</span> <span class='ocrx_word' id='word_1_409' title='bbox 2333 2945 2573 3002; x_wconf 88' lang='lat' dir='ltr'>tristitia</span> <span class='ocrx_word' id='word_1_410' title='bbox 2626 2944 2727 3000; x_wconf 92' lang='lat' dir='ltr'>illa</span> <span class='ocrx_word' id='word_1_411' title='bbox 2783 2945 2854 2999; x_wconf 89' lang='lat' dir='ltr'>de</span> <span class='ocrx_word' id='word_1_412' title='bbox 2910 2942 3127 2997; x_wconf 88' lang='lat' dir='ltr'>crudeli</span> <span class='ocrx_word' id='word_1_413' title='bbox 3187 2946 3243 2997; x_wconf 91' lang='lat' dir='ltr'>et</span> <span class='ocrx_word' id='word_1_414' title='bbox 3316 2944 3560 2996; x_wconf 89' lang='lat' dir='ltr'>cruenta</span> <span class='ocrx_word' id='word_1_415' title='bbox 3625 2939 3730 2994; x_wconf 91' lang='lat' dir='ltr'>Mi-</span> 
     </span>
    </p>
   </div>
   <div class='ocr_carea' id='block_1_62' title="bbox 2091 3030 3731 3105">
    <p class='ocr_par' dir='ltr' id='par_1_62' title="bbox 2091 3030 3731 3105">
     <span class='ocr_line' id='line_1_62' title="bbox 2091 3030 3731 3105; baseline -0.005 -13"><span class='ocrx_word' id='word_1_416' title='bbox 2091 3035 2416 3092; x_wconf 88' lang='lat' dir='ltr'>cbaelitana</span> <span class='ocrx_word' id='word_1_417' title='bbox 2444 3037 2597 3091; x_wconf 68' lang='lat' dir='ltr'>caede</span> <span class='ocrx_word' id='word_1_418' title='bbox 2626 3040 2683 3091; x_wconf 90' lang='lat' dir='ltr'>et</span> <span class='ocrx_word' id='word_1_419' title='bbox 2714 3035 2884 3090; x_wconf 90' lang='lat' dir='ltr'>ruina</span> <span class='ocrx_word' id='word_1_420' title='bbox 2922 3033 3015 3105; x_wconf 83' lang='lat' dir='ltr'>(de</span> <span class='ocrx_word' id='word_1_421' title='bbox 3062 3048 3180 3103; x_wconf 89' lang='lat' dir='ltr'>qua</span> <span class='ocrx_word' id='word_1_422' title='bbox 3223 3031 3347 3103; x_wconf 89' lang='lat' dir='ltr'>ipse</span> <span class='ocrx_word' id='word_1_423' title='bbox 3394 3030 3455 3085; x_wconf 91' lang='lat' dir='ltr'>in</span> <span class='ocrx_word' id='word_1_424' title='bbox 3506 3044 3731 3084; x_wconf 91' lang='lat' dir='ltr'>nuncu-</span> 
     </span>
    </p>
   </div>
   <div class='ocr_carea' id='block_1_63' title="bbox 2092 3118 3729 3199">
    <p class='ocr_par' dir='ltr' id='par_1_63' title="bbox 2092 3118 3729 3199">
     <span class='ocr_line' id='line_1_63' title="bbox 2092 3118 3729 3199; baseline -0.005 -18"><span class='ocrx_word' id='word_1_425' title='bbox 2092 3126 2317 3199; x_wconf 89' lang='lat' dir='ltr'>patoria</span> <span class='ocrx_word' id='word_1_426' title='bbox 2347 3125 2447 3181; x_wconf 91' lang='lat' dir='ltr'>illa</span> <span class='ocrx_word' id='word_1_427' title='bbox 2478 3124 2722 3196; x_wconf 89' lang='lat' dir='ltr'>epistola</span> <span class='ocrx_word' id='word_1_428' title='bbox 2751 3125 2823 3180; x_wconf 90' lang='lat' dir='ltr'>ad</span> <span class='ocrx_word' id='word_1_429' title='bbox 2855 3121 3122 3178; x_wconf 86' lang='lat' dir='ltr'>Carolum</span> <span class='ocrx_word' id='word_1_430' title='bbox 3155 3118 3573 3191; x_wconf 86' lang='lat' dir='ltr'>Lotharingum</span> <span class='ocrx_word' id='word_1_431' title='bbox 3606 3134 3729 3173; x_wconf 91' lang='lat' dir='ltr'>car-</span> 
     </span>
    </p>
   </div>
   <div class='ocr_carea' id='block_1_64' title="bbox 2088 3207 3732 3283">
    <p class='ocr_par' dir='ltr' id='par_1_64' title="bbox 2088 3207 3732 3283">
     <span class='ocr_line' id='line_1_64' title="bbox 2088 3207 3732 3283; baseline -0.004 -15"><span class='ocrx_word' id='word_1_432' title='bbox 2088 3213 2343 3268; x_wconf 88' lang='lat' dir='ltr'>dinalem</span> <span class='ocrx_word' id='word_1_433' title='bbox 2404 3212 2858 3283; x_wconf 84' lang='lat' dir='ltr'>amplissimum,</span> <span class='ocrx_word' id='word_1_434' title='bbox 2921 3224 3094 3281; x_wconf 91' lang='lat' dir='ltr'>quam</span> <span class='ocrx_word' id='word_1_435' title='bbox 3155 3208 3313 3280; x_wconf 91' lang='lat' dir='ltr'>operi</span> <span class='ocrx_word' id='word_1_436' title='bbox 3371 3207 3732 3263; x_wconf 88' lang='lat' dir='ltr'>Nazianzeno</span> 
     </span>
    </p>
   </div>
   <div class='ocr_carea' id='block_1_65' title="bbox 339 3283 3735 3374">
    <p class='ocr_par' dir='ltr' id='par_1_65' title="bbox 339 3283 3735 3374">
     <span class='ocr_line' id='line_1_65' title="bbox 339 3283 3735 3374; baseline 0 -25"><span class='ocrx_word' id='word_1_437' title='bbox 339 3295 903 3366; x_wconf 76' lang='lat' dir='ltr'>stodz’am,posuerunt</span> <span class='ocrx_word' id='word_1_438' title='bbox 933 3300 1247 3352; x_wconf 70' lang='lat' dir='ltr'>morticinia</span> <span class='ocrx_word' id='word_1_439' title='bbox 1277 3314 1560 3353; x_wconf 71' lang='lat' dir='ltr'>servorum</span> <span class='ocrx_word' id='word_1_440' title='bbox 1587 3301 1807 3353; x_wconf 81' lang='lat' dir='ltr'>tuorum</span> <span class='ocrx_word' id='word_1_441' title='bbox 1836 3314 1981 3353; x_wconf 80' lang='lat' dir='ltr'>escas</span> <span class='ocrx_word' id='word_1_442' title='bbox 2012 3283 2056 3352; x_wconf 84' lang='lat' dir='ltr'><strong>C</strong></span> <span class='ocrx_word' id='word_1_443' title='bbox 2093 3302 2360 3374; x_wconf 62' lang='lat' dir='ltr'>praefixit,</span> <span class='ocrx_word' id='word_1_444' title='bbox 2395 3302 2568 3357; x_wconf 89' lang='lat' dir='ltr'>verba</span> <span class='ocrx_word' id='word_1_445' title='bbox 2617 3300 2832 3355; x_wconf 88' lang='lat' dir='ltr'>faciens</span> <span class='ocrx_word' id='word_1_446' title='bbox 2867 3316 2879 3354; x_wconf 89' lang='lat'><strong>:</strong></span> <span class='ocrx_word' id='word_1_447' title='bbox 2914 3300 3075 3364; x_wconf 90' lang='lat' dir='ltr'>Quis,</span> <span class='ocrx_word' id='word_1_448' title='bbox 3128 3298 3341 3367; x_wconf 89' lang='lat' dir='ltr'>inquit,</span> <span class='ocrx_word' id='word_1_449' title='bbox 3404 3295 3735 3351; x_wconf 87' lang='lat' dir='ltr'>Michaelini</span> 
     </span>
    </p>
   </div>
   <div class='ocr_carea' id='block_1_66' title="bbox 345 3385 1985 3449">
    <p class='ocr_par' dir='ltr' id='par_1_66' title="bbox 345 3385 1985 3449">
     <span class='ocr_line' id='line_1_66' title="bbox 345 3385 1985 3449; baseline 0.002 -11"><span class='ocrx_word' id='word_1_450' title='bbox 345 3385 663 3440; x_wconf 73' lang='lat' dir='ltr'>volatilibus</span> <span class='ocrx_word' id='word_1_451' title='bbox 692 3386 838 3449; x_wconf 59' lang='lat' dir='ltr'>casti,</span> <span class='ocrx_word' id='word_1_452' title='bbox 870 3403 1058 3441; x_wconf 81' lang='lat' dir='ltr'>carnes</span> <span class='ocrx_word' id='word_1_453' title='bbox 1087 3390 1400 3441; x_wconf 85' lang='lat' dir='ltr'>sanctorum</span> <span class='ocrx_word' id='word_1_454' title='bbox 1428 3392 1651 3441; x_wconf 82' lang='lat' dir='ltr'>tuorum</span> <span class='ocrx_word' id='word_1_455' title='bbox 1684 3387 1869 3441; x_wconf 73' lang='lat' dir='ltr'>bestii:</span> <span class='ocrx_word' id='word_1_456' title='bbox 1886 3396 1985 3442; x_wconf 62' lang='lat' dir='ltr'>ter~</span> 
     </span>
    </p>
   </div>
   <div class='ocr_carea' id='block_1_67' title="bbox 342 3474 1986 3548">
    <p class='ocr_par' dir='ltr' id='par_1_67' title="bbox 342 3474 1986 3548">
     <span class='ocr_line' id='line_1_67' title="bbox 342 3474 1986 3548; baseline 0.002 -21"><span class='ocrx_word' id='word_1_457' title='bbox 342 3489 441 3541; x_wconf 61' lang='lat' dir='ltr'>rae,</span> <span class='ocrx_word' id='word_1_458' title='bbox 475 3474 787 3545; x_wconf 76' lang='lat' dir='ltr'>e/fuderunt</span> <span class='ocrx_word' id='word_1_459' title='bbox 814 3478 1135 3545; x_wconf 73' lang='lat' dir='ltr'>sanguinem</span> <span class='ocrx_word' id='word_1_460' title='bbox 1158 3478 1406 3544; x_wconf 76' lang='lat' dir='ltr'>ipsorum</span> <span class='ocrx_word' id='word_1_461' title='bbox 1424 3484 1681 3545; x_wconf 81' lang='lat' dir='ltr'>tauquam</span> <span class='ocrx_word' id='word_1_462' title='bbox 1710 3480 1986 3548; x_wconf 85' lang='lat' dir='ltr'>aquam.et</span> 
     </span>
    </p>
   </div>
   <div class='ocr_carea' id='block_1_68' title="bbox 342 3564 1984 3637">
    <p class='ocr_par' dir='ltr' id='par_1_68' title="bbox 342 3564 1984 3637">
     <span class='ocr_line' id='line_1_68' title="bbox 342 3564 1984 3637; baseline 0.003 -20"><span class='ocrx_word' id='word_1_463' title='bbox 342 3579 450 3618; x_wconf 87' lang='lat' dir='ltr'>non</span> <span class='ocrx_word' id='word_1_464' title='bbox 480 3572 598 3618; x_wconf 84' lang='lat' dir='ltr'>erat</span> <span class='ocrx_word' id='word_1_465' title='bbox 628 3566 725 3634; x_wconf 83' lang='lat' dir='ltr'>qui</span> <span class='ocrx_word' id='word_1_466' title='bbox 750 3565 1012 3634; x_wconf 76' lang='lat' dir='ltr'>sepeliret</span> <span class='ocrx_word' id='word_1_467' title='bbox 1038 3564 1102 3618; x_wconf 78' lang='grc'>⁸⁵.</span> <span class='ocrx_word' id='word_1_468' title='bbox 1140 3566 1368 3619; x_wconf 83' lang='lat' dir='ltr'>Altarz&#39;a</span> <span class='ocrx_word' id='word_1_469' title='bbox 1400 3569 1495 3619; x_wconf 84' lang='lat' dir='ltr'>tua</span> <span class='ocrx_word' id='word_1_470' title='bbox 1554 3566 1796 3633; x_wconf 83' lang='lat' dir='ltr'>Domine,</span> <span class='ocrx_word' id='word_1_471' title='bbox 1820 3567 1984 3637; x_wconf 68' lang='grc' dir='ltr'>ευπο-</span> 
     </span>
    </p>
   </div>
   <div class='ocr_carea' id='block_1_69' title="bbox 343 3653 1986 3726">
    <p class='ocr_par' dir='ltr' id='par_1_69' title="bbox 343 3653 1986 3726">
     <span class='ocr_line' id='line_1_69' title="bbox 343 3653 1986 3726; baseline 0.001 -19"><span class='ocrx_word' id='word_1_472' title='bbox 343 3653 565 3721; x_wconf 79' lang='lat' dir='ltr'>derunt,</span> <span class='ocrx_word' id='word_1_473' title='bbox 596 3658 650 3707; x_wconf 84' lang='lat' dir='ltr'>et</span> <span class='ocrx_word' id='word_1_474' title='bbox 695 3669 881 3708; x_wconf 77' lang='lat' dir='ltr'>seruos</span> <span class='ocrx_word' id='word_1_475' title='bbox 921 3660 1048 3709; x_wconf 85' lang='lat' dir='ltr'>tuos</span> <span class='ocrx_word' id='word_1_476' title='bbox 1086 3654 1406 3709; x_wconf 82' lang='lat' dir='ltr'>occiderunt</span> <span class='ocrx_word' id='word_1_477' title='bbox 1452 3654 1654 3725; x_wconf 79' lang='lat' dir='ltr'>gladio,</span> <span class='ocrx_word' id='word_1_478' title='bbox 1714 3658 1762 3709; x_wconf 85' lang='lat' dir='ltr'>et</span> <span class='ocrx_word' id='word_1_479' title='bbox 1791 3671 1884 3726; x_wconf 84' lang='lat' dir='ltr'>ego</span> <span class='ocrx_word' id='word_1_480' title='bbox 1916 3671 1986 3710; x_wconf 82' lang='lat' dir='ltr'>ex</span> 
     </span>
    </p>
   </div>
   <div class='ocr_carea' id='block_1_70' title="bbox 342 3740 1986 3815">
    <p class='ocr_par' dir='ltr' id='par_1_70' title="bbox 342 3740 1986 3815">
     <span class='ocr_line' id='line_1_70' title="bbox 342 3740 1986 3815; baseline 0.001 -19"><span class='ocrx_word' id='word_1_481' title='bbox 342 3740 707 3797; x_wconf 86' lang='lat' dir='ltr'>Michaelinis</span> <span class='ocrx_word' id='word_1_482' title='bbox 741 3743 955 3799; x_wconf 87' lang='lat' dir='ltr'>nostris</span> <span class='ocrx_word' id='word_1_483' title='bbox 984 3743 1210 3798; x_wconf 81' lang='lat' dir='ltr'>relictus</span> <span class='ocrx_word' id='word_1_484' title='bbox 1238 3760 1358 3798; x_wconf 81' lang='lat' dir='ltr'>sum</span> <span class='ocrx_word' id='word_1_485' title='bbox 1388 3744 1535 3798; x_wconf 74' lang='lat' dir='ltr'>solus</span> <span class='ocrx_word' id='word_1_486' title='bbox 1564 3743 1627 3797; x_wconf 76' lang='grc'>⁸⁸.</span> <span class='ocrx_word' id='word_1_487' title='bbox 1690 3745 1757 3798; x_wconf 90' lang='lat' dir='ltr'>Et</span> <span class='ocrx_word' id='word_1_488' title='bbox 1789 3761 1986 3815; x_wconf 87' lang='lat' dir='ltr'>quem-</span> 
     </span>
    </p>
   </div>
   <div class='ocr_carea' id='block_1_71' title="bbox 345 3832 1984 3891">
    <p class='ocr_par' dir='ltr' id='par_1_71' title="bbox 345 3832 1984 3891">
     <span class='ocr_line' id='line_1_71' title="bbox 345 3832 1984 3891; baseline 0.004 -6"><span class='ocrx_word' id='word_1_489' title='bbox 345 3832 662 3886; x_wconf 91' lang='lat' dir='ltr'>admodum</span> <span class='ocrx_word' id='word_1_490' title='bbox 701 3833 895 3888; x_wconf 87' lang='lat' dir='ltr'>David.</span> <span class='ocrx_word' id='word_1_491' title='bbox 932 3832 1133 3888; x_wconf 90' lang='lat' dir='ltr'>audita</span> <span class='ocrx_word' id='word_1_492' title='bbox 1164 3839 1283 3888; x_wconf 91' lang='lat' dir='ltr'>tam</span> <span class='ocrx_word' id='word_1_493' title='bbox 1316 3833 1529 3888; x_wconf 88' lang='lat' dir='ltr'>misera</span> <span class='ocrx_word' id='word_1_494' title='bbox 1579 3832 1741 3889; x_wconf 91' lang='lat' dir='ltr'>clade</span> <span class='ocrx_word' id='word_1_495' title='bbox 1792 3834 1984 3891; x_wconf 87' lang='lat' dir='ltr'>Saulis</span> 
     </span>
    </p>
   </div>
   <div class='ocr_carea' id='block_1_72' title="bbox 334 3921 1982 3995">
    <p class='ocr_par' dir='ltr' id='par_1_72' title="bbox 334 3921 1982 3995">
     <span class='ocr_line' id='line_1_72' title="bbox 334 3921 1982 3995; baseline 0.002 -21"><span class='ocrx_word' id='word_1_496' title='bbox 334 3921 508 3991; x_wconf 88' lang='lat' dir='ltr'>jussu</span> <span class='ocrx_word' id='word_1_497' title='bbox 542 3925 599 3975; x_wconf 92' lang='lat' dir='ltr'>et</span> <span class='ocrx_word' id='word_1_498' title='bbox 633 3938 806 3976; x_wconf 90' lang='lat' dir='ltr'>manu</span> <span class='ocrx_word' id='word_1_499' title='bbox 846 3926 997 3994; x_wconf 90' lang='lat' dir='ltr'>Doeg</span> <span class='ocrx_word' id='word_1_500' title='bbox 1023 3922 1261 3977; x_wconf 63' lang='lat' dir='ltr'>ldummi</span> <span class='ocrx_word' id='word_1_501' title='bbox 1296 3927 1625 3995; x_wconf 90' lang='lat' dir='ltr'>perpetrata</span> <span class='ocrx_word' id='word_1_502' title='bbox 1658 3924 1982 3978; x_wconf 84' lang='lat' dir='ltr'>accisorum</span> 
     </span>
    </p>
   </div>
   <div class='ocr_carea' id='block_1_73' title="bbox 343 4010 1983 4082">
    <p class='ocr_par' dir='ltr' id='par_1_73' title="bbox 343 4010 1983 4082">
     <span class='ocr_line' id='line_1_73' title="bbox 343 4010 1983 4082; baseline 0.003 -20"><span class='ocrx_word' id='word_1_503' title='bbox 343 4010 638 4081; x_wconf 87' lang='lat' dir='ltr'>octoginta</span> <span class='ocrx_word' id='word_1_504' title='bbox 670 4010 929 4081; x_wconf 90' lang='lat' dir='ltr'>quinque</span> <span class='ocrx_word' id='word_1_505' title='bbox 960 4012 1214 4066; x_wconf 92' lang='lat' dir='ltr'>virorum</span> <span class='ocrx_word' id='word_1_506' title='bbox 1236 4012 1425 4082; x_wconf 89' lang='lat' dir='ltr'>ephod</span> <span class='ocrx_word' id='word_1_507' title='bbox 1461 4010 1611 4066; x_wconf 91' lang='lat' dir='ltr'>lineo</span> <span class='ocrx_word' id='word_1_508' title='bbox 1641 4013 1983 4067; x_wconf 79' lang='lat' dir='ltr'>vestitorum</span> 
     </span>
    </p>
   </div>
   <div class='ocr_carea' id='block_1_74' title="bbox 344 4097 1984 4171">
    <p class='ocr_par' dir='ltr' id='par_1_74' title="bbox 344 4097 1984 4171">
     <span class='ocr_line' id='line_1_74' title="bbox 344 4097 1984 4171; baseline 0.003 -20"><span class='ocrx_word' id='word_1_509' title='bbox 344 4097 572 4152; x_wconf 87' lang='lat' dir='ltr'>dicebat</span> <span class='ocrx_word' id='word_1_510' title='bbox 604 4100 674 4153; x_wconf 84' lang='lat' dir='ltr'>ad</span> <span class='ocrx_word' id='word_1_511' title='bbox 710 4099 992 4154; x_wconf 86' lang='lat' dir='ltr'>Abiathar</span> <span class='ocrx_word' id='word_1_512' title='bbox 1024 4099 1208 4154; x_wconf 87' lang='lat' dir='ltr'>lilium</span> <span class='ocrx_word' id='word_1_513' title='bbox 1242 4100 1686 4171; x_wconf 84' lang='lat' dir='ltr'>Achimelis,qui</span> <span class='ocrx_word' id='word_1_514' title='bbox 1720 4100 1879 4155; x_wconf 88' lang='lat' dir='ltr'>solus</span> <span class='ocrx_word' id='word_1_515' title='bbox 1913 4103 1984 4156; x_wconf 88' lang='lat' dir='ltr'>ad</span> 
     </span>
    </p>
   </div>
   <div class='ocr_carea' id='block_1_75' title="bbox 341 4186 1986 4259">
    <p class='ocr_par' dir='ltr' id='par_1_75' title="bbox 341 4186 1986 4259">
     <span class='ocr_line' id='line_1_75' title="bbox 341 4186 1986 4259; baseline 0.004 -20"><span class='ocrx_word' id='word_1_516' title='bbox 341 4186 537 4257; x_wconf 90' lang='lat' dir='ltr'>ipsum</span> <span class='ocrx_word' id='word_1_517' title='bbox 571 4203 639 4241; x_wconf 86' lang='lat' dir='ltr'>ex</span> <span class='ocrx_word' id='word_1_518' title='bbox 669 4204 735 4241; x_wconf 90' lang='lat' dir='ltr'>ea</span> <span class='ocrx_word' id='word_1_519' title='bbox 767 4189 1048 4259; x_wconf 79' lang='lat' dir='ltr'>effugerat</span> <span class='ocrx_word' id='word_1_520' title='bbox 1081 4206 1093 4243; x_wconf 87' lang='lat'><strong>:</strong></span> <span class='ocrx_word' id='word_1_521' title='bbox 1129 4191 1233 4259; x_wconf 84' lang='lat' dir='ltr'>Ego</span> <span class='ocrx_word' id='word_1_522' title='bbox 1254 4206 1376 4243; x_wconf 74' lang='lat' dir='ltr'>sum</span> <span class='ocrx_word' id='word_1_523' title='bbox 1418 4207 1543 4246; x_wconf 76' lang='lat' dir='ltr'>reus</span> <span class='ocrx_word' id='word_1_524' title='bbox 1590 4193 1841 4245; x_wconf 77' lang='lat' dir='ltr'>omnium</span> <span class='ocrx_word' id='word_1_525' title='bbox 1866 4192 1986 4246; x_wconf 77' lang='lat' dir='ltr'>ani-</span> 
     </span>
    </p>
   </div>
   <div class='ocr_carea' id='block_1_76' title="bbox 342 4275 1984 4350">
    <p class='ocr_par' dir='ltr' id='par_1_76' title="bbox 342 4275 1984 4350">
     <span class='ocr_line' id='line_1_76' title="bbox 342 4275 1984 4350; baseline 0.004 -22"><span class='ocrx_word' id='word_1_526' title='bbox 342 4292 563 4329; x_wconf 82' lang='lat' dir='ltr'>marum</span> <span class='ocrx_word' id='word_1_527' title='bbox 595 4275 781 4330; x_wconf 82' lang='lat' dir='ltr'>domus</span> <span class='ocrx_word' id='word_1_528' title='bbox 806 4279 986 4348; x_wconf 77' lang='lat' dir='ltr'>patris</span> <span class='ocrx_word' id='word_1_529' title='bbox 1007 4281 1086 4332; x_wconf 81' lang='lat' dir='ltr'>tui</span> <span class='ocrx_word' id='word_1_530' title='bbox 1113 4279 1156 4312; x_wconf 78' lang='grc'><strong>³⁷</strong></span> <span class='ocrx_word' id='word_1_531' title='bbox 1192 4295 1203 4331; x_wconf 94' lang='lat'>:</span> <span class='ocrx_word' id='word_1_532' title='bbox 1238 4278 1320 4333; x_wconf 88' lang='lat' dir='ltr'>ita</span> <span class='ocrx_word' id='word_1_533' title='bbox 1345 4284 1401 4333; x_wconf 90' lang='lat' dir='ltr'>et</span> <span class='ocrx_word' id='word_1_534' title='bbox 1428 4277 1574 4350; x_wconf 89' lang='lat' dir='ltr'>ipse,</span> <span class='ocrx_word' id='word_1_535' title='bbox 1624 4284 1680 4333; x_wconf 90' lang='lat' dir='ltr'>et</span> <span class='ocrx_word' id='word_1_536' title='bbox 1720 4280 1857 4350; x_wconf 83' lang='lat' dir='ltr'>Ego,</span> <span class='ocrx_word' id='word_1_537' title='bbox 1891 4281 1984 4333; x_wconf 91' lang='lat' dir='ltr'>in-</span> 
     </span>
    </p>
   </div>
   <div class='ocr_carea' id='block_1_77' title="bbox 345 4365 1983 4434">
    <p class='ocr_par' dir='ltr' id='par_1_77' title="bbox 345 4365 1983 4434">
     <span class='ocr_line' id='line_1_77' title="bbox 345 4365 1983 4434; baseline 0.004 -17"><span class='ocrx_word' id='word_1_538' title='bbox 345 4365 492 4434; x_wconf 90' lang='lat' dir='ltr'>quit,</span> <span class='ocrx_word' id='word_1_539' title='bbox 526 4380 659 4419; x_wconf 90' lang='lat' dir='ltr'>reus</span> <span class='ocrx_word' id='word_1_540' title='bbox 692 4382 824 4418; x_wconf 88' lang='lat' dir='ltr'>sum</span> <span class='ocrx_word' id='word_1_541' title='bbox 875 4365 1139 4420; x_wconf 83' lang='lat' dir='ltr'>omnium</span> <span class='ocrx_word' id='word_1_542' title='bbox 1188 4367 1518 4422; x_wconf 88' lang='lat' dir='ltr'>animarum</span> <span class='ocrx_word' id='word_1_543' title='bbox 1572 4368 1841 4422; x_wconf 89' lang='lat' dir='ltr'>istarum.</span> <span class='ocrx_word' id='word_1_544' title='bbox 1875 4369 1983 4423; x_wconf 86' lang='lat' dir='ltr'>Sed</span> 
     </span>
    </p>
   </div>
   <div class='ocr_carea' id='block_1_78' title="bbox 344 4452 1981 4529">
    <p class='ocr_par' dir='ltr' id='par_1_78' title="bbox 344 4452 1981 4529">
     <span class='ocr_line' id='line_1_78' title="bbox 344 4452 1981 4529; baseline 0.004 -23"><span class='ocrx_word' id='word_1_545' title='bbox 344 4452 627 4507; x_wconf 88' lang='lat' dir='ltr'>luctuosis</span> <span class='ocrx_word' id='word_1_546' title='bbox 660 4453 776 4509; x_wconf 89' lang='lat' dir='ltr'>illis</span> <span class='ocrx_word' id='word_1_547' title='bbox 804 4455 980 4508; x_wconf 87' lang='lat' dir='ltr'>etiam</span> <span class='ocrx_word' id='word_1_548' title='bbox 1013 4454 1204 4510; x_wconf 89' lang='lat' dir='ltr'>verbis</span> <span class='ocrx_word' id='word_1_549' title='bbox 1232 4472 1337 4525; x_wconf 84' lang='lat' dir='ltr'>ego</span> <span class='ocrx_word' id='word_1_550' title='bbox 1368 4473 1499 4510; x_wconf 92' lang='lat' dir='ltr'>eum</span> <span class='ocrx_word' id='word_1_551' title='bbox 1543 4456 1793 4526; x_wconf 88' lang='lat' dir='ltr'>solabar,</span> <span class='ocrx_word' id='word_1_552' title='bbox 1826 4458 1981 4529; x_wconf 90' lang='lat' dir='ltr'>quod</span> 
     </span>
    </p>
   </div>
   <div class='ocr_carea' id='block_1_79' title="bbox 343 4542 1982 4613">
    <p class='ocr_par' dir='ltr' id='par_1_79' title="bbox 343 4542 1982 4613">
     <span class='ocr_line' id='line_1_79' title="bbox 343 4542 1982 4613; baseline 0.002 -15"><span class='ocrx_word' id='word_1_553' title='bbox 343 4543 573 4598; x_wconf 88' lang='lat' dir='ltr'>etidem</span> <span class='ocrx_word' id='word_1_554' title='bbox 600 4544 753 4613; x_wconf 91' lang='lat' dir='ltr'>quod</span> <span class='ocrx_word' id='word_1_555' title='bbox 789 4542 988 4597; x_wconf 90' lang='lat' dir='ltr'>Davidi</span> <span class='ocrx_word' id='word_1_556' title='bbox 1016 4544 1136 4598; x_wconf 92' lang='lat' dir='ltr'>viro</span> <span class='ocrx_word' id='word_1_557' title='bbox 1195 4545 1487 4599; x_wconf 89' lang='lat' dir='ltr'>innocenti</span> <span class='ocrx_word' id='word_1_558' title='bbox 1547 4550 1602 4600; x_wconf 91' lang='lat' dir='ltr'>et</span> <span class='ocrx_word' id='word_1_559' title='bbox 1660 4548 1982 4601; x_wconf 89' lang='lat' dir='ltr'>secundum</span> 
     </span>
    </p>
   </div>
   <div class='ocr_carea' id='block_1_80' title="bbox 2092 3386 3739 3458">
    <p class='ocr_par' dir='ltr' id='par_1_80' title="bbox 2092 3386 3739 3458">
     <span class='ocr_line' id='line_1_80' title="bbox 2092 3386 3739 3458; baseline -0.004 -13"><span class='ocrx_word' id='word_1_560' title='bbox 2092 3390 2271 3446; x_wconf 88' lang='lat' dir='ltr'>nostri</span> <span class='ocrx_word' id='word_1_561' title='bbox 2305 3389 2549 3445; x_wconf 87' lang='lat' dir='ltr'>coenobii</span> <span class='ocrx_word' id='word_1_562' title='bbox 2584 3390 2808 3444; x_wconf 90' lang='lat' dir='ltr'>cladem</span> <span class='ocrx_word' id='word_1_563' title='bbox 2837 3387 2955 3443; x_wconf 91' lang='lat' dir='ltr'>ulla</span> <span class='ocrx_word' id='word_1_564' title='bbox 2984 3386 3310 3458; x_wconf 87' lang='lat' dir='ltr'>quamlibet</span> <span class='ocrx_word' id='word_1_565' title='bbox 3357 3386 3579 3458; x_wconf 89' lang='lat' dir='ltr'>tragica</span> <span class='ocrx_word' id='word_1_566' title='bbox 3608 3401 3739 3440; x_wconf 88' lang='lat' dir='ltr'>ora-</span> 
     </span>
    </p>
   </div>
   <div class='ocr_carea' id='block_1_81' title="bbox 2091 3474 3735 3550">
    <p class='ocr_par' dir='ltr' id='par_1_81' title="bbox 2091 3474 3735 3550">
     <span class='ocr_line' id='line_1_81' title="bbox 2091 3474 3735 3550; baseline -0.003 -16"><span class='ocrx_word' id='word_1_567' title='bbox 2091 3479 2251 3535; x_wconf 89' lang='lat' dir='ltr'>tione</span> <span class='ocrx_word' id='word_1_568' title='bbox 2284 3497 2384 3550; x_wconf 87' lang='lat' dir='ltr'>prn</span> <span class='ocrx_word' id='word_1_569' title='bbox 2417 3478 2496 3533; x_wconf 91' lang='lat' dir='ltr'>rei</span> <span class='ocrx_word' id='word_1_570' title='bbox 2519 3477 2819 3533; x_wconf 88' lang='lat' dir='ltr'>atrocitate</span> <span class='ocrx_word' id='word_1_571' title='bbox 2849 3475 3151 3547; x_wconf 88' lang='lat' dir='ltr'>deplorare</span> <span class='ocrx_word' id='word_1_572' title='bbox 3182 3480 3355 3545; x_wconf 90' lang='lat' dir='ltr'>queat</span> <span class='ocrx_word' id='word_1_573' title='bbox 3374 3474 3426 3532; x_wconf 85' lang='lat' dir='ltr'>?l</span> <span class='ocrx_word' id='word_1_574' title='bbox 3456 3479 3521 3529; x_wconf 90' lang='lat' dir='ltr'>ut</span> <span class='ocrx_word' id='word_1_575' title='bbox 3548 3477 3735 3544; x_wconf 86' lang='lat' dir='ltr'>major</span> 
     </span>
    </p>
   </div>
   <div class='ocr_carea' id='block_1_82' title="bbox 2093 3563 3740 3637">
    <p class='ocr_par' dir='ltr' id='par_1_82' title="bbox 2093 3563 3740 3637">
     <span class='ocr_line' id='line_1_82' title="bbox 2093 3563 3740 3637; baseline -0.005 -13"><span class='ocrx_word' id='word_1_576' title='bbox 2093 3574 2238 3633; x_wconf 90' lang='lat' dir='ltr'>erat,</span> <span class='ocrx_word' id='word_1_577' title='bbox 2273 3567 2355 3623; x_wconf 89' lang='lat' dir='ltr'>ita</span> <span class='ocrx_word' id='word_1_578' title='bbox 2386 3565 2542 3622; x_wconf 90' lang='lat' dir='ltr'>cordi</span> <span class='ocrx_word' id='word_1_579' title='bbox 2574 3568 2702 3637; x_wconf 86' lang='lat' dir='ltr'>ejus</span> <span class='ocrx_word' id='word_1_580' title='bbox 2732 3570 2789 3621; x_wconf 92' lang='lat' dir='ltr'>et</span> <span class='ocrx_word' id='word_1_581' title='bbox 2821 3566 3014 3619; x_wconf 86' lang='lat' dir='ltr'>animo</span> <span class='ocrx_word' id='word_1_582' title='bbox 3038 3563 3270 3635; x_wconf 89' lang='lat' dir='ltr'>penitus</span> <span class='ocrx_word' id='word_1_583' title='bbox 3302 3578 3367 3619; x_wconf 89' lang='lat' dir='ltr'>ac</span> <span class='ocrx_word' id='word_1_584' title='bbox 3397 3563 3619 3618; x_wconf 89' lang='lat' dir='ltr'>diutius</span> <span class='ocrx_word' id='word_1_585' title='bbox 3652 3564 3740 3617; x_wconf 83' lang='lat' dir='ltr'>in-</span> 
     </span>
    </p>
   </div>
   <div class='ocr_carea' id='block_1_83' title="bbox 2092 3652 3738 3726">
    <p class='ocr_par' dir='ltr' id='par_1_83' title="bbox 2092 3652 3738 3726">
     <span class='ocr_line' id='line_1_83' title="bbox 2092 3652 3738 3726; baseline -0.004 -14"><span class='ocrx_word' id='word_1_586' title='bbox 2092 3658 2278 3713; x_wconf 63' lang='lat' dir='ltr'>haesit.</span> <span class='ocrx_word' id='word_1_587' title='bbox 2314 3661 2525 3712; x_wconf 88' lang='lat' dir='ltr'>Postea</span> <span class='ocrx_word' id='word_1_588' title='bbox 2554 3655 2788 3726; x_wconf 87' lang='lat' dir='ltr'>regione</span> <span class='ocrx_word' id='word_1_589' title='bbox 2818 3652 2921 3709; x_wconf 89' lang='lat' dir='ltr'>illa</span> <span class='ocrx_word' id='word_1_590' title='bbox 2951 3655 3318 3722; x_wconf 85' lang='lat' dir='ltr'>exturbatus,</span> <span class='ocrx_word' id='word_1_591' title='bbox 3368 3652 3484 3707; x_wconf 87' lang='lat' dir='ltr'>huc</span> <span class='ocrx_word' id='word_1_592' title='bbox 3515 3657 3573 3707; x_wconf 91' lang='lat' dir='ltr'>et</span> <span class='ocrx_word' id='word_1_593' title='bbox 3601 3652 3738 3706; x_wconf 90' lang='lat' dir='ltr'>illuc</span> 
     </span>
    </p>
   </div>
   <div class='ocr_carea' id='block_1_84' title="bbox 2095 3741 3739 3818">
    <p class='ocr_par' dir='ltr' id='par_1_84' title="bbox 2095 3741 3739 3818">
     <span class='ocr_line' id='line_1_84' title="bbox 2095 3741 3739 3818; baseline -0.003 -18"><span class='ocrx_word' id='word_1_594' title='bbox 2095 3747 2291 3818; x_wconf 84' lang='lat' dir='ltr'>vagari</span> <span class='ocrx_word' id='word_1_595' title='bbox 2326 3745 2519 3817; x_wconf 69' lang='lat' dir='ltr'>coepit,</span> <span class='ocrx_word' id='word_1_596' title='bbox 2554 3749 2611 3799; x_wconf 92' lang='lat' dir='ltr'>et</span> <span class='ocrx_word' id='word_1_597' title='bbox 2640 3744 3079 3816; x_wconf 84' lang='lat' dir='ltr'>peregrinorum</span> <span class='ocrx_word' id='word_1_598' title='bbox 3115 3758 3275 3797; x_wconf 89' lang='lat' dir='ltr'>more</span> <span class='ocrx_word' id='word_1_599' title='bbox 3323 3741 3596 3813; x_wconf 84' lang='lat' dir='ltr'>cupidius</span> <span class='ocrx_word' id='word_1_600' title='bbox 3644 3757 3739 3795; x_wconf 85' lang='lat' dir='ltr'>ex-</span> 
     </span>
    </p>
   </div>
   <div class='ocr_carea' id='block_1_85' title="bbox 2095 3831 3737 3905">
    <p class='ocr_par' dir='ltr' id='par_1_85' title="bbox 2095 3831 3737 3905">
     <span class='ocr_line' id='line_1_85' title="bbox 2095 3831 3737 3905; baseline -0.004 -15"><span class='ocrx_word' id='word_1_601' title='bbox 2095 3838 2355 3905; x_wconf 89' lang='lat' dir='ltr'>spectare</span> <span class='ocrx_word' id='word_1_602' title='bbox 2370 3832 2734 3904; x_wconf 88' lang='lat' dir='ltr'>etinquirere</span> <span class='ocrx_word' id='word_1_603' title='bbox 2755 3832 3050 3887; x_wconf 89' lang='lat' dir='ltr'>civitatem</span> <span class='ocrx_word' id='word_1_604' title='bbox 3071 3831 3229 3886; x_wconf 88' lang='lat' dir='ltr'>illam</span> <span class='ocrx_word' id='word_1_605' title='bbox 3245 3832 3504 3885; x_wconf 89' lang='lat' dir='ltr'>futuram</span> <span class='ocrx_word' id='word_1_606' title='bbox 3523 3834 3737 3885; x_wconf 89' lang='lat' dir='ltr'>statam</span> 
     </span>
    </p>
   </div>
   <div class='ocr_carea' id='block_1_86' title="bbox 2093 3919 3735 3991">
    <p class='ocr_par' dir='ltr' id='par_1_86' title="bbox 2093 3919 3735 3991">
     <span class='ocr_line' id='line_1_86' title="bbox 2093 3919 3735 3991; baseline -0.003 -13"><span class='ocrx_word' id='word_1_607' title='bbox 2093 3928 2150 3978; x_wconf 94' lang='lat' dir='ltr'>et</span> <span class='ocrx_word' id='word_1_608' title='bbox 2180 3923 2322 3977; x_wconf 89' lang='lat' dir='ltr'>nulli</span> <span class='ocrx_word' id='word_1_609' title='bbox 2358 3922 2642 3977; x_wconf 89' lang='lat' dir='ltr'>bellorum</span> <span class='ocrx_word' id='word_1_610' title='bbox 2676 3938 2742 3975; x_wconf 85' lang='lat' dir='ltr'>ac</span> <span class='ocrx_word' id='word_1_611' title='bbox 2774 3925 3106 3991; x_wconf 90' lang='lat' dir='ltr'>temporum</span> <span class='ocrx_word' id='word_1_612' title='bbox 3153 3920 3207 3973; x_wconf 92' lang='lat' dir='ltr'>vi</span> <span class='ocrx_word' id='word_1_613' title='bbox 3240 3923 3295 3974; x_wconf 87' lang='lat' dir='ltr'>et</span> <span class='ocrx_word' id='word_1_614' title='bbox 3343 3919 3573 3990; x_wconf 74' lang='lat' dir='ltr'>injuriae</span> <span class='ocrx_word' id='word_1_615' title='bbox 3606 3934 3735 3989; x_wconf 89' lang='lat' dir='ltr'>per-</span> 
     </span>
    </p>
   </div>
   <div class='ocr_carea' id='block_1_87' title="bbox 2093 4008 3731 4081">
    <p class='ocr_par' dir='ltr' id='par_1_87' title="bbox 2093 4008 3731 4081">
     <span class='ocr_line' id='line_1_87' title="bbox 2093 4008 3731 4081; baseline -0.002 -16"><span class='ocrx_word' id='word_1_616' title='bbox 2093 4012 2265 4066; x_wconf 89' lang='lat' dir='ltr'>viam.</span> <span class='ocrx_word' id='word_1_617' title='bbox 2303 4011 2556 4067; x_wconf 87' lang='lat' dir='ltr'>Secessit</span> <span class='ocrx_word' id='word_1_618' title='bbox 2585 4010 2772 4081; x_wconf 92' lang='lat' dir='ltr'>primo</span> <span class='ocrx_word' id='word_1_619' title='bbox 2808 4009 3147 4065; x_wconf 86' lang='lat' dir='ltr'>Laodunum</span> <span class='ocrx_word' id='word_1_620' title='bbox 3199 4010 3269 4064; x_wconf 88' lang='lat' dir='ltr'>ad</span> <span class='ocrx_word' id='word_1_621' title='bbox 3316 4008 3731 4064; x_wconf 87' lang='lat' dir='ltr'>charissimum</span> 
     </span>
    </p>
   </div>
   <div class='ocr_carea' id='block_1_88' title="bbox 2095 4096 3736 4156">
    <p class='ocr_par' dir='ltr' id='par_1_88' title="bbox 2095 4096 3736 4156">
     <span class='ocr_line' id='line_1_88' title="bbox 2095 4096 3736 4156; baseline -0.004 0"><span class='ocrx_word' id='word_1_622' title='bbox 2095 4102 2330 4156; x_wconf 88' lang='lat' dir='ltr'>fratrem</span> <span class='ocrx_word' id='word_1_623' title='bbox 2362 4106 2420 4155; x_wconf 92' lang='lat' dir='ltr'>et</span> <span class='ocrx_word' id='word_1_624' title='bbox 2460 4100 2841 4154; x_wconf 90' lang='lat' dir='ltr'>reverendum</span> <span class='ocrx_word' id='word_1_625' title='bbox 2901 4098 3146 4154; x_wconf 81' lang='lat' dir='ltr'>ccenobii</span> <span class='ocrx_word' id='word_1_626' title='bbox 3196 4098 3397 4154; x_wconf 90' lang='lat' dir='ltr'>Sancti</span> <span class='ocrx_word' id='word_1_627' title='bbox 3449 4096 3736 4152; x_wconf 85' lang='lat' dir='ltr'>Vincentii</span> 
     </span>
    </p>
   </div>
   <div class='ocr_carea' id='block_1_89' title="bbox 2094 4186 3733 4260">
    <p class='ocr_par' dir='ltr' id='par_1_89' title="bbox 2094 4186 3733 4260">
     <span class='ocr_line' id='line_1_89' title="bbox 2094 4186 3733 4260; baseline -0.003 -15"><span class='ocrx_word' id='word_1_628' title='bbox 2094 4191 2386 4257; x_wconf 88' lang='lat' dir='ltr'>abbatem,</span> <span class='ocrx_word' id='word_1_629' title='bbox 2433 4189 2493 4243; x_wconf 92' lang='lat' dir='ltr'>in</span> <span class='ocrx_word' id='word_1_630' title='bbox 2555 4205 2691 4260; x_wconf 92' lang='lat' dir='ltr'>quo,</span> <span class='ocrx_word' id='word_1_631' title='bbox 2751 4194 2808 4243; x_wconf 92' lang='lat' dir='ltr'>et</span> <span class='ocrx_word' id='word_1_632' title='bbox 2861 4189 3318 4256; x_wconf 74' lang='lat' dir='ltr'>Sandionysiaco</span> <span class='ocrx_word' id='word_1_633' title='bbox 3377 4186 3498 4259; x_wconf 93' lang='lat' dir='ltr'>(ubi</span> <span class='ocrx_word' id='word_1_634' title='bbox 3556 4187 3733 4241; x_wconf 90' lang='lat' dir='ltr'>etiam</span> 
     </span>
    </p>
   </div>
   <div class='ocr_carea' id='block_1_90' title="bbox 2095 4276 3736 4350">
    <p class='ocr_par' dir='ltr' id='par_1_90' title="bbox 2095 4276 3736 4350">
     <span class='ocr_line' id='line_1_90' title="bbox 2095 4276 3736 4350; baseline -0.002 -16"><span class='ocrx_word' id='word_1_635' title='bbox 2095 4280 2313 4335; x_wconf 88' lang='lat' dir='ltr'>summi</span> <span class='ocrx_word' id='word_1_636' title='bbox 2342 4278 2553 4350; x_wconf 88' lang='lat' dir='ltr'>prioris</span> <span class='ocrx_word' id='word_1_637' title='bbox 2584 4293 2822 4333; x_wconf 89' lang='lat' dir='ltr'>munere</span> <span class='ocrx_word' id='word_1_638' title='bbox 2856 4277 3249 4350; x_wconf 88' lang='lat' dir='ltr'>fungebatur),</span> <span class='ocrx_word' id='word_1_639' title='bbox 3299 4276 3518 4347; x_wconf 89' lang='lat' dir='ltr'>aliquot</span> <span class='ocrx_word' id='word_1_640' title='bbox 3549 4292 3736 4331; x_wconf 90' lang='lat' dir='ltr'>annos</span> 
     </span>
    </p>
   </div>
   <div class='ocr_carea' id='block_1_91' title="bbox 2092 4364 3736 4441">
    <p class='ocr_par' dir='ltr' id='par_1_91' title="bbox 2092 4364 3736 4441">
     <span class='ocr_line' id='line_1_91' title="bbox 2092 4364 3736 4441; baseline -0.002 -18"><span class='ocrx_word' id='word_1_641' title='bbox 2092 4369 2379 4441; x_wconf 78' lang='lat' dir='ltr'>transegit</span> <span class='ocrx_word' id='word_1_642' title='bbox 2426 4367 2678 4440; x_wconf 89' lang='lat' dir='ltr'>pr0priis</span> <span class='ocrx_word' id='word_1_643' title='bbox 2729 4366 3008 4422; x_wconf 77' lang='lat' dir='ltr'>cmnobiis</span> <span class='ocrx_word' id='word_1_644' title='bbox 3056 4364 3287 4438; x_wconf 89' lang='lat' dir='ltr'>pulsus,</span> <span class='ocrx_word' id='word_1_645' title='bbox 3348 4371 3405 4421; x_wconf 91' lang='lat' dir='ltr'>et</span> <span class='ocrx_word' id='word_1_646' title='bbox 3452 4365 3736 4421; x_wconf 85' lang='lat' dir='ltr'>reditibus</span> 
     </span>
    </p>
   </div>
   <div class='ocr_carea' id='block_1_92' title="bbox 2094 4453 3735 4527">
    <p class='ocr_par' dir='ltr' id='par_1_92' title="bbox 2094 4453 3735 4527">
     <span class='ocr_line' id='line_1_92' title="bbox 2094 4453 3735 4527; baseline -0.002 -14"><span class='ocrx_word' id='word_1_647' title='bbox 2094 4458 2619 4527; x_wconf 88' lang='lat' dir='ltr'>spoliatus.Verum</span> <span class='ocrx_word' id='word_1_648' title='bbox 2652 4473 2883 4527; x_wconf 89' lang='lat' dir='ltr'>semper</span> <span class='ocrx_word' id='word_1_649' title='bbox 2899 4456 3147 4527; x_wconf 91' lang='lat' dir='ltr'>cupidus</span> <span class='ocrx_word' id='word_1_650' title='bbox 3166 4456 3455 4510; x_wconf 86' lang='lat' dir='ltr'>revisendi</span> <span class='ocrx_word' id='word_1_651' title='bbox 3489 4453 3735 4511; x_wconf 81' lang='lat' dir='ltr'>Michae-</span> 
     </span>
    </p>
   </div>
   <div class='ocr_carea' id='block_1_93' title="bbox 2095 4544 3733 4618">
    <p class='ocr_par' dir='ltr' id='par_1_93' title="bbox 2095 4544 3733 4618">
     <span class='ocr_line' id='line_1_93' title="bbox 2095 4544 3733 4618; baseline -0.003 -17"><span class='ocrx_word' id='word_1_652' title='bbox 2095 4546 2199 4601; x_wconf 89' lang='lat' dir='ltr'>lini</span> <span class='ocrx_word' id='word_1_653' title='bbox 2232 4546 2513 4612; x_wconf 89' lang='lat' dir='ltr'>soli,inita</span> <span class='ocrx_word' id='word_1_654' title='bbox 2544 4562 2681 4618; x_wconf 89' lang='lat' dir='ltr'>pace</span> <span class='ocrx_word' id='word_1_655' title='bbox 2704 4550 2761 4601; x_wconf 92' lang='lat' dir='ltr'>et</span> <span class='ocrx_word' id='word_1_656' title='bbox 2792 4545 3012 4601; x_wconf 89' lang='lat' dir='ltr'>sedatis</span> <span class='ocrx_word' id='word_1_657' title='bbox 3035 4550 3332 4615; x_wconf 88' lang='lat' dir='ltr'>utcunque</span> <span class='ocrx_word' id='word_1_658' title='bbox 3352 4544 3733 4608; x_wconf 87' lang='lat' dir='ltr'>tumultibus,</span> 
     </span>
    </p>
   </div>
   <div class='ocr_carea' id='block_1_94' title="bbox 343 4631 3730 4717">
    <p class='ocr_par' dir='ltr' id='par_1_94' title="bbox 343 4631 3730 4717">
     <span class='ocr_line' id='line_1_94' title="bbox 343 4631 3730 4717; baseline -0.001 -31"><span class='ocrx_word' id='word_1_659' title='bbox 343 4649 440 4688; x_wconf 92' lang='lat' dir='ltr'>cor</span> <span class='ocrx_word' id='word_1_660' title='bbox 470 4632 699 4686; x_wconf 89' lang='lat' dir='ltr'>Domini</span> <span class='ocrx_word' id='word_1_661' title='bbox 731 4631 1091 4702; x_wconf 87' lang='lat' dir='ltr'>contigisset,</span> <span class='ocrx_word' id='word_1_662' title='bbox 1126 4635 1447 4706; x_wconf 89' lang='lat' dir='ltr'>eodemque</span> <span class='ocrx_word' id='word_1_663' title='bbox 1507 4651 1651 4706; x_wconf 92' lang='lat' dir='ltr'>pene</span> <span class='ocrx_word' id='word_1_664' title='bbox 1706 4634 1817 4690; x_wconf 89' lang='lat' dir='ltr'>telo</span> <span class='ocrx_word' id='word_1_665' title='bbox 1850 4651 1981 4689; x_wconf 89' lang='lat' dir='ltr'>cum</span> <span class='ocrx_word' id='word_1_666' title='bbox 2014 4652 2062 4717; x_wconf 72' lang='grc' dir='ltr'>Ι)</span> <span class='ocrx_word' id='word_1_667' title='bbox 2097 4637 2267 4691; x_wconf 91' lang='lat' dir='ltr'>modo</span> <span class='ocrx_word' id='word_1_668' title='bbox 2304 4636 2605 4697; x_wconf 79' lang='lat' dir='ltr'>Lutetiam,</span> <span class='ocrx_word' id='word_1_669' title='bbox 2641 4635 2811 4688; x_wconf 79' lang='lat' dir='ltr'>modo</span> <span class='ocrx_word' id='word_1_670' title='bbox 2843 4633 3258 4705; x_wconf 82' lang='lat' dir='ltr'>Oysonvillam,</span> <span class='ocrx_word' id='word_1_671' title='bbox 3300 4633 3472 4687; x_wconf 89' lang='lat' dir='ltr'>modo</span> <span class='ocrx_word' id='word_1_672' title='bbox 3504 4632 3730 4686; x_wconf 88' lang='lat' dir='ltr'>Nanne-</span> 
     </span>
    </p>
   </div>
   <div class='ocr_carea' id='block_1_95' title="bbox 341 4721 961 4777">
    <p class='ocr_par' dir='ltr' id='par_1_95' title="bbox 341 4721 961 4777">
     <span class='ocr_line' id='line_1_95' title="bbox 341 4721 961 4777; baseline 0.002 -1"><span class='ocrx_word' id='word_1_673' title='bbox 341 4738 406 4776; x_wconf 90' lang='lat' dir='ltr'>eo</span> <span class='ocrx_word' id='word_1_674' title='bbox 439 4721 702 4777; x_wconf 77' lang='lat' dir='ltr'>conﬁxus</span> <span class='ocrx_word' id='word_1_675' title='bbox 737 4722 961 4777; x_wconf 85' lang='lat' dir='ltr'>fuisset.</span> 
     </span>
    </p>
   </div>
   <div class='ocr_carea' id='block_1_96' title="bbox 413 4810 1981 4868">
    <p class='ocr_par' dir='ltr' id='par_1_96' title="bbox 413 4810 1981 4868">
     <span class='ocr_line' id='line_1_96' title="bbox 413 4810 1981 4868; baseline 0.001 -2"><span class='ocrx_word' id='word_1_676' title='bbox 413 4812 545 4866; x_wconf 82' lang='lat' dir='ltr'>Post</span> <span class='ocrx_word' id='word_1_677' title='bbox 576 4810 726 4866; x_wconf 89' lang='lat' dir='ltr'>hanc</span> <span class='ocrx_word' id='word_1_678' title='bbox 756 4813 989 4865; x_wconf 88' lang='lat' dir='ltr'>ruinam</span> <span class='ocrx_word' id='word_1_679' title='bbox 1022 4816 1075 4867; x_wconf 87' lang='lat' dir='ltr'>et</span> <span class='ocrx_word' id='word_1_680' title='bbox 1109 4812 1321 4867; x_wconf 80' lang='lat' dir='ltr'>caedem</span> <span class='ocrx_word' id='word_1_681' title='bbox 1355 4812 1718 4867; x_wconf 88' lang='lat' dir='ltr'>Nannetibus</span> <span class='ocrx_word' id='word_1_682' title='bbox 1752 4828 1981 4868; x_wconf 90' lang='lat' dir='ltr'>menses</span> 
     </span>
    </p>
   </div>
   <div class='ocr_carea' id='block_1_97' title="bbox 338 4900 1978 4973">
    <p class='ocr_par' dir='ltr' id='par_1_97' title="bbox 338 4900 1978 4973">
     <span class='ocr_line' id='line_1_97' title="bbox 338 4900 1978 4973; baseline 0.001 -18"><span class='ocrx_word' id='word_1_683' title='bbox 338 4900 556 4971; x_wconf 90' lang='lat' dir='ltr'>aliquot</span> <span class='ocrx_word' id='word_1_684' title='bbox 589 4906 1007 4971; x_wconf 87' lang='lat' dir='ltr'>commoratur,</span> <span class='ocrx_word' id='word_1_685' title='bbox 1041 4918 1153 4956; x_wconf 88' lang='lat' dir='ltr'>nou</span> <span class='ocrx_word' id='word_1_686' title='bbox 1190 4900 1389 4973; x_wconf 75' lang='lat' dir='ltr'>procul</span> <span class='ocrx_word' id='word_1_687' title='bbox 1426 4901 1582 4972; x_wconf 76' lang='lat' dir='ltr'>(quia</span> <span class='ocrx_word' id='word_1_688' title='bbox 1609 4901 1851 4973; x_wconf 88' lang='lat' dir='ltr'>propius</span> <span class='ocrx_word' id='word_1_689' title='bbox 1881 4919 1978 4956; x_wconf 90' lang='lat' dir='ltr'>ac-</span> 
     </span>
    </p>
   </div>
   <div class='ocr_carea' id='block_1_98' title="bbox 334 4990 1977 5061">
    <p class='ocr_par' dir='ltr' id='par_1_98' title="bbox 334 4990 1977 5061">
     <span class='ocr_line' id='line_1_98' title="bbox 334 4990 1977 5061; baseline 0.001 -18"><span class='ocrx_word' id='word_1_690' title='bbox 334 4990 534 5043; x_wconf 89' lang='lat' dir='ltr'>cedere</span> <span class='ocrx_word' id='word_1_691' title='bbox 567 5007 678 5044; x_wconf 91' lang='lat' dir='ltr'>non</span> <span class='ocrx_word' id='word_1_692' title='bbox 711 4990 943 5061; x_wconf 90' lang='lat' dir='ltr'>licebat)</span> <span class='ocrx_word' id='word_1_693' title='bbox 975 5007 1006 5044; x_wconf 88' lang='lat' dir='ltr'>a</span> <span class='ocrx_word' id='word_1_694' title='bbox 1038 4990 1297 5045; x_wconf 62' lang='lat' dir='ltr'>coenobio</span> <span class='ocrx_word' id='word_1_695' title='bbox 1347 5007 1476 5059; x_wconf 91' lang='lat' dir='ltr'>suo,</span> <span class='ocrx_word' id='word_1_696' title='bbox 1528 4990 1741 5045; x_wconf 90' lang='lat' dir='ltr'>similis</span> <span class='ocrx_word' id='word_1_697' title='bbox 1774 4991 1977 5045; x_wconf 87' lang='lat' dir='ltr'>avibus</span> 
     </span>
    </p>
   </div>
   <div class='ocr_carea' id='block_1_99' title="bbox 332 5077 1973 5146">
    <p class='ocr_par' dir='ltr' id='par_1_99' title="bbox 332 5077 1973 5146">
     <span class='ocr_line' id='line_1_99' title="bbox 332 5077 1973 5146; baseline 0.002 -14"><span class='ocrx_word' id='word_1_698' title='bbox 332 5077 450 5132; x_wconf 88' lang='lat' dir='ltr'>illis</span> <span class='ocrx_word' id='word_1_699' title='bbox 469 5094 591 5146; x_wconf 75' lang='lat' dir='ltr'>quas</span> <span class='ocrx_word' id='word_1_700' title='bbox 624 5078 778 5133; x_wconf 88' lang='lat' dir='ltr'>nidis</span> <span class='ocrx_word' id='word_1_701' title='bbox 810 5079 985 5133; x_wconf 89' lang='lat' dir='ltr'>etiam</span> <span class='ocrx_word' id='word_1_702' title='bbox 1020 5079 1076 5132; x_wconf 91' lang='lat' dir='ltr'>in</span> <span class='ocrx_word' id='word_1_703' title='bbox 1110 5084 1325 5133; x_wconf 87' lang='lat' dir='ltr'>terram</span> <span class='ocrx_word' id='word_1_704' title='bbox 1358 5079 1620 5133; x_wconf 79' lang='lat' dir='ltr'>excussis</span> <span class='ocrx_word' id='word_1_705' title='bbox 1654 5078 1973 5135; x_wconf 89' lang='lat' dir='ltr'>circumvo-</span> 
     </span>
    </p>
   </div>
   <div class='ocr_carea' id='block_1_100' title="bbox 332 5166 1970 5239">
    <p class='ocr_par' dir='ltr' id='par_1_100' title="bbox 332 5166 1970 5239">
     <span class='ocr_line' id='line_1_100' title="bbox 332 5166 1970 5239; baseline 0.001 -19"><span class='ocrx_word' id='word_1_706' title='bbox 332 5168 499 5221; x_wconf 89' lang='lat' dir='ltr'>litare</span> <span class='ocrx_word' id='word_1_707' title='bbox 532 5166 743 5234; x_wconf 82' lang='lat' dir='ltr'>solent,</span> <span class='ocrx_word' id='word_1_708' title='bbox 778 5184 880 5222; x_wconf 91' lang='lat' dir='ltr'>nec</span> <span class='ocrx_word' id='word_1_709' title='bbox 913 5167 1082 5239; x_wconf 90' lang='lat' dir='ltr'>longe</span> <span class='ocrx_word' id='word_1_710' title='bbox 1127 5169 1456 5222; x_wconf 88' lang='lat' dir='ltr'>abscedere.</span> <span class='ocrx_word' id='word_1_711' title='bbox 1505 5166 1660 5221; x_wconf 88' lang='lat' dir='ltr'>Nihil</span> <span class='ocrx_word' id='word_1_712' title='bbox 1712 5184 1970 5238; x_wconf 90' lang='lat' dir='ltr'>unquam</span> 
     </span>
    </p>
   </div>
   <div class='ocr_carea' id='block_1_101' title="bbox 331 5254 1975 5329">
    <p class='ocr_par' dir='ltr' id='par_1_101' title="bbox 331 5254 1975 5329">
     <span class='ocr_line' id='line_1_101' title="bbox 331 5254 1975 5329; baseline 0.001 -19"><span class='ocrx_word' id='word_1_713' title='bbox 331 5255 384 5310; x_wconf 89' lang='lat' dir='ltr'>ei</span> <span class='ocrx_word' id='word_1_714' title='bbox 418 5255 708 5310; x_wconf 88' lang='lat' dir='ltr'>funestius</span> <span class='ocrx_word' id='word_1_715' title='bbox 736 5272 801 5309; x_wconf 90' lang='lat' dir='ltr'>ac</span> <span class='ocrx_word' id='word_1_716' title='bbox 831 5256 1059 5310; x_wconf 88' lang='lat' dir='ltr'>tristius</span> <span class='ocrx_word' id='word_1_717' title='bbox 1108 5257 1446 5327; x_wconf 87' lang='lat' dir='ltr'>contigisse,</span> <span class='ocrx_word' id='word_1_718' title='bbox 1515 5254 1793 5328; x_wconf 92' lang='lat' dir='ltr'>nulloque</span> <span class='ocrx_word' id='word_1_719' title='bbox 1847 5273 1975 5329; x_wconf 90' lang='lat' dir='ltr'>gra-</span> 
     </span>
    </p>
   </div>
   <div class='ocr_carea' id='block_1_102' title="bbox 328 5343 1971 5415">
    <p class='ocr_par' dir='ltr' id='par_1_102' title="bbox 328 5343 1971 5415">
     <span class='ocr_line' id='line_1_102' title="bbox 328 5343 1971 5415; baseline 0.002 -17"><span class='ocrx_word' id='word_1_720' title='bbox 328 5344 472 5399; x_wconf 90' lang='lat' dir='ltr'>viori</span> <span class='ocrx_word' id='word_1_721' title='bbox 506 5360 643 5399; x_wconf 91' lang='lat' dir='ltr'>casu</span> <span class='ocrx_word' id='word_1_722' title='bbox 669 5349 726 5399; x_wconf 90' lang='lat' dir='ltr'>et</span> <span class='ocrx_word' id='word_1_723' title='bbox 756 5344 953 5399; x_wconf 90' lang='lat' dir='ltr'>dolore</span> <span class='ocrx_word' id='word_1_724' title='bbox 1001 5345 1058 5398; x_wconf 93' lang='lat' dir='ltr'>in</span> <span class='ocrx_word' id='word_1_725' title='bbox 1110 5344 1228 5398; x_wconf 89' lang='lat' dir='ltr'>vita</span> <span class='ocrx_word' id='word_1_726' title='bbox 1270 5343 1603 5415; x_wconf 90' lang='lat' dir='ltr'>perculsum</span> <span class='ocrx_word' id='word_1_727' title='bbox 1647 5346 1829 5400; x_wconf 87' lang='lat' dir='ltr'>fuisse</span> <span class='ocrx_word' id='word_1_728' title='bbox 1879 5362 1971 5401; x_wconf 90' lang='lat' dir='ltr'>me</span> 
     </span>
    </p>
   </div>
   <div class='ocr_carea' id='block_1_103' title="bbox 329 5432 1969 5504">
    <p class='ocr_par' dir='ltr' id='par_1_103' title="bbox 329 5432 1969 5504">
     <span class='ocr_line' id='line_1_103' title="bbox 329 5432 1969 5504; baseline 0.001 -17"><span class='ocrx_word' id='word_1_729' title='bbox 329 5434 470 5487; x_wconf 88' lang='lat' dir='ltr'>mini</span> <span class='ocrx_word' id='word_1_730' title='bbox 509 5451 520 5488; x_wconf 89' lang='lat'><strong>:</strong></span> <span class='ocrx_word' id='word_1_731' title='bbox 555 5450 892 5504; x_wconf 84' lang='lat' dir='ltr'>quanquam</span> <span class='ocrx_word' id='word_1_732' title='bbox 927 5432 1113 5488; x_wconf 79' lang='lat' dir='ltr'>multa</span> <span class='ocrx_word' id='word_1_733' title='bbox 1134 5432 1185 5487; x_wconf 91' lang='lat' dir='ltr'>ei</span> <span class='ocrx_word' id='word_1_734' title='bbox 1216 5433 1407 5488; x_wconf 90' lang='lat' dir='ltr'>tristia</span> <span class='ocrx_word' id='word_1_735' title='bbox 1424 5432 1769 5490; x_wconf 89' lang='lat' dir='ltr'>etluctuosa</span> <span class='ocrx_word' id='word_1_736' title='bbox 1794 5434 1969 5490; x_wconf 88' lang='lat' dir='ltr'>maxi-</span> 
     </span>
    </p>
   </div>
   <div class='ocr_carea' id='block_1_104' title="bbox 329 5521 1964 5581">
    <p class='ocr_par' dir='ltr' id='par_1_104' title="bbox 329 5521 1964 5581">
     <span class='ocr_line' id='line_1_104' title="bbox 329 5521 1964 5581; baseline 0.003 -5"><span class='ocrx_word' id='word_1_737' title='bbox 329 5538 422 5576; x_wconf 91' lang='lat' dir='ltr'>me</span> <span class='ocrx_word' id='word_1_738' title='bbox 453 5522 826 5577; x_wconf 79' lang='lat' dir='ltr'>saevientibus</span> <span class='ocrx_word' id='word_1_739' title='bbox 857 5522 1023 5577; x_wconf 89' lang='lat' dir='ltr'>bellis</span> <span class='ocrx_word' id='word_1_740' title='bbox 1081 5521 1357 5578; x_wconf 90' lang='lat' dir='ltr'>civilibus</span> <span class='ocrx_word' id='word_1_741' title='bbox 1417 5522 1753 5579; x_wconf 87' lang='lat' dir='ltr'>acciderint.</span> <span class='ocrx_word' id='word_1_742' title='bbox 1817 5524 1964 5581; x_wconf 90' lang='lat' dir='ltr'>Nam</span> 
     </span>
    </p>
   </div>
   <div class='ocr_carea' id='block_1_105' title="bbox 2091 4722 3728 4794">
    <p class='ocr_par' dir='ltr' id='par_1_105' title="bbox 2091 4722 3728 4794">
     <span class='ocr_line' id='line_1_105' title="bbox 2091 4722 3728 4794; baseline -0.006 -14"><span class='ocrx_word' id='word_1_743' title='bbox 2091 4730 2203 4794; x_wconf 86' lang='lat' dir='ltr'>tas,</span> <span class='ocrx_word' id='word_1_744' title='bbox 2244 4726 2418 4779; x_wconf 90' lang='lat' dir='ltr'>modo</span> <span class='ocrx_word' id='word_1_745' title='bbox 2460 4726 2531 4779; x_wconf 89' lang='lat' dir='ltr'>ad</span> <span class='ocrx_word' id='word_1_746' title='bbox 2585 4724 2943 4779; x_wconf 90' lang='lat' dir='ltr'>Turonicum</span> <span class='ocrx_word' id='word_1_747' title='bbox 3000 4722 3407 4779; x_wconf 88' lang='lat' dir='ltr'>Tossiniacum</span> <span class='ocrx_word' id='word_1_748' title='bbox 3466 4724 3728 4775; x_wconf 90' lang='lat' dir='ltr'>nostrum</span> 
     </span>
    </p>
   </div>
   <div class='ocr_carea' id='block_1_106' title="bbox 2091 4808 3730 4886">
    <p class='ocr_par' dir='ltr' id='par_1_106' title="bbox 2091 4808 3730 4886">
     <span class='ocr_line' id='line_1_106' title="bbox 2091 4808 3730 4886; baseline -0.005 -17"><span class='ocrx_word' id='word_1_749' title='bbox 2091 4814 2360 4886; x_wconf 82' lang='lat' dir='ltr'>perrexit,</span> <span class='ocrx_word' id='word_1_750' title='bbox 2393 4830 2497 4885; x_wconf 90' lang='lat' dir='ltr'>spe</span> <span class='ocrx_word' id='word_1_751' title='bbox 2528 4812 2772 4868; x_wconf 81' lang='lat' dir='ltr'>ulterius</span> <span class='ocrx_word' id='word_1_752' title='bbox 2809 4811 3235 4883; x_wconf 89' lang='lat' dir='ltr'>progrediendi,</span> <span class='ocrx_word' id='word_1_753' title='bbox 3286 4814 3341 4865; x_wconf 90' lang='lat' dir='ltr'>et</span> <span class='ocrx_word' id='word_1_754' title='bbox 3368 4808 3506 4863; x_wconf 90' lang='lat' dir='ltr'>illuc</span> <span class='ocrx_word' id='word_1_755' title='bbox 3540 4822 3730 4878; x_wconf 88' lang='lat' dir='ltr'>perve-</span> 
     </span>
    </p>
   </div>
   <div class='ocr_carea' id='block_1_107' title="bbox 2089 4896 3728 4967">
    <p class='ocr_par' dir='ltr' id='par_1_107' title="bbox 2089 4896 3728 4967">
     <span class='ocr_line' id='line_1_107' title="bbox 2089 4896 3728 4967; baseline -0.004 -9"><span class='ocrx_word' id='word_1_756' title='bbox 2089 4903 2308 4958; x_wconf 90' lang='lat' dir='ltr'>niendi.</span> <span class='ocrx_word' id='word_1_757' title='bbox 2343 4902 2454 4957; x_wconf 92' lang='lat' dir='ltr'>Sed</span> <span class='ocrx_word' id='word_1_758' title='bbox 2488 4902 2930 4957; x_wconf 89' lang='lat' dir='ltr'>renascentibus</span> <span class='ocrx_word' id='word_1_759' title='bbox 2970 4900 3237 4957; x_wconf 88' lang='lat' dir='ltr'>civilibus</span> <span class='ocrx_word' id='word_1_760' title='bbox 3285 4896 3474 4963; x_wconf 80' lang='lat' dir='ltr'>bellis,</span> <span class='ocrx_word' id='word_1_761' title='bbox 3507 4896 3594 4951; x_wconf 84' lang='lat' dir='ltr'>vel</span> <span class='ocrx_word' id='word_1_762' title='bbox 3627 4912 3728 4967; x_wconf 91' lang='lat' dir='ltr'>po-</span> 
     </span>
    </p>
   </div>
   <div class='ocr_carea' id='block_1_108' title="bbox 2086 4984 3726 5063">
    <p class='ocr_par' dir='ltr' id='par_1_108' title="bbox 2086 4984 3726 5063">
     <span class='ocr_line' id='line_1_108' title="bbox 2086 4984 3726 5063; baseline -0.004 -17"><span class='ocrx_word' id='word_1_763' title='bbox 2086 4991 2206 5047; x_wconf 90' lang='lat' dir='ltr'>tius</span> <span class='ocrx_word' id='word_1_764' title='bbox 2238 4991 2358 5046; x_wconf 92' lang='lat' dir='ltr'>illic</span> <span class='ocrx_word' id='word_1_765' title='bbox 2390 4991 2898 5063; x_wconf 84' lang='lat' dir='ltr'>perseverantibus</span> <span class='ocrx_word' id='word_1_766' title='bbox 2932 5008 2945 5045; x_wconf 93' lang='lat'>:</span> <span class='ocrx_word' id='word_1_767' title='bbox 2975 4988 3059 5043; x_wconf 92' lang='lat' dir='ltr'>vel</span> <span class='ocrx_word' id='word_1_768' title='bbox 3097 4984 3561 5057; x_wconf 88' lang='lat' dir='ltr'>morbis,quibus</span> <span class='ocrx_word' id='word_1_769' title='bbox 3592 5002 3726 5056; x_wconf 85' lang='lat' dir='ltr'>pro-</span> 
     </span>
    </p>
   </div>
   <div class='ocr_carea' id='block_1_109' title="bbox 2086 5074 3736 5151">
    <p class='ocr_par' dir='ltr' id='par_1_109' title="bbox 2086 5074 3736 5151">
     <span class='ocr_line' id='line_1_109' title="bbox 2086 5074 3736 5151; baseline -0.003 -17"><span class='ocrx_word' id='word_1_770' title='bbox 2086 5079 2460 5151; x_wconf 86' lang='lat' dir='ltr'>ﬂigabautur,</span> <span class='ocrx_word' id='word_1_771' title='bbox 2492 5079 2885 5145; x_wconf 89' lang='lat' dir='ltr'>obstantibus,</span> <span class='ocrx_word' id='word_1_772' title='bbox 2919 5095 2984 5134; x_wconf 92' lang='lat' dir='ltr'>ac</span> <span class='ocrx_word' id='word_1_773' title='bbox 3022 5076 3361 5132; x_wconf 79' lang='lat' dir='ltr'>reflantibus</span> <span class='ocrx_word' id='word_1_774' title='bbox 3402 5074 3736 5147; x_wconf 62' lang='lat' dir='ltr'>procellosa</span> 
     </span>
    </p>
   </div>
   <div class='ocr_carea' id='block_1_110' title="bbox 2086 5164 3738 5239">
    <p class='ocr_par' dir='ltr' id='par_1_110' title="bbox 2086 5164 3738 5239">
     <span class='ocr_line' id='line_1_110' title="bbox 2086 5164 3738 5239; baseline -0.002 -17"><span class='ocrx_word' id='word_1_775' title='bbox 2086 5174 2294 5225; x_wconf 72' lang='lat' dir='ltr'>nostrae</span> <span class='ocrx_word' id='word_1_776' title='bbox 2327 5166 2660 5239; x_wconf 70' lang='lat' dir='ltr'>reipublicae</span> <span class='ocrx_word' id='word_1_777' title='bbox 2691 5166 3054 5238; x_wconf 86' lang='lat' dir='ltr'>ventis,illuc</span> <span class='ocrx_word' id='word_1_778' title='bbox 3085 5181 3414 5236; x_wconf 91' lang='lat' dir='ltr'>numquam</span> <span class='ocrx_word' id='word_1_779' title='bbox 3446 5164 3738 5236; x_wconf 88' lang='lat' dir='ltr'>appellere</span> 
     </span>
    </p>
   </div>
   <div class='ocr_carea' id='block_1_111' title="bbox 2083 5254 3720 5329">
    <p class='ocr_par' dir='ltr' id='par_1_111' title="bbox 2083 5254 3720 5329">
     <span class='ocr_line' id='line_1_111' title="bbox 2083 5254 3720 5329; baseline -0.003 -16"><span class='ocrx_word' id='word_1_780' title='bbox 2083 5258 2274 5329; x_wconf 86' lang='lat' dir='ltr'>potuit</span> <span class='ocrx_word' id='word_1_781' title='bbox 2303 5262 2436 5312; x_wconf 92' lang='lat' dir='ltr'>ante</span> <span class='ocrx_word' id='word_1_782' title='bbox 2460 5262 2816 5327; x_wconf 86' lang='lat' dir='ltr'>postremam</span> <span class='ocrx_word' id='word_1_783' title='bbox 2840 5259 3125 5321; x_wconf 76' lang='lat' dir='ltr'>aestatem,</span> <span class='ocrx_word' id='word_1_784' title='bbox 3151 5254 3373 5326; x_wconf 89' lang='lat' dir='ltr'>aliquot</span> <span class='ocrx_word' id='word_1_785' title='bbox 3423 5260 3558 5309; x_wconf 91' lang='lat' dir='ltr'>ante</span> <span class='ocrx_word' id='word_1_786' title='bbox 3589 5269 3720 5309; x_wconf 90' lang='lat' dir='ltr'>men</span> 
     </span>
    </p>
   </div>
   <div class='ocr_carea' id='block_1_112' title="bbox 2082 5344 3365 5418">
    <p class='ocr_par' dir='ltr' id='par_1_112' title="bbox 2082 5344 3365 5418">
     <span class='ocr_line' id='line_1_112' title="bbox 2082 5344 3365 5418; baseline -0.002 -16"><span class='ocrx_word' id='word_1_787' title='bbox 2082 5346 2247 5402; x_wconf 89' lang='lat' dir='ltr'>sibus</span> <span class='ocrx_word' id='word_1_788' title='bbox 2279 5362 2457 5418; x_wconf 90' lang='lat' dir='ltr'>quam</span> <span class='ocrx_word' id='word_1_789' title='bbox 2490 5344 2780 5400; x_wconf 88' lang='lat' dir='ltr'>tributum</span> <span class='ocrx_word' id='word_1_790' title='bbox 2812 5349 3034 5400; x_wconf 63' lang='lat' dir='ltr'>natura</span> <span class='ocrx_word' id='word_1_791' title='bbox 3067 5345 3365 5415; x_wconf 89' lang='lat' dir='ltr'>penderet.</span> 
     </span>
    </p>
   </div>
   <div class='ocr_carea' id='block_1_113' title="bbox 2151 5432 3737 5503">
    <p class='ocr_par' dir='ltr' id='par_1_113' title="bbox 2151 5432 3737 5503">
     <span class='ocr_line' id='line_1_113' title="bbox 2151 5432 3737 5503; baseline -0.001 -14"><span class='ocrx_word' id='word_1_792' title='bbox 2151 5435 2376 5490; x_wconf 87' lang='lat' dir='ltr'>Interea</span> <span class='ocrx_word' id='word_1_793' title='bbox 2403 5451 2537 5491; x_wconf 89' lang='lat' dir='ltr'>vero</span> <span class='ocrx_word' id='word_1_794' title='bbox 2584 5433 3048 5489; x_wconf 91' lang='lat' dir='ltr'>valetudinarius</span> <span class='ocrx_word' id='word_1_795' title='bbox 3087 5432 3245 5503; x_wconf 90' lang='lat' dir='ltr'>licet,</span> <span class='ocrx_word' id='word_1_796' title='bbox 3304 5437 3362 5489; x_wconf 90' lang='lat' dir='ltr'>et</span> <span class='ocrx_word' id='word_1_797' title='bbox 3417 5432 3737 5489; x_wconf 87' lang='lat' dir='ltr'>miserrimi</span> 
     </span>
    </p>
   </div>
   <div class='ocr_carea' id='block_1_114' title="bbox 2080 5522 3722 5595">
    <p class='ocr_par' dir='ltr' id='par_1_114' title="bbox 2080 5522 3722 5595">
     <span class='ocr_line' id='line_1_114' title="bbox 2080 5522 3722 5595; baseline -0.001 -16"><span class='ocrx_word' id='word_1_798' title='bbox 2080 5525 2264 5581; x_wconf 89' lang='lat' dir='ltr'>nostri</span> <span class='ocrx_word' id='word_1_799' title='bbox 2292 5524 2488 5580; x_wconf 65' lang='lat' dir='ltr'>saeculi</span> <span class='ocrx_word' id='word_1_800' title='bbox 2516 5522 2792 5580; x_wconf 86' lang='lat' dir='ltr'>ﬂuctibus</span> <span class='ocrx_word' id='word_1_801' title='bbox 2821 5522 2937 5579; x_wconf 90' lang='lat' dir='ltr'>huc</span> <span class='ocrx_word' id='word_1_802' title='bbox 2964 5527 3021 5580; x_wconf 88' lang='lat' dir='ltr'>et</span> <span class='ocrx_word' id='word_1_803' title='bbox 3050 5522 3191 5580; x_wconf 88' lang='lat' dir='ltr'>illuc</span> <span class='ocrx_word' id='word_1_804' title='bbox 3239 5524 3521 5595; x_wconf 87' lang='lat' dir='ltr'>jactatus,</span> <span class='ocrx_word' id='word_1_805' title='bbox 3581 5538 3722 5577; x_wconf 88' lang='lat' dir='ltr'>nus-</span> 
     </span>
    </p>
   </div>
   <div class='ocr_carea' id='block_1_115' title="bbox 394 5738 1989 5813">
    <p class='ocr_par' dir='ltr' id='par_1_115' title="bbox 394 5738 1961 5813">
     <span class='ocr_line' id='line_1_115' title="bbox 394 5738 1961 5813; baseline 0.003 -20"><span class='ocrx_word' id='word_1_806' title='bbox 394 5739 440 5773; x_wconf 71' lang='grc'>⁸⁴</span> <span class='ocrx_word' id='word_1_807' title='bbox 472 5738 685 5794; x_wconf 85' lang='lat' dir='ltr'>Habao.</span> <span class='ocrx_word' id='word_1_808' title='bbox 722 5756 762 5808; x_wconf 85' lang='grc' dir='ltr'>ι,</span> <span class='ocrx_word' id='word_1_809' title='bbox 796 5739 881 5793; x_wconf 82' lang='grc'>16.</span> <span class='ocrx_word' id='word_1_810' title='bbox 959 5739 1003 5773; x_wconf 78' lang='grc'>⁸⁸</span> <span class='ocrx_word' id='word_1_811' title='bbox 1034 5739 1186 5796; x_wconf 88' lang='lat' dir='ltr'>Psal.</span> <span class='ocrx_word' id='word_1_812' title='bbox 1208 5742 1568 5808; x_wconf 76' lang='lat' dir='ltr'>Lxxvui,i-2.</span> <span class='ocrx_word' id='word_1_813' title='bbox 1648 5742 1692 5778; x_wconf 74' lang='grc'>1⁵</span> <span class='ocrx_word' id='word_1_814' title='bbox 1719 5741 1790 5797; x_wconf 80' lang='grc' dir='ltr'>ΙΙΙ</span> <span class='ocrx_word' id='word_1_815' title='bbox 1822 5742 1961 5813; x_wconf 83' lang='lat' dir='ltr'>Reg.</span> 
     </span>
    </p>
   </div>
   <div class='ocr_carea' id='block_1_116' title="bbox 2103 5738 2879 5813">
    <p class='ocr_par' dir='ltr' id='par_1_116' title="bbox 2103 5740 2879 5813">
     <span class='ocr_line' id='line_1_116' title="bbox 2103 5740 2879 5813; baseline -0.001 -15"><span class='ocrx_word' id='word_1_816' title='bbox 2103 5783 2117 5810; x_wconf 91' lang='lat'>,</span> <span class='ocrx_word' id='word_1_817' title='bbox 2150 5741 2237 5798; x_wconf 79' lang='grc'>40.</span> <span class='ocrx_word' id='word_1_818' title='bbox 2313 5742 2357 5777; x_wconf 74' lang='grc'>⁸⁷</span> <span class='ocrx_word' id='word_1_819' title='bbox 2390 5741 2412 5797; x_wconf 89' lang='grc' dir='ltr'><strong>Ι</strong></span> <span class='ocrx_word' id='word_1_820' title='bbox 2443 5741 2584 5813; x_wconf 87' lang='lat' dir='ltr'>Reg.</span> <span class='ocrx_word' id='word_1_821' title='bbox 2614 5756 2759 5809; x_wconf 86' lang='lat' dir='ltr'><strong>xxn,</strong></span> <span class='ocrx_word' id='word_1_822' title='bbox 2787 5740 2879 5797; x_wconf 84' lang='lat'>22.</span> 
     </span>
    </p>
   </div>
  </div>
