4152 6286
308 510 427 572 381

1562 510 1914 573 ELOGIUM
1958 510 2227 573 JACOBI
2269 509 2524 571 BlLLll.

3608 508 3726 569 382

308 660 487 717 quam
536 642 649 699 fuit
693 642 918 699 otiosus
970 642 1179 715 (otium
1209 642 1367 698 enim
1420 648 1479 697 et
1501 642 1789 699 desidiam
1835 648 1966 698 tan-
1996 644 2048 711 Α
2082 644 2434 698 monachum
2467 642 2714 699 tolerare
2764 644 3047 714 poterant.
3100 641 3184 697 Ab
3235 640 3573 713 episcopatu
3604 641 3720 695 fre-

313 749 489 805 quam
523 732 734 787 lethale
758 732 1054 803 quoddam
1085 731 1687 803 venenum,ipsosque
1716 732 1969 799 desides,

310 827 377 877 ut
409 820 742 891 reipublicae
794 819 1033 874 inutiles
1075 836 1140 875 ac
1191 820 1545 890 perniciosos
1598 836 1971 892 summopere

309 911 529 978 oderat)
561 928 573 974 ;
608 910 749 980 quin
785 909 973 981 plura,
1007 914 1064 963 et
1092 909 1370 973 doctiora,
1407 909 1758 980 utilioraque
1788 910 1971 966 edidit

311 1015 507 1071 opera,
541 1014 717 1068 quam
776 997 937 1053 ullus
968 1015 1087 1051 suis
1139 998 1388 1052 fortasse
1435 998 1622 1053 aetatis
1676 997 1825 1053 alius
1860 1016 1873 1054 :
1908 1004 1972 1054 ut

313 1104 449 1143 cum
480 1086 657 1142 Paulo
705 1086 895 1142 dicere
928 1086 1186 1158 potuerit
1217 1102 1232 1140 :
1274 1088 1416 1141 Tunc
1442 1091 1628 1157 potens
1674 1103 1815 1156 sum,
1846 1102 1969 1142 cum

312 1176 618 1245 inﬁrmor:
658 1176 833 1229 virtus
879 1176 1029 1229 enim
1082 1177 1143 1229 in
1192 1174 1520 1244 inﬁrmitate
1572 1176 1855 1245 perﬁcitur
1900 1176 1966 1230 ⁸⁸.

317 1264 480 1319 Nihil
529 1264 679 1318 enim
727 1264 778 1319 ei
826 1264 1147 1333 excidebat,
1194 1280 1266 1318 ne
1318 1271 1677 1318 momentum
1731 1265 1964 1335 quidem

318 1352 623 1422 temporis,
654 1368 755 1407 nec
808 1352 960 1406 diem
1006 1352 1187 1406 ullam
1222 1352 1334 1406 labi
1369 1352 1598 1407 sinebat
1626 1353 1751 1407 sine
1793 1352 1964 1418 linea,

317 1441 436 1495 imo
468 1456 571 1495 nec
602 1441 729 1496 sine
782 1446 1015 1495 exarata
1046 1441 1256 1496 saltem
1304 1443 1517 1513 pagina
1570 1441 1784 1513 aliqua.
1818 1442 1964 1497 Nam

317 1530 521 1583 morbo
570 1531 746 1584 etiam
801 1528 1074 1585 laborans
1119 1532 1208 1601 (ut
1252 1530 1652 1602 frequentibus
1698 1535 1823 1586 erat
1864 1531 1958 1586 ob-

315 1616 546 1686 noxius,
578 1618 831 1673 maxime
864 1618 1183 1688 articulari,
1216 1624 1272 1674 et
1303 1619 1683 1687 fluxionibus)
1712 1618 1965 1675 relaxato

310 1705 401 1761 vel
435 1706 773 1762 intermisso
824 1706 1019 1763 dolore
1067 1723 1271 1763 versus
1302 1706 1533 1780 aliquos
1577 1708 1665 1764 vel
1716 1709 1963 1779 Graecos,

309 1793 401 1849 vel
436 1796 688 1859 Latinos,
720 1795 807 1850 vel
838 1797 1013 1850 etiam
1044 1795 1317 1865 Gallicos,
1344 1803 1445 1852 aut
1473 1796 1627 1851 aliud
1660 1797 1964 1868 quidpiam

312 1898 544 1955 semper
573 1884 876 1939 condebat.
910 1884 1134 1939 Etenim
1189 1885 1393 1940 silvam
1421 1886 1595 1940 etiam
1648 1885 1964 1957 quamdam

312 1971 425 2026 sibi
454 1978 757 2043 paraverat
777 1974 1199 2028 sententiarum
1230 1978 1288 2028 et
1318 1979 1961 2044 argumentorum,quze

312 2062 370 2115 in
403 2060 680 2126 lecto,ubi
717 2078 830 2116 non
864 2061 1075 2117 licebat
1106 2063 1321 2118 multos
1349 2064 1532 2117 libros
1564 2063 1807 2127 volvere,
1838 2079 1959 2119 ver-

313 2155 471 2205 saret
494 2149 786 2215 animo,et
806 2151 1150 2206 amanuensi
1173 2152 1435 2207 dictaret.
1452 2152 1599 2216 Quin
1625 2152 1801 2207 etiam
1825 2169 1959 2206 cum

312 2239 628 2310 aliquando
660 2241 971 2311 equitaret,
1001 2257 1033 2295 a
1064 2241 1343 2296 comitatu
1382 2258 1532 2313 saepe
1562 2241 1866 2297 secedebat
1896 2243 1962 2296 ut

314 2328 675 2383 meditationi
708 2334 957 2393 vacaret,
1013 2333 1067 2384 et
1095 2346 1163 2384 ea
1209 2347 1334 2401 qua:
1362 2330 1420 2384 in
1454 2330 1650 2385 animo
1686 2329 1957 2397 habebat,

313 2417 468 2487 apud
490 2434 551 2472 se
581 2419 1108 2489 agitaret,quorum
1132 2419 1322 2490 capita
1347 2418 1734 2491 pugillaribus
1758 2419 1963 2475 inscri-

311 2505 445 2561 bere
477 2506 720 2574 solebat,
754 2507 930 2577 idque
960 2507 1171 2579 raptim
1206 2512 1263 2563 et
1295 2508 1518 2563 furtim.

384 2599 427 2647 Α
460 2612 551 2650 me
575 2611 830 2667 namque
848 2596 1221 2667 potissimum
1250 2614 1377 2653 sese
1401 2598 1782 2664 subducebat,
1805 2596 1957 2669 quod

310 2685 359 2739 ei
412 2686 626 2757 sepius
677 2687 1014 2757 objicerem,
1063 2704 1129 2743 ac
1185 2688 1344 2743 velut
1397 2687 1615 2743 bellum
1664 2688 1959 2760 inferrem,

317 2776 469 2845 quod
502 2791 564 2831 se
596 2791 708 2830 non
744 2776 1077 2847 respiceret,
1100 2781 1157 2832 et
1188 2778 1449 2832 animum
1485 2777 1812 2833 litterarum
1846 2784 1961 2834 stu-

312 2863 425 2917 diis
458 2864 617 2918 velut
646 2881 849 2919 arcum
880 2880 1113 2936 semper
1143 2866 1441 2920 intensum
1474 2882 1779 2937 nunquam
1812 2865 1961 2922 rela-

310 2953 620 3007 xaret.Non
646 2954 798 3007 enim
832 2954 903 3009 ob
927 2953 1084 3008 aliud
1118 2955 1269 3009 inter
1300 2971 1407 3009 nos
1438 2955 1707 3010 obortum
1734 2960 1823 3011 est
1849 2956 1963 3010 dis-

320 3040 560 3106 sidium,
593 3046 649 3094 et
677 3044 826 3111 quod
856 3043 1039 3098 nimia
1068 3043 1264 3098 inedia
1291 3049 1348 3098 et
1378 3043 1768 3098 crebrioribus
1801 3045 1961 3115 jeju-

323 3127 439 3180 niis
468 3128 719 3194 (nullum
766 3130 941 3198 enim,
976 3137 1185 3202 praeter
1234 3132 1347 3187 alia
1377 3139 1720 3203 spontanee,
1754 3149 1822 3187 ex
1870 3132 1959 3188 his

316 3232 445 3287 quas
474 3216 683 3271 indixit
713 3218 980 3287 Ecclesia,
1016 3220 1437 3276 intermittebat
1476 3222 1799 3289 (tabescens
1831 3239 1959 3277 cor—

314 3321 448 3376 pus,
482 3311 655 3361 tenue
686 3322 751 3361 ac
783 3309 1183 3377 macilentum,
1219 3316 1392 3381 atque
1435 3308 1672 3381 σκελετῷ
1706 3327 1850 3382 pene
1882 3312 1958 3366 si-

313 3394 451 3448 mile
482 3395 807 3451 conﬁceret.
843 3402 905 3451 In
952 3414 1091 3453 vase
1117 3399 1269 3454 enim
1323 3399 1483 3453 ﬁctili
1535 3405 1591 3454 et
1637 3400 1954 3455 admodum

310 3482 504 3553 fragili
546 3498 797 3555 magnus
847 3492 969 3540 erat
1018 3487 1310 3556 repositus
1356 3488 1691 3555 thesaurus,
1724 3498 1959 3560 eratque

310 3573 437 3641 ejus
464 3572 701 3628 animus
732 3574 889 3629 velut
922 3575 1212 3645 pretiosus
1264 3575 1499 3647 lapillus
1531 3577 1747 3631 annulo
1778 3578 1959 3634 vitreo

306 3661 595 3731 inclusus,
645 3678 710 3716 ac
741 3663 852 3718 sub
884 3663 1107 3719 villosis
1140 3666 1288 3719 Esau
1338 3666 1753 3735 integumentis
1787 3684 1957 3723 verus

304 3748 582 3805 latitabat
608 3750 808 3805 Jacob.
846 3752 1150 3807 Enimvero
1186 3759 1248 3807 ut
1282 3754 1441 3825 pacis
1469 3760 1591 3809 erat
1623 3755 1956 3811 amantissi-

301 3843 521 3901 mus.et
550 3839 677 3909 ipsa
695 3839 1019 3895 litterarum
1043 3842 1239 3896 studia
1258 3843 1375 3896 otia
1406 3849 1460 3897 et
1484 3860 1783 3898 secessum
1809 3861 1954 3915 quas-

297 3930 455 3987 runt,
489 3943 841 3999 magnopere
877 3929 1148 4000 cupiebat
1182 3930 1369 3984 locum
1397 3932 1651 4002 aliquem
1688 3932 1951 4003 quietum

295 4019 353 4067 et
384 4015 769 4086 tranquillum
823 4017 1105 4081 nancisci,
1138 4017 1193 4072 in
1229 4036 1341 4089 quo
1390 4019 1802 4075 bibliothecam
1837 4027 1952 4075 sta-

297 4107 486 4157 tueret
514 4109 570 4158 et
600 4104 939 4172 instrueret,
959 4111 1014 4161 et
1047 4107 1470 4163 mansuetiores
1494 4109 1952 4165 musasliberius

299 4190 752 4262 amplexaretur,
790 4198 1119 4265 t'overetque
1150 4196 1356 4251 tutius.

369 4280 529 4342 Quod
565 4281 829 4352 plerique
859 4281 1249 4355 intelligentes
1282 4291 1338 4339 et
1368 4301 1471 4356 spe
1502 4289 1762 4355 quaestus
1790 4291 1951 4355 (nam

299 4368 371 4420 de
403 4384 595 4423 annuo
627 4386 734 4425 suo
760 4370 945 4425 reditu
983 4372 1230 4427 multum
1256 4372 1353 4428 ille
1385 4375 1677 4429 remittere
1698 4375 1949 4447 volebat)

299 4453 493 4509 allecti
526 4459 595 4511 ad
630 4476 762 4513 eum
800 4460 1203 4531 adventarunt,
1237 4468 1293 4516 et
1323 4463 1527 4517 crebro
1558 4479 1690 4516 cum
1724 4479 1789 4519 eo
1823 4482 1947 4519 ser-

299 4559 535 4598 monem
569 4546 947 4603 instituerunt
976 4551 1046 4604 de
1098 4550 1502 4621 permutandis
1535 4549 1653 4605 illis
1685 4553 1809 4607 suis
1842 4554 1947 4607 ab-

296 4631 496 4687 batiis.
532 4634 640 4688 Sed
692 4636 828 4705 quia
858 4638 975 4705 alii,
1008 4638 1097 4694 vel
1129 4640 1385 4710 suspecti
1435 4647 1602 4695 erant
1632 4641 1943 4713 haereseos,

290 4719 379 4774 vel
412 4737 578 4775 arma
601 4724 1038 4798 proﬁtebantur,
1060 4726 1146 4782 vel
1180 4744 1295 4782 non
1319 4730 1593 4783 carebant
1615 4729 1946 4801 suspicione

290 4810 567 4865 Simonias
601 4812 797 4883 (quam
828 4816 985 4870 velut
1030 4817 1319 4871 malorum
1350 4821 1685 4872 nostrorum
1720 4815 1942 4874 lernam

292 4899 586 4970 imprimis
637 4903 1058 4976 detestabatur)
1091 4905 1300 4961 maluit
1348 4922 1481 4960 cum
1532 4905 1792 4977 periculo
1825 4924 1944 4962 sua

288 4988 660 5057 valetudinis,
694 4997 750 5047 et
779 4994 1108 5048 studiorum
1142 5011 1385 5050 suorum
1404 4994 1713 5065 dispendio
1743 4996 1859 5050 huc
1889 5001 1945 5051 et

292 5075 427 5132 illuc
460 5085 739 5150 perpetuo
791 5082 947 5151 ferri,
980 5100 1152 5154 quam
1187 5083 1411 5139 nomini
1466 5100 1573 5139 suo
1622 5084 1709 5138 vel
1764 5085 1942 5139 mini-

288 5184 443 5221 mam
481 5169 771 5224 maculam
824 5170 1075 5238 inurere,
1108 5177 1163 5227 et
1194 5189 1369 5244 quam
1412 5174 1822 5229 conscientiam
1858 5173 1939 5246 (in

286 5272 402 5326 qua
437 5273 582 5326 pura
613 5261 901 5314 servanda
930 5265 1053 5315 erat
1077 5260 1599 5333 vigilantissimus)
1630 5262 1714 5317 vel
1745 5262 1941 5317 tantil-

282 5343 407 5398 lum
442 5345 825 5414 laedereuuin
858 5354 915 5403 et
936 5366 1085 5420 saepe
1108 5349 1190 5405 illi
1225 5352 1333 5405 fuit
1354 5351 1589 5406 animus
1614 5350 1940 5422 relinquen-

280 5434 366 5487 da
398 5433 639 5490 alterius
671 5452 790 5491 suae
822 5438 1089 5505 abhatiae,
1122 5441 1277 5508 quod
1310 5429 1360 5494 ei
1395 5440 1654 5511 bigamia
1692 5439 1791 5494 illa
1824 5456 1935 5495 non

277 5522 533 5594 placeret
566 5541 577 5578 :
614 5526 712 5580 sed
749 5526 802 5579 id
847 5528 1153 5583 commode
1183 5530 1306 5583 fieri
1345 5545 1456 5584 non
1490 5528 1680 5599 potuit
1726 5529 1797 5583 ob
1829 5529 1934 5583 ad-

271 5627 442 5667 versa
470 5618 738 5685 tempora
769 5620 825 5670 et
853 5616 980 5673 loca
1010 5633 1137 5688 qua:
1170 5617 1401 5673 nullum
1432 5618 1514 5674 ibi
1543 5617 1815 5674 abbatem
1848 5617 1934 5675 vel

334 5829 379 5864 ⁸⁸
408 5830 458 5885 ΙΙ
486 5835 614 5887 Cor.
647 5848 751 5900 xu,
783 5832 874 5899 40,
899 5834 952 5888 9.
1031 5834 1077 5868 ⁸⁸
1104 5837 1129 5888 Ι
1159 5835 1285 5892 Cor.
1318 5849 1447 5903 vm,
1483 5839 1535 5890 1.

2080 738 2324 802 quenter
2353 732 2462 787 sibi
2497 732 2691 787 oblato
2722 737 3002 802 tanquam
3038 748 3071 784 a
3100 730 3253 786 letali
3297 730 3535 801 scopulo
3569 747 3719 784 sem-

2079 837 2182 892 per
2240 822 2513 893 profugit,
2561 838 2623 876 se
2674 826 2830 875 tanto
2880 837 3121 875 munere
3168 819 3477 891 indignum
3536 824 3719 889 ratus,

2080 910 2285 965 multis
2309 910 2490 966 fretus
2511 914 2849 965 sanctorum
2877 914 2933 963 et
2953 908 3429 963 doctissimorum
3455 908 3724 977 antiquo-

2078 1015 2212 1053 rum
2246 998 2480 1054 Patrum
2503 997 2805 1069 exemplis,
2824 1001 2881 1053 et
2908 1013 3121 1069 magno
3141 996 3348 1051 animas
3380 997 3724 1051 imminente
3804 1026 3805 1029 η

2078 1086 2334 1159 periculo
2366 1087 2697 1143 deterritus.
2733 1088 2941 1141 Animo
2973 1090 3165 1140 autem
3200 1101 3350 1155 saepe
3381 1087 3721 1157 angebatur,

2081 1176 2416 1248 ferebatque
2467 1174 2877 1248 indignissime
2925 1174 3074 1244 quod
3125 1174 3405 1246 episcopi,
3457 1174 3717 1244 abbates,

2078 1281 2262 1337 reges,
2293 1282 2357 1321 ac
2390 1265 2694 1337 pontiﬁces
2728 1263 3049 1320 sacerdotia
3096 1270 3215 1320 tam
3252 1262 3400 1318 male
3442 1261 3717 1331 locarent,

2076 1359 2133 1408 et
2161 1353 2371 1409 Christi
2406 1370 2541 1410 oves
2559 1358 2718 1407 tanto
2740 1352 2922 1424 pretio
2940 1352 3269 1422 redemptae
3301 1351 3457 1423 lupis
3476 1367 3627 1422 sape
3654 1368 3719 1407 ac

2077 1441 2344 1498 leonibus
2375 1442 2547 1514 (addo
2567 1441 3163 1513 etiam)etlenonibus
3195 1441 3643 1495 committerent.

2147 1531 2228 1586 Ex
2259 1533 2429 1601 cuius
2448 1530 2657 1585 Christi
2685 1529 2885 1585 schola
2910 1535 2971 1583 ut
2992 1531 3184 1584 omnis
3201 1529 3429 1601 generis
3452 1528 3717 1601 virtutes,

2076 1621 2328 1675 maxime
2358 1637 2489 1675 vero
2522 1621 2710 1692 ipsius
2742 1618 3033 1690 propriam
3086 1619 3491 1689 perdidicerat,
3524 1622 3714 1674 tanto-

2077 1726 2188 1781 que
2219 1710 2512 1781 cupidius,
2540 1714 2760 1781 quanto
2790 1710 2979 1781 magis
3009 1708 3208 1763 oderat
3237 1707 3441 1762 vitium
3474 1706 3553 1761 illi
3589 1725 3720 1763 con-

2074 1798 2342 1865 trarium,
2377 1797 2531 1869 quod
2581 1796 2819 1869 angelos
2869 1796 3029 1868 ipsos
3060 1797 3130 1851 de
3179 1795 3321 1850 coelo
3366 1795 3714 1850 deturbavit.

2074 1889 2215 1941 Cum
2250 1885 2577 1942 humilibus
2608 1887 2847 1958 repebat
2887 1886 3219 1955 humi,cum
3241 1883 3508 1955 superbis
3527 1883 3715 1959 etcla-

2074 1976 2151 2031 tis
2185 1974 2336 2031 male
2366 1975 2707 2031 cohaerebat.
2742 1976 2980 2031 Generis
3030 1974 3121 2029 sui
3153 1972 3541 2038 nobilitatem,
3586 1990 3714 2046 quas

2070 2064 2399 2120 clarissima
2419 2070 2862 2134 erat,nusquam
2895 2063 3206 2119 ostentavit
3227 2064 3403 2135 (quod
3428 2065 3559 2118 vani
3581 2081 3713 2135 pas-

2069 2154 2180 2208 sim
2213 2152 2492 2221 solent,et
2520 2170 2587 2208 ea
2613 2152 3282 2224 intumescere),nullam
3311 2169 3506 2207 veram
3537 2152 3712 2209 aliam

2070 2242 2410 2298 existimans
2428 2258 2605 2313 quam
2630 2258 2759 2314 quas
2789 2242 3000 2296 virtute
3030 2246 3332 2312 pararetur
3353 2247 3454 2295 aut
3484 2240 3714 2297 fulcire-

2068 2336 2182 2385 tur.
2218 2330 2551 2385 Doctrinam
2576 2329 2791 2400 pariter
2821 2344 2989 2384 suam
3022 2333 3078 2382 et
3101 2326 3484 2399 multiplicem
3516 2343 3711 2383 rerum

2071 2436 2136 2475 ac
2167 2420 2501 2492 linguarum
2533 2417 2947 2490 cognitionem,
2980 2430 3107 2487 quae
3140 2414 3342 2470 multis
3372 2416 3580 2472 cristas
3610 2416 3716 2472 eri-

2070 2525 2224 2582 gere,
2256 2514 2313 2565 et
2341 2506 2719 2580 supercilium
2768 2504 3009 2561 attolere
3057 2505 3376 2573 consuevit,
3411 2521 3711 2576 nunquam

2071 2597 2293 2668 extulit,
2327 2598 2468 2669 quin
2519 2611 2647 2651 eam
2693 2596 2983 2668 depressit
3029 2593 3243 2667 potius.
3296 2593 3432 2649 Erat
3476 2595 3631 2649 enim
3662 2594 3715 2650 ei

2070 2687 2225 2743 velut
2253 2686 2455 2742 innata
2484 2685 2585 2740 illa
2615 2685 2890 2750 charitas,
2924 2701 3053 2756 quae
3085 2702 3199 2739 non
3226 2683 3408 2751 inﬂat,
3446 2683 3545 2739 sed
3574 2684 3711 2739 aedi—

2071 2777 2206 2832 ficat
2234 2775 2298 2842 3°,
2321 2780 2386 2831 ut
2415 2792 2482 2830 ex
2511 2775 2638 2845 ejus
2670 2773 2925 2845 scriptis,
2947 2772 3091 2827 nihil
3124 2777 3274 2827 certe
3305 2770 3460 2827 aliud
3493 2770 3712 2845 spiran-

2069 2866 2248 2923 tibus.
2281 2864 2467 2936 liquet
2499 2880 2511 2917 :
2549 2864 2701 2918 sicut
2718 2867 2777 2917 et
2807 2879 2875 2917 ex
2906 2862 3092 2932 ipsius
3117 2860 3473 2932 quotidianis
3501 2878 3714 2917 sermo—

2070 2953 2245 3008 nibus
2290 2956 2347 3007 et
2376 2951 2689 3023 colloquiis
2721 2950 2905 3005 cuivis
2934 2950 3107 3005 etiam
3153 2956 3358 3004 notum
3392 2966 3457 3004 ac
3487 2951 3713 3021 perspi-

2069 3055 2245 3096 cuum
2279 3045 2422 3095 erat.
2447 3042 2511 3095 ln
2544 3038 2758 3112 quibus
2790 3038 3339 3109 familiaris,comis,
3373 3055 3438 3093 ac
3468 3038 3710 3105 facetus,

2069 3131 2269 3185 creber
2315 3130 2643 3195 sententiis,
2676 3132 2734 3183 et
2783 3128 2991 3200 pietate
3022 3132 3077 3182 et
3125 3126 3451 3183 eruditione
3483 3144 3715 3199 semper

2069 3219 2318 3290 insignis
2353 3218 2481 3273 fuit.

2144 3310 2219 3363 De
2266 3306 2567 3379 republica
2612 3306 2941 3362 Christiana
2987 3310 3045 3361 et
3091 3304 3315 3361 Gallica
3361 3304 3449 3360 vir
3494 3305 3712 3377 publici

1988 3384 2030 3450 C
2070 3397 2361 3453 amantior
2389 3412 2564 3468 quam
2595 3396 2708 3467 sui,
2743 3397 3076 3468 frequenter
3111 3401 3169 3450 et
3198 3412 3266 3451 ex
3297 3392 3492 3451 animo
3541 3395 3716 3451 verba

2068 3487 2334 3557 faciebat,
2361 3489 2529 3557 juxta
2574 3485 2879 3557 vulgatum
2910 3483 3303 3556 proverbium,
3340 3484 3437 3538 ubi
3476 3483 3711 3551 vulnus,

2067 3577 2146 3631 ibi
2181 3592 2390 3631 manus
2424 3593 2435 3631 :
2472 3575 2571 3631 ubi
2604 3575 2796 3648 plaga,
2821 3574 2897 3628 ibi
2932 3576 3151 3645 lingua.
3178 3572 3526 3644 Deplorabat
3555 3572 3710 3628 enim

2068 3665 2327 3736 quotidie
2359 3664 2757 3720 miserrimum
2792 3664 2918 3734 ejus
2951 3662 3296 3718 hodiernum
3329 3667 3569 3725 statum,
3609 3679 3711 3717 nec

2068 3752 2223 3810 aliud
2259 3754 2616 3826 sperandum
2651 3752 2898 3817 dicebat,
2920 3768 3097 3823 quam
3123 3753 3353 3806 brevem
3387 3753 3706 3821 quamdam

2064 3845 2253 3915 ipsius
2300 3844 2678 3909 eversionem,
2708 3858 2773 3896 ac
2823 3857 2949 3895 eam
2983 3856 3128 3911 pene
3176 3840 3352 3911 (quod
3400 3840 3555 3895 Deus
3586 3845 3703 3910 opt.

2064 3950 2213 3988 max.
2251 3934 2491 4003 avertat)
2522 3948 2644 4003 quas
2676 3932 2785 3985 sub
2820 3929 3178 3984 Phaethonte
3226 3928 3457 3995 accidit,
3491 3930 3703 3983 conﬂa-

2063 4022 2409 4092 grationem.
2458 4020 2645 4075 Tanta
2689 4025 2881 4074 autem
2932 4023 3053 4072 erat
3105 4017 3436 4088 prudentia,
3468 4021 3707 4088 tamque

2062 4110 2177 4165 acri
2213 4115 2269 4165 et
2298 4110 2614 4180 perspicaci
2639 4108 2871 4180 ingenio
2901 4111 2957 4162 et
2977 4106 3304 4177 judicio,ut
3326 4122 3391 4161 ex
3415 4112 3706 4177 antegres-

2062 4200 2143 4254 sis
2181 4198 2376 4253 l'utura
2406 4199 2580 4253 etiam
2618 4200 2990 4266 conjectaret,
3012 4213 3076 4250 ac
3108 4211 3258 4267 saepe
3291 4194 3707 4260 divinaret,ea-

2061 4305 2172 4360 que
2205 4287 2365 4342 velut
2410 4304 2477 4343 ex
2506 4288 2623 4342 alta
2675 4286 2928 4357 quadam
2961 4285 3199 4357 specula
3248 4284 3599 4355 praevideret.
3635 4284 3706 4340 Ut

2059 4376 2412 4443 litterarum,
2447 4377 2531 4431 ita
2559 4380 2613 4431 et
2646 4375 3033 4430 litteratorum
3068 4377 3191 4429 erat
3221 4372 3663 4429 amantissimus
3691 4400 3703 4442 ;

2058 4466 2156 4521 sed
2190 4482 2388 4520 eorum
2415 4465 2736 4536 praesertim
2761 4463 2859 4534 qui
2883 4461 3305 4534 rempublicam
3332 4461 3701 4533 litterariam,

2057 4560 2115 4608 et
2145 4554 2243 4609 Dei
2275 4553 2588 4609 Ecclesium
2612 4555 2900 4625 juvarent.
2936 4551 3077 4607 Nam
3110 4551 3438 4622 eorum,qui
3471 4551 3521 4605 ei
3553 4551 3705 4606 infe-

2057 4644 2129 4698 sti
2162 4649 2348 4713 erant,
2381 4641 2743 4697 consortium
2776 4639 3086 4712 diligenter
3133 4641 3373 4703 vitabat,
3407 4645 3463 4695 et
3505 4642 3575 4695 ab
3608 4658 3702 4695 eo-

2055 4748 2185 4787 rum
2217 4731 2383 4787 libris
2407 4730 2980 4787 abstinebat.0derat
3002 4727 3087 4785 vir
3112 4729 3479 4785 castissimus
3504 4733 3704 4799 poetas

2056 4825 2113 4876 et
2143 4821 2455 4891 scriptores
2505 4835 2746 4891 spurcos
2789 4828 2845 4874 et
2892 4821 3197 4884 obscenos,
3232 4833 3449 4889 eosque
3503 4834 3706 4873 omnes

2056 4910 2153 4980 qui
2188 4909 2286 4965 Dei
2320 4908 2557 4963 talentis
2588 4906 2990 4975 abuterentur,
3023 4911 3080 4961 et
3110 4922 3177 4960 ea
3213 4906 3617 4977 impenderent
3645 4904 3703 4959 in

2054 4997 2419 5053 celebrandis
2452 4997 2644 5068 potius
2676 4996 2887 5052 Bacchi
2919 5002 2977 5051 et
2996 4994 3360 5058 Veneris,vel
3394 4993 3567 5048 etiam
3600 4994 3706 5048 im-

2053 5087 2396 5141 meritorum
2431 5085 2732 5141 hominum
2764 5085 3059 5152 laudibus,
3093 5100 3269 5154 quam
3303 5083 3539 5137 Christi.

2124 5176 2465 5231 Lectissima
2496 5177 2621 5245 ejus
2653 5176 2863 5229 domus
2892 5173 3052 5229 velut
3099 5177 3367 5228 sanctum
3401 5172 3701 5244 quoddam

2050 5263 2377 5319 coenobium
2403 5269 2459 5318 et
2486 5260 3277 5332 xenodochium,scholaque
3299 5260 3534 5315 virtutis
3557 5265 3700 5326 erat,

2049 5354 2200 5424 quod
2238 5369 2304 5406 ex
2336 5353 2481 5407 bene
2531 5352 2770 5407 moratis
2801 5358 2857 5406 et
2889 5351 3143 5419 paciﬁcis
3193 5351 3320 5420 ejus
3362 5348 3702 5403 domesticis

2046 5442 2468 5509 innotescebat,
2499 5441 2643 5495 adeo
2675 5445 2740 5495 ut
2768 5457 2834 5495 ex
2868 5439 3014 5511 ipsis
3045 5443 3460 5510 agnosceretur
3488 5437 3701 5509 patris-

2046 5528 2302 5585 familias
2334 5529 2672 5601 prudentia:
2694 5528 2885 5601 qualis
2916 5527 3185 5585 videlicet
3207 5533 3395 5582 rector
3424 5525 3696 5595 civitatis,

2045 5617 2191 5675 tales
2223 5616 2553 5675 habitantes
2574 5618 2635 5673 in
2667 5634 2752 5675 ea.
2787 5617 2939 5674 Viris
2971 5616 3298 5689 piis,doctis
3340 5620 3395 5672 et
3413 5614 3698 5689 religiosis
