  <div class='ocr_page' id='page_1' title='image "/cluster/home/n/w/nwhite01/storage/ocr_20150623/35/mdp.39015012934389/195.png"; bbox 0 0 4152 6286; ppageno 0'>
   <div class='ocr_carea' id='block_1_1' title="bbox 426 446 543 508">
    <p class='ocr_par' dir='ltr' id='par_1_1' title="bbox 426 446 543 508">
     <span class='ocr_line' id='line_1_1' title="bbox 426 446 543 508; baseline 0.009 -1"><span class='ocrx_word' id='word_1_1' title='bbox 426 446 543 508; x_wconf 88' lang='lat'>383</span> 
     </span>
    </p>
   </div>
   <div class='ocr_carea' id='block_1_2' title="bbox 1672 453 2638 517">
    <p class='ocr_par' dir='ltr' id='par_1_2' title="bbox 1672 453 2638 517">
     <span class='ocr_line' id='line_1_2' title="bbox 1672 453 2638 517; baseline 0 -3"><span class='ocrx_word' id='word_1_2' title='bbox 1672 454 2027 517; x_wconf 86' lang='lat' dir='ltr'>ELOGIUM</span> <span class='ocrx_word' id='word_1_3' title='bbox 2071 453 2340 515; x_wconf 83' lang='lat' dir='ltr'>JACOBI</span> <span class='ocrx_word' id='word_1_4' title='bbox 2384 454 2638 516; x_wconf 86' lang='lat' dir='ltr'>BILLII.</span> 
     </span>
    </p>
   </div>
   <div class='ocr_carea' id='block_1_3' title="bbox 3723 454 3842 514">
    <p class='ocr_par' dir='ltr' id='par_1_3' title="bbox 3723 454 3842 514">
     <span class='ocr_line' id='line_1_3' title="bbox 3723 454 3842 514; baseline -0.025 0"><span class='ocrx_word' id='word_1_5' title='bbox 3723 454 3842 514; x_wconf 74' lang='lat'>384</span> 
     </span>
    </p>
   </div>
   <div class='ocr_carea' id='block_1_4' title="bbox 423 577 3845 657">
    <p class='ocr_par' dir='ltr' id='par_1_4' title="bbox 423 577 3845 657">
     <span class='ocr_line' id='line_1_4' title="bbox 423 577 3845 657; baseline 0.001 -24"><span class='ocrx_word' id='word_1_6' title='bbox 423 585 656 657; x_wconf 86' lang='lat' dir='ltr'>(nempe</span> <span class='ocrx_word' id='word_1_7' title='bbox 686 577 775 633; x_wconf 91' lang='lat' dir='ltr'>sui</span> <span class='ocrx_word' id='word_1_8' title='bbox 806 577 1121 650; x_wconf 87' lang='lat' dir='ltr'>similibus)</span> <span class='ocrx_word' id='word_1_9' title='bbox 1140 585 1345 651; x_wconf 88' lang='lat' dir='ltr'>patens</span> <span class='ocrx_word' id='word_1_10' title='bbox 1366 587 1421 636; x_wconf 92' lang='lat' dir='ltr'>et</span> <span class='ocrx_word' id='word_1_11' title='bbox 1440 583 1838 656; x_wconf 82' lang='lat' dir='ltr'>pervia,atque</span> <span class='ocrx_word' id='word_1_12' title='bbox 1860 584 2070 641; x_wconf 84' lang='lat' dir='ltr'>Christi</span> <span class='ocrx_word' id='word_1_13' title='bbox 2105 586 2157 651; x_wconf 79' lang='grc' dir='ltr'><strong>Α</strong></span> <span class='ocrx_word' id='word_1_14' title='bbox 2189 585 2319 652; x_wconf 80' lang='lat' dir='ltr'>bus,</span> <span class='ocrx_word' id='word_1_15' title='bbox 2350 585 2668 656; x_wconf 82' lang='lat' dir='ltr'>multisque</span> <span class='ocrx_word' id='word_1_16' title='bbox 2699 586 2767 639; x_wconf 92' lang='lat' dir='ltr'>ad</span> <span class='ocrx_word' id='word_1_17' title='bbox 2803 600 2936 639; x_wconf 90' lang='lat' dir='ltr'>eum</span> <span class='ocrx_word' id='word_1_18' title='bbox 2971 584 3153 639; x_wconf 84' lang='lat' dir='ltr'>Roma</span> <span class='ocrx_word' id='word_1_19' title='bbox 3185 583 3385 640; x_wconf 83' lang='lat' dir='ltr'>missis</span> <span class='ocrx_word' id='word_1_20' title='bbox 3416 584 3487 639; x_wconf 83' lang='lat' dir='ltr'>ab</span> <span class='ocrx_word' id='word_1_21' title='bbox 3521 582 3845 638; x_wconf 88' lang='lat' dir='ltr'>illustrissi-</span> 
     </span>
    </p>
   </div>
   <div class='ocr_carea' id='block_1_5' title="bbox 425 670 2083 742">
    <p class='ocr_par' dir='ltr' id='par_1_5' title="bbox 425 670 2083 742">
     <span class='ocr_line' id='line_1_5' title="bbox 425 670 2083 742; baseline 0.002 -18"><span class='ocrx_word' id='word_1_22' title='bbox 425 670 1067 739; x_wconf 87' lang='lat' dir='ltr'>pauperibus,quorum</span> <span class='ocrx_word' id='word_1_23' title='bbox 1106 676 1384 742; x_wconf 87' lang='lat' dir='ltr'>perpetuo</span> <span class='ocrx_word' id='word_1_24' title='bbox 1414 674 1517 727; x_wconf 79' lang='lat' dir='ltr'>fuit</span> <span class='ocrx_word' id='word_1_25' title='bbox 1542 676 2083 739; x_wconf 87' lang='lat' dir='ltr'>amantissimus,et</span> 
     </span>
    </p>
   </div>
   <div class='ocr_carea' id='block_1_6' title="bbox 424 757 2079 836">
    <p class='ocr_par' dir='ltr' id='par_1_6' title="bbox 424 757 2079 836">
     <span class='ocr_line' id='line_1_6' title="bbox 424 757 2079 836; baseline 0.005 -24"><span class='ocrx_word' id='word_1_26' title='bbox 424 764 587 830; x_wconf 87' lang='lat' dir='ltr'>pater</span> <span class='ocrx_word' id='word_1_27' title='bbox 612 757 1131 828; x_wconf 86' lang='lat' dir='ltr'>locupletissimus.</span> <span class='ocrx_word' id='word_1_28' title='bbox 1153 761 1282 815; x_wconf 91' lang='lat' dir='ltr'>Ideo</span> <span class='ocrx_word' id='word_1_29' title='bbox 1307 778 1436 816; x_wconf 87' lang='lat' dir='ltr'>eum</span> <span class='ocrx_word' id='word_1_30' title='bbox 1463 764 1744 835; x_wconf 80' lang='lat' dir='ltr'>gregatim</span> <span class='ocrx_word' id='word_1_31' title='bbox 1775 770 1829 818; x_wconf 88' lang='lat' dir='ltr'>et</span> <span class='ocrx_word' id='word_1_32' title='bbox 1861 766 2079 836; x_wconf 90' lang='lat' dir='ltr'>passim</span> 
     </span>
    </p>
   </div>
   <div class='ocr_carea' id='block_1_7' title="bbox 424 847 2083 924">
    <p class='ocr_par' dir='ltr' id='par_1_7' title="bbox 424 847 2083 924">
     <span class='ocr_line' id='line_1_7' title="bbox 424 847 2083 924; baseline 0.004 -22"><span class='ocrx_word' id='word_1_33' title='bbox 424 847 845 917; x_wconf 89' lang='lat' dir='ltr'>sequabantur,</span> <span class='ocrx_word' id='word_1_34' title='bbox 871 847 1039 917; x_wconf 81' lang='lat' dir='ltr'><strong>juxta</strong></span> <span class='ocrx_word' id='word_1_35' title='bbox 1074 848 1216 904; x_wconf 92' lang='lat' dir='ltr'>illud</span> <span class='ocrx_word' id='word_1_36' title='bbox 1258 851 1670 922; x_wconf 90' lang='lat' dir='ltr'>Evangelicum</span> <span class='ocrx_word' id='word_1_37' title='bbox 1703 871 1715 906; x_wconf 87' lang='lat'>:</span> <span class='ocrx_word' id='word_1_38' title='bbox 1754 855 2083 924; x_wconf 80' lang='lat' dir='ltr'>Ubicumque</span> 
     </span>
    </p>
   </div>
   <div class='ocr_carea' id='block_1_8' title="bbox 423 936 2080 1012">
    <p class='ocr_par' dir='ltr' id='par_1_8' title="bbox 423 936 2080 1012">
     <span class='ocr_line' id='line_1_8' title="bbox 423 936 2080 1012; baseline 0.004 -23"><span class='ocrx_word' id='word_1_39' title='bbox 423 936 592 1005; x_wconf 75' lang='lat' dir='ltr'>fuerit</span> <span class='ocrx_word' id='word_1_40' title='bbox 622 950 837 1005; x_wconf 87' lang='lat' dir='ltr'>corpus,</span> <span class='ocrx_word' id='word_1_41' title='bbox 869 936 1005 990; x_wconf 83' lang='lat' dir='ltr'>illuc</span> <span class='ocrx_word' id='word_1_42' title='bbox 1052 940 1531 1008; x_wconf 77' lang='lat' dir='ltr'>congregabantur</span> <span class='ocrx_word' id='word_1_43' title='bbox 1556 945 1609 994; x_wconf 74' lang='lat' dir='ltr'>et</span> <span class='ocrx_word' id='word_1_44' title='bbox 1639 941 1840 1012; x_wconf 70' lang='lat' dir='ltr'>aquilae</span> <span class='ocrx_word' id='word_1_45' title='bbox 1887 942 1951 996; x_wconf 73' lang='lat'>9°.</span> <span class='ocrx_word' id='word_1_46' title='bbox 1984 942 2080 995; x_wconf 91' lang='lat' dir='ltr'>Di-</span> 
     </span>
    </p>
   </div>
   <div class='ocr_carea' id='block_1_9' title="bbox 425 1022 2081 1097">
    <p class='ocr_par' dir='ltr' id='par_1_9' title="bbox 425 1022 2081 1097">
     <span class='ocr_line' id='line_1_9' title="bbox 425 1022 2081 1097; baseline 0.004 -22"><span class='ocrx_word' id='word_1_47' title='bbox 425 1038 577 1094; x_wconf 89' lang='lat' dir='ltr'>gnus</span> <span class='ocrx_word' id='word_1_48' title='bbox 608 1022 865 1092; x_wconf 91' lang='lat' dir='ltr'>quicum</span> <span class='ocrx_word' id='word_1_49' title='bbox 896 1025 1115 1078; x_wconf 87' lang='lat' dir='ltr'>Joanne</span> <span class='ocrx_word' id='word_1_50' title='bbox 1135 1026 1606 1097; x_wconf 83' lang='lat' dir='ltr'>Eleemosynario</span> <span class='ocrx_word' id='word_1_51' title='bbox 1629 1028 2081 1096; x_wconf 87' lang='lat' dir='ltr'>conferretur,et</span> 
     </span>
    </p>
   </div>
   <div class='ocr_carea' id='block_1_10' title="bbox 426 1110 2080 1186">
    <p class='ocr_par' dir='ltr' id='par_1_10' title="bbox 426 1110 2080 1186">
     <span class='ocr_line' id='line_1_10' title="bbox 426 1110 2080 1186; baseline 0.004 -22"><span class='ocrx_word' id='word_1_52' title='bbox 426 1127 556 1164; x_wconf 90' lang='lat' dir='ltr'>cum</span> <span class='ocrx_word' id='word_1_53' title='bbox 588 1110 734 1165; x_wconf 88' lang='lat' dir='ltr'>Jobo</span> <span class='ocrx_word' id='word_1_54' title='bbox 758 1111 894 1180; x_wconf 82' lang='lat' dir='ltr'>jure</span> <span class='ocrx_word' id='word_1_55' title='bbox 924 1112 1139 1167; x_wconf 80' lang='lat' dir='ltr'>diceret</span> <span class='ocrx_word' id='word_1_56' title='bbox 1174 1130 1187 1168; x_wconf 89' lang='lat'>:</span> <span class='ocrx_word' id='word_1_57' title='bbox 1222 1115 1425 1170; x_wconf 82' lang='lat' dir='ltr'>Oculus</span> <span class='ocrx_word' id='word_1_58' title='bbox 1453 1118 1540 1186; x_wconf 80' lang='lat' dir='ltr'>fui</span> <span class='ocrx_word' id='word_1_59' title='bbox 1569 1132 1835 1186; x_wconf 67' lang='lat'>06800,]?68</span> <span class='ocrx_word' id='word_1_60' title='bbox 1866 1116 2080 1181; x_wconf 81' lang='lat' dir='ltr'>claudo,</span> 
     </span>
    </p>
   </div>
   <div class='ocr_carea' id='block_1_11' title="bbox 426 1201 2082 1269">
    <p class='ocr_par' dir='ltr' id='par_1_11' title="bbox 426 1201 2082 1269">
     <span class='ocr_line' id='line_1_11' title="bbox 426 1201 2082 1269; baseline 0.004 -16"><span class='ocrx_word' id='word_1_61' title='bbox 426 1203 583 1268; x_wconf 84' lang='lat' dir='ltr'>pater</span> <span class='ocrx_word' id='word_1_62' title='bbox 610 1215 915 1269; x_wconf 78' lang='lat' dir='ltr'>pauperum</span> <span class='ocrx_word' id='word_1_63' title='bbox 944 1201 1007 1254; x_wconf 69' lang='lat'>9‘.</span> <span class='ocrx_word' id='word_1_64' title='bbox 1045 1202 1199 1264; x_wconf 90' lang='lat' dir='ltr'>Quos</span> <span class='ocrx_word' id='word_1_65' title='bbox 1231 1203 1405 1258; x_wconf 91' lang='lat' dir='ltr'>etiam</span> <span class='ocrx_word' id='word_1_66' title='bbox 1442 1204 1696 1259; x_wconf 91' lang='lat' dir='ltr'>moriens</span> <span class='ocrx_word' id='word_1_67' title='bbox 1737 1209 2082 1259; x_wconf 82' lang='lat' dir='ltr'>testamento</span> 
     </span>
    </p>
   </div>
   <div class='ocr_carea' id='block_1_12' title="bbox 428 1287 2080 1363">
    <p class='ocr_par' dir='ltr' id='par_1_12' title="bbox 428 1287 2080 1363">
     <span class='ocr_line' id='line_1_12' title="bbox 428 1287 2080 1363; baseline 0.003 -22"><span class='ocrx_word' id='word_1_68' title='bbox 428 1287 686 1342; x_wconf 66' lang='lat' dir='ltr'>baeredes</span> <span class='ocrx_word' id='word_1_69' title='bbox 705 1304 945 1341; x_wconf 89' lang='lat' dir='ltr'>suarum</span> <span class='ocrx_word' id='word_1_70' title='bbox 965 1288 1310 1345; x_wconf 75' lang='lat' dir='ltr'>facultatum</span> <span class='ocrx_word' id='word_1_71' title='bbox 1334 1292 1849 1363; x_wconf 87' lang='lat' dir='ltr'>reliquit,maxime</span> <span class='ocrx_word' id='word_1_72' title='bbox 1880 1309 2080 1347; x_wconf 90' lang='lat' dir='ltr'>earum</span> 
     </span>
    </p>
   </div>
   <div class='ocr_carea' id='block_1_13' title="bbox 428 1376 2081 1450">
    <p class='ocr_par' dir='ltr' id='par_1_13' title="bbox 428 1376 2081 1450">
     <span class='ocr_line' id='line_1_13' title="bbox 428 1376 2081 1450; baseline 0.002 -20"><span class='ocrx_word' id='word_1_73' title='bbox 428 1393 555 1448; x_wconf 75' lang='lat' dir='ltr'>quas</span> <span class='ocrx_word' id='word_1_74' title='bbox 587 1393 654 1431; x_wconf 87' lang='lat' dir='ltr'>ex</span> <span class='ocrx_word' id='word_1_75' title='bbox 700 1376 913 1431; x_wconf 81' lang='lat' dir='ltr'>Christi</span> <span class='ocrx_word' id='word_1_76' title='bbox 948 1377 1300 1447; x_wconf 89' lang='lat' dir='ltr'>patrimonio</span> <span class='ocrx_word' id='word_1_77' title='bbox 1330 1380 1381 1433; x_wconf 91' lang='lat' dir='ltr'>ei</span> <span class='ocrx_word' id='word_1_78' title='bbox 1442 1386 1807 1450; x_wconf 85' lang='lat' dir='ltr'>supererant,</span> <span class='ocrx_word' id='word_1_79' title='bbox 1845 1381 2081 1435; x_wconf 90' lang='lat' dir='ltr'>sacrile-</span> 
     </span>
    </p>
   </div>
   <div class='ocr_carea' id='block_1_14' title="bbox 429 1466 2077 1537">
    <p class='ocr_par' dir='ltr' id='par_1_14' title="bbox 429 1466 2077 1537">
     <span class='ocr_line' id='line_1_14' title="bbox 429 1466 2077 1537; baseline 0.004 -19"><span class='ocrx_word' id='word_1_80' title='bbox 429 1466 593 1536; x_wconf 90' lang='lat' dir='ltr'>gium</span> <span class='ocrx_word' id='word_1_81' title='bbox 646 1466 940 1537; x_wconf 81' lang='lat' dir='ltr'>quoddam</span> <span class='ocrx_word' id='word_1_82' title='bbox 988 1466 1307 1521; x_wconf 82' lang='lat' dir='ltr'>arbitratus</span> <span class='ocrx_word' id='word_1_83' title='bbox 1366 1468 1413 1522; x_wconf 90' lang='lat' dir='ltr'>si</span> <span class='ocrx_word' id='word_1_84' title='bbox 1448 1467 1559 1522; x_wconf 87' lang='lat' dir='ltr'>alio</span> <span class='ocrx_word' id='word_1_85' title='bbox 1606 1470 2077 1524; x_wconf 77' lang='lat' dir='ltr'>transferrentur.</span> 
     </span>
    </p>
   </div>
   <div class='ocr_carea' id='block_1_15' title="bbox 436 1553 2084 1625">
    <p class='ocr_par' dir='ltr' id='par_1_15' title="bbox 436 1553 2084 1625">
     <span class='ocr_line' id='line_1_15' title="bbox 436 1553 2084 1625; baseline 0.002 -17"><span class='ocrx_word' id='word_1_86' title='bbox 436 1554 575 1625; x_wconf 84' lang='lat' dir='ltr'>Ejus</span> <span class='ocrx_word' id='word_1_87' title='bbox 606 1570 810 1608; x_wconf 91' lang='lat' dir='ltr'>mensa</span> <span class='ocrx_word' id='word_1_88' title='bbox 842 1553 973 1609; x_wconf 75' lang='lat' dir='ltr'>laeta</span> <span class='ocrx_word' id='word_1_89' title='bbox 1005 1559 1060 1609; x_wconf 89' lang='lat' dir='ltr'>et</span> <span class='ocrx_word' id='word_1_90' title='bbox 1090 1554 1249 1610; x_wconf 89' lang='lat' dir='ltr'>lauta</span> <span class='ocrx_word' id='word_1_91' title='bbox 1284 1575 1295 1611; x_wconf 91' lang='lat'>:</span> <span class='ocrx_word' id='word_1_92' title='bbox 1330 1558 1432 1611; x_wconf 89' lang='lat' dir='ltr'>sed</span> <span class='ocrx_word' id='word_1_93' title='bbox 1464 1574 1530 1611; x_wconf 92' lang='lat' dir='ltr'>eo</span> <span class='ocrx_word' id='word_1_94' title='bbox 1562 1558 1747 1612; x_wconf 64' lang='lat' dir='ltr'>laetior</span> <span class='ocrx_word' id='word_1_95' title='bbox 1775 1575 1840 1613; x_wconf 90' lang='lat' dir='ltr'>ac</span> <span class='ocrx_word' id='word_1_96' title='bbox 1870 1558 2084 1612; x_wconf 85' lang='lat' dir='ltr'>lautior</span> 
     </span>
    </p>
   </div>
   <div class='ocr_carea' id='block_1_16' title="bbox 426 1642 2081 1718">
    <p class='ocr_par' dir='ltr' id='par_1_16' title="bbox 426 1642 2081 1718">
     <span class='ocr_line' id='line_1_16' title="bbox 426 1642 2081 1718; baseline 0.003 -21"><span class='ocrx_word' id='word_1_97' title='bbox 426 1659 541 1713; x_wconf 92' lang='lat' dir='ltr'>quo</span> <span class='ocrx_word' id='word_1_98' title='bbox 575 1642 980 1713; x_wconf 87' lang='lat' dir='ltr'>spiritualibus</span> <span class='ocrx_word' id='word_1_99' title='bbox 1013 1644 1505 1714; x_wconf 89' lang='lat' dir='ltr'>epulis,animum</span> <span class='ocrx_word' id='word_1_100' title='bbox 1534 1648 1721 1717; x_wconf 82' lang='lat' dir='ltr'>magis</span> <span class='ocrx_word' id='word_1_101' title='bbox 1756 1664 1927 1718; x_wconf 90' lang='lat' dir='ltr'>quam</span> <span class='ocrx_word' id='word_1_102' title='bbox 1962 1664 2081 1702; x_wconf 91' lang='lat' dir='ltr'>cor-</span> 
     </span>
    </p>
   </div>
   <div class='ocr_carea' id='block_1_17' title="bbox 429 1731 2076 1804">
    <p class='ocr_par' dir='ltr' id='par_1_17' title="bbox 429 1731 2076 1804">
     <span class='ocr_line' id='line_1_17' title="bbox 429 1731 2076 1804; baseline 0.003 -19"><span class='ocrx_word' id='word_1_103' title='bbox 429 1749 539 1803; x_wconf 87' lang='lat' dir='ltr'>pus</span> <span class='ocrx_word' id='word_1_104' title='bbox 571 1731 964 1786; x_wconf 85' lang='lat' dir='ltr'>reficientibus</span> <span class='ocrx_word' id='word_1_105' title='bbox 1011 1750 1075 1786; x_wconf 87' lang='lat' dir='ltr'>ac</span> <span class='ocrx_word' id='word_1_106' title='bbox 1108 1734 1516 1804; x_wconf 87' lang='lat' dir='ltr'>saginantibus</span> <span class='ocrx_word' id='word_1_107' title='bbox 1548 1741 1669 1790; x_wconf 90' lang='lat' dir='ltr'>erat</span> <span class='ocrx_word' id='word_1_108' title='bbox 1718 1735 2076 1791; x_wconf 80' lang='lat' dir='ltr'>instructior.</span> 
     </span>
    </p>
   </div>
   <div class='ocr_carea' id='block_1_18' title="bbox 430 1820 2080 1895">
    <p class='ocr_par' dir='ltr' id='par_1_18' title="bbox 430 1820 2080 1895">
     <span class='ocr_line' id='line_1_18' title="bbox 430 1820 2080 1895; baseline 0.002 -20"><span class='ocrx_word' id='word_1_109' title='bbox 430 1820 735 1891; x_wconf 82' lang='lat' dir='ltr'>Symposia</span> <span class='ocrx_word' id='word_1_110' title='bbox 750 1822 877 1891; x_wconf 86' lang='lat' dir='ltr'>ejus</span> <span class='ocrx_word' id='word_1_111' title='bbox 899 1820 1211 1877; x_wconf 88' lang='lat' dir='ltr'>Platonicis</span> <span class='ocrx_word' id='word_1_112' title='bbox 1235 1828 1394 1878; x_wconf 90' lang='lat' dir='ltr'>tanto</span> <span class='ocrx_word' id='word_1_113' title='bbox 1422 1826 1846 1893; x_wconf 70' lang='lat' dir='ltr'>praestantiora,</span> <span class='ocrx_word' id='word_1_114' title='bbox 1864 1831 2080 1895; x_wconf 88' lang='lat' dir='ltr'>quanto</span> 
     </span>
    </p>
   </div>
   <div class='ocr_carea' id='block_1_19' title="bbox 2193 672 3840 742">
    <p class='ocr_par' dir='ltr' id='par_1_19' title="bbox 2193 672 3840 742">
     <span class='ocr_line' id='line_1_19' title="bbox 2193 672 3840 742; baseline 0.001 -16"><span class='ocrx_word' id='word_1_115' title='bbox 2193 674 2300 726; x_wconf 79' lang='lat' dir='ltr'>niis</span> <span class='ocrx_word' id='word_1_116' title='bbox 2355 674 2749 728; x_wconf 81' lang='lat' dir='ltr'>cardinalibus</span> <span class='ocrx_word' id='word_1_117' title='bbox 2815 672 3051 739; x_wconf 71' lang='lat' dir='ltr'>Pelvzeo,</span> <span class='ocrx_word' id='word_1_118' title='bbox 3106 672 3333 739; x_wconf 90' lang='lat' dir='ltr'>Sirleto,</span> <span class='ocrx_word' id='word_1_119' title='bbox 3392 673 3632 742; x_wconf 78' lang='lat' dir='ltr'>Caraﬁ‘a,</span> <span class='ocrx_word' id='word_1_120' title='bbox 3696 677 3840 727; x_wconf 90' lang='lat' dir='ltr'>Baro</span> 
     </span>
    </p>
   </div>
   <div class='ocr_carea' id='block_1_20' title="bbox 2190 761 3838 833">
    <p class='ocr_par' dir='ltr' id='par_1_20' title="bbox 2190 761 3838 833">
     <span class='ocr_line' id='line_1_20' title="bbox 2190 761 3838 833; baseline 0.001 -18"><span class='ocrx_word' id='word_1_121' title='bbox 2190 762 2547 828; x_wconf 84' lang='lat' dir='ltr'>subdatario,</span> <span class='ocrx_word' id='word_1_122' title='bbox 2582 762 2833 816; x_wconf 84' lang='lat' dir='ltr'>Gerardo</span> <span class='ocrx_word' id='word_1_123' title='bbox 2878 762 3068 827; x_wconf 89' lang='lat' dir='ltr'>Ursio,</span> <span class='ocrx_word' id='word_1_124' title='bbox 3104 761 3346 825; x_wconf 89' lang='lat' dir='ltr'>Morino,</span> <span class='ocrx_word' id='word_1_125' title='bbox 3376 761 3623 833; x_wconf 86' lang='lat' dir='ltr'>aliisque</span> <span class='ocrx_word' id='word_1_126' title='bbox 3654 762 3702 816; x_wconf 91' lang='lat' dir='ltr'>ei</span> <span class='ocrx_word' id='word_1_127' title='bbox 3740 779 3838 816; x_wconf 90' lang='lat' dir='ltr'>no-</span> 
     </span>
    </p>
   </div>
   <div class='ocr_carea' id='block_1_21' title="bbox 2194 849 3844 921">
    <p class='ocr_par' dir='ltr' id='par_1_21' title="bbox 2194 849 3844 921">
     <span class='ocr_line' id='line_1_21' title="bbox 2194 849 3844 921; baseline 0.001 -19"><span class='ocrx_word' id='word_1_128' title='bbox 2194 851 2349 904; x_wconf 88' lang='lat' dir='ltr'>mine</span> <span class='ocrx_word' id='word_1_129' title='bbox 2380 850 2613 921; x_wconf 88' lang='lat' dir='ltr'>pietatis</span> <span class='ocrx_word' id='word_1_130' title='bbox 2635 857 2691 905; x_wconf 91' lang='lat' dir='ltr'>et</span> <span class='ocrx_word' id='word_1_131' title='bbox 2718 851 3044 905; x_wconf 87' lang='lat' dir='ltr'>litterarum</span> <span class='ocrx_word' id='word_1_132' title='bbox 3068 849 3587 919; x_wconf 85' lang='lat' dir='ltr'>conjunctissimis,</span> <span class='ocrx_word' id='word_1_133' title='bbox 3609 866 3756 920; x_wconf 87' lang='lat' dir='ltr'>quos</span> <span class='ocrx_word' id='word_1_134' title='bbox 3787 855 3844 905; x_wconf 90' lang='lat' dir='ltr'>et</span> 
     </span>
    </p>
   </div>
   <div class='ocr_carea' id='block_1_22' title="bbox 2191 939 3843 1011">
    <p class='ocr_par' dir='ltr' id='par_1_22' title="bbox 2191 939 3843 1011">
     <span class='ocr_line' id='line_1_22' title="bbox 2191 939 3843 1011; baseline 0.001 -18"><span class='ocrx_word' id='word_1_135' title='bbox 2191 940 2315 1010; x_wconf 91' lang='lat' dir='ltr'>ipse</span> <span class='ocrx_word' id='word_1_136' title='bbox 2346 941 2577 1011; x_wconf 89' lang='lat' dir='ltr'>scriptis</span> <span class='ocrx_word' id='word_1_137' title='bbox 2625 941 2748 996; x_wconf 85' lang='lat' dir='ltr'>suis</span> <span class='ocrx_word' id='word_1_138' title='bbox 2781 940 3113 1007; x_wconf 85' lang='lat' dir='ltr'>celebravit)</span> <span class='ocrx_word' id='word_1_139' title='bbox 3163 940 3312 1010; x_wconf 82' lang='lat' dir='ltr'>typis</span> <span class='ocrx_word' id='word_1_140' title='bbox 3343 939 3603 1004; x_wconf 86' lang='lat' dir='ltr'>mandat,</span> <span class='ocrx_word' id='word_1_141' title='bbox 3636 944 3692 994; x_wconf 91' lang='lat' dir='ltr'>et</span> <span class='ocrx_word' id='word_1_142' title='bbox 3735 939 3843 994; x_wconf 89' lang='lat' dir='ltr'>hoc</span> 
     </span>
    </p>
   </div>
   <div class='ocr_carea' id='block_1_23' title="bbox 2192 1028 3841 1101">
    <p class='ocr_par' dir='ltr' id='par_1_23' title="bbox 2192 1028 3841 1101">
     <span class='ocr_line' id='line_1_23' title="bbox 2192 1028 3841 1101; baseline 0 -20"><span class='ocrx_word' id='word_1_143' title='bbox 2192 1045 2337 1099; x_wconf 91' lang='lat' dir='ltr'>opus</span> <span class='ocrx_word' id='word_1_144' title='bbox 2370 1029 2441 1083; x_wconf 94' lang='lat' dir='ltr'>ob</span> <span class='ocrx_word' id='word_1_145' title='bbox 2486 1035 2850 1101; x_wconf 81' lang='lat' dir='ltr'>grassantem</span> <span class='ocrx_word' id='word_1_146' title='bbox 2904 1032 3123 1099; x_wconf 79' lang='lat' dir='ltr'>pestem</span> <span class='ocrx_word' id='word_1_147' title='bbox 3160 1029 3386 1099; x_wconf 85' lang='lat' dir='ltr'>pridem</span> <span class='ocrx_word' id='word_1_148' title='bbox 3436 1028 3841 1083; x_wconf 86' lang='lat' dir='ltr'>intermissum</span> 
     </span>
    </p>
   </div>
   <div class='ocr_carea' id='block_1_24' title="bbox 2192 1116 3844 1189">
    <p class='ocr_par' dir='ltr' id='par_1_24' title="bbox 2192 1116 3844 1189">
     <span class='ocr_line' id='line_1_24' title="bbox 2192 1116 3844 1189; baseline -0.002 -18"><span class='ocrx_word' id='word_1_149' title='bbox 2192 1122 2376 1185; x_wconf 78' lang='lat' dir='ltr'>urget,</span> <span class='ocrx_word' id='word_1_150' title='bbox 2412 1119 2739 1173; x_wconf 85' lang='lat' dir='ltr'>renascitur</span> <span class='ocrx_word' id='word_1_151' title='bbox 2766 1118 2875 1172; x_wconf 88' lang='lat' dir='ltr'>alvi</span> <span class='ocrx_word' id='word_1_152' title='bbox 2919 1116 3285 1189; x_wconf 85' lang='lat' dir='ltr'>proﬂuvium,</span> <span class='ocrx_word' id='word_1_153' title='bbox 3318 1117 3471 1187; x_wconf 89' lang='lat' dir='ltr'>quod</span> <span class='ocrx_word' id='word_1_154' title='bbox 3506 1133 3636 1171; x_wconf 88' lang='lat' dir='ltr'>mox</span> <span class='ocrx_word' id='word_1_155' title='bbox 3666 1116 3844 1170; x_wconf 90' lang='lat' dir='ltr'>comi-</span> 
     </span>
    </p>
   </div>
   <div class='ocr_carea' id='block_1_25' title="bbox 2191 1204 3848 1277">
    <p class='ocr_par' dir='ltr' id='par_1_25' title="bbox 2191 1204 3848 1277">
     <span class='ocr_line' id='line_1_25' title="bbox 2191 1204 3848 1277; baseline -0.001 -18"><span class='ocrx_word' id='word_1_156' title='bbox 2191 1210 2390 1260; x_wconf 83' lang='lat' dir='ltr'>tantur</span> <span class='ocrx_word' id='word_1_157' title='bbox 2440 1207 2659 1277; x_wconf 91' lang='lat' dir='ltr'>parotis</span> <span class='ocrx_word' id='word_1_158' title='bbox 2692 1213 2748 1261; x_wconf 88' lang='lat' dir='ltr'>et</span> <span class='ocrx_word' id='word_1_159' title='bbox 2797 1205 3103 1261; x_wconf 88' lang='lat' dir='ltr'>catarrhus</span> <span class='ocrx_word' id='word_1_160' title='bbox 3148 1206 3399 1260; x_wconf 85' lang='lat' dir='ltr'>ubertim</span> <span class='ocrx_word' id='word_1_161' title='bbox 3451 1205 3507 1258; x_wconf 93' lang='lat' dir='ltr'>in</span> <span class='ocrx_word' id='word_1_162' title='bbox 3542 1204 3848 1276; x_wconf 90' lang='lat' dir='ltr'>pulmones</span> 
     </span>
    </p>
   </div>
   <div class='ocr_carea' id='block_1_26' title="bbox 2193 1293 3845 1365">
    <p class='ocr_par' dir='ltr' id='par_1_26' title="bbox 2193 1293 3845 1365">
     <span class='ocr_line' id='line_1_26' title="bbox 2193 1293 3845 1365; baseline -0.001 -17"><span class='ocrx_word' id='word_1_163' title='bbox 2193 1294 2454 1349; x_wconf 86' lang='lat' dir='ltr'>defluens</span> <span class='ocrx_word' id='word_1_164' title='bbox 2490 1312 2501 1349; x_wconf 95' lang='lat'>:</span> <span class='ocrx_word' id='word_1_165' title='bbox 2539 1294 2759 1365; x_wconf 87' lang='lat' dir='ltr'>phthisi</span> <span class='ocrx_word' id='word_1_166' title='bbox 2810 1295 3027 1365; x_wconf 91' lang='lat' dir='ltr'>quippe</span> <span class='ocrx_word' id='word_1_167' title='bbox 3057 1294 3296 1357; x_wconf 85' lang='lat' dir='ltr'>interiit,</span> <span class='ocrx_word' id='word_1_168' title='bbox 3332 1293 3601 1348; x_wconf 88' lang='lat' dir='ltr'>Sentiens</span> <span class='ocrx_word' id='word_1_169' title='bbox 3652 1298 3845 1347; x_wconf 90' lang='lat' dir='ltr'>autem</span> 
     </span>
    </p>
   </div>
   <div class='ocr_carea' id='block_1_27' title="bbox 2191 1381 3847 1453">
    <p class='ocr_par' dir='ltr' id='par_1_27' title="bbox 2191 1381 3847 1453">
     <span class='ocr_line' id='line_1_27' title="bbox 2191 1381 3847 1453; baseline -0.001 -18"><span class='ocrx_word' id='word_1_170' title='bbox 2191 1381 2589 1453; x_wconf 80' lang='lat' dir='ltr'>ingravescere</span> <span class='ocrx_word' id='word_1_171' title='bbox 2621 1385 2891 1437; x_wconf 89' lang='lat' dir='ltr'>morbum</span> <span class='ocrx_word' id='word_1_172' title='bbox 2911 1383 3129 1450; x_wconf 88' lang='lat' dir='ltr'>aliquot</span> <span class='ocrx_word' id='word_1_173' title='bbox 3148 1387 3279 1436; x_wconf 91' lang='lat' dir='ltr'>ante</span> <span class='ocrx_word' id='word_1_174' title='bbox 3312 1382 3435 1436; x_wconf 92' lang='lat' dir='ltr'>dies</span> <span class='ocrx_word' id='word_1_175' title='bbox 3454 1398 3629 1452; x_wconf 89' lang='lat' dir='ltr'>quam</span> <span class='ocrx_word' id='word_1_176' title='bbox 3664 1387 3847 1435; x_wconf 90' lang='lat' dir='ltr'>extre-</span> 
     </span>
    </p>
   </div>
   <div class='ocr_carea' id='block_1_28' title="bbox 2194 1469 3842 1535">
    <p class='ocr_par' dir='ltr' id='par_1_28' title="bbox 2194 1469 3842 1535">
     <span class='ocr_line' id='line_1_28' title="bbox 2194 1469 3842 1535; baseline 0 -13"><span class='ocrx_word' id='word_1_177' title='bbox 2194 1485 2355 1523; x_wconf 91' lang='lat' dir='ltr'>mum</span> <span class='ocrx_word' id='word_1_178' title='bbox 2405 1470 2718 1535; x_wconf 87' lang='lat' dir='ltr'>clauderet,</span> <span class='ocrx_word' id='word_1_179' title='bbox 2772 1470 2939 1534; x_wconf 87' lang='lat' dir='ltr'>quasi</span> <span class='ocrx_word' id='word_1_180' title='bbox 2989 1487 3123 1523; x_wconf 91' lang='lat' dir='ltr'>cum</span> <span class='ocrx_word' id='word_1_181' title='bbox 3171 1470 3415 1524; x_wconf 88' lang='lat' dir='ltr'>Ezechia</span> <span class='ocrx_word' id='word_1_182' title='bbox 3464 1470 3723 1524; x_wconf 86' lang='lat' dir='ltr'>audisset</span> <span class='ocrx_word' id='word_1_183' title='bbox 3769 1469 3842 1523; x_wconf 91' lang='lat' dir='ltr'>ab</span> 
     </span>
    </p>
   </div>
   <div class='ocr_carea' id='block_1_29' title="bbox 2192 1558 3843 1628">
    <p class='ocr_par' dir='ltr' id='par_1_29' title="bbox 2192 1558 3843 1628">
     <span class='ocr_line' id='line_1_29' title="bbox 2192 1558 3843 1628; baseline 0.001 -18"><span class='ocrx_word' id='word_1_184' title='bbox 2192 1558 2342 1612; x_wconf 86' lang='lat' dir='ltr'>Isaia</span> <span class='ocrx_word' id='word_1_185' title='bbox 2375 1576 2386 1611; x_wconf 88' lang='lat'><strong>:</strong></span> <span class='ocrx_word' id='word_1_186' title='bbox 2420 1560 2649 1628; x_wconf 82' lang='lat' dir='ltr'>Dispone</span> <span class='ocrx_word' id='word_1_187' title='bbox 2679 1559 2866 1614; x_wconf 81' lang='lat' dir='ltr'>domui</span> <span class='ocrx_word' id='word_1_188' title='bbox 2894 1563 3025 1624; x_wconf 64' lang='lat' dir='ltr'>tum,</span> <span class='ocrx_word' id='word_1_189' title='bbox 3053 1576 3171 1613; x_wconf 80' lang='lat' dir='ltr'>cras</span> <span class='ocrx_word' id='word_1_190' title='bbox 3202 1561 3346 1613; x_wconf 84' lang='lat' dir='ltr'>enim</span> <span class='ocrx_word' id='word_1_191' title='bbox 3379 1560 3639 1612; x_wconf 80' lang='lat' dir='ltr'>morieris</span> <span class='ocrx_word' id='word_1_192' title='bbox 3669 1560 3843 1623; x_wconf 70' lang='lat' dir='ltr'>9°-&#39;,sa-</span> 
     </span>
    </p>
   </div>
   <div class='ocr_carea' id='block_1_30' title="bbox 2192 1647 3844 1718">
    <p class='ocr_par' dir='ltr' id='par_1_30' title="bbox 2192 1647 3844 1718">
     <span class='ocr_line' id='line_1_30' title="bbox 2192 1647 3844 1718; baseline -0.001 -17"><span class='ocrx_word' id='word_1_193' title='bbox 2192 1647 2306 1701; x_wconf 90' lang='lat' dir='ltr'>cris</span> <span class='ocrx_word' id='word_1_194' title='bbox 2340 1649 2526 1718; x_wconf 91' lang='lat' dir='ltr'>primo</span> <span class='ocrx_word' id='word_1_195' title='bbox 2563 1648 2891 1717; x_wconf 83' lang='lat' dir='ltr'>postulatis,</span> <span class='ocrx_word' id='word_1_196' title='bbox 2920 1654 2975 1702; x_wconf 91' lang='lat' dir='ltr'>et</span> <span class='ocrx_word' id='word_1_197' title='bbox 3009 1649 3095 1717; x_wconf 85' lang='lat' dir='ltr'>pie</span> <span class='ocrx_word' id='word_1_198' title='bbox 3128 1648 3402 1718; x_wconf 79' lang='lat' dir='ltr'>sumptis,</span> <span class='ocrx_word' id='word_1_199' title='bbox 3435 1653 3611 1717; x_wconf 81' lang='lat' dir='ltr'>atque</span> <span class='ocrx_word' id='word_1_200' title='bbox 3646 1651 3844 1717; x_wconf 89' lang='lat' dir='ltr'>postea</span> 
     </span>
    </p>
   </div>
   <div class='ocr_carea' id='block_1_31' title="bbox 2192 1735 3844 1807">
    <p class='ocr_par' dir='ltr' id='par_1_31' title="bbox 2192 1735 3844 1807">
     <span class='ocr_line' id='line_1_31' title="bbox 2192 1735 3844 1807; baseline 0 -18"><span class='ocrx_word' id='word_1_201' title='bbox 2192 1736 2469 1806; x_wconf 86' lang='lat' dir='ltr'>repetitis,</span> <span class='ocrx_word' id='word_1_202' title='bbox 2504 1738 2660 1807; x_wconf 83' lang='lat' dir='ltr'>(nam</span> <span class='ocrx_word' id='word_1_203' title='bbox 2694 1738 2832 1791; x_wconf 91' lang='lat' dir='ltr'>dum</span> <span class='ocrx_word' id='word_1_204' title='bbox 2887 1738 3037 1791; x_wconf 91' lang='lat' dir='ltr'>bona</span> <span class='ocrx_word' id='word_1_205' title='bbox 3085 1735 3416 1790; x_wconf 86' lang='lat' dir='ltr'>valetudine</span> <span class='ocrx_word' id='word_1_206' title='bbox 3469 1737 3756 1790; x_wconf 89' lang='lat' dir='ltr'>frueretur</span> <span class='ocrx_word' id='word_1_207' title='bbox 3784 1735 3844 1789; x_wconf 92' lang='lat' dir='ltr'>in</span> 
     </span>
    </p>
   </div>
   <div class='ocr_carea' id='block_1_32' title="bbox 2192 1825 3843 1897">
    <p class='ocr_par' dir='ltr' id='par_1_32' title="bbox 2192 1825 3843 1897">
     <span class='ocr_line' id='line_1_32' title="bbox 2192 1825 3843 1897; baseline 0 -19"><span class='ocrx_word' id='word_1_208' title='bbox 2192 1825 2554 1879; x_wconf 87' lang='lat' dir='ltr'>celebrandis</span> <span class='ocrx_word' id='word_1_209' title='bbox 2588 1826 2908 1880; x_wconf 86' lang='lat' dir='ltr'>tremendis</span> <span class='ocrx_word' id='word_1_210' title='bbox 2935 1826 3226 1897; x_wconf 84' lang='lat' dir='ltr'>mysteriis</span> <span class='ocrx_word' id='word_1_211' title='bbox 3252 1826 3642 1879; x_wconf 88' lang='lat' dir='ltr'>creberrimus</span> <span class='ocrx_word' id='word_1_212' title='bbox 3675 1828 3732 1880; x_wconf 90' lang='lat' dir='ltr'>et</span> <span class='ocrx_word' id='word_1_213' title='bbox 3762 1841 3843 1878; x_wconf 89' lang='lat' dir='ltr'>re-</span> 
     </span>
    </p>
   </div>
   <div class='ocr_carea' id='block_1_33' title="bbox 430 1909 3840 2017">
    <p class='ocr_par' dir='ltr' id='par_1_33' title="bbox 430 1909 3840 2017">
     <span class='ocr_line' id='line_1_33' title="bbox 430 1909 3840 2017; baseline 0.001 -53"><span class='ocrx_word' id='word_1_214' title='bbox 430 1909 737 1980; x_wconf 90' lang='lat' dir='ltr'>theologia,</span> <span class='ocrx_word' id='word_1_215' title='bbox 755 1914 811 1963; x_wconf 91' lang='lat' dir='ltr'>et</span> <span class='ocrx_word' id='word_1_216' title='bbox 840 1910 1170 1965; x_wconf 87' lang='lat' dir='ltr'>Christiana</span> <span class='ocrx_word' id='word_1_217' title='bbox 1190 1911 1559 1979; x_wconf 86' lang='lat' dir='ltr'>pbilosodhia</span> <span class='ocrx_word' id='word_1_218' title='bbox 1578 1915 1717 1984; x_wconf 76' lang='lat' dir='ltr'>{qua</span> <span class='ocrx_word' id='word_1_219' title='bbox 1735 1914 1912 1985; x_wconf 89' lang='lat' dir='ltr'>dapes</span> <span class='ocrx_word' id='word_1_220' title='bbox 1946 1931 2082 1968; x_wconf 89' lang='lat' dir='ltr'>suas</span> <span class='ocrx_word' id='word_1_221' title='bbox 2114 1954 2161 2017; x_wconf 82' lang='lat' dir='ltr'><strong>B</strong></span> <span class='ocrx_word' id='word_1_222' title='bbox 2190 1912 2608 1984; x_wconf 87' lang='lat' dir='ltr'>ligiosissimus</span> <span class='ocrx_word' id='word_1_223' title='bbox 2639 1915 2782 1985; x_wconf 90' lang='lat' dir='ltr'>erat)</span> <span class='ocrx_word' id='word_1_224' title='bbox 2807 1916 2873 1969; x_wconf 89' lang='lat' dir='ltr'>de</span> <span class='ocrx_word' id='word_1_225' title='bbox 2907 1914 3156 1985; x_wconf 81' lang='lat' dir='ltr'>singulis</span> <span class='ocrx_word' id='word_1_226' title='bbox 3178 1914 3295 1968; x_wconf 89' lang='lat' dir='ltr'>sive</span> <span class='ocrx_word' id='word_1_227' title='bbox 3318 1931 3443 1983; x_wconf 76' lang='lat' dir='ltr'>quae</span> <span class='ocrx_word' id='word_1_228' title='bbox 3467 1915 3537 1968; x_wconf 88' lang='lat' dir='ltr'>ad</span> <span class='ocrx_word' id='word_1_229' title='bbox 3560 1915 3840 1977; x_wconf 86' lang='lat' dir='ltr'>animam,</span> 
     </span>
    </p>
   </div>
   <div class='ocr_carea' id='block_1_34' title="bbox 429 1997 2080 2071">
    <p class='ocr_par' dir='ltr' id='par_1_34' title="bbox 429 1997 2080 2071">
     <span class='ocr_line' id='line_1_34' title="bbox 429 1997 2080 2071; baseline 0.003 -19"><span class='ocrx_word' id='word_1_230' title='bbox 429 1997 663 2053; x_wconf 86' lang='lat' dir='ltr'>condire</span> <span class='ocrx_word' id='word_1_231' title='bbox 682 2003 737 2052; x_wconf 89' lang='lat' dir='ltr'>et</span> <span class='ocrx_word' id='word_1_232' title='bbox 766 2015 1069 2070; x_wconf 83' lang='lat' dir='ltr'>aspergere</span> <span class='ocrx_word' id='word_1_233' title='bbox 1101 2000 1343 2071; x_wconf 86' lang='lat' dir='ltr'>solebat)</span> <span class='ocrx_word' id='word_1_234' title='bbox 1394 2001 1744 2057; x_wconf 87' lang='lat' dir='ltr'>Platonicam</span> <span class='ocrx_word' id='word_1_235' title='bbox 1769 2002 2080 2057; x_wconf 84' lang='lat' dir='ltr'>antecellit.</span> 
     </span>
    </p>
   </div>
   <div class='ocr_carea' id='block_1_35' title="bbox 430 2087 2082 2161">
    <p class='ocr_par' dir='ltr' id='par_1_35' title="bbox 430 2087 2082 2161">
     <span class='ocr_line' id='line_1_35' title="bbox 430 2087 2082 2161; baseline 0.003 -21"><span class='ocrx_word' id='word_1_236' title='bbox 430 2087 589 2151; x_wconf 86' lang='lat' dir='ltr'>Quod</span> <span class='ocrx_word' id='word_1_237' title='bbox 626 2087 672 2141; x_wconf 90' lang='lat' dir='ltr'>si</span> <span class='ocrx_word' id='word_1_238' title='bbox 705 2087 845 2157; x_wconf 91' lang='lat' dir='ltr'>quid</span> <span class='ocrx_word' id='word_1_239' title='bbox 882 2087 940 2141; x_wconf 92' lang='lat' dir='ltr'>in</span> <span class='ocrx_word' id='word_1_240' title='bbox 964 2088 1047 2143; x_wconf 90' lang='lat' dir='ltr'>eis</span> <span class='ocrx_word' id='word_1_241' title='bbox 1081 2106 1113 2143; x_wconf 90' lang='lat' dir='ltr'>a</span> <span class='ocrx_word' id='word_1_242' title='bbox 1142 2090 1356 2144; x_wconf 87' lang='lat' dir='ltr'>virtute</span> <span class='ocrx_word' id='word_1_243' title='bbox 1388 2108 1653 2145; x_wconf 90' lang='lat' dir='ltr'>aversum</span> <span class='ocrx_word' id='word_1_244' title='bbox 1686 2090 2082 2161; x_wconf 90' lang='lat' dir='ltr'>aliquibus,ut</span> 
     </span>
    </p>
   </div>
   <div class='ocr_carea' id='block_1_36' title="bbox 430 2174 2081 2251">
    <p class='ocr_par' dir='ltr' id='par_1_36' title="bbox 430 2174 2081 2251">
     <span class='ocr_line' id='line_1_36' title="bbox 430 2174 2081 2251; baseline 0.003 -23"><span class='ocrx_word' id='word_1_245' title='bbox 430 2174 728 2230; x_wconf 86' lang='lat' dir='ltr'>nobilibus</span> <span class='ocrx_word' id='word_1_246' title='bbox 752 2181 807 2230; x_wconf 88' lang='lat' dir='ltr'>et</span> <span class='ocrx_word' id='word_1_247' title='bbox 836 2192 1000 2231; x_wconf 89' lang='lat' dir='ltr'>arma</span> <span class='ocrx_word' id='word_1_248' title='bbox 1027 2179 1435 2248; x_wconf 82' lang='lat' dir='ltr'>profitentibus</span> <span class='ocrx_word' id='word_1_249' title='bbox 1458 2180 1693 2249; x_wconf 87' lang='lat' dir='ltr'>(quibus</span> <span class='ocrx_word' id='word_1_250' title='bbox 1715 2196 1865 2251; x_wconf 76' lang='lat' dir='ltr'>saepe</span> <span class='ocrx_word' id='word_1_251' title='bbox 1886 2180 2081 2234; x_wconf 92' lang='lat' dir='ltr'>minus</span> 
     </span>
    </p>
   </div>
   <div class='ocr_carea' id='block_1_37' title="bbox 431 2265 2075 2340">
    <p class='ocr_par' dir='ltr' id='par_1_37' title="bbox 431 2265 2075 2340">
     <span class='ocr_line' id='line_1_37' title="bbox 431 2265 2075 2340; baseline 0.004 -21"><span class='ocrx_word' id='word_1_252' title='bbox 431 2271 520 2320; x_wconf 90' lang='lat' dir='ltr'>est</span> <span class='ocrx_word' id='word_1_253' title='bbox 550 2282 698 2319; x_wconf 66' lang='lat' dir='ltr'>curae</span> <span class='ocrx_word' id='word_1_254' title='bbox 750 2265 936 2337; x_wconf 89' lang='lat' dir='ltr'>pietas</span> <span class='ocrx_word' id='word_1_255' title='bbox 968 2272 1023 2321; x_wconf 91' lang='lat' dir='ltr'>et</span> <span class='ocrx_word' id='word_1_256' title='bbox 1052 2268 1383 2323; x_wconf 83' lang='lat' dir='ltr'>Christiana</span> <span class='ocrx_word' id='word_1_257' title='bbox 1435 2269 1656 2339; x_wconf 87' lang='lat' dir='ltr'>religio,</span> <span class='ocrx_word' id='word_1_258' title='bbox 1691 2274 1748 2323; x_wconf 89' lang='lat' dir='ltr'>et</span> <span class='ocrx_word' id='word_1_259' title='bbox 1778 2286 1809 2324; x_wconf 89' lang='lat' dir='ltr'>a</span> <span class='ocrx_word' id='word_1_260' title='bbox 1841 2270 2075 2340; x_wconf 88' lang='lat' dir='ltr'>quibus,</span> 
     </span>
    </p>
   </div>
   <div class='ocr_carea' id='block_1_38' title="bbox 430 2353 2077 2429">
    <p class='ocr_par' dir='ltr' id='par_1_38' title="bbox 430 2353 2077 2429">
     <span class='ocr_line' id='line_1_38' title="bbox 430 2353 2077 2429; baseline 0.003 -21"><span class='ocrx_word' id='word_1_261' title='bbox 430 2358 494 2409; x_wconf 88' lang='lat' dir='ltr'>ut</span> <span class='ocrx_word' id='word_1_262' title='bbox 524 2353 909 2409; x_wconf 87' lang='lat' dir='ltr'>nobilissimis</span> <span class='ocrx_word' id='word_1_263' title='bbox 941 2360 997 2409; x_wconf 88' lang='lat' dir='ltr'>et</span> <span class='ocrx_word' id='word_1_264' title='bbox 1028 2356 1371 2412; x_wconf 89' lang='lat' dir='ltr'>clarissimis</span> <span class='ocrx_word' id='word_1_265' title='bbox 1404 2358 1744 2429; x_wconf 89' lang='lat' dir='ltr'>parentibus</span> <span class='ocrx_word' id='word_1_266' title='bbox 1774 2363 1956 2428; x_wconf 89' lang='lat' dir='ltr'>ortus,</span> <span class='ocrx_word' id='word_1_267' title='bbox 1993 2360 2077 2413; x_wconf 88' lang='lat' dir='ltr'>in-</span> 
     </span>
    </p>
   </div>
   <div class='ocr_carea' id='block_1_39' title="bbox 416 2443 2073 2519">
    <p class='ocr_par' dir='ltr' id='par_1_39' title="bbox 416 2443 2073 2519">
     <span class='ocr_line' id='line_1_39' title="bbox 416 2443 2073 2519; baseline 0.002 -21"><span class='ocrx_word' id='word_1_268' title='bbox 416 2443 737 2509; x_wconf 89' lang='lat' dir='ltr'>visebatur)</span> <span class='ocrx_word' id='word_1_269' title='bbox 759 2443 1219 2510; x_wconf 85' lang='lat' dir='ltr'>excideret,mox</span> <span class='ocrx_word' id='word_1_270' title='bbox 1246 2463 1342 2501; x_wconf 85' lang='lat' dir='ltr'>eos</span> <span class='ocrx_word' id='word_1_271' title='bbox 1376 2446 1455 2501; x_wconf 90' lang='lat' dir='ltr'>ita</span> <span class='ocrx_word' id='word_1_272' title='bbox 1487 2449 1672 2501; x_wconf 90' lang='lat' dir='ltr'>amice</span> <span class='ocrx_word' id='word_1_273' title='bbox 1701 2448 2073 2519; x_wconf 86' lang='lat' dir='ltr'>corripiebat,</span> 
     </span>
    </p>
   </div>
   <div class='ocr_carea' id='block_1_40' title="bbox 417 2533 2075 2605">
    <p class='ocr_par' dir='ltr' id='par_1_40' title="bbox 417 2533 2075 2605">
     <span class='ocr_line' id='line_1_40' title="bbox 417 2533 2075 2605; baseline 0.003 -20"><span class='ocrx_word' id='word_1_274' title='bbox 417 2535 697 2601; x_wconf 88' lang='lat' dir='ltr'>tantaque</span> <span class='ocrx_word' id='word_1_275' title='bbox 729 2548 861 2585; x_wconf 88' lang='lat' dir='ltr'>cum</span> <span class='ocrx_word' id='word_1_276' title='bbox 888 2538 1189 2587; x_wconf 85' lang='lat' dir='ltr'>venustate</span> <span class='ocrx_word' id='word_1_277' title='bbox 1210 2539 1266 2588; x_wconf 89' lang='lat' dir='ltr'>et</span> <span class='ocrx_word' id='word_1_278' title='bbox 1289 2533 1501 2598; x_wconf 89' lang='lat' dir='ltr'>sale,ut</span> <span class='ocrx_word' id='word_1_279' title='bbox 1533 2536 1691 2605; x_wconf 90' lang='lat' dir='ltr'>ipsos</span> <span class='ocrx_word' id='word_1_280' title='bbox 1714 2536 1910 2590; x_wconf 88' lang='lat' dir='ltr'>statim</span> <span class='ocrx_word' id='word_1_281' title='bbox 1936 2536 2075 2590; x_wconf 85' lang='lat' dir='ltr'>dicti</span> 
     </span>
    </p>
   </div>
   <div class='ocr_carea' id='block_1_41' title="bbox 420 2620 2073 2696">
    <p class='ocr_par' dir='ltr' id='par_1_41' title="bbox 420 2620 2073 2696">
     <span class='ocr_line' id='line_1_41' title="bbox 420 2620 2073 2696; baseline 0.003 -23"><span class='ocrx_word' id='word_1_282' title='bbox 420 2623 522 2673; x_wconf 83' lang='lat' dir='ltr'>aut</span> <span class='ocrx_word' id='word_1_283' title='bbox 556 2620 693 2673; x_wconf 87' lang='lat' dir='ltr'>facti</span> <span class='ocrx_word' id='word_1_284' title='bbox 724 2620 1045 2690; x_wconf 75' lang='lat' dir='ltr'>paeniteret.</span> <span class='ocrx_word' id='word_1_285' title='bbox 1083 2622 1260 2676; x_wconf 89' lang='lat' dir='ltr'>Norat</span> <span class='ocrx_word' id='word_1_286' title='bbox 1289 2623 1442 2677; x_wconf 90' lang='lat' dir='ltr'>enim</span> <span class='ocrx_word' id='word_1_287' title='bbox 1476 2622 1572 2677; x_wconf 91' lang='lat' dir='ltr'>ille</span> <span class='ocrx_word' id='word_1_288' title='bbox 1605 2624 1751 2677; x_wconf 80' lang='lat' dir='ltr'>alter</span> <span class='ocrx_word' id='word_1_289' title='bbox 1780 2624 2073 2696; x_wconf 80' lang='lat' dir='ltr'>evangeli-</span> 
     </span>
    </p>
   </div>
   <div class='ocr_carea' id='block_1_42' title="bbox 416 2707 2071 2777">
    <p class='ocr_par' dir='ltr' id='par_1_42' title="bbox 416 2707 2071 2777">
     <span class='ocr_line' id='line_1_42' title="bbox 416 2707 2071 2777; baseline 0.004 -16"><span class='ocrx_word' id='word_1_290' title='bbox 416 2723 519 2761; x_wconf 89' lang='lat' dir='ltr'>cus</span> <span class='ocrx_word' id='word_1_291' title='bbox 550 2707 867 2762; x_wconf 90' lang='lat' dir='ltr'>Samarites</span> <span class='ocrx_word' id='word_1_292' title='bbox 902 2708 1094 2763; x_wconf 91' lang='lat' dir='ltr'>oleum</span> <span class='ocrx_word' id='word_1_293' title='bbox 1118 2709 1459 2777; x_wconf 89' lang='lat' dir='ltr'>lenitatis,et</span> <span class='ocrx_word' id='word_1_294' title='bbox 1488 2711 1687 2766; x_wconf 91' lang='lat' dir='ltr'>vinum</span> <span class='ocrx_word' id='word_1_295' title='bbox 1712 2713 2071 2767; x_wconf 87' lang='lat' dir='ltr'>austeritatis</span> 
     </span>
    </p>
   </div>
   <div class='ocr_carea' id='block_1_43' title="bbox 415 2796 2069 2871">
    <p class='ocr_par' dir='ltr' id='par_1_43' title="bbox 415 2796 2069 2871">
     <span class='ocr_line' id='line_1_43' title="bbox 415 2796 2069 2871; baseline 0.004 -22"><span class='ocrx_word' id='word_1_296' title='bbox 415 2800 497 2849; x_wconf 82' lang='lat' dir='ltr'>ita</span> <span class='ocrx_word' id='word_1_297' title='bbox 530 2796 771 2851; x_wconf 83' lang='lat' dir='ltr'>miscere</span> <span class='ocrx_word' id='word_1_298' title='bbox 802 2801 857 2851; x_wconf 89' lang='lat' dir='ltr'>et</span> <span class='ocrx_word' id='word_1_299' title='bbox 888 2801 1229 2868; x_wconf 86' lang='lat' dir='ltr'>temperare,</span> <span class='ocrx_word' id='word_1_300' title='bbox 1258 2815 1321 2852; x_wconf 91' lang='lat' dir='ltr'>ac</span> <span class='ocrx_word' id='word_1_301' title='bbox 1339 2798 1677 2853; x_wconf 89' lang='lat' dir='ltr'>vulneribus</span> <span class='ocrx_word' id='word_1_302' title='bbox 1702 2806 2069 2871; x_wconf 79' lang='lat' dir='ltr'>peccatorum</span> 
     </span>
    </p>
   </div>
   <div class='ocr_carea' id='block_1_44' title="bbox 418 2883 2065 2964">
    <p class='ocr_par' dir='ltr' id='par_1_44' title="bbox 418 2883 2065 2964">
     <span class='ocr_line' id='line_1_44' title="bbox 418 2883 2065 2964; baseline 0.004 -27"><span class='ocrx_word' id='word_1_303' title='bbox 418 2883 745 2955; x_wconf 86' lang='lat' dir='ltr'>infundere,</span> <span class='ocrx_word' id='word_1_304' title='bbox 783 2890 842 2939; x_wconf 92' lang='lat' dir='ltr'>ut</span> <span class='ocrx_word' id='word_1_305' title='bbox 872 2885 991 2940; x_wconf 90' lang='lat' dir='ltr'>illis</span> <span class='ocrx_word' id='word_1_306' title='bbox 1023 2887 1188 2964; x_wconf 85' lang='lat' dir='ltr'>facile</span> <span class='ocrx_word' id='word_1_307' title='bbox 1220 2904 1284 2940; x_wconf 91' lang='lat' dir='ltr'>ac</span> <span class='ocrx_word' id='word_1_308' title='bbox 1317 2887 1440 2941; x_wconf 90' lang='lat' dir='ltr'>sine</span> <span class='ocrx_word' id='word_1_309' title='bbox 1473 2888 1669 2943; x_wconf 90' lang='lat' dir='ltr'>dolore</span> <span class='ocrx_word' id='word_1_310' title='bbox 1718 2890 2065 2943; x_wconf 81' lang='lat' dir='ltr'>mederetur.</span> 
     </span>
    </p>
   </div>
   <div class='ocr_carea' id='block_1_45' title="bbox 416 2974 2070 3047">
    <p class='ocr_par' dir='ltr' id='par_1_45' title="bbox 416 2974 2070 3047">
     <span class='ocr_line' id='line_1_45' title="bbox 416 2974 2070 3047; baseline 0.002 -19"><span class='ocrx_word' id='word_1_311' title='bbox 416 2976 606 3040; x_wconf 85' lang='lat' dir='ltr'>Quare</span> <span class='ocrx_word' id='word_1_312' title='bbox 637 2974 707 3028; x_wconf 90' lang='lat' dir='ltr'>ad</span> <span class='ocrx_word' id='word_1_313' title='bbox 739 2991 871 3029; x_wconf 89' lang='lat' dir='ltr'>eum</span> <span class='ocrx_word' id='word_1_314' title='bbox 898 2984 1097 3045; x_wconf 86' lang='lat' dir='ltr'>postea</span> <span class='ocrx_word' id='word_1_315' title='bbox 1131 2976 1397 3030; x_wconf 84' lang='lat' dir='ltr'>meliores</span> <span class='ocrx_word' id='word_1_316' title='bbox 1432 2978 1715 3042; x_wconf 88' lang='lat' dir='ltr'>redibant,</span> <span class='ocrx_word' id='word_1_317' title='bbox 1734 2983 1789 3031; x_wconf 87' lang='lat' dir='ltr'>et</span> <span class='ocrx_word' id='word_1_318' title='bbox 1818 2979 1887 3031; x_wconf 85' lang='lat' dir='ltr'>ab</span> <span class='ocrx_word' id='word_1_319' title='bbox 1919 2979 2070 3047; x_wconf 84' lang='lat' dir='ltr'>ejus-</span> 
     </span>
    </p>
   </div>
   <div class='ocr_carea' id='block_1_46' title="bbox 421 3064 1010 3119">
    <p class='ocr_par' dir='ltr' id='par_1_46' title="bbox 421 3064 1010 3119">
     <span class='ocr_line' id='line_1_46' title="bbox 421 3064 1010 3119; baseline 0.002 -1"><span class='ocrx_word' id='word_1_320' title='bbox 421 3064 577 3118; x_wconf 89' lang='lat' dir='ltr'>modi</span> <span class='ocrx_word' id='word_1_321' title='bbox 610 3064 1010 3119; x_wconf 82' lang='lat' dir='ltr'>abstinebant.</span> 
     </span>
    </p>
   </div>
   <div class='ocr_carea' id='block_1_47' title="bbox 486 3152 2061 3210">
    <p class='ocr_par' dir='ltr' id='par_1_47' title="bbox 486 3152 2061 3210">
     <span class='ocr_line' id='line_1_47' title="bbox 486 3152 2061 3210; baseline 0.003 -5"><span class='ocrx_word' id='word_1_322' title='bbox 486 3152 707 3207; x_wconf 81' lang='lat' dir='ltr'>Amicis</span> <span class='ocrx_word' id='word_1_323' title='bbox 748 3153 857 3206; x_wconf 90' lang='lat' dir='ltr'>fuit</span> <span class='ocrx_word' id='word_1_324' title='bbox 904 3153 1300 3209; x_wconf 87' lang='lat' dir='ltr'>amicissimus</span> <span class='ocrx_word' id='word_1_325' title='bbox 1351 3161 1408 3210; x_wconf 88' lang='lat' dir='ltr'>et</span> <span class='ocrx_word' id='word_1_326' title='bbox 1456 3155 1946 3210; x_wconf 84' lang='lat' dir='ltr'>ofﬁciosissimus.</span> <span class='ocrx_word' id='word_1_327' title='bbox 1978 3157 2061 3210; x_wconf 91' lang='lat' dir='ltr'>Ad</span> 
     </span>
    </p>
   </div>
   <div class='ocr_carea' id='block_1_48' title="bbox 411 3241 2065 3315">
    <p class='ocr_par' dir='ltr' id='par_1_48' title="bbox 411 3241 2065 3315">
     <span class='ocr_line' id='line_1_48' title="bbox 411 3241 2065 3315; baseline 0.001 -20"><span class='ocrx_word' id='word_1_328' title='bbox 411 3241 809 3297; x_wconf 90' lang='lat' dir='ltr'>conciliandos</span> <span class='ocrx_word' id='word_1_329' title='bbox 840 3243 991 3297; x_wconf 89' lang='lat' dir='ltr'>inter</span> <span class='ocrx_word' id='word_1_330' title='bbox 1013 3260 1074 3298; x_wconf 87' lang='lat' dir='ltr'>se</span> <span class='ocrx_word' id='word_1_331' title='bbox 1097 3244 1448 3299; x_wconf 85' lang='lat' dir='ltr'>dissidentes</span> <span class='ocrx_word' id='word_1_332' title='bbox 1471 3245 1904 3315; x_wconf 89' lang='lat' dir='ltr'>paratissimus,</span> <span class='ocrx_word' id='word_1_333' title='bbox 1920 3244 2065 3298; x_wconf 91' lang='lat' dir='ltr'>nulli</span> 
     </span>
    </p>
   </div>
   <div class='ocr_carea' id='block_1_49' title="bbox 413 3316 2139 3403">
    <p class='ocr_par' dir='ltr' id='par_1_49' title="bbox 413 3316 2139 3403">
     <span class='ocr_line' id='line_1_49' title="bbox 413 3316 2139 3403; baseline 0.004 -22"><span class='ocrx_word' id='word_1_334' title='bbox 413 3330 710 3397; x_wconf 90' lang='lat' dir='ltr'>inimicus,</span> <span class='ocrx_word' id='word_1_335' title='bbox 746 3347 945 3401; x_wconf 89' lang='lat' dir='ltr'>pacem</span> <span class='ocrx_word' id='word_1_336' title='bbox 978 3349 1111 3386; x_wconf 90' lang='lat' dir='ltr'>cum</span> <span class='ocrx_word' id='word_1_337' title='bbox 1145 3333 1440 3397; x_wconf 91' lang='lat' dir='ltr'>omnibus,</span> <span class='ocrx_word' id='word_1_338' title='bbox 1475 3339 1760 3403; x_wconf 88' lang='lat' dir='ltr'>quantum</span> <span class='ocrx_word' id='word_1_339' title='bbox 1810 3334 1930 3388; x_wconf 83' lang='lat' dir='ltr'>ﬁeri</span> <span class='ocrx_word' id='word_1_340' title='bbox 1965 3350 2061 3403; x_wconf 90' lang='lat' dir='ltr'>po-</span> <span class='ocrx_word' id='word_1_341' title='bbox 2097 3316 2139 3381; x_wconf 61' lang='grc' dir='ltr'>(ἶ</span> 
     </span>
    </p>
   </div>
   <div class='ocr_carea' id='block_1_50' title="bbox 416 3418 2070 3493">
    <p class='ocr_par' dir='ltr' id='par_1_50' title="bbox 416 3418 2070 3493">
     <span class='ocr_line' id='line_1_50' title="bbox 416 3418 2070 3493; baseline 0.003 -21"><span class='ocrx_word' id='word_1_342' title='bbox 416 3418 549 3487; x_wconf 90' lang='lat' dir='ltr'>tuit,</span> <span class='ocrx_word' id='word_1_343' title='bbox 585 3418 801 3473; x_wconf 89' lang='lat' dir='ltr'>colens.</span> <span class='ocrx_word' id='word_1_344' title='bbox 835 3420 996 3483; x_wconf 88' lang='lat' dir='ltr'>Quod</span> <span class='ocrx_word' id='word_1_345' title='bbox 1031 3420 1079 3474; x_wconf 93' lang='lat' dir='ltr'>si</span> <span class='ocrx_word' id='word_1_346' title='bbox 1111 3422 1251 3491; x_wconf 93' lang='lat' dir='ltr'>quid</span> <span class='ocrx_word' id='word_1_347' title='bbox 1284 3422 1510 3476; x_wconf 90' lang='lat' dir='ltr'>dissidii</span> <span class='ocrx_word' id='word_1_348' title='bbox 1545 3423 1662 3476; x_wconf 91' lang='lat' dir='ltr'>sive</span> <span class='ocrx_word' id='word_1_349' title='bbox 1694 3423 2070 3493; x_wconf 61' lang='lat' dir='ltr'>disputando,</span> 
     </span>
    </p>
   </div>
   <div class='ocr_carea' id='block_1_51' title="bbox 419 3507 2075 3579">
    <p class='ocr_par' dir='ltr' id='par_1_51' title="bbox 419 3507 2075 3579">
     <span class='ocr_line' id='line_1_51' title="bbox 419 3507 2075 3579; baseline 0.002 -17"><span class='ocrx_word' id='word_1_350' title='bbox 419 3507 539 3562; x_wconf 91' lang='lat' dir='ltr'>sive</span> <span class='ocrx_word' id='word_1_351' title='bbox 592 3508 731 3577; x_wconf 91' lang='lat' dir='ltr'>quid</span> <span class='ocrx_word' id='word_1_352' title='bbox 783 3508 941 3562; x_wconf 91' lang='lat' dir='ltr'>aliud</span> <span class='ocrx_word' id='word_1_353' title='bbox 995 3509 1279 3576; x_wconf 89' lang='lat' dir='ltr'>faciendo,</span> <span class='ocrx_word' id='word_1_354' title='bbox 1315 3512 1461 3565; x_wconf 89' lang='lat' dir='ltr'>forte</span> <span class='ocrx_word' id='word_1_355' title='bbox 1511 3511 1895 3579; x_wconf 88' lang='lat' dir='ltr'>suboriretur,</span> <span class='ocrx_word' id='word_1_356' title='bbox 1943 3528 2075 3565; x_wconf 84' lang='lat' dir='ltr'>mox</span> 
     </span>
    </p>
   </div>
   <div class='ocr_carea' id='block_1_52' title="bbox 419 3596 2075 3671">
    <p class='ocr_par' dir='ltr' id='par_1_52' title="bbox 419 3596 2075 3671">
     <span class='ocr_line' id='line_1_52' title="bbox 419 3596 2075 3671; baseline 0.002 -21"><span class='ocrx_word' id='word_1_357' title='bbox 419 3596 565 3651; x_wconf 91' lang='lat' dir='ltr'>illud</span> <span class='ocrx_word' id='word_1_358' title='bbox 599 3613 943 3667; x_wconf 88' lang='lat' dir='ltr'>componere</span> <span class='ocrx_word' id='word_1_359' title='bbox 971 3599 1262 3665; x_wconf 86' lang='lat' dir='ltr'>studebat,</span> <span class='ocrx_word' id='word_1_360' title='bbox 1297 3615 1361 3653; x_wconf 88' lang='lat' dir='ltr'>ac</span> <span class='ocrx_word' id='word_1_361' title='bbox 1394 3598 1702 3671; x_wconf 87' lang='lat' dir='ltr'>diligenter</span> <span class='ocrx_word' id='word_1_362' title='bbox 1730 3601 1983 3667; x_wconf 88' lang='lat' dir='ltr'>cavebat,</span> <span class='ocrx_word' id='word_1_363' title='bbox 2004 3617 2075 3654; x_wconf 90' lang='lat' dir='ltr'>ne</span> 
     </span>
    </p>
   </div>
   <div class='ocr_carea' id='block_1_53' title="bbox 420 3685 2078 3760">
    <p class='ocr_par' dir='ltr' id='par_1_53' title="bbox 420 3685 2078 3760">
     <span class='ocr_line' id='line_1_53' title="bbox 420 3685 2078 3760; baseline 0.002 -21"><span class='ocrx_word' id='word_1_364' title='bbox 420 3685 507 3740; x_wconf 90' lang='lat' dir='ltr'>sol</span> <span class='ocrx_word' id='word_1_365' title='bbox 535 3686 823 3741; x_wconf 90' lang='lat' dir='ltr'>occideret</span> <span class='ocrx_word' id='word_1_366' title='bbox 852 3703 1030 3758; x_wconf 85' lang='lat' dir='ltr'>super</span> <span class='ocrx_word' id='word_1_367' title='bbox 1059 3687 1445 3743; x_wconf 88' lang='lat' dir='ltr'>iracundiam.</span> <span class='ocrx_word' id='word_1_368' title='bbox 1467 3689 1723 3760; x_wconf 86' lang='lat' dir='ltr'>Longius</span> <span class='ocrx_word' id='word_1_369' title='bbox 1750 3693 2078 3743; x_wconf 85' lang='lat' dir='ltr'>excurreret</span> 
     </span>
    </p>
   </div>
   <div class='ocr_carea' id='block_1_54' title="bbox 421 3774 2073 3847">
    <p class='ocr_par' dir='ltr' id='par_1_54' title="bbox 421 3774 2073 3847">
     <span class='ocr_line' id='line_1_54' title="bbox 421 3774 2073 3847; baseline 0.001 -18"><span class='ocrx_word' id='word_1_370' title='bbox 421 3774 676 3829; x_wconf 89' lang='lat' dir='ltr'>narratio</span> <span class='ocrx_word' id='word_1_371' title='bbox 708 3775 755 3829; x_wconf 92' lang='lat' dir='ltr'>si</span> <span class='ocrx_word' id='word_1_372' title='bbox 790 3775 1025 3847; x_wconf 89' lang='lat' dir='ltr'>singula</span> <span class='ocrx_word' id='word_1_373' title='bbox 1051 3776 1141 3847; x_wconf 90' lang='lat' dir='ltr'>(de</span> <span class='ocrx_word' id='word_1_374' title='bbox 1175 3777 1390 3847; x_wconf 90' lang='lat' dir='ltr'>quibus</span> <span class='ocrx_word' id='word_1_375' title='bbox 1412 3776 1557 3832; x_wconf 88' lang='lat' dir='ltr'>alias</span> <span class='ocrx_word' id='word_1_376' title='bbox 1587 3778 1833 3833; x_wconf 86' lang='lat' dir='ltr'>fortasse</span> <span class='ocrx_word' id='word_1_377' title='bbox 1866 3778 2073 3844; x_wconf 84' lang='lat' dir='ltr'>fusius,</span> 
     </span>
    </p>
   </div>
   <div class='ocr_carea' id='block_1_55' title="bbox 421 3864 2079 3936">
    <p class='ocr_par' dir='ltr' id='par_1_55' title="bbox 421 3864 2079 3936">
     <span class='ocr_line' id='line_1_55' title="bbox 421 3864 2079 3936; baseline 0.002 -18"><span class='ocrx_word' id='word_1_378' title='bbox 421 3881 557 3919; x_wconf 90' lang='lat' dir='ltr'>nam</span> <span class='ocrx_word' id='word_1_379' title='bbox 591 3880 693 3936; x_wconf 93' lang='lat' dir='ltr'>pro</span> <span class='ocrx_word' id='word_1_380' title='bbox 723 3864 830 3918; x_wconf 87' lang='lat' dir='ltr'>viri</span> <span class='ocrx_word' id='word_1_381' title='bbox 862 3864 1146 3936; x_wconf 87' lang='lat' dir='ltr'>dignitate</span> <span class='ocrx_word' id='word_1_382' title='bbox 1178 3871 1235 3919; x_wconf 91' lang='lat' dir='ltr'>et</span> <span class='ocrx_word' id='word_1_383' title='bbox 1267 3866 1472 3921; x_wconf 90' lang='lat' dir='ltr'>merito</span> <span class='ocrx_word' id='word_1_384' title='bbox 1504 3865 1647 3920; x_wconf 87' lang='lat' dir='ltr'>nihil</span> <span class='ocrx_word' id='word_1_385' title='bbox 1684 3866 1823 3920; x_wconf 89' lang='lat' dir='ltr'>mihi</span> <span class='ocrx_word' id='word_1_386' title='bbox 1879 3866 2046 3921; x_wconf 83' lang='lat' dir='ltr'>bacte</span> <span class='ocrx_word' id='word_1_387' title='bbox 2067 3896 2079 3907; x_wconf 93' lang='lat'><strong>-</strong></span> 
     </span>
    </p>
   </div>
   <div class='ocr_carea' id='block_1_56' title="bbox 425 3954 2079 4026">
    <p class='ocr_par' dir='ltr' id='par_1_56' title="bbox 425 3954 2079 4026">
     <span class='ocr_line' id='line_1_56' title="bbox 425 3954 2079 4026; baseline 0.001 -20"><span class='ocrx_word' id='word_1_388' title='bbox 425 3971 534 4007; x_wconf 91' lang='lat' dir='ltr'>nus</span> <span class='ocrx_word' id='word_1_389' title='bbox 586 3954 807 4008; x_wconf 89' lang='lat' dir='ltr'>dictum</span> <span class='ocrx_word' id='word_1_390' title='bbox 862 3954 1085 4009; x_wconf 85' lang='lat' dir='ltr'>videtur</span> <span class='ocrx_word' id='word_1_391' title='bbox 1134 3954 1297 4009; x_wconf 87' lang='lat' dir='ltr'>satis.</span> <span class='ocrx_word' id='word_1_392' title='bbox 1352 3956 1535 4009; x_wconf 90' lang='lat' dir='ltr'>Tanto</span> <span class='ocrx_word' id='word_1_393' title='bbox 1585 3955 1741 4008; x_wconf 90' lang='lat' dir='ltr'>enim</span> <span class='ocrx_word' id='word_1_394' title='bbox 1793 3954 2079 4026; x_wconf 90' lang='lat' dir='ltr'>ampliora</span> 
     </span>
    </p>
   </div>
   <div class='ocr_carea' id='block_1_57' title="bbox 428 4042 2075 4114">
    <p class='ocr_par' dir='ltr' id='par_1_57' title="bbox 428 4042 2075 4114">
     <span class='ocr_line' id='line_1_57' title="bbox 428 4042 2075 4114; baseline 0.002 -20"><span class='ocrx_word' id='word_1_395' title='bbox 428 4046 687 4095; x_wconf 90' lang='lat' dir='ltr'>meretur</span> <span class='ocrx_word' id='word_1_396' title='bbox 734 4042 974 4096; x_wconf 89' lang='lat' dir='ltr'>laudum</span> <span class='ocrx_word' id='word_1_397' title='bbox 1027 4059 1267 4097; x_wconf 89' lang='lat' dir='ltr'>suarum</span> <span class='ocrx_word' id='word_1_398' title='bbox 1320 4043 1605 4114; x_wconf 80' lang='lat' dir='ltr'>praeconia</span> <span class='ocrx_word' id='word_1_399' title='bbox 1655 4044 1773 4097; x_wconf 90' lang='lat' dir='ltr'>vita</span> <span class='ocrx_word' id='word_1_400' title='bbox 1822 4044 2075 4112; x_wconf 89' lang='lat' dir='ltr'>functus,</span> 
     </span>
    </p>
   </div>
   <div class='ocr_carea' id='block_1_58' title="bbox 430 4130 2080 4202">
    <p class='ocr_par' dir='ltr' id='par_1_58' title="bbox 430 4130 2080 4202">
     <span class='ocr_line' id='line_1_58' title="bbox 430 4130 2080 4202; baseline 0.001 -18"><span class='ocrx_word' id='word_1_401' title='bbox 430 4134 650 4200; x_wconf 89' lang='lat' dir='ltr'>quanto</span> <span class='ocrx_word' id='word_1_402' title='bbox 685 4130 872 4201; x_wconf 89' lang='lat' dir='ltr'>magis</span> <span class='ocrx_word' id='word_1_403' title='bbox 900 4147 966 4185; x_wconf 90' lang='lat' dir='ltr'>ea</span> <span class='ocrx_word' id='word_1_404' title='bbox 993 4135 1311 4202; x_wconf 87' lang='lat' dir='ltr'>superstes,</span> <span class='ocrx_word' id='word_1_405' title='bbox 1344 4148 1411 4187; x_wconf 93' lang='lat' dir='ltr'>ac</span> <span class='ocrx_word' id='word_1_406' title='bbox 1441 4133 1742 4186; x_wconf 89' lang='lat' dir='ltr'>modestus</span> <span class='ocrx_word' id='word_1_407' title='bbox 1775 4132 2080 4186; x_wconf 82' lang='lat' dir='ltr'>aversaba-</span> 
     </span>
    </p>
   </div>
   <div class='ocr_carea' id='block_1_59' title="bbox 436 4217 2079 4288">
    <p class='ocr_par' dir='ltr' id='par_1_59' title="bbox 436 4217 2079 4288">
     <span class='ocr_line' id='line_1_59' title="bbox 436 4217 2079 4288; baseline 0.002 -17"><span class='ocrx_word' id='word_1_408' title='bbox 436 4219 552 4286; x_wconf 90' lang='lat' dir='ltr'>tur)</span> <span class='ocrx_word' id='word_1_409' title='bbox 582 4217 639 4271; x_wconf 91' lang='lat' dir='ltr'>in</span> <span class='ocrx_word' id='word_1_410' title='bbox 674 4219 889 4288; x_wconf 90' lang='lat' dir='ltr'>quibus</span> <span class='ocrx_word' id='word_1_411' title='bbox 910 4219 997 4273; x_wconf 90' lang='lat' dir='ltr'>vir</span> <span class='ocrx_word' id='word_1_412' title='bbox 1020 4225 1218 4274; x_wconf 88' lang='lat' dir='ltr'>tantus</span> <span class='ocrx_word' id='word_1_413' title='bbox 1242 4220 1527 4288; x_wconf 84' lang='lat' dir='ltr'>excelluit,</span> <span class='ocrx_word' id='word_1_414' title='bbox 1550 4237 1614 4275; x_wconf 89' lang='lat' dir='ltr'>ac</span> <span class='ocrx_word' id='word_1_415' title='bbox 1636 4238 1698 4276; x_wconf 89' lang='lat' dir='ltr'>se</span> <span class='ocrx_word' id='word_1_416' title='bbox 1727 4220 2079 4275; x_wconf 85' lang='lat' dir='ltr'>laudabilem</span> 
     </span>
    </p>
   </div>
   <div class='ocr_carea' id='block_1_60' title="bbox 437 4306 2081 4377">
    <p class='ocr_par' dir='ltr' id='par_1_60' title="bbox 437 4306 2081 4377">
     <span class='ocr_line' id='line_1_60' title="bbox 437 4306 2081 4377; baseline 0.002 -17"><span class='ocrx_word' id='word_1_417' title='bbox 437 4311 492 4360; x_wconf 90' lang='lat' dir='ltr'>et</span> <span class='ocrx_word' id='word_1_418' title='bbox 523 4306 928 4361; x_wconf 88' lang='lat' dir='ltr'>admirabilem</span> <span class='ocrx_word' id='word_1_419' title='bbox 964 4308 1699 4377; x_wconf 62' lang='lat' dir='ltr'>prebuit,commemorare</span> <span class='ocrx_word' id='word_1_420' title='bbox 1720 4308 2081 4365; x_wconf 86' lang='lat' dir='ltr'>vellem.Hoc</span> 
     </span>
    </p>
   </div>
   <div class='ocr_carea' id='block_1_61' title="bbox 435 4396 2081 4465">
    <p class='ocr_par' dir='ltr' id='par_1_61' title="bbox 435 4396 2081 4465">
     <span class='ocr_line' id='line_1_61' title="bbox 435 4396 2081 4465; baseline 0.001 -16"><span class='ocrx_word' id='word_1_421' title='bbox 435 4412 620 4449; x_wconf 91' lang='lat' dir='ltr'>unum</span> <span class='ocrx_word' id='word_1_422' title='bbox 652 4399 883 4449; x_wconf 85' lang='lat' dir='ltr'>tantum</span> <span class='ocrx_word' id='word_1_423' title='bbox 916 4396 1209 4464; x_wconf 79' lang='lat' dir='ltr'>adjiciam,</span> <span class='ocrx_word' id='word_1_424' title='bbox 1238 4413 1349 4451; x_wconf 89' lang='lat' dir='ltr'>non</span> <span class='ocrx_word' id='word_1_425' title='bbox 1384 4398 1515 4465; x_wconf 91' lang='lat' dir='ltr'>sibi,</span> <span class='ocrx_word' id='word_1_426' title='bbox 1550 4398 1649 4452; x_wconf 90' lang='lat' dir='ltr'>sed</span> <span class='ocrx_word' id='word_1_427' title='bbox 1684 4398 1947 4452; x_wconf 73' lang='lat' dir='ltr'>Ecclesiae</span> <span class='ocrx_word' id='word_1_428' title='bbox 1980 4413 2081 4451; x_wconf 90' lang='lat' dir='ltr'>na-</span> 
     </span>
    </p>
   </div>
   <div class='ocr_carea' id='block_1_62' title="bbox 429 4483 2077 4555">
    <p class='ocr_par' dir='ltr' id='par_1_62' title="bbox 429 4483 2077 4555">
     <span class='ocr_line' id='line_1_62' title="bbox 429 4483 2077 4555; baseline -0.001 -18"><span class='ocrx_word' id='word_1_429' title='bbox 429 4489 557 4538; x_wconf 90' lang='lat' dir='ltr'>tum</span> <span class='ocrx_word' id='word_1_430' title='bbox 593 4483 795 4551; x_wconf 87' lang='lat' dir='ltr'>fuisse,</span> <span class='ocrx_word' id='word_1_431' title='bbox 817 4489 1121 4555; x_wconf 89' lang='lat' dir='ltr'>totumque</span> <span class='ocrx_word' id='word_1_432' title='bbox 1154 4485 1204 4540; x_wconf 92' lang='lat' dir='ltr'>ei</span> <span class='ocrx_word' id='word_1_433' title='bbox 1237 4487 1532 4542; x_wconf 87' lang='lat' dir='ltr'>addictum</span> <span class='ocrx_word' id='word_1_434' title='bbox 1565 4492 1622 4542; x_wconf 90' lang='lat' dir='ltr'>et</span> <span class='ocrx_word' id='word_1_435' title='bbox 1653 4492 2077 4541; x_wconf 89' lang='lat' dir='ltr'>consecratum.</span> 
     </span>
    </p>
   </div>
   <div class='ocr_carea' id='block_1_63' title="bbox 431 4572 2081 4647">
    <p class='ocr_par' dir='ltr' id='par_1_63' title="bbox 431 4572 2081 4647">
     <span class='ocr_line' id='line_1_63' title="bbox 431 4572 2081 4647; baseline 0.002 -21"><span class='ocrx_word' id='word_1_436' title='bbox 431 4574 618 4637; x_wconf 88' lang='lat' dir='ltr'>Quare</span> <span class='ocrx_word' id='word_1_437' title='bbox 645 4589 779 4627; x_wconf 89' lang='lat' dir='ltr'>cum</span> <span class='ocrx_word' id='word_1_438' title='bbox 812 4572 956 4627; x_wconf 88' lang='lat' dir='ltr'>nihil</span> <span class='ocrx_word' id='word_1_439' title='bbox 987 4574 1287 4630; x_wconf 87' lang='lat' dir='ltr'>ardentius</span> <span class='ocrx_word' id='word_1_440' title='bbox 1318 4581 1769 4647; x_wconf 84' lang='lat' dir='ltr'>cuperet,quam</span> <span class='ocrx_word' id='word_1_441' title='bbox 1793 4575 2081 4646; x_wconf 85' lang='lat' dir='ltr'>quidquid</span> 
     </span>
    </p>
   </div>
   <div class='ocr_carea' id='block_1_64' title="bbox 2195 2002 3839 2074">
    <p class='ocr_par' dir='ltr' id='par_1_64' title="bbox 2195 2002 3839 2074">
     <span class='ocr_line' id='line_1_64' title="bbox 2195 2002 3839 2074; baseline -0.001 -18"><span class='ocrx_word' id='word_1_442' title='bbox 2195 2004 2313 2058; x_wconf 91' lang='lat' dir='ltr'>sive</span> <span class='ocrx_word' id='word_1_443' title='bbox 2344 2020 2470 2072; x_wconf 73' lang='lat' dir='ltr'>qua:</span> <span class='ocrx_word' id='word_1_444' title='bbox 2504 2004 2571 2057; x_wconf 86' lang='lat' dir='ltr'>ad</span> <span class='ocrx_word' id='word_1_445' title='bbox 2606 2020 2840 2074; x_wconf 88' lang='lat' dir='ltr'>corpus,</span> <span class='ocrx_word' id='word_1_446' title='bbox 2873 2002 2993 2057; x_wconf 91' lang='lat' dir='ltr'>sive</span> <span class='ocrx_word' id='word_1_447' title='bbox 3025 2020 3147 2072; x_wconf 58' lang='lat' dir='ltr'>quae</span> <span class='ocrx_word' id='word_1_448' title='bbox 3180 2004 3246 2057; x_wconf 91' lang='lat' dir='ltr'>ad</span> <span class='ocrx_word' id='word_1_449' title='bbox 3284 2019 3403 2056; x_wconf 90' lang='lat' dir='ltr'>rem</span> <span class='ocrx_word' id='word_1_450' title='bbox 3437 2003 3839 2071; x_wconf 84' lang='lat' dir='ltr'>domesticam,</span> 
     </span>
    </p>
   </div>
   <div class='ocr_carea' id='block_1_65' title="bbox 2191 2089 3845 2162">
    <p class='ocr_par' dir='ltr' id='par_1_65' title="bbox 2191 2089 3845 2162">
     <span class='ocr_line' id='line_1_65' title="bbox 2191 2089 3845 2162; baseline -0.001 -17"><span class='ocrx_word' id='word_1_451' title='bbox 2191 2096 2247 2145; x_wconf 90' lang='lat' dir='ltr'>et</span> <span class='ocrx_word' id='word_1_452' title='bbox 2279 2092 2629 2162; x_wconf 86' lang='lat' dir='ltr'>temporaria</span> <span class='ocrx_word' id='word_1_453' title='bbox 2661 2090 3035 2161; x_wconf 88' lang='lat' dir='ltr'>pertinerent,</span> <span class='ocrx_word' id='word_1_454' title='bbox 3056 2092 3136 2144; x_wconf 92' lang='lat' dir='ltr'>ita</span> <span class='ocrx_word' id='word_1_455' title='bbox 3166 2091 3554 2160; x_wconf 89' lang='lat' dir='ltr'>disposuit,ut</span> <span class='ocrx_word' id='word_1_456' title='bbox 3582 2089 3724 2143; x_wconf 91' lang='lat' dir='ltr'>nihil</span> <span class='ocrx_word' id='word_1_457' title='bbox 3749 2107 3845 2160; x_wconf 91' lang='lat' dir='ltr'>pe-</span> 
     </span>
    </p>
   </div>
   <div class='ocr_carea' id='block_1_66' title="bbox 2191 2177 3837 2251">
    <p class='ocr_par' dir='ltr' id='par_1_66' title="bbox 2191 2177 3837 2251">
     <span class='ocr_line' id='line_1_66' title="bbox 2191 2177 3837 2251; baseline -0.002 -18"><span class='ocrx_word' id='word_1_458' title='bbox 2191 2197 2261 2235; x_wconf 90' lang='lat' dir='ltr'>ne</span> <span class='ocrx_word' id='word_1_459' title='bbox 2291 2179 2573 2234; x_wconf 89' lang='lat' dir='ltr'>intactum</span> <span class='ocrx_word' id='word_1_460' title='bbox 2609 2180 2926 2250; x_wconf 91' lang='lat' dir='ltr'>reliquerit,</span> <span class='ocrx_word' id='word_1_461' title='bbox 2960 2179 3126 2251; x_wconf 90' lang='lat' dir='ltr'>eique</span> <span class='ocrx_word' id='word_1_462' title='bbox 3161 2180 3277 2233; x_wconf 89' lang='lat' dir='ltr'>fere</span> <span class='ocrx_word' id='word_1_463' title='bbox 3325 2178 3520 2232; x_wconf 90' lang='lat' dir='ltr'>omnia</span> <span class='ocrx_word' id='word_1_464' title='bbox 3552 2179 3619 2231; x_wconf 87' lang='lat' dir='ltr'>ad</span> <span class='ocrx_word' id='word_1_465' title='bbox 3654 2177 3837 2231; x_wconf 90' lang='lat' dir='ltr'>animi</span> 
     </span>
    </p>
   </div>
   <div class='ocr_carea' id='block_1_67' title="bbox 2192 2266 3834 2330">
    <p class='ocr_par' dir='ltr' id='par_1_67' title="bbox 2192 2266 3834 2330">
     <span class='ocr_line' id='line_1_67' title="bbox 2192 2266 3834 2330; baseline -0.001 -7"><span class='ocrx_word' id='word_1_466' title='bbox 2192 2269 2547 2323; x_wconf 90' lang='lat' dir='ltr'>voluntatem</span> <span class='ocrx_word' id='word_1_467' title='bbox 2606 2270 2845 2323; x_wconf 88' lang='lat' dir='ltr'>ﬂuxisse</span> <span class='ocrx_word' id='word_1_468' title='bbox 2874 2269 3227 2323; x_wconf 90' lang='lat' dir='ltr'>viderentur.</span> <span class='ocrx_word' id='word_1_469' title='bbox 3283 2268 3509 2330; x_wconf 86' lang='lat' dir='ltr'>Quanta</span> <span class='ocrx_word' id='word_1_470' title='bbox 3534 2283 3664 2321; x_wconf 91' lang='lat' dir='ltr'>vero</span> <span class='ocrx_word' id='word_1_471' title='bbox 3699 2266 3834 2330; x_wconf 84' lang='lat' dir='ltr'>fide,</span> 
     </span>
    </p>
   </div>
   <div class='ocr_carea' id='block_1_68' title="bbox 2189 2356 3840 2429">
    <p class='ocr_par' dir='ltr' id='par_1_68' title="bbox 2189 2356 3840 2429">
     <span class='ocr_line' id='line_1_68' title="bbox 2189 2356 3840 2429; baseline -0.001 -18"><span class='ocrx_word' id='word_1_472' title='bbox 2189 2375 2362 2428; x_wconf 88' lang='lat' dir='ltr'>quam</span> <span class='ocrx_word' id='word_1_473' title='bbox 2397 2358 2618 2412; x_wconf 89' lang='lat' dir='ltr'>ardenti</span> <span class='ocrx_word' id='word_1_474' title='bbox 2653 2357 2955 2424; x_wconf 89' lang='lat' dir='ltr'>charitate,</span> <span class='ocrx_word' id='word_1_475' title='bbox 2990 2374 3163 2428; x_wconf 89' lang='lat' dir='ltr'>quam</span> <span class='ocrx_word' id='word_1_476' title='bbox 3200 2357 3487 2429; x_wconf 86' lang='lat' dir='ltr'>profunda</span> <span class='ocrx_word' id='word_1_477' title='bbox 3517 2362 3572 2410; x_wconf 84' lang='lat' dir='ltr'>et</span> <span class='ocrx_word' id='word_1_478' title='bbox 3615 2356 3840 2424; x_wconf 81' lang='lat' dir='ltr'>abjecta</span> 
     </span>
    </p>
   </div>
   <div class='ocr_carea' id='block_1_69' title="bbox 2184 2445 3838 2518">
    <p class='ocr_par' dir='ltr' id='par_1_69' title="bbox 2184 2445 3838 2518">
     <span class='ocr_line' id='line_1_69' title="bbox 2184 2445 3838 2518; baseline -0.002 -17"><span class='ocrx_word' id='word_1_479' title='bbox 2184 2447 2307 2518; x_wconf 89' lang='lat' dir='ltr'>(sed</span> <span class='ocrx_word' id='word_1_480' title='bbox 2342 2464 2444 2517; x_wconf 88' lang='lat' dir='ltr'>spe</span> <span class='ocrx_word' id='word_1_481' title='bbox 2494 2446 2801 2500; x_wconf 89' lang='lat' dir='ltr'>meliorum</span> <span class='ocrx_word' id='word_1_482' title='bbox 2836 2446 3047 2516; x_wconf 89' lang='lat' dir='ltr'>erecta)</span> <span class='ocrx_word' id='word_1_483' title='bbox 3097 2446 3428 2500; x_wconf 88' lang='lat' dir='ltr'>humilitate</span> <span class='ocrx_word' id='word_1_484' title='bbox 3460 2445 3567 2499; x_wconf 91' lang='lat' dir='ltr'>hoc</span> <span class='ocrx_word' id='word_1_485' title='bbox 3605 2460 3838 2499; x_wconf 88' lang='lat' dir='ltr'>sacrum</span> 
     </span>
    </p>
   </div>
   <div class='ocr_carea' id='block_1_70' title="bbox 2182 2532 3840 2606">
    <p class='ocr_par' dir='ltr' id='par_1_70' title="bbox 2182 2532 3840 2606">
     <span class='ocr_line' id='line_1_70' title="bbox 2182 2532 3840 2606; baseline -0.001 -19"><span class='ocrx_word' id='word_1_486' title='bbox 2182 2535 2481 2603; x_wconf 87' lang='lat' dir='ltr'>viaticum,</span> <span class='ocrx_word' id='word_1_487' title='bbox 2515 2536 2574 2589; x_wconf 90' lang='lat' dir='ltr'>in</span> <span class='ocrx_word' id='word_1_488' title='bbox 2608 2552 2722 2606; x_wconf 92' lang='lat' dir='ltr'>quo</span> <span class='ocrx_word' id='word_1_489' title='bbox 2754 2551 3054 2589; x_wconf 89' lang='lat' dir='ltr'>summum</span> <span class='ocrx_word' id='word_1_490' title='bbox 3088 2550 3318 2604; x_wconf 78' lang='lat' dir='ltr'>semper</span> <span class='ocrx_word' id='word_1_491' title='bbox 3349 2533 3685 2604; x_wconf 73' lang='lat' dir='ltr'>praesidium</span> <span class='ocrx_word' id='word_1_492' title='bbox 3720 2532 3840 2588; x_wconf 79' lang='lat' dir='ltr'>col-</span> 
     </span>
    </p>
   </div>
   <div class='ocr_carea' id='block_1_71' title="bbox 2184 2621 3840 2694">
    <p class='ocr_par' dir='ltr' id='par_1_71' title="bbox 2184 2621 3840 2694">
     <span class='ocr_line' id='line_1_71' title="bbox 2184 2621 3840 2694; baseline -0.001 -17"><span class='ocrx_word' id='word_1_493' title='bbox 2184 2623 2493 2691; x_wconf 88' lang='lat' dir='ltr'>locaverat,</span> <span class='ocrx_word' id='word_1_494' title='bbox 2528 2629 2583 2678; x_wconf 90' lang='lat' dir='ltr'>et</span> <span class='ocrx_word' id='word_1_495' title='bbox 2612 2640 2727 2694; x_wconf 91' lang='lat' dir='ltr'>quo</span> <span class='ocrx_word' id='word_1_496' title='bbox 2778 2640 2838 2677; x_wconf 91' lang='lat' dir='ltr'>se</span> <span class='ocrx_word' id='word_1_497' title='bbox 2880 2624 2937 2676; x_wconf 92' lang='lat' dir='ltr'>in</span> <span class='ocrx_word' id='word_1_498' title='bbox 2988 2622 3278 2677; x_wconf 77' lang='lat' dir='ltr'>caelestem</span> <span class='ocrx_word' id='word_1_499' title='bbox 3332 2627 3587 2676; x_wconf 87' lang='lat' dir='ltr'>montem</span> <span class='ocrx_word' id='word_1_500' title='bbox 3644 2621 3840 2675; x_wconf 87' lang='lat' dir='ltr'>invitis</span> 
     </span>
    </p>
   </div>
   <div class='ocr_carea' id='block_1_72' title="bbox 2182 2710 3833 2781">
    <p class='ocr_par' dir='ltr' id='par_1_72' title="bbox 2182 2710 3833 2781">
     <span class='ocr_line' id='line_1_72' title="bbox 2182 2710 3833 2781; baseline -0.004 -13"><span class='ocrx_word' id='word_1_501' title='bbox 2182 2713 2456 2768; x_wconf 85' lang='lat' dir='ltr'>omnibus</span> <span class='ocrx_word' id='word_1_502' title='bbox 2478 2712 2748 2767; x_wconf 89' lang='lat' dir='ltr'>hostibus</span> <span class='ocrx_word' id='word_1_503' title='bbox 2771 2727 3154 2765; x_wconf 76' lang='lat' dir='ltr'>escensurum</span> <span class='ocrx_word' id='word_1_504' title='bbox 3181 2711 3471 2781; x_wconf 86' lang='lat' dir='ltr'>sperabat,</span> <span class='ocrx_word' id='word_1_505' title='bbox 3491 2710 3833 2779; x_wconf 87' lang='lat' dir='ltr'>sumpserit,</span> 
     </span>
    </p>
   </div>
   <div class='ocr_carea' id='block_1_73' title="bbox 2182 2800 3117 2871">
    <p class='ocr_par' dir='ltr' id='par_1_73' title="bbox 2182 2800 3117 2871">
     <span class='ocr_line' id='line_1_73' title="bbox 2182 2800 3117 2871; baseline -0.002 -16"><span class='ocrx_word' id='word_1_506' title='bbox 2182 2802 2275 2855; x_wconf 93' lang='lat' dir='ltr'>vix</span> <span class='ocrx_word' id='word_1_507' title='bbox 2307 2818 2574 2856; x_wconf 90' lang='lat' dir='ltr'>sermone</span> <span class='ocrx_word' id='word_1_508' title='bbox 2604 2800 2873 2871; x_wconf 88' lang='lat' dir='ltr'>explicari</span> <span class='ocrx_word' id='word_1_509' title='bbox 2908 2803 3117 2870; x_wconf 87' lang='lat' dir='ltr'>potest.</span> 
     </span>
    </p>
   </div>
   <div class='ocr_carea' id='block_1_74' title="bbox 2253 2888 3828 2957">
    <p class='ocr_par' dir='ltr' id='par_1_74' title="bbox 2253 2888 3828 2957">
     <span class='ocr_line' id='line_1_74' title="bbox 2253 2888 3828 2957; baseline -0.004 -14"><span class='ocrx_word' id='word_1_510' title='bbox 2253 2895 2372 2945; x_wconf 91' lang='lat' dir='ltr'>Duo</span> <span class='ocrx_word' id='word_1_511' title='bbox 2404 2896 2620 2955; x_wconf 89' lang='lat' dir='ltr'>autem,</span> <span class='ocrx_word' id='word_1_512' title='bbox 2655 2892 2793 2943; x_wconf 86' lang='lat' dir='ltr'>dum</span> <span class='ocrx_word' id='word_1_513' title='bbox 2828 2888 2941 2942; x_wconf 91' lang='lat' dir='ltr'>alia</span> <span class='ocrx_word' id='word_1_514' title='bbox 2982 2888 3166 2942; x_wconf 88' lang='lat' dir='ltr'>multa</span> <span class='ocrx_word' id='word_1_515' title='bbox 3216 2895 3509 2957; x_wconf 75' lang='lat' dir='ltr'>praetereo,</span> <span class='ocrx_word' id='word_1_516' title='bbox 3544 2891 3667 2941; x_wconf 91' lang='lat' dir='ltr'>tum</span> <span class='ocrx_word' id='word_1_517' title='bbox 3700 2902 3828 2938; x_wconf 90' lang='lat' dir='ltr'>ma-</span> 
     </span>
    </p>
   </div>
   <div class='ocr_carea' id='block_1_75' title="bbox 2178 2974 3829 3049">
    <p class='ocr_par' dir='ltr' id='par_1_75' title="bbox 2178 2974 3829 3049">
     <span class='ocr_line' id='line_1_75' title="bbox 2178 2974 3829 3049; baseline -0.002 -17"><span class='ocrx_word' id='word_1_518' title='bbox 2178 2979 2329 3034; x_wconf 81' lang='lat' dir='ltr'>xime</span> <span class='ocrx_word' id='word_1_519' title='bbox 2362 2979 2648 3049; x_wconf 67' lang='lat' dir='ltr'>praestitit.</span> <span class='ocrx_word' id='word_1_520' title='bbox 2682 2977 2965 3046; x_wconf 83' lang='lat' dir='ltr'>Alterum,</span> <span class='ocrx_word' id='word_1_521' title='bbox 3001 2977 3178 3047; x_wconf 89' lang='lat' dir='ltr'>quod,</span> <span class='ocrx_word' id='word_1_522' title='bbox 3209 2977 3330 3030; x_wconf 85' lang='lat' dir='ltr'>viso</span> <span class='ocrx_word' id='word_1_523' title='bbox 3358 2975 3624 3043; x_wconf 91' lang='lat' dir='ltr'>Domino,</span> <span class='ocrx_word' id='word_1_524' title='bbox 3656 2974 3705 3029; x_wconf 91' lang='lat' dir='ltr'>ei</span> <span class='ocrx_word' id='word_1_525' title='bbox 3757 2976 3829 3029; x_wconf 90' lang='lat' dir='ltr'>de</span> 
     </span>
    </p>
   </div>
   <div class='ocr_carea' id='block_1_76' title="bbox 2176 3063 3829 3137">
    <p class='ocr_par' dir='ltr' id='par_1_76' title="bbox 2176 3063 3829 3137">
     <span class='ocr_line' id='line_1_76' title="bbox 2176 3063 3829 3137; baseline -0.002 -16"><span class='ocrx_word' id='word_1_526' title='bbox 2176 3071 2260 3121; x_wconf 91' lang='lat' dir='ltr'>tot</span> <span class='ocrx_word' id='word_1_527' title='bbox 2291 3068 2590 3137; x_wconf 87' lang='lat' dir='ltr'>tantisque</span> <span class='ocrx_word' id='word_1_528' title='bbox 2640 3067 2709 3122; x_wconf 91' lang='lat' dir='ltr'>ab</span> <span class='ocrx_word' id='word_1_529' title='bbox 2760 3084 2825 3121; x_wconf 92' lang='lat' dir='ltr'>eo</span> <span class='ocrx_word' id='word_1_530' title='bbox 2876 3066 3127 3135; x_wconf 88' lang='lat' dir='ltr'>acceptis</span> <span class='ocrx_word' id='word_1_531' title='bbox 3173 3063 3466 3118; x_wconf 79' lang='lat' dir='ltr'>beneficiis</span> <span class='ocrx_word' id='word_1_532' title='bbox 3514 3063 3731 3134; x_wconf 84' lang='lat' dir='ltr'>gratias</span> <span class='ocrx_word' id='word_1_533' title='bbox 3761 3080 3829 3117; x_wconf 85' lang='lat' dir='ltr'>ex</span> 
     </span>
    </p>
   </div>
   <div class='ocr_carea' id='block_1_77' title="bbox 2176 3152 3824 3226">
    <p class='ocr_par' dir='ltr' id='par_1_77' title="bbox 2176 3152 3824 3226">
     <span class='ocr_line' id='line_1_77' title="bbox 2176 3152 3824 3226; baseline -0.004 -15"><span class='ocrx_word' id='word_1_534' title='bbox 2176 3157 2393 3220; x_wconf 90' lang='lat' dir='ltr'>animo,</span> <span class='ocrx_word' id='word_1_535' title='bbox 2426 3161 2482 3209; x_wconf 90' lang='lat' dir='ltr'>et</span> <span class='ocrx_word' id='word_1_536' title='bbox 2530 3160 2782 3226; x_wconf 89' lang='lat' dir='ltr'>quantas</span> <span class='ocrx_word' id='word_1_537' title='bbox 2834 3153 3039 3225; x_wconf 88' lang='lat' dir='ltr'>potuit,</span> <span class='ocrx_word' id='word_1_538' title='bbox 3092 3154 3293 3224; x_wconf 87' lang='lat' dir='ltr'>egerit,</span> <span class='ocrx_word' id='word_1_539' title='bbox 3339 3168 3404 3206; x_wconf 89' lang='lat' dir='ltr'>ac</span> <span class='ocrx_word' id='word_1_540' title='bbox 3449 3152 3824 3222; x_wconf 89' lang='lat' dir='ltr'>potissimum</span> 
     </span>
    </p>
   </div>
   <div class='ocr_carea' id='block_1_78' title="bbox 2175 3241 3831 3316">
    <p class='ocr_par' dir='ltr' id='par_1_78' title="bbox 2175 3241 3831 3316">
     <span class='ocr_line' id='line_1_78' title="bbox 2175 3241 3831 3316; baseline -0.003 -17"><span class='ocrx_word' id='word_1_541' title='bbox 2175 3245 2328 3316; x_wconf 90' lang='lat' dir='ltr'>quod</span> <span class='ocrx_word' id='word_1_542' title='bbox 2364 3250 2795 3315; x_wconf 86' lang='lat' dir='ltr'>peropportune</span> <span class='ocrx_word' id='word_1_543' title='bbox 2828 3249 2883 3296; x_wconf 89' lang='lat' dir='ltr'>et</span> <span class='ocrx_word' id='word_1_544' title='bbox 2913 3244 2983 3297; x_wconf 90' lang='lat' dir='ltr'>ad</span> <span class='ocrx_word' id='word_1_545' title='bbox 3016 3242 3141 3295; x_wconf 75' lang='lat' dir='ltr'>vitae</span> <span class='ocrx_word' id='word_1_546' title='bbox 3174 3246 3495 3295; x_wconf 87' lang='lat' dir='ltr'>extremum</span> <span class='ocrx_word' id='word_1_547' title='bbox 3530 3242 3718 3311; x_wconf 89' lang='lat' dir='ltr'>(quasi</span> <span class='ocrx_word' id='word_1_548' title='bbox 3753 3241 3831 3293; x_wconf 92' lang='lat' dir='ltr'>vi-</span> 
     </span>
    </p>
   </div>
   <div class='ocr_carea' id='block_1_79' title="bbox 2177 3329 3827 3402">
    <p class='ocr_par' dir='ltr' id='par_1_79' title="bbox 2177 3329 3827 3402">
     <span class='ocr_line' id='line_1_79' title="bbox 2177 3329 3827 3402; baseline -0.003 -15"><span class='ocrx_word' id='word_1_549' title='bbox 2177 3334 2339 3387; x_wconf 87' lang='lat' dir='ltr'>deret</span> <span class='ocrx_word' id='word_1_550' title='bbox 2372 3334 2425 3386; x_wconf 90' lang='lat' dir='ltr'>in</span> <span class='ocrx_word' id='word_1_551' title='bbox 2461 3350 2522 3387; x_wconf 91' lang='lat' dir='ltr'>se</span> <span class='ocrx_word' id='word_1_552' title='bbox 2553 3333 2956 3402; x_wconf 87' lang='lat' dir='ltr'>adimpletum,</span> <span class='ocrx_word' id='word_1_553' title='bbox 2992 3331 3146 3401; x_wconf 91' lang='lat' dir='ltr'>quod</span> <span class='ocrx_word' id='word_1_554' title='bbox 3193 3331 3440 3385; x_wconf 88' lang='lat' dir='ltr'>summis</span> <span class='ocrx_word' id='word_1_555' title='bbox 3471 3331 3618 3383; x_wconf 91' lang='lat' dir='ltr'>votis</span> <span class='ocrx_word' id='word_1_556' title='bbox 3656 3329 3827 3383; x_wconf 88' lang='lat' dir='ltr'>David</span> 
     </span>
    </p>
   </div>
   <div class='ocr_carea' id='block_1_80' title="bbox 2182 3420 3833 3492">
    <p class='ocr_par' dir='ltr' id='par_1_80' title="bbox 2182 3420 3833 3492">
     <span class='ocr_line' id='line_1_80' title="bbox 2182 3420 3833 3492; baseline -0.002 -16"><span class='ocrx_word' id='word_1_557' title='bbox 2182 3422 2456 3492; x_wconf 90' lang='lat' dir='ltr'>poscebat</span> <span class='ocrx_word' id='word_1_558' title='bbox 2504 3421 2592 3473; x_wconf 90' lang='lat' dir='ltr'>his</span> <span class='ocrx_word' id='word_1_559' title='bbox 2646 3420 2881 3473; x_wconf 88' lang='lat' dir='ltr'>verbis:</span> <span class='ocrx_word' id='word_1_560' title='bbox 2938 3420 3011 3473; x_wconf 85' lang='lat' dir='ltr'>Ne</span> <span class='ocrx_word' id='word_1_561' title='bbox 3052 3420 3310 3489; x_wconf 68' lang='lat' dir='ltr'>prnjzcz’as</span> <span class='ocrx_word' id='word_1_562' title='bbox 3354 3436 3440 3472; x_wconf 83' lang='lat' dir='ltr'>me</span> <span class='ocrx_word' id='word_1_563' title='bbox 3487 3420 3547 3471; x_wconf 83' lang='lat' dir='ltr'>in</span> <span class='ocrx_word' id='word_1_564' title='bbox 3596 3428 3833 3489; x_wconf 76' lang='lat' dir='ltr'>tempore</span> 
     </span>
    </p>
   </div>
   <div class='ocr_carea' id='block_1_81' title="bbox 2182 3507 3835 3578">
    <p class='ocr_par' dir='ltr' id='par_1_81' title="bbox 2182 3507 3835 3578">
     <span class='ocr_line' id='line_1_81' title="bbox 2182 3507 3835 3578; baseline -0.002 -13"><span class='ocrx_word' id='word_1_565' title='bbox 2182 3512 2495 3574; x_wconf 79' lang='lat' dir='ltr'>senectutis,</span> <span class='ocrx_word' id='word_1_566' title='bbox 2527 3526 2647 3562; x_wconf 84' lang='lat' dir='ltr'>cum</span> <span class='ocrx_word' id='word_1_567' title='bbox 2681 3508 2936 3578; x_wconf 75' lang='lat' dir='ltr'>defecerit</span> <span class='ocrx_word' id='word_1_568' title='bbox 2986 3510 3159 3561; x_wconf 83' lang='lat' dir='ltr'>virtus</span> <span class='ocrx_word' id='word_1_569' title='bbox 3190 3524 3329 3576; x_wconf 85' lang='lat' dir='ltr'>mea,</span> <span class='ocrx_word' id='word_1_570' title='bbox 3375 3524 3443 3561; x_wconf 80' lang='lat' dir='ltr'>ne</span> <span class='ocrx_word' id='word_1_571' title='bbox 3482 3507 3835 3578; x_wconf 78' lang='lat' dir='ltr'>derelinquas</span> 
     </span>
    </p>
   </div>
   <div class='ocr_carea' id='block_1_82' title="bbox 2184 3598 3836 3667">
    <p class='ocr_par' dir='ltr' id='par_1_82' title="bbox 2184 3598 3836 3667">
     <span class='ocr_line' id='line_1_82' title="bbox 2184 3598 3836 3667; baseline -0.002 -14"><span class='ocrx_word' id='word_1_572' title='bbox 2184 3616 2268 3653; x_wconf 82' lang='lat' dir='ltr'>me</span> <span class='ocrx_word' id='word_1_573' title='bbox 2299 3600 2365 3667; x_wconf 70' lang='lat'>93)</span> <span class='ocrx_word' id='word_1_574' title='bbox 2398 3598 2683 3652; x_wconf 90' lang='lat' dir='ltr'>Dominus</span> <span class='ocrx_word' id='word_1_575' title='bbox 2715 3613 2967 3662; x_wconf 86' lang='lat' dir='ltr'>servum,</span> <span class='ocrx_word' id='word_1_576' title='bbox 3004 3601 3153 3650; x_wconf 89' lang='lat' dir='ltr'>Deus</span> <span class='ocrx_word' id='word_1_577' title='bbox 3184 3601 3537 3663; x_wconf 89' lang='lat' dir='ltr'>creaturam,</span> <span class='ocrx_word' id='word_1_578' title='bbox 3570 3612 3668 3650; x_wconf 82' lang='lat' dir='ltr'>rex</span> <span class='ocrx_word' id='word_1_579' title='bbox 3698 3599 3836 3651; x_wconf 90' lang='lat' dir='ltr'>sub-</span> 
     </span>
    </p>
   </div>
   <div class='ocr_carea' id='block_1_83' title="bbox 2185 3686 3835 3756">
    <p class='ocr_par' dir='ltr' id='par_1_83' title="bbox 2185 3686 3835 3756">
     <span class='ocr_line' id='line_1_83' title="bbox 2185 3686 3835 3756; baseline 0 -16"><span class='ocrx_word' id='word_1_580' title='bbox 2185 3689 2396 3751; x_wconf 91' lang='lat' dir='ltr'>ditum,</span> <span class='ocrx_word' id='word_1_581' title='bbox 2421 3702 2693 3741; x_wconf 90' lang='lat' dir='ltr'>summus</span> <span class='ocrx_word' id='word_1_582' title='bbox 2729 3686 2991 3740; x_wconf 88' lang='lat' dir='ltr'>medicus</span> <span class='ocrx_word' id='word_1_583' title='bbox 3022 3686 3459 3756; x_wconf 69' lang='lat' dir='ltr'>asgrotum,vita</span> <span class='ocrx_word' id='word_1_584' title='bbox 3493 3686 3835 3740; x_wconf 90' lang='lat' dir='ltr'>morientem</span> 
     </span>
    </p>
   </div>
   <div class='ocr_carea' id='block_1_84' title="bbox 2185 3774 3835 3845">
    <p class='ocr_par' dir='ltr' id='par_1_84' title="bbox 2185 3774 3835 3845">
     <span class='ocr_line' id='line_1_84' title="bbox 2185 3774 3835 3845; baseline -0.002 -15"><span class='ocrx_word' id='word_1_585' title='bbox 2185 3776 2454 3842; x_wconf 89' lang='lat' dir='ltr'>invisere,</span> <span class='ocrx_word' id='word_1_586' title='bbox 2488 3782 2544 3829; x_wconf 89' lang='lat' dir='ltr'>et</span> <span class='ocrx_word' id='word_1_587' title='bbox 2578 3776 2686 3829; x_wconf 91' lang='lat' dir='ltr'>sub</span> <span class='ocrx_word' id='word_1_588' title='bbox 2718 3778 2938 3828; x_wconf 84' lang='lat' dir='ltr'>tectum</span> <span class='ocrx_word' id='word_1_589' title='bbox 2966 3791 3139 3828; x_wconf 83' lang='lat' dir='ltr'>suum</span> <span class='ocrx_word' id='word_1_590' title='bbox 3173 3774 3390 3829; x_wconf 88' lang='lat' dir='ltr'>intrare</span> <span class='ocrx_word' id='word_1_591' title='bbox 3424 3774 3702 3845; x_wconf 90' lang='lat' dir='ltr'>dignatus</span> <span class='ocrx_word' id='word_1_592' title='bbox 3738 3774 3835 3841; x_wconf 89' lang='lat' dir='ltr'>sit,</span> 
     </span>
    </p>
   </div>
   <div class='ocr_carea' id='block_1_85' title="bbox 2188 3864 3837 3934">
    <p class='ocr_par' dir='ltr' id='par_1_85' title="bbox 2188 3864 3837 3934">
     <span class='ocr_line' id='line_1_85' title="bbox 2188 3864 3837 3934; baseline -0.001 -14"><span class='ocrx_word' id='word_1_593' title='bbox 2188 3883 2252 3920; x_wconf 87' lang='lat' dir='ltr'>ac</span> <span class='ocrx_word' id='word_1_594' title='bbox 2284 3882 2416 3919; x_wconf 90' lang='lat' dir='ltr'>cum</span> <span class='ocrx_word' id='word_1_595' title='bbox 2450 3881 2513 3918; x_wconf 92' lang='lat' dir='ltr'>eo</span> <span class='ocrx_word' id='word_1_596' title='bbox 2548 3864 2704 3919; x_wconf 89' lang='lat' dir='ltr'>velut</span> <span class='ocrx_word' id='word_1_597' title='bbox 2734 3865 2793 3917; x_wconf 91' lang='lat' dir='ltr'>in</span> <span class='ocrx_word' id='word_1_598' title='bbox 2826 3864 2968 3917; x_wconf 92' lang='lat' dir='ltr'>lecto</span> <span class='ocrx_word' id='word_1_599' title='bbox 3000 3864 3483 3934; x_wconf 81' lang='lat' dir='ltr'>decumbere,qui</span> <span class='ocrx_word' id='word_1_600' title='bbox 3510 3880 3640 3917; x_wconf 91' lang='lat' dir='ltr'>cum</span> <span class='ocrx_word' id='word_1_601' title='bbox 3670 3864 3837 3918; x_wconf 87' lang='lat' dir='ltr'>Jose-</span> 
     </span>
    </p>
   </div>
   <div class='ocr_carea' id='block_1_86' title="bbox 2187 3950 3833 4025">
    <p class='ocr_par' dir='ltr' id='par_1_86' title="bbox 2187 3950 3833 4025">
     <span class='ocr_line' id='line_1_86' title="bbox 2187 3950 3833 4025; baseline -0.001 -19"><span class='ocrx_word' id='word_1_602' title='bbox 2187 3954 2303 4025; x_wconf 90' lang='lat' dir='ltr'>pho</span> <span class='ocrx_word' id='word_1_603' title='bbox 2338 3954 2523 4007; x_wconf 86' lang='lat' dir='ltr'>fuerat</span> <span class='ocrx_word' id='word_1_604' title='bbox 2552 3952 2609 4004; x_wconf 88' lang='lat' dir='ltr'>in</span> <span class='ocrx_word' id='word_1_605' title='bbox 2635 3967 2883 4015; x_wconf 90' lang='lat' dir='ltr'>carcere,</span> <span class='ocrx_word' id='word_1_606' title='bbox 2909 3956 2963 4005; x_wconf 90' lang='lat' dir='ltr'>et</span> <span class='ocrx_word' id='word_1_607' title='bbox 2993 3967 3125 4005; x_wconf 92' lang='lat' dir='ltr'>cum</span> <span class='ocrx_word' id='word_1_608' title='bbox 3154 3951 3376 4005; x_wconf 89' lang='lat' dir='ltr'>Jonain</span> <span class='ocrx_word' id='word_1_609' title='bbox 3402 3950 3577 4022; x_wconf 92' lang='lat' dir='ltr'>piscis</span> <span class='ocrx_word' id='word_1_610' title='bbox 3600 3956 3833 4006; x_wconf 89' lang='lat' dir='ltr'>ventre:</span> 
     </span>
    </p>
   </div>
   <div class='ocr_carea' id='block_1_87' title="bbox 2186 4039 3836 4112">
    <p class='ocr_par' dir='ltr' id='par_1_87' title="bbox 2186 4039 3836 4112">
     <span class='ocr_line' id='line_1_87' title="bbox 2186 4039 3836 4112; baseline -0.002 -15"><span class='ocrx_word' id='word_1_611' title='bbox 2186 4043 2422 4097; x_wconf 84' lang='lat' dir='ltr'>Amicus</span> <span class='ocrx_word' id='word_1_612' title='bbox 2441 4041 2657 4112; x_wconf 91' lang='lat' dir='ltr'>quippe</span> <span class='ocrx_word' id='word_1_613' title='bbox 2674 4045 2866 4094; x_wconf 89' lang='lat' dir='ltr'>certus</span> <span class='ocrx_word' id='word_1_614' title='bbox 2885 4040 2940 4093; x_wconf 92' lang='lat' dir='ltr'>in</span> <span class='ocrx_word' id='word_1_615' title='bbox 2958 4039 3247 4094; x_wconf 82' lang='lat' dir='ltr'>reincerta</span> <span class='ocrx_word' id='word_1_616' title='bbox 3259 4041 3536 4094; x_wconf 88' lang='lat' dir='ltr'>cernitur.</span> <span class='ocrx_word' id='word_1_617' title='bbox 3553 4041 3836 4105; x_wconf 83' lang='lat' dir='ltr'>Alterum,</span> 
     </span>
    </p>
   </div>
   <div class='ocr_carea' id='block_1_88' title="bbox 2188 4128 3837 4203">
    <p class='ocr_par' dir='ltr' id='par_1_88' title="bbox 2188 4128 3837 4203">
     <span class='ocr_line' id='line_1_88' title="bbox 2188 4128 3837 4203; baseline -0.003 -18"><span class='ocrx_word' id='word_1_618' title='bbox 2188 4132 2343 4203; x_wconf 92' lang='lat' dir='ltr'>quod</span> <span class='ocrx_word' id='word_1_619' title='bbox 2377 4128 2692 4185; x_wconf 90' lang='lat' dir='ltr'>commissa</span> <span class='ocrx_word' id='word_1_620' title='bbox 2723 4145 2831 4183; x_wconf 91' lang='lat' dir='ltr'>sua</span> <span class='ocrx_word' id='word_1_621' title='bbox 2878 4128 3221 4199; x_wconf 86' lang='lat' dir='ltr'>gravissime</span> <span class='ocrx_word' id='word_1_622' title='bbox 3260 4129 3601 4197; x_wconf 89' lang='lat' dir='ltr'>detestatus,</span> <span class='ocrx_word' id='word_1_623' title='bbox 3636 4144 3837 4183; x_wconf 90' lang='lat' dir='ltr'>eorum</span> 
     </span>
    </p>
   </div>
   <div class='ocr_carea' id='block_1_89' title="bbox 2188 4216 3842 4288">
    <p class='ocr_par' dir='ltr' id='par_1_89' title="bbox 2188 4216 3842 4288">
     <span class='ocr_line' id='line_1_89' title="bbox 2188 4216 3842 4288; baseline -0.003 -12"><span class='ocrx_word' id='word_1_624' title='bbox 2188 4222 2415 4276; x_wconf 84' lang='lat' dir='ltr'>veniam</span> <span class='ocrx_word' id='word_1_625' title='bbox 2450 4235 2684 4273; x_wconf 89' lang='lat' dir='ltr'>summa</span> <span class='ocrx_word' id='word_1_626' title='bbox 2715 4234 2847 4271; x_wconf 90' lang='lat' dir='ltr'>cum</span> <span class='ocrx_word' id='word_1_627' title='bbox 2880 4216 3237 4288; x_wconf 82' lang='lat' dir='ltr'>pcenitudine</span> <span class='ocrx_word' id='word_1_628' title='bbox 3254 4222 3309 4270; x_wconf 91' lang='lat' dir='ltr'>et</span> <span class='ocrx_word' id='word_1_629' title='bbox 3326 4219 3518 4272; x_wconf 83' lang='lat' dir='ltr'>cordis</span> <span class='ocrx_word' id='word_1_630' title='bbox 3547 4216 3842 4272; x_wconf 88' lang='lat' dir='ltr'>contritio-</span> 
     </span>
    </p>
   </div>
   <div class='ocr_carea' id='block_1_90' title="bbox 2191 4305 3839 4379">
    <p class='ocr_par' dir='ltr' id='par_1_90' title="bbox 2191 4305 3839 4379">
     <span class='ocr_line' id='line_1_90' title="bbox 2191 4305 3839 4379; baseline -0.004 -14"><span class='ocrx_word' id='word_1_631' title='bbox 2191 4327 2262 4365; x_wconf 91' lang='lat' dir='ltr'>ne</span> <span class='ocrx_word' id='word_1_632' title='bbox 2292 4307 2606 4379; x_wconf 89' lang='lat' dir='ltr'>petierit.In</span> <span class='ocrx_word' id='word_1_633' title='bbox 2644 4306 2859 4376; x_wconf 91' lang='lat' dir='ltr'>quibus</span> <span class='ocrx_word' id='word_1_634' title='bbox 2889 4311 3008 4359; x_wconf 89' lang='lat' dir='ltr'>tam</span> <span class='ocrx_word' id='word_1_635' title='bbox 3030 4305 3143 4375; x_wconf 91' lang='lat' dir='ltr'>piis</span> <span class='ocrx_word' id='word_1_636' title='bbox 3164 4311 3220 4359; x_wconf 86' lang='lat' dir='ltr'>et</span> <span class='ocrx_word' id='word_1_637' title='bbox 3242 4305 3604 4375; x_wconf 80' lang='lat' dir='ltr'>elegantibus</span> <span class='ocrx_word' id='word_1_638' title='bbox 3626 4305 3839 4371; x_wconf 92' lang='lat' dir='ltr'>verbis,</span> 
     </span>
    </p>
   </div>
   <div class='ocr_carea' id='block_1_91' title="bbox 2192 4395 3845 4467">
    <p class='ocr_par' dir='ltr' id='par_1_91' title="bbox 2192 4395 3845 4467">
     <span class='ocr_line' id='line_1_91' title="bbox 2192 4395 3845 4467; baseline -0.004 -14"><span class='ocrx_word' id='word_1_639' title='bbox 2192 4402 2291 4453; x_wconf 89' lang='lat' dir='ltr'>aut</span> <span class='ocrx_word' id='word_1_640' title='bbox 2320 4398 2476 4452; x_wconf 84' lang='lat' dir='ltr'>velut</span> <span class='ocrx_word' id='word_1_641' title='bbox 2500 4412 2715 4467; x_wconf 78' lang='lat' dir='ltr'>cygneo</span> <span class='ocrx_word' id='word_1_642' title='bbox 2751 4395 3003 4466; x_wconf 86' lang='lat' dir='ltr'>quodam</span> <span class='ocrx_word' id='word_1_643' title='bbox 3040 4399 3217 4448; x_wconf 90' lang='lat' dir='ltr'>cantu</span> <span class='ocrx_word' id='word_1_644' title='bbox 3251 4411 3396 4447; x_wconf 90' lang='lat' dir='ltr'>usus</span> <span class='ocrx_word' id='word_1_645' title='bbox 3426 4400 3536 4457; x_wconf 89' lang='lat' dir='ltr'>est,</span> <span class='ocrx_word' id='word_1_646' title='bbox 3558 4400 3619 4449; x_wconf 91' lang='lat' dir='ltr'>ut</span> <span class='ocrx_word' id='word_1_647' title='bbox 3651 4400 3845 4448; x_wconf 86' lang='lat' dir='ltr'>astan—</span> 
     </span>
    </p>
   </div>
   <div class='ocr_carea' id='block_1_92' title="bbox 2193 4483 3845 4555">
    <p class='ocr_par' dir='ltr' id='par_1_92' title="bbox 2193 4483 3845 4555">
     <span class='ocr_line' id='line_1_92' title="bbox 2193 4483 3845 4555; baseline -0.003 -14"><span class='ocrx_word' id='word_1_648' title='bbox 2193 4492 2278 4541; x_wconf 90' lang='lat' dir='ltr'>tes</span> <span class='ocrx_word' id='word_1_649' title='bbox 2311 4487 2367 4540; x_wconf 91' lang='lat' dir='ltr'>in</span> <span class='ocrx_word' id='word_1_650' title='bbox 2413 4486 2504 4539; x_wconf 91' lang='lat' dir='ltr'>sui</span> <span class='ocrx_word' id='word_1_651' title='bbox 2556 4484 3003 4539; x_wconf 85' lang='lat' dir='ltr'>admirationem</span> <span class='ocrx_word' id='word_1_652' title='bbox 3057 4490 3303 4553; x_wconf 86' lang='lat' dir='ltr'>raperet,</span> <span class='ocrx_word' id='word_1_653' title='bbox 3337 4500 3400 4538; x_wconf 90' lang='lat' dir='ltr'>ac</span> <span class='ocrx_word' id='word_1_654' title='bbox 3433 4484 3515 4538; x_wconf 89' lang='lat' dir='ltr'>eis</span> <span class='ocrx_word' id='word_1_655' title='bbox 3558 4483 3845 4555; x_wconf 77' lang='lat' dir='ltr'>lacrymas</span> 
     </span>
    </p>
   </div>
   <div class='ocr_carea' id='block_1_93' title="bbox 2193 4579 2502 4630">
    <p class='ocr_par' dir='ltr' id='par_1_93' title="bbox 2193 4579 2502 4630">
     <span class='ocr_line' id='line_1_93' title="bbox 2193 4579 2502 4630; baseline -0.006 0"><span class='ocrx_word' id='word_1_656' title='bbox 2193 4579 2502 4630; x_wconf 87' lang='lat' dir='ltr'>excuteret.</span> 
     </span>
    </p>
   </div>
   <div class='ocr_carea' id='block_1_94' title="bbox 432 4659 3844 4745">
    <p class='ocr_par' dir='ltr' id='par_1_94' title="bbox 432 4659 3844 4745">
     <span class='ocr_line' id='line_1_94' title="bbox 432 4659 3844 4745; baseline -0.001 -30"><span class='ocrx_word' id='word_1_657' title='bbox 432 4662 672 4716; x_wconf 82' lang='lat' dir='ltr'>haberet</span> <span class='ocrx_word' id='word_1_658' title='bbox 702 4661 938 4733; x_wconf 88' lang='lat' dir='ltr'>ingenii,</span> <span class='ocrx_word' id='word_1_659' title='bbox 974 4663 1270 4731; x_wconf 77' lang='lat' dir='ltr'>doctrinzs,</span> <span class='ocrx_word' id='word_1_660' title='bbox 1304 4682 1503 4735; x_wconf 89' lang='lat' dir='ltr'>opum,</span> <span class='ocrx_word' id='word_1_661' title='bbox 1537 4670 1593 4719; x_wconf 90' lang='lat' dir='ltr'>et</span> <span class='ocrx_word' id='word_1_662' title='bbox 1620 4665 1836 4719; x_wconf 90' lang='lat' dir='ltr'>virium</span> <span class='ocrx_word' id='word_1_663' title='bbox 1868 4664 1925 4717; x_wconf 93' lang='lat' dir='ltr'>in</span> <span class='ocrx_word' id='word_1_664' title='bbox 1955 4664 2083 4733; x_wconf 85' lang='lat' dir='ltr'>ejus</span> <span class='ocrx_word' id='word_1_665' title='bbox 2115 4682 2159 4745; x_wconf 69' lang='grc' dir='ltr'>Ι)</span> <span class='ocrx_word' id='word_1_666' title='bbox 2262 4664 2455 4717; x_wconf 87' lang='lat' dir='ltr'>Pridie</span> <span class='ocrx_word' id='word_1_667' title='bbox 2487 4677 2617 4716; x_wconf 90' lang='lat' dir='ltr'>vero</span> <span class='ocrx_word' id='word_1_668' title='bbox 2674 4676 2848 4731; x_wconf 90' lang='lat' dir='ltr'>quam</span> <span class='ocrx_word' id='word_1_669' title='bbox 2891 4659 3043 4730; x_wconf 88' lang='lat' dir='ltr'>piam</span> <span class='ocrx_word' id='word_1_670' title='bbox 3097 4660 3321 4715; x_wconf 76' lang='lat' dir='ltr'>efflaret</span> <span class='ocrx_word' id='word_1_671' title='bbox 3377 4661 3631 4714; x_wconf 89' lang='lat' dir='ltr'>animam</span> <span class='ocrx_word' id='word_1_672' title='bbox 3681 4674 3844 4711; x_wconf 88' lang='lat' dir='ltr'>sacro</span> 
     </span>
    </p>
   </div>
   <div class='ocr_carea' id='block_1_95' title="bbox 434 4750 2083 4824">
    <p class='ocr_par' dir='ltr' id='par_1_95' title="bbox 434 4750 2083 4824">
     <span class='ocr_line' id='line_1_95' title="bbox 434 4750 2083 4824; baseline 0.002 -20"><span class='ocrx_word' id='word_1_673' title='bbox 434 4750 746 4805; x_wconf 88' lang='lat' dir='ltr'>utilitatem</span> <span class='ocrx_word' id='word_1_674' title='bbox 780 4758 835 4805; x_wconf 90' lang='lat' dir='ltr'>et</span> <span class='ocrx_word' id='word_1_675' title='bbox 864 4752 1209 4823; x_wconf 87' lang='lat' dir='ltr'>obsequium</span> <span class='ocrx_word' id='word_1_676' title='bbox 1236 4754 1605 4824; x_wconf 88' lang='lat' dir='ltr'>profundere,</span> <span class='ocrx_word' id='word_1_677' title='bbox 1633 4755 1979 4823; x_wconf 89' lang='lat' dir='ltr'>timeretque</span> <span class='ocrx_word' id='word_1_678' title='bbox 2012 4770 2083 4807; x_wconf 90' lang='lat' dir='ltr'>ne</span> 
     </span>
    </p>
   </div>
   <div class='ocr_carea' id='block_1_96' title="bbox 437 4839 2080 4912">
    <p class='ocr_par' dir='ltr' id='par_1_96' title="bbox 437 4839 2080 4912">
     <span class='ocr_line' id='line_1_96' title="bbox 437 4839 2080 4912; baseline 0 -18"><span class='ocrx_word' id='word_1_679' title='bbox 437 4852 617 4894; x_wconf 80' lang='lat' dir='ltr'>morte</span> <span class='ocrx_word' id='word_1_680' title='bbox 650 4856 825 4911; x_wconf 81' lang='lat' dir='ltr'>quam</span> <span class='ocrx_word' id='word_1_681' title='bbox 878 4839 960 4894; x_wconf 90' lang='lat' dir='ltr'>illi</span> <span class='ocrx_word' id='word_1_682' title='bbox 1015 4842 1346 4912; x_wconf 88' lang='lat' dir='ltr'>frequentes</span> <span class='ocrx_word' id='word_1_683' title='bbox 1396 4842 1584 4897; x_wconf 91' lang='lat' dir='ltr'>morbi</span> <span class='ocrx_word' id='word_1_684' title='bbox 1634 4841 2080 4910; x_wconf 86' lang='lat' dir='ltr'>minitabantur,</span> 
     </span>
    </p>
   </div>
   <div class='ocr_carea' id='block_1_97' title="bbox 436 4929 2085 5002">
    <p class='ocr_par' dir='ltr' id='par_1_97' title="bbox 436 4929 2085 5002">
     <span class='ocr_line' id='line_1_97' title="bbox 436 4929 2085 5002; baseline -0.001 -18"><span class='ocrx_word' id='word_1_685' title='bbox 436 4936 755 5001; x_wconf 77' lang='lat' dir='ltr'>praereptus</span> <span class='ocrx_word' id='word_1_686' title='bbox 790 4930 1016 4986; x_wconf 78' lang='lat' dir='ltr'>labores</span> <span class='ocrx_word' id='word_1_687' title='bbox 1048 4949 1185 4987; x_wconf 90' lang='lat' dir='ltr'>suos</span> <span class='ocrx_word' id='word_1_688' title='bbox 1216 4938 1273 4986; x_wconf 89' lang='lat' dir='ltr'>et</span> <span class='ocrx_word' id='word_1_689' title='bbox 1302 4934 1498 4987; x_wconf 90' lang='lat' dir='ltr'>studia</span> <span class='ocrx_word' id='word_1_690' title='bbox 1531 4931 1855 5002; x_wconf 88' lang='lat' dir='ltr'>posteritati</span> <span class='ocrx_word' id='word_1_691' title='bbox 1913 4929 2085 4984; x_wconf 90' lang='lat' dir='ltr'>relin-</span> 
     </span>
    </p>
   </div>
   <div class='ocr_carea' id='block_1_98' title="bbox 436 5019 2084 5090">
    <p class='ocr_par' dir='ltr' id='par_1_98' title="bbox 436 5019 2084 5090">
     <span class='ocr_line' id='line_1_98' title="bbox 436 5019 2084 5090; baseline -0.001 -18"><span class='ocrx_word' id='word_1_692' title='bbox 436 5036 612 5089; x_wconf 92' lang='lat' dir='ltr'>quere</span> <span class='ocrx_word' id='word_1_693' title='bbox 662 5037 774 5074; x_wconf 91' lang='lat' dir='ltr'>non</span> <span class='ocrx_word' id='word_1_694' title='bbox 824 5026 1036 5090; x_wconf 87' lang='lat' dir='ltr'>posset,</span> <span class='ocrx_word' id='word_1_695' title='bbox 1068 5037 1096 5074; x_wconf 89' lang='lat' dir='ltr'>e</span> <span class='ocrx_word' id='word_1_696' title='bbox 1127 5021 1450 5075; x_wconf 89' lang='lat' dir='ltr'>Turonensi</span> <span class='ocrx_word' id='word_1_697' title='bbox 1497 5019 1833 5074; x_wconf 89' lang='lat' dir='ltr'>Tossiniaco</span> <span class='ocrx_word' id='word_1_698' title='bbox 1886 5024 2084 5072; x_wconf 88' lang='lat' dir='ltr'>nostro</span> 
     </span>
    </p>
   </div>
   <div class='ocr_carea' id='block_1_99' title="bbox 434 5107 2089 5178">
    <p class='ocr_par' dir='ltr' id='par_1_99' title="bbox 434 5107 2089 5178">
     <span class='ocr_line' id='line_1_99' title="bbox 434 5107 2089 5178; baseline 0 -18"><span class='ocrx_word' id='word_1_699' title='bbox 434 5109 695 5161; x_wconf 89' lang='lat' dir='ltr'>nondum</span> <span class='ocrx_word' id='word_1_700' title='bbox 732 5109 875 5163; x_wconf 89' lang='lat' dir='ltr'>bene</span> <span class='ocrx_word' id='word_1_701' title='bbox 896 5110 1206 5164; x_wconf 77' lang='lat' dir='ltr'>obfirmata</span> <span class='ocrx_word' id='word_1_702' title='bbox 1237 5109 1592 5175; x_wconf 88' lang='lat' dir='ltr'>valetudine,</span> <span class='ocrx_word' id='word_1_703' title='bbox 1624 5125 1690 5161; x_wconf 88' lang='lat' dir='ltr'>ex</span> <span class='ocrx_word' id='word_1_704' title='bbox 1723 5107 1837 5160; x_wconf 91' lang='lat' dir='ltr'>alvi</span> <span class='ocrx_word' id='word_1_705' title='bbox 1870 5107 2089 5178; x_wconf 85' lang='lat' dir='ltr'>proflu-</span> 
     </span>
    </p>
   </div>
   <div class='ocr_carea' id='block_1_100' title="bbox 432 5195 2083 5266">
    <p class='ocr_par' dir='ltr' id='par_1_100' title="bbox 432 5195 2083 5266">
     <span class='ocr_line' id='line_1_100' title="bbox 432 5195 2083 5266; baseline -0.001 -17"><span class='ocrx_word' id='word_1_706' title='bbox 432 5196 522 5250; x_wconf 89' lang='lat' dir='ltr'>vio</span> <span class='ocrx_word' id='word_1_707' title='bbox 555 5196 872 5266; x_wconf 87' lang='lat' dir='ltr'>debilitata,</span> <span class='ocrx_word' id='word_1_708' title='bbox 893 5198 1041 5251; x_wconf 89' lang='lat' dir='ltr'>mira</span> <span class='ocrx_word' id='word_1_709' title='bbox 1074 5198 1252 5251; x_wconf 90' lang='lat' dir='ltr'>animi</span> <span class='ocrx_word' id='word_1_710' title='bbox 1284 5197 1582 5251; x_wconf 88' lang='lat' dir='ltr'>alacritate</span> <span class='ocrx_word' id='word_1_711' title='bbox 1613 5196 1671 5249; x_wconf 93' lang='lat' dir='ltr'>in</span> <span class='ocrx_word' id='word_1_712' title='bbox 1705 5195 1855 5250; x_wconf 90' lang='lat' dir='ltr'>hanc</span> <span class='ocrx_word' id='word_1_713' title='bbox 1884 5195 2083 5249; x_wconf 88' lang='lat' dir='ltr'>urbem</span> 
     </span>
    </p>
   </div>
   <div class='ocr_carea' id='block_1_101' title="bbox 435 5284 788 5340">
    <p class='ocr_par' dir='ltr' id='par_1_101' title="bbox 435 5284 788 5340">
     <span class='ocr_line' id='line_1_101' title="bbox 435 5284 788 5340; baseline 0 -1"><span class='ocrx_word' id='word_1_714' title='bbox 435 5302 496 5339; x_wconf 89' lang='lat' dir='ltr'>se</span> <span class='ocrx_word' id='word_1_715' title='bbox 525 5284 788 5340; x_wconf 89' lang='lat' dir='ltr'>contulit.</span> 
     </span>
    </p>
   </div>
   <div class='ocr_carea' id='block_1_102' title="bbox 511 5373 2085 5443">
    <p class='ocr_par' dir='ltr' id='par_1_102' title="bbox 511 5373 2085 5443">
     <span class='ocr_line' id='line_1_102' title="bbox 511 5373 2085 5443; baseline 0 -15"><span class='ocrx_word' id='word_1_716' title='bbox 511 5374 614 5429; x_wconf 93' lang='lat' dir='ltr'>Ubi</span> <span class='ocrx_word' id='word_1_717' title='bbox 646 5391 777 5428; x_wconf 90' lang='lat' dir='ltr'>cum</span> <span class='ocrx_word' id='word_1_718' title='bbox 810 5374 1022 5428; x_wconf 85' lang='lat' dir='ltr'>iterum</span> <span class='ocrx_word' id='word_1_719' title='bbox 1055 5374 1251 5429; x_wconf 88' lang='lat' dir='ltr'>omnia</span> <span class='ocrx_word' id='word_1_720' title='bbox 1290 5374 1402 5426; x_wconf 88' lang='lat' dir='ltr'>divi</span> <span class='ocrx_word' id='word_1_721' title='bbox 1449 5373 1706 5443; x_wconf 88' lang='lat' dir='ltr'>Gregorii</span> <span class='ocrx_word' id='word_1_722' title='bbox 1740 5373 2085 5428; x_wconf 87' lang='lat' dir='ltr'>Nazianzeni</span> 
     </span>
    </p>
   </div>
   <div class='ocr_carea' id='block_1_103' title="bbox 437 5462 2084 5535">
    <p class='ocr_par' dir='ltr' id='par_1_103' title="bbox 437 5462 2084 5535">
     <span class='ocr_line' id='line_1_103' title="bbox 437 5462 2084 5535; baseline 0 -18"><span class='ocrx_word' id='word_1_723' title='bbox 437 5479 611 5532; x_wconf 86' lang='lat' dir='ltr'>opera</span> <span class='ocrx_word' id='word_1_724' title='bbox 641 5468 953 5535; x_wconf 86' lang='lat' dir='ltr'>repurgata</span> <span class='ocrx_word' id='word_1_725' title='bbox 981 5468 1037 5517; x_wconf 89' lang='lat' dir='ltr'>et</span> <span class='ocrx_word' id='word_1_726' title='bbox 1059 5462 1239 5516; x_wconf 89' lang='lat' dir='ltr'>multo</span> <span class='ocrx_word' id='word_1_727' title='bbox 1271 5466 1531 5517; x_wconf 87' lang='lat' dir='ltr'>auctiora</span> <span class='ocrx_word' id='word_1_728' title='bbox 1551 5462 2084 5533; x_wconf 88' lang='lat' dir='ltr'>facta(conquisitis</span> 
     </span>
    </p>
   </div>
   <div class='ocr_carea' id='block_1_104' title="bbox 439 5550 2084 5622">
    <p class='ocr_par' dir='ltr' id='par_1_104' title="bbox 439 5550 2084 5622">
     <span class='ocr_line' id='line_1_104' title="bbox 439 5550 2084 5622; baseline -0.001 -17"><span class='ocrx_word' id='word_1_729' title='bbox 439 5551 720 5605; x_wconf 88' lang='lat' dir='ltr'>nimirum</span> <span class='ocrx_word' id='word_1_730' title='bbox 755 5552 1162 5622; x_wconf 88' lang='lat' dir='ltr'>undecumque</span> <span class='ocrx_word' id='word_1_731' title='bbox 1191 5552 1479 5605; x_wconf 88' lang='lat' dir='ltr'>veteribus</span> <span class='ocrx_word' id='word_1_732' title='bbox 1504 5550 1717 5606; x_wconf 69' lang='lat' dir='ltr'>Graecis</span> <span class='ocrx_word' id='word_1_733' title='bbox 1749 5550 2084 5622; x_wconf 81' lang='lat' dir='ltr'>exemplari-</span> 
     </span>
    </p>
   </div>
   <div class='ocr_carea' id='block_1_105' title="bbox 515 5767 1653 5838">
    <p class='ocr_par' dir='ltr' id='par_1_105' title="bbox 515 5767 1653 5838">
     <span class='ocr_line' id='line_1_105' title="bbox 515 5767 1653 5838; baseline -0.003 -15"><span class='ocrx_word' id='word_1_734' title='bbox 515 5768 559 5802; x_wconf 80' lang='grc'><strong>⁹⁰</strong></span> <span class='ocrx_word' id='word_1_735' title='bbox 584 5767 791 5824; x_wconf 80' lang='lat' dir='ltr'>Matth.</span> <span class='ocrx_word' id='word_1_736' title='bbox 818 5784 970 5834; x_wconf 70' lang='lat' dir='ltr'>xxxv,</span> <span class='ocrx_word' id='word_1_737' title='bbox 1000 5769 1091 5823; x_wconf 88' lang='lat'>28.</span> <span class='ocrx_word' id='word_1_738' title='bbox 1168 5770 1210 5803; x_wconf 79' lang='grc'>⁰¹</span> <span class='ocrx_word' id='word_1_739' title='bbox 1243 5767 1352 5824; x_wconf 89' lang='lat' dir='ltr'>Job</span> <span class='ocrx_word' id='word_1_740' title='bbox 1381 5785 1533 5838; x_wconf 86' lang='lat' dir='ltr'>xx1x,</span> <span class='ocrx_word' id='word_1_741' title='bbox 1565 5767 1653 5823; x_wconf 78' lang='grc'>45.</span> 
     </span>
    </p>
   </div>
   <div class='ocr_carea' id='block_1_106' title="bbox 1729 5767 2270 5838">
    <p class='ocr_par' dir='ltr' id='par_1_106' title="bbox 1729 5767 2270 5838">
     <span class='ocr_line' id='line_1_106' title="bbox 1729 5767 2270 5838; baseline -0.009 -14"><span class='ocrx_word' id='word_1_742' title='bbox 1729 5768 1775 5803; x_wconf 76' lang='grc'>⁹²</span> <span class='ocrx_word' id='word_1_743' title='bbox 1808 5767 1919 5824; x_wconf 81' lang='lat' dir='ltr'>Isa.</span> <span class='ocrx_word' id='word_1_744' title='bbox 1952 5783 2185 5838; x_wconf 82' lang='lat' dir='ltr'>xxxvm,</span> <span class='ocrx_word' id='word_1_745' title='bbox 2224 5770 2270 5820; x_wconf 87' lang='grc' dir='ltr'>ι.</span> 
     </span>
    </p>
   </div>
   <div class='ocr_carea' id='block_1_107' title="bbox 2192 4745 3843 4819">
    <p class='ocr_par' dir='ltr' id='par_1_107' title="bbox 2192 4745 3843 4819">
     <span class='ocr_line' id='line_1_107' title="bbox 2192 4745 3843 4819; baseline -0.005 -12"><span class='ocrx_word' id='word_1_746' title='bbox 2192 4753 2365 4807; x_wconf 87' lang='lat' dir='ltr'>etiam</span> <span class='ocrx_word' id='word_1_747' title='bbox 2401 4750 2525 4805; x_wconf 91' lang='lat' dir='ltr'>oleo</span> <span class='ocrx_word' id='word_1_748' title='bbox 2576 4748 2781 4819; x_wconf 90' lang='lat' dir='ltr'>inungi</span> <span class='ocrx_word' id='word_1_749' title='bbox 2812 4746 2992 4801; x_wconf 89' lang='lat' dir='ltr'>voluit</span> <span class='ocrx_word' id='word_1_750' title='bbox 3038 4754 3315 4802; x_wconf 89' lang='lat' dir='ltr'>strenuus</span> <span class='ocrx_word' id='word_1_751' title='bbox 3349 4748 3559 4801; x_wconf 88' lang='lat' dir='ltr'>Christi</span> <span class='ocrx_word' id='word_1_752' title='bbox 3604 4745 3843 4813; x_wconf 89' lang='lat' dir='ltr'>athleta,</span> 
     </span>
    </p>
   </div>
   <div class='ocr_carea' id='block_1_108' title="bbox 2192 4840 3847 4911">
    <p class='ocr_par' dir='ltr' id='par_1_108' title="bbox 2192 4840 3847 4911">
     <span class='ocr_line' id='line_1_108' title="bbox 2192 4840 3847 4911; baseline -0.005 -17"><span class='ocrx_word' id='word_1_753' title='bbox 2192 4840 2293 4911; x_wconf 90' lang='lat' dir='ltr'>qui</span> <span class='ocrx_word' id='word_1_754' title='bbox 2325 4841 2545 4895; x_wconf 91' lang='lat' dir='ltr'>bonum</span> <span class='ocrx_word' id='word_1_755' title='bbox 2580 4843 2873 4891; x_wconf 88' lang='lat' dir='ltr'>certamen</span> <span class='ocrx_word' id='word_1_756' title='bbox 2914 4842 3250 4901; x_wconf 87' lang='lat' dir='ltr'>certaverat,</span> <span class='ocrx_word' id='word_1_757' title='bbox 3282 4852 3515 4889; x_wconf 86' lang='lat' dir='ltr'>cursum</span> <span class='ocrx_word' id='word_1_758' title='bbox 3568 4850 3847 4888; x_wconf 85' lang='lat' dir='ltr'>consum-</span> 
     </span>
    </p>
   </div>
   <div class='ocr_carea' id='block_1_109' title="bbox 2195 4928 3846 4995">
    <p class='ocr_par' dir='ltr' id='par_1_109' title="bbox 2195 4928 3846 4995">
     <span class='ocr_line' id='line_1_109' title="bbox 2195 4928 3846 4995; baseline -0.003 -12"><span class='ocrx_word' id='word_1_759' title='bbox 2195 4933 2473 4993; x_wconf 85' lang='lat' dir='ltr'>maverat,</span> <span class='ocrx_word' id='word_1_760' title='bbox 2508 4928 2680 4980; x_wconf 80' lang='lat' dir='ltr'>fidem</span> <span class='ocrx_word' id='word_1_761' title='bbox 2734 4931 3077 4993; x_wconf 86' lang='lat' dir='ltr'>servaverat,</span> <span class='ocrx_word' id='word_1_762' title='bbox 3112 4943 3182 4979; x_wconf 90' lang='lat' dir='ltr'>ne</span> <span class='ocrx_word' id='word_1_763' title='bbox 3214 4942 3328 4995; x_wconf 90' lang='lat' dir='ltr'>qua</span> <span class='ocrx_word' id='word_1_764' title='bbox 3379 4930 3538 4994; x_wconf 89' lang='lat' dir='ltr'>parte</span> <span class='ocrx_word' id='word_1_765' title='bbox 3579 4939 3846 4993; x_wconf 88' lang='lat' dir='ltr'>compre-</span> 
     </span>
    </p>
   </div>
   <div class='ocr_carea' id='block_1_110' title="bbox 2193 5013 3847 5087">
    <p class='ocr_par' dir='ltr' id='par_1_110' title="bbox 2193 5013 3847 5087">
     <span class='ocr_line' id='line_1_110' title="bbox 2193 5013 3847 5087; baseline -0.002 -15"><span class='ocrx_word' id='word_1_766' title='bbox 2193 5018 2367 5073; x_wconf 79' lang='lat' dir='ltr'>hendi</span> <span class='ocrx_word' id='word_1_767' title='bbox 2400 5021 2595 5087; x_wconf 88' lang='lat' dir='ltr'>posset</span> <span class='ocrx_word' id='word_1_768' title='bbox 2626 5015 2694 5069; x_wconf 88' lang='lat' dir='ltr'>ab</span> <span class='ocrx_word' id='word_1_769' title='bbox 2726 5014 2979 5069; x_wconf 66' lang='lat' dir='ltr'>inimicis</span> <span class='ocrx_word' id='word_1_770' title='bbox 3010 5014 3265 5084; x_wconf 87' lang='lat' dir='ltr'>illis,qui</span> <span class='ocrx_word' id='word_1_771' title='bbox 3300 5019 3418 5067; x_wconf 90' lang='lat' dir='ltr'>toto</span> <span class='ocrx_word' id='word_1_772' title='bbox 3442 5013 3680 5084; x_wconf 88' lang='lat' dir='ltr'>quidem</span> <span class='ocrx_word' id='word_1_773' title='bbox 3714 5013 3847 5068; x_wconf 58' lang='lat' dir='ltr'>vita</span> 
     </span>
    </p>
   </div>
   <div class='ocr_carea' id='block_1_111' title="bbox 2196 5102 3847 5177">
    <p class='ocr_par' dir='ltr' id='par_1_111' title="bbox 2196 5102 3847 5177">
     <span class='ocr_line' id='line_1_111' title="bbox 2196 5102 3847 5177; baseline -0.003 -16"><span class='ocrx_word' id='word_1_774' title='bbox 2196 5113 2473 5177; x_wconf 90' lang='lat' dir='ltr'>tempore,</span> <span class='ocrx_word' id='word_1_775' title='bbox 2502 5105 2601 5159; x_wconf 89' lang='lat' dir='ltr'>sed</span> <span class='ocrx_word' id='word_1_776' title='bbox 2640 5104 2889 5158; x_wconf 86' lang='lat' dir='ltr'>maxime</span> <span class='ocrx_word' id='word_1_777' title='bbox 2922 5104 3191 5158; x_wconf 85' lang='lat' dir='ltr'>calcaneo</span> <span class='ocrx_word' id='word_1_778' title='bbox 3223 5106 3422 5157; x_wconf 92' lang='lat' dir='ltr'>nostro</span> <span class='ocrx_word' id='word_1_779' title='bbox 3454 5102 3721 5157; x_wconf 90' lang='lat' dir='ltr'>insidiari</span> <span class='ocrx_word' id='word_1_780' title='bbox 3754 5120 3847 5156; x_wconf 87' lang='lat' dir='ltr'>so-</span> 
     </span>
    </p>
   </div>
   <div class='ocr_carea' id='block_1_112' title="bbox 2194 5192 3854 5265">
    <p class='ocr_par' dir='ltr' id='par_1_112' title="bbox 2194 5192 3854 5265">
     <span class='ocr_line' id='line_1_112' title="bbox 2194 5192 3854 5265; baseline -0.004 -14"><span class='ocrx_word' id='word_1_781' title='bbox 2194 5196 2331 5251; x_wconf 88' lang='lat' dir='ltr'>lent.</span> <span class='ocrx_word' id='word_1_782' title='bbox 2369 5196 2430 5249; x_wconf 93' lang='lat' dir='ltr'>In</span> <span class='ocrx_word' id='word_1_783' title='bbox 2464 5211 2578 5265; x_wconf 87' lang='lat' dir='ltr'>qua</span> <span class='ocrx_word' id='word_1_784' title='bbox 2608 5209 2775 5247; x_wconf 89' lang='lat' dir='ltr'>sacra</span> <span class='ocrx_word' id='word_1_785' title='bbox 2806 5196 2862 5246; x_wconf 90' lang='lat' dir='ltr'>et</span> <span class='ocrx_word' id='word_1_786' title='bbox 2892 5197 3150 5247; x_wconf 86' lang='lat' dir='ltr'>extrema</span> <span class='ocrx_word' id='word_1_787' title='bbox 3179 5193 3452 5247; x_wconf 91' lang='lat' dir='ltr'>unctione</span> <span class='ocrx_word' id='word_1_788' title='bbox 3482 5208 3613 5245; x_wconf 88' lang='lat' dir='ltr'>eum</span> <span class='ocrx_word' id='word_1_789' title='bbox 3649 5209 3683 5246; x_wconf 88' lang='lat' dir='ltr'>a</span> <span class='ocrx_word' id='word_1_790' title='bbox 3712 5192 3854 5246; x_wconf 89' lang='lat' dir='ltr'>San-</span> 
     </span>
    </p>
   </div>
   <div class='ocr_carea' id='block_1_113' title="bbox 2194 5279 3852 5351">
    <p class='ocr_par' dir='ltr' id='par_1_113' title="bbox 2194 5279 3852 5351">
     <span class='ocr_line' id='line_1_113' title="bbox 2194 5279 3852 5351; baseline -0.002 -12"><span class='ocrx_word' id='word_1_791' title='bbox 2194 5284 2491 5339; x_wconf 87' lang='lat' dir='ltr'>severiano</span> <span class='ocrx_word' id='word_1_792' title='bbox 2542 5281 2779 5335; x_wconf 80' lang='lat' dir='ltr'>curione</span> <span class='ocrx_word' id='word_1_793' title='bbox 2834 5297 2939 5334; x_wconf 93' lang='lat' dir='ltr'>suo</span> <span class='ocrx_word' id='word_1_794' title='bbox 2988 5281 3206 5335; x_wconf 89' lang='lat' dir='ltr'>Jacobo</span> <span class='ocrx_word' id='word_1_795' title='bbox 3268 5280 3528 5335; x_wconf 88' lang='lat' dir='ltr'>Prevotio</span> <span class='ocrx_word' id='word_1_796' title='bbox 3582 5279 3852 5351; x_wconf 89' lang='lat' dir='ltr'>theologo</span> 
     </span>
    </p>
   </div>
   <div class='ocr_carea' id='block_1_114' title="bbox 2194 5369 3848 5435">
    <p class='ocr_par' dir='ltr' id='par_1_114' title="bbox 2194 5369 3848 5435">
     <span class='ocr_line' id='line_1_114' title="bbox 2194 5369 3848 5435; baseline -0.003 -8"><span class='ocrx_word' id='word_1_797' title='bbox 2194 5372 2403 5428; x_wconf 88' lang='lat' dir='ltr'>eximio</span> <span class='ocrx_word' id='word_1_798' title='bbox 2444 5373 2514 5425; x_wconf 94' lang='lat' dir='ltr'>de</span> <span class='ocrx_word' id='word_1_799' title='bbox 2549 5386 2707 5423; x_wconf 89' lang='lat' dir='ltr'>more</span> <span class='ocrx_word' id='word_1_800' title='bbox 2738 5370 3125 5423; x_wconf 57' lang='lat' dir='ltr'>sanctissima</span> <span class='ocrx_word' id='word_1_801' title='bbox 3160 5369 3390 5425; x_wconf 88' lang='lat' dir='ltr'>Triadis</span> <span class='ocrx_word' id='word_1_802' title='bbox 3423 5370 3848 5435; x_wconf 84' lang='lat' dir='ltr'>misericordia,</span> 
     </span>
    </p>
   </div>
   <div class='ocr_carea' id='block_1_115' title="bbox 2194 5457 3854 5529">
    <p class='ocr_par' dir='ltr' id='par_1_115' title="bbox 2194 5457 3854 5529">
     <span class='ocr_line' id='line_1_115' title="bbox 2194 5457 3854 5529; baseline -0.003 -13"><span class='ocrx_word' id='word_1_803' title='bbox 2194 5467 2251 5516; x_wconf 90' lang='lat' dir='ltr'>et</span> <span class='ocrx_word' id='word_1_804' title='bbox 2283 5461 2538 5515; x_wconf 71' lang='lat' dir='ltr'>cmlitum</span> <span class='ocrx_word' id='word_1_805' title='bbox 2589 5457 3003 5528; x_wconf 90' lang='lat' dir='ltr'>imploraretur</span> <span class='ocrx_word' id='word_1_806' title='bbox 3048 5458 3463 5529; x_wconf 89' lang='lat' dir='ltr'>patrocinium,</span> <span class='ocrx_word' id='word_1_807' title='bbox 3495 5458 3553 5512; x_wconf 92' lang='lat' dir='ltr'>in</span> <span class='ocrx_word' id='word_1_808' title='bbox 3605 5458 3854 5527; x_wconf 77' lang='lat' dir='ltr'>singulis</span> 
     </span>
    </p>
   </div>
   <div class='ocr_carea' id='block_1_116' title="bbox 2194 5544 3851 5620">
    <p class='ocr_par' dir='ltr' id='par_1_116' title="bbox 2194 5544 3851 5620">
     <span class='ocr_line' id='line_1_116' title="bbox 2194 5544 3851 5620; baseline -0.004 -17"><span class='ocrx_word' id='word_1_809' title='bbox 2194 5566 2263 5603; x_wconf 90' lang='lat' dir='ltr'>ea</span> <span class='ocrx_word' id='word_1_810' title='bbox 2291 5566 2393 5620; x_wconf 87' lang='lat' dir='ltr'>spe</span> <span class='ocrx_word' id='word_1_811' title='bbox 2424 5553 2481 5603; x_wconf 90' lang='lat' dir='ltr'>et</span> <span class='ocrx_word' id='word_1_812' title='bbox 2523 5546 2737 5601; x_wconf 85' lang='lat' dir='ltr'>ﬁducia</span> <span class='ocrx_word' id='word_1_813' title='bbox 2785 5544 3197 5616; x_wconf 75' lang='lat' dir='ltr'>respondebat,</span> <span class='ocrx_word' id='word_1_814' title='bbox 3232 5550 3297 5600; x_wconf 90' lang='lat' dir='ltr'>ut</span> <span class='ocrx_word' id='word_1_815' title='bbox 3343 5561 3542 5600; x_wconf 88' lang='lat' dir='ltr'>eorum</span> <span class='ocrx_word' id='word_1_816' title='bbox 3591 5548 3851 5614; x_wconf 88' lang='lat' dir='ltr'>paratam</span> 
     </span>
    </p>
   </div>
   <div class='ocr_carea' id='block_1_117' title="bbox 2348 5763 2821 5833">
    <p class='ocr_par' dir='ltr' id='par_1_117' title="bbox 2348 5763 2821 5833">
     <span class='ocr_line' id='line_1_117' title="bbox 2348 5763 2821 5833; baseline -0.006 -13"><span class='ocrx_word' id='word_1_817' title='bbox 2348 5766 2392 5800; x_wconf 72' lang='grc'>⁸³</span> <span class='ocrx_word' id='word_1_818' title='bbox 2426 5763 2579 5820; x_wconf 89' lang='lat' dir='ltr'>Psal.</span> <span class='ocrx_word' id='word_1_819' title='bbox 2612 5780 2736 5833; x_wconf 71' lang='grc' dir='ltr'>ω,</span> <span class='ocrx_word' id='word_1_820' title='bbox 2767 5763 2821 5817; x_wconf 85' lang='grc'>9.</span> 
     </span>
    </p>
   </div>
  </div>
