4152 6286
265 282 380 342 385
1474 275 1829 339 ELOGIUM
1871 274 2147 336 JACOBI
2192 276 2445 337 BlLLII.
3557 286 3675 347 386

264 410 369 467 sibi
402 426 594 481 opem,
628 414 684 464 et
713 424 844 463 cum
875 408 1053 464 Jaoob
1074 412 1266 463 castra
1292 407 1468 474 Dei“,
1503 409 1610 477 vel,
1635 423 1767 461 cum
1793 404 1907 459 Eli-
1936 408 1991 472 Α
2019 406 2280 462 Natalem
2318 408 2542 462 Domini
2565 408 2738 464 diem.
2762 414 2839 465 De
2860 411 3030 482 cujus
3055 412 3331 483 mysterio
3356 418 3668 487 postquam

266 518 374 555 saao
406 500 609 571 igneos
641 504 697 553 et
726 498 1039 553 auxiliares
1069 498 1223 551 circa
1252 514 1313 551 se
1370 514 1549 568 equos
1607 500 1660 551 et
1710 510 1916 549 currus

266 591 458 645 videre
484 589 778 643 videretur
807 588 849 621 9⁵
876 603 888 639 :
940 586 1133 657 Ληρεὶὶ
1167 589 1316 641 enim
1350 587 1566 641 Domini
1592 588 1653 640 in
1681 586 1919 639 circuitu

270 680 586 735 timentium
613 677 813 733 eum“.
846 675 1009 730 Unde
1034 674 1194 729 nullo
1227 691 1487 746 unquam
1522 679 1677 729 metu
1712 670 1918 727 mortis

269 773 677 825 consternatus
710 766 999 838 apparuit,
1028 766 1167 836 quin
1200 782 1265 819 eo
1287 765 1545 836 vegetior
1565 769 1620 819 et
1650 764 1916 827 alacrior,

271 875 379 929 quo
410 874 472 913 se
505 856 712 927 majori
741 860 796 910 et
826 854 1136 926 potentiori
1169 855 1442 909 comitatu
1503 853 1803 924 stipatum,
1863 855 1920 906 et

274 946 494 1019 portui,
529 949 662 1017 post
688 944 1000 1013 traiectum
1023 942 1204 1013 hujus
1229 942 1421 997 saeculi
1454 941 1839 1014 procellosum
1862 945 1919 995 et

269 1034 544 1107 periculis
574 1033 813 1105 plenum
849 1031 1574 1102 fretum,propinquiorem
1608 1030 1915 1085 sentiebat.

338 1126 401 1180 In
422 1125 530 1179 hoc
558 1127 751 1178 autem
779 1126 1068 1193 postremo
1099 1137 1204 1175 suo
1229 1120 1429 1175 morbo
1454 1120 1919 1191 patientissimus

271 1220 335 1268 ut
366 1213 573 1268 aliisin
596 1212 865 1266 omnibus
887 1226 1117 1279 semper
1136 1209 1264 1273 fuit,
1283 1208 1716 1280 nihilquealiud
1741 1225 1917 1278 quam

274 1304 342 1358 de
381 1304 509 1365 Deo,
542 1302 724 1370 deque
761 1316 993 1353 summa
1015 1299 1142 1368 ejus
1171 1315 1307 1369 erga
1331 1302 1658 1369 peccatores
1690 1297 1918 1352 miseri-

271 1391 484 1452 cordia,
516 1388 673 1444 velut
693 1392 922 1443 vastum
955 1386 1251 1457 quoddam
1282 1403 1437 1441 mare
1469 1387 1665 1441 omnia
1686 1390 1921 1456 peccata

272 1482 573 1544 obruente,
604 1479 805 1533 audire
836 1476 1086 1531 volebat.
1149 1478 1409 1545 Cumque
1458 1479 1525 1531 de
1583 1493 1648 1531 ea
1706 1476 1917 1547 saepius

272 1569 444 1623 verba
476 1569 745 1636 facerem,
780 1572 835 1620 et
866 1567 935 1620 de
984 1564 1181 1620 saeculi
1214 1565 1390 1635 hujus
1423 1565 1696 1631 miseriis,
1732 1566 1919 1635 deque

272 1659 353 1712 eis
385 1656 669 1728 Oppositis
687 1655 920 1726 gaudiis
943 1654 1275 1708 ccelestibus
1296 1671 1420 1725 qua
1443 1654 1577 1707 hinc
1598 1654 1915 1725 emigratu-

274 1763 365 1801 ros
416 1745 591 1800 solari
622 1749 678 1799 et
710 1743 1032 1798 exhilarare
1065 1742 1272 1808 solent,
1298 1744 1546 1813 jubebat
1596 1747 1659 1796 ut
1684 1744 1753 1797 de
1786 1760 1915 1842 pec-
1948 1777 1993 1842 B

271 1836 376 1890 cati
411 1835 586 1889 etiam
618 1833 901 1904 gravitate
933 1838 989 1886 et
1024 1832 1219 1886 foetore
1252 1832 1525 1898 dicerem,
1585 1849 1698 1902 quo
1731 1832 1917 1903 magis

272 1940 512 1979 suorum
544 1928 697 1993 (quae
730 1926 882 1975 certe
903 1919 984 1975 vel
1012 1920 1191 1986 nulla,
1227 1919 1311 1974 vel
1344 1920 1918 1991 paucissima,eaque

272 2031 395 2085 quas
426 2012 771 2067 humanitus
803 2010 1033 2064 admitti
1059 2009 1267 2075 solent,
1285 2015 1341 2064 et
1367 2028 1397 2063 a
1421 2010 1635 2081 quibus
1659 2011 1747 2064 vix
1768 2010 1917 2080 opti-

274 2119 402 2156 mus
426 2101 676 2172 quisque
691 2116 750 2154 se
775 2099 1063 2153 vindicare
1077 2100 1356 2169 potest,in
1376 2115 1440 2153 eo
1455 2116 1714 2169 unquam
1730 2100 1917 2153 anim-

272 2190 488 2245 adverti
515 2208 527 2244 :
561 2190 660 2243 sed
689 2190 870 2255 justus
898 2192 974 2241 est
998 2189 1155 2257 prior
1181 2196 1473 2242 accusator
1501 2189 1606 2259 sui)
1661 2205 1794 2242 eum
1829 2192 1921 2242 tte-

273 2281 451 2347 deret,
513 2278 840 2348 majorique
894 2276 1089 2331 dolore
1135 2280 1191 2331 et
1223 2277 1460 2331 horrore
1491 2282 1917 2331 concuteretur.

273 2368 567 2423 Gaudebat
597 2373 655 2421 et
684 2364 1126 2437 Psalmographi
1154 2364 1545 2419 hemistichiis
1561 2366 1631 2419 ad
1666 2365 1920 2420 excitan-

274 2459 407 2512 dam
444 2472 607 2511 suam
632 2461 687 2509 et
719 2461 995 2522 mentem,
1030 2461 1081 2508 el
1133 2454 1471 2508 memoriam
1534 2470 1734 2508 eorum
1796 2472 1921 2525 quae

274 2549 397 2617 ipse
430 2562 610 2601 sanus
639 2545 709 2598 ad
729 2544 930 2597 mortis
959 2543 1158 2614 (quam
1186 2542 1353 2597 laetus
1376 2546 1431 2596 et
1463 2543 1922 2614 pervigilexspe-

275 2635 466 2688 ctabat
495 2652 505 2687 :
541 2633 759 2704 quippe
789 2631 880 2684 cui
905 2631 1090 2685 vivere
1121 2630 1411 2697 Christus,
1440 2636 1497 2685 et
1520 2632 1658 2685 mori
1692 2632 1919 2686 lucrum

276 2727 427 2777 esset
455 2722 516 2791 93)
548 2721 823 2775 viaticum
855 2720 964 2773 sibi
1000 2725 1319 2790 paraverat.
1354 2720 1498 2773 Nam
1533 2718 1733 2789 paucis
1755 2720 1919 2773 audi-

276 2811 349 2865 tis
371 2810 693 2881 (siquidem
718 2808 884 2879 plura
906 2808 1035 2878 ejus
1059 2808 1361 2862 cerebrum
1384 2809 1530 2863 ferre
1546 2825 1660 2863 non
1676 2810 1921 2880 poterat)

274 2900 399 2970 ipse
422 2905 617 2969 postea
638 2897 881 2952 sublatis
895 2896 1191 2968 semperin
1208 2897 1391 2951 altum
1416 2896 1599 2950 oculis
1625 2898 1739 2951 haec
1766 2897 1920 2968 apud

279 3004 341 3041 se
374 2988 679 3049 meditans,
713 2991 767 3041 et
797 3003 954 3040 more
977 2986 1329 3039 mundorum
1363 2984 1709 3039 animalium
1741 2986 1923 3039 rumi-

284 3090 432 3127 nans
463 3073 689 3127 velutin
722 3073 925 3129 coelum
954 3074 1307 3145 rapiebatur.
1333 3073 1595 3144 Cumque
1619 3072 1702 3127 illi
1727 3090 1923 3145 perpe-

282 3168 386 3217 tno
419 3162 757 3227 assiderem,
782 3168 835 3217 et
856 3164 989 3232 quid
1021 3140 1191 3234 agere
1207 3161 1423 3217 tacitus
1446 3140 1761 3233 aliquando
1789 3140 1918 3217 con-
1953 3140 1995 3207 (ἶ

278 3250 615 3321 templarer.
638 3252 761 3322 ipse
785 3252 1117 3307 meditando
1142 3250 1226 3307 vel
1246 3253 1537 3322 precando
1560 3251 1753 3306 fessus
1780 3269 1791 3306 :
1817 3253 1929 3323 Age

280 3356 437 3403 vero,
473 3340 793 3412 inquiebat,
827 3340 917 3396 dic
948 3340 1191 3412 aliquid.
1226 3342 1375 3395 Tum
1409 3356 1513 3412 ego
1543 3341 1612 3395 de
1653 3341 1928 3396 thesauro

280 3427 494 3485 biblico
526 3430 889 3500 proferebam
924 3430 1094 3484 modo
1127 3446 1272 3484 nova
1304 3430 1591 3500 quaedam,
1629 3430 1800 3484 modo
1833 3446 1927 3483 ve-

281 3523 404 3573 tera
430 3520 492 3583 π,
527 3536 743 3591 eosque
774 3519 958 3573 animi
990 3520 1173 3585 cibos,
1208 3519 1423 3589 quibus
1483 3535 1617 3573 eum
1678 3518 1931 3573 libenter

276 3608 447 3677 vesci,
482 3608 790 3679 palatoque
820 3610 946 3677 ejus
993 3608 1246 3663 arridere
1278 3608 1349 3662 ad
1399 3608 1668 3663 Rebeccae
1732 3608 1928 3663 imita-

275 3697 495 3751 tionem
540 3714 832 3752 noveram.
867 3697 1140 3752 Dicebam
1174 3702 1230 3751 et
1270 3698 1340 3751 de
1372 3697 1683 3752 salutiferae
1734 3697 1927 3752 crucis

276 3785 577 3854 mysterio,
628 3788 796 3856 cujus
852 3785 1188 3855 imaginem,
1225 3790 1288 3839 ut
1345 3801 1546 3840 verum
1597 3791 1927 3856 serpentem

272 3890 498 3929 aeneum
519 3875 588 3928 ab
609 3874 885 3929 omnibus
904 3874 1205 3929 venenatis
1227 3874 1449 3945 antiqui
1473 3875 1761 3945 serpentis
1782 3892 1927 3929 mor-

268 3962 437 4018 sibus
466 3968 793 4033 curantem,
821 3962 947 4018 fixis
969 3963 1154 4017 oculis
1187 3963 1524 4017 intuebatur
1553 3965 1593 4029 ί,
1620 3963 1925 4018 osculaba-

262 4054 381 4118 tur,
417 4051 861 4122 amplexabatur
891 4069 902 4106 :
939 4050 1183 4121 hacque,
1216 4050 1374 4106 velut
1403 4050 1558 4106 scala
1615 4050 1813 4119 Jacob,
1850 4053 1922 4107 ad

268 4140 578 4194 Dominum
612 4140 724 4211 ipsi
757 4140 1026 4195 innixum
1057 4144 1113 4194 et
1144 4140 1445 4208 sufﬁxum,
1487 4156 1552 4194 ac
1611 4139 1720 4195 sibi
1753 4141 1925 4211 quasi

268 4245 511 4284 manum
542 4229 677 4283 inde
710 4229 1099 4300 porrigentem
1132 4228 1275 4299 rapi,
1309 4232 1365 4283 et
1386 4229 1445 4282 in
1477 4228 1682 4283 caelum
1716 4246 1926 4284 ascen-

273 4317 410 4372 dere
436 4317 740 4373 videbatur
770 4318 812 4372 9.
837 4318 1068 4373 Accersi
1100 4322 1154 4372 et
1186 4317 1507 4389 ipsejussit
1538 4318 1782 4389 amicos,
1817 4318 1922 4374 ali-

274 4420 425 4475 quos
442 4404 741 4478 theologos
771 4405 928 4461 viros
959 4406 1160 4461 doctos
1191 4411 1247 4461 et
1296 4405 1443 4476 pios,
1475 4422 1726 4476 quorum
1786 4424 1922 4462 con-

277 4491 596 4549 solationes
624 4494 1013 4550 libentissime
1041 4494 1385 4565 excipiebat.

354 4582 441 4635 Ita
489 4588 793 4653 prorogata
820 4587 907 4639 est
936 4583 1017 4638 illi
1048 4583 1164 4639 vita
1185 4583 1345 4654 (nam
1375 4586 1494 4639 toto
1526 4599 1670 4655 pene
1687 4585 1918 4640 Adven-

276 4676 376 4725 tus
407 4674 667 4742 tempore
697 4671 752 4726 in
786 4672 927 4728 lecto
957 4673 1338 4742 decumbens,
1367 4672 1915 4745 eo,velutsuggesto

272 4760 333 4814 in
365 4760 756 4833 praedicandis
787 4760 886 4816 Dei
918 4760 1195 4817 laudibus
1226 4777 1372 4816 usus
1404 4760 1592 4832 est)in
1652 4766 1917 4818 sanctam

339 4994 384 5028 “
412 4993 554 5049 Gen.
588 5010 766 5059 xxxu,
790 4995 844 5047 2.
924 4993 968 5028 9'
996 4993 1066 5048 IV
1097 4994 1235 5119 [16%.

339 5083 391 5119 ει.
421 5066 511 5119 52.
592 5068 610 5101 ί
644 5065 819 5119 Num.
852 5081 967 5119 xxx.
999 5066 1051 5119 8.
1131 5065 1153 5099 ²
1234 5100 1235 5105 η

259 5074 391 5134 xm,
421 5066 511 5121 52.
592 5068 610 5101 ί
644 5065 819 5121 Num.
852 5081 967 5132 xxi,
999 5066 1051 5119 8.
1131 5065 1153 5099 ²
1185 5064 1326 5120 Gen.
1359 5079 1563 5133 xxvm,
1592 5065 1680 5134 12,
1706 5064 1792 5119 13.

2028 494 2215 549 multa
2246 511 2337 549 me
2367 496 2654 552 dicentem
2679 498 2981 564 audiisset,
3014 505 3069 554 et
3093 501 3259 571 plura
3281 502 3404 572 ipse
3434 506 3677 561 medita-

2026 586 2123 637 tus
2155 582 2361 637 fuisset
2390 582 2555 655 (nam
2578 603 2685 640 vox
2717 586 2797 639 illi
2831 586 3184 658 impediente
3215 590 3464 646 ﬂuxione
3497 592 3680 649 libera

2030 687 2140 725 non
2176 674 2317 742 erat)
2352 673 2489 727 hora
2546 691 2695 729 nono
2739 676 3015 739 serotina,
3077 677 3347 749 pulsante
3406 681 3678 737 Sorbonaa

2028 776 2330 830 campana,
2364 761 2519 815 velut
2547 764 2694 827 sefad
2728 780 3001 819 somnum
3026 767 3495 837 compositurus:
3529 771 3671 825 Subv

2026 848 2214 904 vehite
2247 865 2359 915 me,
2393 851 2473 904 ait
2520 852 2875 907 astantibus.
2926 858 3051 908 Mox
3102 871 3224 926 ego,
3285 856 3387 927 qui
3434 875 3502 913 ex
3550 861 3677 930 ejus

2028 937 2218 991 verbis
2251 937 2514 1009 aliquam
2548 940 2776 994 dicendi
2822 943 3186 998 occasionem
3220 961 3451 1015 semper
3488 952 3687 1018 capta-

2029 1027 2185 1095 bam,
2219 1031 2275 1081 et
2306 1027 2532 1082 vultum
2564 1030 2692 1098 ejus
2738 1032 2861 1099 jam
2896 1030 3197 1086 immutari
3228 1033 3537 1091 videbam:
3572 1038 3703 1108 En,.

2028 1115 2139 1181 aio,
2175 1116 2484 1171 subvectus
2515 1133 2577 1172 es
2612 1134 2623 1171 :
2659 1120 2756 1172 sed
2793 1117 2989 1187 altius,
3038 1129 3089 1175 el
3124 1121 3182 1175 in
3216 1122 3421 1178 omium
3481 1126 3675 1195 ipsum

2029 1205 2459 1261 subvehendus.
2494 1207 2635 1261 Ecce
2666 1208 2879 1263 chorus
2910 1210 3266 1276 angelorum-
3301 1218 3357 1267 et
3386 1212 3485 1269 ille
3517 1215 3681 1271 coale-

2030 1296 2136 1349 stis
2168 1294 2385 1349 militiae
2417 1296 2722 1362 exercitus,
2756 1298 2854 1368 qui
2902 1298 3073 1354 hodie
3103 1301 3173 1355 de
3204 1301 3363 1356 caelis
3414 1303 3470 1357 in
3508 1320 3678 1359 mun-

2029 1384 2171 1437 dum
2203 1384 2505 1438 descendit
2536 1387 2606 1439 ad
2664 1389 3062 1457 personandas
3113 1390 3208 1444 Dei
3241 1390 3464 1457 laudes,
3492 1398 3549 1447 et
3606 1396 3677 1449 ad

2029 1472 2156 1541 pios
2190 1489 2393 1527 omnes
2424 1473 2856 1541 exhilarandos,
2906 1477 2975 1530 ad
3003 1482 3058 1531 te
3089 1478 3262 1533 etiam
3295 1482 3561 1547 accessit,
3594 1488 3677 1538 te-

2029 1577 2140 1631 que
2171 1562 2534 1627 circumstat,
2567 1562 2647 1616 illi
2682 1565 2958 1633 adjuncto
2992 1566 3167 1621 fratre
3200 1573 3297 1622 tuo
3330 1585 3362 1623 a
3395 1569 3672 1627 Gallione.

2028 1650 2185 1719 (Erat
2240 1650 2397 1705 enim
2430 1652 2480 1705 ei
2534 1652 2709 1706 frater
2765 1651 2861 1707 ille
2910 1654 3068 1724 prior
3127 1672 3287 1710 novre
3319 1658 3679 1716 Chartbusim

2028 1738 2419 1793 Gallionensis
2450 1740 2835 1795 charissimus
2867 1747 2923 1795 et
2949 1742 3506 1812 desideratissimus,
3544 1765 3677 1801 cum

2027 1833 2261 1898 propter
2290 1834 2509 1883 naturae
2531 1834 2588 1882 et
2610 1846 2829 1899 magnae
2886 1833 3360 1903 necessitudinis,
3406 1852 3531 1905 qua:
3565 1836 3681 1891 illis

2029 1917 2099 1970 ab
2126 1915 2373 1970 infantia
2405 1917 2831 1983 intercesserat,
2876 1919 3194 1988 vinculum,
3258 1928 3385 1976 tum
3447 1928 3682 1994 propter

2030 2004 2391 2073 singularem
2424 2006 2602 2060 animi
2639 2008 2766 2077 ejus
2793 2008 3124 2078 candorem,
3159 2014 3213 2064 et
3245 2012 3681 2068 summamvitee

2029 2093 2476 2165 integritatem.)
2497 2096 2602 2163 En,
2627 2112 2778 2161 ecce,
2800 2096 2911 2163 aio,
2936 2097 2991 2151 'ni
3017 2103 3071 2151 te
3098 2115 3303 2154 omnes
3324 2106 3520 2170 aperto
3545 2102 3676 2156 sinu

2029 2186 2085 2236 et
2115 2183 2299 2237 obviis
2324 2184 2477 2236 ulnis
2500 2185 2794 2255 excepturi
2820 2190 3180 2256 exspectant,
3206 2204 3271 2241 eo
3300 2204 3436 2259 erga
3466 2194 3539 2255 te,
3566 2207 3679 2260 quo

2028 2287 2166 2340 erga
2186 2272 2487 2337 Lazarum,
2522 2273 2775 2327 functuri
2800 2273 3010 2343 officio,
3038 2280 3216 2346 utque
3248 2277 3383 2331 hinc
3404 2294 3537 2331 cum
3560 2277 3680 2333 illis

2029 2358 2088 2412 in
2122 2359 2329 2413 ccelum
2365 2362 2600 2432 migres.
2634 2363 2801 2427 Tum,
2831 2364 3011 2417 Amen
3049 2364 3321 2433 inquiens
3378 2365 3681 2435 (praesente

2030 2454 2085 2504 et
2107 2451 2375 2505 audiente
2397 2453 2694 2506 communi
2711 2453 2897 2508 amico
2921 2454 3314 2526 Genebrardo)
3331 2457 3681 2511 obdormivit

2030 2538 2089 2592 in
2123 2539 2366 2594 Domino
2397 2541 2548 2596 inter
2576 2558 2736 2596 meos
2767 2542 3087 2613 amplexus,
3149 2548 3457 2615 postquam
3494 2563 3681 2601 annos

2033 2625 2165 2696 plus
2188 2629 2390 2699 viginti
2419 2630 2723 2685 continuos
2753 2631 2929 2685 simul
2953 2632 3310 2688 amicissime
3341 2638 3397 2688 et
3426 2634 3485 2688 in
3519 2640 3680 2689 utra-

2032 2732 2144 2786 que
2181 2720 2412 2773 fortuna
2445 2721 2652 2774 versati
2687 2737 2917 2776 sumus.

2108 2805 2303 2860 Dicere
2333 2808 2486 2862 enim
2523 2808 2840 2879 aliquando
2872 2808 3095 2864 solebat
3126 2826 3260 2865 cum
3293 2812 3363 2866 de
3412 2829 3504 2867 me
3552 2812 3683 2869 aliis

2032 2909 2331 2951 sermones
2363 2902 2597 2963 sereret,
2634 2914 2739 2953 nos
2770 2898 3001 2953 dextras
3034 2900 3328 2955 societatis
3360 2900 3467 2970 (sic
3500 2902 3680 2956 'enim

2031 2982 2101 3037 de
2124 2982 2361 3039 alumno
2385 3002 2490 3040 suo
2515 2986 2699 3040 amice
2721 2986 2879 3057 loqui
2908 2986 3151 3057 solebat)
3176 2988 3427 3055 dedisse,
3447 2990 3607 3043 nulla
3629 2990 3686 3044 vi

2032 3070 2145 3125 nisi
2175 3072 2375 3127 mortis
2398 3073 2840 3145 disjungendas.
2864 3076 3026 3141 Quod
3040 3093 3271 3131 summo
3288 3077 3387 3132 Dei
3404 3079 3686 3134 beneficio

2039 3158 2190 3215 inter
2220 3160 2335 3215 alia
2367 3161 2549 3216 multa
2582 3162 2724 3216 mihi
2757 3162 3016 3234 contigit.
3050 3163 3164 3218 Nec
3214 3164 3370 3219 enim
3402 3164 3522 3221 ullo
3572 3165 3685 3221 alio

2041 3265 2300 3320 unquam
2333 3250 2558 3305 diutius
2589 3255 2645 3304 et
2668 3251 3016 3306 familiarius
3050 3269 3193 3307 usus
3225 3257 3333 3320 est,
3375 3270 3479 3309 nec
3514 3254 3679 3309 alteri

2040 3338 2309 3409 cuiquam
2341 3339 2422 3406 (ni
2457 3338 2642 3411 fallor)
2666 3356 2773 3395 sua
2801 3339 3077 3396 libentius
3113 3358 3178 3396 ac
3211 3341 3439 3398 fidelius
3473 3359 3685 3399 arcana

2040 3428 2352 3483 commisit.
2385 3430 2539 3491 Quas
2570 3428 2642 3482 ob
2675 3443 2787 3499 res,
2821 3432 2877 3482 et
2906 3428 2964 3480 in
2996 3427 3146 3499 grati
3179 3428 3358 3483 animi
3409 3429 3683 3486 testiﬁca-

2038 3517 2253 3572 tionem
2279 3517 2386 3572 hoc
2407 3518 2535 3587 ejus
2556 3516 2809 3587 elogium
2828 3516 3053 3587 scripsi,
3068 3517 3688 3588 eiqueluctuosissime

2039 3607 2361 3678 parentavi.
2393 3606 2549 3660 Obiit
2568 3609 2763 3661 autem
2784 3621 2981 3660 servus
3006 3606 3255 3674 Domini,
3280 3611 3336 3662 et
3357 3608 3685 3663 litterarum

2038 3696 2217 3751 decus
2248 3712 2399 3750 anno
2431 3695 2615 3750 aetatis
2646 3712 2763 3750 suae
2794 3695 3242 3766 quadragesimo
3275 3697 3546 3767 septimo,
3584 3704 3664 3752 Lu

2036 3786 2185 3840 tetiae
2213 3784 2589 3851 Parisiorum,
2624 3785 2681 3836 in
2703 3784 2929 3838 aedibus
2961 3783 3133 3839 amici
3195 3784 3439 3839 Gilberti
3496 3785 3680 3839 Gene-

2038 3874 2231 3929 brardi
2258 3872 2509 3944 theologi
2530 3871 2893 3941 Parisiensis,
2919 3871 3248 3926 divinarum
3273 3873 3686 3927 Hebraicarum

2037 3962 2366 4017 litterarum
2403 3960 2768 4032 professoris,
2802 3977 2953 4015 anno
2986 3960 3194 4015 salutis
3237 3978 3489 4017 MDLXXXI
3551 3962 3691 4018 hora

2037 4067 2192 4106 nona
2238 4049 2492 4105 serotina
2531 4048 2646 4102 diei
2674 4046 2833 4102 illius
2866 4064 2980 4119 quo
3010 4049 3274 4104 Christus
3306 4049 3587 4105 Dominus
3629 4051 3689 4104 in

2038 4140 2324 4194 mundum
2347 4138 2520 4205 venit,
2556 4141 2787 4203 uteum,
2812 4141 3163 4207 caeterosque
3194 4138 3321 4208 pios
3352 4140 3479 4208 ejus
3517 4139 3681 4193 simi-

2036 4228 2120 4283 les
2150 4228 2209 4283 in
2227 4227 2435 4282 ccelum
2469 4230 2812 4281 assumeret.
2839 4226 2979 4296 Ejus
3002 4242 3214 4297 corpus
3238 4225 3441 4281 multis
3468 4228 3685 4282 studiis

2032 4316 2266 4389 vigiliis,
2299 4332 2364 4372 ac
2395 4314 2693 4371 laboribus
2726 4330 2829 4385 pro
2860 4313 2959 4369 Dei
2992 4313 3247 4370 Ecclesia
3269 4316 3412 4371 dum
3468 4316 3684 4371 viveret

2034 4406 2348 4479 protritum
2374 4409 2430 4461 et
2458 4405 2829 4468 exhaustum,
2862 4403 2919 4457 in
2952 4404 3128 4459 choro
3157 4404 3298 4459 aedis
3328 4408 3536 4460 Sancto
3588 4406 3686 4459 Se-

1950 4508 1998 4572 D
2028 4496 2224 4552 verino
2258 4511 2434 4550 sacrae
2465 4495 2535 4548 ad
2568 4493 2759 4564 magni
2792 4491 2994 4547 altaris
3047 4494 3310 4548 dextram
3351 4494 3569 4549 dormit
3619 4494 3679 4548 in

2032 4584 2287 4657 pulvere,
2314 4585 2495 4638 donec
2518 4598 2551 4636 a
2581 4581 2828 4636 Domino
2851 4581 3149 4648 excitetur,
3183 4598 3249 4637 ac
3274 4583 3456 4638 beatae
3469 4582 3629 4638 anim
3649 4600 3692 4637 ae

2031 4677 2370 4730 sanctorum
2401 4670 2668 4726 laborum
2691 4686 2935 4725 suorum
2958 4670 3130 4726 sociae
3176 4674 3234 4726 et
3264 4671 3518 4727 consorti
3570 4670 3683 4725 ite-

2030 4779 2163 4818 rum
2197 4760 2463 4817 uniatur.

1272 5009 1331 5059 ιι,
1365 4991 1452 5046 41.
1531 4992 1574 5028 9°
1604 4991 1757 5065 Psal.
1786 5009 1916 5048 xxxn

2033 4996 2071 5050 3.
2149 4993 2191 5028 9"
2227 4997 2391 5048 Prov.
2426 5007 2585 5062 xvm,
2633 4990 2722 5047 17.
2800 4992 2843 5028 ’3
2876 4989 3131 5062 Philipp.
3156 5006 3200 5056 ι,
3231 4991 3323 5045 21.
3402 4990 3446 5026 9’
3474 4989 3686 5048 Matth.
