4152 6286
298 400 414 463 393
1540 395 1834 457 ORATIO
1876 393 1926 454 Ι.

2076 391 2439 455 MONITUM
2453 435 2466 453 .
3593 395 3711 456 394

298 557 725 568 ._—._.__————

298 575 726 589 -—-——-——-———

703 745 1288 842 MONITUM
1357 746 1486 842 IN
1560 742 2323 854 SEQUENTEM
2395 742 3138 840 ORATIONEM
3170 742 3309 836 (⁷⁸).

389 1167 432 1219 ι
465 1161 512 1220 l.
573 1159 744 1219 Inter
799 1156 1116 1218 orationes
1170 1155 1451 1234 Gregorii
1512 1154 1781 1234 primam
1830 1153 1942 1215 illa
1997 1153 2116 1214 sibi
2171 1153 2382 1214 sedem
2430 1152 2729 1225 vindicat,
2781 1172 2922 1233 quae
2976 1154 3459 1233 quadragesimo
3506 1156 3713 1236 primo

304 1257 448 1318 loco
508 1256 587 1316 ab
647 1254 992 1316 editoribus
1051 1254 1498 1315 Parisiensibus
1551 1259 1918 1314 numeratur
1978 1269 1991 1324 ;
2055 1251 2342 1330 quamvis
2417 1252 2481 1312 in
2539 1252 2830 1312 omnibus
2887 1271 3044 1331 pene
3100 1253 3418 1314 codicibus
3473 1255 3714 1315 caeteris

310 1354 632 1434 praemissa
660 1355 737 1414 sit
765 1353 1175 1414 orationibus.
1243 1351 1419 1429 Regii
1478 1369 1752 1430 namque
1809 1351 2144 1429 plusquam
2204 1350 2625 1428 quadraginta
2683 1357 2835 1409 sunt
2889 1350 3159 1423 codices,
3229 1351 3290 1410 in
3352 1352 3578 1431 quibus
3609 1371 3712 1413 or-

307 1452 452 1512 dine
511 1451 712 1530 prima
767 1457 860 1511 est
912 1451 1118 1512 Oratio
1178 1452 1239 1510 z'n
1296 1448 1532 1510 Pascha
1562 1460 1614 1509 et
1654 1449 2020 1510 tarditatem.
2079 1448 2358 1508 Primum
2419 1465 2671 1526 quoque
2725 1447 2930 1508 locum
2991 1452 3161 1507 tenet
3210 1448 3273 1507 in
3329 1449 3712 1528 Anglicanis,

306 1549 752 1628 imperatoriis,
810 1554 953 1620 etc.,
1018 1554 1088 1608 ut
1143 1548 1243 1608 vel
1298 1547 1480 1607 editis
1536 1547 1840 1624 catalogis
1897 1553 2141 1606 notum.
2197 1545 2356 1615 Quin
2427 1545 2566 1623 ipsa
2623 1544 2925 1604 orationis
2979 1545 3172 1605 verba
3228 1564 3366 1606 eam
3433 1549 3716 1608 omnium

310 1647 577 1726 primam
649 1664 782 1706 esse
839 1645 1178 1706 ostendunt
1235 1642 1404 1704 satis.
1469 1643 1837 1704 Ἀναστάσεως
1896 1643 1950 1714 ἧι

2074 1662 2098 1710 ι,
2160 1640 2247 1695 καὶ
2306 1643 2339 1709 ἡ
2401 1639 2547 1714 ἀρχὴ
2610 1637 2770 1709 δεξιά·
2831 1666 2860 1697 ‹‹
2907 1643 3417 1718 Besurrectionis,
3489 1645 3714 1723 inquit,

311 1744 442 1804 dies
470 1744 872 1821 faustumque
904 1743 1303 1822 principium.
1342 1764 1369 1799 ι)
1407 1777 1483 1785 --
1533 1741 2001 1819 «Principium,
2035 1741 2320 1818 inquam,
2357 1758 2718 1800 sermonum
2766 1745 2828 1799 et
2873 1740 3010 1800 initi
3064 1740 3400 1820 pastoralis
3441 1742 3650 1802 ofﬁcii.
3684 1766 3714 1797 »

309 1841 486 1914 Ἀρχῆ
517 1843 624 1893 τῶν
679 1837 862 1914 λόγων
923 1860 1048 1911 μου,
1081 1839 1170 1892 καὶ
1229 1839 1263 1907 ἡ
1323 1837 1469 1913 ἀρχὴ
1515 1842 1612 1891 τοῦ
1662 1835 1928 1891 διδάσκειν

2081 1840 2175 1890 τοῦ
2206 1833 2582 1912 προίστασθαι.
2644 1840 2737 1898 ita
2791 1842 2934 1916 post
2989 1845 3261 1899 veterem
3319 1838 3721 1900 scholiastam

307 1939 576 1998 Nicetes.
635 1937 903 1990 Ἐντεῦθεν
963 1935 1088 2009 γάρ,
1149 1937 1237 1996 ait
1284 1937 1453 2015 apud
1492 1937 1943 2014 Lambecium(

2081 1935 2207 2007 ille,
2245 1932 2273 1985 ὀ
2334 1931 2606 1994 θειότατος
2669 1931 2823 1994 οὗτος
2882 1933 3067 2008 Πατὴρ
3123 1936 3230 1988 τῶν
3289 1933 3479 1989 ἑαυτοῦ
3539 1933 3719 2010 λόγων

308 2033 607 2108 ἀπήρξατο.
642 2036 712 2095 Id
743 2041 835 2096 est
870 2054 883 2095 :
921 2060 949 2092 α
985 2037 1142 2096 Hinc
1172 2034 1336 2094 enim
1368 2034 1790 2094 divinissimus
1819 2034 1925 2094 ille
1960 2037 2141 2094 Pater
2171 2051 2529 2093 sermonum
2562 2051 2816 2093 suorum
2851 2032 3099 2092 initium
3131 2034 3331 2094 duxit.
3366 2057 3396 2089 »

387 2135 462 2194 ΙΙ.
524 2133 696 2193 Idem
759 2133 982 2192 astruit
1039 2132 1305 2192 Basilius
1361 2132 1590 2209 insigni
1651 2132 1890 2192 scholio
1925 2178 1939 2203 ,
2003 2131 2170 2209 quod
2225 2132 2288 2190 in
2362 2131 2817 2191 commentario
2875 2131 3208 2191 exhibetur
3258 2149 3273 2191 :
3335 2132 3462 2193 imo
3520 2133 3722 2194 inedi-

312 2237 411 2291 tus
440 2230 600 2290 alter
638 2230 1000 2302 scholiasta,
1062 2230 1165 2308 qui
1224 2230 1290 2289 in
1350 2229 1522 2290 Colb.
1587 2231 1725 2289 cod.
1786 2231 1966 2304 3063,
2022 2229 2086 2288 in
2146 2229 2492 2290 orationem
2551 2230 2890 2289 secundam
2946 2230 3009 2288 in
3063 2229 3326 2304 Pascha,
3389 2231 3526 2291 haec
3583 2249 3722 2291 ver-

308 2327 392 2387 ba
426 2350 439 2388 :
474 2328 541 2378 Ὢ
572 2324 704 2399 λόγε
734 2329 889 2400 Θεοῦ,
930 2349 958 2384 ‹‹
997 2331 1045 2388 0
1098 2327 1352 2386 verbum
1404 2327 1535 2398 Dei,
1571 2348 1600 2385 »
1656 2331 1803 2400 etc.,
1857 2326 1943 2387 sic
1989 2331 2456 2388 commentatur
2495 2324 2612 2406 (80)
2652 2343 2666 2385 :
2707 2325 2972 2386 «Habes
3013 2326 3224 2406 itaque
3272 2346 3441 2388 nunc
3485 2329 3726 2389 oratio-

311 2444 455 2486 nem
511 2425 676 2486 hanc
738 2432 1039 2498 nostram,
1103 2443 1230 2486 non
1279 2425 1534 2504 quidem
1592 2425 1920 2503 primitias,
1982 2443 2186 2504 neque
2254 2425 2566 2505 primam,
2629 2430 2696 2484 ut
2747 2423 2858 2484 illa
2924 2423 3089 2504 (quae
3147 2424 3234 2484 sic
3303 2425 3541 2505 incipit)
3604 2427 3726 2486 Re-

315 2524 724 2583 surrectionis
774 2523 928 2582 dies.
977 2545 1005 2580 »
1065 2526 1134 2584 ln
1183 2541 1323 2582 eam
1381 2524 1654 2600 denique
1711 2523 2084 2584 sententiam
2145 2541 2285 2582 cum
2347 2528 2588 2581 veteres
2644 2526 2777 2580 tum
2836 2522 3215 2582 recentiores
3270 2521 3541 2582 iverunt.
3603 2525 3728 2584 Nec

314 2621 475 2681 enim
541 2639 750 2682 moror
808 2621 979 2699 quod
1034 2621 1493 2681 Leuvenklaius
1549 2621 1612 2679 in
1658 2639 1772 2680 sua
1828 2619 2292 2699 nuncupatoria
2348 2618 2615 2697 epistola
2663 2617 2796 2678 ait:
2860 2639 2888 2676 α
2941 2618 3201 2679 Ratione
3250 2620 3574 2699 temporis.
3649 2620 3731 2681 si-

313 2719 567 2797 quidem
600 2719 750 2778 Eliee
793 2719 1073 2780 Cretensi
1120 2725 1182 2779 et
1226 2718 1457 2778 Nicetes
1509 2719 1802 2779 Serronio
1851 2719 2184 2791 credimus,
2238 2736 2369 2777 esse
2420 2717 2624 2794 prima
2667 2716 2894 2776 debeat
2940 2717 3166 2791 oratio,
3219 2740 3250 2773 »
3305 2737 3446 2796 quae
3493 2719 3560 2778 in
3605 2719 3730 2778 Pa-

311 2816 556 2876 risiensi
605 2816 1082 2877 Graeco-Latina
1130 2815 1402 2876 editione
1452 2817 1670 2876 ordine
1727 2817 2003 2876 secunda
2050 2821 2166 2876 est.
2216 2814 2459 2874 Etenim
2510 2813 2696 2892 longe
2753 2813 2942 2874 aliam
2990 2832 3121 2874 esse
3169 2815 3404 2876 Nicetae
3454 2821 3725 2877 mentem

312 2914 503 2976 modo
547 2915 841 2974 vidimus.
904 2913 1056 2974 Elia:
1113 2932 1262 2974 vero
1319 2915 1690 2974 sententiam
1749 2914 1899 2976 alibi
1954 2913 2346 2986 refellemus,
2403 2931 2594 2991 quam
2653 2912 2902 2972 interim
2947 2912 3228 2991 explodit
3284 2915 3436 2973 satis
3493 2914 3724 2974 utrius-

318 3031 442 3089 que
498 3013 799 3071 orationis
856 3012 1259 3090 principium,
1321 3017 1383 3072 et
1438 3012 1579 3072 ﬁnis
1635 3013 1814 3072 istius
1863 3011 2018 3072 :ubi
2074 3011 2478 3088 Theologus:
2519 3011 2718 3071 «Jam
2770 3029 3111 3083 sermones,
3162 3011 3368 3088 inquit
3414 3010 3562 3092 (81),
3615 3011 3728 3072 ha-

325 3108 512 3184 betis,
570 3127 832 3187 quorum
892 3109 1199 3170 desiderio
1260 3115 1588 3189 tantopere
1648 3109 2012 3188 flagrabatis
2073 3127 2087 3182 ;
2147 3132 2178 3163 »
2240 3125 2559 3169 sermones
2615 3107 2939 3187 hucusque
3001 3107 3342 3186 denegatos
3377 3154 3392 3182 ,
3453 3128 3724 3187 quorum

324 3206 534 3266 studio
577 3225 651 3267 eo
708 3207 971 3285 amplius
1027 3208 1380 3282 ardebant,
1447 3227 1571 3288 quo
1629 3208 1862 3268 diutius
1914 3208 2006 3267 illi
2058 3207 2529 3267 differebantur.
2593 3208 2742 3276 Quae
2799 3205 3053 3284 quidem
3095 3206 3530 3285 interpretatio
3591 3227 3720 3268 non

324 3308 564 3376 nostra,
598 3304 703 3364 sed
747 3303 939 3382 ipsius
969 3311 1062 3365 est
1091 3306 1392 3384 Gregorii,
1427 3312 1495 3366 ut
1526 3311 1658 3366 tota
1687 3305 1889 3367 oratio
1921 3305 2127 3377 tertia,
2173 3304 2329 3365 alias
2357 3305 2654 3378 secunda,
2689 3303 2937 3383 probat,
2973 3310 3161 3384 atque
3207 3305 3272 3364 in
3320 3323 3460 3366 eam
3510 3305 3728 3367 admo-

321 3401 478 3462 nitio
510 3401 987 3463 demonstrabit.

395 3500 501 3560 III.
562 3501 708 3561 Haec
766 3500 960 3578 igitur
1019 3501 1224 3580 prima
1279 3500 1561 3561 omnium
1621 3501 1854 3580 scripta
1909 3501 2203 3580 dictaque
2258 3501 2376 3560 fuit
2428 3500 2630 3560 oratio
2687 3518 2852 3561 anno
2910 3500 3140 3561 Christi
3186 3502 3323 3574 362,
3373 3501 3573 3580 pridie
3602 3505 3731 3562 Ka-

316 3597 538 3658 lendas
587 3598 842 3678 Aprilis,
894 3617 1022 3677 qua
1078 3599 1201 3671 die,
1255 3599 1443 3678 juxta
1495 3599 1897 3672 Bucherium,
1959 3599 2078 3660 hoc
2136 3618 2301 3659 anno
2361 3600 2584 3659 festum
2633 3599 2890 3659 Pascha;
2938 3599 3175 3659 incidit.
3214 3601 3349 3672 Qua
3379 3619 3525 3660 vero
3557 3618 3733 3661 occa-

315 3695 490 3755 sione
546 3696 852 3774 quibusve
910 3696 987 3755 de
1044 3697 1267 3769 causis,
1324 3697 1490 3756 infra
1545 3698 1938 3758 commodius
1994 3697 2340 3758 admonitio
2393 3697 2456 3756 in
2519 3695 2960 3776 Apologetz'cum
3022 3717 3302 3776 magnum
3361 3697 3731 3759 declarabit.

315 3793 528 3854 Brevis
583 3793 693 3853 illa
750 3795 1008 3872 quidem
1067 3795 1314 3854 oratio:
1352 3813 1568 3854 verum
1628 3801 1814 3867 certe,
1869 3813 2078 3854 rerum
2129 3795 2344 3855 habita
2391 3795 2658 3867 ratione,
2710 3795 3152 3873 amplissima;
3197 3797 3445 3857 tametsi
3501 3802 3737 3856 temere

319 3891 520 3951 ﬂuens
570 3896 630 3950 et
675 3892 979 3971 dissipata
1037 3893 1297 3952 forsitan
1350 3892 1556 3970 prima
1613 3892 1815 3952 fronte
1873 3893 2181 3952 videatur.
2217 3893 2286 3952 In
2343 3911 2416 3952 ea
2473 3891 2861 3970 resurgentis
2917 3892 3145 3952 Christi
3211 3894 3530 3972 mysteria,
3591 3911 3736 3954 cum

322 3988 682 4048 defensione
742 3988 1057 4049 tarditatis
1099 4008 1267 4061 suae,
1339 3994 1402 4049 et
1458 3995 1796 4068 utrumque
1855 4008 1998 4050 cum
2057 3990 2388 4068 praeceptis
2445 4007 2690 4050 morum
2750 3990 2840 4050 ita
2896 3990 3269 4069 conjungit,
3329 3991 3418 4051 ita
3474 3991 3739 4070 singulis

322 4085 572 4163 singula
625 4087 878 4157 miscet,
933 4091 1003 4146 ut
1057 4088 1259 4147 oratio
1317 4087 1701 4166 panegyrica
1756 4093 1909 4162 tota,
1971 4093 2100 4149 tota
2161 4087 2438 4160 moralis,
2487 4087 2880 4166 apologetica
2908 4093 3041 4148 tota
3069 4106 3226 4166 pene
3257 4089 3454 4167 possit
3513 4089 3736 4169 appel-

326 4183 460 4243 lari.
495 4185 565 4244 In
599 4202 672 4243 ea
702 4203 766 4243 se
815 4184 980 4244 idem
1028 4190 1282 4244 accusat
1312 4189 1373 4244 et
1421 4185 1718 4257 defendit,
1756 4184 2029 4246 demittit
2086 4191 2149 4246 et
2206 4186 2470 4260 extollit,
2532 4191 2712 4264 paret
2765 4192 2830 4246 et
2885 4186 3173 4265 imperat,
3231 4187 3736 4248 benevolentiam

327 4287 543 4358 captat
597 4286 658 4341 et
719 4281 1036 4360 objurgat.
1098 4282 1380 4360 Denique
1439 4282 1590 4343 dum
1647 4301 1780 4343 esse
1813 4289 2028 4361 pastor
2085 4283 2285 4343 bonus
2341 4288 2618 4362 exoptat,
2677 4283 2882 4361 ipsum
2941 4302 3129 4361 quem
3188 4303 3321 4345 esse
3369 4285 3737 4364 exoptabat,

326 4396 390 4437 se
433 4379 847 4452 demonstrat,
903 4385 950 4440 2
1008 4385 1070 4440 et
1115 4380 1363 4441 Christo
1411 4381 1703 4442 alacriter
1760 4381 2278 4442 commorientem
2333 4387 2396 4441 et
2450 4401 2576 4441 una
2630 4380 2815 4440 simul
2868 4387 3322 4460 resurgentem,
3357 4401 3591 4444 novum
3623 4383 3743 4444 ho-

328 4476 585 4549 minem,
645 4495 829 4555 quem
884 4483 1203 4556 pastorem
1279 4497 1427 4539 oves
1493 4480 1672 4558 sequi
1726 4480 1996 4540 debeant
2071 4486 2135 4539 et
2206 4479 2424 4540 audire
2457 4526 2470 4539 .
2519 4480 2848 4541 Munerum
2905 4485 3116 4540 autem
3191 4481 3424 4559 injecta
3481 4481 3740 4557 mentio,

329 4591 524 4651 quam
584 4574 938 4649 artiﬁciosa,
1001 4595 1192 4654 quam
1251 4583 1402 4655 apta
1455 4577 1637 4650 festo,
1700 4576 2030 4657 praeceptis
2085 4595 2357 4650 morum,
2418 4575 2710 4636 laudibus
2767 4577 2987 4656 patris,
3033 4576 3151 4638 sibi
3196 4577 3316 4658 ipsi
3345 4583 3472 4638 tam
3509 4579 3750 4657 magni-

330 4670 450 4730 ﬁce
505 4689 695 4748 quam
756 4675 1031 4734 modeste
1090 4693 1162 4735 ac
1219 4675 1590 4746 necessario,
1656 4694 1819 4736 novo
1876 4674 1991 4735 sub
2052 4680 2230 4754 patre
2307 4673 2545 4753 pastori
2620 4673 2874 4749 vicario,
2960 4676 3501 4737 commendando!
3541 4681 3750 4755 Atque

330 4769 467 4830 haec
499 4773 592 4830 est
620 4769 824 4850 prima
855 4772 1160 4850 Gregorii,
1197 4777 1280 4848 et,
1315 4772 1368 4834 si
1398 4773 1628 4834 Basilio
1659 4773 1970 4834 credimus
1997 4773 2442 4851 extemporalis
2476 4772 2702 4833 oratio.

407 5002 516 5076 (7B)
547 5004 613 5076 in
647 5002 925 5059 omnibus
956 5020 1101 5076 pene
1131 5020 1274 5060 mss.
1310 5003 1432 5058 haec
1461 5003 1644 5060 oratio
1679 5003 1926 5076 primam
1962 5004 2160 5060 sedem
2192 5008 2459 5076 occupat.

427 5075 518 5142 79)
545 5074 818 5130 Lambec.
843 5076 911 5142 in
944 5074 1116 5131 cata].
1159 5077 1232 5131 ad
1266 5077 1392 5132 cod.
1424 5076 1514 5132 97.

549 5145 790 5221 ﬁﬁvptv
824 5140 970 5221 ἕχει-ς
1002 5146 1093 5200 τὸν
1129 5144 1290 5221 λᾴγον
1321 5149 1536 5216 τοῦτον,
1570 5145 1670 5200 οὑκ
1701 5146 1973 5220 ἀπαρχὴν,
2007 5142 2130 5200 οὐδὲ
2161 5149 2399 5220 πρῶτον,
2433 5145 2505 5205 ὡς
2533 5144 2618 5219 τὸ,
2651 5143 2984 5208 ἀναστάσεως
3016 5143 3216 5220 ἡμέρα.

405 5217 518 5289 (81)
548 5218 612 5274 In
637 5217 951 5276 Monita'ad
986 5226 1132 5276 orat.
1165 5217 1217 5274 3.

673 5835 940 5903 PATROL.
988 5855 1084 5920 gr.
1132 5837 1382 5904 XXXV.
3363 5837 3440 5898 13
