4152 6286
424 301 540 360 395
1662 291 1726 350 S.
1781 288 2153 350 GREGORII
2197 287 2593 350 THEOLOGI
3718 310 3836 368 395

425 424 3839 463 Μ

1116 602 1366 701 ΤΟΥ
1444 599 1607 697 ΕΝ
1688 596 2109 695 ΑΓΙΟΙΣ
2193 596 2689 696 ΠΑΤΡΟΣ

1500 599 1607 696 1N
1688 596 2109 695 ΑΓΙΟΙΣ
2193 596 2689 696 ΠΑΤΡΟΣ
2773 600 3140 698 ΗΜΩΝ

794 824 1804 960 ΓΡΗΓΟΡΙΟΥ
1900 822 2249 954 ΤΟΥ
2354 808 3467 960 ΘΕΟΛΟΓΟΥ(⁸²)

1440 1057 1998 1116 ΔΡΧΙΕΠΙΣΚΟΠΟΥ
2035 1057 2817 1114 ΚΩΝΣΤΑΝΤΙΝΟΥΠΟΛΕΩΣ

1681 1231 2579 1406 ΛΟΓΟΙ.

648 1663 814 1829 S.
904 1666 1082 1827 P.
1174 1665 1363 1829 N.
1480 1661 2470 1830 GREGORII
2566 1663 3605 1834 THEOLOGI

855 1933 1826 2029 ARCHIEPISCOPI
1910 1933 3389 2033 CONSTANTINOPOLITANI

1624 2158 2624 2283 ORATIONES.

962 2495 1427 2591 ORATIO
1462 2496 1564 2589 1⁸.
2094 2497 2149 2563 Α

2094 2497 2149 2563 Α
2700 2517 3103 2615 ΛΟΓΟΣ
3187 2520 3297 2613 Α.

627 2641 676 2697 8
707 2640 770 2695 In
798 2648 1048 2695 sanctum
1075 2640 1283 2695 Pascha
1312 2641 1361 2694 et
1405 2640 1465 2693 in
1504 2639 1848 2693 tarditatem.

2270 2651 2365 2713 Εἷς
2394 2651 2456 2705 τὸ
2486 2651 2640 2727 ἅγιον
2671 2648 2865 2726 Πάσχα
2894 2653 3008 2726 (33)
3038 2651 3128 2706 καὶ
3161 2652 3236 2713 εἰς
3266 2652 3365 2720 τήν
3401 2651 3732 2728 βραδυτῆτα.

483 2762 1545 2833 Litesurreotioniedies,faustumque
1559 2761 2062 2833 principium.Hao

2243 2760 2320 2814 A'.
2358 2760 2718 2815 Ἀναστάσεως
2746 2759 2948 2832 ἡμέρα,
2977 2758 3065 2812 καὶ
3097 2760 3132 2828 ἡ
3166 2758 3311 2833 ἀρχὴ
3346 2756 3510 2832 δεξιὰ,
3548 2760 3637 2814 καὶ
3672 2760 3819 2835 λαμ-

411 2852 751 2910 celebritate
771 2853 1343 2924 exsplendescamus,
1360 2868 1425 2907 ac
1449 2855 1655 2906 mutuo
1680 2867 1785 2907 nos
1807 2851 2051 2923 comple-

2178 2849 2484 2923 πρυνθῶμεν
2534 2849 2604 2919 τῇ
2648 2846 2963 2923 πανηγύρει,
3015 2846 3104 2902 καὶ
3156 2845 3439 2917 ἀλλήλους
3480 2852 3818 2924 περιπτυξώ-

415 2949 663 3000 ctamur.
703 2927 1260 3010 l)icamus,ifratres,
1294 2940 1386 2996 his
1434 2941 1607 2996 etiam
1650 2939 1749 3010 qui
1780 2956 1887 2995 nos
1919 2941 2055 2995 ode-

2174 2939 2326 3011 μεθα·
2362 2934 2619 3009 εἷίπωμεν,
2652 2934 2899 3013 ἀδελφοὶ,
2950 2935 3038 2990 καὶ
3084 2942 3201 2997 τοῖς
3252 2941 3498 3009 μισοῦσιν
3528 2940 3699 3010 ἡμᾶς,
3738 2941 3813 3012 μὴ

410 3043 550 3088 runt
577 3032 622 3102 ⁸,
655 3033 873 3088 nedum
902 3032 997 3089 his
1028 3031 1127 3103 qui
1157 3048 1259 3102 per
1287 3029 1632 3086 charitatem
1666 3029 1883 3099 aliquid
1916 3030 2050 3085 fece-

2176 3024 2248 3079 ὅτι
2280 3031 2396 3085 τοῖς
2442 3023 2511 3078 δι’
2556 3025 2768 3098 ἀγάπην
2818 3027 2929 3098 (84)
2972 3047 3023 3079 τι
3073 3024 3451 3095 πεποιηκόσιν,
3483 3025 3517 3094 ἥ
3550 3027 3816 3082 πεπονθό-

411 3126 573 3191 runt,
604 3121 689 3177 vel
718 3122 875 3193 passi
898 3125 1056 3177 sunt.
1086 3119 1517 3175 Resurrectioni
1543 3119 1743 3173 omnia
1763 3118 2051 3173 condone-

2177 3134 2239 3166 τι·
2269 3116 2722 3188 συγχωρήσωμεν
2773 3119 2945 3168 πάντα
2993 3113 3062 3188 τῇ
3108 3114 3411 3169 ἀναστάσει’
3467 3112 3646 3189 δῶμεν
3690 3138 3817 3192 συγ-

412 3226 585 3277 mus;
616 3210 845 3265 veniam
878 3209 976 3265 alii
1004 3208 1135 3264 aliis
1166 3209 1395 3275 demus,
1427 3212 1555 3262 tum
1586 3223 1691 3278 ego
1722 3206 1819 3277 qui
1854 3205 2052 3259 lauda-

2172 3201 2395 3274 γνώμην
2423 3198 2719 3274 ἀλλήλοις,
2772 3201 2878 3279 ἐγώ
2924 3222 2983 3256 τε
3029 3204 3057 3257 ὁ
3099 3202 3447 3278 τυραννηθεὶς
3494 3206 3594 3273 τήν
3636 3206 3812 3273 καλὴν

411 3297 593 3354 bilem
627 3297 742 3355 vim
774 3314 1090 3371 perpessus
1117 3313 1272 3366 sum,
1306 3296 1416 3351 hoc
1446 3296 1602 3350 enim
1643 3309 1799 3348 nunc
1823 3292 2051 3362 adjicio,

2176 3288 2471 3363 τυραννίδα,
2521 3294 2681 3345 τοῦτο
2727 3291 2829 3366 γὰρ
2878 3295 2964 3346 νῦν
3011 3290 3368 3366 προστίθημι,
3420 3292 3508 3347 καὶ
3553 3294 3707 3365 ὑμεῖς
3758 3295 3816 3348 οἱ

408 3391 536 3443 tum
553 3391 604 3444 4
627 3404 727 3444 vos
750 3388 849 3459 qui
871 3386 1248 3443 laudabiliter
1268 3385 1382 3440 vim
1405 3382 1709 3449 attulistis,
1735 3380 1785 3436 si
1807 3381 1942 3453 quid
1969 3386 2048 3436 est

2172 3376 2349 3440 καλῶς
2396 3382 2839 3455 τυραννήσαντες,
2891 3376 2945 3434 εἷ’
2983 3380 3035 3434 τί
3090 3401 3183 3454 μοι
3234 3380 3535 3459 μὲμφοισθε
3573 3384 3683 3454 (85)
3714 3386 3812 3452 τῆς

409 3478 564 3550 quod
601 3477 748 3533 mibi
788 3476 1078 3531 tarditatis
1112 3489 1292 3528 causa
1336 3471 1750 3527 succenseatis.
1785 3470 2049 3533 Quando-

2170 3464 2529 3542 βραδυτῆτος,
2564 3468 2639 3529 ὡς
2664 3469 2807 3542 τάχα
2848 3488 2911 3542 γε
2957 3468 3215 3543 κρείττων
3267 3473 3379 3541 (86)
3426 3469 3559 3540 αὕτη
3609 3469 3699 3524 καὶ
3727 3492 3809 3526 τι-

408 3568 645 3639 quidem
682 3582 750 3621 ea
779 3565 1045 3621 fortassis
1077 3562 1231 3633 apud
1269 3563 1450 3615 Deum
1492 3559 1699 3614 melior
1749 3564 1838 3615 est
1886 3564 2048 3629 atque

2173 3558 2407 3632 μιωτέρα
2437 3563 2551 3629 Θεῷ
2595 3564 2695 3627 τῆς
2746 3558 2941 3633 ἑτέρων
2988 3566 3315 3633 ταχυτῆτος·
3351 3558 3542 3635 ἀγαθὸν
3589 3560 3693 3635 γὰρ
3723 3559 3813 3615 καὶ

405 3656 779 3727 praestantior
811 3668 988 3723 quam
1017 3650 1267 3705 aliorum
1300 3648 1586 3704 celeritas.
1620 3648 1847 3703 Bonum
1895 3649 2045 3703 enim

2173 3646 2527 3721 ὑποχωρῆσαι
2577 3652 2691 3719 Θεῷ
2739 3669 2791 3702 τι
2844 3648 3057 3722 μικρὸν,
3110 3648 3184 3709 ὡς
3233 3651 3469 3717 Μωυσῆς
3517 3647 3718 3711 ἐκεῖνος
3751 3650 3813 3705 τὸ

403 3750 510 3816 est,
544 3750 600 3799 et
643 3743 759 3799 Deo
809 3755 1127 3812 parumper
1174 3755 1300 3794 sese
1355 3738 1701 3803 subducere,
1736 3741 1801 3791 ut
1832 3740 2043 3809 Moyses

2174 3735 2444 3807 παλαιὸν,
2502 3736 2590 3789 καὶ
2649 3735 2910 3811 Ἱερεμίας
2970 3735 3188 3811 ὕστερον
3224 3781 3237 3805 ,
3297 3736 3385 3790 καὶ
3445 3735 3814 3814 προσδραμεῖν

403 3834 501 3889 ille
533 3833 673 3889 olim
694 3831 736 3901 ⁴,
770 3846 835 3885 ac
868 3833 1069 3901 postea
1100 3828 1421 3884 Hieremias
1444 3828 1483 3898 ⁵,
1518 3831 1573 3882 et
1606 3843 1809 3881 rursus
1853 3827 1923 3882 ad
1956 3844 2043 3882 vo-

2168 3825 2396 3897 ὲτοὶμως
2427 3823 2703 3895 καλοῦντι,
2755 3826 2828 3885 ὡς
2883 3826 3093 3898 Ἀαρών
3137 3846 3195 3880 τε
3241 3825 3329 3880 καὶ
3359 3826 3598 3896 Ἡσαῗας,
3650 3826 3808 3901 μόνον

2198 3912 2210 3931 9
2286 3910 2351 3931 ραν
2440 3914 2451 3930 Ί
2562 3913 2573 3931 Ι
2817 3913 2830 3931 \
2933 3914 2949 3931 Χ
3044 3911 3067 3931 δ
3106 3914 3119 3931 \
3221 3916 3233 3931 \
3339 3914 3351 3931 9
3431 3916 3441 3931 1
3553 3916 3565 3931 1
3610 3917 3657 3931 AI

406 3927 638 3979 cantem
671 3923 935 3991 prompte
961 3923 1134 3989 atque
1155 3917 1402 3989 impigre
1426 3933 1749 3984 accurrere,
1775 3917 2046 3987 quemad-

2171 3910 2392 3974 εὐσεϐῶς
2428 3913 2724 3990 ἀμφότερα,
2775 3913 2838 3967 τὸ
2892 3914 2987 3986 μὲν
3040 3911 3129 3968 διὰ
3175 3916 3274 3983 τὴν
3304 3914 3505 3970 οἰκείαν
3541 3916 3811 3971 ἀσθένειαν

407 4010 650 4067 modum
672 4010 861 4065 Aaron
882 4008 902 4042 ⁸
922 4013 978 4062 et
999 4008 1181 4062 Isaias
1206 4008 1247 4074 ⁷,
1272 4007 1445 4061 modo
1470 4010 1787 4076 utrumque
1814 4005 1909 4076 pio
1932 4006 2047 4061 ani-

1814 4005 1909 4076 pio
1932 4006 2052 4061 ani-
2158 4004 2293 4075 (87),
2322 4003 2384 4056 τὸ
2417 3998 2473 4056 δὲ
2502 3999 2590 4056 διὰ
2615 4003 2713 4071 τὴν
2738 4006 2834 4055 τοῦ
2868 4002 3164 4066 καλοῦντος
3197 4001 3446 4078 δύναμιν.

408 4115 504 4154 mo
527 4098 648 4167 ﬁat,
669 4096 916 4152 alterum
939 4096 1011 4151 ob
1033 4096 1327 4167 prOpriam
1349 4094 1776 4165 inﬁrmitatem,
1801 4095 2049 4150 alterum

407 4188 481 4244 ob
508 4185 771 4241 vocantis
818 4185 1159 4257 potentiam.

478 4275 549 4331 ΙΙ.
584 4273 925 4345 Mysterium
956 4273 1123 4328 unxit
1152 4287 1285 4339 me;
1318 4272 1591 4345 mysterio
1623 4270 1928 4344 paululum
1961 4289 2051 4328 se-

2229 4271 2304 4326 B'.
2339 4271 2646 4345 Μυστήριον
2675 4268 2861 4347 ἔχρισὲ
2895 4292 2982 4346 με,
3018 4272 3305 4347 μυστηρίῳ
3354 4274 3547 4349 μικρὸν
3588 4274 3807 4351 ὑπεχώ-

404 4363 576 4432 cessi,
614 4364 804 4435 quoad
835 4362 962 4435 ipse
995 4378 1086 4417 me
1118 4360 1509 4433 explorassem
1540 4380 1553 4429 ;
1595 4378 1727 4417 cum
1774 4362 2044 4434 mysterio

2168 4380 2300 4434 οησα
2356 4361 2488 4432 (88),
2550 4358 2673 4415 ὅσον
2743 4359 2972 4433 ἐμαυτὸν
3034 4360 3416 4435 ἐπισκέψασθαι
3452 4382 3464 4397 ⁸
3526 4364 3808 4438 μυστηρίῳ

403 4452 579 4508 etiam
612 4450 789 4508 simul
808 4452 1052 4515 introeo,
1075 4449 1420 4522 praclarum
1443 4449 1773 4506 timiditatis
1804 4450 2043 4506 infirmi-

2164 4470 2245 4503 και
2280 4446 2695 4523 συνεισέρχομαι
2727 4451 2860 4523 (89),
2911 4448 3086 4519 καλὴν
3139 4450 3471 4527 ἐπαγόμενος
3519 4460 3619 4523 τῆς
3667 4452 3804 4526 ἐμῆς

400 4542 660 4614 tatisque
692 4558 832 4597 meae
864 4541 1212 4611 adjutorem,
1246 4540 1401 4594 diem
1436 4541 1590 4595 hunc
1623 4540 1937 4608 asciscens,
1963 4546 2040 4609 ut,

2164 4535 2369 4599 δειλίας
2415 4536 2503 4590 καὶ
2537 4535 2804 4601 ἀσθενείας
2862 4537 3148 4615 ἐπίκουρον
3206 4540 3305 4609 τήν
3370 4542 3601 4617 ἡμέραν,
3646 4540 3721 4595 ’ίν’
3777 4543 3804 4597 ὁ

400 4630 501 4703 qui
522 4630 804 4687 hodierno
834 4629 930 4686 die
962 4646 996 4686 a
1016 4630 1268 4685 mortuis
1300 4630 1573 4698 surrexit,
1595 4630 1751 4685 idem
1782 4646 1874 4687 me
1903 4646 2040 4701 quo-

2164 4629 2398 4703 σήμερον
2457 4624 2516 4680 ἐκ
2565 4631 2765 4699 νεκρῶν
2825 4626 3052 4689 ἀναστὰς
3116 4628 3258 4703 κάμὲ
3313 4633 3672 4703 καινοποιήσῃ
3725 4633 3804 4701 τῷ

469 4784 489 4819 ³
520 4783 632 4840 Isa.
665 4799 813 4854 LXVI,
842 4782 897 4837 5.
974 4783 996 4816 ‘
1023 4781 1199 4839 Exod.
1234 4799 1311 4853 1v,
1346 4782 1427 4839 l3.
1509 4782 1529 4817 ⁵
1556 4781 1772 4838 Jerem.
1805 4799 1844 4851 ι,
1876 4783 1930 4837 6.
2006 4782 2027 4819 ⁸
2056 4780 2233 4838 Exod.
2268 4797 2341 4847 1v,
2372 4782 2462 4836 27.
2538 4780 2558 4815 ⁷
2590 4779 2697 4837 Isa.
2729 4797 2806 4851 v1,
2839 4781 2893 4836 8.

467 4943 489 4969 ι
519 4931 680 5007 Alias
710 4933 848 5002 XLI,
884 4951 1012 5007 quae
1042 4941 1237 4991 autem
1270 4936 1295 4989 1
1329 4939 1471 5004 erat,
1504 4950 1661 4991 nunc
1682 4934 2043 4990 2.—Habita

398 5020 550 5062 anno
580 5006 704 5061 362.

468 5111 583 5184 (82)
649 5110 947 5187 Θεολόγου.
1015 5113 1288 5187 Gregorio
1334 5112 1561 5187 _nobile
1625 5112 1875 5182 leeologi
1910 5129 2034 5187 _co-

2162 5114 2337 5187 “(8,6)
2390 5112 2477 5175 Ὠς
2530 5111 2675 5187 τάχα
2726 5131 2786 5187 γε
2831 5111 3104 5187 κρείττων.
3163 5114 3741 5186 «Quandoquidem.
3773 5138 3802 5167 »

394 5200 659 5257 gnomen
682 5183 985 5242 ascribunt
1015 5183 1244 5241 ducenti
1269 5184 1473 5240 saltem
1506 5200 1684 5238 manu
1708 5183 1923 5239 exarati
1946 5202 2039 5241 co-
2152 5183 2245 5240 Sic
2268 5183 2420 5257 Bas.,
2443 5183 2661 5241 rectius
2683 5183 3310 5257 quam'Nicetas,quem
3336 5183 3572 5243 secutus
3589 5192 3677 5244 est
3693 5187 3801 5243 Bil.

399 5256 579 5311 dices.
613 5256 759 5328 Vide
789 5258 847 5313 in
882 5258 1045 5313 Praef.
1215 5326 1258 5328 __
1344 5327 1370 5328 ί
1581 5325 1593 5328 _
1804 5326 1812 5328 Α
1949 5326 1960 5328 _
2151 5257 2246 5328 qui
2270 5256 2441 5313 vertit
2472 5280 2499 5307 «
2535 5273 2895 5328 quanquam.
2929 5276 2957 5310 ι

462 5328 575 5398 (83)
624 5326 694 5380 Τὸ
744 5328 891 5403 ἅγιον
940 5330 1154 5402 Πάσχα.
1203 5326 1297 5381 Sic
1341 5327 1513 5393 Par.;
1564 5325 1726 5381 deest
1800 5326 1859 5381 in
1908 5326 2039 5398 plu-

1836 5344 1859 5381 1
1908 5326 2039 5398 plu-
2168 5325 2181 5328 ⁷
2222 5330 2333 5403 (87)
2366 5325 2688 5403 iAO‘Oév—etav.
2716 5325 2900 5403 ΒΨ]
2935 5328 3413 5403 imbecillitatem.
3450 5351 3476 5379 ››

392 5399 580 5473 τίβρβο
676 5467 739 5473 __
791 5399 810 5473 ⁷,
1481 5471 1486 5473 Α
1643 5467 1657 5473 -
1756 5469 1765 5473 ,

2222 5402 2339 5469 (88)
2370 5399 2750 5473 Ὑπεχῴρησα.
2783 5399 2891 5455 Bil.
2931 5423 2952 5450 ι
2988 5402 3135 5459 cessi
3187 5407 3251 5457 ut
3290 5402 3581 5473 meipsum
3623 5399 3800 5471 inspi-

461 5471 573 5542 (84)
610 5468 688 5544 nn’
716 5467 948 5544 ἀγάπην.
984 5470 1211 5541 Billius,
1253 5491 1282 5518 ‹‹
1324 5471 1561 5541 propter
1610 5467 1951 5527 charitatem
1984 5474 2041 5527 et

1254 5491 1282 5518 ‹‹
1324 5471 1561 5541 propter
1610 5467 1951 5527 charitatem
1984 5474 2041 5527 et
2148 5467 2335 5544 ceram
2366 5476 2423 5525 et
2452 5467 2894 5544 eiplorarem._»

385 5540 936 5623 beil<1Y°l99tiém-.»
968 5614 1005 5623 -
1196 5540 1227 5623 ί-
1326 5540 1351 5623 1
1511 5612 1534 5623 -

2221 5543 2333 5616 (89)
2362 5540 2810 5618 Σκνεισέρχομαι.
2843 5542 2971 5599 Par.
3010 5544 3362 5623 συνέρχομαι.

454 5612 569 5693 (85)
598 5611 933 5694 Μὲμφοισθε.
967 5614 1094 5675 Par.
1126 5615 1255 5673 00d.
1293 5611 1587 5694 μέμφεσθε.
