4152 6286
282 274 541 345 “³“·ί¹’397

1429 278 1721 341 ORATIO
1766 276 1816 337 Ι.
1849 308 1923 320 -
1966 274 2044 335 ΙΝ
2093 271 2465 336 SANCTUM
2508 271 2837 335 PASCHA.

3724 275 3843 337 398

424 412 715 487 πνεύματι,
746 413 835 467 καί
870 413 967 466 τὸν
1015 412 1197 467 καινὸν
1230 413 1342 486 (90)
1393 409 1615 472 ἔνδύσας
1664 410 1971 483 ἄνθρωπον,
2006 403 2083 479 δῷ

2212 418 2312 478 que
2342 406 2556 478 spiritu
2586 405 2844 477 innovet,
2877 420 3137 479 novoque
3187 404 3463 462 indutum
3510 405 3747 464 homine
3798 410 3843 477 ⁸,

426 508 494 577 τῇ
547 505 705 575 καινῇ
763 501 932 557 κτίσει
967 502 1101 575 (91),
1141 505 1261 561 τοῖς
1320 501 1457 555 κατὰ
1516 500 1643 555 Θεὸν
1704 496 2087 574 γεννωμένοις,

433 591 681 660 πλάστην
712 591 913 665 ἀγαθὸν
948 590 1036 644 καὶ
1072 587 1397 643 διδάσκαλον
1427 592 1641 663 Χριστῷ
1661 586 1748 642 καὶ
1782 583 2093 661 συννεκρού-

440 701 596 756 μενον
656 678 955 753 προθύμως
990 678 1080 734 καὶ
1110 680 1581 751 συνανιστάμενον.

503 865 571 915 F’.
604 858 741 922 Χθὲς
777 859 805 913 ὁ
836 855 1003 930 ἀμνὸς
1052 856 1327 936 ἐσφάζετο,
1360 855 1450 911 καί
1498 854 1762 930 ἐχρίοντο
1814 853 1869 906 αἱ
1913 851 2091 929 φλιαὶ,

427 948 518 1003 καὶ
578 946 868 1023 ἐθρήνησεν
950 943 1215 1021 Αἰγυπτος
1274 948 1341 1000 τὰ
1395 942 1740 1019 πρωτότοκα,
1798 942 1886 997 καὶ
1942 942 2091 1015 ἡμᾶς

428 1034 707 1113 παρῆλθεν
741 1036 769 1089 ὁ
805 1033 1135 1111 ὀλοθρεύων,
1168 1035 1257 1089 καὶ
1290 1036 1324 1103 ἡ
1360 1032 1591 1110 σφραγὶς
1622 1027 1827 1111 φοϐερᾶ
1873 1030 1962 1086 καὶ
2004 1031 2091 1084 αἱ·

432 1123 678 1199 δέσιμος,
709 1124 799 1179 καὶ
830 1129 907 1196 τῷ
946 1124 1119 1197 τιμίῳ
1169 1120 1359 1196 α’ίματι
1410 1122 1789 1198 ἐτειχίσθημεν
1826 1122 1957 1193 (92)·
1994 1121 2093 1189 σή-

440 1235 602 1290 μερον
660 1215 906 1289 καθαρῶς
967 1212 1239 1291 ἐφύγομεν
1288 1209 1581 1287 Δ’ίγυπτον,
1613 1210 1704 1265 καὶ
1752 1209 1953 1281 Φαραὼ
1999 1208 2090 1263 τὸν

434 1303 628 1378 πικρὸν
662 1300 946 1374 δεσπότην,
987 1300 1077 1356 καὶ
1107 1300 1234 1363 τοὺς
1286 1302 1469 1377 βαρεῖς
1519 1298 1826 1367 ἐπιστάτας,
1858 1296 1947 1353 καὶ
1995 1301 2092 1351 τοῦ

425 1390 612 1461 πηλοῦ
658 1390 747 1445 καὶ
797 1393 894 1460 τῆς
949 1389 1230 1452 πλινθείας
1281 1389 1398 1463 (93)
1451 1386 1910 1461 ἠλευθερώθημεν
1954 1387 2090 1458 (94)·

426 1480 521 1535 καὶ
547 1477 726 1542 οὐδεὶς
757 1480 785 1534 ὁ
818 1478 1085 1535 κωλύσων
1115 1481 1262 1551 ἡμᾶς
1303 1476 1574 1553 ἑορτάζειν
1629 1474 1812 1551 Κυρίῳ
1852 1479 1932 1547 τῷ
1979 1478 2095 1546 Θεῷ

440 1571 601 1642 ὴμῶν
631 1569 823 1645 ἑορτὴν
877 1569 975 1636 τὴν
1028 1564 1253 1641 ἐξόδιον,
1285 1566 1376 1621 καὶ
1428 1565 1719 1641 ἑορτάζειν,
1754 1562 1853 1619 οὐκ
1898 1561 1950 1618 ἐν
2004 1562 2093 1633 ζύ-

451 1679 523 1731 μῃ
575 1656 785 1727 παλαιᾷ
848 1656 1036 1718 κακίας
1097 1657 1186 1710 καὶ
1252 1654 1545 1731 πονηρίας,
1590 1652 1717 1709 ἀλλ’
1767 1652 1818 1707 ὲν
1866 1650 2094 1724 ἀζύμοις

433 1745 780 1822 εἷλικρινείας
823 1744 921 1844 καὶ.
965 1743 1241 1815 ἀληθείας,
1276 1740 1471 1844 ,μηδὲν
1522 1742 1946 1819 ἐπιφερομένους
1977 1742 2092 1814 (95)
2122 1779 2169 1844 Β

428 1834 807 1909 Αἰγυπτιακοῦ
838 1833 925 1887 καὶ
958 1834 1119 1897 ἀθὲου
1152 1832 1492 1909 φυράματος.

499 1925 571 1980 Δ’.
604 1924 738 1987 Χθὲς
788 1922 1259 1996 συνεσταυρούμην
1307 1925 1544 1997 Χριστῷ,
1598 1922 1838 1993 σήμερον
1895 1915 2084 1973 συνδο-

428 2012 679 2086 ξάζομαι·
743 2012 871 2087 χθὲς
921 2009 1369 2085 συνενεκρούμην,
1422 2013 1868 2081 συζωοποιοῦμαι
1914 2010 2083 2079 σήμε-

434 2121 547 2179 ρον’
582 2102 711 2177 χθὲς
741 2100 1171 2173 συνεθαπτόμην,
1205 2101 1448 2175 σήμερον
1482 2097 1880 2173 συνεγείρομαι.
1912 2095 2088 2152 Ἀλλὰ

428 2192 940 2268 καρποφορήσωμεν
974 2190 1089 2263 (96)
1128 2192 1207 2259 τῷ
1238 2188 1370 2261 ὑπὲρ
1401 2189 1562 2259 ἡμῶν
1595 2186 1820 2240 παθόντι
1855 2188 1967 2259 (97)
1997 2186 2085 2239 καὶ

428 2280 733 2336 ἀναστάντι.
764 2279 973 2355 Χρυσόν
1025 2298 1091 2351 με
1131 2277 1269 2339 ’ίσως
1316 2274 1491 2341 οἵεσθε
1523 2275 1726 2351 λέγειν,
1757 2274 1793 2345 ἢ
1826 2272 2083 2351 ἄργυρον,

424 2369 462 2438 ἢ
499 2368 805 2446 ὑφάσματα,
832 2367 867 2436 ἢ
901 2365 1088 2430 λίθους
1133 2370 1242 2420 τῶν
1296 2362 1568 2442 διαφανῶν
1613 2364 1703 2419 καὶ
1732 2363 1951 2437 τιμίων,
1980 2370 2084 2437 γῆς

428 2457 652 2533 ῥέουσαν
688 2454 850 2528 ὅλην,
882 2455 973 2511 καὶ
1021 2454 1169 2510 κάτω
1229 2455 1514 2527 μένουσαν,
1541 2456 1605 2522 ἧς
1648 2453 1731 2507 ἀεὶ
1782 2451 1844 2508 τὰ
1892 2451 2081 2508 πλεῖον

425 2542 646 2622 ἔχουσιν
683 2546 733 2598 οἱ
764 2544 923 2600 κακοὶ
955 2545 1044 2599 καὶ
1078 2541 1270 2599 δοῦλοι
1300 2548 1407 2597 τῶν
1439 2542 1586 2598 κάτω
1617 2540 1705 2597 καί
1735 2546 1833 2597 τοῦ
1879 2562 2084 2615 κοσμο-

420 2632 689 2709 κράτορος
721 2636 857 2707 (98).
890 2634 1414 2710 Καρποφορήσωμεν
1449 2634 1599 2704 ἡμᾶς
1648 2629 1864 2698 αὐτοὺς,
1894 2630 1957 2685 τὸ
2002 2650 2084 2685 τι-

432 2723 701 2797 μιώτατον
737 2722 854 2794 Θεῷ
886 2728 1072 2795 κτῆμα
1119 2720 1210 2775 καὶ
1260 2719 1592 2775 οἰκειότατον
1624 2721 1756 2793 (99)
1790 2716 2080 2792 ἀποδῶμεν

426 2810 493 2886 τῇ
572 2810 737 2865 εἰκόνι
793 2811 873 2880 (-l)
944 2810 1007 2865 τὸ
1082 2815 1195 2863 κατ’
1254 2807 1451 2877 είκόνα,
1507 2807 1860 2883 γνωρίσωμεν
1922 2810 2081 2880 ἡμῶν

424 2901 486 2955 τὸ
559 2900 797 2971 ἆζίωμα,
846 2901 1168 2971 τιμήσωμεν
1218 2898 1280 2952 τὸ
1331 2897 1665 2974 ἀρχέτυπον,
1712 2901 1925 2973 γνῶμεν
1983 2900 2079 2951 τοῦ

435 2988 733 3063 μυστηρίου
777 2988 873 3056 τὴν
927 2984 1179 3060 δύναμιν,
1223 2986 1312 3041 καὶ
1364 2987 1494 3061 ὑπὲρ
1540 2985 1679 3049 τίνος
1727 2987 1806 3061 (2)
1852 2986 2081 3063 Χριστὸς

440 3077 687 3134 ἀπέθανε,

2201 511 2358 551 nova;
2390 500 2687 567 creaturae,
2719 494 2829 551 hoc
2860 498 2950 552 est
2996 494 3070 552 iis
3128 493 3228 568 qui
3284 496 3610 553 secundum
3657 496 3846 555 Deum

2202 588 2527 640 nascuntur
2554 586 2597 653 ’,
2632 586 2891 641 ﬁctorem
2923 585 3145 640 bonum
3175 587 3231 640 et
3287 584 3639 657 magistrum
3678 587 3854 644 donet

2202 690 2335 729 cum
2366 675 2592 730 Christo
2626 675 2803 731 alacri
2833 675 3029 731 animo
3061 679 3118 732 et
3168 675 3514 733 morientem
3557 681 3615 733 et
3657 694 3852 736 resur-

2201 766 2434 835 gentem
2468 765 2533 822 ¹⁰.

2273 853 2371 907 lIl.
2392 853 2525 908 Heri
2548 870 2736 925 agnus
2760 853 3146 921 mactabatur,
3170 857 3226 909 et
3240 858 3437 926 postes
3460 855 3854 928 ungebantur,

2201 940 2467 1013 luxitque
2499 942 2890 1014 primogenita
2918 944 3221 1016 x’Egyptus,
3253 959 3320 999 ac
3351 960 3459 1000 nos
3500 946 3852 1000 extermina-

2201 1032 2294 1085 tor
2315 1030 2607 1102 praeteriit,
2634 1031 3010 1103 signaculum
3045 1033 3261 1105 quippe
3290 1032 3496 1088 terrori
3527 1032 3641 1105 ipsi
3672 1050 3739 1089 ac
3759 1049 3854 1089 ve-

2203 1118 2488 1173 nerationi
2511 1118 2639 1187 fuit,
2656 1121 3029 1191 pretiosoque
3050 1120 3335 1192 sanguine
3358 1121 3601 1192 protecti
3624 1139 3851 1178 sumus.

2202 1207 2383 1262 Hodie
2412 1207 2725 1279 Egyptum
2756 1207 2994 1264 omnino
3025 1208 3306 1281 fugimus,
3338 1214 3395 1264 et
3419 1210 3852 1267 amarulentum

2204 1295 2373 1352 illum
2406 1296 2713 1352 dominum
2745 1296 3131 1367 Pharaonem,
3164 1302 3221 1353 et
3250 1299 3487 1355 acerbos
3518 1300 3854 1371 praefectos;

2203 1402 2270 1441 ac
2294 1385 2417 1442 luto
2448 1389 2505 1441 et
2533 1384 2787 1442 lateritio
2819 1403 2992 1459 opere
3023 1386 3255 1443 liberati
3285 1403 3516 1456 sumus,
3542 1404 3647 1445 nec
3694 1388 3855 1461 quis-

2204 1490 2382 1546 quam
2416 1477 2523 1542 est,
2558 1474 2658 1545 qui
2690 1491 2796 1530 nos
2833 1476 3074 1530 Domino
3109 1474 3223 1530 Deo
3265 1479 3465 1531 nostro
3512 1476 3704 1533 exitus
3742 1479 3855 1533 fes-

2202 1567 2329 1618 tum
2362 1562 2657 1619 celebrare
2686 1563 3031 1634 prohibeat;
3058 1569 3115 1619 et
3138 1562 3377 1635 quidem
3413 1564 3724 1633 celebrem,
3745 1582 3857 1622 non

2204 1654 2263 1706 in
2286 1654 2551 1723 fermento
2577 1652 2745 1708 veteri
2771 1652 3003 1707 malitia
3032 1660 3083 1708 et
3114 1655 3403 1724 nequitiae,
3424 1655 3526 1709 sed
3554 1656 3616 1709 in
3640 1658 3854 1727 azymis

2200 1742 2531 1796 sinceritatis
2559 1748 2609 1796 et
2664 1742 2907 1797 veritatis
2966 1742 3032 1811 η,
3095 1739 3240 1795 nihil
3296 1741 3619 1815 Egyptiaci
3675 1749 3849 1816 atque

2199 1829 2365 1901 impii
2400 1829 2667 1885 fermenti
2701 1828 3009 1887 nobiscum
3043 1830 3313 1886 ferentes.

2269 1918 2359 1973 IV.
2394 1918 2527 1974 Heri
2559 1936 2694 1973 cum
2726 1919 2958 1974 Christo
3008 1918 3069 1973 in
3118 1934 3349 1975 crucem
3408 1919 3642 1992 agebar,
3674 1920 3848 1977 hodie

2196 2006 2373 2062 simul
2406 2007 2735 2080 gloriﬂcor;
2769 2007 2892 2063 heri
2926 2009 3372 2077 commoriebar,
3397 2008 3568 2066 hodie
3586 2010 3753 2066 simul
3776 2010 3856 2065 vi-

2193 2096 2428 2164 viﬁcor;
2463 2096 2587 2151 heri
2620 2097 3079 2169 consepeliebar,
3127 2097 3301 2153 hodie
3354 2097 3530 2153 simul
3588 2115 3852 2172 resurgo.

2197 2185 2398 2254 Itaque
2428 2186 2502 2252 ei,
2539 2187 2638 2257 qui
2674 2202 2776 2257 pro
2810 2184 2979 2241 nobis
3010 2202 3223 2257 passus
3273 2191 3362 2242 est
3402 2202 3469 2243 ac
3516 2187 3854 2256 resurrexit,

2194 2273 2526 2330 offeramus.
2557 2275 2780 2329 Aurum
2813 2273 3068 2329 fortasse
3102 2274 3296 2329 dicere
3327 2290 3421 2330 me
3470 2274 3714 2346 putatis,
3749 2278 3853 2331 aut

2193 2368 2524 2435 argentum,
2558 2367 2661 2417 aut
2692 2367 2975 2430 texturas,
3010 2367 3112 2419 aut
3144 2361 3466 2434 pellucidos
3498 2368 3556 2419 et
3592 2363 3849 2436 ingentis

2191 2452 2361 2523 pretii
2383 2451 2629 2524 lapides,
2653 2452 2870 2507 ﬂuxam
2902 2450 3289 2524 fragilemque
3318 2456 3483 2508 terris
3516 2453 3845 2520 materiam,

2191 2540 2479 2612 humique
2509 2545 2866 2609 manentem,
2887 2540 3061 2612 cujus
3082 2543 3364 2613 majorem
3386 2545 3611 2612 partem
3633 2542 3851 2613 impro-

2193 2629 2254 2685 bi
2288 2630 2405 2685 fere
2435 2634 2492 2685 et
2529 2628 2678 2686 servi
2734 2644 2932 2685 rerum
2990 2630 3034 2686 5
3096 2632 3462 2685 terrenarum
3520 2645 3587 2685 ao
3642 2628 3847 2686 mundi

2192 2717 2477 2791 principis
2507 2718 2833 2789 possident.
2872 2719 2994 2774 imo
3022 2732 3156 2774 vero
3196 2719 3591 2791 nosmetipsos
3639 2720 3847 2777 offera-

2194 2824 2349 2878 mus,
2384 2808 2493 2864 hoc
2522 2812 2614 2863 est
2660 2807 3098 2879 possessionem
3156 2807 3273 2863 Deo
3333 2808 3845 2880 pretiosissimam,

2191 2897 2560 2968 maximeque
2582 2896 2900 2969 propriam.
2927 2894 3175 2968 Imagini
3199 2896 3517 2953 reddamus
3533 2898 3684 2968 quod
3706 2897 3848 2955 ima-

2191 2984 2313 3057 gini
2340 2985 2631 3057 congruit,
2691 2984 3040 3056 dignitatem
3099 2990 3362 3040 nostram
3428 3002 3843 3058 agnoscamus,

2189 3074 2485 3147 exemplar
2506 3073 2725 3130 honore
2747 3090 3191 3145 prosequamur,
3214 3075 3473 3147 mysterii
3507 3075 3622 3132 vim
3672 3076 3845 3133 intelo

2106 3149 2149 3216 C
2183 3164 2464 3236 ligamus,
2488 3166 2544 3219 et
2573 3164 2745 3233 cujus
2775 3163 2858 3219 rei
2886 3162 3075 3235 gratia
3095 3162 3365 3220 Christus
3383 3168 3569 3221 morte
3599 3165 3838 3224 functus

2184 3258 2320 3398 est].
2357 3340 2554 3398 Simus
2586 3343 2651 3395 ut
2680 3340 2971 3409 Christus,
3004 3340 3283 3413 quoniam
3306 3341 3573 3400 Christus
3602 3360 3834 3417 quoquo

432 3431 624 3504 ἡμεῖς·
655 3431 934 3507 γενώμεθρ
976 3431 1087 3485 θεοὶ
1138 3428 1207 3485 δι’
1252 3428 1432 3498 αὐτὸν,
1482 3426 1670 3498 ἐπειδὴ
1712 3429 1959 3493 κάκεῖνος
2007 3428 2076 3485 δι’

2212 3431 2341 3486 ιὶουι
2370 3447 2495 3486 nos.
2526 3429 2866 3486 Efﬂciamur
2894 3430 2973 3485 dii
3006 3435 3244 3502 propter
3300 3430 3519 3504 ipsum,
3553 3434 3834 3505 quoniam

423 3523 580 3593 ἡμᾶς
614 3521 925 3595 ἅνθρωπος.
958 3513 1364 3592 Προσέλαϐε²τὸ
1395 3523 1603 3596 χεῖρον,
1629 3517 1720 3573 τίνιιι
1751 3516 1828 3591 δῷ
1856 3520 1919 3575 τὸ
1953 3517 2078 3595 βέλ-

2215 3537 2317 3593 pse
2345 3535 2578 3591 quoque
2608 3524 2843 3592 propter
2898 3535 3004 3575 nos
3059 3520 3257 3576 homo.
3286 3521 3624 3595 Assumpsit
3677 3524 3834 3595 quod

430 3628 567 3664 τιον·
619 3608 961 3684 ἐπτώχευσεν
1014 3610 1112 3681 (3),
1138 3604 1208 3662 ’ἶν’
1257 3611 1420 3681 ἡμεῖς
1468 3608 1538 3679 τῇ
1589 3606 1792 3663 ἐκείνου
1837 3608 2086 3684 πτωχείᾳ

2212 3609 2450 3665 leterius
2480 3612 2624 3679 erat,
2658 3612 2724 3663 ut
2753 3608 2917 3663 daret
2948 3609 3103 3680 quod
3135 3611 3508 3681 praestantius
3551 3614 3658 3666 est.
3693 3613 3838 3683 Ege-

501 3344 574 3402 E'.
629 3343 916 3399 I‘eva'meOai
964 3342 1038 3405 ὡς
1090 3342 1343 3419 Χριστὸς,
1398 3340 1513 3397 ἐπεὶ
1573 3342 1663 3396 rati
1713 3341 1946 3418 Χριστὸς
1997 3342 2072 3406 ὡς

431 3697 851 3771 πλουτήσωμεψ
907 3696 1111 3753 δούλου
1146 3698 1365 3775 μορφὴν
1410 3691 1622 3768 ἔλαϐεν,
1649 3693 1741 3752 ’ίνα
1783 3698 1882 3766 τὴν
1934 3697 2087 3753 ἐλευ-

2198 3715 2310 3754 nus
2341 3697 2528 3754 factus
2562 3701 2673 3764 est,
2705 3700 2770 3752 ut
2820 3695 2982 3753 illius
3039 3714 3146 3754 nos
3203 3698 3403 3771 inopia
3444 3698 3653 3756 divites
3683 3714 3840 3757 esse-

503 3826 526 3861 ⁸
557 3824 765 3898 Ephes.
789 3841 868 3893 ιν,
898 3823 990 3891 23,
1020 3825 1112 3879 24.
1187 3824 1209 3859 ⁹
1241 3823 1411 3880 Joan.
1445 3839 1486 3893 ι,
1520 3823 1611 3880 13.
1688 3824 1733 3862 ί⁰
1762 3824 1931 3880 Rom.
1964 3841 2042 3892 v1,
2072 3826 2090 3880 ε

2212 3825 2249 3861 ιι
2281 3827 2304 3877 I
2333 3821 2462 3879 Cor.
2494 3838 2549 3889 ν,
2581 3820 2637 3876 8.

534 3966 629 4034 90)
658 3964 757 4019 Τὸν
789 3962 992 4022 καινόν.
1025 3964 1197 4021 Cois].
1233 3966 1286 4033 1,
1316 3964 1406 4019 τὸν
1438 3964 1579 4021 νὲον.

540 4038 632 4109 91)
666 4035 873 4109 Κτίσειτ
901 4037 962 4092 In
996 4038 1137 4093 edit.
1174 4038 1301 4092 Par.
1333 4038 1542 4107 κτήσει,
1577 4038 1873 4109 mendose.

544 4106 636 4191 ἓξ)
661 4106 1097 4191 ἑΕτειχίσθημεν.
1118 4131 1155 4191 ,ι
1182 4109 1359 4191 Quasi
1380 4106 1547 4191 muro
1564 4108 1762 4191 vallati
1794 4125 2025 4191 sumus.
2057 4129 2087 4159 »

471 4250 482 4261 _
513 4177 626 4251 (93)
661 4179 760 4233 Καὶ
787 4177 885 4247 τῆς
915 4177 1212 4240 πλινθείας.
1249 4179 1350 4235 Bil.
1390 4200 1417 4232 σι
1460 4184 1517 4236 et
1563 4179 1816 4237 laterum
1864 4180 2091 4237 confec-

444 4258 621 4306 tione.
654 4272 681 4300 ι)

666 4316 1048 4395 ξΗλευθερώθη
1061 4340 1171 4393 μεν.
1190 4322 1329 4395 _Par.
1361 4322 1490 4395 cod.
1522 4318 1963 4395 4115005369501.

549 4324 639 4391 94)
670 4324 1171 4394 Ἠλευθερώθημεν.
1203 4324 1329 4377 Par.
1365 4324 1490 4377 cod.
1522 4324 1963 4395 ἠλευθερώμεθα.

665 4390 1140 4470 ῬΞ-πιφερομξνους.
1189 4392 1583 4470 Ἐπιφξροντεςο
1645 4416 1694 4470 α.
1736 4393 1890 4470 Nihil
1946 4392 2092 4470 infe-

450 4468 644 4537 rentes
676 4463 1202 4537 [Egyptiaciatque
1232 4463 1397 4535 impii
1433 4464 1717 4537 fermenti.
1750 4486 1779 4513 ››
1839 4464 2092 4537 Impium

452 4534 576 4588 Arii
608 4534 818 4605 dogma
842 4534 1134 4605 intelligit,
1170 4540 1233 4591 ut
1261 4534 1529 4592 observat
1556 4535 1805 4591 Nicetes.

2203 3965 2432 4034 rebant,
2464 3962 2734 4019 hortatur
2762 3963 2821 4019 S.
2857 3962 3192 4035 Gregorius,
3233 3967 3298 4019 ut
3355 3966 3851 4035 quemadmodum

2202 4037 2308 4102 illi,
2343 4032 2427 4089 ita
2455 4039 2510 4089 et
2540 4051 2647 4103 nos
2678 4035 2895 4089 festum
2927 4032 3193 4103 agamus.
3219 4056 3246 4086 »
3273 4032 3493 4103 Ἐπειδὴ
3523 4036 3586 4090 τὸ
3615 4035 3849 4093 παλαιὸν

2202 4108 2255 4161 οἱ
2285 4101 2393 4185 υἳρξ
2423 4101 2649 4185 Ἰσραὴλ
2703 4104 2913 4185 ἑορταῖς
3033 4110 3182 4185 παῖς.
3206 4101 3539 4181 πανηγύρεσι
3584 4109 3849 4185 προσεφι-

2238 4198 2296 4254 ον
2329 4173 2481 4254 δῶρα
2501 4173 2581 4247 τῷ
2611 4173 2799 4254 ξζυρίιξξ
2822 4175 2958 4254 κατᾷι
2987 4173 3102 4254 τὸν..
3126 4173 3383 4254 νόμον..
3415 4173 3666 4254 παραινεῖ
3712 4173 3847 4253 ἡμῖν

2202 4198 2293 4306 εον
2329 4198 2476 4251 οωρα
2501 4198 2581 4247 τῳ
2611 4198 2793 4250 Λυριῳ
2822 4198 2958 4230 κατα
2987 4198 3078 4230 τον
3126 4198 3383 4248 νομον....
3415 4199 3506 4254 παι

2262 4249 2417 4322 ἅγιος
2450 4244 2753 4322 Γρηγόριοᾍς
2786 4246 3035 4322 ἑορτάσαι
3064 4246 3243 4322 ὥσπερ
3285 4248 3506 4306 ἐκεῖνοι.

2272 4318 2384 4393 (97)
2417 4318 2670 4446 [augent
2703 4318 2876 4377 Coisl.
2910 4322 2969 4386 1,
3002 4318 3344 4376 ἀποθανόντι.
3399 4322 3490 4379 Sic
3537 4326 3739 4395 Apost.
3800 4323 3852 4379 ΙΙ

2272 4410 2327 4446 ιν.
2360 4409 2413 4446 v.
2521 4433 2533 4446 .

2201 4398 2327 4449 Cor.
2360 4409 2413 4457 ν,
2446 4398 2533 4447 15.

2272 4464 2387 4538 (98)
2418 4460 2893 4538 Κοσμοκράτορος.
2914 4461 3199 4538 Diabolus
3235 4486 3264 4514 «
3288 4465 3493 4520 mundi
3516 4465 3790 4538 princeps
3822 4486 3851 4515 ››

2203 4534 2549 4616 appellatur,
2575 4550 2689 4615 non
2722 4534 2877 4603 quod
2894 4535 3106 4616 ‘mundi
3136 4552 3453 4616 rerumque
3483 4534 3851 4616 terrenarum

523 4604 633 4675 (96)
664 4602 838 4686 ’ξλλὰ
867 4602 1401 4686 καρποζφορήσωμεν.
1441 4630 1469 4686 ε(
1504 4606 1669 4686 _Ja_m
1689 4623 1841 4686 “vero
1865 4607 2090 4686 (offera-

2212 4602 2777 4686 illi'sitjmperium}
2803 4606 2911 4686 sed
2938 4606 3101 4686 _qu‘od
3133 4623 3269 4686 eos,
3302 4602 3403 4686 qui
3452 4608 3729 4665 scelerate
3776 4608 3854 4665 vi-

451 4692 608 4731 mus.
644 4698 671 4725 »
702 4676 823 4732 Mos
854 4676 994 4733 olim
1028 4676 1155 4745 fuit,
1193 4684 1255 4732 ut
1287 4676 1351 4733 in
1383 4677 1838 4743 celebritatibus,
1859 4684 1984 4733 tum
2006 4695 2092 4733 sa-

447 4748 585 4820 cris,
605 4752 728 4802 tum
767 4749 1044 4819 profanis,
1067 4750 1220 4805 dona
1240 4750 1705 4815 oii‘erenturDeo,
1729 4750 2089 4820 imperatori,

445 4819 672 4874 victori.
709 4823 894 4886 Quam
927 4822 1169 4891 quidem
1202 4822 1264 4875 in
1296 4820 1553 4876 Ecclesia
1607 4819 2095 4876 consuetudinem

446 4891 703 4962 viguisse
726 4908 978 4946 canones
1042 4894 1221 4948 assim
1240 4899 1297 4947 et
1320 4893 1571 4949 historiae
1594 4892 2097 4962 loquuntur.Deus

448 4962 574 5016 inse
606 4962 718 5016 sibi
755 4964 907 5016 dona
937 4909 1128 5016 oiiEerri
1166 4964 1435 5016 oracenit
1466 4962 1678 5016 nonulo
1713 4979 1819 5016 suo
1849 4964 1943 5016 his
1974 4980 2097 5016 ver-

448 4962 574 5035 ipse
606 4962 907 5035 sibigdona
937 4962 1128 5017 offerri
1165 4964 1435 5035 praecepit
1466 4962 1819 5035 populo‘suo
1849 4964 1943 5018 his
1974 4980 2097 5018 ver-

450 5033 561 5099 bis,
588 5033 687 5106 ubi
718 5033 788 5087 de
815 5033 1179 5106 celebrandis
1212 5033 1397 5090 tribus
1430 5033 1741 5105 praecipuis
1762 5035 2099 5106 festisleges

452 5105 690 5177 statuit:
718 5127 745 5154 ‹‹
779 5105 901 5160 Non
936 5108 1242 5177 apparebis
1262 5108 1319 5162 in
1342 5111 1654 5177 conspectu
1680 5122 1805 5161 meo
1822 5105 2099 5162 vacuus.»

453 5176 643 5248 (Exod.
677 5193 842 5249 xxiii,
876 5178 943 5230 15
970 5176 985 5245 ;
1015 5194 1205 5249 xxx1v,
1257 5180 1355 5246 20;
1394 5176 1548 5233 Deut.
1579 5194 1695 5249 xVI,
1733 5178 1845 5249 16.)
1888 5178 2099 5233 Eadem

452 5246 567 5303 non
599 5246 781 5320 semel
813 5248 1039 5320 repetit.
1072 5246 1250 5305 Credo
1282 5250 1553 5320 equidem
1587 5246 1847 5319 Gregorii
1879 5266 2103 5304 sermo-

454 5336 587 5375 nem
622 5320 691 5374 ad
722 5318 848 5391 huic,
874 5318 1087 5391 Moysis
1116 5322 1287 5376 verba
1317 5318 1600 5391 spectare.
1634 5318 1728 5374 Sic
1780 5320 1954 5374 etiam
1989 5321 2100 5375 Do-

452 5391 650 5446 rotheo
680 5389 1166 5462 Archimandritaa
1196 5389 1386 5448 visum
1413 5400 1519 5447 est.
1542 5392 2099 5462 «Quandoquidem,

450 5462 663 5531 inquit,
697 5461 962 5517 doctrina
990 5464 1081 5531 22,
1114 5463 1263 5518 Bibl.
1296 5468 1405 5518 PP.
1434 5463 1789 5519 Graeco-Lat.
1824 5461 1914 5518 eid.
1969 5468 2099 5518 Par.

452 5533 689 5606 4624,}.
723 5533 795 5606 Il,
828 5550 883 5605 p.
918 5534 1043 5606 858,
1077 5556 1111 5606 ct
1139 5535 1197 5590 in
1230 5536 1453 5591 festivis
1493 5539 1554 5591 et
1599 5534 1964 5606 panegyricis
1994 5551 2103 5589 cce-

450 5606 610 5669 tibus
626 5604 873 5665 Domino
905 5604 1059 5664 dona
1086 5605 1191 5663 ﬁlii
1214 5606 1391 5665 Israel
1410 5623 1478 5665 ex
1496 5604 1622 5680 lege
1638 5604 1937 5680 quondam
1960 5606 2103 5664 offe-

2203 4683 2367 4747 vunt,
2400 4676 2469 4747 in,
2492 4675 2600 4732 sua
2627 4679 2913 4747 potestate
2938 4675 3173 4743 habeat,
3202 4675 3458 4735 Nicetes.

2271 4750 2383 4821 (99)
2415 4746 2486 4800 Τὸ
2520 4746 2877 4821 Δτιμιώτατον
2937 4752 3052 4821 Θεῷ
3092 4754 3294 4821 ,κτῆμα
3347 4748 3436 4803 καὶ
3496 4747 3852 4807 οἰκειότατον.

2207 4843 2235 4871 ‹‹
2271 4819 2705 4875 Possessionem
2730 4819 2843 4874 Deo
2868 4819 3425 4890 pretiosissimam.»
3449 4822 3543 4877 Sic
3565 4821 3772 4876 Billius
3795 4822 3857 4877 in

2251 4893 2397 4946 rima
2427 4890 2701 4964 editione,
2721 4890 3124 4964 meliusquam
3155 4892 3211 4946 in
3234 4898 3548 4964 postrema.
3567 4893 3658 4948 sic
3681 4893 3857 4948 etiam

2251 4910 2397 4946 rima
2427 4910 2701 4958 eumone,
2721 4910 2929 4945 ωθιιυε
2950 4910 3124 4962 quam
3155 4910 3211 4946 in
3234 4910 3548 4964 postrema.
3567 4910 3658 4948 sic
3681 4910 3857 4948 etiam

2208 4910 2472 5021 Ricetas:
2508 4984 2535 5011 ‹‹
2562 4961 2661 5036 qui
2695 4962 2987 5029 possessio
3028 4979 3236 5036 sumus
3288 4964 3403 5020 Deo
3454 4964 3623 5036 longe
3648 4964 3861 5036 pretio-

2208 5035 2838 5105 sissimaim‘axilueque
2870 5035 3122 5105 propria.
3161 5056 3187 5083 υ

2280 5108 2357 5177 (1)
2386 5103 2461 5177 Τῇ
2497 5101 2680 5177 εΐκόνι.
2721 5101 3015 5177 «Ἰωὰείιῇί
3050 5107 3202 5176 quod
3238 5104 3511 5176 imaginis
3551 5109 3660 5173 est,
3687 5126 3714 5153 ››
3744 5104 3857 5177 vel,

2211 5200 2238 5249 ᾳ
2272 5175 2782 5249 quod'secundum
2813 5175 3131 5249 imaginem
3161 5180 3270 5246 est,
3303 5175 3639 5249 reddamus.
3675 5198 3705 5227 η
3740 5175 3857 5232 Bil-

2211 5247 2326 5304 liu's
2357 5252 2575 5319 autem,
2611 5268 2639 5319 ς(
2667 5247 2943 5319 imaginis
2974 5248 3148 5303 decus
3180 5248 3420 5319 imagini
3455 5249 3793 5304 reddamus.
3824 5269 3853 5298 »

2281 5322 2359 5391 (‘2)
2388 5316 2733 5391 ’Υπὶρίτίνοᾳ
2770 5316 2993 5385 Billius,
3028 5339 3055 5368 «
3087 5335 3189 5390 pro
3221 5316 3356 5390 qui).
3393 5341 3422 5368 »

2285 5324 2337 5389 (‘2
2388 5322 2542 5391 Ὑπὲρ
2571 5322 2733 5378 τίνος.
2770 5322 2993 5385 Billius,
3028 5339 3055 5368 «
3087 5335 3189 5390 pro
3221 5336 3356 5390 quo.
3393 5341 3422 5368 »

2285 5322 2361 5464 (8)
2396 5390 2881 5464 'Emcbxeucev,___«
2939 5394 3169 5464 Egerius
3207 5392 3414 5464 factus
3470 5393 3639 5464 est,_»
3696 5388 3787 5464 sic
3804 5388 3862 5464 _I_I

2213 5458 2352 5534 Cor.
2370 5479 2493 5530 V111,
2524 5458 2643 5531 9,”‹‹
2675 5466 2742 5516 ut
2769 5460 2930 5534 illius
2952 5458 3161 5534 inopia
3188 5462 3395 5518 divites
3427 5459 3653 5534 essetis.
3680 5481 3709 5510 ››
3754 5458 3865 5534 Bil-

2213 5533 2328 5607 lius
2357 5550 2509 5607 vero,
2542 5556 2570 5584 «
2603 5533 2909 5590 mendicus
2939 5531 3124 5592 factus
3180 5539 3288 5607 est,
3323 5537 3390 5590 ut
3436 5532 3597 5589 illius
3644 5531 3867 5590 mendi-

2215 5606 2389 5665 citate
2418 5605 2695 5663 ditemur.
2724 5626 2753 5656 »
