4152 6286
319 295 439 354 399

1563 292 1628 351 S.
1678 288 2053 351 GREGOltlI
2097 290 2494 352 THEOLOGI

3618 298 3738 357 400

322 444 457 483 mus
481 427 545 484 ¹².
567 425 728 483 Servi
750 426 1000 482 formam
1032 423 1253 496 accepit
1274 425 1341 492 1³,
1364 426 1429 479 ut
1448 421 1776 477 libertatem
1816 421 1960 477 reci-

2078 418 2253 495 θερίαν
2305 423 2470 494 ἡμεῖς
2520 416 2889 496 ἀπολάϐωμεν
3076 422 3366 498 κατῆλθεν,
3403 424 3478 481 ἵν’
3510 426 3739 501 ὑψωθῶ-

323 530 616 587 peremus.
648 513 975 583 Descendit,
1010 518 1075 568 ut
1105 512 1500 568 eveheremur.
1534 511 1815 567 Tentatus
1861 514 1971 580 est,

326 609 391 659 ut
416 604 802 660 vinceremus.
825 604 1205 672 Contemptus
1234 604 1342 671 est,
1369 603 1431 655 ut
1460 616 1567 655 nos
1589 597 1774 671 gloria
1795 599 1973 653 dona-

325 696 433 749 ret.
466 692 731 749 Mortuus
762 694 870 762 est,
904 694 969 746 ut
999 689 1246 746 salutem
1280 688 1449 744 nobis
1481 688 1728 744 aﬁ‘erret.
1761 693 1976 742 Ascen-

326 781 431 849 dit,
468 784 532 836 ut
563 782 782 852 peccati
812 780 983 851 lapsu
1040 778 1207 835 humi
1258 779 1523 849 jacentes
1580 778 1650 833 ad
1710 776 1971 849 seipsum

324 870 598 926 traheret.
631 869 841 926 Omnia
873 868 1168 941 quispiam
1232 868 1445 923 donet:
1505 866 1705 923 omnia
1755 866 1829 931 ei,
1870 866 1972 936 qui

325 957 405 1013 sei
413 974 585 1030 psum
613 956 1031 1030 redemptionis
1050 956 1302 1029 pretium
1326 971 1430 1027 pro
1448 954 1618 1011 nobis
1642 955 1707 1025 i‘,
1728 970 1792 1010 ac
1814 969 1972 1009 com-

325 1046 713 1103 mutationem
743 1044 904 1102 dedit
936 1045 998 1115 1',
1034 1045 1273 1101 offerat:
1308 1042 1458 1099 nihil
1490 1047 1684 1098 autem
1728 1042 1973 1097 daturus

324 1137 415 1192 est
441 1139 692 1205 tantum,
715 1137 1002 1207 quantum
1021 1133 1071 1189 si
1089 1150 1151 1189 se
1179 1132 1305 1204 ipse
1335 1131 1611 1189 obtulerit
1640 1131 1820 1203 hujus
1846 1146 1972 1203 my-

2089 529 2202 581 μεν’
2238 508 2553 585 ἓπειράσθη,
2581 510 2671 565 ’ίνα
2726 514 3055 585 νικήσωμεν⁸
3089 515 3389 586 ἠτιμάσθη,
3428 514 3517 570 ἵνα
3575 513 3731 589 δοξά-

2088 618 2169 671 σῃ·
2232 597 2507 670 ἀπέθανεν,
2557 598 2650 654 ἵνα
2704 602 2869 675 σώσῃ·
2933 600 3282 672 ἀνῆλθεν,’ίν’
3340 601 3540 678 ἐλκύσῃ
3599 607 3739 681 πρὸς

2084 684 2267 741 ἑαυτὸν
2317 687 2463 743 κάτω
2521 690 2801 762 κειμένους
2852 690 2904 745 ἐν
2954 695 3031 761 τῷ
3058 698 3158 761 τῆς
3205 692 3466 766 ἁμαρτίας
3504 695 3737 767 πτώμα-

2086 795 2158 833 τι.
2194 774 2369 831 Πάντα
2400 774 2599 832 διδότω
2629 800 2731 847 τις,
2764 778 2934 835 πάντα
2978 780 3390 859 καρποφορείτω
3445 782 3524 855 τῷ
3584 781 3732 839 δόντι

2085 865 2269 919 ἑαυτὸν
2340 863 2535 941 λυτρὸν
2610 868 2743 943 ὑπὲρ
2820 871 2978 942 ἡμῶν
3058 870 3147 923 καὶ
3223 869 3577 947 ἀντάλλαγμα

2086 951 2247 1009 δώσει
2278 951 2334 1009 δὲ
2385 953 2537 1011 οὐδὲν
2586 962 2835 1013 τοιοῦτον
2888 960 3002 1013 οἷον
3049 959 3234 1014 ἑαυτὸν
3280 964 3377 1014 τοῦ
3431 961 3734 1037 μυστηρίου

2087 1043 2347 1116 συνιέντα,
2378 1044 2469 1099 καὶ
2524 1042 2593 1099 δι’
2625 1044 2825 1101 ἐκεῖνον
2886 1048 3059 1102 πάντα
3108 1046 3203 1103 ὅσα
3244 1046 3449 1111 ἐκεῖνος
3492 1047 3561 1104 δι’
3591 1052 3739 1124 ἡμᾶς

2084 1130 2371 1205 γενόμενον
2403 1135 2502 1206 (6).

324 1223 488 1281 nterii
517 1224 802 1282 rationem
824 1223 1004 1297 probe
1034 1222 1477 1293 intelligentem,
1502 1238 1568 1279 ac
1615 1224 1849 1294 propter
1896 1219 2064 1277 illum
2096 1222 2295 1280 omnia
2324 1224 2563 1293 factum,
2598 1242 2959 1299 quascunque
2990 1228 3115 1300 ipse
3146 1235 3379 1301 propter
3411 1246 3517 1286 nos
3549 1231 3737 1287 factus

322 1317 431 1370 est.

393 1402 489 1458 VI.
513 1408 594 1458 Ae
621 1402 785 1459 vobis
813 1401 1073 1474 quidem,
1098 1404 1163 1457 ut
1192 1399 1454 1470 cernitis,
1480 1405 1676 1471 pastor
1713 1398 1808 1453 hic
1863 1399 1974 1455 bo-

324 1508 457 1559 nus,
485 1490 585 1563 qui
616 1490 870 1546 animam
906 1490 1103 1563 posuit
1158 1506 1262 1562 pro
1316 1488 1521 1544 ovibus
1574 1489 1638 1558 1‘,
1672 1491 1970 1559 pastorem

325 1580 523 1649 otIert;
556 1580 666 1636 hoc
689 1579 845 1635 enim
868 1583 1083 1651 sperat,
1112 1584 1168 1634 et
1198 1579 1257 1635 in
1290 1578 1435 1634 votis
1466 1577 1663 1644 habet,
1689 1581 1745 1633 et
1791 1594 1825 1632 a
1882 1593 1974 1633 vo-

326 1668 439 1737 bis,
471 1669 574 1740 qui
604 1669 882 1733 subestis,
916 1666 1191 1740 postulat,
1226 1666 1633 1739 duplicemque
1682 1683 1783 1737 pro
1830 1665 1971 1722 sim-

328 1757 467 1830 plici
500 1758 762 1829 seipsum
794 1756 956 1813 vobis
975 1756 1177 1822 tradit,
1201 1772 1266 1812 ac
1289 1756 1561 1811 baculum
1587 1760 1820 1811 senectu
1833 1755 1906 1809 tie
1930 1756 1973 1791 ιτ

2159 1403 2217 1467 ζ’.
2254 1406 2601 1478 Καρποφορεῖ
2651 1402 2743 1475 μὲν
2798 1403 2947 1476 ὑμῖν,
2993 1404 3069 1465 ὡς
3116 1405 3293 1479 ὁρᾶτε,
3328 1403 3581 1478 ποιμένα’
3612 1409 3738 1461 τοῦ·

2082 1507 2143 1541 το
2175 1486 2278 1561 γὰρ
2310 1488 2517 1559 ἐλπίζει
2546 1490 2635 1545 καὶ
2668 1488 2908 1566 εὔχεται,
2937 1492 3027 1546 καὶ
3072 1490 3221 1569 παρ”
3242 1494 3395 1567 ὑμῶν
3448 1494 3589 1550 αἰτεῖ
3625 1500 3734 1551 τῶν

2086 1576 2187 1630 ὑπὸ
2220 1582 2381 1653 χεῖρα
2414 1579 2442 1632 6
2472 1588 2681 1653 ποιμήν
2715 1581 2742 1634 6
2774 1580 2962 1650 καλὸς,
2997 1581 3024 1635 ὁ
3050 1582 3219 1643 τιθεὶς
3243 1583 3342 1651 τὴν
3377 1585 3560 1660 ψυχὴν
3597 1584 3731 1661 ὑπὲρ

2081 1668 2189 1718 τῶν
2247 1661 2553 1738 προϐάτωψ
2603 1668 2694 1722 καὶ
2749 1666 2976 1723 διπλοῦν
3018 1671 3094 1743 (7)
3143 1670 3255 1725 ἀνθ’
3292 1670 3470 1727 ἁπλοῦ
3514 1669 3731 1729 δίδωσιν

2088 1753 2212 1825 ὑμῖν
2247 1755 2453 1809 ἑαυτόν·
2488 1756 2577 1810 καὶ
2624 1762 2859 1812 ποιεῖται
2909 1759 3007 1826 τήν
3064 1758 3357 1834 βακτηρίαν
3392 1763 3470 1834 (8)
3499 1766 3596 1816 τοῦ
3626 1764 3736 1838 γή-

331 1846 610 1902 baculum
641 1845 887 1917 spiritus
933 1845 1107 1913 facit;
1155 1850 1329 1916 atque
1383 1844 1705 1901 inanimato
1763 1843 1963 1916 templt

2089 1863 2197 1917 ρως
2268 1844 2561 1919 βακτηρίαν
2624 1851 2721 1900 τοῦ
2769 1829 3097 1920 πνεύματος·
3144 1829 3252 1902 καὶ·
3282 1829 3604 1925 προστίθησι
3639 1829 3734 1924 ’τῷ

330 1934 654 1991 animatum
686 1934 957 2005 adjungit
991 1951 1005 2001 ;
1041 1933 1194 2001 huic,
1228 1933 1491 2004 inquam,
1543 1933 1877 2004 peregregio
1919 1936 1975 1987 et

329 2023 569 2091 ccelesti,
586 2026 834 2079 alterum
855 2021 1262 2094 qualecunque
1283 2022 1518 2077 tandem
1541 2021 1685 2076 illud
1704 2025 1762 2077 et
1786 2038 1971 2092 quan-

326 2111 774 2183 tulumcunque,
810 2116 1083 2167 caeterum
1128 2110 1239 2181 ipsi
1298 2108 1733 2177 charissimum,
1767 2109 1971 2165 multis

322 2201 498 2257 etiam
522 2200 838 2257 sudoribus
865 2217 930 2257 ac
951 2199 1250 2256 laboribus
1271 2199 1637 2255 absolutum:
1662 2203 1835 2271 atque
1855 2199 1967 2254 uti-

324 2306 458 2346 nam
490 2288 792 2346 laboribus
824 2290 1066 2361 dignum
1100 2288 1350 2359 adjicere
1368 2287 1566 2343 liceat!
1596 2304 1821 2358 suaque
1844 2304 1967 2343 om-

321 2379 419 2435 nia
448 2378 613 2435 vobis
644 2377 933 2450 pr0ponit.
958 2377 1002 2433 Ο
1022 2376 1231 2432 miram
1255 2376 1437 2431 animi
1470 2377 1964 2447 magnitudinem,

319 2467 434 2539 vel,
468 2472 534 2523 ut
553 2467 747 2523 verius
763 2466 988 2538 loquar,
1015 2470 1325 2537 paternum
1348 2466 1634 2521 amorem!
1661 2465 1966 2536 Canitiem,

316 2557 706 2627 juventutem,
738 2554 1046 2626 templum,
1080 2554 1439 2626 pontiﬁcem,
1463 2558 1823 2622 testatorem,
1852 2554 1969 2610 bee-

323 2645 546 2715 redem,
570 2661 889 2712 sermones,
910 2660 1161 2715 quorum
1194 2643 1481 2700 desiderio
1513 2643 1878 2715 ﬂagrabatis;
1903 2660 1969 2699 ac

327 2749 628 2789 sermones
651 2732 909 2804 quidem,
929 2748 1045 2787 non
1074 2735 1292 2787 temere
1316 2736 1371 2787 et
1393 2733 1451 2786 in
1472 2747 1663 2787 aerem
1696 2733 1969 2800 ﬂuentes,

330 2838 436 2879 nec
468 2822 623 2880 ultra
651 2838 821 2877 aures
852 2821 1218 2877 audientium
1276 2837 1403 2876 sese
1450 2821 1835 2893 porrigentes,
1868 2823 1969 2877 sed

330 2928 478 2984 quos
536 2911 779 2984 spiritus
839 2908 1499 2989 deecribit,tabulisque
1550 2908 1796 2981 lapideis
1852 2911 1971 2967 sive

324 3000 549 3059 carneis
579 2999 870 3073 imprimit
926 2999 989 3071 η,
1023 3016 1139 3055 ιιοιι
1196 2997 1397 3054 leviter
1447 3015 1514 3054 ac
1569 2999 1971 3070 superﬁciete-

318 3108 431 3149 nus
457 3090 808 3164 insculptos,
848 3094 907 3145 et
937 3088 1039 3160 qui
1068 3086 1238 3144 facile
1293 3086 1469 3144 deleri
1511 3093 1750 3159 queant,
1787 3090 1836 3144 ϐ
1866 3090 1967 3145 sed

317 3181 605 3238 altissime
637 3180 1036 3251 consignatos,
1096 3193 1213 3233 non
1271 3180 1617 3247 atramento,
1679 3179 1779 3234 sed
1838 3196 2037 3267 gra—C

313 3270 415 3327 tia.

383 3358 507 3415 VII.
524 3358 711 3429 Atque
732 3356 855 3413 haec
880 3354 1079 3412 omnia
1100 3355 1263 3412 vobis
1286 3356 1452 3411 oti‘ert
1488 3355 1836 3412 venerabilis
1870 3356 1959 3412 hic

311 3448 626 3515 Abraham,
651 3445 982 3518 patriarcha
1002 3444 1120 3512 ille,
1136 3444 1277 3500 illud
1299 3444 1541 3500 charum
1566 3449 1623 3501 et
1639 3449 1958 3518 augustum

313 3541 510 3609 caput,
543 3536 688 3592 illud
720 3537 1001 3590 virtutum
1034 3535 1296 3589 omnium
1320 3532 1959 3604 domicilium,virtutis

310 3643 538 3695 norma,
570 3624 877 3681 sacerdotii
902 3623 1177 3695 perfectio
1203 3638 1216 3677 :
1242 3624 1340 3695 qui
1366 3623 1762 3679 voluntarium
1786 3625 1958 3681 hodie

308 3716 555 3772 Domino
588 3713 940 3769 sacriﬁcium
999 3714 1187 3783 oli'ert,
1241 3712 1613 3784 unigenitum
1674 3713 1841 3770 illum
1889 3732 1957 3770 ex

307 3804 697 3879 promissione
729 3804 793 3858 ιο.
816 3802 932 3859 Vos
973 3806 1166 3858 autem
1200 3806 1258 3857 et
1288 3801 1402 3856 Deo
1432 3806 1489 3857 et
1519 3802 1687 3858 nobis
1718 3804 1775 3857 id
1826 3821 1955 3859 mu-

310 3895 467 3950 neris
496 3893 622 3950 loco
652 3893 872 3959 offerte,
905 3895 971 3947 ut
1001 3896 1151 3946 recte
1181 3890 1526 3962 pascamini,
1560 3890 1620 3945 in
1676 3890 1800 3948 loco
1862 3910 1959 3964 pa-

306 3999 458 4039 scua
480 3982 835 4052 collocati,et
856 3997 1029 4052 super
1051 3997 1262 4052 aquam
1284 3979 1616 4035 refectionis
1637 3981 1865 4036 educati
1885 3982 1952 4052 2°,

305 4076 372 4126 ut
400 4075 552 4128 recte
575 4076 869 4144 pastorem
894 4068 1278 4141 cognoscatis,
1310 4072 1365 4123 et
1411 4067 1484 4122 ab
1542 4084 1608 4124 eo
1646 4085 1955 4141 cognosca-

304 4160 472 4228 mini,
504 4164 562 4215 et
590 4159 845 4231 pastoris
875 4158 934 4212 in
967 4158 1209 4213 modum
1242 4172 1307 4212 ac
1330 4156 1508 4211 libere
1525 4162 1827 4213 vocantem
1852 4176 1955 4231 per

303 4249 521 4305 ostium
553 4246 884 4319 sequamini
917 4264 931 4315 ;
964 4245 1217 4301 alienum
1249 4249 1447 4301 autem
1490 4262 1605 4301 non
1664 4247 1954 4318 sequami-

302 4337 363 4393 ni
396 4338 465 4408 ²¹,
497 4337 620 4409 qui,
652 4336 944 4392 latronum
976 4339 1033 4390 et
1062 4334 1474 4390 insidiatorum
1506 4351 1686 4404 more,
1720 4338 1949 4391 caulam

370 4483 414 4518 ι’
447 4480 493 4536 ΙΙ
522 4485 647 4536 Cor.
678 4496 802 4550 vm,
833 4479 888 4532 9.
968 4477 1022 4550 η,
1041 4476 1271 4548 Philipp

303 4554 347 4589 ¹⁸
378 4552 583 4608 Ezech.
616 4548 805 4619 xxxv1,
834 4550 942 4617 26;
978 4549 1029 4605 ΙΙ
1056 4553 1180 4604 Cor.
1215 4564 1299 4617 ιιι,
1332 4548 1388 4619 2,
1419 4548 1473 4603 3.

370 4694 446 4767 (4)
476 4692 581 4760 Τὴν
612 4690 913 4767 ἐλευθερίαν
942 4690 1105 4767 ἡμεῖς
1131 4683 1642 4767 -ἀπολάῦωμεν,ῌ‹‹
1678 4695 1743 4747 ut
1772 4692 1944 4767 liber-

297 4763 478 4823 tatem
511 4763 922 4836 reciperemus,
958 4788 979 4817 ι
1017 4764 1101 4818 Ita
1131 4763 1334 4818 Biliius
1364 4764 1421 4817 in
1455 4766 1479 4818 1
1515 4764 1653 4819 edit.
1690 4765 1788 4834 qui
1826 4780 1941 4819 non

299 4854 428 4893 raro
461 4837 685 4891 felicius
713 4837 922 4902 reddit,
957 4852 1133 4907 quam
1166 4836 1440 4891 secundis
1471 4836 1649 4891 curis.
1684 4840 1806 4890 Vox
1856 4838 1945 4889 est

298 4908 582 5034 é‘pplstoli,
618 4907 783 4964 Rom.
817 4924 939 4974 νιιι,
972 4909 1059 4975 21,
1095 4924 1208 4962 non
1267 4908 1465 4962 minus
1518 4907 1742 4974 Latina,
1795 4910 1944 4961 teste

349 4999 384 5034 u
435 4997 509 5034 ιο.

296 4980 509 5039 Tullio.

299 5124 347 5178 It
369 5047 887 5177 (sgfna'vrotlkaypa.
935 5069 957 5099 ι
984 5049 1176 5123 Culpaa
1208 5055 1418 5107 nostra:
1442 5049 1881 5105 succidaneum.
1911 5070 1940 5099 ››

352 5139 383 5178 a
461 5139 473 5175 ι
525 5139 636 5177 ius.

325 5122 383 5178 te
414 5122 636 5177 Billius.

363 5194 443 5325 (6)
474 5191 789 5277 Γενόμενον.
822 5193 913 5247 Sic
952 5194 1114 5265 Regii
1147 5193 1429 5319 plerique.

385 5267 440 5325 7)
473 5261 727 5318 Διπλουν.
762 5288 791 5316 ‹‹
817 5269 937 5321 Duo
992 5270 1151 5325 temp
1179 5281 1233 5325 a.
1292 5279 1429 5325 mqu

385 5267 440 5332 7)
473 5261 727 5318 Διπλοῦν.
762 5288 791 5316 ‹‹
817 5269 937 5321 Duo
992 5261 1233 5335 te'mpla,
1292 5261 1509 5335 inquit,
1526 5261 1725 5335 _Pater
1750 5261 1939 5335 Avobis

293 5336 444 5391 dono
476 5337 655 5404 dedit,
682 5336 931 5391 alterum
966 5332 1239 5401 inani—me,
1284 5332 1441 5405 quod
1494 5332 1764 5388 Nazianzi
1816 5350 1940 5389 exs-

291 5410 493 5473 truxit,
526 5407 772 5463 alterum
805 5409 1170 5474 animatum;
1210 5406 1294 5460 sic
1345 5406 1606 5476 seipsum
1664 5405 1937 5477 appellat.

296 5478 383 5533 Ita
408 5480 659 5534 Nicetes.

300 5549 446 5677 (“(8)
479 5547 800 5625 Βακτηρίαν.
862 5570 891 5599 α
949 5547 1251 5605 Baculum.
1284 5568 1314 5599 »
1374 5546 1597 5613 Billius,
1666 5569 1693 5599 ‹‹
1744 5548 1940 5605 subsi.

363 5635 485 5677 um.
518 5642 547 5672 ››

363 5635 485 5678 um.
518 5642 547 5672 ι)

1280 4519 1292 4531 .
1325 4481 1387 4543 ιι,
1417 4478 1472 4530 7.
1549 4478 1595 4512 ¹⁴
1625 4478 1829 4533 Matth.
1862 4496 1955 4547 xx,
1989 4480 2079 4534 28.

1570 4549 1615 4585 ¹⁹
1664 4550 1806 4606 Gen.
1857 4567 1997 4621 xxu,
2029 4551 2101 4619 2;
2137 4547 2261 4604 Gal.
2294 4564 2380 4619 ιιι,
2414 4549 2501 4602 16.

2090 1931 2289 2007 ἀψύχῳ
2316 1938 2427 2005 ναῷ
2469 1933 2559 1988 τὸν
2605 1933 2876 2011 ἔμψυχον,
2909 1941 2989 2008 τῷ
3036 1934 3381 2012 περικαλλεῖ,
3411 1939 3490 2011 τῷ
3541 1936 3599 1993 δὲ
3644 1939 3735 1994 καὶ

2083 2020 2340 2093 οὐρανίῳ,
2370 2022 2460 2076 τὸν
2495 2024 2779 2077 ὁποιονοῦν
2812 2024 2902 2079 καὶ
2935 2022 3154 2093 ἡλίκον,
3187 2025 3315 2081 ἀλλ’
3346 2024 3435 2079 οῦν
3477 2028 3567 2082 τὸν
3608 2028 3730 2083 ἑαυ-

2079 2112 2157 2179 τῷ
2202 2111 2556 2183 τιμιώτατον,
2606 2114 2695 2167 καὶ
2745 2112 2901 2168 αὐτὸν
2966 2110 3156 2187 ἱδρῶσι
3203 2112 3438 2177 πολλοῖς
3483 2116 3727 2171 συντελε-

2081 2196 2285 2269 σθέντα,
2316 2200 2406 2253 καί
2437 2200 2647 2270 πόνοις,
2681 2198 2765 2272 εἴη
2800 2200 2859 2257 δὲ
2900 2203 3089 2276 εἰπεῖν,
3124 2202 3206 2258 ὅτι
3254 2204 3343 2258 καὶ
3391 2210 3497 2259 τῶν
3548 2204 3727 2258 πόνων

2080 2286 2246 2359 ἄξιοψ
2298 2287 2385 2341 καὶ
2462 2288 2632 2344 πάντα
2696 2289 3049 2367 προστίθησιν
3102 2294 3177 2365 (9)
3230 2293 3354 2365 ὑμῖν
3402 2292 3468 2348 τὰ
3517 2294 3727 2349 ἑαυτοῦ⁸

2079 2376 2143 2430 Ὠ
2188 2382 2290 2445 τῆς
2341 2376 2775 2455 μεγαλοψυχίας,
2810 2381 2867 2453 ἢ,
2899 2381 2960 2435 τό
3010 2402 3072 2456 γε
3120 2381 3480 2458 ἀληθέστερον
3533 2382 3723 2457 εἰπεῖν,

2077 2471 2175 2533 τῆς
2215 2464 2578 2542 φιλοτεχνίας·
2620 2469 2720 2537 τὴν
2762 2467 2982 2539 πολιὰν,
3013 2470 3110 2537 τὴν
3160 2469 3405 2541 νεότητα,
3439 2473 3528 2526 τὸν
3577 2472 3729 2545 ναὸν,

2076 2554 2168 2608 τὸν
2200 2553 2480 2630 ἀρχιερέα,
2510 2557 2601 2611 τὸν
2652 2555 3018 2633 κληροδότην,
3050 2560 3141 2613 τὸν
3189 2556 3565 2633 κληρονόμον,
3596 2561 3726 2625 τοὺς

2080 2641 2300 2718 λόγους,
2343 2644 2433 2706 οῦς
2483 2645 2741 2701 ἐποθεῖτε*
2784 2646 2873 2700 καὶ
2919 2646 3126 2701 τούτων
3178 2647 3239 2701 οὐ
3288 2649 3414 2709 τοὺς
3461 2649 3602 2719 εἰκῆ,
3633 2650 3725 2705 καὶ

2080 2731 2154 2793 εἷς
2206 2732 2335 2807 ἀέρα
2385 2733 2624 2809 ῥέοντας,
2650 2736 2739 2788 καὶ
2793 2736 2957 2811 μέχρι
3005 2742 3104 2803 τῆς
3159 2736 3328 2805 ἀκοῆς
3376 2738 3720 2811 ἱσταμένους,

2082 2819 2207 2876 ἀλλ’
2239 2822 2332 2884 οὓς
2362 2824 2552 2900 γράφει
2582 2824 2645 2877 τὸ
2676 2828 2904 2897 πνεῦμα,
2936 2823 3025 2877 καὶ
3066 2822 3259 2894 πλαξὶν
3311 2824 3527 2879 ἐντυποῐ
3578 2824 3723 2881 λιθί-

2080 2931 2213 2981 ναις,
2249 2908 2421 2964 εἷ’τουν
2468 2911 2765 2987 σαρκίναις,
2817 2912 2915 2966 οὐκ
2962 2912 3012 2983 ἐξ
3062 2911 3333 2982 ἐπιπολῆς
3374 2917 3727 2991 χαρασσομέ-

2080 3019 2226 3068 νους,
2261 2997 2385 3053 οὐδὲ
2417 2997 2617 3075 ῥᾳδίως
2650 3000 3137 3079 ἀπαλειφομένους,
3171 3000 3298 3057 ἀλλ’
3330 3002 3406 3064 εἷς
3447 3004 3607 3079 βάθος
3642 3003 3727 3059 έν-

2080 3087 2539 3162 σημαινομένους,
2574 3089 2634 3144 οὐ
2670 3089 2883 3163 μέλανι,
2917 3089 3060 3146 ἀλλὰ
3090 3092 3275 3167 χάριτι
3304 3093 3438 3167 (10).

2140 3356 2208 3410 Ζ’.
2249 3358 2423 3408 Ταῦτα
2465 3356 2560 3428 μὶν
2613 3353 2705 3410 οὖν
2736 3358 2848 3429 (11)
2884 3356 3012 3429 ὑμῖν
3042 3356 3069 3409 6
3099 3358 3296 3430 σεμνὸς
3328 3353 3581 3432 Ἀϐραὰμ
3628 3358 3720 3415 οῦ-

2066 3464 2181 3512 τος,
2222 3445 2249 3497 6
2297 3444 2664 3520 πατριάρχης,
2716 3447 2750 3514 ἡ
2801 3444 2955 3519 τιμία
3012 3445 3223 3523 κεφαλὴ
3276 3447 3363 3501 καὶ
3410 3447 3716 3521 αἰδέσιμος,

2064 3533 2127 3587 τὸ
2157 3534 2367 3587 πάντων
2396 3536 2500 3586 τῶν
2556 3533 2738 3589 καλῶν
2773 3536 2885 3607 (12)
2917 3536 3285 3611 καταγώγιον,
3317 3537 3344 3590 6
3374 3543 3473 3605 τῆς
3520 3538 3717 3613 ἀρετῆς

2064 3622 2263 3693 κανὼν,
2313 3620 2347 3691 ἦ
2396 3629 2495 3690 τῆς
2544 3620 2839 3697 ἱερωσύνης
2891 3621 3198 3697 τελείωσις,
3246 3625 3273 3679 6
3319 3626 3415 3693 τήν
3473 3626 3716 3681 ἑκούσιον

2068 3708 2249 3772 θυσίαν
2298 3708 2583 3785 προσάγων
2634 3714 2712 3780 τῷ
2764 3710 2946 3785 Κυρίῳ
2977 3712 3089 3783 (13)
3122 3714 3383 3787 σήμερον,
3415 3713 3506 3766 τὸν
3562 3735 3722 3787 μονο-

2065 3805 2220 3873 γενῆ,
2251 3799 2342 3853 τὸν
2376 3796 2434 3852 ἐκ
2468 3805 2570 3867 τῆς
2621 3797 2970 3873 ἐπαγγελίας.
3006 3806 3169 3872 Υμεῖς
3220 3798 3277 3855 δὲ
3325 3808 3721 3880 καρποφορεῖτε

2064 3888 2152 3942 καὶ
2184 3892 2298 3959 Θεῷ
2327 3888 2413 3941 καὶ
2456 3889 2591 3960 ἡμῖν
2638 3888 2701 3941 τὸ
2749 3886 2935 3949 καλῶς
2983 3888 3389 3962 ποίμαίνεσθαι,
3422 3891 3497 3953 εἷς
3550 3892 3717 3947 τόπον

2064 3976 2245 4052 χλόης
2276 3974 2794 4049 κατασκηνούμενοι,
2830 3977 2919 4030 καὶ
2970 3976 3056 4031 ἐπὶ
3108 3975 3303 4041 ὕδατος
3334 3982 3448 4054 (14)
3480 3981 3717 4035 ἀναπαύ-

2064 4086 2199 4127 σεως
2252 4064 2653 4143 έκτρεφόμενοι,
2695 4067 3050 4140 γινώσκοντες
3098 4066 3281 4130 καλῶς
3330 4069 3418 4123 τὸν
3464 4069 3713 4141 ποιμένα,

2062 4154 2151 4209 καὶ
2181 4154 2591 4228 γινωσκόμενοι,
2623 4155 2711 4208 καὶ
2762 4155 3020 4228 ἑπόμενοι
3070 4155 3325 4211 καλοῦντι
3377 4163 3714 4231 ποιμενικῶς

2061 4243 2150 4298 καὶ
2182 4241 2498 4319 ἐλευθερίως
2531 4240 2620 4297 διὰ
2649 4250 2747 4313 τῆς
2778 4243 3262 4320 θύραςάλλοτρίῳ
3295 4243 3350 4300 δὲ
3377 4247 3453 4319 μὴ
3485 4245 3715 4302 ἀκολου-

2061 4330 2273 4395 θοῦντες
2306 4327 2683 4408 ὐπερϐαίνοντι
2717 4330 2806 4388 διὰ
2832 4340 2933 4404 τῆς
2964 4332 3165 4407 αὐλῆς,
3199 4332 3507 4411 λῃστρικῶς
3536 4356 3595 4391 τε
3624 4335 3715 4390 καὶ

2160 4475 2441 4549 l‘Matth.
2475 4493 2590 4543 xv1,
2622 4477 2712 4531 26.
2788 4478 2837 4549 γ¹⁶
2865 4477 3036 4532 Joan.
3066 4495 3121 4549 x,
3158 4478 3241 4533 15.
3322 4479 3365 4515 ¹⁷
3397 4479 3541 4535 Tob.
3575 4497 3632 4547 x,
3658 4482 3711 4537 4.

2595 4549 2640 4582 ³ο
2669 4548 2822 4605 Psal.
2856 4566 2993 4617 xm,
3030 4548 3113 4604 1.⁷
3172 4551 3215 4586 ³1
3247 4549 3414 4606 Joan.
3449 4568 3505 4620 x,
3544 4554 3627 4621 14,
3657 4554 3711 4608 5.

2124 4690 2199 4763 (9)
2232 4686 2592 4764 Προτίθησιν..
2613 4689 2707 4764 Sic
2737 4689 2936 4764 plures
2967 4708 3112 4748 mss.
3146 4691 3296 4764 :ised
3334 4691 3473 4764 Reg.
3507 4709 3569 4762 ιι,
3602 4710 3707 4764 op-

2056 4760 2212 4835 timze
2272 4760 2529 4835 notat,_et
2564 4760 2977 4835 Galba—mgni
3034 4763 3301 4835 omnium
3359 4760 3704 4835 instar'es—se

2054 4805 2545 4909 agamagam;
2568 4805 3314 4909 {gjgahaagzr‘.;.:za;;.
3347 4805 3548 4909 ἀδξιῐ.
3575 4805 3701 4889 sa:

2052 4901 2148 4961 vat
2176 4901 2486 4975 προτίθησι,
2520 4910 2575 4959 et
2606 4904 2690 4959 sic
2718 4907 2890 4961 vertit
2914 4922 2927 4962 :
2961 4929 2989 4956 ‹‹
3015 4901 3121 4960 sua
3149 4905 3347 4961 omnia
3377 4905 3539 4962 vobis
3566 4921 3697 4976 pro-

2052 4978 2219 5048 ponit
2248 4976 2465 5048 utenda
2497 4979 2552 5031 et
2583 4976 2865 5048 fruenda:
2924 4994 3184 5048 suorum_
3224 4975 3490 5032 omnium
3536 4975 3696 5033 vehis

2052 5046 2475 5119 copiamﬂfacit,
2507 5047 2598 5102 sui
2633 5047 2840 5119 ipsius,
2873 5048 3097 5119 templi,
3130 5046 3255 5102 ﬁlii.
3295 5070 3315 5095 ι

2150 5121 2235 5191 10)
2264 5117 2479 5191 Χᾴριτι,
2512 5141 2541 5168 ‹‹
2575 5116 2782 5190 gratia.
2818 5116 2847 5169 ἱ)
2879 5116 3101 5186 Billius,
3136 5142 3162 5169 ‹‹
3199 5116 3440 5191 spiritu.
3474 5140 3501 5167 »

2148 5188 2237 5262 11)
2269 5188 2375 5262 Οῦν
2410 5188 2658 5262 ὰεοειῖιι
2694 5190 2961 5262 pluribus
2993 5208 3159 5261 mss.,
3196 5188 3395 5247 verum
3427 5188 3486 5244 in
3536 5189 3695 5245 codi-

2051 5260 2225 5317 cibus
2246 5260 2501 5334 melioris
2534 5260 2947 5334 notaa'legitur.

2119 5333 2234 5475 (12)
2262 5328 2479 5400 Καλῶν,
2519 5352 2539 5380 I
2574 5328 2876 5390 virtutum.
2914 5356 2941 5384 ››
2974 5332 3081 5389 Bil.
3120 5356 3148 5385 (ί
3180 5334 3491 5391 bonorum.
3523 5356 3553 5386 ››

2120 5405 2211 5475 (l3
2268 5402 2596 5475 Ti'pKupiq).
2628 5406 2827 5461 Comb.
2860 5405 2939 5475 τῷ
2971 5410 3104 5475 Θεῷ.
3147 5474 3156 5475 7

2152 5402 2234 5475 l3)
2268 5402 2596 5476 Κυρίῳ.
2628 5406 2827 5461 Comb.
2860 5405 2939 5476 τῷ
2971 5410 3104 5475 Θεῷ.

2267 5471 2385 5553 Ἐπὶ
2415 5471 2834 5553 581a16c_._00isl_.
2872 5471 2923 5545 1,
2979 5471 3068 5553 te"
3105 5474 3323 5553 ὕδατοςἶ
3377 5474 3583 5553 Biliius
3616 5476 3699 5532 sic

2046 5547 2253 5620 vertit:
2281 5568 2311 5620 ‹ς
2332 5548 2493 5620 Quod
2528 5547 2765 5620 quidem
2792 5547 3057 5606 futurum
3080 5554 3191 5617 est,
3217 5550 3267 5606 si
3308 5548 3369 5605 in
3402 5547 3536 5620 loco,
3560 5565 3696 5620 pasv

2051 5635 2169 5680 suae
2222 5617 2517 5690 habitetis,
2547 5617 2607 5678 'et
2633 5619 2694 5678 in
2725 5637 2880 5693 aqua
2907 5620 3238 5682 refectioni:
3276 5617 3629 5681 educemini.
3662 5640 3694 5672 n
