4152 6286
256 456 373 515 403
1497 454 1560 514 S.
1608 454 1895 516 GREGOI

2023 456 2416 517 THEOLOGI
3543 460 3660 519 404

294 593 881 667 ereturiiquorum
928 583 1194 667 alterum
1254 587 1543 647 nonnulli
1626 587 1989 649 scholiastae.
2057 588 2408 667 signiﬁcare
2489 588 2804 661 videntur,
2865 588 3133 650 alterum
3190 607 3229 650 a
3276 588 3458 650 Billio
3517 577 3664 651 con-

294 607 542 660 eretur;
602 607 871 663 quorum
928 607 1194 645 alterum
1254 607 1543 647 nonnuui
1626 607 1989 649 scnouastae
2057 607 2408 667 signincare
2489 607 2804 661 Videntur,
2865 607 3133 650 alterum
3190 607 3229 650 a
3278 607 3458 650 διυιο
3517 609 3635 651 con

250 607 487 729 gelum.
548 666 775 748 Yerum
841 665 1008 748 fuga
1062 666 1333 748 elapsus
1397 668 1581 728 Ponti
1664 668 2065 729 solitudinem
2122 669 2325 748 petiit,
2373 674 2442 730 ut
2501 670 2967 729 formidandum
3024 670 3324 747 angelicis
3379 671 3660 732 humeris

249 767 407 809 onus
439 745 804 828 declinaret,
840 746 1133 828 Ecclesiae
1164 748 1442 826 regimen
1503 754 1564 808 et
1616 749 1994 819 animarum,
2026 745 2218 809 verbo
2275 751 2502 824 dicam,
2536 750 2877 810 sacerdotis
2934 745 3327 828 pastorisque
3390 770 3655 823 munus;

249 829 443 908 quod,
468 833 538 909 ut
569 844 711 909 cum
746 825 1094 909 virodocto
1128 825 1255 909 (24)
1283 829 1530 907 loquar,
1570 851 1597 886 «
1633 830 1825 890 veluti
1857 830 2088 891 vicario
2120 848 2366 889 summo
2398 837 2459 891 et
2489 831 2790 908 generali,
2824 851 2853 887 »
2893 825 3011 891 hac
3051 825 3445 891 ordinatione
3475 833 3594 893 sibi
3623 852 3661 893 a

246 907 428 989 patre
459 907 703 985 imponi
742 908 1075 989 sentiebat.
1112 931 1142 963 »

322 991 427 1050 1V.
462 990 593 1069 Hoc
620 994 682 1047 et
738 987 907 1046 Elias
964 988 1271 1047 Cretensis
1306 987 1486 1069 ividit
1541 990 1779 1068 optime
1839 1006 1853 1048 :
1918 1013 1949 1045 «
2006 989 2264 1049 Divinus
2320 989 2425 1049 ille
2484 990 2595 1059 vir,
2657 989 2862 1068 inquit
2915 989 3075 1069 (25),
3130 990 3429 1068 quoniam
3483 989 3655 1052 haud

242 1068 484 1130 lubenti
539 1069 753 1127 animo
809 1074 1098 1150 suscepto
1159 1068 1507 1150 presbyteri
1558 1070 1862 1147 gradu....
1922 1069 2215 1130 Ecclesiae
2271 1070 2441 1131 illius
2493 1069 2946 1150 (Nazianzenaa)
3006 1068 3223 1131 Curam
3308 1070 3647 1149 suscipere,

243 1166 317 1210 ac
374 1167 479 1209 eas
526 1156 758 1229 partes,
794 1166 950 1229 quas
1000 1147 1123 1229 ille
1162 1148 1385 1226 (pater)
1443 1150 1617 1210 obire
1674 1167 1799 1209 non
1844 1154 2111 1228 poterat,
2145 1150 2396 1229 explere
2426 1147 2772 1228 cogebatur
2808 1170 2821 1209 :
2857 1147 2988 1229 ipse
3046 1150 3298 1229 quidem
3360 1147 3655 1228 religioso

245 1236 414 1289 metu
445 1230 668 1310 ductus
697 1227 849 1310 hinc
900 1227 1181 1288 abscedit
1237 1237 1427 1307 atque
1482 1230 1545 1288 in
1604 1231 1874 1289 Pontum
1928 1230 2175 1308 migrat,
2228 1227 2336 1290 ubi
2386 1227 2581 1310 prius,
2632 1238 2805 1291 etc...
2859 1227 2971 1291 Hic
3018 1227 3235 1308 itaque
3290 1248 3431 1291 cum
3493 1227 3654 1291 tem-

244 1328 362 1389 pus
393 1309 648 1387 aliquod
678 1309 1054 1385 exegisset...
1093 1314 1279 1386 atque
1309 1310 1464 1390 illud
1510 1311 1847 1381 statuisset,
1884 1328 2073 1386 grave
2127 1328 2259 1370 esse
2315 1311 2374 1369 in
2436 1311 2878 1371 inobedientiae
2937 1311 3287 1390 periculum
3349 1310 3651 1386 incidere,

244 1408 279 1450 e
305 1391 510 1450 Ponto
538 1390 602 1449 in
633 1390 899 1467 patriam
932 1390 1263 1449 revertitur
1292 1389 1391 1449 die
1415 1391 1552 1467 ipso
1600 1390 1857 1450 Paschaa
1891 1389 2037 1471 (26).
2076 1415 2103 1445 ιι
2139 1391 2449 1468 Religioso
2479 1391 2672 1467 igitur
2726 1397 2894 1451 metu
2942 1389 3313 1469 'Theologus
3370 1392 3655 1452 solitudi-

245 1488 388 1529 nem
420 1471 702 1549 petierat,
738 1487 1077 1547 rursusque
1108 1488 1252 1529 eum
1313 1475 1513 1529 metus
1555 1489 1589 1530 e
1636 1473 1837 1531 Ponto
1894 1472 1958 1530 in
2020 1470 2291 1549 patriam
2350 1471 2689 1545 revocavit,
2726 1476 2948 1547 metus,
2982 1472 3265 1550 inquam,
3302 1490 3381 1532 ne
3432 1472 3651 1532 inobe-

244 1550 497 1611 dientiee
528 1550 762 1611 crimen
791 1550 1157 1610 incurreret.

320 1631 392 1693 ν.
427 1631 581 1691 Cum
641 1635 851 1709 autem
911 1629 1213 1708 plurimos
1269 1628 1631 1691 offendisset
1682 1630 1964 1708 Gregorii
2016 1631 2187 1707 fuga,
2242 1630 2347 1707 qui
2425 1630 2559 1707 jam
2616 1654 2647 1687 ‹‹
2704 1631 2875 1708 apud
2948 1629 3333 1691 Christianos
3404 1631 3646 1709 aliquid

243 1729 376 1771 esse
405 1734 435 1766 »
490 1715 790 1789 cceperat,
834 1708 900 1768 in
948 1708 1043 1769 sui
1092 1710 1513 1770 defensionem
1566 1711 1729 1771 hanc
1789 1711 2138 1771 orationem
2172 1711 2419 1788 scripsit
2447 1710 2592 1788 (27).
2631 1734 2658 1765 α
2694 1711 2997 1782 Ostendit,
3036 1733 3063 1769 ››
3102 1711 3294 1771 verba
3324 1716 3469 1769 sunt
3510 1708 3643 1788 jam

240 1790 478 1852 laudati
507 1789 886 1862 scholiastae,
923 1812 951 1843 «
980 1808 1043 1849 se
1074 1789 1229 1849 freni
1260 1795 1390 1850 tam
1419 1790 1848 1869 impatientem
1881 1797 2440 1869 contumacem-lue
2473 1792 2681 1861 fuisse,
2716 1797 2786 1850 ut
2843 1791 3030 1851 etiam
3090 1791 3418 1851 offensioni
3452 1791 3646 1851 fuerit

240 1871 581 1943 nonnullis,
615 1870 843 1949 quibus
872 1869 1271 1930 aediﬁcationi
1301 1872 1618 1949 quondam
1650 1872 1781 1949 ipse
1813 1872 2052 1944 fuerat;
2088 1870 2169 1931 ob
2199 1890 2428 1948 eosque
2456 1872 2548 1930 illi
2578 1871 2874 1950 apologia
2925 1890 3085 1949 opus
3141 1871 3277 1940 fuit,
3314 1890 3438 1948 qua
3503 1871 3644 1932 lno-

239 1951 569 2011 bedientiae
598 1950 1071 2031 timiditatisque
1100 1968 1323 2010 causas
1370 1951 1715 2011 declararet
1747 1951 1891 2031 (28).
1928 1974 1958 2007 »
1994 1953 2232 2029 Itaque,
2271 1975 2301 2006 «
2332 1969 2410 2010 ne
2467 1951 2820 2030 suspicione
2863 1953 3120 2030 quidem
3181 1951 3421 2029 peccati
3453 1970 3483 2006 ι)
3525 1952 3647 2011 hu-

230 2031 512 2109 jusmodi
539 2029 829 2111 laborare
861 2035 1063 2090 tutum
1093 2036 1288 2102 ratus,
1322 2050 1430 2091 seu
1462 2033 1631 2109 fuga,
1658 2029 1766 2091 seu
1795 2031 1997 2091 reditu
2034 2055 2064 2086 «
2093 2031 2455 2091 vulneratos
2488 2057 2517 2086 »
2553 2029 2672 2092 hac
2701 2029 2997 2111 apologia
3031 2055 3062 2087 «
3116 2050 3341 2092 sanare
3373 2052 3401 2088 »
3439 2048 3645 2092 neces-

238 2112 471 2171 sarium
505 2110 746 2170 habuit.
781 2112 872 2169 Ex
902 2112 1023 2170 illis
1054 2111 1241 2181 enim,
1281 2135 1309 2167 α
1343 2112 1450 2171 alii
1480 2112 1798 2173 levitatem
1849 2116 1912 2172 et
1956 2111 2474 2190 imprudentiam,
2510 2134 2537 2169 ››
2577 2112 2684 2172 alii
2719 2136 2749 2168 «
2808 2118 3237 2189 contemptum
3297 2111 3575 2185 ordinis;
3613 2136 3641 2166 »

238 2190 779 2329 ιιοῖλῐιιιιιίριίἓῐιιἱ
800 2190 1058 2269 perinde
1106 2209 1179 2250 ac
1228 2192 1580 2269 Augustino
1635 2192 1827 2271 paulo
1885 2198 2047 2271 post,
2090 2216 2120 2247 ‹‹
2150 2192 2388 2252 altioris
2438 2193 2668 2270 gradus
2724 2192 3134 2271 cupiditatem
3169 2214 3200 2247 »
3234 2191 3640 2270 objiciebant,

238 2289 318 2329 au
376 2289 626 2329 susmca
672 2288 751 2329 an
788 2289 880 2329 ur.

238 2277 349 2333 aut
376 2271 880 2333 suspicabantur.

323 2290 888 2429 ifillsglﬁgggggé
967 2350 1315 2428 longiorem
1404 2350 1568 2411 hanc
1653 2350 2119 2430 apologeticam
2207 2352 2558 2412 orationem
2646 2352 2941 2431 scripsit,
3004 2353 3067 2411 in
3153 2370 3280 2431 qua
3313 2397 3329 2427 ,
3416 2357 3486 2411 ut
3567 2351 3656 2412 ait

240 2432 407 2492 Elias
453 2430 601 2511 (29),
638 2454 669 2486 «
715 2431 875 2490 illud
927 2430 1223 2502 ostendit,
1266 2449 1379 2512 nec
1431 2436 1664 2491 metum
1723 2439 1785 2492 et
1835 2431 2177 2492 cessionem
2238 2451 2437 2503 suam,
2474 2450 2587 2493 uec
2645 2451 2891 2492 rursum
2949 2432 3143 2492 animi
3180 2430 3651 2512 ’promptitudi—

242 2530 387 2571 nem
469 2517 531 2571 et
617 2511 1034 2571 reversionem
1118 2511 1699 2589 reprehendendam
1786 2530 1985 2586 esse;
2069 2537 2099 2567 »
2185 2531 2289 2572 seu
2374 2512 2544 2590 quod
2626 2512 2821 2590 priori
2915 2511 3219 2572 oratione
3294 2512 3649 2591 proposuit,

253 2612 283 2649 (ι
344 2596 681 2669 utrumque
735 2591 970 2671 bonum
1033 2609 1187 2663 esse,
1248 2596 1311 2652 et
1364 2594 1493 2652 Deo
1550 2592 1898 2653 subducere
1956 2610 2020 2652 se
2079 2611 2560 2671 nonnunquam,
2619 2599 2680 2651 et
2728 2592 2976 2652 vocanti
3033 2611 3248 2652 sursus
3331 2594 3649 2652 interdum

246 2689 574 2732 occurrere
631 2670 776 2751 (30).
838 2694 869 2726 ››
929 2671 1204 2731 Primam
1285 2677 1529 2750 partem
1606 2678 1893 2751 spectant
1966 2690 2059 2744 ea,
2141 2673 2370 2750 quibus
2454 2672 2751 2732 describit
2831 2674 3249 2741 sacerdotum,
3322 2672 3451 2731 sive
3536 2692 3648 2749 pa-

245 2758 486 2812 storum
572 2769 857 2822 munera,
944 2751 1228 2823 virtutes,
1315 2751 1543 2825 ofﬁcia,
1622 2751 2045 2825 difﬁcultates,
2132 2753 2437 2831 pericula,
2495 2751 2607 2811 Dei
2683 2752 2748 2811 in
2830 2770 2937 2811 eos
3019 2753 3243 2818 minas,
3311 2751 3649 2829 propheta-

245 2848 386 2893 rum
467 2836 531 2892 et
609 2832 1040 2911 apostolorum
1128 2831 1407 2902 oracula,
1472 2833 1782 2911 exempla,
1844 2851 1985 2911 quas
2032 2832 2109 2893 de
2167 2852 2278 2893 suo
2364 2831 2718 2891 solitudinis
2800 2849 3013 2892 amore
3096 2831 3310 2903 tradit,
3371 2849 3513 2909 qua:
3566 2831 3647 2890 de

244 2917 616 2991 tempestate
656 2910 792 2990 qua
848 2912 963 2971 sub
1020 2911 1273 2984 Juliano
1332 2917 1480 2973 tunc
1537 2910 2187 2991 tem'poris’Ecclesia
2264 2913 2630 2992 jactabatur
2690 2930 2703 2971 :
2764 2931 2888 2971 non
2949 2912 3121 2990 quod
3179 2910 3303 2991 (31)
3363 2933 3391 2966 α
3454 2912 3650 2992 feram

245 2992 674 3070 illam,ignes,
738 2992 1004 3069 gladios,
1059 2992 1430 3070 praecipitia,
1491 2994 1845 3071 voragines,
1904 2993 1985 3053 ab
2041 2993 2268 3053 exteris
2326 2993 2595 3070 denique
2652 2992 2889 3052 bellum
2968 2992 3279 3051 ullatenus
3356 2991 3651 3051 formida-

243 3078 340 3133 rét
387 3071 533 3153 (32).
586 3073 707 3153 Sed
759 3072 994 3132 bellum
1055 3071 1521 3153 haereticorum,
1578 3074 2075 3135 Christianorum
2163 3073 2334 3146 vitia,
2392 3073 2788 3134 sacerdotum
2872 3091 3141 3151 pugnas,
3214 3072 3652 3150 episcoporum

243 3154 523 3225 dissidia,
588 3176 616 3208 ι
669 3152 812 3231 jure
897 3152 1215 3234 metuebat
1273 3152 1444 3234 (33).’
1480 3154 1637 3214 Huic
1720 3154 1887 3214 bello
1965 3176 1994 3211 «
2050 3154 2356 3234 imparem
2411 3172 2475 3213 se
2533 3153 2843 3234 sentiebat
2917 3153 3228 3234 ac__ult_ro
3312 3152 3650 3212 fatebatur.

243 3234 388 3293 Haec
439 3238 608 3293 metu
665 3251 885 3292 carnes
940 3232 1384 3309 conﬁciebant,
1413 3240 1683 3294 mentem
1745 3234 2226 3310 contrahebant,
2262 3233 2495 3311 linguae
2552 3233 2872 3293 vinculum
2930 3232 3318 3311 injiciebant,
3359 3239 3421 3293 et
3478 3240 3654 3311 terga

242 3314 395 3373 dare
424 3336 454 3367 »
492 3312 716 3373 merito
747 3313 1232 3391 persuadebant.

330 3392 452 3471 (34)
485 3392 576 3452 Ad
638 3392 900 3453 alteram
955 3397 1223 3471 partem,
1283 3411 1410 3471 qua
1465 3393 1703 3454 reditus
1759 3411 1981 3454 causas
2037 3393 2310 3454 breviter
2369 3393 2648 3471 exponit,
2706 3392 3047 3470 pertinent,
3106 3393 3167 3452 in
3230 3392 3392 3453 cives
3449 3410 3650 3464 amor,

245 3479 579 3553 parentum
666 3490 864 3544 cura,
925 3472 1368 3533 inobedientiaa
1453 3474 1644 3535 timor
1722 3492 1795 3533 ac
1884 3473 2279 3553 periculum,
2335 3473 2511 3533 Jonm
2594 3473 2995 3551 exemplum;
3052 3473 3281 3551 quibus
3360 3473 3653 3532 omnibus

248 3578 277 3609 α
315 3553 600 3628 victus,»
637 3553 915 3627 tandem,
980 3571 1138 3613 onus
1195 3553 1404 3613 subire
1461 3572 1525 3615 se
1582 3554 1935 3634 proﬁtetur,
1969 3554 2141 3614 haud
2204 3553 2455 3632 quidem
2515 3553 2937 3632 episcopatus,
2974 3555 3077 3611 sed
3138 3553 3487 3627 sacerdotii,
3542 3571 3651 3613 seu

290 3634 535 3695 astoris.

247 3654 541 3776 Ρᾶἓξοῦὶῖ.
598 3712 847 3774 Etenim
913 3734 942 3770 α
1000 3711 1077 3794 de
1125 3712 1575 3794 episcopatu,»
1637 3719 1705 3775 ut
1761 3719 1928 3775 recte
1984 3713 2276 3773 observat
2334 3712 2556 3794 doctus
2613 3711 3047 3794 Gombeﬁsius,
3091 3713 3363 3772 «nullus
3418 3712 3520 3771 hic
3578 3730 3653 3771 ex

246 3795 534 3856 instituto
594 3800 688 3855 est
742 3812 970 3865 sermo,
1004 3793 1083 3854 ad
1142 3792 1355 3873 quem‘
1386 3795 1651 3854 necdum
1711 3799 2069 3873 assumptus
2127 3793 2547 3871 Gregorius.»
2612 3792 2857 3852 Addere
2918 3794 3124 3863 liceat,
3162 3812 3273 3853 nec
3327 3810 3653 3852 assumen-

246 3875 395 3936 dum
452 3894 518 3936 se
563 3880 714 3936 tunc
768 3874 1109 3953 cogitabat.
1145 3872 1441 3947 Quamvis
1496 3874 1711 3934 Billius
1765 3875 1828 3934 in
1881 3872 2253 3954 argumento
2303 3873 2493 3951 hujus
2549 3873 2874 3946 orationis,
2909 3874 2998 3933 uti
3057 3879 3118 3933 et
3174 3875 3235 3933 in
3296 3872 3656 3932 summariis

249 3975 322 4016 ac
377 3956 541 4016 notis
591 3955 847 4034 passim,
883 3956 1176 4029 afﬁrmet,
1212 3955 1313 4015 hic
1348 3978 1375 4010 «
1436 3957 1664 4034 exponi
1722 3973 1942 4015 causas
1998 3974 2111 4015 cur
2165 3954 2555 4034 episcopatui
2589 3954 2920 4031 repudiato
2969 3954 3033 4014 in
3091 3958 3377 4034 Pontum»
3417 3955 3654 4034 Grego-

251 4037 381 4097 rius
436 4032 704 4114 fugerit;
764 4059 795 4090 »
858 4044 920 4095 et
975 4036 1117 4095 ideo
1170 4036 1401 4113 fugisse
1458 4032 1626 4106 quod
1689 4060 1719 4090 «
1777 4041 2005 4114 praeter
2060 4035 2421 4113 opinionem
2483 4033 2560 4094 ad
2619 4034 3053 4113 episcopatum
3112 4032 3590 4114 postulabatur.)
3617 4055 3647 4114 »_

245 4118 314 4176 In
401 4111 685 4175 eamdem
760 4115 1120 4194 opinionem
1204 4111 1525 4191 inductus,
1604 4111 1865 4176 forsitan
1940 4115 2019 4175 ab
2103 4111 2469 4192 interprete,
2529 4111 2779 4173 videtur
2837 4111 3251 4192 _Augustinus
3314 4111 3654 4194 (34*),_qui

246 4200 581 4275 postquam
638 4192 864 4256 iterum
924 4196 1117 4255 verba
1174 4196 1456 4273 Gregorii
1511 4216 1587 4257 ex
1644 4196 2020 4276 Apologetz'co
2075 4194 2420 4272 descripsit,
2482 4194 2855 4276 subjungit:
2904 4218 2932 4249 «
2994 4197 3139 4253 Haec
3194 4194 3443 4276 dicebat
3500 4192 3653 4276 hea-

249 4273 349 4337 tus
407 4275 765 4353 Gregorius,
828 4294 954 4335 non
1011 4278 1175 4336 inter
1248 4277 1560 4355 principia
1616 4273 2073 4335 emendationis
2129 4293 2281 4341 suae,
2315 4276 2421 4333 sed
2484 4275 2617 4351 jam
2677 4276 3027 4355 episcopus.
3095 4297 3123 4327 »
3187 4275 3345 4343 Quin
3405 4281 3468 4332 et
3521 4273 3655 4355 ipse

248 4356 541 4417 Petavius
599 4355 744 4434 (35),
804 4363 1021 4415 contra
1081 4355 1479 4427 Salmasium,
1543 4357 1830 4416 adductis
1913 4374 1991 4415 ex
2062 4355 2456 4432 apologetico
2530 4354 2921 4425 testimoniis,
2985 4359 3247 4414 conatur
3326 4354 3657 4413 ostendere

252 4462 282 4493 (ς
315 4436 812 4514 episcopatum»
848 4437 1215 4513 aGregorio
1274 4441 1565 4497 vocatum
1622 4436 1853 4496 ibidem
1910 4457 1938 4493 «
1987 4435 2432 4515 principatum,
2500 4434 2962 4512 magistratum,
3023 4434 3485 4512 praefecturam,
3544 4434 3657 4515 im-

252 4517 514 4594 perium,
576 4536 606 4573 »
667 4521 816 4586 etc.,
867 4515 1153 4593 adeoque
1215 4539 1245 4571 ‹‹
1304 4517 1689 4577 curationem
1777 4514 2005 4587 solam,
2063 4516 2453 4593 simplexque
2539 4534 2767 4574 munus
2821 4540 2849 4569 »
2910 4533 3036 4573 non
3111 4533 3264 4575 esse.
3326 4516 3510 4575 Errat
3561 4514 3659 4594 vir

249 4593 494 4671 doctus,
529 4596 677 4655 dum
736 4602 914 4676 putat
972 4596 1336 4673 Gregorium
1397 4597 1472 4657 de
1521 4598 1897 4676 episcopatu,
1943 4595 2135 4656 verba
2192 4597 2431 4668 facere;
2468 4600 2532 4654 at
2590 4594 2997 4676 nihilominus
3038 4595 3305 4676 ﬁrmum
3364 4600 3488 4676 stat
3519 4593 3653 4672 ejus

250 4682 691 4756 argumentum
755 4675 1055 4735 adversus
1111 4676 1510 4749 Salmasium,
1561 4674 1698 4737 imo
1742 4675 1982 4737 ﬁrmius
2037 4676 2267 4736 evadit.
2336 4675 2572 4735 Etenim
2633 4676 2684 4735 si
2742 4675 3159 4736 sacerdotium
3214 4674 3559 4756 generatim
3597 4692 3655 4756 _a

250 4752 550 4836 Gregorio
606 4757 840 4816 dictum
914 4764 1008 4815 est
1069 4776 1098 4812 α
1154 4757 1564 4834 principatus,
1630 4757 2052 4835 magistratus,
2119 4758 2514 4836 praefectura,
2580 4780 2607 4811 »
2670 4761 2815 4827 etc.,
2871 4762 3109 4833 quanto
3197 4752 3397 4832 magis
3453 4754 3518 4813 id
3578 4752 3654 4811 de

248 4839 614 4931 episcopatu
645 4837 767 4897 dici
797 4841 1005 4931 potest
1032 4837 1359 4931 ac‘debetl
1522 4917 1533 4931 _
1729 4917 1741 4929 θ
2106 4922 2116 4931 ι
2271 4922 2282 4931 ι
2477 4915 2492 4931 ε
2656 4922 2667 4931 _
2981 4914 3117 4931 Νη,
3250 4914 3263 4927 ,
3373 4915 3413 4931 η
3470 4930 3478 4931 ί
3510 4930 3513 4931 ν
3548 4929 3585 4931 μ
3612 4909 3651 4931 Β

328 4910 715 4999 ΑΗΓρΙιπθβ
796 4910 1236 4999 ἷΠῨΘυῐΠάϐΠι
1319 4917 1647 4999 scopulum
1725 4917 2147 4995 impegerunt,
2223 4922 2292 4976 ut
2350 4915 2676 4975 crederent
2757 4932 2897 4974 cum
2981 4914 3187 4999 Billio,
3246 4914 3311 4999 in
3371 4910 3658 4999 Gregorii

246 4992 620 5079 Apologelz'co
678 4998 768 5079 de
811 4998 1176 5079 episcopatu
1233 5017 1310 5079 ex
1360 4992 1647 5079 instituto
1704 4992 2057 5079 sermonem
2117 5016 2274 5079 esse,
2335 5015 2605 5074 quorum
2656 5013 2941 5079 errorem
3000 4994 3088 5079 sic
3142 4994 3416 5079 breviter
3466 4992 3657 5079 refel-

247 5073 460 5140 limus.
517 5073 868 5157 Gregorius
929 5073 1109 5139 initio
1166 5084 1229 5140 et
1288 5078 1353 5138 in
1411 5078 1535 5139 ﬁne
1617 5078 1919 5139 orationis
2002 5073 2453 5159 proﬁtetur’se
2508 5076 2823 5154 suscipere
2908 5075 3077 5155 quod
3134 5073 3660 5153 fugeratzigitur

313 5229 426 5357 (231;)
458 5228 767 5284 Thomass.
800 5227 876 5283 De
922 5228 1051 5283 disc.
1085 5228 1212 5283 θοοὶ.
1254 5242 1388 5300 pag.
1420 5228 1473 5297 1.,
1516 5228 1617 5282 lib.
1657 5245 1716 5282 ιι.
1753 5244 1803 5283 ο.
1838 5228 1894 5295 7,

922 5228 1051 5283 disc.
1085 5228 1212 5283 θοοὶ.
1254 5242 1388 5300 pag.
1420 5228 1473 5297 1.,
1516 5228 1617 5282 lib.
1657 5245 1716 5282 ιι.
1753 5244 1803 5283 ο.
1838 5228 1894 5295 7,
2225 5225 2467 5353 (ξιξ-ο)οῗ
2517 5296 2540 5350 1

253 5318 308 5355 Il.
342 5313 394 5355 3.
2081 5313 2193 5355 ῐόυ)
2225 5313 2319 5353 UP.
2352 5313 2390 5355 ι.
2425 5314 2481 5351 Π.
2517 5313 2568 5350 1.

334 5302 424 5443 235)
456 5369 632 5437 Elias,
668 5386 790 5443 arg.
826 5369 882 5425 in
916 5369 1056 5426 hanc
1087 5374 1227 5428 orat.
2352 5299 2631 5437 inﬁmiin.

337 5445 427 5509 26)
452 5443 609 5499 Orat.
642 5458 706 5509 II,
745 5460 804 5498 n.
840 5442 939 5497 111
974 5446 1030 5497 et
1063 5443 1182 5498 112.
2078 5442 2169 5508 (32
2222 5441 2305 5496 Ib.
2340 5458 2397 5494 n.
2429 5438 2501 5492 79
2532 5438 2603 5492 ad

337 5437 427 5513 26)
452 5443 609 5499 Orat.
642 5458 706 5511 II,
736 5437 804 5498 ἶ).
840 5442 939 5497 111
974 5446 1030 5497 et
1063 5443 1182 5498 112.

1082 5443 1182 5498 .12.
2078 5437 2190 5509 (32)
2222 5441 2305 5496 Ib.
2340 5458 2397 5513 ῃ.
2429 5438 2501 5492 79
2532 5438 2603 5492 ad
2633 5437 2722 5492 ss.

338 5512 429 5581 27)
459 5514 557 5568 Or.
591 5531 653 5573 η,
684 5531 743 5568 n.
778 5514 865 5569 11.
1650 5580 1655 5581 ί
1885 5579 1894 5581 Α

778 5514 865 5569 11.
1650 5580 1655 5581 ί
1885 5579 1894 5581 Α
2078 5514 2191 5581 (33)
2226 5516 2294 5568 N.
2326 5512 2414 5566 90.

317 5516 405 5584 (27
459 5516 557 5568 0r.
591 5531 653 5573 η,
684 5531 743 5568 n.
778 5516 865 5569 11.
2102 5516 2191 5581 33)
2226 5516 2294 5568 N.
2326 5516 2415 5566 90.

317 5516 429 5655 (28)
458 5583 756 5659 :Ejupalvez,
790 5582 894 5659 (ὅτι
926 5588 1192 5659 ’τοσοῦτξον
1213 5582 1556 5659 Αάφηνίαᾼσεν,
1618 5580 1769 5659 ᾤστερ
1804 5579 1894 5659 ηαί
2075 5516 2188 5655 (34)
2219 5581 2527 5659 Νη1018ἀ
2547 5580 2681 5659 Δ109.

244 5651 391 5728 κεινὰς
411 5651 702 5728 ’πλτλγῆναι
726 5658 837 5728 λτῶεί
866 5651 1577 5728 πάνλαιμρίκοδοιξιόυμένῳν-
1611 5655 1684 5728 εἰς
1714 5653 1884 5728 αὐτὸν1

1805 5654 1890 5728 τὸν,
2077 5651 2212 5726 (34⁵)
2247 5656 2367 5709 Lib.
2405 5655 2499 5728 ΟΒ.
2534 5654 2665 5728 imp.
2700 5655 2841 5728 cont.
2876 5652 2984 5707 Jul.
3023 5670 3080 5706 n.
3110 5655 3198 5728 ὃς),
3235 5670 3288 5728 p.
3322 5653 3445 5728 912.

248 5724 316 5801 85'
348 5726 439 5801 ρῦς
469 5722 564 5781 κάῖ
588 5722 689 5801 ’ζῆς
715 5724 1013 5801 ᾁτῖολογίας
1046 5722 1459 5801 ἑδὲῃσελνίαύτῷ,
1492 5725 1768 5798 δηλοῦσης
1798 5722 1888 5787 τάξ

2076 5722 2410 5801 (35)Ῥίςζειν.
2442 5722 2521 5801 ρετ
2551 5722 2734 5779 acules.
2770 5723 2910 5779 hier.
2954 5732 3096 5779 cont.
3148 5722 3382 5780 Salmas.
3436 5722 3532 5775 lib.
3569 5736 3652 5791 ιη,

247 5797 422 5862 αἰτίας
450 5805 552 5869 τῆς
584 5796 857 5860 ἀπειθείας
888 5796 978 5853 iui
1011 5805 1111 5869 τῆς
1143 5796 1365 5863 δειλίας.
1412 5796 1451 5801 ’⁷
1548 5796 1555 5798 ⁷
2005 5814 2055 5853 c.
2085 5796 2141 5869 9,
2173 5815 2232 5854 n.
2268 5798 2329 5853 11
2364 5809 2420 5853 et
2446 5796 2529 5850 12.
