4152 6286
439 355 560 417 405
1673 347 1968 411 ORATIO
2010 347 2088 409 II.
2119 377 2199 395 --
2228 344 2629 412 MONITUM.
3734 355 3855 417 406

442 500 689 547 necesse
742 486 854 558 est,
917 488 987 545 ut
1044 481 1475 562 episcopatum
1533 485 1685 543 tunc
1740 479 2102 563 susceperit,
2156 480 2238 563 _si,
2304 481 2732 562 «episcopatu
2788 484 3144 563 repudiato,
3206 509 3234 542 »
3293 490 3364 547 ut
3418 485 3553 549 vult
3609 485 3849 562 Billius,

438 568 505 629 in
559 570 829 648 Pontum
889 561 1155 648 fugerit:
1204 561 1438 648 Deinde
1515 563 1665 648 hinc
1728 562 1919 623 etiam
1993 561 2298 639 sequitur,
2360 563 2530 648 quod
2575 561 2725 648 non
2774 561 2978 648 minus
3036 565 3377 648 absurdum
3437 572 3548 641 est,
3612 561 3849 648 Gregoé

441 648 628 719 rium,
688 642 1062 724 priusquam
1120 645 1510 705 Sazimorum
1571 642 1969 724 episcopatus
2041 648 2381 724 crearetur,
2442 644 2731 704 Nazianzi
2806 647 3169 724 episcopum
3245 646 3438 707 fuisse
3520 642 3849 710 consecra-

438 736 613 799 tum;
650 722 747 785 vel
805 722 1591 807 deniquegconcedendum
1653 728 1764 807 est,
1810 722 1974 781 hanc
2029 722 2261 807 dictam
2318 741 2443 783 non
2500 722 3048 807 esseforationem,
3109 745 3223 786 nec
3267 728 3529 805 impleta
3585 747 3725 807 qua
3781 730 3847 791 in

438 827 513 867 ea
574 813 936 878 narrantur,
1000 804 1118 864 nisi
1175 803 1959 886 postquamisazimorum
2009 803 2379 886 episcopatu
2442 806 2795 886 repudiato,
2847 807 3217 866 Nazianzeni
3277 803 3555 886 episcopi
3607 803 3848 871 'munia

435 890 576 948 loco
610 887 807 1026 patriils
838 885 1128 1026 opeunda
1178 882 1481 964 suscepit.
1516 885 1666 954 Qua
1724 901 1914 962 quam
1975 882 2099 942 sint
2153 882 2428 944 absurda
2485 892 2547 944 et
2602 885 2681 945 ab
2740 885 3017 947 historiae
3075 882 3336 948 veritate
3392 882 3601 949 aliena
3659 908 3845 951 nemo

447 987 574 1026 non
606 969 735 1026 inte
786 967 873 1026 igi
910 1011 922 1025 .

447 987 574 1029 non
606 967 922 1029 intelligit.

520 987 1016 1109 ᾘΙίῗῗθέἷὲμνίδ
1072 1045 1435 1124 aggreditur
1492 1043 1861 1114 Gabrielius,
1923 1046 1992 1101 ut
2045 1046 2283 1102 statuat
2339 1043 2415 1103 de
2474 1045 2838 1124 episcopatu
2898 1064 3251 1108 sermonem
3313 1065 3445 1108 esse
3504 1066 3517 1106 :
3584 1072 3614 1103 «
3677 1051 3847 1121 Quo-

442 1128 639 1201 niam,
672 1128 878 1205 inquit
908 1124 1077 1205 (35*),
1115 1151 1149 1209 (ι
1164 1124 1599 1209 sacerdotium
1658 1140 1991 1209 commune
2050 1129 2144 1183 est
2190 1125 2530 1209 sacerdotis
2588 1143 2660 1185 ac
2728 1126 3107 1209 presbyteri
3136 1147 3401 1209 munus,
3439 1134 3656 1209 estque
3706 1130 3846 1190 fun-

442 1209 807 1269 damentum
839 1206 1211 1286 episcopalis
1240 1205 1801 1267 consecrationis...
1843 1208 2323 1286 ._co_n_gruenter
2363 1205 2598 1264 factum
2655 1214 2767 1278 est,
2806 1211 2874 1266 ut
2928 1207 3114 1268 simul
3170 1208 3231 1268 in
3292 1208 3512 1269 eadem
3554 1205 3848 1271 oratione

443 1284 895 1360 declararetur,
923 1304 1088 1366 qua,
1123 1294 1486 1368 quantaque
1544 1286 1623 1346 sit
1678 1284 2011 1368 sacerdotii
2068 1284 2390 1362 professio,
2426 1292 2487 1345 et
2544 1287 2795 1368 qualem
2866 1292 3155 1365 oporteat
3214 1307 3345 1349 esse
3386 1290 3839 1368 episcopum.»

436 1370 717 1429 lnsinuat
772 1374 1076 1446 praterea
1133 1367 1521 1450 Gabrielius,
1567 1390 1599 1421 «
1654 1366 2047 1450 consuevisse
2105 1371 2365 1433 veteres.
2427 1366 2679 1450 eosdem
2730 1368 3079 1450 episcopos,
3152 1392 3178 1424 ιο
3240 1375 3303 1429 et
3357 1392 3388 1426 «
3423 1366 3846 1450 “presbyteros

444 1466 687 1510 vocare.
751 1445 785 1504 »ἱ
843 1450 1073 1507 Verum
1126 1448 1242 1507 etsi
1296 1449 1430 1506 viro
1487 1447 1674 1507 docto
1757 1445 2260 1517 concederemus,
2323 1446 2492 1524 quod
2564 1464 2636 1507 ex
2719 1445 3001 1525 qualibet
3084 1445 3529 1511 communione
3615 1445 3846 1513 eruditi

440 1529 775 1607 scriptores
830 1528 1126 1609 fatentur,
1159 1528 1238 1587 ab
1297 1527 1472 1609 initio
1501 1552 1533 1609 ᾳ
1582 1542 1979 1609 communem
2039 1530 2102 1585 et
2155 1528 2576 1609 promiscuam
2633 1526 2781 1607 (36),
2843 1547 3258 1607 synonymam
3319 1529 3493 1609 (36*),
3551 1531 3843 1592 indistin-

440 1605 603 1691 ctam
635 1608 787 1691 (3'7),
821 1608 1011 1691 initio
1030 1608 1174 1688 (37*)
1212 1627 1283 1668 ac
1330 1607 1548 1691 primis
1602 1605 1896 1691 Ecclesia
1956 1606 2357 1691 temporibus
2374 1606 2514 1685 (38),
2554 1630 2580 1662 ››
2617 1605 2744 1667 seu
2783 1605 3215 1691 apostolorum
3265 1605 3567 1691 «diebus
3598 1612 3773 1691 (38"),
3806 1635 3837 1669 η

439 1690 537 1749 vel
591 1686 781 1770 etiam
844 1712 873 1744 «
923 1686 1125 1770 primo
1160 1686 1241 1749 et
1290 1687 1562 1750 secundo
1646 1686 1901 1770 ineunte
1983 1686 2213 1746 saeculo
2270 1687 2417 1766 (39),
2462 1708 2506 1770 _»
2567 1705 3009 1770 communem,
3052 1690 3329 1768 episcopi
3378 1696 3440 1751 et
3496 1686 3844 1770 presbyteri

441 1766 942 1849 appellationem
988 1768 1216 1849 fuisse;
1254 1792 1283 1824 ››
1344 1772 1487 1848 post
1570 1766 1845 1849 primum
1929 1771 2206 1849 attamen
2273 1767 2613 1849 saeculum,
2678 1792 2708 1823 »
2773 1766 3113 1829 fatentibus
3184 1766 3337 1849 ipsis
3418 1766 3727 1833 Salmasio
3784 1779 3846 1833 et

440 1846 793 1945 Blon‘de‘lllo,
831 1873 857 1904 (ι
893 1848 1193 1945 distingui
1250 1846 1780 1945 creperunt‘(39*),
1809 1846 2214 1945 secundoque
2260 1846 2571 1945 inclinato
2611 1849 2783 1945 etAad‘
2813 1851 3002 1945 ﬁnem
3034 1846 3587 1945 vergente_saculo
3619 1849 3769 1945 (40),
3807 1876 3838 1908 ι)

442 1948 521 1991 ne
574 1930 812 1991 Dallao
870 1929 1124 2008 quidem
1184 1935 1474 2007 negante,
1512 1928 1606 1986 vel
1635 1951 1685 2009 «ν
1718 1928 1991 1988 secundo
2048 1933 2315 2009 exeunte
2363 1927 2511 2006 (4|),
2544 1949 2572 1984 ι>
2613 1935 2719 1990 ιθ
2768 1930 3077 2009 tertioque
3134 1927 3415 2004 ineunte,
3445 1950 3517 1992 ac
3574 1927 3846 1995 maxime

441 2011 521 2093 ab
578 2012 743 2093 Aer-ii
786 2007 1194 2070 damnatione
1244 2010 1447 2093 medio
1505 2008 1735 2068 saculo
1792 2014 2048 2093 quarto,
2096 2007 2171 2067 de
2220 2027 2349 2093 qua
2408 2009 2630 2068 haresi
2685 2007 3079 2093 Epiphanius
3126 2013 3640 2093 etJAugustinus
3694 2013 3843 2093 (42),

438 2092 527 2150 ita
584 2091 881 2151 distincta
935 2096 1081 2151 sunt
1138 2108 1211 2149 ea
1262 2090 1540 2159 nomina,
1602 2096 1670 2147 ut
1725 2106 1800 2147 ea
1848 2088 2202 2167 promiscue
2250 2088 2546 2166 deinceps
2604 2108 2848 2149 sumere
2906 2090 3140 2150 nemini
3196 2088 3434 2151 liceret.
3496 2094 3653 2154 Hinc
3707 2088 3852 2154 ora-

436 2171 625 2231 tionis
683 2171 937 2231 titulum
994 2170 1291 2231 Gabrielii
1338 2169 1762 2248 explicatione
1814 2187 1941 2227 non
2022 2168 2325 2246 indigere,
2385 2186 2584 2248 eaque
2660 2170 2909 2246 gravari
2982 2171 3211 2230 nedum
3271 2172 3503 2250 juvari,
3562 2178 3849 2235 constare

440 2251 647 2312 debet.

516 2333 617 2393 IX.
676 2332 909 2393 Verum
966 2330 1200 2412 rejecta
1255 2329 1682 2409 inscriptionis
1736 2328 1847 2412 illa
1897 2333 2072 2412 parte
2106 2340 2156 2387 :i

2210 2333 2259 2412 sti
2318 2335 2507 2388 ὁποῖον
2560 2335 2693 2389 εἶναι
2751 2333 2832 2390 δεῖ
2888 2336 2979 2390 τὸν
3036 2335 3349 2409 ἐπίσκοπον,
3390 2355 3419 2387 ‹‹
3477 2337 3536 2392 et
3591 2335 3844 2412 qualem

438 2430 572 2472 esse
629 2417 925 2490 oporteat
979 2411 1368 2489 episcopum,
1407 2435 1434 2466 ι)
1466 2428 1609 2488 qua
1661 2410 1940 2487 profecto
1973 2409 2254 2490 Gregorii
2320 2427 2446 2469 non
2488 2416 2615 2490 est,
2653 2416 2872 2488 aperta
2929 2429 3002 2470 ac
3033 2416 3205 2471 certa
3252 2430 3348 2472 res
3406 2417 3519 2485 est,
3579 2409 3641 2474 et
3697 2433 3843 2475 cum

433 2488 691 2552 erudito'
748 2488 1122 2552 Combeﬁsio
1178 2488 1273 2551 fas
1331 2498 1418 2551 est
1479 2508 1775 2557 asserere,
1813 2514 1840 2544 α
1875 2490 1951 2549 de
1999 2488 2363 2569 episcopatu
2398 2489 2637 2549 nullum
2673 2490 2775 2549 hic
2805 2509 2881 2551 ex
2914 2490 3198 2552 instituto
3230 2510 3583 2553 sermonem
3614 2512 3768 2556 esse.
3805 2518 3835 2550 »

432 2572 592 2643 Quid
650 2572 1136 2653 ergo‘ICreatus
1196 2572 1519 2650 presbyter
1573 2570 1912 2653 Gregorius
1964 2569 2234 2653 pastoris
2296 2588 2521 2653 munus
2578 2572 2913 2653 refugerat,
2966 2571 3343 2653 nunciillud
3400 2574 3678 2653 suscipit.
3716 2576 3845 2637 Sua

433 2658 569 2713 erat
600 2652 994 2713 ordinatione
1042 2658 1281 2730 pastor,
1313 2649 1393 2711 ut
1433 2651 1641 2711 cateri
1701 2650 2095 2721 sacerdotes;
2132 2649 2262 2727 qui,
2310 2654 2389 2731 ut
2434 2650 2859 2729 Chrysostomi
2898 2651 3015 2731 (43)
3050 2652 3253 2712 verbis
3313 2658 3474 2725 utar,
3516 2649 3846 2717 «docendi

434 2738 807 2812 potestatem
840 2739 1241 2810 acceperunt,
1268 2737 1458 2810 atque
1515 2736 1585 2790 ut
1638 2731 1931 2812 Ecclesia
1970 2731 2266 2812 Aprasint.
2306 2753 2334 2784 »
2368 2730 2671 2810 Suscepto
2728 2730 2919 2810 igitur
2976 2733 3309 2811 Gregorius
3346 2752 3626 2807 munere,
3673 2736 3845 2812 quod

434 2809 775 2891 refugerat,
810 2809 1135 2892 pastorum
1174 2809 1459 2872 omnium
1520 2811 1736 2871 munia
1791 2809 2030 2892 hacin
2084 2810 2368 2892 oratione
2424 2809 2848 2891 prosequitur.
2899 2812 2992 2872 Ad
3022 2809 3240 2873 omnes
3269 2813 3462 2891 igitur
3491 2809 3848 2877 sacerdotes

438 2890 710 2972 pertinet
739 2890 1061 2971 egregium
1120 2893 1286 2952 istud
1344 2896 1640 2974 opus;_et
1697 2890 1983 2974 quamvis
2040 2908 2117 2949 ex
2172 2890 2459 2974 instituto
2518 2892 2595 2951 de
2636 2890 3018 2974 episcopatu
3075 2890 3460 2954 sermo’non
3519 2895 3619 2967 sit,
3681 2914 3850 2974 qua-

447 2970 696 3053 cunque
749 2970 962 3033 oratOr
1016 2974 1095 3033 de
1154 2978 1475 3053 pastorum
1535 2972 1663 3053 sive
1708 2972 2116 3053 sacerdotum
2178 2970 2408 3030 muniis
2465 2976 2594 3053 tam
2645 2970 3013 3050 eloquenter
3068 2992 3257 3051 quam
3317 2992 3461 3034 vere
3520 2970 3841 3053 pradicet,

448 3052 528 3112 ad
586 3071 650 3112 se
706 3054 1010 3128 pertinere
1070 3072 1197 3131 pra
1248 3052 1488 3113 caeteris
1540 3051 2219 3133 existimareﬂpossunt
2272 3056 2461 3129 atque
2517 3052 2707 3112 etiam
2765 3053 2993 3113 debent
3050 3053 3349 3132 episcopi,
3382 3054 3490 3133 qui
3524 3051 3841 3117 sacerdo—

444 3133 513 3192 tii
571 3150 780 3193 arcem
836 3139 1164 3210 occupant.
1200 3133 1419 3194 Merito
1478 3132 1740 3211 proinde
1796 3132 2040 3192 codices
2096 3132 2353 3210 optima
2412 3138 2577 3191 nota
2652 3133 2811 3193 hanc
2870 3134 3151 3209 Gregorii
3209 3132 3585 3208 orationem,
3619 3135 3850 3196 librum

442 3212 531 3272 Dc
585 3212 909 3295 sacerdotio
968 3221 1096 3295 Περὶ
1132 3218 1446 3295 ἱερωσύνης,
1479 3211 1826 3290 generatim
1875 3211 2269 3295 inscribunt,_
2306 3230 2431 3289 quo
2489 3213 2833 3295 vocationis
2888 3214 3326 3276 ecclesiastica
3386 3233 3457 3275 ac
3516 3217 3851 3278 sacerdotii

438 3295 676 3369 regula
708 3291 1054 3354 sanctiores
1080 3291 1395 3371 legesque,
1437 3318 1464 3349 «
1500 3312 1700 3372 pauca
1730 3316 1760 3348 »
1797 3310 1941 3353 vero
1991 3291 2352 3369 dogmatica
2406 3294 2829 3367 continentur,
2864 3299 2934 3353 ut
2990 3295 3273 3355 omnium
3334 3297 3845 3359 accuratissimus

435 3373 613 3434 Colb.
649 3391 762 3433 ms.
798 3377 956 3435 4148
985 3374 1330 3435 annotavit.

513 3454 587 3513 X.
624 3455 714 3514 Ex
778 3460 905 3515 tam
965 3455 1192 3515 eximio
1243 3472 1453 3531 opere,
1506 3472 1613 3513 sex
1696 3452 2175 3534 itidemilibros
2232 3451 2321 3511 De
2369 3451 2695 3534 sacerdotio
2752 3452 3256 3533 Chrysostomus,
3320 3461 3596 3534 quatuor
3651 3456 3841 3518 etiam

443 3532 621 3595 Curae
669 3535 993 3615 pastoralis
1049 3536 1383 3613 Gregorius
1444 3552 1729 3615 magnus,
1792 3532 2285 3615 ita_hauserunt
2330 3551 2403 3593 ac
2451 3533 2623 3615 velut
2696 3550 2771 3593 ex
2838 3534 3184 3614 archetypo
3256 3532 3718 3615 expresserunt,
3775 3544 3845 3598 ut

437 3613 898 3695 prOpemodum
958 3615 1113 3675 nihil
1174 3615 1341 3674 aliud
1405 3613 1763 3693 prastitisse
1818 3613 2167 3695 videantur,
2205 3631 2392 3691 quam
2452 3613 2748 3675 dilatasse
2792 3620 2854 3674 et
2912 3613 3353 3694 ampli’ficasse’
3383 3636 3524 3695 qua
3574 3618 3845 3678 a'l‘heo-

439 3694 583 3771 logo
641 3696 909 3768 acutius,
969 3695 1221 3755 brevius
1278 3695 1729 3773 nervosiusque
1801 3694 1967 3754 dicta
2044 3695 2313 3754 fuerant.
2374 3695 2449 3753 Et
2502 3701 2691 3767 certe,
2753 3695 2921 3773 quod
2980 3701 3123 3756 ante
3177 3715 3289 3757 nos
3336 3694 3695 3759 observavit
3750 3696 3845 3757 vir

442 3774 693 3836 nomine
750 3782 811 3836 et
868 3777 1101 3853 ingenii
1163 3775 1584 3846 monimentis,
1626 3783 1836 3855 atque
1895 3774 2201 3850 imprimis
2261 3775 2428 3834 edito
2487 3774 2784 3851 Gregorio
2838 3777 3084 3855 clarus,
3136 3794 3261 3835 non
3341 3778 3561 3837 eodem
3641 3777 3841 3837 solum

443 3862 836 3931 argumento,
900 3875 1115 3916 verum
1202 3856 1390 3915 etiam
1476 3854 1657 3914 simili
1736 3854 2092 3926 occasione,
2140 3873 2349 3935 ropera
2404 3856 2481 3915 de
2539 3854 2891 3915 sacerdotio
2938 3856 3002 3914 in
3078 3874 3191 3915 suo
3267 3875 3535 3935 quaque
3619 3876 3845 3935 genere

444 3936 715 4013 egregia,
748 3938 901 3996 trias
956 3936 1067 3996 illa
1127 3939 1381 3995 Patrum
1442 3935 1810 3996 elaboravit.
1854 3934 2409 4012 Expostulantibus
2467 3935 2683 3994 amicis
2742 3935 3119 4014 respondent
3178 3954 3397 3995 omnes
3420 3934 3449 4010 ;“
3470 3943 3531 4007 et
3586 3934 3697 3996 cur
3743 3956 3843 3997 sa-

440 4015 786 4076 cerdotium
854 4016 1130 4093 fugerint
1188 4016 1429 4075 reddita
1507 4016 1770 4087 ratione,
1834 4016 2001 4093 fuga
2080 4015 2439 4093 apologiam
2523 4015 2822 4075 condunt.
2885 4019 3113 4076 Omnes
3198 4016 3479 4093 regimen
3556 4017 3847 4079 Ecclesia

437 4096 829 4173 captantium
887 4096 1217 4171 insaniam,
1254 4095 1444 4156 ofﬁcii
1502 4096 1936 4157 difﬁcultatem
1995 4100 2056 4154 et
2112 4095 2392 4173 pericula
2448 4095 2809 4155 ostendunt.
2839 4095 2973 4165 Qua
3028 4096 3306 4167 scientia,
3344 4116 3469 4175 qua
3514 4097 3842 4175 sapientia,

440 4194 566 4253 qua
622 4177 975 4255 prudentia,
1013 4196 1139 4256 qua
1197 4176 1602 4256 perfectione,
1637 4195 1763 4255 qua
1820 4175 2149 4236 sanctitate
2206 4181 2286 4256 et
2325 4180 2459 4256 arte
2518 4194 2677 4253 opus
2725 4176 2931 4256 sit,rut
2987 4176 3213 4236 anima
3272 4183 3591 4251 curentur,
3622 4196 3849 4256 regan-

445 4261 569 4322 tur.
630 4262 691 4318 et
747 4257 827 4317 ad
884 4255 1111 4317 calum
1166 4275 1360 4336 usque
1418 4256 1791 4330 evehantur,
1852 4260 2197 4336 exponunt.
2257 4255 2414 4325 Quin
2468 4255 2961 4336 et_Gregorium
3015 4262 3299 4316 nostrum
3359 4258 3593 4318 habere
3650 4255 3716 4318 se
3774 4275 3848 4318 ac

441 4336 617 4414 sequi
674 4338 1007 4415 Gregorius
1070 4334 1336 4415 magnus
1392 4337 1471 4396 ab
1528 4338 1706 4397 initio
1764 4336 1973 4397 statim
2034 4335 2176 4395 libri
2229 4336 2396 4395 tertii
2444 4334 2724 4396 declarat
2780 4335 2878 4395 his
2933 4336 3184 4396 verbis:
3226 4361 3255 4392 «
3308 4343 3377 4398 ut
3433 4339 3599 4400 enim
3657 4339 3844 4416 longe

441 4421 586 4497 ante
618 4435 729 4475 nos
760 4419 1113 4478 reverenda
1149 4416 1465 4478 memoria
1497 4417 1830 4495 Gregorius
1862 4416 2285 4476 Nazianzenus
2315 4416 2585 4497 edocuit,
2617 4435 2740 4476 non
2773 4435 2898 4476 una
2955 4417 3301 4497 eademque
3351 4420 3589 4479 cunctis
3620 4418 3845 4479 exhor-

443 4496 597 4576 tatio
647 4498 953 4575 congruit,
990 4521 1019 4553 »
1055 4504 1176 4559 etc.
1225 4498 1393 4557 Idem
1446 4506 1698 4558 sanctus
1748 4497 2048 4576 pontifex,
2084 4497 2190 4555 lib.
2226 4514 2268 4568 ι,
2304 4515 2357 4555 c.
2396 4499 2451 4569 1,
2480 4496 2949 4556 celeberrimam
2999 4497 3172 4557 illam
3230 4500 3626 4569 sententiam,
3668 4523 3697 4554 «
3730 4502 3845 4559 Ars

440 4575 675 4636 artium
706 4583 768 4637 et
797 4578 1055 4639 scientia
1087 4579 1492 4639 scientiarum
1527 4601 1554 4632 ››
1592 4584 1686 4638 est
1715 4575 2100 4637 «hominem
2134 4594 2366 4654 regere,
2408 4601 2435 4631 ι)
2470 4577 2549 4636 ab
2583 4577 2701 4637 hoc
2731 4578 3037 4654 Theologi
3084 4596 3298 4655 opere,
3335 4598 3508 4639 num.
3567 4581 3663 4651 16,
3704 4598 3841 4639 mu-

439 4663 652 4717 tuatus
682 4663 795 4718 est.
832 4660 955 4719 Nec
987 4677 1133 4719 vero
1164 4660 1498 4737 quisquam
1532 4658 1845 4718 existimet
1876 4658 2157 4734 Gregorii
2218 4657 2428 4734 magni
2458 4657 2708 4717 laudem
2742 4656 2974 4717 idcirco
3010 4658 3227 4717 minui.
3261 4660 3387 4718 Ista
3426 4660 3593 4720 enim
3625 4660 3846 4737 apolo-

438 4739 641 4816 getica
672 4738 876 4799 oratio
908 4745 1034 4799 tam
1069 4740 1367 4799 eximium
1400 4757 1558 4818 opus
1588 4745 1702 4813 est,
1739 4746 1805 4797 ut
1834 4738 2093 4815 dignum
2125 4737 2204 4797 sit
2233 4756 2305 4797 ex
2339 4756 2466 4818 quo
2514 4737 2849 4815 Gregorius
2908 4757 3173 4815 magnus
3218 4740 3417 4799 multa
3468 4739 3848 4816 excerpsisse

437 4818 746 4880 videatur.
781 4820 916 4897 lpse
947 4820 1335 4897 Augustinus
1365 4838 1441 4879 ex
1468 4819 1689 4879 eodem
1722 4819 1881 4879 libro
1914 4836 2089 4878 arma
2120 4823 2339 4878 contra
2373 4817 2738 4895 Pelagianos
2768 4819 3177 4897 deprompsit.
3202 4820 3482 4897 Denique
3513 4820 3847 4879 Facundus

436 4899 927 4973 Hermianensis,
962 4900 1261 4978 Eulogius
1293 4900 1776 4973 Alexandrinus,
1809 4898 2041 4977 aliique
2070 4899 2230 4959 bene
2262 4898 2443 4959 multi
2474 4898 2764 4959 Ecclesia
2793 4899 3009 4959 Patres
3039 4905 3100 4959 et
3145 4900 3433 4959 doctores
3491 4917 3568 4959 ex
3624 4898 3843 4960 eodem

438 4978 608 5041 fonte
639 4981 800 5041 bene
833 4980 1037 5041 multa
1068 4980 1435 5042 hauserunt.

506 5128 642 5270 (35')
674 5130 869 5188 Schol.
906 5132 967 5186 in
998 5146 1085 5187 or.
1120 5148 1181 5198 ιι,
1216 5148 1273 5187 ιι.
1310 5130 1364 5186 4.

529 5200 617 5269 36)
649 5203 945 5270 Petavius,
972 5203 1241 5270 Append.
1277 5204 1351 5259 Dc
1379 5202 1562 5258 coclea.
1597 5201 1832 5264 hieran,
1864 5201 1903 5256 1.
1947 5217 2011 5265 ιι,
2044 5217 2095 5256 c.

1120 5148 1181 5198 ιι,
1216 5148 1273 5187 ιι.
1310 5130 1364 5186 4.
2274 5128 2385 5201 (39)
2418 5128 2589 5199 Ibid.,
2622 5145 2680 5183 ιι.
2710 5129 2760 5182 li.

1120 5203 1241 5258 and.
1277 5204 1351 5259 Dc
1379 5202 1562 5258 coclea.
1597 5201 1832 5264 hieran,
1864 5201 1903 5256 1.
1947 5217 2011 5265 ιι,
2044 5217 2095 5256 c.
2276 5200 2415 5270 (39')
2448 5201 2661 5270 Petav.,
2693 5200 2760 5255 ibi

2370 5273 2391 5556 ἓ

529 5200 945 5275 36)_Petavius,
972 5203 1241 5275 Append.
1277 5204 1351 5259 Dc
1379 5202 1562 5258 coclea.
1597 5201 1832 5264 hieran,
1864 5201 1903 5256 1.
1947 5217 2011 5265 ιι,
2044 5217 2095 5256 c.
2276 5198 2859 5275 (39'f)_Petav.,_ibid.,
2890 5198 2945 5275 l._
2964 5214 3025 5268 ιι,
3057 5198 3194 5275 c._2,
3229 5216 3287 5256 ιι.
3321 5200 3372 5255 3.

453 5270 503 5337 1,
538 5287 596 5325 ιι.
626 5273 681 5326 2.
1028 5270 1085 5275 ”’

2277 5270 2652 5340 (4Ο)’Βεινθιι.,“
2676 5271 2710 5325 l.
2744 5288 2806 5340 ιι,
2838 5287 2888 5325 c.
2918 5271 2973 5338 2,
3010 5288 3066 5327 ιι.
3099 5271 3151 5337 3,

537 5342 947 5416 397lBlondel-
981 5346 1161 5416 Αροιη
1194 5362 1250 5416 p.
1283 5345 1371 5401 52.
1862 5414 1873 5416 _
2277 5342 2391 5416 (41)
2426 5344 2595 5416 Ibid.,
2629 5344 2762 5416 c.,9,
2794 5359 2851 5397 n.
2884 5342 2936 5396 4.

539 5411 879 5487 37);Bever.,
913 5411 1041 5473 Cod:
1079 5411 1211 5473 Corn:
1248 5416 1389 5472 Eccl.
1418 5418 1587 5487 prim.
1636 5416 1810 5487 vind.,
1861 5414 1899 5470 1.
1949 5433 2009 5481 ιι,
2043 5430 2094 5470 c.
2275 5411 2386 5487 (42)
2421 5415 2651 5486 Epiph.,
2674 5413 2825 5487 har.
2863 5430 3004 5487 Lxxv
3028 5414 3242 5487 ;#Aug.,
3275 5411 3414 5487 har.
3448 5412 3566 5487 alii.

449 5484 503 5553 3.
528 5481 719 5559 9:13;
866 5481 874 5484 ’
1418 5481 1433 5487 ’
1796 5481 1807 5487 ⁷

2210 5552 2227 5559 _
2267 5481 2386 5559 (43)
2434 5481 2602 5559 Hem.
2747 5488 2807 5559 ἱγξ
2853 5484 2990 5559 Lati
3047 5481 3219 5559 Timr:
3256 5483 3351 5559 Keil
3410 5482 3513 5559 γὰρ
3570 5483 3659 5559 uati
3708 5481 3850 5559 αἰτρῖ

541 5556 907 5631 ξξῖέλΡβζιινη
939 5559 1105 5628 ibid.,
1138 5576 1185 5615 c.
1219 5561 1274 5629 6,
1308 5576 1365 5613 ιι.
1399 5559 1452 5614 3.

2210 5552 2556 5631 βιδαςιιιαλίαν
2602 5554 2732 5611 εἰσὶν
2783 5552 3196 5630 ἀναδεδεγμένοι
3241 5555 3331 5611 καὶ
3377 5552 3703 5631 προέιτασίαν
3752 5556 3850 5621 τῆς

549 5624 649 5700 3a)
672 5628 839 5699 Ibid.,
874 5624 923 5685 ο.
960 5633 1007 5699 1,
1044 5624 1099 5685 n;
1132 5632 1186 5687 2.
1262 5624 1270 5629 '

911 5673 923 5685 .
960 5633 1007 5699 1,
1044 5624 1099 5685 τι.
1132 5632 1186 5687 2.
1262 5624 1270 5629 ⁷
2204 5624 2551 5700 Ἐκκλησίας.

545 5700 664 5772 38')
694 5700 913 5776 Bever.,
948 5702 1115 5776 ibid.,
1145 5702 1186 5759 1.
1219 5718 1282 5775 ιι,
1316 5718 1365 5758 c.
1397 5703 1452 5771 9,
1485 5719 1543 5757 ιι.
1572 5702 1607 5758 2
1635 5704 1693 5758 et
1720 5704 1774 5758 4.
