4152 6286
441 453 564 516 109

1566 457 1862 522 ORATIO
1904 458 1985 519 II.
2015 489 2095 503 —
2126 456 2697 520 APOLOGETICA.

3744 454 3865 517 MO

523 584 599 642 B'.
636 584 737 640 Καὶ
762 582 855 640 ’ίνα
892 607 952 663 γε
996 588 1113 642 καθ’
1143 585 1267 643 ὁδὸν
1301 588 1329 644 6
1360 586 1526 663 λόγος
1573 590 1708 662 ἡμῖν
1762 586 1947 665 προΐῃ,
1980 608 2078 665 περ

2290 588 2391 645 12
2418 587 2486 643 ll.
2520 591 2712 660 Atque
2747 590 2812 644 ut
2841 590 2997 643 recta
3024 586 3119 643 via
3147 585 3330 643 oratio
3380 589 3580 644 nostra
3634 601 3866 661 progre-

448 680 548 745 τῆς
579 672 788 737 δειλίας
820 675 1087 753 προτέρας
1120 673 1286 749 οὔσης
1325 676 1415 733 καί
1470 675 1809 751 διαλέξομαι·
1842 674 1969 733 οὐδὲ
2004 677 2081 754 γὰι

2217 678 2431 747 diatur,
2464 678 2536 733 de
2598 676 2931 744 timiditate,
2988 692 3114 748 qua
3177 676 3336 749 prior
3392 676 3630 743 exstitit,
3672 678 3864 749 priore

447 762 715 840 ἀνέχομαι
766 762 1100 835 πλήττεσθαί
1144 787 1289 829 τινας
1341 770 1393 822 έν
1443 765 1569 839 ἐμοὶ
1633 770 1741 821 τῶν
1794 768 1968 822 πάντα
2005 788 2103 837 τη-

446 854 685 927 ρούντων
720 852 999 927 ἐπιμελῶς
1030 855 1097 911 τὰ
1143 857 1403 929 ἡμέτερα,
1438 856 1494 911 εὗ
1536 877 1595 912 τε
1642 857 1733 911 καὶ
1783 857 1860 919 ὡς
1903 857 2100 931 έτέρως

448 940 473 963 ν
651 963 663 976 ο
1041 945 1053 959 1
1199 945 1211 965 ν
1328 951 1354 961 Α·
1906 950 1929 961 υ
2044 945 2056 964 ἳ

445 963 645 1018 εχοντα
698 941 887 1013 ἐπειδή
919 964 972 998 τι
1002 965 1063 998 το
1094 947 1193 999 καθ
1240 948 1388 1017 ἡμας
1438 946 1567 1000 εἶναι
1617 951 1957 1021 Χριστιανοις
2008 966 2098 999 ευ-

449 1029 675 1102 δόκησεν
895 1034 923 1086 6
966 1034 1119 1105 Θεὸς,
1149 1034 1238 1088 καὶ
1284 1032 1413 1096 τοὺς
1459 1032 1566 1103 ἤδη
1618 1033 1990 1110 πεπληγότας,
2018 1030 2098 1087 εἷ’-

444 1141 546 1195 περ
571 1120 711 1182 τινὲς
744 1119 867 1189 εἰσὶ,
903 1118 991 1175 διὰ
1017 1124 1115 1191 τῆς
1144 1120 1446 1197 ἀπολογίας
1502 1122 1743 1195 ἶάσομαν
1777 1122 1945 1179 καλὸν
1993 1122 2096 1197 γὰρ

452 1211 592 1283 μήτε
640 1208 1039 1285 ἁμαρτάνοντα,
1074 1212 1213 1283 μήτε
1271 1212 1698 1285 ὑπονοούμενον,
1727 1209 1831 1274 ἕως
1882 1210 1939 1266 ἂν
1988 1210 2099 1266 οἷόν

448 1318 507 1353 τε
535 1298 593 1373 ᾖ,
626 1298 714 1353 καὶ
745 1300 773 1353 6
809 1297 977 1374 λόγος
1025 1301 1153 1375 αἱρῇ
1185 1303 1319 1374 (57),
1349 1301 1552 1356 τιθέναι
1602 1300 1936 1376 πρόσκομμα
1982 1306 2098 1362 τοῖς

451 1385 687 1450 πολλοῖς
719 1388 754 1456 ἢ
784 1385 1103 1443 σκάνδαλον’
1138 1387 1285 1464 εἷίπερ
1316 1390 1406 1444 καὶ
1437 1396 1553 1452 τοῖς
1595 1386 1690 1445 ἕνα
1733 1394 1841 1444 τῶν
1891 1410 2099 1461 μικρων

448 1473 863 1531 σκανδαλίσασιν
910 1474 1066 1549 ἴσμεν
1116 1476 1266 1540 ὅπως
1314 1478 1686 1554 ἀπαραίτητος
1730 1478 1821 1533 καὶ
1874 1477 2100 1554 βαρυτά-

444 1586 512 1634 τη
554 1566 701 1641 παρὰ
727 1569 825 1621 τοῦ
856 1564 1120 1639 ἀψευδοῦς
1149 1569 1183 1637 ἠ
1210 1568 1471 1643 τιμωρία.

2215 783 2447 840 quoque
2476 767 2601 823 loco
2631 767 2939 823 disseram.
2973 766 3167 837 Neque
3222 766 3379 821 enim
3436 766 3586 821 ferre
3618 782 3859 837 possum

2210 858 2527 915 nonnullos
2561 874 2629 914 ex
2661 858 2758 926 iis,
2792 858 2891 929 qui
2923 874 3015 913 res
3046 860 3298 921 nostras,
3331 861 3447 912 tam
3482 861 3655 921 recte,
3684 873 3859 927 quam

2210 963 2383 1003 socus
2410 964 2472 1003 se
2496 947 2798 1012 habentes,
2829 946 3035 1002 sedulo
3067 945 3390 1018 explorant,
3416 946 3475 1000 in
3497 962 3590 1000 me
3622 946 3856 1012 oli‘endi,

2210 1036 2683 1109 quandoquidem
2717 1036 2884 1091 nobis
2915 1034 3167 1107 benigna
3193 1035 3287 1091 Dei
3312 1035 3609 1090 voluntate
3630 1034 3853 1105 aliquid

2209 1126 2365 1197 apud
2396 1125 2757 1180 Christianos
2787 1141 2915 1179 esse
2943 1125 3222 1197 contigit;
3256 1128 3313 1179 et
3342 1124 3434 1190 iis,
3468 1124 3567 1195 qui
3601 1124 3718 1194 jam
3750 1140 3854 1179 vu-

2208 1213 2343 1269 lnus
2376 1217 2745 1285 acceperunt,
2779 1213 2828 1268 si
2861 1214 2961 1283 qui
2993 1217 3148 1279 sunt,
3175 1212 3308 1268 facti
3350 1212 3463 1267 mei
3519 1212 3856 1268 defensione

2209 1303 2504 1359 medebor.
2538 1301 2856 1357 Pulchrum
2888 1306 2977 1357 est
3005 1302 3182 1368 enim,
3218 1318 3322 1358 nec
3378 1302 3692 1373 peccando,
3752 1317 3855 1357 nec

2207 1392 2605 1464 suspicionem
2629 1391 2956 1459 subeundo,
2973 1390 3234 1461 quandiu
3254 1391 3376 1447 fieri
3401 1394 3611 1462 potest,
3627 1407 3692 1445 ac
3709 1391 3855 1446 ratio

2209 1480 2374 1547 sinit,
2406 1479 2822 1535 oﬂ‘endiculum
2855 1484 2956 1534 aut
2986 1479 3330 1535 scandalum
3365 1478 3567 1534 multis
3597 1495 3809 1551 ponere
3841 1496 3853 1535 :

2207 1570 2424 1641 quippe
2452 1585 2583 1624 cum
2620 1568 2693 1624 iis
2723 1569 2922 1636 etiam,
2960 1570 3059 1640 qui
3088 1585 3263 1623 unum
3319 1584 3389 1623 ea:
3432 1568 3651 1639 pusillis
3686 1569 3857 1639 θηρη-

444 1656 625 1711 derint
655 1656 719 1724 ²⁸,
752 1662 930 1727 quam
962 1664 1136 1728 certa,
1170 1674 1462 1730 quamque
1494 1663 1656 1715 atrox
1687 1663 1743 1714 et
1774 1660 2002 1726 acerba,
2035 1660 2108 1715 ab
2139 1674 2204 1716 eo
2235 1659 2335 1731 qui
2367 1658 2601 1715 mentiri
2632 1659 2838 1727 nescit,
2867 1674 3039 1730 pcena
3069 1657 3386 1714 constituta
3415 1656 3515 1726 sit,
3547 1673 3662 1712 non
3689 1658 3852 1729 igno-

453 1760 672 1800 remus.

518 1833 590 1887 Γ’.
626 1832 765 1908 Ἐγὼ
821 1835 925 1909 γὰρ
984 1830 1183 1889 ἔπαθον
1240 1839 1423 1905 τοῦτο,
1484 1838 1529 1891 ὦ
1576 1834 1787 1912 ἄνδρες,
1843 1832 1968 1891 οὔτε
2020 1836 2081 1891 ὡς

2277 1838 2375 1892 Ill.
2406 1837 2543 1893 Mihi
2585 1836 2901 1908 siquidem,
2934 1852 2967 1893 ο
2997 1836 3127 1907 viri,
3160 1852 3274 1892 non
3334 1838 3401 1891 ut
3457 1834 3735 1908 imperito
3801 1838 3857 1890 et

446 1918 771 1983 ἀπαίδευτος
818 1921 906 1976 καὶ
955 1923 1204 1985 ἀσύνετος
1236 1926 1371 1997 (58),
1410 1923 1559 1979 ἀλλὰ
1614 1923 1846 1998 μᾶλλον,
1873 1923 1966 1979 ’ίνα
2007 1924 2098 1979 καὶ

446 2008 638 2084 μικρόν
669 2031 720 2063 τι
753 2012 1123 2087 καυχήσωμαι
1162 2014 1295 2085 (59),
1333 2014 1457 2067 οὑτι
1504 2014 1580 2076 ὡς
1632 2014 1940 2089 ὑπερόπτης
1986 2017 2092 2068 τῶν

446 2094 604 2152 θείων
631 2097 816 2170 νόμων
849 2098 938 2154 καὶ
988 2097 1298 2170 διατάξεων.
1332 2103 1456 2158 ’Ότι
1502 2102 1736 2179 καθάπερ
1788 2102 1839 2158 ἰν
1882 2102 2092 2175 σώματι

440 2187 505 2239 τὸ
539 2185 633 2257 μέν
664 2207 719 2241 τι
751 2189 862 2259 (60)
910 2185 1080 2263 ἄρχον
1136 2188 1247 2243 ἐστὶ
1296 2189 1385 2243 καὶ
1437 2192 1550 2244 οἷον
1600 2190 2090 2266 προκαθεζόμενον,

438 2273 502 2328 τὸ
535 2271 592 2329 δὲ
622 2274 930 2350 ἀρχόμενον
963 2275 1051 2331 καὶ
1080 2277 1374 2351 ἀγόμενον·
1411 2278 1554 2334 οὕτω
1583 2280 1679 2335 κάν
1709 2286 1829 2342 ταῖς
1860 2278 2092 2350 Ἐκκλη-

441 2362 581 2426 σίαις
612 2360 841 2433 διέταξεν
876 2365 903 2419 ὁ
935 2366 1062 2428 Θεὸς
1098 2365 1350 2437 ἰσότητος
1392 2367 1549 2441 νόμῳ
1594 2375 1695 2438 τῆς
1745 2368 1983 2445 ἐχούσης
2027 2371 2089 2425 τὸ

437 2452 555 2506 κατ’
610 2451 761 2522 ἀξίαν
819 2455 955 2527 (61),
988 2456 1023 2523 ἢ
1084 2454 1173 2509 καὶ
1228 2456 1509 2532 προνοίας,
1541 2456 1578 2531 ᾖ
1630 2460 1743 2531 (62)
1797 2458 1863 2513 τὰ
1917 2457 2090 2513 πάντα

438 2537 695 2611 συνέδησε
750 2543 884 2612 (63),
926 2540 1057 2605 τοὺς
1111 2543 1206 2616 μὶν
1258 2543 1637 2617 ποιμαίνεσθαί
1683 2568 1741 2602 τε
1786 2547 1876 2601 καὶ
1928 2548 2089 2624 ἄρχε-

438 2631 556 2684 σθαι
587 2631 723 2703 (64),
757 2628 907 2693 ὅσοις
953 2634 1114 2686 τοῦτο
1164 2630 1627 2709 λυσιτελέστερον,
1657 2636 1746 2690 καὶ
1795 2635 1950 2711 λόγῳ
1996 2636 2085 2692 καὶ

436 2714 577 2793 ἕγρῳ
607 2719 743 2795 πρὸς
768 2718 831 2774 τὸ
864 2716 982 2775 δέον
1019 2720 1367 2793 ἷθυνομένους
1556 2722 1683 2787 τοὺς
1715 2722 1773 2779 δὲ
1802 2725 1937 2781 εἶναι
1964 2746 2087 2781 ποι-

440 2807 600 2878 μένας
622 2806 711 2861 καὶ
746 2804 1144 2881 διδασκάλους,
1163 2811 1299 2885 πρὸς
1323 2811 1414 2866 τὸν
1446 2813 1806 2887 καταρτισμὸν
1837 2821 1939 2883 τῆς
1970 2815 2085 2870 Ἐκ-

434 2892 685 2968 κλησίας,
720 2895 837 2951 ὅσοι
862 2901 970 2951 τῶν
1002 2896 1231 2954 πολλῶν
1266 2899 1397 2954 εἰσιν
1443 2900 1692 2977 ἀνωτέρω
1740 2904 1854 2956 κατ’
1886 2903 2080 2979 ἀρετὴν

436 2983 525 3038 καὶ
572 2986 670 3052 τὴν
716 2985 851 3059 πρὸς
901 2987 991 3040 τὸν
1040 2987 1166 3042 Θεὸν
1220 2987 1487 3043 οἷκείωσιν
1519 2992 1656 3064 (66),
1689 2988 1850 3066 λόγον
1896 2996 2083 3067 ψυχῆς

438 3071 575 3145 πρὸς
634 3077 810 3146 σῶμα,
855 3075 889 3144 ἢ
938 3081 1030 3130 νοῦ
1079 3077 1215 3148 πρὸς
1270 3081 1453 3154 ψυχὴν
1509 3078 1804 3156 ἐπέχοντας
1852 3080 2081 3155 (67)·τίν⁹

2206 1925 2528 1997 insipienti,
2560 1926 2678 1981 imo
2711 1931 2775 1981 ut
2804 1924 3072 1981 nonnihil
3103 1924 3340 1996 glorier,
3384 1929 3583 1981 contra
3639 1924 3849 1995 magis,

2205 2030 2311 2071 nec
2342 2020 2407 2071 ut
2436 2014 2767 2070 divinarum
2798 2014 2993 2086 legum
3011 2019 3069 2070 et
3091 2014 3576 2070 constitutionum
3599 2018 3854 2069 contem-

2203 2105 2356 2176 ptori
2387 2105 2494 2161 hoc
2524 2104 2753 2161 accidit.
2791 2104 2938 2162 Nam
2969 2104 3471 2175 quemadmodum
3501 2103 3561 2158 in
3612 2119 3851 2173 corpore

2202 2192 2357 2247 aliud
2389 2193 2782 2265 principatum
2810 2195 2987 2259 tenet,
3021 2208 3087 2247 ac
3142 2190 3300 2246 velut
3356 2191 3645 2263 praesidet,
3688 2190 3846 2246 aliud

2202 2281 2404 2337 subest
2432 2286 2489 2337 et
2517 2282 2740 2353 regitur
2765 2281 2810 2317 ²⁶
2840 2298 2853 2337 :
2886 2281 2958 2336 ad
2992 2280 3264 2336 eumdem
3315 2296 3549 2352 quoque
3606 2280 3846 2335 modum

2200 2371 2376 2438 Deus,
2407 2371 2496 2426 vel
2526 2370 2822 2442 aequitatis
2851 2369 2995 2441 lege,
3047 2386 3174 2441 qua;
3232 2369 3508 2425 meritum
3564 2370 3846 2439 cujusque

2199 2460 2525 2533 perpendit,
2557 2459 2647 2515 vel
2677 2459 2851 2514 etiam
2885 2458 3280 2530 providentiae,
3304 2474 3408 2530 per
3436 2474 3612 2529 quam
3646 2458 3845 2512 omnia

2196 2548 2349 2605 inter
2360 2548 2589 2605 sevelut
2601 2547 2990 2617 devinxit,hoo
3008 2548 3065 2602 in
3078 2546 3351 2603 Ecclesiis
3364 2546 3846 2617 constituit(26*),

2196 2641 2262 2694 ut
2291 2638 2389 2694 alii
2415 2642 2733 2710 pascantur
2756 2641 2813 2693 et
2869 2641 3113 2708 pareant
3170 2636 3410 2708 (quibus
3467 2634 3734 2691 videlicet
3783 2634 3839 2690 id

2194 2727 2402 2783 utilius
2432 2727 2644 2799 εει),οο
2663 2730 2791 2781 tum
2817 2741 3106 2793 sermone,
3129 2729 3255 2780 tum
3275 2725 3553 2797 opere,ad
3580 2724 3841 2780 ofﬁcium

2194 2817 2559 2889 dirigantur:
2603 2815 2699 2870 alii
2758 2821 2952 2870 autem
3011 2816 3081 2870 ad
3142 2815 3392 2870 Ecclesia
3448 2815 3840 2885 perfectionem

2187 2913 2434 2978 pastores
2463 2921 2527 2960 ac
2558 2906 2811 2973 magistri
2840 2908 2954 2959 sint
2976 2905 3041 2971 ³⁷,
3102 2904 3384 2958 nimirum
3443 2903 3543 2974 qui
3600 2903 3837 2969 virtute,

2193 2994 2711 3064 conjunctioneque
2742 2997 2799 3048 et
2828 2992 3228 3048 familiaritate
3256 2993 3409 3062 apud
3443 2992 3647 3058 Deum,
3670 2990 3839 3061 vulgo

2192 3081 2567 3138 sublimiores
2598 3084 2755 3147 sunt,
2788 3082 3068 3136 rationem
3100 3080 3313 3135 animm
3345 3081 3415 3134 ad
3470 3095 3702 3151 corpus,
3738 3083 3840 3134 aut

438 3158 720 3271 ἀμιρότερα
777 3164 1080 3269 συντεθέντα
1138 3164 1412 3238 ἀλλήλοις
1469 3169 1558 3223 καὶ
1602 3172 1979 3247 συγκραθέντα,
2017 3170 2081 3227 τό

2198 3172 2409 3226 mentis
2438 3171 2509 3225 ad
2543 3171 2800 3225 animam
2832 3170 3191 3236 obtinentes;
3213 3173 3278 3225 ut
3308 3168 3429 3224 haec
3459 3169 3595 3239 duo,
3619 3167 3729 3224 hoc
3750 3172 3841 3223 est

435 3269 494 3304 τε
528 3249 777 3323 ὑστερῶν
807 3253 895 3306 καὶ
941 3253 1004 3309 τὰ
1052 3253 1375 3327 πλεονάζον,
1418 3256 1597 3333 ὥσπερ
1645 3259 1697 3313 έν
1753 3258 1962 3332 μέλεσι,
1992 3261 2081 3316 καὶ

2198 3264 2251 3315 et
2278 3259 2358 3327 id,
2394 3259 2546 3331 quod
2580 3258 2796 3325 deficit,
2828 3265 2884 3314 et
2914 3258 2968 3313 id
3004 3258 3159 3329 quod
3214 3257 3523 3326 redundat,
3555 3257 3707 3312 inter
3752 3274 3837 3323 se,

429 3341 499 3411 τῇ
533 3338 769 3413 ἁρμονίᾳ
803 3345 899 3396 τοῦ
924 3344 1232 3417 πνεύματος
1283 3342 1715 3420 συμϐιϐασθέντα
1760 3349 1849 3404 καὶ
1898 3349 2084 3406 συνδε-

428 3426 584 3482 θέντα
639 3427 691 3483 ἓν
751 3427 933 3506 ἄρτιον
994 3431 1302 3511 ἀποδειχθῇ
1361 3438 1473 3510 (68)
1528 3441 1709 3513 σῶμα,
1767 3439 1856 3494 καὶ
1918 3438 2082 3495 αὐτοῦ

428 3521 666 3589 Χριστοῦ
695 3525 797 3589 τῆς
825 3519 1071 3599 κεφαλῆς
1100 3524 1261 3597 ἡμῶν
1294 3519 1464 3588 ὅντως
1487 3523 1652 3599 ἄξιον.

500 3790 568 3841 Δ’.
604 3781 742 3843 Οὔτε
773 3784 866 3841 οὖν
898 3793 1017 3850 τοῖς
1049 3786 1243 3853 ἄλλοις
1272 3791 1535 3868 ἀναρχίαν
1583 3792 1673 3847 καὶ
1724 3794 1934 3865 ἀταξίαν
1978 3794 2080 3851 λυ-

428 3875 792 3950 σιτελεστέραν
827 3874 949 3931 οἶδα
979 3877 1180 3948 τάξεως
1209 3879 1298 3933 καὶ
1331 3881 1532 3956 ἀρχῆς,
1567 3877 1689 3937 οὕτε
1744 3882 2075 3956 ἀνθρώποις·

430 3958 575 4015 ἀλλὰ
612 3964 829 4026 τούτοις
877 3964 967 4020 καὶ
1017 3967 1231 4022 πάντων
1284 3968 1393 4043 οὐχ
1438 3966 1634 4039 ἥκιστα
1663 3972 1796 4044 (69),
1830 3971 1940 4044 ὅσῳ
1988 3970 2077 4026 καὶ

2191 3347 2351 3404 velut
2377 3349 2435 3403 in
2468 3348 2771 3415 membris,
2803 3346 3127 3419 composita
3146 3351 3203 3403 et
3226 3350 3548 3418 compacta,
3572 3346 3841 3419 spiritus-

2192 3453 2306 3509 que
2335 3454 2615 3510 compage
2643 3453 2903 3493 connexa
2932 3440 2988 3492 et
3019 3435 3292 3509 colligata
3322 3436 3387 3508 ³⁸,
3412 3452 3595 3491 unum
3627 3452 3839 3507 corpus

2192 3527 2259 3598 '9,
2291 3528 2449 3583 omni
2482 3544 2551 3583 ex
2582 3531 2745 3598 parte
2776 3526 3120 3599 perfectum,
3170 3530 3346 3597 atque
3402 3525 3531 3597 ipso
3586 3524 3835 3593 Christo,

2190 3618 2292 3688 qui
2321 3620 2496 3689 caput
2524 3620 2789 3672 nostrum
2821 3620 2909 3671 est
2947 3616 3013 3684 ³⁰,
3060 3614 3301 3671 omnino
3357 3614 3604 3686 dignum
3662 3615 3839 3671 exsis-

2190 3707 2341 3761 tant.

2260 3797 2357 3848 IV.
2383 3795 2771 3862 Quamobrem
2806 3809 2911 3848 nec
2940 3791 3072 3848 aliis
3100 3790 3351 3847 solutam
3383 3794 3557 3863 atque
3586 3791 3833 3846 effrena-

2189 3888 2308 3939 tam
2340 3883 2634 3939 licentiam
2666 3888 2722 3938 et
2754 3881 3159 3937 confusionem
3193 3880 3395 3935 ordine
3418 3896 3483 3935 ac
3506 3880 3836 3951 principatu

2187 3971 2705 4028 conducibiliorem
2736 3986 2864 4027 esse
2897 3986 3127 4034 censeo,
3159 3985 3264 4025 nec
3294 3968 3439 4040 ipsis
3472 3968 3833 4035 hominibus,

494 4086 539 4121 ’°
565 4088 773 4144 Matth.
805 4097 966 4158 xvm,
997 4091 1052 4146 6.
1130 4092 1203 4128 ²⁶¹’
1233 4093 1256 4147 Ι
1283 4093 1409 4149 Cor.
1441 4111 1543 4167 xu,
1578 4094 1664 4151 42.
1741 4096 1784 4131 ³⁷
1816 4095 2023 4168 Ephes.
2060 4102 2074 4151 ι

2206 4096 2255 4151 1.
2332 4096 2376 4130 ’⁸
2408 4095 2552 4151 ibid.
2590 4096 2674 4150 16.
2752 4094 2799 4129 ³⁸
2832 4095 2853 4149 Ι
2882 4094 3010 4149 Cor.
3033 4109 3133 4160 xu,
3156 4092 3245 4147 20.
3325 4091 3371 4128 ³ο
3400 4091 3615 4164 Ephes.
3638 4108 3716 4163 ιν,
3739 4093 3831 4147 15.

518 4226 609 4298 56)
642 4224 971 4298 Εὐδόκησεν.
1005 4231 1204 4287 Camb.
1240 4228 1567 4299 ηὐδόκησεν.

518 4226 609 4298 56)
642 4226 971 4298 Εὐδόκησεν.
1005 4231 1204 4287 Camb.
1240 4228 1415 4299 ηὐδόκ
1458 4254 1567 4290 σεν.

496 4226 784 4379 Αἰρῇ
840 4302 1075 4359 Codices
1099 4304 1366 4379 nonnulli
1397 4253 1543 4379 039p,
1575 4306 1685 4379 sed
1711 4307 1980 4363 meliores
2013 4312 2077 4363 ut

498 4324 784 4424 (63-εφη]
840 4324 1075 4359 uoulces
1102 4324 1366 4360 nonnum
1397 4324 1452 4358 αι
1488 4326 1543 4378 ῃ,
1575 4324 1673 4362 seu
1711 4324 1980 4363 meliores
2013 4324 2077 4363 ιη

425 4368 565 4492 sali?
612 4386 806 4427 Imus:
843 4395 870 4423 ‹‹
905 4390 972 4430 ac
1002 4375 1149 4431 ratio
1178 4376 1341 4433 sinit.
1378 4398 1407 4427 »
1438 4324 1532 4434 ἕίο
1559 4378 1766 4435 Billius
1796 4380 1850 4433 in
1887 4379 2078 4450 prima

495 4509 606 4578 (58)
638 4511 742 4565 Καὶ
775 4512 1049 4576 ἀσύνετος.
1085 4518 1309 4574 Desunt
1337 4518 1396 4574 in
1427 4519 1545 4575 Jes.
1581 4523 1638 4575 et
1670 4520 1728 4575 in
1762 4536 1859 4577 sex
1890 4521 2047 4577 Colb.

422 4580 614 4665 ged‘in
646 4582 785 4665 aliis
809 4585 1074 4665 pluribus
1106 4590 1338 4665 optimas
1370 4595 1691 4665 not_a3,rtum
1726 4593 1921 4665 Regiis
1943 4563 2073 4648 tum,
2103 4569 2151 4634 D

421 4648 905 4733 Colb.le_guntur_;
926 4663 1002 4733 et,
1032 4648 1185 4733 quod
1205 4648 1558 4733 est‘maxim'i
1585 4648 1884 4730 momenti,
1898 4664 1955 4719 in
1975 4667 2075 4720 Ba-

418 4723 571 4812 silio.
604 4723 751 4812 Ηρὸς
778 4726 841 4812 τὸ
872 4723 1124 4812 [οὕτεὶῷς
1158 4728 1477 4812 ἀπαίδευτος
1522 4733 1612 4787 καὶ
1662 4723 1931 4812 ἀσύνετός]
1964 4732 2072 4812 ἔδει

412 4792 734 4878 ἀκολοιῦθως
755 4792 1125 4878 εἰπεῖν-,μάλλὰ
1158 4792 1485 4874 μᾶλλον,ὡς
1518 4792 1945 4878 πεπαιδευμένόξ
1976 4806 2066 4861 καὶ

414 4866 653 4928 συνετός.
696 4892 718 4921 ε
752 4872 889 4928 Post
920 4866 1086 4951 illud,
1124 4866 1291 4951 {non
1322 4866 1392 4951 ut
1414 4866 1676 4949 imperito
1700 4884 1753 4935 et
1780 4866 2069 4951 insipienti

414 4960 449 5024 ε(¹
468 4955 843 5024 consequens
859 4950 1085 5024 _eratAut
1115 4947 1350 5015 diceret,
1368 4947 1502 5024 imo:
1516 4953 1580 5005 ut
1599 4947 1913 5024 admodum
1935 4968 2065 5024 per-

415 5014 491 5061 ito
524 5029 591 5066 ac
622 5014 894 5094 sapienti.
931 5038 959 5065 ››
993 5018 1117 5082 Qua
1214 5024 1407 5091 ropter
1453 5020 1536 5077 sic
1584 5014 1953 5093 vertendum;
2001 5028 2065 5079 ut

415 5079 675 5144 Gregorii
710 5087 1021 5143 reticentia
1044 5036 1435 5144 inteﬁizatur:
1489 5114 1517 5142 ‹‹
1571 5093 1688 5144 imo
1727 5111 1881 5144 vero.
1914 5099 1980 5144 ut.
2009 5099 2065 5144 et

414 5079 1435 5161 Gregoriiireticentia'intelligatur:
1489 5114 1517 5142 ‹‹
1571 5093 1688 5148 imo
1727 5111 1882 5156 vero.
1914 5079 1980 5149 ιίι
2009 5099 2067 5149 et

414 5156 851 5237 egg‘modicum
1062 5156 1294 5233 glorier,
1327 5166 1530 5237 contra
1561 5165 1749 5237 magis
1776 5191 1790 5233 ;
1838 5187 1865 5215 ››
1921 5162 2067 5219 ἀλλὰ

419 5217 847 5304 μῖιλλονηᾳυοᾴ
884 5217 1093 5287 [ξίΙΙὶυξ
1116 5217 1505 5304 praetermisit.

414 5294 600 5413 colligi
657 5294 1057 5373 καυχήσωμαι.
1116 5294 1263 5376 lies,
1321 5307 1481 5362 Pass.
1539 5306 1596 5361 in
1675 5308 1765 5363 ed.
1835 5307 2060 5382 Καυχή-

449 5382 600 5433 ομαμ

483 5438 595 5523 (βο)
624 5437 921 5523 Τὸ-ιέιὲνπι.
961 5466 981 5493 α
1017 5444 1189 5523 Aliud
1224 5447 1542 5523 quoddam.
1582 5471 1608 5498 ››
1642 5449 1859 5517 Ruﬁn,
1904 5449 2060 5517 Bill.,

411 5506 648 5592 flabra-
673 5506 831 5592 al‘iud
866 5517 1198 5592 membrum
1224 5506 1259 5568 ›ἷ
1268 5520 1748 5592 interpretantur,
1774 5506 1887 5576 no'n
1912 5506 2063 5577 recte

411 5578 715 5667 §iqujdem
750 5583 1067 5667 Gregorius
1095 5589 1190 5667 his
1219 5578 1441 5659 verbis:
1462 5591 1523 5667 τὸ
1582 5591 1701 5667 μὲν-
1735 5578 1871 5667 τιμε
1903 5594 2059 5650 aliud

409 5653 707 5738 quoddam
740 5653 1134 5738 principatum
1159 5666 1381 5738 tenet,»
1396 5653 1655 5738 animam
1689 5653 2063 5738 intelligit,ut

406 5736 475 5810 ex
507 5727 893 5810 sequentibus
910 5727 1292 5810 manifestum
1315 5727 1430 5791 est:
1454 5734 1664 5808 «vulgo
1689 5727 2061 5810 sublimiores

404 5800 560 5867 Iunt,
595 5801 887 5859 rationem
920 5804 1131 5862 animm
1160 5806 1231 5862 ad
1256 5822 1485 5878 corpus,
1503 5800 1827 5866 aut'mentis
1849 5809 1920 5865 ad
1945 5810 2065 5866 ani-

2186 4252 2345 4292 mam
2372 4235 2726 4301 obtinentes,
2758 4255 2787 4285 »
2821 4238 2932 4289 etc.

2254 4308 2506 4389 (6|_)_TF,5_
2536 4304 2774 4389 ἐχούσης
2804 4305 2866 4358 τὸ
2891 4305 3009 4389 κατ’
3036 4301 3208 4389 ἀξίαν,
3242 4327 3269 4354 ‹‹
3298 4320 3424 4376 qua:
3459 4303 3837 4374 uniuscujug-

2185 4376 2300 4451 que
2328 4376 2633 4470 dignitatis
2666 4376 2949 4433 rationem
2982 4376 3176 4431 habet.
3208 4397 3237 4425 »

2257 4451 2365 4470 Inn\
2419 4454 2461 4470 η
2515 4449 2686 4470 η--,ι.
2754 4447 2780 4470 ﬂ
2832 4450 2941 4470 Π-..
2999 4446 3117 4470 Π-.Α

2253 4451 2367 4589 (62)
2392 4446 2480 4518 ᾝ.
2515 4449 2716 4515 Comb,
2748 4447 2804 4517 ἥ.
2832 4450 2963 4505 Bas.
2996 4446 3138 4515 ἥτις.

2253 4523 2344 4589 (63
2399 4517 2681 4588 Συνέδῃσε.
2712 4521 2832 4577 Jes.
2867 4525 2923 4576 et
2946 4521 3109 4577 Pass.

2252 4513 2367 4590 (63)
2399 4513 2681 4588 Συνέδῃσε.
2703 4513 2832 4577 Ἰόε.
2867 4525 2923 4576 et
2946 4513 3109 4590 Pass.
3139 4513 3447 4588 συνέδησεν.

2254 4589 2365 4668 (64)
2398 4593 2716 4668 ᾊρχεσθαι.
2752 4593 2977 4668 Reg.__l,
3009 4589 3245 4668 ἄγεσθαι.

2229 4659 2368 4789 ἑ(65)
2396 4659 2789 4736 Ἰθυνὀμένους.
2824 4659 2983 4720 Colb.
3028 4659 3109 4729 m,
3162 4663 3223 4718 in
3281 4662 3545 4735 margine
3576 4659 3826 4715 εὐθυνου-

2256 4755 2398 4789 νους.

2256 4755 2398 4797 νους.

2186 4756 2688 4880 μεέὣςδὶκείωσιν.
2722 4806 2980 4863 Combef.
3017 4803 3347 4875 οἰκειότητα,
3382 4810 3438 4860 et
3466 4805 3635 4860 vertit
3667 4826 3695 4856 α
3729 4822 3826 4860 ne-

2176 4879 2552 4936 cessitudine.
2592 4899 2620 4929 »

2246 4952 2359 5024 (r67)
2391 4948 2741 5024 Έπέχοντας.
2774 4949 2869 5024 Sic
2900 4950 3085 5024 Pas_s._
3123 4952 3179 5024 e_t
3237 4947 3497 5024 qui-nque
3553 4946 3824 5013 Colbert.,

2176 5016 2272 5096 alii
2307 5016 2615 5096 ἐπέχοντες.
2654 5022 2829 5096 Breve
2862 5022 2917 5075 in
2950 5020 3123 5096 editis
3149 5016 3499 5096 ἐπεσχρντας.

2268 5096 2360 5160 68)
2390 5086 2748 5166 ’Ᾰποδειχθῇ
2789 5094 2926 5166 Reg.
2962 5110 3008 5158 r,
3041 5086 3454 5166 ἀποδειχθῆναι,

2268 5159 2505 5238 69),Οῷχ
2784 5164 2841 5217 Id
2874 5159 3011 5238 'est,
3070 5159 3382 5231 interprete
3443 5159 3673 5238 Basilio,
3722 5161 3823 5238 μά-

2175 5232 2343 5290 λιστα
2363 5233 2408 5290 δ’
2442 5232 2919 5308 ἐν’ἀνθρώποις,η‹
2953 5234 3298 5308 ἱξηοηςυοῐι]
3333 5234 3584 5308 maxime
3635 5233 3824 5308 horni-

2174 5308 2369 5383 nibus.
2408 5331 2429 5358 ι
2456 5300 2636 5383 Τοῦτο
2659 5306 2759 5383 γὰρ
2816 5300 2904 5383 τὰ-
2939 5302 3044 5379 οὐχ
3076 5300 3295 5383 ’ἥκιστα
3330 5300 3607 5383 βούλεται.
3643 5304 3825 5383 :_Hoc

2172 5380 2326 5436 enim
2361 5378 2470 5435 sibi
2504 5380 2648 5445 vult,
2673 5375 2795 5435 non
2828 5375 3044 5432 minus:
3072 5399 3100 5426 »
3124 5376 3408 5430 Videntur
3441 5376 3560 5429 haec
3594 5375 3826 5430 aTheo-

2171 5450 2303 5513 logo
2335 5451 2554 5513 scripta
2586 5452 2656 5507 ad
2688 5449 3073 5513 imitationem
3109 5447 3381 5508 Platonis,
3407 5446 3507 5501 lib.
3536 5462 3611 5499 xu
3651 5448 3724 5502 De
3744 5449 3823 5501 le-

2170 5516 2332 5601 gious
2367 5542 2387 5577 :
2417 5516 2761 5592 Μελετητέον
2808 5519 2963 5583 εὐθὺς
3010 5518 3067 5574 ἐκ
3113 5522 3221 5571 τῶν
3267 5516 3472 5573 παίδων
3526 5517 3712 5592 ἄρχειν
3769 5539 3825 5573 τε

2172 5591 2381 5659 ἀλλων,
2418 5592 2675 5666 ἄρχεσθαί
2703 5595 2749 5657 θ’
2804 5593 2910 5666 ὑφί
2935 5589 3160 5666 έτέρωνς
3187 5589 3285 5656 τήν
3342 5588 3385 5644 δ’
3425 5590 3691 5666 ’ἀναρχίαν
3744 5588 3823 5660 ἐξ·

2370 5642 2381 5659 ,
2418 5623 2730 5659 πμχνισυαιυ
2805 5623 2870 5659 υψ
2938 5623 3133 5659 stupui?
3198 5623 3285 5656 μιν
3342 5623 3368 5644 υ
3432 5623 3690 5659 αἰαμλιαν
3744 5623 3823 5659 ις-

2172 5612 2381 5659 αΛΑων,
2418 5612 2745 5668 αρχεσυαιθ
2804 5614 2870 5668 υφ
2937 5612 3155 5665 ετερων·
3187 5612 3285 5656 την
3342 5612 3383 5644 ο’
3432 5612 3690 5717 anillam
3744 5612 3823 5660 εζ-

2170 5666 2407 5740 αιρετέον
2440 5666 2498 5719 ἐκ
2530 5666 2726 5740 παντὸς
2753 5669 2853 5740 τοῦ
2890 5662 3010 5737 βίου
3059 5660 3473 5740 ᾀπάντωνῌτῶν
3555 5663 3823 5740 νθρώπιιν

2170 5732 2343 5790 τεκαὶ
2376 5742 2481 5791 τῶν
2536 5738 2623 5791 ὑπ’
2682 5732 2999 5809 ἀνθρώπους
3056 5732 3290 5809 θηρίων.Δ
3339 5736 3398 5791 CT
3429 5738 3677 5809 randum
3725 5740 3827 5809 est

2172 5811 2368 5866 statim
2403 5828 2435 5866 a
2467 5812 2684 5883 pueris,
2720 5806 2787 5866 ut
2815 5808 3180 5880 stimperent
3199 5806 3352 5876 aliis,
3375 5807 3695 5864 ctaliorum
3722 5807 3824 5861 im-
