4152 6286
407 457 528 520 413

1534 462 1827 525 ORATIO
1871 462 1949 523 Il.
1982 492 2063 508 —
2088 459 2654 524 APOLOGETICA.

3697 459 3818 518 414

416 589 490 652 ὡς
522 590 597 663 μὴ
637 590 777 665 μέγα
811 588 1050 663 νομίζειν
1097 592 1240 666 πάσῃ
1284 595 1484 668 γενητῇ
1533 591 1706 671 φύσει,
1740 592 1830 648 καὶ
1880 594 2045 648 ὁπωσ-

2172 598 2350 651 tatem
2382 597 2484 651 14
2516 610 2609 650 me
2664 595 2891 667 puduit.
2947 594 3071 650 Non
3126 593 3281 648 enim
3338 593 3420 648 ita
3465 591 3551 648 vel
3609 592 3819 649 divinae

414 682 507 732 οὖν
538 682 652 753 (79)
682 677 1003 749 πλησιάζειν
1036 685 1151 753 Θεῷ
1177 682 1257 753 τῷ
1292 682 1444 755 μόνῳ
1475 684 1756 761 φανοτάτῳ
1794 684 1883 738 καὶ
1916 682 2058 756 λαμ-

410 768 684 843 προτάτῳ,
733 767 821 822 καὶ
874 768 1192 845 ὑπερέχοντι
1243 771 1420 841 πάσης
1472 771 1667 843 ὑλικῆς
1714 793 1773 827 τε
1824 774 1937 847 (80)
1968 772 2057 827 καὶ

408 854 577 911 ἀΰλου
607 855 815 932 φύσεως
845 858 1195 934 καθαρότητι.

2170 684 2571 753 sublimitatis,
2605 683 2691 739 vel
2724 684 2997 739 humanae
3026 682 3367 755 pusillitatis
3396 682 3636 753 ignarus
3658 698 3815 749 sum,

2169 774 2309 847 quin
2337 790 2616 844 magnum
2639 789 2767 829 esse
2788 773 3114 828 existimem
3138 772 3297 827 omni
3320 775 3634 842 procreatae
3656 775 3822 826 natu-

2166 879 2263 929 rae,
2299 863 2371 917 ad
2402 862 2604 929 Deum,
2640 862 2740 933 qui
2774 860 2934 917 solus
2952 860 3316 915 clarissimus
3340 866 3395 916 et
3419 859 3822 933 splendidissl:

406 964 541 1003 mus
571 952 680 1011 est.
714 953 1106 1020 naturamque
1135 967 1390 1019 omnem,
1421 954 1549 1007 tum
1583 953 1825 1010 materia
1866 956 2252 1017 constantem,
2289 956 2417 1007 tum
2449 969 2481 1005 a
2513 951 2756 1007 materia
2785 954 3087 1016 secretam,
3120 950 3371 1021 puritate
3414 930 3673 1021 superat,
3732 930 3825 1002 vel

405 1052 640 1108 quoquo
670 1038 843 1093 modo
871 1038 1361 1110 appropinquare.

478 1124 541 1186 ς’.
575 1122 643 1180 Τί
672 1121 762 1177 οὖν
816 1122 956 1179 ἔστιν
1007 1124 1035 1179 ὃ
1084 1124 1325 1181 πέπονθα
1357 1146 1370 1196 ;
1402 1128 1492 1181 καὶ
1539 1128 1621 1189 τίς
1670 1129 1698 1183 ὁ
1748 1127 1912 1204 λόγος
1953 1136 2053 1198 τῆς

407 1211 546 1285 ἐμῆς
603 1212 924 1282 ἀπειθείας;
971 1211 1112 1271 Οὐδὲ
1158 1216 1261 1290 γὰρ
1320 1213 1477 1287 ἔδοξα
1530 1223 1649 1279 τοῖς
1706 1216 1944 1280 πολλοῖς
2000 1217 2051 1272 ἐν

408 1298 625 1372 ἐμαυτῷ
649 1301 771 1356 τότε
806 1303 1001 1374 μένειν,
1034 1301 1147 1357 οὐδ’
1177 1304 1310 1358 εἶναι
1369 1305 1549 1380 ὥσπερ
1600 1307 1712 1379 (81)
1763 1306 2053 1381 ἐγινωσκό-

407 1411 538 1461 μην,
570 1388 697 1444 ἀλλ’
736 1387 922 1467 ἕτερος
967 1391 1018 1462 ἐξ
1068 1392 1251 1468 ἑτέρου
1297 1415 1380 1457 τις
1422 1394 1719 1470 γεγονέναι,
1764 1396 1853 1450 καὶ
1884 1394 2048 1451 πλέον

401 1478 437 1546 ἢ
490 1478 675 1541 καλῶς
733 1479 877 1555 εἶχεν
934 1481 1243 1535 ἀντιτείνειν
1302 1482 1391 1537 καὶ
1444 1481 1854 1553 αὐθαδιάζεσθαι
1915 1486 2048 1557 (82).

399 1566 602 1622 Τούτου
637 1565 700 1637 δὴ
733 1570 829 1631 τὰς
863 1568 1035 1632 αἰτίας
1067 1569 1308 1625 ἀκούοιτ’
1340 1570 1399 1625 ἂν
1442 1569 1551 1643 ἤδη
1604 1572 1775 1628 πάλαι
1826 1575 2053 1627 ποθοῦν-

397 1677 507 1718 τες.
542 1654 796 1713 Μάλιστα
832 1658 924 1731 μὲν
955 1663 1034 1730 τῷ
1066 1656 1321 1732 ἀδοκήτῳ
1353 1658 1605 1736 πληγεὶς,
1641 1660 1821 1738 ὥσπερ
1853 1663 1905 1716 οἱ
1935 1668 2051 1724 τοῖς

400 1743 691 1822 αἰφνιδίοις
763 1750 869 1801 τῶν
924 1747 1112 1825 ψόφων
1164 1749 1616 1824 καταπλαγέντες,
1673 1751 1734 1804 ού
1783 1750 2045 1827 κατέσχον

393 1833 522 1895 τοὺς
550 1832 871 1910 λογισμούς·
913 1836 1001 1891 καὶ
1035 1833 1123 1890 διὰ
1169 1843 1328 1892 τοῦτο
1376 1834 1543 1893 ἔλυσα
1594 1848 1692 1909 τήν
1744 1837 1880 1894 αἰδῶ
1912 1845 2045 1915 (83),

394 1922 568 1977 πάντα
621 1925 713 1978 τὸν
768 1924 968 1999 χρόνον
1017 1925 1183 2000 ταύτῃ
1231 1926 1654 2000 συνειθισμένος.
1708 1928 1929 1983 Ἐπειτά
1981 1930 2047 2003 μέ

2236 1129 2505 1194 VLQuid
2551 1128 2730 1200 igitur
2785 1128 2930 1183 illud
2990 1130 3095 1192 est,
3157 1127 3311 1199 quod
3364 1125 3508 1182 mihi
3560 1125 3813 1181 accidit?

2164 1218 2842 1290 quequeinobedientim
2882 1233 3022 1271 mete
3076 1232 3251 1271 causa
3300 1214 3453 1270 fuit?
3504 1213 3812 1269 Permultis

2164 1308 2321 1362 enim
2352 1312 2491 1362 tunc
2523 1325 2556 1363 a
2589 1324 2679 1361 me
2710 1322 2943 1379 quoque
2973 1306 3099 1377 ipso
3130 1304 3449 1360 descivisse
3478 1304 3637 1360 visus
3654 1318 3808 1372 sum,

2164 1412 2269 1451 nec
2289 1395 2371 1462 id,
2404 1396 2557 1467 quod
2592 1395 2988 1464 existimabar,
3023 1410 3172 1457 esse,
3225 1409 3425 1448 verum
3471 1409 3537 1447 ex
3590 1391 3702 1447 alio
3751 1392 3809 1446 in

2164 1484 2344 1541 alium
2376 1484 2711 1557 quempiam
2744 1484 3050 1555 migrasse,
3084 1500 3149 1538 ac
3172 1482 3304 1553 plus
3330 1498 3493 1553 aequo
3515 1480 3808 1549 reluctari,

2161 1574 2455 1645 nimisque
2485 1574 2829 1646 pertinacem
2865 1588 2956 1627 me
2979 1572 3254 1644 przebere.
3282 1571 3470 1641 Hujus
3490 1569 3689 1641 itaque
3729 1570 3811 1625 rei

2162 1680 2389 1732 causas,
2416 1664 2768 1734 jampridem
2797 1662 2962 1717 avide
2993 1661 3298 1731 expetitas,
3330 1659 3592 1731 accipite.
3628 1659 3812 1714 Maxi-

2162 1768 2254 1808 me
2287 1754 2523 1823 quidem
2556 1751 2853 1822 inopinato
2884 1751 2962 1806 rei
2989 1754 3194 1806 eventu
3228 1748 3554 1821 perculsus,
3604 1763 3811 1818 quem-

2161 1845 2478 1901 admodum
2507 1844 2604 1915 qui
2639 1844 2707 1897 ad
2743 1842 3077 1914 repentinos
3109 1839 3338 1895 sonitus
3371 1844 3530 1894 metu
3589 1838 3809 1909 percel-

2159 1933 2380 2004 luntur,
2412 1933 2697 1988 rationem
2728 1936 2927 1987 tenere
2970 1947 3086 1985 non
3140 1929 3338 2001 potui:
3403 1944 3469 1984 ac
3508 1932 3812 1999 propterea

394 2033 480 2074 τις
533 1993 960 2089 ὑπεισῄειψέρως
1011 2016 1065 2088 (8
1105 2020 1124 2085 )
1161 1993 1268 2068 ’τοῦ
1316 1993 1488 2070 καλού
1534 2023 1636 2085 τῆς
1685 2017 1920 2093 ἡσυχίας
1962 1993 2045 2073 καὶ

2165 2023 2462 2094 pudorem,
2499 2020 2592 2076 cui
2623 2037 2723 2093 per
2748 2036 2919 2076 omne
2948 2020 3075 2073 vitae
3131 2022 3364 2089 tempus
3412 2033 3808 2085 assueveram,

394 2107 495 2169 τῆς
536 2100 962 2178 ἀναχωρήσεως·
1013 2106 1078 2172 ἧς
1127 2102 1357 2178 έραστὴς
1406 2105 1694 2179 γενόμενος
1746 2105 1796 2176 ἐξ
1845 2106 2048 2183 ἀρχῆς,

396 2190 470 2251 ὡς
502 2190 601 2244 οὐκ
627 2188 730 2245 οἶδ’
761 2189 813 2246 εἶ’
834 2213 917 2253 τις
949 2190 1119 2253 ἄλλος
1167 2197 1273 2247 τῶν
1323 2194 1447 2270 περὶ
1489 2192 1689 2269 λόγους
1721 2197 1832 2269 (85)
1864 2195 2051 2250 ἐσπου-

397 2276 636 2334 δακότων
669 2282 803 2354 (86),
852 2280 941 2335 καὶ
991 2282 1057 2352 ἢν
1106 2280 1156 2335 ἐν
1184 2288 1302 2344 τοῖς
1337 2282 1609 2359 μεγίστοις
1658 2285 1747 2338 καὶ
1787 2284 2046 2359 χαλεπω-

393 2369 579 2431 τάτοις
607 2366 877 2432 κινδύνοις
923 2370 1408 2447 καθυποσχόμενος
1454 2377 1534 2444 τῷ
1564 2378 1697 2444 Θεῷ,
1732 2376 1821 2428 καί
1850 2396 1903 2428 τι
1934 2376 2047 2447 (87)

393 2456 482 2511 καὶ
529 2459 948 2533 προσαψάμενος
998 2458 1223 2529 ταύτης,
1276 2459 1398 2515 ὅσον
1453 2460 1504 2515 ἐν
1555 2460 1848 2538 προθύροις
1898 2462 2045 2538 γενέ-

394 2546 561 2617 σθαι,
622 2546 711 2600 καὶ
768 2544 997 2601 πλείονά
1076 2568 1167 2620 μοι
1225 2547 1317 2602 τὸν
1394 2549 1560 2604 πόθον
1619 2549 1904 2627 έξαφθῆναι
1959 2548 2049 2605 διὰ

392 2640 493 2704 τῆς
541 2633 750 2711 πείρας,
804 2635 903 2690 οὐκ
945 2632 1147 2713 ἤνεγκα
1195 2637 1628 2713 τυραννούμενος
1683 2640 1772 2693 καὶ
1820 2639 1896 2701 εἷς
1950 2639 2044 2713 μέ-

394 2745 517 2786 σους
545 2724 674 2786 τοὺς
703 2719 971 2797 θορύϐους
999 2724 1331 2799 ὠθούμενος,
1361 2728 1451 2781 καὶ
1503 2728 1616 2783 οἷον
1648 2728 1752 2783 ἀπὸ
1793 2730 1939 2803 ἱεροῦ
1970 2750 2048 2783 τι-

391 2834 485 2875 νος
546 2811 750 2868 ἀσύλου
805 2818 903 2868 τοῦ
966 2814 1088 2889 βίου
1143 2814 1340 2870 τούτου
1397 2817 1534 2892 πρὸς
1598 2817 1715 2893 βίαν
1776 2818 2049 2873 ἀποσπώ-

401 2901 555 2973 μένος
566 2945 578 2957 .

475 3079 543 3134 Ζ’.
578 3076 740 3135 Οὐδὲν
768 3082 870 3157 γὰρ
901 3078 1075 3137 ἐδόκει
1123 3103 1217 3156 μοι
1263 3082 1510 3140 τοιοῦτον
1541 3087 1655 3139 οἷον
1692 3085 1927 3159 μύσαντα
1954 3086 2046 3149 τὰς

401 3165 700 3238 αἰσθήσεις,
734 3168 831 3238 ἔξω
864 3172 1056 3247 σαρκὸς
1106 3171 1196 3225 καὶ
1226 3172 1435 3246 κόσμου
1486 3174 1771 3250 γενόμενον
1803 3177 1936 3248 (88),
1968 3175 2043 3237 εἷς

400 3256 587 3310 ἑαυτὸν
620 3258 997 3336 συστραφέντα,
1043 3257 1275 3333 μηδενὸς
1323 3265 1429 3316 τῶν
1473 3262 1823 3338 ἀνθρωπίνων
1875 3285 2043 3340 προσ-

2159 2110 2299 2167 solvi
2340 2128 2404 2166 ac
2453 2109 2704 2183 pr0puli.
2768 2108 2988 2164 Deinde
3046 2106 3309 2161 animum
3357 2104 3592 2161 subibat
3646 2122 3811 2160 amor

2158 2199 2398 2270 quidam
2434 2198 2593 2254 illius
2622 2197 2780 2265 boni,
2814 2196 2968 2268 quod
3025 2195 3086 2250 in
3134 2195 3326 2267 quiete
3373 2210 3438 2249 ac
3495 2192 3811 2249 solitudine

2157 2289 2345 2344 inest:
2380 2305 2557 2360 quam
2587 2304 2722 2342 cum
2758 2286 2879 2357 jam
2936 2285 3071 2340 inde
3104 2285 3175 2339 ab
3200 2283 3365 2338 initio
3413 2283 3806 2351 adamassem,

2157 2376 2311 2431 sicut
2341 2376 2433 2431 vix
2456 2375 2751 2448 quispiam
2775 2374 2929 2430 alius
2959 2390 3183 2444 eorum,
3207 2372 3305 2444 qui
3336 2371 3544 2428 litteris
3571 2387 3806 2441 operam

2157 2465 2464 2530 dederunt,
2494 2480 2735 2535 eamque
2764 2463 2826 2518 in
2851 2465 3123 2519 maximis
3153 2460 3636 2534 gravissimisque
3658 2458 3809 2531 peri-

2156 2553 2303 2609 culis
2337 2559 2447 2609 Deo
2479 2554 2786 2621 vovissem,
2820 2553 2937 2607 imo
2961 2553 3086 2623 jam
3127 2568 3253 2607 eam
3279 2565 3511 2623 quoque
3542 2548 3809 2603 nonnihil

2156 2643 2503 2714 attigissem,
2545 2643 2829 2697 hactenus
2881 2640 3121 2711 scilicet,
3179 2644 3245 2694 ut
3300 2638 3455 2694 velut
3497 2637 3554 2692 in
3607 2637 3811 2693 limine

2155 2747 2367 2803 essem,
2398 2740 2569 2802 atque
2599 2748 2667 2787 ex
2694 2731 2822 2802 ipso
2852 2735 3029 2803 gustu
3062 2731 3283 2801 majore
3315 2728 3604 2784 desiderio
3644 2744 3808 2785 exar-

2156 2821 2387 2891 sissem,
2418 2838 2532 2877 non
2554 2820 2665 2876 tuli
2692 2838 2784 2875 me
2804 2820 2961 2875 velut
2991 2818 3298 2892 tyrannide
3321 2818 3572 2889 quadam
3597 2818 3803 2888 premi,

2157 2916 2331 2981 atque
2354 2910 2410 2964 in
2441 2909 2664 2965 medios
2696 2908 2992 2964 tumultus
3021 2906 3267 2979 impelli,
3301 2907 3372 2960 ab
3408 2906 3628 2977 hacque
3666 2906 3802 2974 vita,

2154 2998 2393 3070 perinde
2424 3002 2593 3068 atque
2625 2998 2695 3053 ab
2728 2996 2886 3069 asylo
2918 2998 3170 3068 quodam
3202 3011 3305 3067 per
3322 2994 3438 3048 vim
3470 2992 3657 3049 avelli.

2227 3088 2349 3141 Vll.
2375 3086 2530 3142 Nihil
2549 3086 2704 3141 enim
2728 3085 2873 3139 mihi
2890 3090 3007 3140 tam
3025 3084 3350 3155 optandum
3375 3081 3643 3152 cuiquam
3675 3100 3804 3139 esse

2154 3176 2475 3243 videbatur,
2509 3191 2686 3247 quam
2718 3179 2783 3230 ut
2810 3173 3060 3230 occlusis
3091 3173 3382 3239 sensibus,
3415 3177 3589 3245 atque
3646 3176 3806 3227 extra

2154 3282 2388 3321 carnem
2422 3264 2826 3335 mundumque
2858 3262 3103 3335 positus,
3137 3266 3194 3318 et
3222 3262 3279 3316 in
3319 3262 3581 3333 seipsum
3631 3260 3802 3317 colle-

397 3344 722 3417 απτόμενον,
756 3345 837 3401 ὅτι
873 3350 949 3421 μὴ
980 3354 1125 3403 πᾶσα
1175 3349 1399 3426 ἀνάγκη,
1448 3352 1620 3424 ἑαυτῷ
1668 3352 2040 3426 προσλαλοῦν-

2165 3359 2307 3420 ctus,
2329 3371 2456 3421 nec,
2471 3354 2583 3409 nisi
2608 3357 2893 3425 quantum
2915 3352 3232 3407 necessitas
3254 3350 3448 3423 exigit,
3478 3350 3802 3423 quidquam

391 3456 457 3489 τα
488 3436 578 3489 καί
608 3440 685 3507 τῷ
715 3441 855 3508 Θεῷ,
907 3442 1000 3511 ζῇν
1056 3438 1188 3515 ὑπὲρ
1233 3440 1300 3494 τὰ
1329 3441 1597 3516 ὁρώμενα,
1631 3442 1719 3497 καὶ
1763 3443 1858 3504 τὰς
1897 3442 2044 3507 θείας

392 3523 653 3599 ἐμφάσεις
700 3524 782 3579 ἀεὶ
831 3527 1066 3603 καθαρὰς
1119 3527 1170 3583 έν
1222 3528 1394 3602 ἑαυτῷ
1442 3530 1618 3606 φέρειν
1678 3531 1893 3607 ἀμιγεῖς
1938 3535 2046 3586 τῶν

389 3611 538 3668 κάτω
585 3616 955 3691 χαρακτήρων
1001 3618 1090 3671 καὶ
1138 3616 1534 3693 πλανωμένων,
1566 3614 1733 3684 ὅντως
1782 3619 2041 3697 ἔσοπτρον

389 3700 734 3773 ἀκηλίδωτον
766 3709 901 3760 Θεοῦ
954 3705 1041 3760 καὶ
1088 3710 1196 3762 τῶν
1246 3706 1403 3763 θείων
1455 3707 1544 3764 καὶ
1592 3707 1650 3764 ὃν
1701 3712 1812 3783 (89)
1842 3710 1929 3765 καὶ
1961 3710 2044 3765 ἀεὶ

465 3829 507 3864 ⁸¹
544 3830 564 3883 Ι
593 3829 723 3885 Cor.
755 3847 868 3898 xw,
900 3831 990 3886 28.

396 3951 507 4006 alia
537 3953 815 4033 decauee
846 3955 1025 4033 fieret.
1066 3956 1618 4033 Hinc__August_inus,
1650 3976 1740 4033 ep.
1795 3960 1867 4015 al.
1916 3962 2042 4033 148,

396 3977 507 4006 uua
537 3977 605 4008 uo
637 3977 815 4010 causa
846 3977 1025 4011 ﬂaret.
1066 3977 1205 4011 mnc
1237 3977 1618 4030 augusunus,
1650 3977 1679 4014 8
1728 4001 1740 4015 .
1795 3977 1867 4015 a1.
1916 3977 2042 4033 μιὸ,

393 4040 548 4080 nunc
572 4026 714 4101 21._«
749 4027 948 4082 Multis
962 4029 1355 4101 sermonibus,
1379 4030 1476 4101 qui
1504 4032 1572 4085 ad
1607 3977 1822 4087 vul‘nus
1846 4049 2044 4089 meum

394 4112 507 4168 non
532 4098 909 4168 pertinerent,
942 4098 1199 4154 dolorem
1234 4098 1430 4155 meum
1456 4102 1605 4158 bono
1627 4104 1822 4158 animo
1846 4121 2046 4160 conso-

395 4166 497 4221 lati
528 4166 687 4223 sunt.
712 4191 741 4217 »
772 4170 977 4248 Oneris
1011 4171 1277 4248 videlicet
1308 4173 1772 4248 magnitudinem
1793 4175 1877 4230 vir
1896 4176 2043 4248 opti-

396 4256 625 4322 musnac
644 4257 892 4322 summa
922 4241 1566 4322 humilitateprmditue
1592 4241 2042 4322 extimescebat;

397 4310 1022 4436 eltigilgauttambitionis
1042 4316 1243 4371 morbo
1266 4310 1557 4372 laboranti
1580 4317 1932 4373 medicinam
1950 4310 2045 4374 ad;

614 4400 649 4436 n
684 4426 694 4435 .

443 4398 694 4436 inenant.

432 4452 581 4536 τωο)
628 4453 932 4535 ςφπωσοῦν
1021 4455 1231 4527 Scripti
1318 4457 1546 4514 codices
1638 4457 1810 4531 vulgo
1894 4457 2046 4522 ὅπως

399 4523 489 4574 οὖν
525 4523 779 4579 divisim.

467 4594 584 4737 (80)
611 4593 922 4684 ξΤλικῆςτε
953 4599 1039 4653 Ita
1071 4599 1210 4670 Reg.
1246 4614 1380 4681 cum
1415 4600 1673 4672 quinque
1699 4600 1857 4657 Colb.

488 4666 552 4720 81
627 4672 802 4737 Ωσπερ
833 4669 1002 4725 Cmsl.
1044 4673 1090 4736 1,
1124 4667 1277 4737 ὅπερ.
1327 4672 1420 4727 Sic
1476 4672 1637 4729 Colb.
1685 4674 1738 4727 5.
1785 4672 1857 4728 Je:

488 4665 581 4737 81)
611 4665 802 4743 Ὠσπερ
833 4669 1002 4725 Coisl.
1044 4673 1090 4736 1,
1124 4665 1277 4745 ὅπερ.
1327 4665 1446 4727 εἶθ’
1476 4665 1637 4729 Colb.
1685 4674 1738 4727 5.
1785 4672 1903 4729 Jes.
1954 4670 2044 4727 6'0-

391 4756 513 4811 περ.

457 4806 576 4951 (82)
609 4806 1047 4878 Αύθαδιάζεσθαι.
1082 4811 1235 4868 Coisl
1291 4814 1316 4868 1
1351 4816 1406 4869 et
1434 4817 1487 4880 2,
1522 4814 1680 4870 Colb.
1705 4816 1757 4870 3.

478 4881 569 4950 83)
604 4878 753 4935 Αἷ¹δῶ
783 4882 1022 4938 Codices
1055 4884 1319 4939 nonnulli
1354 4885 1435 4940 sic
1468 4892 1706 4951 acuunt,
1740 4907 1757 4939 ο

478 4881 569 4955 83)
604 4878 753 4935 Αἷ¹δῶ
783 4882 1022 4955 (lodices
1055 4884 1319 4939 nonnulli
1354 4885 1435 4940 sic
1468 4878 1706 4955 acuunt,
1740 4882 1877 4939 αίδώ

460 4953 571 5023 (84)
604 4955 786 5034 Ἔρως
817 4954 912 5034 S_ic
944 4954 1252 5034 legendum
1282 4972 1348 5010 ex
1380 4956 1509 5011 aliis
1542 4953 1822 5034 Gregorii
1853 4957 2043 5014 verbis

396 5021 585 5078 forsan
612 5021 744 5102 quis
764 5021 1133 5081 inferat.Mox
1155 5043 1429 5102 namque,
1455 5030 1624 5101 quasi
1647 5021 1889 5102 repetita
1904 5046 2043 5102 voce

394 5108 683 5173 quaueus
717 5097 1493 5173 fuerattnpmeroproximé
1522 5097 1789 5173 sequenti
1822 5102 1903 5156 ait
1932 5119 1944 5157 :
1980 5097 2048 5155 Et’

389 5180 470 5223 τις
502 5164 650 5242 ὗμῷν
678 5166 856 5242 τούτῳ
885 5170 969 5242 τῷ,
993 5164 1835 5242 ἔρωτιὲνὸνυῐηιαωϐηόωηθε
1862 5190 2042 5242 manu

392 5239 608 5317 exarati
640 5238 891 5317 cnodices,
924 5241 970 5295 si
1006 5238 1395 5317 paucissimos
1424 5246 1699 5317 excipias,
1752 5260 1856 5317 Pro
1906 5238 2043 5315 ἔρως

391 5304 835 5392 ᾕξὶῢεηΐ,.ξλεος,
866 5304 1522 5392 Ῑροοξῇὶὶυσειεηοεοὶῐ,
1552 5304 1654 5389 qui
1684 5304 2042 5392 in'marg'ine

388 5378 482 5464 ed:
514 5378 688 5464 BaSil.
724 5378 997 5464 scripsit:
1031 5379 1184 5464 ἕλεος
1217 5378 1589 5464 ῥζαηιίᾳαῗεξ
1620 5393 1677 5443 et
1707 5387 1859 5442 infra
1886 5378 2041 5464 ἔλεος

382 5453 479 5503 τοῦ
496 5450 683 5530 ’καλοᾷ
712 5450 919 5530 miri:
951 5453 1186 5529 ἡσυχίας
1218 5450 1474 5530 Sirogés
1504 5450 1619 5530 quo
1678 5475 1852 5514 sensa
1896 5459 2039 5515 Gre-

384 5523 587 5619 gerius
613 5523 1134 5619 gizeri’t‘tleoc.,§o
1166 5523 1419 5613 scilicet,
1442 5523 1613 5619 quem
1648 5530 1897 5619 Basilius
1944 5547 2040 5618 ex-

426 5596 589 5677 onit_:
613 5595 765 5677 Τίνος
798 5595 950 5677 ἔλεος
984 5614 1011 5677 ξ,
1033 5597 1335 5677 Ἐμαυτοῗξ,
1355 5595 1508 5677 φὴσῖ,
1542 5598 1659 5655 οἵου
1688 5598 1883 5671 καλοῦ,
1941 5607 2039 5669 τῆς

384 5612 551 5733 gomt
575 5613 589 5650 ε
614 5612 765 5658 Ιίνος
798 5612 950 5658 εΛεος
984 5614 998 5663 ;
1033 5612 1320 5669 ἰςμαυτου,
1355 5612 1508 5677 φησί,
1542 5612 1659 5655 οἰου
1688 5612 1883 5671 καλου,
1941 5612 2039 5669 τῆς

426 5665 957 5754 συχίαίάνιαχέυρεῖν
986 5665 1243 5754 ξμελολον.
1264 5672 1338 5753 .Id
1365 5679 1489 5754 est:
1518 5697 1545 5724 ι(
1576 5674 2039 5754 pujusnammi-

384 5741 702 5820 sericordia
717 5741 866 5798 θηρὶ
887 5741 1634 5820 ips_ius,_inquiunt,_quanto
1647 5741 2037 5820 bono,quiete.

383 5814 680 5869 cariturus
700 5829 892 5872 essem
923 5814 1252 5871 attendens.
1280 5837 1307 5866 »
1358 5814 1451 5874 Sic
1484 5817 1758 5890 Basilius,
1791 5814 1891 5892 qui
1926 5834 2039 5873 non

2154 3443 2546 3498 humanarum
2578 3456 2769 3497 rerum
2796 3441 3110 3513 attingens,
3143 3444 3316 3513 atque
3345 3455 3541 3495 secum
3573 3439 3719 3511 ipse,
3748 3443 3804 3494 et

2154 3548 2288 3587 cum
2320 3531 2434 3587 Deo
2458 3530 2798 3602 colloquens
2826 3531 2893 3597 εί,
2927 3529 3286 3601 superiorem
3319 3530 3391 3584 iis
3439 3530 3632 3593 rebus,
3677 3543 3800 3598 quas

2152 3620 2212 3675 in
2238 3624 2538 3692 aspectum
2561 3620 2798 3686 cadunt,
2821 3619 3000 3675 vitam
3024 3622 3175 3689 agat,
3201 3617 3548 3689 divinasque
3580 3617 3802 3687 species

2155 3725 2330 3781 puras
2354 3723 2607 3780 semper,
2631 3724 2734 3763 nec
2757 3707 3005 3763 terrenis
3024 3706 3160 3763 ullis
3174 3710 3231 3762 et
3248 3706 3583 3763 errantibus
3603 3705 3811 3760 formis

2155 3975 2323 4014 secus
2354 3975 2419 4013 ac
2445 3958 2713 4023 Ruﬁnus,
2755 3955 2854 4029 τήν
2909 3953 3283 4029 ἀναχώρησιν,
3322 3977 3342 4002 ι
3380 3953 3811 4029 a_bono__quie-

2153 4033 2251 4098 tis,
2283 4053 2309 4079 ››
2338 4046 2440 4085 seu
2475 4047 2508 4085 a
2539 4027 2861 4083 monastica
2889 4026 3392 4098 vita'recessum,
3417 4026 3804 4098 impedimen-

2153 4091 2279 4156 tum
2308 4101 2533 4156 videtur
2562 4098 2952 4170 interpretari.
2973 4098 3250 4170 Eamdem
3273 4096 3429 4152 vocis
3450 4091 3603 4154 ἔλέος
3630 4097 3807 4170 inter-

2155 4168 3229 4246 pretationem_suppeditatggregorius
3262 4173 3562 4246 Nyesenus
3583 4169 3806 4246 episco-

2156 4185 2534 4246 pretationem
2561 4186 2625 4226 8U
2676 4185 2895 4241 pemtat
2917 4185 3026 4223 ΗΓΘ
3070 4185 3229 4223 ΟΓῙΙΙΒ
3262 4185 3562 4241 ΝΥΕΒΘΠΠΒ
3583 4185 3806 4239 ϐριθοσ-

2156 4262 2264 4316 pus
2290 4250 2437 4316 orat2
2460 4245 2495 4297 5
2517 4244 2603 4316 De
2637 4188 2856 4297 licam;
2887 4185 3079 4316 Ἐλειῇ
3108 4238 3248 4316 ἐστιν
3277 4238 3518 4316 ἐπίτασις
3547 4245 3647 4304 τῆς
3679 4238 3811 4313 ἀγα-

2153 4308 2386 4384 πητικῆς
2418 4311 2705 4373 διαθέσεως
2734 4315 2812 4383 τῷ
2841 4312 2976 4365 κατὰ
3019 4313 3116 4379 τὴν
3168 4308 3346 4381 λύπην
3400 4312 3556 4374 πάθει
3600 4308 3813 4384 συμμε-

2159 4385 2416 4461 μιγμένη’
2460 4409 2485 4439 ι
2516 4385 2912 4467 Misericordia
2942 4390 3030 4440 est
3059 4384 3301 4440 intentio
3333 4388 3390 4438 et
3447 4383 3810 4439 vehementia

2159 4459 2477 4514 affectionis
2522 4457 2825 4514 diligendi.
2895 4472 3029 4511 cum
3088 4455 3293 4510 affectu
3349 4455 3593 4510 tristitia:
3652 4471 3810 4510 com-

2155 4471 2477 4515 an‘ectioms
2522 4471 2825 4528 diligendi,
2895 4472 3029 4511 cum
3088 4471 3293 4510 auectu
3349 4471 3593 4510 tristium
3652 4471 3809 4510 com-

2158 4531 2349 4586 mista.
2374 4528 2597 4608 {Talis
2621 4529 2876 4600 profecto
2904 4531 3027 4608 erat
3059 4531 3186 4608 tum
3210 4528 3473 4608 _aﬁ'ectus
3528 4527 3809 4608 Tticologi

2155 4618 2292 4674 ergo
2325 4598 2721 4674 solitudinem,
2759 4615 2938 4674 aqua
2965 4598 3225 4654 abstrahi
3265 4614 3328 4654 se
3360 4616 3460 4674 per
3487 4598 3602 4674 vim
3634 4604 3808 4674 atque

2155 4670 2321 4730 avélli
2349 4671 2759 4727 miserabiliter
2783 4670 3034 4726 dolebat.
3076 4674 3254 4726 Porro
3294 4694 3321 4720 ‹‹
3350 4672 3807 4726 miscricordiam

2078 4730 2125 4795 D
2156 4745 2216 4799 in
2248 4762 2311 4801 se
2341 4746 2535 4815 ipsum
2567 4742 2815 4815 quisque
2833 4762 2861 4791 ››
2890 4742 3080 4815 facere
3109 4746 3322 4815 potest,
3356 4746 3421 4797 ut
3467 4742 3802 4815 Augustini,

2156 4816 2259 4871 lib.
2284 4835 2319 4871 x
2340 4813 2411 4872 De
2432 4818 2562 4881 σία,
2586 4813 2711 4886 cap.
2734 4815 2769 4868 6
2790 4814 2979 4868 verbis
3004 4814 3313 4884 utar,quod
3339 4817 3579 4868 sanctus
3604 4813 3805 4886 doctor

2155 4887 2248 4943 his
2277 4888 2585 4959 Scriptura?
2624 4884 2815 4941 verbis
2846 4886 3192 4959 confirmat;
3226 4907 3254 4933 ‹‹
3289 4886 3559 4940 Miserere
3592 4884 3800 4938 animas

2156 4966 2270 5015 tua;
2304 4956 2672 5029 placensDeo
2712 4957 2903 5028 (Ecclz'.
2938 4974 3067 5023 xxx,
3099 4956 3269 5029 24),)?

2224 5026 2336 5102 (85)
2366 5028 2503 5090 Τοὺς
2536 5026 2757 5102 λόγους.
2794 5029 3042 5084 Litteras
3079 5026 3334 5102 intellige
3366 5026 3718 5102 saeculares,~
3739 5029 3808 5102 ‘et

2154 5098 2571 5173 eloquentiam,
2607 5098 2749 5173 utin
2782 5104 2928 5154 orat.
2960 5116 3059 5166 vn,
3097 5098 3169 5154 al.
3204 5115 3256 5165 ι,
3291 5115 3454 5153 num.
3493 5099 3557 5153 16
3594 5102 3651 5152 et
3692 5098 3801 5164 20;

2151 5170 2290 5229 item
2326 5179 2470 5229 orat.
2507 5189 2661 5236 mu,
2696 5170 2749 5225 al
2804 5188 2894 5224 xx.

2223 5245 2335 5316 (86)
2393 5240 2859 5316 Ἐσπουδακότων.
2908 5245 3072 5296 Deest
3117 5239 3186 5316 in
3245 5245 3465 5313 septem
3518 5241 3694 5313 Regg.
3746 5242 3804 5295 et

2152 5312 2411 5388 quinque
2442 5315 2624 5388 Colb.,
2655 5315 2795 5388 item
2826 5312 2885 5367 in
2927 5317 3073 5388 orati.
3108 5312 3157 5366 1.

2221 5376 2333 5460 (87)
2363 5384 2460 5441 Καί
2489 5406 2560 5442 τι.
2594 5376 2680 5442 Ita
2736 5385 2872 5458 Reg.
2932 5401 2979 5454 ι’,
3039 5387 3152 5438 Ies.
3216 5387 3271 5438 et
3330 5382 3503 5438 Pass:
3565 5382 3655 5437 ed.
3713 5376 3804 5434 καί

2149 5478 2334 5602 το(88)
2364 5530 2493 5602 Posi
2516 5525 2824 5601 γενόμενον,
2859 5525 3076 5602 habent
3098 5523 3385 5602 editith
3405 5541 3578 5597 quam
3630 5541 3805 5580 νοω-

2152 5598 2267 5657 lam
2302 5598 2624 5669 (lelevimus
2649 5598 2998 5654 auctoritate
3024 5615 3123 5653 sex
3154 5598 3321 5653 codd.
3356 5599 3532 5669 Regg.

2225 5674 2335 5743 (80)
2373 5672 2466 5725 Καὶ
2498 5666 2578 5726 ὅν.
2614 5676 2696 5728 Ita
2713 5685 2916 5726 omnes
2942 5670 3123 5743 Regii.
3148 5669 3328 5743 Or.__l,
3351 5666 3507 5735 Jes'f,
3528 5669 3687 5725 Colb.
3714 5685 3803 5743 se:

2151 5736 2330 5817 ptem;
2358 5744 2539 5800 Bilius
2566 5744 2623 5798 in
2649 5747 2936 5817 orallerv,
2973 5736 3207 5814 scripsit
3247 5736 3395 5811 ὅντα,
3430 5745 3582 5814 quod
3618 5738 3805 5796 secuti

2152 5814 2288 5873 sunt
2319 5817 2674 5873 Parisienses
2705 5814 2977 5871 editores.
