4152 6286
342 413 459 475 415

1584 415 1651 476 8.
1697 415 2069 480 GREGORII
2115 420 2509 483 THEOLOGI

3635 426 3757 489 416

343 544 643 614 admistas,
677 544 735 599 in
767 543 959 617 seipso
990 545 1379 615 circumferat,
1410 545 1629 617 Deique
1679 563 1743 602 ac
1792 565 1987 604 rerum

2112 549 2404 625 γινόμενον,
2454 552 2593 629 φωτὶ
2642 547 3136 628 προσλαμϐάνοντα
3188 558 3328 632 φῶς,
3376 556 3465 610 καὶ
3517 558 3755 633 ἀμαυρο-

345 632 671 688 divinarum
704 634 799 691 l5
854 650 1064 705 purum
1122 637 1360 691 omnino
1417 635 1721 708 speculum
1783 637 1879 702 sit,
1931 638 1990 693 in

342 723 585 795 diesque
623 724 930 794 efﬁciatur,
972 742 1039 781 ac
1096 726 1285 782 lucem
1342 744 1444 799 pcr
1490 725 1678 782 lucem
1724 728 1988 799 excipiat,

341 811 643 868 clariorem
703 830 804 885 per
857 815 1290 872 obscuriorem:
1337 818 1578 889 jamque
1648 816 1830 871 futuri
1887 817 1990 872 aevi

341 902 558 957 bonum
583 918 684 974 spe
717 905 1016 976 percipiat,
1049 910 1104 960 et
1134 922 1267 961 cum
1327 906 1551 978 angelis
1597 911 1880 972 versetur,
1928 923 1993 961 ac

340 989 475 1045 licet
505 992 696 1046 adhuc
730 993 787 1046 in
820 994 990 1049 terris
1023 995 1119 1060 sit,
1181 1000 1397 1050 terram
1448 996 1700 1065 deserat,
1757 998 1930 1066 atque
1962 1012 1995 1048 a

343 1079 550 1151 spiritu
585 1098 822 1137 sursum
883 1082 1216 1138 collocetur.
1264 1083 1321 1138 Si
1381 1084 1513 1155 quis
1572 1088 1831 1139 vestrum
1884 1084 1992 1138 hoc

344 1182 541 1223 amore
570 1173 871 1238 correptus
916 1173 1164 1237 tenetur,
1227 1170 1367 1241 quid
1428 1171 1640 1241 dicam,
1698 1171 1989 1242 intelligit,

344 1257 519 1324 atque
548 1252 777 1310 alfectui
809 1256 881 1323 ei,
914 1257 973 1310 in
1006 1274 1182 1328 quem
1212 1261 1337 1313 tum
1369 1258 1568 1329 incidi,
1620 1259 1786 1314 facile
1837 1259 1994 1331 igno-

345 1345 486 1397 scet.
514 1346 661 1398 Nam
683 1346 835 1416 apud
855 1346 1163 1417 plerosque
1187 1364 1257 1402 ne
1278 1348 1451 1403 fidem
1466 1348 1701 1419 quidem
1725 1349 1988 1419 fortasse,

345 1430 464 1487 haec
494 1432 715 1502 dicens,
748 1435 1070 1501 nanciscar,
1104 1436 1204 1507 qui
1236 1435 1379 1491 risui
1411 1438 1587 1492 etiam
1634 1442 1692 1492 et
1739 1436 1990 1492 ludibrio

340 1537 462 1575 rem
492 1536 620 1577 eam
652 1521 865 1578 habere
895 1523 1182 1590 videntur,
1215 1526 1366 1581 male
1420 1526 1621 1597 utique
1678 1543 1745 1581 ac
1805 1527 1992 1598 perni-

340 1610 494 1664 ciose
523 1610 747 1679 atl‘ecti;
780 1611 900 1667 sive
930 1614 1178 1685 proprias
1208 1629 1410 1670 eorum
1442 1616 1708 1670 amentiae
1725 1615 1989 1670 tribuen-

339 1699 479 1753 dum
511 1698 604 1764 sit,
638 1700 758 1756 sive
788 1701 859 1757 iis
890 1702 1323 1771 ascribendum,
1362 1704 1461 1775 qui
1494 1720 1560 1761 eo
1592 1704 1721 1761 vite
1757 1720 1986 1776 genere,

340 1787 495 1858 quod
522 1788 888 1859 profitentur,
921 1790 1147 1863 indigni
1189 1796 1364 1849 sunt:
1415 1794 1515 1864 qui
1576 1794 1657 1849 rei
1708 1794 1873 1849 bonas
1922 1811 1989 1850 ac

336 1878 626 1950 praeclarae
657 1880 877 1937 malum
902 1899 1112 1938 nomen
1146 1884 1574 1955 imposuerunt,
1605 1884 1989 1957 philosophia

2100 640 2242 713 τέρῳ
2273 639 2612 717 τρανότερον,
2645 638 2754 711 ἤδη
2786 641 2848 695 τὸ
2868 646 2968 696 τοῦ
3004 641 3310 715 μέλλοντος
3332 643 3524 707 αἰῶνος
3548 647 3749 721 ἀγαθὸν

2100 733 2219 790 ταῖς
2252 727 2433 783 ἐλπίσι
2467 732 2579 803 (90)
2610 729 3011 805 καρπούμενον,
3045 732 3132 785 καὶ
3181 732 3607 809 συμπεριπολεῖν
3655 737 3747 812 ἆγ-

2099 815 2303 894 γέλοις,
2337 816 2413 872 ἔτι
2450 819 2579 894 ὑπὲρ
2621 826 2723 893 γῆς
2774 814 2902 874 ὄντα
2949 817 3314 875 καταλιπόντα
3362 824 3473 895 (91)
3499 824 3597 891 τήν
3629 828 3748 901 γῆν,

2101 907 2189 961 καὶ
2251 907 2351 961 ὑπὸ
2424 912 2521 961 τοῦ
2600 907 2910 981 πνεύματος
2984 906 3095 963 ἅνω
3168 909 3494 982 τιθέμενον.
3556 911 3626 966 Ei’
3674 936 3755 975 τις

2105 995 2255 1068 ὑμῶν
2307 998 2418 1069 (92)
2456 994 2635 1069 τούτῳ
2683 1001 2761 1068 τῷ
2812 994 2974 1073 ἔρωτι
3024 999 3281 1073 κάτοχος,
3334 996 3478 1054 οἶδεν
3523 1002 3551 1055 ὃ
3583 999 3754 1077 λόγω,

2101 1084 2190 1138 καὶ
2240 1088 2318 1156 τῷ
2348 1084 2469 1139 τότε
2515 1085 2669 1140 πάθει
2732 1088 3117 1161 συγγνώσεται·
3178 1086 3306 1149 τοὺς
3360 1088 3463 1163 γὰρ
3511 1088 3757 1153 πολλούς

2103 1170 2216 1226 οὐδ’
2246 1172 2303 1226 ἂν
2336 1174 2581 1245 πείσαιμι
2617 1174 2787 1250 λέγων
2845 1172 2993 1246 ἴσως,
3029 1175 3176 1238 ὅσοις
3227 1176 3315 1231 καὶ
3367 1178 3418 1231 έν
3464 1176 3666 1252 γέλωτι
3694 1182 3755 1233 τὸ

2100 1268 2325 1336 πρᾶγμα
2354 1259 2508 1316 δοκεῖ
2558 1265 2690 1335 (93),
2737 1268 2919 1326 κακῶς
2973 1262 3292 1319 διατεθεῖσιν
3344 1264 3449 1321 εἴτε
3502 1268 3604 1321 ὑπὸ
3654 1275 3753 1335 τῆς

2103 1348 2243 1411 ἰδίας
2275 1353 2385 1422 (94)
2434 1352 2608 1405 αὐτῶν
2655 1351 2859 1421 ἀνοίας,
2917 1350 3023 1407 εἴτε
3077 1353 3180 1408 ὑπὸ
3228 1358 3333 1408 τῶν
3382 1354 3610 1427 ἀναξίων
3658 1361 3755 1410 τοῦ

2102 1436 2531 1513 ἐπαγγέλματος
2585 1440 2636 1493 οἳ
2684 1441 2961 1515 πράγματι
3012 1441 3167 1513 καλῷ
3218 1444 3330 1515 (95)
3377 1444 3541 1498 κακὸν
3599 1465 3753 1520 περι-

2098 1526 2389 1581 τεθείκασιν
2422 1524 2613 1599 ἶίνομα,
2662 1531 2733 1601 τῇ
2778 1525 3075 1606 φιλοσοφίᾳ
3118 1531 3217 1598 τὴν
3264 1528 3592 1601 κενοδοξίαν,
3627 1553 3756 1585 συν-

2101 1615 2255 1690 εργὸν
2288 1610 2547 1677 λαϐόντες
2596 1617 2687 1670 τὸν
2739 1616 2935 1693 φθόνον
2984 1617 3073 1671 καί
3102 1619 3201 1686 τήν
3252 1622 3360 1672 τῶν
3399 1617 3628 1674 πολλῶν
3658 1642 3752 1674 κα-

2097 1705 2214 1759 κίαν
2262 1704 2397 1779 πρὸς
2440 1705 2501 1759 τὸ
2550 1709 2738 1781 χεῖρον
2790 1703 2948 1761 οὖσαν
3001 1706 3372 1783 ἑτοιμοτέραν·
3402 1706 3474 1761 ’ἶν’
3513 1704 3568 1762 ἓν
3616 1707 3675 1784 γέ
3701 1730 3755 1763 τι

2098 1795 2315 1855 πάντως
2366 1792 2551 1856 αὐτοῖς
2602 1793 2971 1870 ἁμαρτάνηται
3018 1798 3153 1867 (96),
3198 1797 3233 1865 ἢ
3277 1797 3341 1851 τὸ
3391 1797 3553 1852 κακὸν
3603 1795 3749 1873 ἐνερ-

2096 1882 2385 1960 γούμενον,
2420 1884 2454 1953 ἢ
2486 1883 2549 1937 τὸ
2580 1882 2744 1939 καλὸν
2779 1883 3194 1957 ἀπιστούμενον.

336 1969 615 2026 nimirum
647 1972 1044 2041 cenodoxiam,
1077 1973 1186 2029 hoc
1218 1979 1307 2029 est
1338 1976 1573 2029 inanem
1631 1975 1897 2046 gloriam,
1965 1973 2331 2046 opitulatrice
2376 1977 2683 2045 assumpta
2734 1974 2970 2041 invidia,
3023 1974 3300 2047 vulgique
3354 1976 3748 2047 improbitate,

335 2074 568 2131 semper
595 2059 654 2114 in
686 2062 853 2131 pejus
883 2062 1243 2132 procliviore,
1268 2066 1332 2117 ut
1361 2063 1431 2117 de
1460 2063 1690 2118 duobus
1722 2063 1974 2135 peccatis
2005 2064 2065 2119 in
2096 2063 2445 2120 alterutrum
2479 2062 2717 2118 omnino
2748 2063 3031 2129 incidant,
3082 2068 3148 2119 ut
3205 2063 3292 2120 vel
3340 2064 3562 2119 malum
3612 2081 3749 2136 per-

345 2152 595 2219 petrent,
639 2149 725 2205 vel
758 2151 909 2205 bono
941 2150 1115 2206 ﬁdem
1140 2152 1439 2223 abrogent.

402 2235 546 2292 VIII.
578 2238 662 2292 Ad
694 2238 835 2307 haec,
868 2242 1056 2295 totum
1087 2240 1243 2295 enim
1275 2240 1455 2296 animi
1487 2257 1768 2297 arcanum
1826 2241 1980 2313 apud

2163 2241 2242 2297 H'.
2275 2239 2418 2315 Πρὸς
2453 2237 2511 2295 δὶ
2540 2239 2754 2303 τούτοις
2788 2245 3021 2316 πρᾶγμα
3063 2237 3286 2312 ἔπαθον,
3323 2237 3619 2312 έκλαλήσω
3651 2240 3756 2317 γὰρ

331 2341 434 2380 vos
465 2326 721 2394 efferam,
756 2327 899 2383 mihi
930 2345 1021 2383 res
1054 2330 1286 2396 accidit,
1319 2331 1559 2399 rustico,
1608 2347 1680 2385 an
1732 2330 1984 2403 ingenuo

330 2414 453 2469 viro
485 2416 663 2487 digna
690 2416 848 2472 haud
881 2417 1022 2486 scio,
1057 2419 1157 2473 sed
1209 2419 1419 2474 accidit
1449 2423 1664 2475 tamen.
1722 2419 1987 2475 Aliorum

333 2519 427 2560 me
456 2504 688 2575 puduit,
721 2506 822 2576 qui
850 2522 984 2561 cum
1018 2506 1312 2579 plerisque
1335 2508 1516 2564 nihilo
1548 2508 1818 2565 meliores
1847 2510 1987 2577 sint,

333 2596 511 2663 atque
544 2593 765 2648 utinam
800 2612 914 2649 non
946 2594 1121 2650 etiam
1155 2594 1339 2651 multo
1373 2598 1619 2667 pejores,
1669 2596 1870 2664 illotis,
1926 2603 1989 2652 ut

336 2680 449 2734 dici
481 2679 647 2747 solet,
682 2682 955 2738 manibus
987 2684 1363 2756 profanisque
1394 2686 1607 2741 animis
1639 2686 1697 2740 in
1743 2685 1989 2742 sanctis-

335 2769 488 2825 sima
517 2771 795 2842 mysteria
825 2788 951 2827 sese
981 2772 1261 2840 inferunt,
1314 2790 1379 2829 ac
1429 2774 1773 2846 priusquam
1826 2774 1988 2847 digni

336 2859 474 2925 sint,
509 2859 603 2931 qui
638 2860 709 2914 ad
744 2877 835 2916 res
870 2878 1070 2916 sacras
1104 2863 1399 2931 accedant,
1442 2864 1763 2919 sacrarium
1795 2864 1991 2935 ipsum

334 2948 624 3012 ambiunt,
651 2952 709 3003 et
740 2949 959 3004 circum
990 2954 1425 3006 sacrosanctam
1462 2968 1718 3006 mensam
1753 2968 1881 3007 sese
1904 2953 1991 3007 in-

332 3037 517 3092 vicem
538 3042 812 3108 premunt
829 3054 894 3092 ac
911 3040 1284 3110 protrudunt,
1313 3044 1592 3111 tanquam
1623 3058 1737 3095 non
1760 3042 1992 3097 virtutis

334 3125 688 3197 exemplum,
721 3127 819 3183 sed
848 3127 1035 3184 victus
1059 3129 1301 3199 parandi
1332 3130 1696 3185 occasionem
1721 3135 1777 3186 et
1797 3131 1992 3186 subsi-

337 3215 501 3269 dium
534 3215 687 3271 hunc
718 3216 981 3272 ordinem
1014 3234 1144 3273 esse
1167 3220 1527 3289 judicantes,
1551 3236 1617 3275 ac
1639 3237 1753 3275 non
1777 3237 1995 3275 munus

336 3303 655 3359 referendis
687 3306 1012 3361 rationibus
1044 3308 1384 3378 obnoxium,
1419 3310 1520 3365 sed
1553 3309 1868 3381 imperium
1922 3311 1993 3365 ab

337 3392 497 3447 omni
520 3408 768 3449 censura
797 3394 1080 3451 immune.
1114 3397 1222 3462 Qui
1254 3397 1428 3453 etiam
1459 3414 1558 3453 eos
1589 3399 1807 3469 quibus
1845 3416 1992 3470 prae-

340 3486 499 3547 sunt,
532 3498 774 3537 numero
798 3484 925 3554 jam
956 3484 1073 3540 fere
1106 3492 1425 3557 superant;
1459 3488 1531 3542 ob
1574 3487 1854 3559 pietatem
1889 3488 1996 3543 uti-

341 3587 455 3641 que
486 3571 705 3641 miseri,
734 3573 805 3627 ob
865 3573 1237 3645 splendorem
1298 3574 1579 3631 infelices.
1636 3581 1838 3649 Itaque
1895 3578 1995 3633 16

347 3680 711 3806 Β(90)οἸ“α’ί1ς
769 3677 971 3735 ἐλπίσι.
1034 3682 1200 3736 Deest
1249 3683 1307 3737 in
1365 3698 1465 3739 sex
1519 3683 1677 3739 Colb.
1739 3688 1797 3739 et
1852 3689 2001 3756 sept'

396 3767 513 3806 θα..
592 3769 636 3805 r.
716 3792 727 3806 .

396 3767 513 3816 eg.,
542 3767 636 3805 ur.
674 3767 727 3807 1.

430 3767 960 3896 $1,)Liirci1itiitrtdv1a.
998 3825 1121 3881 Non
1148 3825 1316 3896 pauci
1339 3824 1557 3880 habent
1584 3822 2004 3895 καταλείποντα,

439 3826 530 3889 91)
566 3826 960 3878 Καταλιπόντα.
998 3826 1121 3881 Non
1148 3826 1316 3896 pauci
1339 3826 1557 3880 habent
1584 3826 2004 3895 καταλείποντα,

414 3826 530 3966 (92)
566 3890 635 3949 EI’
659 3914 740 3955 τις
775 3894 948 3965 ὑμῶν.
988 3919 1006 3943 ι
1046 3896 1107 3951 Si
1165 3896 1297 3967 quis
1344 3902 1683 3960 vestrum,»
1741 3903 1875 3965 ctc.,
1924 3899 2006 3953 ita

347 3968 519 4037 Aug.,
556 3972 721 4021 tract.
758 3986 888 4022 xxvr
919 3969 977 4021 in
1007 3970 1190 4032 Joan.,
1217 3985 1265 4022 c.
1297 3969 1352 4033 6,
1386 3984 1445 4023 ιι.
1482 3969 1547 4035 4;
1609 3991 1635 4018 ‹‹
1672 3971 1750 4024 Da
1798 3986 2005 4025 aman-

348 4043 535 4093 tem...
567 4043 623 4091 et
654 4040 843 4109 sentit
864 4040 1019 4109 quod
1043 4040 1193 4107 dico,
1222 4060 1248 4087 η
1280 4046 1388 4095 etc.

421 4109 535 4179 (93)
568 4112 795 4181 Πρᾶγμα
828 4107 994 4183 δοκεῖ.
1030 4111 1124 4183 Sic
1158 4112 1322 4183 Reg.,
1380 4110 1541 4168 Colb.
1594 4110 1690 4165 Or.
1733 4112 1783 4178 1,
1841 4111 2003 4181 Jes.;

353 4178 868 4253 θᾶ.-γοι·ο“ςζτρἆμα
897 4180 1029 4235 εἶναι
1063 4178 1231 4253 δοκεῖ.

395 4246 719 4325 ,(94)ῌ1λξξίεέε
766 4246 873 4307 ’ὑπὸ
916 4258 1017 4319 τῆς
1076 4249 1233 4314 ἲδίας.
1286 4252 1461 4308 Elias.
1527 4275 1553 4302 «
1597 4251 1716 4309 sive
1772 4270 1874 4325 per
1914 4271 2004 4325 se,

354 4321 427 4377 ob
458 4320 841 4379 stoliditatem
879 4340 1047 4379 suam
1081 4330 1139 4380 et
1167 4325 1546 4391 dementiam,
1585 4325 1703 4380 sive
1750 4320 1820 4380 ab
1875 4320 2006 4380 aliis

354 4393 647 4467 depravati
678 4400 735 4449 et
764 4396 1007 4467 decepti.
1042 4395 1325 4452 Malorum
1388 4396 1543 4451 enim
1588 4396 2005 4467 magistrorum

356 4464 529 4537 malae
556 4473 692 4537 sunt
722 4464 1064 4537 disciplinae.
1092 4490 1119 4516 υ

427 4535 538 4606 (95)
572 4534 1059 4609 Πράγματι-καλῷ.
1094 4538 1269 4603 Elias,
1310 4561 1337 4589 ‹‹
1372 4539 1629 4594 honestas
1684 4537 1787 4606 rei,
1817 4560 1846 4587 ››
1898 4538 2006 4594 hoc

353 4613 461 4671 est,
499 4610 829 4663 monasticae
861 4609 987 4663 vitae
1019 4626 1082 4664 ac
1113 4610 1365 4665 secessui
1394 4627 1427 4664 a
1460 4611 1700 4666 mundo.

424 4678 690 4753 (96)_L"_Iv'
745 4676 799 4734 ἓν
887 4679 949 4753 γέ
994 4700 1046 4753 τι
1132 4680 1344 4741 πάντως
1428 4680 1611 4741 αὐτοῖς
1696 4679 2004 4753 ἁμαρτάνῃ-

350 4748 457 4821 ται,
498 4748 739 4805 Billius:
773 4776 801 4803 ‹‹
837 4748 947 4820 quo
980 4752 1064 4821 Iit,
1092 4776 1117 4800 ››
1150 4758 1260 4807 etc.
1295 4753 1472 4809 Gabr.
1506 4776 1531 4802 ‹‹
1568 4754 1649 4807 ita
1697 4748 1781 4819 ut,
1814 4748 1839 4801 Ξ)
1891 4758 2002 4807 etc.

352 4820 558 4895 Melius
585 4822 779 4895 AElias:
820 4846 846 4873 ‹‹
879 4823 987 4879 hoc
1020 4841 1187 4895 porro
1209 4841 1275 4879 eo
1310 4826 1545 4892 faciunt,
1586 4823 1683 4893 qui
1714 4824 2005 4892 ejusmodi

352 4893 712 4967 professione
742 4895 964 4967 indigni
998 4893 1155 4965 sunt,
1200 4903 1263 4949 ut
1312 4913 1379 4951 ex
1438 4897 1531 4950 his
1591 4896 1821 4950 duobus
1872 4911 2003 4966 pec-

353 4964 500 5045 catis
523 4964 1147 5047 _alterutrum'omnino
1169 4968 1502 5047 admittant.
1527 4970 1712 5047 »_Jam
1755 4964 2003 5047 si_roges
2034 4980 2080 5045 D
2117 4966 2386 5047 regf‘l‘en‘t

356 5037 605 5109 quierint
635 5056 783 5108 quos
817 5055 1054 5109 peccare
1084 5038 1294 5094 asserit
1340 5038 1690 5109 Gregorius:
1739 5037 1821 5092 vel
1879 5038 2007 5109 ipsa

357 5106 669 5181 multitudo
702 5106 969 5181 improba
998 5130 1013 5173 ;
1046 5110 1132 5165 vel
1175 5110 1351 5164 invidi
1409 5106 1481 5164 et”
1512 5109 1797 5181 irrisores,
1850 5106 2003 5179 quod

355 5195 471 5251 prae
502 5196 563 5234 se
595 5180 742 5235 ferre
790 5180 1015 5237 videtur
1070 5187 1299 5248 textus;
1355 5181 1441 5235 vel
1500 5180 1725 5251 indigni
1788 5181 2009 5251 profes-

357 5253 525 5323 sione!
551 5268 656 5307 sua
689 5254 980 5319 monachi,
1029 5258 1090 5307 ut
1138 5254 1276 5308 Eliaa
1328 5252 1549 5323 placet;
1603 5253 1842 5306 demum
1892 5251 2005 5321 ipsi

357 5321 664 5378 saeculares
698 5342 829 5379 rum
859 5325 1225 5379 'l‘illemontio
1261 5321 1507 5394 possunt
1538 5323 1807 5393 intelligi.
1858 5324 2005 5386 Quid

356 5411 489 5467 vero
525 5401 805 5465 peccant?
836 5396 1122 5451 Nimirum
1156 5394 1364 5467 vulgus
1394 5402 1451 5450 et
1482 5395 1660 5449 invidi
1688 5394 1950 5449 irrisores
1974 5412 2007 5449 ο.

356 5466 473 5519 vita
506 5466 827 5521 monastica
858 5468 1169 5534 deterrent,
1204 5466 1281 5523 eti
1308 5484 1432 5522 sese
1481 5467 1741 5537 aliosque
1790 5467 2005 5521 mundo

363 5537 682 5602 adducunt;
716 5544 814 5592 aut
864 5540 1209 5594 secessionis
1266 5540 1415 5594 bono
1450 5540 1620 5592 {idem
1671 5537 2005 5592 detrahunt.

364 5609 579 5663 Deinde
614 5609 768 5678 pravi
803 5611 1093 5676 monachi,
1128 5612 1173 5665 si
1210 5610 1338 5666 illos
1370 5610 1681 5679 intelligas,
1707 5610 1813 5663 hoc
1839 5610 2003 5663 multi

365 5685 718 5753 perpetrant,
756 5686 815 5734 ut
857 5683 1091 5753 impune
1146 5682 1256 5737 sibi
1316 5684 1489 5737 licere
1539 5686 1746 5753 putent
1791 5682 2008 5753 mundo

366 5770 432 5809 ac
464 5753 637 5827 rebus
670 5752 972 5827 humanis:
994 5753 1307 5827 adhaerere,
1361 5752 1555 5827 atque
1583 5752 1759 5827 etiam
1824 5752 2009 5827 adhae-

365 5826 552 5895 reant,
583 5827 694 5881 etc.
730 5824 897 5881 Haud
924 5824 1501 5899 absimilisloquendi
1526 5825 1736 5882 modus
1756 5824 2010 5881 occurrit

2095 2329 2231 2404 πρὸς
2288 2328 2427 2403 ὑμᾶς
2480 2335 2583 2384 πᾶν
2636 2330 2699 2385 τὸ
2757 2328 3094 2406 ἀπόρῥητον.
3156 2329 3255 2384 οὐκ
3313 2330 3416 2385 οἷδ’
3476 2327 3584 2386 sicce
3643 2332 3759 2405 (97)

2096 2418 2349 2492 ἄγροικον
2409 2416 2514 2472 εἷ’τε
2562 2417 2865 2495 ἐλεύθερον,
2927 2418 3124 2483 ἔπαθον
3191 2416 3239 2473 δ’
3298 2416 3412 2474 οὖν’
3471 2419 3759 2497 ᾐσχύνθην

2099 2506 2230 2579 ὑπὲρ
2256 2511 2363 2560 τῶν
2399 2504 2607 2579 ἄλλων,
2641 2506 2781 2576 ὅσοι,
2820 2505 2988 2580 μηδὲν
3024 2511 3133 2562 τῶν
3166 2506 3393 2563 πολλῶν
3428 2503 3583 2569 ὄντες
3636 2508 3763 2584 βελ-

2097 2593 2265 2665 τίους,
2304 2597 2438 2672 μέγα
2472 2596 2566 2668 μὲν
2617 2593 2709 2649 οὖν
2757 2599 2892 2669 (98),
2927 2593 2978 2650 εἷ’
3020 2594 3111 2651 καὶ
3166 2598 3244 2670 μὴ
3275 2595 3482 2669 πολλῷ
3512 2597 3763 2673 χείρους,

2100 2683 2343 2746 ἀνίπτοις
2372 2683 2583 2760 χερσὶν,
2615 2684 2644 2739 ’ὁ
2696 2681 2761 2753 δὴ
2815 2682 3051 2760 λέγεται,
3098 2684 3189 2738 καὶ
3241 2684 3523 2758 ἀμυήτοις
3563 2688 3769 2761 ψυχαῖς

2098 2777 2214 2833 τοῖς
2290 2771 2616 2847 ἁγιωτάτοις
2695 2771 2916 2831 ἑαυτοὺς
2993 2771 3333 2849 ἐπεισάγουσι
3370 2789 3387 2805 ’
3465 2772 3555 2827 καὶ
3636 2773 3771 2849 πρὶν

2101 2858 2237 2931 ἄξιοι
2288 2860 2529 2936 γενέσθαι
2591 2862 2705 2934 (99)
2754 2861 3031 2937 προσιέναι
3089 2866 3206 2922 τοῖς
3256 2861 3448 2936 ἱεροῖς,
3501 2882 3766 2934 μεταποι-

2101 2954 2283 3004 οῦνται
2331 2954 2427 3003 τοῦ
2482 2951 2730 3025 βήματος
2777 2952 2876 3023 (1),
2928 2946 3204 3005 θλίϐονταί
3251 2971 3307 3005 τε
3354 2950 3445 3004 καὶ
3496 2951 3760 3005 ὠθοῦνται

2101 3039 2225 3111 περὶ
2274 3040 2371 3106 τὴν
2424 3038 2573 3115 ἁγίαν
2623 3040 2913 3115 τράπεζαν,
2959 3037 3141 3115 ὥσπερ
3191 3038 3290 3093 οὐκ
3338 3038 3538 3112 ἀρετῆς
3568 3038 3760 3114 τύπον,

2102 3125 2229 3181 ἀλλ’
2260 3126 2513 3205 ἀφορμὴν
2551 3126 2673 3203 βίου
2720 3129 2819 3197 τὴν
2870 3127 3016 3197 τάξιν
3065 3128 3265 3198 ταύτην
3314 3126 3450 3183 εἶναι
3496 3128 3753 3203 νομίζον-

2101 3237 2207 3285 τες,
2260 3214 2385 3271 οὐδέ
2432 3215 2774 3293 λειτουργίαν
2829 3216 3161 3287 ὑπεύθυνον,
3210 3216 3335 3272 ἀλλ’
3382 3217 3562 3293 ἀρχὴν
3612 3218 3756 3288 ἀνεξ-

2104 3304 2344 3360 έταστον.
2398 3306 2499 3362 Καὶ
2548 3305 2651 3360 εἶσὶ
2703 3303 2897 3381 σχεδόν
2936 3328 2991 3360 τι
3039 3305 3263 3367 πλείους
3310 3307 3426 3360 κατ’
3459 3307 3689 3380 ἀριθμὸν
3720 3301 3757 3373 ἤ

2105 3392 2319 3449 ὁπόσων
2374 3392 2626 3471 ἄρχουσι·
2680 3392 2910 3450 δείλαιοι
2957 3401 3056 3463 τῆς
3106 3389 3396 3464 εὐσεϐείας,
3429 3393 3517 3448 καὶ
3571 3392 3751 3449 ἄθλιοι

2103 3490 2202 3553 τῆς
2236 3482 2626 3558 λαμπρότητος
2828 3481 2966 3538 ὥστε
3014 3480 3205 3558 ἔμοιγε
3254 3480 3495 3555 δοκοῦσι,
3529 3482 3761 3558 προϊόν-

2114 3593 2205 3633 τος
2232 3576 2328 3626 τοῦ
2355 3570 2559 3645 χρόνου
2606 3571 2695 3626 καὶ
2750 3575 2845 3625 τοῦ
2875 3575 3064 3641 κακοῦ,
3100 3569 3241 3644 μηδὲ
3279 3569 3424 3647 ἔχειν
3457 3569 3652 3625 λοιπὸν
3688 3572 3762 3625 ὧν

2117 3681 2176 3734 in
2233 3678 2612 3733 Admonitione
2664 3679 2887 3750 Agapqti
2932 3679 3006 3734 ad
3033 3679 3434 3750 (Justinianum
3480 3680 3769 3750 imperato-

2114 3767 2251 3817 rem,
2308 3767 2473 3825 num.
2526 3750 2591 3803 12
2616 3745 2789 3825 :_"Iv_a'
2821 3745 2969 3825 δυοῖν
3023 3749 3241 3825 θάτερον
3290 3747 3477 3825 αὐτοῖς
3524 3745 3767 3825 adadp-rd-

2113 3839 2291 3891 νηται,
2340 3820 2376 3887 ἢ
2424 3820 2492 3896 το
2528 3819 2690 3896 κακὸν
2732 3816 3206 3896 ἐπαινούμενον,’ἢ
3245 3817 3503 3896 τρ-καλὸν
3543 3816 3766 3896 ὗϐρίζό-

2119 3912 2299 3964 μενον.
2335 3893 2815 3964 Quodinterpres
2847 3893 2931 3948 sic
2964 3893 3152 3948 reddit
3181 3910 3192 3948 :
3228 3915 3256 3942 «
3290 3892 3363 3948 Ut
3410 3894 3481 3949 de
3533 3892 3763 3949 duobus

2115 3963 2363 4021 alterum
2397 3964 2467 4018 ab
2501 3963 2644 4035 ipsis
2674 3964 3092 4035 committatur,
3125 3964 3209 4019 vel
3243 3980 3553 4035 pravorum
3614 3965 3764 4034 laus,

2113 4036 2205 4093 vel
2236 4034 2694 4107 contumeliosus
2728 4036 3011 4107 bonorum
3046 4034 3437 4107 cOntemptus.
3471 4058 3498 4086 ››

2209 4107 2299 4172 97)
2334 4102 2450 4178 Οἶδ’
2484 4107 2621 4178 Reg.
2657 4112 2763 4162 rst
2784 4107 2906 4178 _Jes.
2936 4124 2948 4163 :
2982 4106 3040 4161 in
3073 4108 3163 4162 ed.
3197 4102 3337 4161 οῖδα.

2208 4179 2301 4247 98)
2361 4174 2511 4251 Μέγα
2570 4174 2665 4249 μὲν
2752 4174 2866 4232 οὗν.
2954 4203 2980 4230 ‹‹
3038 4182 3161 4233 Imo
3248 4178 3392 4235 sotis
3477 4194 3771 4251 superque

2117 4251 2310 4305 fuerit.
2348 4272 2375 4298 »

2188 4322 2302 4392 (99)
2326 4319 2570 4373 Γενέσθαι
2602 4319 2774 4375 Deest
2798 4320 2856 4374 in
2881 4337 2980 4376 sex
3010 4320 3149 4393 Reg.
3174 4326 3232 4377 et
3253 4320 3513 4393 quinque
3543 4321 3698 4377 Colb.

2189 4392 2267 4463 (1)
2334 4394 2763 4463 Μεταποιοῦνται
2844 4394 2941 4444 τοῦ
3026 4392 3293 4463 βήματος.
3374 4413 3403 4442 ‹‹
3436 4393 3770 4449 Sacrarium

2117 4462 2405 4519 ambiunt.
2435 4486 2461 4513 »
2491 4462 2769 4518 Praeclare
2798 4462 3180 4519 CombefisiUs
3203 4466 3273 4519 ad
3293 4463 3410 4519 hac
3432 4464 3607 4520 verba
3628 4466 3770 4521 scri-

2116 4535 2237 4608 bit:
2302 4557 2329 4608 ς(
2361 4539 2437 4589 De
2496 4534 2850 4608 presbyteris
2907 4535 3137 4608 accipit
3174 4535 3554 4608 (Gregorius),
3622 4552 3769 4608 quos

2110 4607 2235 4677 jam
2268 4606 2465 4676 plures
2495 4606 2635 4661 dicit
2664 4622 2841 4676 quam
2874 4606 2994 4661 sint
3036 4606 3297 4661 subditi.
3357 4606 3470 4661 Nec
3518 4606 3671 4661 bene
3713 4609 3768 4659 in

2118 4676 2284 4749 Billio
2317 4677 2532 4749 ubique
2561 4678 2812 4749 margini
2845 4678 3162 4749 ascriptum
3224 4679 3295 4733 de
3342 4678 3655 4749 episcopis,
3707 4693 3773 4730 ac

2118 4748 2167 4803 si
2200 4765 2349 4803 unos
2381 4748 2474 4803 hic
2504 4748 2709 4819 tangat
2733 4748 3063 4820 Gregorius,
3095 4766 3225 4820 non
3257 4750 3415 4819 ipsos
3474 4748 3769 4820 simplices

2116 4820 2467 4901 sacerdotes,
2503 4815 3048 4901 quorumipsorum
3082 4818 3227 4901 ἀρχή
3264 4815 3611 4901 ὁριπροεδρίᾶ
3642 4824 3767 4873 tum

2116 4892 2370 4946 maxime
2392 4888 2664 4946 cum'non
2687 4888 3269 4947 ordinabantur'sine
3289 4888 3480 4960 titulo,
3504 4888 3570 4945 ac
3592 4907 3765 4961 quam

2117 4966 2404 5015 regerent-
2438 4961 2626 5015 nlebe.
2654 4985 2682 5013 »

2614 4985 2682 5017 .))

2187 4966 2404 5032 gerent,
2480 4963 2682 5018 lebe.»

2187 5036 2261 5105 (‘2)
2329 4979 2589 5105 ΔΔιίλαιοι
2670 5033 2769 5100 τῆς
2820 5024 3143 5105 εὐσεϐείας,
3224 5030 3314 5105 καί
3398 5025 3580 5105 ἄθλιοι
3670 5036 3770 5097 τῆς

2117 5101 2531 5177 λαμπρότητος.
2566 5106 2767 5177 (Locus
2800 5103 2867 5177 Ais
2896 5121 2927 5158 a
2961 5102 3120 5158 nullo
3164 5102 3344 5177 nobis
3400 5102 3655 5177 videtur,
3704 5119 3774 5156 ne

2118 5174 2419 5249 quidemga
2448 5176 2765 5249 novissimo
2796 5175 3116 5249 interprete
3150 5174 3771 5249 Gallico,_i_ntellectus

2117 5245 2217 5304 aut
2245 5247 2583 5320 explicatus.
2616 5248 2740 5304 Non
2765 5246 2916 5302 male
2947 5245 3154 5318 primis
3196 5246 3353 5320 curis
3395 5245 3611 5320 Billius
3651 5262 3772 5301 ver—

2115 5320 2279 5388 tisse,
2314 5318 2361 5375 si
2394 5325 2530 5375 nota
2562 5325 2819 5375 mentem
2853 5335 3021 5376 suam
3057 5318 3402 5390 aperuisset,
3433 5318 3616 5375 videri
3646 5334 3775 5390 pos-

2117 5392 2230 5447 sit:
2282 5416 2307 5441 ‹‹
2346 5392 2559 5463 Pietate
2605 5391 2828 5459 miseri,
2879 5388 3539 5463 dignitatissplendore
3587 5388 3771 5463 infeli-

2117 5478 2232 5544 ces.
2260 5484 2285 5511 ››
2322 5463 2432 5544 Sed
2466 5462 2659 5544 minus
2692 5467 2864 5543 recte,
2911 5459 3333 5544 posterioribus
3384 5461 3541 5544 curis
3592 5459 3775 5544 reddi-

2118 5534 2223 5602 dit,
2260 5556 2285 5581 ‹‹
2321 5534 2391 5588 ob
2430 5534 2701 5604 pietatem
2735 5530 2954 5589 miseri.
2988 5558 3007 5582 ι»
3048 5534 3250 5590 Latine
3308 5538 3463 5589 certe
3514 5548 3624 5588 non
3658 5530 3765 5604 _he:

2116 5598 2338 5659 braizat
2370 5598 2571 5673 Bilius,
2607 5608 2670 5659 ut
2703 5606 2935 5676 pietatis
2966 5606 3274 5673 defectum,
3309 5606 3407 5675 qui
3451 5604 3625 5672 hujus
3658 5598 3764 5676 loci

2118 5693 2329 5733 sensus
2361 5669 2595 5749 est,ihis
2627 5669 2819 5732 verbis
2851 5677 3177 5749 exprimat;
3210 5669 3501 5747 quomodo
3532 5669 3593 5728 In
3627 5669 3760 5749 paul.

2116 5752 2248 5819 cv1i,
2307 5766 2365 5806 n.
2410 5748 2533 5819 724:
2600 5767 2622 5796 ι
2656 5750 2797 5805 Caro
2839 5743 2971 5805 mea
3020 5743 3337 5819 immutata
3387 5750 3499 5819 ost_
3536 5743 3765 5819 p_ropter

2117 5812 2333 5890 oleum,
2353 5842 2379 5871 ι)
2402 5818 2457 5875 id
2478 5823 2586 5886 est,
2610 5842 2639 5872 «
2658 5823 2895 5894 propter
2914 5820 3172 5892 inopiam
3194 5818 3326 5876 olei.
3347 5838 3376 5867 ι)
3395 5812 3764 5872 ΒΔόΒανοοε
