4152 6286
333 289 453 346 417

1482 281 1774 344 ORATIO
1819 277 1897 339 ΙΙ.
1932 310 2004 321 -—
2036 275 2600 338 APOLOGETIGA.

3632 284 3752 346 418

336 413 587 493 ἄρξουσι,
617 416 834 472 πάντων
872 412 1234 471 διδασκόντων
1266 412 1385 471 ἀντὶ
1440 417 1538 470 τοῦ
1586 408 1869 472 διδακτοὺς
1919 407 2004 463 εἶ-’

2123 408 2262 465 :ualo
2294 408 2403 466 hoc
2434 425 2551 465 una
2581 425 2715 465 cum
2748 412 3011 483 tempore
3068 426 3443 485 progressum
3491 432 3558 473 ac
3602 419 3757 477 vires

334 526 420 560 ναι
477 509 635 576 Θεοῦ,
685 503 758 567 ὥς
816 525 976 582 φησιν
1037 506 1072 574 ἡ
1132 503 1427 580 ἐπαγγελία
1470 504 1568 575 (3),
1620 501 1709 556 καὶ
1767 501 1980 555 πάντων

338 593 811 671 προφητευόντων,
845 591 981 648 ὥστε
1020 593 1149 648 εἶναι
1182 592 1270 648 καὶ
1317 590 1499 647 Σαοὺλ
1548 590 1599 645 ἐν
1652 590 1982 666 προφήταις,

338 682 473 737 κατὰ
498 683 599 751 τήν
648 681 884 737 παλαιὰν
936 681 1173 757 ἱστορίαν
1222 680 1311 736 καὶ
1361 678 1676 753 παροιμίαν.
1709 676 1838 731 Οδὲν
1884 677 1983 752 γὰρ

340 770 479 826 οὕτω
536 769 683 825 πολὺ
739 771 854 825 κατ’
886 766 1078 825 οὐδένα
1132 771 1319 846 καιρὸν
1376 765 1486 825 οὔτ’
1518 767 1678 839 ἐστὶν,
1708 761 1818 821 οὔτ’
1879 763 1987 840 ἐγέ-

337 881 476 929 νετο,
514 856 719 914 ἄλλοτε
747 857 932 914 ἄλλων
962 858 1315 931 ἀκμασάντων
1336 880 1395 913 τε
1425 856 1514 913 καὶ
1575 854 1879 928 ληξάντων,
1912 854 1984 916 ὡς

334 952 423 1003 νῦν
474 951 821 1022 Χριστιανοῖς
869 948 936 1002 τὰ
981 952 1204 1003 τοιαῦτα
1249 948 1338 1002 καὶ
1391 943 1571 1017 ὀνείδη
1620 945 1710 1000 καὶ
1742 944 1988 1019 ἁμαρτή-

341 1058 503 1110 ματα.
539 1039 634 1091 Ὧν
688 1036 735 1091 εἷ
782 1036 872 1090 καὶ
922 1043 1112 1105 στῆσαι
1151 1037 1251 1104 τὴν
1297 1037 1466 1113 φορὰν
1514 1041 1759 1111 κρεῖσσον
1792 1034 1827 1101 ἢ
1872 1033 1991 1096 καθ’

337 1128 510 1199 ἡμᾶς,
542 1123 689 1180 ἀλλὰ
715 1124 777 1179 τό
810 1144 873 1199 γε
907 1129 1080 1197 μισεῖν
1114 1125 1205 1179 καὶ
1237 1124 1582 1198 αἰσχύνεσθαι
1637 1122 1801 1197 μέρος
1851 1121 1991 1176 εὐσε-

340 1210 490 1277 ϐείας
526 1213 587 1269 οὐ
616 1213 678 1269 τὸ
709 1213 1089 1290 σμικρότατον.

2102 497 2388 570 capiente,
2420 512 2493 554 ne
2521 496 2777 555 habituri
2796 499 3035 570 quidem
3060 500 3204 556 mihi
3226 502 3514 574 videntur,
3540 507 3757 579 quibus

2102 588 2363 659 praasint,
2388 587 2664 644 omnibus
2686 587 2974 655 videlicet,
3008 605 3110 661 pro
3141 607 3207 646 eo
3241 598 3304 646 ut
3326 610 3359 648 a
3390 593 3524 667 Deo,
3560 612 3759 667 quem-

2103 676 2421 732 admodum
2452 676 2648 731 divina
2678 678 2992 748 promissio
3026 678 3269 748 ferebat,
3310 682 3663 741 edoceantur
3690 686 3757 757 3’,

2103 765 2447 821 docentibus
2473 770 2526 820 et
2547 766 3004 823 vaticinantibus
3036 769 3102 836 ³³,
3135 769 3298 838 adeo,
3324 775 3409 836 ut,
3425 773 3594 842 juxta
3610 779 3759 831 vete-

2096 870 2219 911 rem
2262 853 2569 910 historiam
2630 858 2686 910 et
2743 857 3107 926 paroemiam,
3152 859 3293 915 Saul
3341 877 3572 933 quoque
3617 865 3762 921 inter

2093 942 2389 1015 prophetas
2419 944 2497 998 sit
2524 944 2592 999 3‘.
2623 943 2823 1017 Neque
2854 946 3009 1001 enim
3043 950 3206 1003 tanta
3236 947 3415 1005 ullius
3463 951 3543 1006 rei
3586 952 3763 1009 uber-

2102 1036 2192 1088 tas
2226 1036 2328 1088 aut
2358 1048 2514 1087 nunc
2545 1038 2654 1100 est,
2688 1037 2790 1089 aut
2821 1051 3086 1105 unquam
3120 1036 3248 1105 fuit,
3282 1053 3415 1093 cum
3461 1039 3574 1096 alia
3617 1042 3763 1100 alias

2105 1122 2416 1194 viguerint,
2451 1138 2514 1177 ac
2538 1123 2775 1178 tandem
2806 1122 2979 1178 ﬁnem
3013 1126 3363 1197 acceperint,
3397 1145 3572 1200 quam
3606 1148 3763 1189 nunc

2110 1212 2263 1281 apud
2294 1210 2653 1268 Christianos
2685 1211 2887 1268 crebra
2915 1218 3057 1268 sunt
3086 1213 3426 1286 hujusmodi
3459 1220 3669 1289 probra
3706 1225 3764 1278 et

342 1310 600 1376 peccata.
636 1304 894 1368 Quorum
926 1304 1034 1360 etsi
1067 1305 1351 1376 impetum
1398 1304 1805 1376 comprimere,
1864 1301 2060 1372 majus
2106 1302 2215 1367 est,
2258 1316 2435 1372 quam
2494 1317 2597 1372 pro
2651 1300 2867 1358 virium
2927 1307 3261 1360 nostrarum
3316 1306 3628 1378 facultate;
3690 1326 3756 1366 ac

342 1399 499 1450 certe
530 1394 744 1463 odisse,
779 1410 845 1449 ac
878 1393 1099 1464 pudore
1131 1393 1283 1450 affici
1315 1393 1544 1464 pietetis
1576 1409 1711 1464 pars
1743 1396 1833 1447 est
1863 1406 1976 1446 non
2009 1388 2273 1444 minima.

416 1482 490 1538 ϐ’.
522 1482 585 1534 Ὃ
646 1478 702 1535 δὲ
756 1480 1065 1537 τελευταῖον
1113 1479 1202 1535 καὶ
1266 1481 1449 1553 μεῖζον
1504 1485 1611 1535 τῶν
1673 1479 1999 1555 εἰρημένων,

344 1569 458 1642 εἶμι
485 1568 589 1644 γὰρ
621 1568 703 1623 ἐπ’
732 1568 892 1624 αὐτὸν
926 1566 1034 1639 ἤδη
1062 1569 1155 1624 τὸν
1195 1567 1486 1647 κολοφῶνα
1536 1570 1613 1642 (4)
1660 1572 1757 1623 τοῦ
1809 1565 1996 1643 λόγου,

346 1657 433 1713 καὶ
464 1657 526 1711 οὐ
559 1656 850 1731 ψεύσομαΓ
886 1655 1010 1713 οὐδὲ
1053 1657 1152 1733 γὰρ
1204 1656 1357 1731 θὲμις
1404 1662 1520 1720 τοῖς
1570 1656 1695 1731 περὶ
1741 1655 1999 1727 τηλικού-

342 1768 449 1801 των
483 1747 559 1819 (5)
590 1744 941 1818 ποιουμένοις
970 1746 1061 1800 τὸν
1098 1744 1285 1819 λόγον’
1322 1744 1420 1800 οὐκ
1460 1741 1619 1819 ᾤμην
1673 1743 1786 1800 ἴσον
1838 1745 1992 1816 εἶναι,

345 1834 471 1890 οὐδὲ
528 1840 623 1890 νῦν
681 1832 893 1907 οἶόμαι,
923 1834 1163 1908 ποίμνης
1216 1833 1406 1911 ἄρχειν
1457 1834 1491 1905 ἢ
1547 1832 1865 1909 βουκολίου,
1905 1833 1994 1888 καὶ

344 1924 646 1999 ἀνθρώπων
713 1923 1010 1978 ἐπιστατεῖν
1076 1910 1323 1998 ψυχαῖς.)
1356 1924 1502 1981 Ἐκεῖ
1552 1925 1647 1996 μὶν
1694 1924 1796 1998 γὰρ
1848 1922 1997 1998 ἐξαρ-
2029 1910 2074 1975 Β

344 2018 480 2086 κεῖν,
534 2012 618 2068 ὅτι
668 2012 977 2087 παχύτατον
1043 2012 1133 2066 καὶ
1181 2011 1436 2067 πιότατον
1486 2014 1562 2085 (6)
1612 2010 1886 2084 ἀποδεῖξαι
1934 2012 1996 2065 τὸ

352 2099 643 2179 βουκόλιον
674 2101 710 2170 ἢ
744 2101 807 2155 τὸ
836 2099 1116 2174 ποίμνιον·
1160 2100 1249 2155 καὶ
1300 2101 1439 2176 πρὸς
1484 2097 1649 2155 τοῦτο
1710 2101 1848 2176 ὁρῶν
1884 2099 1913 2154 ὅ
1939 2121 1998 2155 τε

352 2189 621 2267 βουκόλος
668 2189 818 2244 καὶὸ
862 2191 1071 2263 ποιμὴν
1116 2190 1222 2244 τῶν
1270 2211 1329 2245 τε
1384 2188 1608 2265 χωρίων
1658 2189 1999 2263 ἐπισκέψεται

345 2280 413 2334 τὰ
485 2276 680 2352 ἔνυδρα
748 2279 825 2352 (7)
903 2277 991 2332 καὶ
1088 2277 1341 2351 ἐπίνομα,
1425 2277 1689 2333 εἷσελάσει
1770 2299 1829 2334 τε
1909 2278 1997 2333 καὶ

348 2366 586 2440 ἐξελάσει
645 2366 751 2423 ἀπό
807 2388 868 2422 τε
923 2370 1109 2439 νομῶν
1182 2366 1270 2421 καὶ
1352 2365 1439 2421 ἐπὶ
1510 2368 1708 2440 νομὰς,
1764 2365 1999 2421 ἀναπαύ-

346 2477 426 2511 σει
481 2477 540 2511 τε
596 2455 686 2511 καὶ
742 2456 1061 2525 ἀποκινήσει
1121 2454 1210 2510 καὶ
1274 2455 1610 2520 ἀνακαλέσει,
1674 2455 1837 2531 ὀλίγα
1905 2455 1999 2529 μὲν

348 2547 418 2619 τῇ
472 2543 743 2621 βακτηρίᾳ
789 2546 887 2618 (8),
919 2544 986 2598 τὰ
1032 2543 1219 2599 πολλὰ
1259 2541 1316 2599 δὲ
1344 2548 1412 2618 τῇ
1445 2544 1681 2622 σύριγγι.
1715 2542 1894 2600 Ἀλλο
1945 2542 2003 2599 δὲ

356 2631 508 2689 οὐδὲν
561 2632 717 2709 ἔργον
766 2632 899 2688 εἶναι
948 2638 1027 2704 τῷ
1076 2634 1293 2706 ποιμένι
1342 2634 1377 2702 ἢ
1417 2638 1496 2705 τῷ
1549 2632 1804 2709 βουκόλῳ
1853 2633 1999 2703 πλὴν

350 2721 473 2777 ὅσον
537 2722 747 2799 βραχέα
805 2720 1262 2797 προσπολεμῆσαι
1311 2728 1429 2785 τοῖς
1489 2722 1701 2791 λύκοις,
1750 2723 1839 2777 καὶ
1896 2727 2002 2778 ποῦ

351 2833 403 2866 τι
436 2814 513 2885 (9)
543 2810 632 2865 καί
664 2810 974 2887 ἁῤῥωστοῦν
1007 2810 1407 2885 ἐπισκέψασθαιο
1440 2812 1507 2866 τὰ
1535 2811 1721 2868 πολλὰ
1753 2810 1810 2867 δὲ
1857 2812 2003 2885 αὐτῷ

360 2900 588 2974 μελήσει
648 2897 798 2976 δρῦς,
829 2900 919 2955 καὶ
976 2900 1119 2973 σκιὰ,
1161 2899 1249 2955 καὶ
1310 2899 1551 2974 δόνακες,
1602 2902 1691 2957 καὶ
1742 2901 1792 2956 ἐν
1852 2902 2005 2975 καλῷ

357 2995 458 3057 τῆς
486 2988 621 3049 πόας
670 2987 1082 3061 κατακλιθῆναι,
1115 2988 1204 3043 καὶ
1254 2990 1401 3065 παρᾶ
1452 2991 1659 3066 ψυχρὸν
1716 2988 1886 3068 ὕδωρ⁹
1912 2990 2002 3046 καὶ

2184 1479 2272 1535 ΙΧ.
2306 1478 2608 1535 Postrema
2638 1495 2834 1548 causa,
2870 1484 2926 1536 et
2982 1482 3215 1554 quidem
3267 1484 3563 1552 omnibus,
3614 1504 3762 1559 quas

2108 1584 2289 1639 supra
2344 1568 2952 1637 commemoravimus,
3004 1572 3192 1641 major
3244 1573 3587 1645 graviorque
3640 1576 3763 1632 haao

2108 1657 2217 1711 fuit
2242 1682 2256 1723 ;
2280 1656 2349 1711 ad
2374 1656 2569 1728 ipsum
2589 1656 2806 1729 quippe
2828 1658 3108 1715 orationis
3127 1660 3644 1734 colophonemjam
3669 1681 3763 1721 me

2106 1746 2359 1815 confero,
2393 1761 2497 1801 nec
2524 1746 2777 1802 mentiar
2802 1768 2817 1814 ς
2848 1764 2960 1803 non
2980 1748 3136 1803 enim
3156 1750 3243 1805 fas
3268 1754 3379 1817 est,
3404 1768 3537 1806 eum
3561 1753 3661 1824 qui
3695 1754 3765 1810 de

2105 1834 2285 1889 tantis
2332 1834 2624 1906 mysteriis
2668 1836 2843 1891 verba
2893 1836 3084 1909 faciat,
3138 1839 3391 1895 mentiri.
3446 1842 3756 1913 Haudqua-

2106 1939 2283 1994 quam
2316 1923 2469 1978 idem
2503 1939 2633 1979 esse
2672 1924 3101 1993 existimabam,
3135 1943 3201 1983 ac
3234 1946 3305 1985 ne
3337 1947 3494 1984 nunc
3525 1932 3761 2002 quidem

2106 2013 2395 2081 existimo,
2426 2011 2587 2085 gregi
2618 2017 2719 2068 aut
2749 2019 3011 2070 armento
3040 2033 3311 2087 prmesse,
3346 2023 3403 2075 et
3453 2020 3760 2076 hominum

2107 2101 2336 2157 animas
2358 2101 2702 2173 gubernare.
2731 2102 2853 2158 Illic
2876 2103 3030 2159 enim
3064 2122 3241 2177 quam
3265 2106 3687 2179 pinguissimae
3708 2112 3765 2165 et

2108 2190 2488 2246 obesissimas
2519 2207 2653 2247 oves
2686 2207 2751 2246 ac
2779 2190 2955 2248 boves
2986 2193 3224 2250 reddere
3284 2197 3543 2252 sufficit:
3586 2197 3761 2267 idque

2110 2279 2244 2345 sibi,
2275 2283 2331 2334 et
2359 2283 2575 2349 pastor,
2608 2282 2666 2336 et
2696 2280 3008 2347 bubulcus,
3041 2282 3113 2338 ob
3142 2282 3342 2340 oculos
3366 2302 3610 2356 ponens,
3633 2287 3764 2342 irri-

2110 2385 2226 2441 gua
2249 2371 2306 2423 et
2335 2384 2685 2440 compascua
2713 2368 2842 2425 loca
2862 2370 3204 2442 explorabit,
3230 2387 3583 2446 gregemque
3604 2380 3660 2431 et
3686 2376 3759 2433 ad

2111 2472 2330 2527 pascua
2349 2456 2541 2524 ducet,
2564 2460 2620 2511 et
2640 2472 2673 2510 a
2694 2457 2928 2527 pascuis
2945 2458 3519 2531 educet,fessumque
3538 2477 3765 2518 recrea-

2110 2546 2216 2611 bit,
2242 2547 2300 2600 et
2320 2544 2429 2600 alio
2452 2545 2724 2613 movebit,
2751 2562 2815 2601 ac
2838 2546 3155 2614 revocabit,
3187 2546 3493 2618 aliquoties
3525 2550 3761 2620 quidem

2113 2634 2282 2705 pedo,
2306 2636 2369 2687 ut
2391 2631 2710 2703 plurimum
2744 2637 2938 2688 autem
2973 2633 3185 2689 fistula.
3215 2634 3369 2689 Nihil
3400 2652 3571 2707 porro
3606 2636 3766 2693 aliud

2115 2722 2333 2794 negotii
2366 2726 2566 2794 pastor
2593 2728 2694 2776 aut
2723 2722 3115 2779 armentarius
3136 2722 3331 2793 habet,
3357 2741 3533 2797 quam
3550 2731 3611 2782 ut
3633 2743 3764 2783 cum

2112 2810 2271 2884 lupis
2302 2827 2723 2883 nonnunquam
2759 2815 2997 2884 pugnet,
3030 2815 3204 2883 atque
3242 2812 3539 2869 interdum
3589 2817 3765 2871 etiam

2116 2917 2325 2973 aegram
2361 2915 2523 2955 ovem
2556 2904 2656 2954 aut
2679 2900 2884 2956 bovem
2909 2900 3121 2956 visitet.
3158 2901 3367 2973 Magna
3398 2907 3593 2959 autem
3616 2910 3765 2959 tem-

2117 2990 2275 3063 poris
2305 2992 2467 3061 parte
2498 3004 2751 3059 quercus
2778 2989 2912 3061 ipsi,
2947 2993 3004 3044 et
3033 2990 3264 3062 umbra,
3295 2995 3352 3047 et
3378 2992 3583 3048 ﬁstulae
3616 3008 3769 3049 curas

438 3095 484 3131 ³³
514 3095 626 3151 Isa.
661 3113 770 3163 LIV,
804 3098 905 3164 13;
937 3098 1107 3155 Joan.
1139 3115 1215 3166 v1,
1247 3098 1334 3153 45.
1415 3099 1459 3135 ³³
1489 3100 1512 3155 Ι
1544 3098 1670 3155 Cor.
1700 3117 1812 3168 xlv,
1844 3100 1947 3170 24;
1979 3101 2004 3157 1‘

2123 3120 2154 3154 ι.
2181 3115 2261 3163 x1,
2292 3096 2382 3152 29.
2459 3095 2505 3131 ³⁸
2534 3094 2556 3150 Ι
2588 3096 2725 3168 Reg.
2758 3114 2815 3164 x,
2850 3096 2909 3151 11
2948 3113 2962 3163 ς
2994 3114 3109 3163 χιχ,
3140 3097 3230 3154 24.

358 3201 776 3278 Sancigiranus
808 3203 1024 3278 abbas:
1087 3226 1115 3255 «
1149 3203 1344 3259 Miseri
1401 3205 1481 3278 ob,
1530 3206 1724 3276 ipsam
1771 3205 2007 3277 pietatis
2038 3208 2081 3275 ρ
2122 3205 2217 3278 hic
2246 3202 2438 3278 gravis
2469 3202 2723 3278 occurrit
2749 3201 3089 3278 difﬁcultas,
3139 3205 3429 3274 quomodo
3479 3204 3771 3278 Theologo

355 3275 857 3360 specielmhquam
907 3275 1139 3343 habent,
1193 3293 1311 3358 qua
1359 3293 1421 3331 se
1469 3275 1629 3360 ipsos
1687 3275 2004 3360 decipiunt,

352 3344 409 3418 et
438 3344 510 3400 ad
542 3344 769 3418 tantum
820 3363 1035 3401 munus
1089 3344 1348 3418 aspirare
1396 3344 1653 3415 audent;
1706 3354 1764 3404 et
1816 3344 2005 3404 infeli;

349 3415 533 3472 ciores
589 3417 661 3492 ob
714 3417 1049 3492 claritatem
1111 3415 1175 3472 et
1227 3418 1445 3492 famam
1505 3419 1720 3475 talibus
1772 3420 2007 3492 pietatis

347 3488 843 3545 ostentationibus
877 3495 1127 3560 partam,
1160 3506 1274 3559 qua
1306 3490 1434 3545 aliis
1456 3492 1639 3546 tantis
1663 3488 2008 3548 muneribus

351 3561 514 3631 digni
542 3561 815 3615 videntur
842 3567 901 3615 et
929 3562 998 3615 ad
1049 3576 1116 3614 ea
1163 3566 1567 3617 assumuntur.
1595 3584 1623 3612 ››
1678 3561 1749 3617 Ut
1791 3563 2007 3618 intelli«

390 3638 520 3704 stur
542 3632 644 3704 hic
674 3631 861 3704 locus,
894 3633 1320 3704 observandum
1380 3638 1468 3704 est
1514 3634 1571 3687 id
1625 3635 1778 3704 quod
1839 3640 2011 3691 antea

390 3648 520 3686 stur
549 3648 644 3686 mc
675 3648 861 3699 locus,
894 3648 1320 3687 Observandum
1380 3648 1468 3688 eet
1514 3648 1571 3687 ia
1625 3648 1778 3704 quoa
1839 3648 2008 3691 antea

350 3648 500 3775 dixit
529 3701 864 3775 Gregorius,
921 3703 1121 3774 Itaque
1155 3704 1236 3759 ait
1265 3721 1395 3759 esse
1425 3703 1712 3771 homines,
1747 3706 1843 3775 qui
1875 3723 2008 3761 cum

354 3773 486 3845 aliis
516 3773 698 3845 nihilo
730 3773 1021 3839 meliores,
1058 3774 1177 3829 imo
1207 3777 1433 3845 pejores
1457 3776 1595 3842 sint,
1618 3773 2007 3833 sacerdotium

352 3844 511 3920 velut
540 3844 931 3920 principatum
967 3844 1235 3900 ambiunt
1268 3844 1289 3914 ;'
1315 3847 1522 3901 deinde
1542 3848 1687 3902 dixit
1708 3849 1867 3920 ipsos
1892 3854 2009 3903 tam

356 3916 574 3991 multos
603 3916 751 3982 esse,
786 3922 853 3971 ut
874 3917 997 3991 jam
1031 3933 1274 3991 numero
1305 3924 1587 3991 superent
1622 3916 1751 3985 eos,
1795 3921 2011 3991 quibus

353 3988 666 4059 imperant,
699 3994 874 4058 atque
906 3989 1078 4043 etiam
1112 3989 1268 4044 brevi
1303 3990 1588 4057 futurum,
1624 3995 1688 4045 ut
1718 3988 2010 4047 neminem

356 4004 435 4043 1m
481 4004 666 4059 erant,
699 4004 874 4058 atque
906 4004 1078 4043 etiam
1112 4004 1268 4044 DI‘BVl
1303 4004 1588 4057 Iuturum,
1624 4004 1688 4045 ut
1718 4007 2010 4047 neminem

356 4004 614 4133 hageant
647 4060 1037 4133 cuiupraesint.
1073 4060 1222 4115 Tum
1256 4061 1510 4131 denique
1540 4061 1868 4133 Theologus
1916 4080 2011 4118 ex-

351 4130 605 4217 cla‘mnat‘:
644 4152 671 4181 «
704 4131 898 4217 M‘i‘seri
920 4130 1161 4217 pietate,
1188 4154 1215 4180 ››
1238 4130 1540 4217 ςιυαῐὲίειυξ
1576 4130 1873 4217 vulgarem
1898 4135 2008 4203 vix,

354 4206 456 4257 aut
486 4203 632 4275 forte
664 4201 889 4257 nullam
920 4201 1171 4275 habent:
1206 4201 1271 4258 et
1291 4227 1319 4254 «
1355 4204 1639 4275 dignitate
1677 4201 1957 4274 infelices,
1982 4201 2011 4257 ἡ

356 4289 474 4347 seu
494 4273 761 4343 imperio,
792 4290 891 4347 seu
927 4274 1255 4347 splendore,
1280 4273 1460 4347 quem
1486 4277 1609 4344 jam
1632 4277 2011 4347 ferenullum,

362 4359 429 4398 ac
464 4343 619 4398 brevi
650 4344 887 4399 omnino
910 4343 1408 4401 nullumhabiiuri
1433 4343 1587 4401 sunt.
1616 4368 1642 4397 «
1661 4343 2013 4413 Diaconos”;

361 4413 995 4489 inquitllieronymus,
1028 4433 1116 4488 ep.
1152 4418 1274 4483 101,
1308 4418 1381 4473 sl.
1413 4418 1502 4483 85,
1543 4440 1569 4467 ‹‹
1610 4420 1875 4489 paucitas
1924 4435 2015 4475 ve-

362 4484 675 4571 nerabiles,
708 4484 1080 4571 presbyteros
1101 4489 1273 4542 turba
1303 4484 1767 4571 contempti—biles
1801 4492 1957 4571 facit.
1984 4514 2011 4541 »

2120 3273 2312 3331 dicere
2344 3273 2594 3351 licuerit,
2627 3290 2689 3329 se
2719 3274 2791 3328 ad
2822 3273 3170 3351 »_summam
3193 3280 3627 3351 extremamque
3648 3273 3778 3351 ptir-

2117 3352 2240 3422 (ειη
2260 3368 2288 3395 ››
2320 3345 2604 3422 orationis
2636 3345 2994 3422 pervenisse,
3016 3362 3149 3422 cum
3180 3363 3252 3402 ne
3276 3348 3512 3422 quidem
3532 3345 3615 3407 sit
3640 3345 3775 3422 pars

2119 3417 2397 3493 decima?
2426 3416 2517 3470 vix
2548 3432 2681 3493 eum
2713 3416 2949 3472 initium
2982 3418 3140 3493 istud
3198 3416 3311 3488 est,
3345 3421 3575 3493 pedum
3632 3416 3777 3493 apex

2119 3497 2177 3546 et
2209 3489 2528 3560 fastigium.
2556 3492 2919 3560 Quapropter
2949 3489 3148 3544 malim
3178 3506 3309 3545 cum
3344 3491 3510 3547 Billio
3543 3489 3730 3547 vetere
3756 3508 3771 3548 :

2126 3585 2145 3635 «ξ
2168 3560 2516 3635 Colophona
2546 3565 2752 3617 vocant
2776 3561 2937 3635 quod
2968 3560 3125 3616 velut
3156 3578 3257 3617 arx
3285 3568 3341 3618 et
3388 3568 3564 3635 caput
3609 3569 3713 3618 est.
3741 3585 3769 3635 υ

2121 3633 2220 3689 Sin
2271 3630 2467 3705 autem
2522 3647 2720 3705 vocem
2776 3630 2948 3705 λόγου
3003 3649 3119 3688 non
3190 3630 3622 3690 «sermonem»
3685 3633 3771 3691 vel

2124 3726 2152 3755 ‹‹
2184 3704 2504 3759 orationem
2530 3723 2559 3751 »
2592 3703 3009 3775 interpreteris,
3034 3705 3132 3759 sed
3156 3727 3183 3775 ς(
3206 3706 3511 3772 rationem,
3542 3729 3562 3755 ιι
3595 3721 3771 3775 quam

2122 3776 2315 3847 reddit
2342 3777 2487 3847 fuga:
2519 3774 2997 3847 suserregorius,
3027 3774 3340 3847 intelligas,
3358 3778 3535 3847 favet
3577 3774 3639 3829 τὸ
3681 3797 3769 3830 τε-

2123 3844 2369 3899 λευταῖον
2401 3843 2683 3914 Gregorii,
2704 3843 2998 3914 ret—Basilii
3027 3843 3411 3902 νθῐὺᾶῘὋδὲ
3464 3845 3774 3901 τελευταῖον

2122 3916 2210 3970 καὶ
2247 3921 2428 3988 μεῖζον
2480 3915 2649 3988 ατίτιον
2698 3913 2953 3988 δηλονότι
2992 3923 3104 3988 τῆς
3151 3916 3443 3988 ἀπειθείας
3477 3917 3559 3972 ἐπ’
3588 3917 3771 3984 αὐτὸν,

2122 3985 2275 4066 φησί,
2325 3988 2414 4041 τὸν
2458 3986 2755 4066 κολοφῶνα
2791 3992 2888 4066 τοῦ
2938 3985 3108 4066 λόγου
3150 3985 3510 4066 πάρ-αγὲγονα·
3544 3988 3603 4043 ἐκ
3640 4010 3774 4066 παρ-

2124 4055 2313 4131 οιμίας
2386 4055 2736 4131 καὶῌτόῦτο·
2798 4055 3029 4131 ετίρηταί
3066 4055 3124 4131 δῖε
3181 4055 3441 4131 ἐπὶίτῶν
3521 4055 3770 4131 μεγάλων

2124 4081 2305 4131 οιμιας
2386 4081 2475 4111 και
2556 4081 2736 4113 τουτο·
2798 4081 3007 4131 ειρηται
3066 4081 3124 4112 ΟΞ
3181 4081 3268 4115 επι
3334 4081 3441 4113 των
3564 4081 3587 4113 ε
3626 4081 3770 4114 atva

2121 4131 2221 4207 xui
2293 4128 2756 4207 dvavnpfiﬂtva
2788 4131 2877 4185 καὶ
2956 4129 3200 4207 μεγᾴλην
3241 4130 3431 4207 *ἰσχὺν
3514 4081 3773 4207 ἑχόντων.

2130 4226 2149 4252 ιι
2188 4203 2593 4270 Ροεῐιεριῐιο,ὀι
2622 4204 2856 4274 quidem
2890 4203 3109 4258 caeteris
3136 4203 3775 4273 majorfcausa'nimi-

2124 4291 2253 4329 rum
2287 4274 2721 4348 inobedientize.
2764 4276 2847 4329 Ad
2880 4276 3474 4348 ip_sur_njam,inquit,
3498 4277 3778 4348 Colopho-

2124 4362 2257 4419 nem
2298 4345 2977 4419 orationisjamdeveni.
3028 4345 3609 4419 Proverbiu'mhistud
3641 4345 3773 4419 ‘est,

2125 4418 2453 4487 diciturque
2485 4417 2555 4472 de
2586 4418 2953 4488 gravissimis
3003 4418 3248 4473 minime
3291 4417 3486 4473 dubiis
3536 4434 3602 4475 ac
3648 4417 3777 4475 sine

2126 4488 2538 4551 controversia,
2597 4494 2653 4543 et
2704 4506 2830 4560 quae
2883 4489 2997 4560 vim
3054 4488 3226 4560 longe
3283 4489 3599 4560 maximam
3662 4490 3775 4545 ha-

363 4557 485 4645 liac
516 4555 987 4645 interpretatione
1018 4558 1191 4631 plana
1220 4565 1359 4645 sunt
1387 4555 1623 4645 omnia;
1674 4563 1872 4645 omnia
1916 4580 2004 4619 co-

2124 4561 2279 4614 bent.
2306 4580 2440 4645 »':-—
2488 4555 2780 4643 Proverbii
2830 4555 3477 4645 κολκρφῇνα“ἒπιτιδένα.ι,
3506 4562 3773 4645 [colopho-

361 4629 605 4706 hgerent,
638 4630 933 4706 superiora
962 4629 1096 4687 cum
1129 4631 1361 4702 mediis,
1398 4632 1591 4688 media
1620 4649 1754 4690 cum
1784 4636 1841 4690 et
1883 4651 2014 4706 pro-

356 4701 518 4755 xime
548 4703 944 4771 sequentibus.

433 4772 512 4843 (3)
572 4768 667 4849 θεέ-ς
726 4793 885 4849 φησιν
1036 4768 1354 4847 ἐπαγγελία.
1410 4776 1579 4829 Deest
1632 4774 1691 4829 in
1748 4776 2015 4847 pluribus

360 4844 569 4914 Regg.,
586 4843 712 4914 Jes.
738 4843 805 4914 iet
831 4851 925 4901 0r.
962 4846 1008 4899 1.

434 4912 514 4985 (ἦ)
538 4912 636 4992 Τ-ὸν
668 4913 979 4992 κολοφῷνα.
1017 4938 1045 4965 ‹‹
1079 4914 1492 4992 Colophonem,
1531 4916 1618 4992 ait
1664 4915 2013 4992 Gabrielius,

362 5001 468 5055 pro
499 4990 756 5059 extrema
785 4986 1075 5059 cujusque
1106 4986 1192 5059 rei
1218 4991 1381 5057 parte
1406 4987 1567 5058 poni,
1598 4992 1888 5059 nemorest
1917 4988 2016 5058 qui

365 5054 655 5131 nesciat.»
682 5060 833 5115 Tum
854 5054 1337 5131 'refertyxdliovh
1354 5054 1505 5131 quod
1542 5059 1756 5131 reperit
1778 5054 2013 5131 iuvetu-

362 5128 625 5205 stissimo
664 5130 896 5205 codice:
922 5200 934 5205 _
958 5124 1264 5205 Kplo'tpgbva
1303 5124 1543 5205 ’λέγουσι
1600 5124 1663 5183 τὸ
1720 5128 2014 5205 ἀκρότατον

360 5199 449 5277 καὶ
479 5199 1017 5277 ’τὸ-κεφᾴλαιονΑάπδ
1072 5198 1272 5269 ταύτης
1333 5198 1594 5277 ἱστορίας,
1643 5204 1752 5277 etc.
1791 5198 2015 5277 '(Sello-

359 5270 503 5325 lium
537 5270 692 5327 istud
729 5290 845 5329 non
878 5274 937 5327 in
970 5290 1088 5329 uno
1121 5277 1347 5329 tantum
1370 5270 1767 5329 vetustissimo
1798 5270 2015 5342 codice,

359 5342 463 5397 sed
498 5343 555 5397 in
589 5343 806 5415 plurib.
840 5345 1036 5417 Regiis
1077 5350 1136 5399 et
1183 5343 1385 5417 Colb.)i
1427 5365 1456 5395 «
1486 5343 1877 5417 Colophonem
1925 5361 2018 5401 vo-

362 5418 497 5486 cant
528 5421 844 5472 extremam
876 5415 947 5473 ac
968 5432 1262 5472 summam
1294 5416 1585 5486 cujusque
1611 5415 1692 5470 rei
1714 5421 1958 5486 partem.
1987 5440 2011 5470 ι

361 5485 509 5570 {lino
540 5492 761 5570 veteres
783 5488 1069 5570 proverbii
1101 5488 1225 5543 loco
1266 5482 1798 5570 dicere—noloeaiva
1845 5485 2019 5570 tum:

360 5553 535 5632 tityon.
552 5579 581 5609 ‹‹
606 5553 1251 5632 fastigiumimponere.
1274 5580 1296 5608 ιι
1320 5558 1414 5614 Sic
1434 5553 1873 5632 Demosthenes.
1890 5560 2019 5632 ep.3

366 5629 439 5688 ad
468 5628 838 5707 Dionysium.
871 5630 1001 5688 Alia
1020 5628 1166 5690 addi
1196 5633 1432 5706 possent
1470 5631 1753 5706 exempla.
1801 5628 2019 5690 Verum

2124 4648 2247 4686 nem
2278 4630 2501 4703 addere,
2534 4631 2816 4703 originem
2850 4630 3209 4688 inde'Strabo
3241 4633 3475 4688 deducit
3501 4633 3599 4703 (14-
3638 4630 3777 4689 ante

2125 4702 2302 4771 med.)
2334 4702 2486 4773 quod
2519 4702 2860 4774 Colophonii
2887 4704 2947 4758 in
2980 4703 3149 4760 bellis
3180 4704 3323 4759 adeo
3344 4702 3607 4774 equitatu
3630 4720 3776 4774 prte-

2126 4774 2359 4847 stabant
2386 4775 2608 4847 caeteris
2638 4775 2997 4845 nationibus,
3030 4779 3094 4831 ut
3122 4792 3473 4847 quocunque
3494 4774 3774 4847 accessis-

2126 4849 2256 4917 sent
2284 4844 2340 4898 in
2375 4844 2677 4917 auxilium,
2708 4844 3008 4902 victoriam
3042 4844 3310 4917 parerent
3338 4844 3395 4902 et
3426 4845 3573 4900 bello
3597 4846 3772 4901 finem

2125 4916 2507 4984 imponerent.
2542 4916 2881 4973 FORCELLINI
2911 4920 2984 4973 ad
3012 4916 3210 4974 vocem.

2197 4982 2273 5057 (5)
2314 4982 2689 5051 Τηλικούτων.
2747 4994 2835 5045 Ita
2888 4988 3114 5046 Coisl.1
3172 4994 3230 5045 et
3268 5004 3366 5044 sex
3420 4986 3620 5044 Colb.:
3680 4987 3773 5044 ed.

2122 5056 2469 5127 τηλικοῦτον.

2199 5131 2274 5201 (6)
2298 5126 2725 5202 γΚαὶΑπιότατον.
2785 5129 2991 5187 Glossa
3046 5130 3228 5186 videri
3279 5128 3466 5202 possit
3516 5128 3714 5202 addita
3747 5146 3781 5184 υ.

2126 5199 2551 5257 Parisiensibus
2582 5218 2648 5258 ex
2697 5202 2885 5258 Billio.
2932 5203 3093 5259 Hanc
3141 5199 3336 5258 tamen
3380 5202 3496 5257 duo
3549 5200 3778 5258 codices

2125 5273 2418 5328 exhibent.

2198 5346 2273 5419 (7)
2300 5338 2758 5419 ’ξνυδρακϐοἱειπ
2787 5348 2841 5419 22
2876 5340 3089 5419 εὔυδρα,
3133 5345 3215 5400 sic
3266 5344 3362 5399 Or.
3494 5346 3573 5419 et_
3600 5342 3774 5398 Elias.

2198 5412 2276 5487 (8)
2322 5412 2618 5487 Βακτηρίᾳ.
2672 5439 2699 5466 ‹‹
2739 5412 2949 5471 Pedo.»
3003 5412 3201 5471 'minus
3248 5413 3479 5487 proprie
3541 5414 3614 5470 de
3677 5431 3780 5469 ar-

2127 5486 2435 5559 mentario.
2473 5486 2603 5541 Ruf.
2638 5508 2667 5536 «
2698 5487 2929 5559 virga.»
2967 5487 3110 5544 Gab.
3144 5510 3172 5538 «
3206 5486 3437 5541 bacillo.
3461 5507 3490 5559 ξ)

2200 5558 2276 5630 (9)
2309 5556 2548 5631 Καὶ-ποῦ
2601 5577 2674 5612 τι.
2724 5555 2867 5615 Οιῐσι
2915 5560 3088 5617 unico
3136 5563 3378 5615 accentu
3425 5556 3622 5631 plures
3668 5555 3775 5613 ha-

2128 5629 2269 5689 bent
2298 5629 2466 5687 codd.
