4152 6286
446 292 566 350 H9

1687 284 1753 344 S.
1802 282 2173 345 GHEGORII
2223 284 2619 345 THEOLOGI

3739 287 3857 347 422

447 426 639 488 erunt,
671 425 728 476 et
758 421 817 475 in
848 417 1093 490 pulchra
1121 417 1303 472 herba
1350 431 1562 486 corpus
1611 420 1869 471 sternere
1921 420 2071 488 atqui

2208 413 2313 468 ὐπὸ
2364 421 2483 478 ταῖς
2534 413 2724 491 αὔραις
2776 412 3055 491 σχεδιάσαι
3101 412 3344 485 στιϐάδα,
3376 416 3466 471 καὶ
3511 421 3616 472 ποῦ
3664 438 3716 473 τι
3764 418 3852 473 καὶ

444 526 625 584 prope
655 508 907 580 gelidam
941 524 1153 577 aquam
1186 512 1242 561 et
1272 505 1379 560 sub
1412 503 1714 559 lenissima
1743 521 1885 559 aura
1916 503 2096 560 lectu-

445 599 569 655 lum
619 615 687 654 ex
736 603 997 667 tempore
1053 594 1444 665 compingere,
1504 593 1857 648 amatorium
1917 593 2093 649 etiam

444 686 724 758 quiddam
752 702 884 740 cum
917 686 1010 739 17
1049 681 1300 754 cissybio
1333 679 1656 746 cantillare,
1710 697 1776 735 ac
1827 697 1963 737 oves
2006 680 2093 737 vel

443 777 619 831 boves
649 774 888 846 alioqui.
909 778 965 829 et
990 790 1058 828 ex
1076 773 1165 826 his
1190 772 1365 827 etiam
1392 769 1813 840 pinguissimas
1832 787 2095 843 quasque

440 864 763 929 comedere,
793 867 895 917 aut
925 862 1107 933 pretio
1139 860 1426 915 addicere.
1489 860 1734 914 Virtutis
1781 875 1913 915 vero
1964 876 2092 932 gre-

439 969 580 1025 gum
613 957 714 1007 aut
741 956 1139 1006 armentorum
1172 965 1243 1003 ne
1272 944 1571 1002 levissima
1620 947 1857 1015 quidem
1905 948 2092 1003 ullum

2203 502 2461 577 ἐρωτικὸν
2496 504 2618 574 ᾆσαι
2675 504 2809 577 μετᾶ
2850 508 2946 559 τοῦ
2996 500 3278 560 κισσυϐίου
3312 507 3445 579 (10),
3476 503 3566 560 καὶ
3605 505 3852 581 προσλα-

2206 588 2373 661 λῆσαι
2417 597 2535 655 ταῖς
2588 593 2772 668 βουσὶν
2810 595 2845 663 ἢ
2892 598 2959 667 τῇ
3012 593 3237 668 ποίμνῃ·
3283 594 3371 649 καὶ
3427 594 3633 649 τούτων
3680 594 3851 651 αὐτῶν

2204 684 2548 753 θοινήσασθιοι
2579 688 2692 758 (11)
2739 686 2775 754 ἢ
2824 681 3117 739 ἀποδόσθαι
3177 686 3238 739 τὸ
3295 684 3571 742 πιότατον.
3626 690 3847 763 Ἀρετῆς

2206 769 2262 826 δὲ
2294 770 2469 835 οὐδείς
2507 794 2594 829 πω
2654 774 2925 847 ποιμνίων
2972 776 3086 847 (12)
3116 774 3150 843 ἢ
3190 772 3492 849 βουκολίων
3553 773 3846 852 ἐφρόντισε.

2203 860 2292 922 Τίς
2352 861 2454 936 γὰρ
2514 862 2602 916 καὶ
2660 861 2822 937 ἀρετή
2882 861 3195 931 τούτωνςῆ
3236 862 3319 924 τίς
3370 863 3432 917 τὸ
3482 862 3705 925 ἐκείνοις
3738 867 3849 938 (13)

2203 948 2370 1004 καλὸν
2400 951 2506 1026 πρὸ
2533 957 2632 1021 τῆς
2668 948 2806 1013 ἰδίας
2836 948 3039 1020 ἡδονῆς
3073 950 3368 1025 ἐσκέψατο,

436 1058 699 1113 unquam
732 1056 873 1096 cura
901 1038 1108 1110 tetigit.
1141 1038 1273 1101 Quae
1305 1035 1461 1090 enim
1514 1034 1695 1090 virtus
1728 1051 1930 1091 eorum
1960 1052 2087 1093 esse
2118 1040 2342 1107 queat?
2374 1046 2475 1095 aut
2531 1041 2661 1112 quis
2719 1059 2921 1098 eorum
2968 1043 3346 1099 commodum
3420 1043 3616 1113 potius
3664 1060 3838 1115 quam

434 1129 790 1202 voluptatem
823 1142 991 1183 suam
1025 1126 1363 1199 spectavit?

508 1218 573 1275 X.
606 1219 679 1273 At
700 1233 831 1272 vero
862 1215 1087 1271 homini
1119 1232 1253 1271 cum
1284 1216 1522 1273 difﬁcile
1552 1217 1625 1274 sit
1655 1216 1805 1285 scire
1864 1229 2086 1286 parere,

435 1312 565 1365 tum
597 1307 784 1363 multo
815 1303 1114 1361 difficilius
1144 1320 1273 1361 csse
1300 1306 1550 1375 videtur,
1582 1307 1729 1361 scire
1750 1303 2090 1360 hominibus

437 1398 745 1469 imperare,
770 1411 836 1451 ac
858 1394 1183 1466 praesertim
1211 1395 1268 1449 in
1292 1395 1402 1451 hoc
1423 1400 1620 1452 nostro
1643 1391 1906 1465 imperio,
1933 1390 2088 1463 quod

436 1487 495 1541 in
527 1486 654 1558 lege
684 1485 881 1540 divina
911 1484 1090 1539 situm
1122 1488 1229 1551 est,
1262 1488 1318 1539 et
1348 1486 1418 1540 ad
1458 1486 1637 1540 Deum
1669 1482 1866 1538 ducit:
1919 1481 2089 1551 cujus

434 1592 550 1647 quo
585 1576 777 1645 majus
816 1576 906 1628 est
959 1572 1276 1643 fastigium,
1337 1574 1643 1643 majorque
1690 1570 1965 1641 dignitas,
2021 1585 2087 1625 eo

432 1664 607 1719 etiam
643 1663 833 1733 majus
856 1659 1177 1733 periculum
1205 1664 1312 1729 est,
1342 1661 1615 1732 prudenti
1639 1661 1838 1731 utique
1861 1656 2085 1713 homini

432 1757 490 1807 et
519 1752 776 1807 cordato.
821 1750 1045 1821 Quippe
1098 1750 1188 1804 cui
1245 1750 1501 1820 primum
1551 1750 1697 1805 illud
1755 1748 2083 1804 curandum

2268 1216 2325 1273 Γ.
2360 1216 2659 1291 Ἀτθρώπῳ
2691 1213 2749 1271 δὲ
2806 1214 3055 1292 χαλεποῦ
3099 1212 3252 1279 ὄντος
3296 1221 3392 1272 τοῦ
3444 1214 3636 1272 εἰδέναι
3686 1216 3823 1293 ἄρχε

2197 1305 2335 1375 σθαι,
2386 1303 2681 1360 κινδυνεύει
2730 1307 2840 1378 (14)
2898 1303 3097 1378 πολλῷ
3149 1305 3537 1382 χαλεπώτερον
3599 1305 3735 1361 εἶναι
3780 1307 3842 1361 τὸ

2198 1389 2390 1448 εῗδέναι
2422 1391 2609 1469 ἄρχειν
2643 1393 2963 1467 ἀνθρώπων,
2994 1395 3084 1449 καὶ
3113 1394 3351 1468 μάλιστα
3382 1392 3447 1464 δὴ
3503 1394 3680 1471 ἀρχὴν
3719 1394 3845 1451 ταύ-

2193 1501 2292 1550 την
2322 1484 2435 1551 (15)
2461 1484 2561 1552 τήν
2606 1484 2895 1558 ἡμετέραν,
2927 1484 3026 1551 τήν
3068 1482 3119 1537 ἐν
3162 1483 3317 1557 νόμῳ
3367 1482 3517 1556 θείῳ,
3573 1484 3664 1538 καὶ
3706 1484 3841 1559 πρὸς

2195 1570 2323 1624 Θεὸν
2356 1567 2613 1644 ἄγουσαν,
2642 1573 2707 1640 ἧς
2741 1570 2863 1626 ὅσον
2895 1573 2956 1627 τὸ
2986 1571 3121 1645 ὕψος
3152 1570 3243 1626 καί
3285 1572 3348 1627 τὸ
3390 1571 3624 1645 ἀξίωμα,
3649 1576 3841 1627 τοσοῦ-

2193 1678 2286 1719 τος
2334 1659 2425 1712 καὶ
2474 1660 2500 1714 ὁ
2550 1657 2793 1722 κίνδυνος
2842 1662 2921 1731 τῷ
2951 1681 3011 1736 γε
3040 1664 3163 1716 νοῦν
3198 1656 3404 1735 ἔχοντι.
3436 1662 3530 1715 "Ov
3583 1682 3643 1737 γε
3691 1665 3840 1737 πρῶ-

2191 1767 2282 1801 τον
2337 1749 2430 1819 μὲν
2484 1745 2686 1819 δεήσει,
2732 1750 2972 1825 καθάπερ
3024 1750 3315 1826 ἂργυρονῆ
3360 1750 3585 1825 χρυσὸν,
3635 1771 3840 1805 παντα-

434 1839 562 1909 erit,
595 1843 660 1893 ut
692 1838 914 1911 argenti
947 1843 1121 1909 atque
1152 1838 1279 1893 auri
1337 1838 1542 1904 instar,
1596 1838 1756 1893 omni
1804 1853 1874 1892 ex
1924 1841 2071 1907 parte

2193 1835 2352 1911 χόθεν
2387 1837 2770 1915 στρεφόμενον,
2803 1838 2889 1892 καὶ
2918 1838 2970 1892 ἐν
3013 1839 3292 1901 παντοίοις
3325 1842 3437 1912 (16)
3486 1844 3699 1914 καιροῖς
3749 1838 3837 1894 καὶ

434 1936 722 1995 versatus,
754 1934 927 1999 atque
957 1929 1015 1982 in
1046 1928 1322 1983 omnibus
1370 1928 1734 1998 temporibus
1775 1931 1831 1982 et
1882 1926 2075 1993 rebus,

433 2034 725 2089 nusquam
757 2017 1110 2073 adulterium
1134 2021 1235 2071 aut
1265 2018 1621 2072 subaeratum
1655 2016 1933 2087 quiddam
1967 2014 2079 2070 tin-

433 2109 574 2175 niat,
600 2106 862 2177 nihilque
884 2106 1187 2162 deterioris
1207 2108 1482 2173 materiae,
1509 2107 1859 2178 flammaque
1872 2103 2079 2160 acriori

431 2197 641 2268 dignm,
674 2196 733 2250 in
765 2196 957 2266 seipso
986 2199 1173 2268 gestet
1201 2196 1278 2251 πε
1334 2212 1470 2250 nam
1504 2194 1722 2266 alioqui
1760 2197 1921 2249 tanto
1951 2209 2079 2263 gra-

427 2287 558 2345 vius
590 2285 810 2341 malum
842 2285 1034 2350 fuerit,
1068 2290 1287 2356 quanto
1318 2284 1586 2357 pluribus
1615 2282 1935 2355 imperarit.
1994 2281 2078 2337 Si-

428 2374 667 2447 quidem
696 2376 883 2444 major
912 2378 1001 2429 est
1031 2389 1099 2429 ea
1138 2373 1504 2444 improbitas,
1558 2389 1691 2445 quas
1738 2373 1809 2428 ad
1860 2369 2079 2428 multos

426 2465 626 2535 serpit,
660 2479 835 2533 quam
866 2480 933 2518 ea
960 2479 1086 2534 quae
1120 2463 1181 2517 in
1213 2480 1327 2519 uno
1359 2463 1548 2519 defixa
1578 2462 1778 2517 haeret.

497 2551 586 2606 XI.
621 2551 814 2622 Neque
845 2551 997 2606 enim
1030 2551 1119 2607 vel
1152 2550 1524 2607 indelebilem
1571 2551 1887 2606 tincturam
1941 2566 2079 2620 pan-

426 2656 559 2710 nus,
591 2638 679 2696 vel
712 2640 981 2695 toatidum
1018 2645 1118 2696 aut
1147 2656 1384 2695 suavem
1415 2641 1653 2695 odorem
1686 2656 1777 2694 res
1831 2639 2076 2694 admotae

424 2728 505 2784 ita
531 2727 698 2785 facile
727 2729 1101 2795 contrahunt,
1149 2729 1235 2784 vel
1295 2729 1543 2784 exitialis
1604 2728 1844 2799 quidam
1899 2743 2078 2798 vapor

425 2821 547 2873 tam
580 2816 747 2872 facile
777 2818 834 2871 in
870 2833 1060 2872 aerem
1094 2818 1461 2884 diffunditur,
1495 2834 1559 2872 ac
1592 2834 1691 2889 per
1722 2833 1913 2871 aerem
1945 2832 2076 2870 ani-

425 2906 648 2962 mantia
674 2912 935 2977 occupat,
970 2908 1126 2976 quod
1151 2905 1385 2976 quidem
1411 2906 1590 2977 pestis
1616 2910 1671 2960 et
1691 2912 1780 2960 est
1801 2910 1856 2960 et
1877 2901 2075 2977 appel-

424 2996 599 3065 latur,
624 3012 798 3065 quam
823 2994 1355 3061 subditi,antistitis
1379 2994 1751 3066 improbitate
1776 2993 2075 3049 celerrime

424 3083 654 3156 impleri
681 3082 890 3150 solent,
925 3090 981 3139 et
1010 3083 1243 3155 quidem
1277 3082 1461 3139 multo
1493 3083 1719 3138 facilius
1750 3099 1916 3155 quam
1964 3082 2074 3138 vir-

423 3177 566 3229 tute.
599 3173 717 3229 Hoc
749 3172 904 3228 enim
946 3178 1051 3243 est,
1086 3174 1143 3227 in
1178 3189 1293 3244 quo
1336 3172 1680 3244 improbitas
1724 3172 2072 3243 probitatem

420 3262 673 3318 maxime
702 3266 964 3333 superat,
999 3266 1055 3317 et
1096 3262 1248 3333 quod
1308 3262 1433 3332 ipse
1490 3277 1720 3317 mecum
1770 3266 2071 3333 reputans,

418 3350 832 3423 indignissime
858 3356 1031 3421 atque
1061 3349 1435 3406 acerbissime
1461 3352 1577 3405 fero
1605 3369 1617 3417 ;
1643 3350 1795 3422 quod
1824 3367 1955 3405 cum
1980 3366 2072 3406 res

416 3440 680 3511 quaedam
710 3439 783 3493 ad
812 3439 1163 3493 imitandum
1200 3455 1382 3510 prona
1406 3442 1461 3492 et
1476 3439 1747 3509 expedita
1764 3438 2071 3510 sitimpro-

414 3528 588 3597 bitas,
622 3544 725 3582 nec
756 3527 1079 3598 quidquam
1106 3532 1225 3581 tam
1260 3526 1425 3581 facile
1458 3527 1556 3593 sit,
1616 3543 1793 3597 quam
1846 3527 2068 3582 malum

410 3616 557 3686 ﬁeri,
590 3615 820 3671 etiamsi
856 3631 1027 3670 nemo
1059 3615 1266 3670 ducem
1301 3631 1360 3670 se
1394 3615 1564 3670 nobis
1591 3616 1662 3669 ad
1695 3615 1900 3670 vitium
1925 3632 2067 3687 prae-

411 3704 562 3773 beat,
596 3721 729 3759 rara
776 3709 971 3759 tamen
1033 3708 1089 3759 et
1144 3705 1327 3759 ardua
1383 3708 1472 3759 est
1527 3703 1761 3760 virtutis
1811 3705 2063 3778 adeptio,

408 3792 735 3863 quamlibet
762 3793 938 3847 etiam
972 3791 1158 3847 multa
1185 3794 1323 3863 sint,
1375 3808 1506 3864 quae
1536 3808 1643 3846 nos
1682 3792 1753 3846 ad
1785 3808 1912 3847 eam
1944 3796 2066 3847 tra-

408 3880 554 3936 hant
584 3889 636 3936 et
667 3879 929 3935 invitent.
984 3881 1146 3945 Quod
1206 3880 1379 3935 etiam
1430 3878 1630 3950 ipsum
1665 3895 1697 3934 a
1726 3878 2064 3936 beatissimo

480 3986 526 4021 ³³
556 3986 579 4041 1
609 3986 738 4042 Cor.
772 4002 857 4055 ιιι,
893 3987 960 4041 12
997 3992 1055 4041 et
1086 4002 1209 4058 seq.

483 4110 595 4181 (10)
651 4108 796 4184 Μετᾲ
850 4113 946 4164 τοῦ
1004 4104 1303 4168 κισσυϐίου.
1374 4112 1546 4167 Deest
1595 4111 1655 4166 in
1714 4116 1839 4169 octo
1899 4112 2035 4184 Reg.

412 4158 1324 4256 ςυᾘριὶοτᾟεᾶιὶξᾶὲεξξό
1346 4158 1546 4238 αἶ]νᾶ
1561 4158 1837 4256 cissybio:
1850 4205 1877 4234 »

410 4252 644 4326 quidem
665 4257 962 4326 ut_organo
986 4254 1228 4323 musico,
1254 4255 1354 4310 sed
1377 4272 1442 4309 eo
1466 4257 1537 4309 ad
1566 4252 1716 4310 latus
1738 4252 2059 4326 pendente;

409 4340 544 4377 nam
579 4322 894 4392 cissybitim
939 4330 1026 4379 est
1082 4326 1273 4398 poculi
1368 4343 1513 4381 enus
1575 4322 1875 4397 pasto—rum
1923 4322 2062 4398 pro-1

409 4394 624 4453 prium,
656 4392 762 4446 ἀπὸ
792 4393 887 4447 τοῦ
926 4399 1134 4453 κισσοῦ.
1194 4342 1364 4453 (ιιιοὲ
1399 4398 1470 4452 ab
1529 4397 1741 4453 hedera
1789 4397 1913 4453 fieri
1971 4398 2060 4453 vel

406 4394 624 4468 prium,
652 4392 762 4468 ᾁπδ
792 4393 887 4468 τοῦ
926 4392 1134 4465 κισσοῦ,
1194 4392 1359 4468 quod
1399 4398 1470 4452 ab
1529 4392 1741 4453 hedera
1789 4392 1941 4453 fieri'
1971 4398 2060 4455 vel

405 4466 754 4522 circumdari
789 4466 1017 4521 soleret.

650 4537 1025 4610 Θοινήσασθαι.
1078 4540 1388 4610 Exponunt
1437 4538 1595 4594 Colb.
1652 4556 1708 4594 m
1761 4544 1818 4595 et
1873 4540 1967 4595 ΟΡ.
2006 4543 2057 4610 1,

404 4607 611 4682 τροφὴν
669 4607 1250 4681 προσενέγκασθαι,“ἰό
1304 4616 1409 4678 est,
1463 4633 1489 4660 (ί
1523 4611 1684 4665 cibos
1735 4616 1791 4665 et
1848 4607 2058 4683 pabula

407 4684 733 4753 praebere-22

479 4751 588 4823 (12)
633 4746 832 4826 Οὐδείς
883 4772 968 4826 πω
1025 4750 1405 4826 ποιμνίωνκι(
1439 4751 1681 4826 Virtutis
1740 4769 1876 4808 vero
1920 4770 2053 4826 gre-

405 4822 577 4896 gum,
596 4828 757 4896 nete.
782 4822 869 4878 Sic
887 4824 1061 4893 Elias,
1089 4822 1279 4879 Rufin.
1321 4824 1463 4879 Oliv.
1512 4829 1567 4878 et
1602 4824 1742 4879 Gab.
1794 4822 2050 4896 Gregorii

404 4895 579 4949 verba
622 4894 1096 4969 interpretantur.
1152 4897 1511 4969 Biliusivero
1558 4912 1755 4950 curam
1812 4898 1880 4951 ad
1910 4894 2055 4969 “gre-

404 4982 538 5038 gem
568 4967 762 5031 refert,
797 4972 853 5021 et
902 4971 982 5023 sic
1030 4970 1236 5024 vertit:
1288 4989 1315 5018 ‹‹
1351 4968 1596 5021 Virtutis
1647 4984 1817 5038 porro
1863 4967 2054 5024 ne'le-

401 5037 645 5092 vissima
676 5038 911 5112 quidem
945 5057 1083 5096 cura
1115 5055 1349 5112 gregem
1384 5038 1567 5094 ullum
1594 5044 1696 5093 aut
1722 5045 2051 5096 armentum

409 5124 671 5176 unquam
706 5109 912 5176 tetigit.
935 5134 963 5161 ››

474 5180 586 5250 (13)
612 5178 792 5255 {tofm
814 5178 1067 5255 ἒκείνοιςλ.
1133 5189 1301 5238 Deest
1336 5180 1415 5242 τίς
1466 5181 1526 5236 in
1584 5185 1878 5255 sesAReg.
1931 5183 2057 5255 ple-ﬁ

402 5249 601 5326 risque
622 5251 782 5326 Cplb.
815 5271 828 5309 :
856 5255 1001 5325 Jes.,
1025 5253 1402 5326 0r.1,babent
1424 5258 1616 5326 tamen
1629 5253 1726 5308 alii
1755 5249 1867 5308 non
1886 5249 2056 5326 pauci

402 5319 521 5378 Ρτό
556 5319 800 5395 ἐκείνοις,
861 5319 999 5398 Reg:
1064 5328 1091 5382 1
1146 5319 1323 5383 habet
1380 5323 1608 5396 ἐκείνης,
1665 5319 2052 5398 nempe—itot-

404 5412 565 5466 μνης.

613 5464 938 5540 Κινδυνεύει.
973 5470 1145 5529 Coisl.
1181 5472 1232 5540 1,
1264 5464 1611 5525 κινδυνεύσει.

478 5538 592 5609 (15)
638 5536 845 5612 Ἀρχὴν
902 5542 1122 5612 ταύτην.
1182 5536 1380 5600 Petav.
1437 5546 1481 5597 ι.
1513 5540 1637 5612 .IU,
1688 5539 1793 5597 lib.
1848 5543 2051 5603 E06168.

478 5556 592 5609 (ID)
651 5556 699 5592 Α
781 5556 845 5609 ην
902 5556 1122 5612 ταύτην.
1182 5556 1380 5600 Petav.
1437 5556 1637 5611 tum,
1688 5556 1793 5597 lu).
1848 5556 2048 5603 ιςσοιθε.

399 5606 563 5681 lima,
598 5625 656 5665 ιι.
809 5631 867 5685 p.
898 5615 1023 5687 857,
1084 5640 1104 5667 α
1138 5614 1464 5689 praesrtim
1512 5610 1617 5670 tali
1667 5612 1898 5686 imperii
1950 5632 2048 5692 ge-

2190 1926 2488 2000 πράγμασι,
2540 1926 2797 1999 μηδαμοῦ
2854 1922 3122 1997 κίϐδηλον
3180 1930 3340 2004 ἠχεῖν
3399 1929 3433 1992 ἢ
3492 1924 3834 2005 ὑπόχαλκον,

2194 2011 2334 2085 μηδέ
2363 2035 2412 2067 τι
2441 2016 2618 2092 φερειν
2646 2016 2696 2070 ἐν
2727 2017 2898 2088 ἑαυτῷ
2931 2016 3068 2085 ὕλης
3124 2024 3224 2087 τῆς
3276 2017 3547 2091 χείρονος,
3580 2018 3671 2071 καὶ
3721 2030 3833 2093 θερ-

2194 2102 2424 2179 μοτέρου
2487 2104 2658 2179 πυρὸς
2696 2105 2863 2175 ἀξίας·
2917 2107 2950 2173 ἣ
2993 2105 3238 2178 τοσούτῳ
3316 2110 3498 2179 μεῖζον
3550 2102 3696 2161 ἔσται
3748 2128 3839 2161 κα-

2187 2192 2299 2262 κὸν,
2334 2192 2444 2266 ὅσῳ
2475 2214 2574 2268 περ
2609 2192 2667 2249 ἂν
2721 2190 2866 2270 ἄρχῃ
2912 2193 3180 2250 πλειόνων
3214 2196 3347 2267 (17)*
3383 2192 3532 2269 εἷ’περ
3576 2194 3665 2249 καὶ
3717 2194 3834 2267 μεί-

2192 2286 2295 2350 ζων
2321 2283 2422 2351 τῆς
2450 2282 2573 2359 περῖ
2603 2279 2695 2338 ἕνα
2727 2283 3021 2357 ἱσταμένης
3067 2284 3331 2358 πονηρίας
3384 2286 3419 2353 ἡ
3466 2283 3541 2345 εἷς
3585 2272 3831 2347 πολλοὺς

2189 2367 2470 2427 ὁδεύουσα.

2258 2549 2362 2604 IA'.
2395 2546 2467 2601 Οὗ
2498 2548 2599 2623 γὰρ
2648 2546 2820 2610 οὕτως
2870 2548 2993 2604 οὔτε
3048 2546 3372 2605 δευσοποιοῦ
3428 2546 3605 2628 βαφῆς
3667 2570 3834 2624 μετα-

2187 2630 2454 2709 λαμϐάνει
2487 2634 2685 2711 ῥᾳδίως
2718 2635 2956 2714 ὕφασμα,
2992 2633 3115 2692 οὕτε
3155 2635 3421 2700 δυσωδίας
3464 2639 3499 2708 ἢ
3546 2643 3642 2693 τοῦ
3691 2638 3837 2695 ἐναν-

2185 2725 2302 2779 τίου
2351 2725 2414 2779 τὸ
2460 2723 2787 2797 πλησιάσαν,
2822 2722 2944 2780 οὔτε
2992 2727 3184 2801 νοσερά
3230 2746 3316 2788 τις
3366 2725 3538 2789 οὕτως
3591 2727 3833 2790 εὐκόλως

2185 2815 2464 2889 ἀναχεῖται
2525 2814 2599 2876 εἷς
2650 2816 2741 2868 τὸν
2798 2815 2946 2890 ἀέρα,
2977 2815 3067 2869 καὶ
3127 2813 3215 2869 διὰ
3277 2819 3374 2869 τοῦ
3430 2814 3584 2891 ἀέρος
3645 2814 3835 2888 ὁμιλεῖ

2183 2908 2299 2964 τοῖς
2332 2904 2491 2971 ζώοις
2523 2900 2705 2974 ἆτμῖς,
2739 2903 2767 2956 ’ὁ
2796 2900 2861 2971 δὴ
2898 2902 3097 2975 λοιμός
3130 2903 3238 2957 ἐστί
3270 2925 3326 2958 τε
3357 2907 3463 2977 (18)
3489 2904 3577 2957 καὶ
3625 2905 3832 2976 ὀνομά-

2189 2997 2350 3061 ζεται,
2385 2992 2457 3052 ὡς
2513 2988 2665 3068 φιλεῖ
2715 2992 2948 3066 τάχιστα
3002 2998 3101 3060 τῆς
3157 2996 3253 3045 τοῦ
3313 2996 3657 3064 προεστῶτος
3716 2994 3830 3066 (19)

2183 3080 2371 3142 κακίας
2431 3079 2875 3152 ἀναπίμπλασθαι
2931 3079 2994 3133 τὸ
3049 3080 3313 3151 ὑπήκοον,
3373 3080 3462 3136 καὶ
3530 3079 3729 3152 πολλῷ
3773 3101 3834 3156 γε

2188 3170 2312 3246 ῥᾷον
2353 3171 2509 3239 ἢτοῦ
2555 3168 2815 3241 ἐναντίου,
2845 3176 2945 3238 τῆς
2995 3168 3210 3244 ἀρετῆς.
3243 3173 3411 3225 Τοῦτο
3457 3171 3561 3246 γάρ
3610 3170 3749 3225 ἔστιν
3802 3170 3832 3225 ’ὀ

2189 3258 2566 3332 μάλιστα
2610 3256 2928 3313 πλεονεκτεῖ
2982 3259 3083 3327 τήν
3138 3256 3532 3335 καλοκαγαθίαν
3579 3261 3614 3329 ἡ
3665 3279 3833 3329 πονη-

2184 3348 2293 3424 ρία,
2327 3347 2415 3403 καὶ
2464 3348 2493 3403 ὃ
2547 3346 2784 3420 μάλιστα
2841 3347 2949 3422 ἐγὼ
3010 3344 3352 3423 δυσχεραίνω
3407 3352 3705 3421 κατανοῶν,
3750 3346 3833 3403 ὅτι

2181 3437 2493 3507 εὗζήλωτον
2550 3434 2643 3509 μὲν
2688 3457 2738 3491 τι
2786 3436 2875 3490 καὶ
2917 3435 3216 3512 πρόχειρον
3241 3438 3351 3510 (21)
3382 3442 3610 3511 πρᾶγμα
3658 3439 3694 3506 ἡ
3730 3457 3832 3509 μο-

2178 3525 2401 3600 χθηρία,
2433 3524 2521 3578 καὶ
2564 3522 2716 3578 οὐδὲν
2772 3523 2915 3579 οὕτω
2968 3522 3173 3600 ῥᾴδιον,
3210 3525 3285 3586 ὡς
3331 3525 3394 3578 τὸ
3439 3524 3680 3601 γενέσθαι
3729 3545 3830 3579 κα-

2175 3615 2290 3684 κὸν,
2339 3613 2433 3668 κᾶν
2481 3616 2593 3686 (22)
2646 3612 2690 3666 εἰ
2727 3614 2800 3685 μή
2846 3612 3005 3689 τύχοι
3053 3614 3193 3689 πρὸς
3240 3612 3439 3683 ταύτην
3508 3615 3624 3684 (23)
3678 3615 3826 3686 ἡμᾶς

2177 3701 2319 3779 ἄγων
2370 3699 2577 3774 μηδείςο
2631 3701 2851 3756 σπάνιον
2904 3699 2961 3757 δὲ
3007 3705 3041 3771 ἡ
3092 3707 3190 3757 τοῦ
3238 3702 3441 3778 ἀγαθοῦ
3498 3708 3691 3772 κτῆσις
3735 3701 3825 3757 καὶ

2174 3792 2489 3866 πρόσαντες,
2521 3790 2617 3845 κᾶν
2647 3790 2692 3844 εἰ
2738 3790 2882 3845 πολὺ
2930 3791 2992 3845 τὸ
3034 3790 3296 3864 μεθέλκον
3349 3789 3433 3859 εἷίη
3487 3791 3577 3846 καὶ
3618 3812 3825 3867 προκα-

2175 3880 2459 3955 λούμενον.
2493 3878 2591 3934 Καὶ
2647 3879 2808 3934 τοῦτό
2868 3877 3005 3934 ἐστιν
3040 3878 3071 3934 6'
3105 3901 3197 3953 μοι
3258 3877 3413 3935 δοκεῖ
3460 3880 3549 3935 καὶ
3585 3882 3613 3937 ὁ
3651 3901 3823 3954 μακα-

2172 4132 2327 4182 nere,
2360 4113 2692 4187 cujusmodi
2723 4116 2824 4187 est
2842 4116 3127 4180 nostrum,
3149 4114 3315 4187 quod
3346 4113 3405 4187 ip
3450 4112 3601 4187 lege,
3626 4112 3823 4187 divina

2171 4184 2571 4261 positum—est,
2603 4184 2975 4261 etnadDeum
3025 4184 3309 4261 perducit.
3361 4184 3541 4261 Cujus
3590 4185 3821 4256 imperii

2213 4264 2389 4315 uanta
2418 4262 2507 4313 est
2538 4255 2893 4321 sublimitas,
2924 4280 2946 4309 ι
2982 4261 3089 4311 etc.
3123 4256 3345 4320 Quibus
3376 4255 3566 4311 verbis
3630 4255 3822 4313 sacer-

2213 4278 2389 4315 uanta
2418 4278 2507 4313 σει
2538 4278 2893 4321 Βυοιιιιιιιξιδ,
2924 4280 2946 4309 1
2982 4278 3089 4311 διο.
3123 4278 3345 4320 υιιωιιδ
3377 4278 3566 4311 νθπυιδ
3630 4278 3712 4312 Si“

2171 4278 2311 4387 dotii
2348 4332 2689 4400 potestatem
2721 4335 2922 4400 contra
2946 4326 3298 4400 Salmasium
3333 4327 3712 4400 demonstrat.

2240 4397 2361 4473 (16)
2383 4397 2692 4473 Παντοίοις.
2729 4419 2761 4473 «_
2791 4399 2856 4473 In
2886 4398 3148 4470 cujusvis
3180 4398 3408 4471 generis
3457 4400 3823 4470 temporibus

2169 4479 2225 4530 et
2249 4470 2520 4544 negotiis,
2543 4492 2569 4522 ιι
2605 4470 2862 4525 Combef.

2092 4580 2135 4644 υ
2239 4534 2358 4653 $.13?
2380 4534 2585 4653 "etii.-
2618 4548 2836 4653 iiii:
2869 4534 3395 4653 ἰῆιειηιςριέηθξῑ·

2262 4606 2348 4685 18)
2380 4606 2585 4685 Λοίρἷς
2620 4606 2729 4664 ἐστί
2758 4606 2835 4666 τε.
2870 4606 2979 4666 Alii
3015 4606 3261 4682 codices,
3322 4609 3519 4683 λοιμὸς
3569 4606 3679 4685 ἔστι
3741 4630 3819 4665 τε.

2262 4618 2348 4685 18)
2380 4618 2585 4685 Λοιμός
2620 4618 2728 4664 ἐστί
2758 4632 2835 4666 τε.
2870 4618 2978 4666 Alii
3015 4618 3261 4682 codices,
3323 4618 3519 4683 λοιμὸς
3569 4618 3679 4665 ἔστι
3741 4630 3819 4665 τε.

2238 4618 2350 4759 (19)
2382 4688 2750 4759 Προεστῶτος.
2789 4705 2817 4734 ι(
2848 4684 3161 4759 ᾼῐιῐίδὶίιῇε.
3201 4706 3227 4732 ι)
3260 4702 3386 4759 quae
3415 4701 3529 4759 vox
3567 4684 3637 4736 de
3695 4698 3820 4759 om-

2167 4754 2342 4815 nibus
2373 4754 2471 4828 qui
2506 4761 2808 4829 ριέιὲιξιιιιιῐ,⁸
2836 4755 3341 4829 siveﬂepiscopish
3382 4754 3498 4809 sive
3548 4754 3817 4829 sacerdo-

2162 4831 2324 4885 tibus
2354 4824 2442 4883 est
2475 4824 2871 4898 intelligenda.
2932 4824 3077 4898 Hinc
3117 4824 3420 4898 Gabrielus
3456 4824 3662 4898 magis
3713 4824 3818 4877 ad-

2160 4903 2275 4957 huc
2307 4900 2626 4973 generatim
2653 4894 2725 4953 z'c
2762 4897 3096 4968 Principum
3123 4897 3280 4951 vitiis
3312 4894 3468 4950 infici
3510 4894 3655 4950 solet
3695 4899 3819 4949 tota

2161 4974 2360 5029 civitas
2374 5015 2383 5027 .
2419 4994 2446 5022 ))

2233 5045 2345 5117 (20)
2374 5042 2441 5117 '10
2476 5036 2859 5117 pajkzora:_Sic
2890 5042 3036 5117 sept.
3089 5038 3292 5117 Regg.,
3324 5037 3482 5117 9011)ἷ
3532 5042 3818 5117 _quatu‘o_r,

2165 5109 2259 5172 Or‘.
2297 5109 2495 5184 1,Jes._
2523 5114 2654 5168 Bas.
2710 5111 2957 5184 Chrys.,_
2983 5109 3142 5184 hom,
3182 5109 3256 5177 ’2,
3313 5111 3390 5166 De
3434 5111 3673 5184 statuis:
3722 5110 3816 5162 Ἔν

2165 5177 2342 5253 ἐστιν,
2387 5185 2417 5239 '6
2478 5181 2627 5238 δοκεῖ
2679 5188 2778 5253 τῆς
2827 5177 3021 5243 ’πενίας
3080 5177 3421 5253 πλεονεκτεῖν
3471 5181 3498 5235 ὁ
3557 5178 3819 5242 πλοῦτος.

2164 5260 2277 5315 Alii
2306 5252 2525 5313 habent
2552 5256 2598 5327 ᾧ
2632 5252 2889 5327 μάλιστα.
2921 5253 3032 5327 Sed
3064 5252 3303 5327 perinde
3320 5256 3440 5327 est.

2235 5324 2733 5455 (21)an6)getpov.
2793 5324 3023 5383 Similia
3068 5324 3259 5383 habes
3314 5326 3375 5383 in
3430 5324 3527 5383 Or.
3593 5324 3669 5383 al.
3724 5325 3815 5392 22,

2235 5418 2323 5455 me
2428 5444 2442 5455 .
2475 5417 2518 5455 ιι
2586 5442 2599 5455 .

2166 5418 2323 5459 nunc
2352 5417 2442 5465 14,
2475 5417 2518 5456 II
2544 5417 2599 5456 Ο.

2259 5473 2349 5527 22)
2378 5469 2506 5526 Κᾶν.
2541 5470 2649 5526 Alii
2681 5468 2908 5526 codices
2936 5464 3023 5523 καί
3054 5466 3122 5525 εἳ.

2259 5477 2329 5527 22
2378 5473 2506 5526 Κᾶν.
2541 5473 2649 5526 Alii
2681 5473 2908 5526 codices
2936 5473 3023 5523 καί
3054 5473 3122 5525 εἲ.

2237 5473 2350 5619 (23)
2376 5543 2517 5619 Πρὸς
2545 5539 2770 5614 ταύτην.
2802 5541 2976 5601 Goisl.
3012 5542 3064 5611 1,
3092 5539 3231 5622 πρὸς
3261 5540 3443 5603 τοῦτο.
