4152 6286
385 311 503 370 423

1629 307 1691 367 S.
1741 304 2113 370 GREGORII
2158 306 2551 371 THEOLOGI

3673 326 3793 387 424

375 441 709 515 exemplar:
744 446 846 496 aut
882 457 916 495 a
946 441 1229 512 parcnmia
1268 456 1384 495 non
1437 439 1611 511 longe
1665 440 1996 497 recedamus

2114 440 2633 533 _iI)1:7,-<-vtapomiac
2687 444 2762 515 μὴ
3052 448 3277 522 θέωμεν,
3316 450 3521 516 ἄλλους
3573 455 3788 533 ἰατρεύ-

374 530 506 587 aliis
538 528 758 586 mederi
783 532 1102 595 tentantes,
1134 545 1270 585 eum
1303 529 1416 600 ipsi
1467 528 1761 584 ulceribus
1803 532 2028 585 seatea-

371 637 429 675 m
446 636 538 676 118.

442 707 581 764 Χιν.
615 706 853 777 Deinde,
887 709 952 761 ut
974 706 1151 762 etiam
1183 722 1312 763 sese
1344 706 1565 777 aliquis
1598 709 1669 762 ab
1700 706 1858 761 omni
1895 722 2023 778 pec-

374 796 489 853 cati
515 796 645 851 labe
678 812 891 867 purum
923 800 1243 862 conservet,
1279 800 1381 850 aut
1410 811 1586 867 quam
1621 795 1718 849 ιθ
1749 794 2022 863 maxime;

373 885 531 942 haud
554 888 752 940 tamen
779 883 898 939 scio
926 884 1063 939 idne
1082 884 1133 939 ei
1156 883 1434 951 sufﬁciat,
1459 884 1557 955 qui
1579 883 1723 939 alios
1744 884 1815 939 ad
1845 884 2023 939 virtu-

370 979 488 1032 tem
536 974 768 1030 erudire
818 978 999 1043 parat.
1046 974 1243 1045 Neque
1283 974 1441 1029 enim
1493 975 1565 1029 ab
1617 991 1683 1029 eo
1728 973 1828 1045 qui
1869 973 2020 1029 hanc

370 1080 568 1121 curam
593 1062 875 1135 suscepit,
900 1062 1006 1120 hoc
1029 1062 1218 1118 solum
1245 1062 1582 1134 requiritur,
1603 1068 1668 1117 ut
1691 1062 1883 1118 malus
1906 1080 2017 1119 non

367 1154 483 1221 sit;
514 1151 735 1208 malum
767 1154 923 1208 enim
951 1168 1099 1221 esse,
1128 1151 1393 1224 plerique
1424 1152 1598 1207 etiam
1630 1168 1661 1207 e
1691 1152 1859 1224 vulgo
1900 1157 2020 1209 tur-

367 1243 677 1315 pissimum
701 1246 943 1297 censent
966 1260 979 1297 :
1005 1258 1207 1296 verum
1236 1241 1411 1297 etiam
1443 1246 1508 1296 ut
1527 1242 1739 1297 virtute
1763 1247 2016 1313 praestet,

356 1333 528 1403 juxta
558 1330 698 1386 illud
732 1330 1051 1402 Seripturss
1105 1335 1483 1401 praeceptum,
1537 1346 1642 1401 quo
1683 1330 1959 1385 declinare
1983 1348 2017 1388 a

362 1420 528 1490 malo,
560 1429 611 1476 et
644 1420 839 1475 bonum
869 1421 1049 1489 facere
1076 1418 1120 1453 ⁸³
1164 1419 1467 1489 jubemur.
1518 1418 1633 1474 Nec
1681 1423 1745 1473 ut
1774 1419 2016 1477 vitiosas

365 1509 573 1564 animae
598 1514 765 1563 notas
791 1509 1077 1563 duntaxat
1101 1512 1415 1579 expunget.
1437 1524 1637 1561 verum
1665 1512 1725 1563 ut
1748 1508 2016 1565 meliores

366 1599 544 1653 etiam
592 1597 894 1660 inscribat,
942 1596 1021 1651 ita
1076 1602 1139 1650 ut
1188 1596 1376 1667 magis
1424 1596 1641 1650 virtute
1686 1596 2013 1667 antecellat,

364 1703 542 1758 quam
576 1686 792 1741 honore
814 1701 878 1739 ac
901 1684 1184 1756 dignitate
1206 1688 1477 1755 superet:
1508 1700 1613 1738 nec
1636 1684 1873 1738 modum
1901 1685 2013 1739 sibi

366 1773 551 1830 ullum
603 1775 845 1829 honeste
899 1773 1151 1841 vivendi,
1213 1777 1388 1844 atque
1436 1772 1612 1827 altius
1661 1773 2011 1828 ascendendi

364 1862 715 1930 constituat;
766 1878 871 1917 nec
930 1860 1092 1916 lucro
1149 1862 1369 1932 potius,
1420 1861 1476 1915 id
1527 1861 1682 1932 quod
1742 1861 2007 1933 arripuit,

363 1968 538 2025 quam
571 1953 787 2007 damno
817 1951 881 2015 ³³,
916 1951 973 2005 id
1014 1950 1166 2021 quod
1199 1950 1424 2021 effugit,
1478 1950 1754 2020 deputet:
1802 1966 2007 2006 verum

362 2042 518 2113 quod
543 2058 654 2111 prae
678 2039 923 2111 pedibus
948 2044 1057 2108 est,
1078 2038 1324 2110 gradum
1352 2039 1422 2094 ad
1457 2038 1515 2092 id
1548 2039 1704 2109 quod
1735 2039 2007 2109 deinceps

361 2128 646 2201 sequitur,
706 2144 834 2184 esse
899 2127 1250 2193 arbitretur;
1326 2143 1431 2182 nec
1516 2127 1729 2183 virtute
1795 2127 2006 2200 vulgus

358 2217 596 2288 anteire,
630 2232 982 2289 magnopere
1003 2214 1267 2287 amplum
1302 2218 1478 2287 atque
1510 2214 2000 2285 illustrejudicet;

356 2322 557 2363 verum
615 2306 963 2361 detrimento
1009 2304 1204 2376 ducat,
1254 2304 1303 2359 si
1351 2322 1386 2359 a
1441 2302 1698 2377 suscepti
1742 2305 2003 2361 muneris

356 2395 637 2468 dignitate
667 2394 859 2460 absit;
913 2393 1112 2463 sicque
1156 2410 1217 2449 se
1265 2397 1586 2465 comparet,
1627 2398 1711 2463 ut,
1746 2394 1899 2465 quod
1933 2410 2003 2450 ex

354 2486 567 2540 virtute
588 2484 755 2556 gerit,
789 2483 859 2539 ad
884 2481 1031 2554 legis
1052 2481 1260 2537 divinis
1286 2499 1552 2538 normam
1574 2483 1639 2553 ‘0,
1663 2499 1778 2538 non
1801 2487 1997 2538 autem

2040 1820 2089 1885 B

2136 548 2211 583 ειν
2246 530 2352 602 (33)
2384 528 2786 606 ἐπιχειροῦντες
2818 532 2970 588 αὐτοὶ
3006 535 3256 611 βρύοντες
3288 536 3488 600 ἕλκεσι.

2207 710 2300 761 1Δ¹.
2335 705 2589 783 Δεύτερον
2644 705 2722 782 δὲ,
2755 709 2800 763 εί
2848 711 2937 764 καί
2980 733 3064 774 τις
3111 713 3268 789 ἀγνὸν
3300 719 3411 791 (34)
3439 719 3621 775 ἑαυτὸν
3671 721 3778 777 ἀπὸ

2131 792 2309 881 πάσης
2358 793 2622 869 ἁμαρτίας
2670 800 2980 871 τηρήσειεν,
3010 802 3044 868 ἢ
3075 800 3149 863 ὡς
3205 801 3439 874 μάλιστα
3491 808 3626 881 (35),
3680 810 3779 865 οὐκ

2132 877 2253 934 οἶδα
2296 881 2414 954 μὶν,
2465 882 2511 936 εί
2554 886 2644 937 καὶ
2688 889 2852 941 τοῦτο
2905 883 3162 961 αὔταρκες
3208 896 3287 963 τῷ
3337 877 3621 965 μέλλοντι.
3648 898 3777 962 τοὺς

2130 967 2334 1058 ἄλλους
2376 968 2648 1058 παιδεύειν
2696 974 2833 1047 πρὸς
2883 975 3077 1050 ἀρετήν
3110 980 3245 1052 (63)*
3280 980 3342 1035 οὐ
3394 983 3495 1058 γὰρ
3550 985 3625 1056 μὴ
3674 1006 3777 1041 κα-

2128 1056 2221 1111 κὸν
2270 1057 2400 1112 εἶναι
2452 1055 2535 1113 δεῖ
2583 1058 2745 1132 μόνον
2800 1061 2892 1116 τὸν
2938 1068 3102 1119 τοῦτο
3132 1055 3582 1141 πεπιστευμένον,
3612 1077 3773 1128 τοῦτο

2132 1146 2225 1218 μὶν
2255 1148 2357 1222 γὰρ
2389 1148 2477 1203 καὶ
2505 1153 2614 1203 τῶν
2652 1150 2752 1205 ὑπὸ
2810 1157 2973 1228 χεῖρα
3018 1158 3134 1216 τοῖς
3176 1155 3426 1219 πολλοῖς
3474 1156 3777 1235 αἶ’σχιστον,

2132 1233 2279 1290 ἀλλὰ
2306 1235 2396 1290 καὶ
2443 1240 2522 1309 τῷ
2571 1237 2757 1313 ἀγαθῷ
2806 1236 3148 1317 διαφέροντα,
3179 1246 3315 1299 κατὰ
3360 1247 3482 1315 τὴν,
3517 1233 3777 1305 ἐκκλίνειν

2126 1323 2233 1377 ἀπὸ
2281 1329 2475 1393 κακοῦ,
2502 1326 2593 1380 καὶ
2639 1334 2814 1382 ποιεῖν
2873 1330 3092 1405 ἀγαθὸν,
3142 1330 3466 1390 κελεῦουσαν
3524 1335 3773 1409 ἐντολήν·

2127 1409 2251 1467 οὐδὲ
2273 1415 2402 1476 τοὺς
2432 1413 2675 1490 φαύλους
2709 1415 2981 1491 ἐξαλεῖψαι
3034 1426 3133 1489 τῆς
3180 1424 3367 1497 ψυχῆς
3415 1424 3620 1489 τόπους
3674 1428 3774 1501 μό-

2123 1522 2234 1567 νον,
2268 1501 2414 1557 ἀλλὰ
2451 1502 2539 1557 καὶ
2585 1503 2712 1566 τοὺς
2764 1506 3016 1578 ἀμείνους
3066 1507 3454 1585 ἐγγράψασθαι,
3489 1514 3563 1575 ὡς
3605 1515 3773 1571 πλέον

2122 1596 2237 1643 κατ’
2278 1589 2474 1665 ἀρετὴν
2520 1592 2798 1667 προέχειν,
2831 1596 2865 1662 ἣ
2895 1594 3094 1650 ὁπόσον
3154 1597 3423 1673 περίεστιν
3480 1603 3767 1675 ἀξιώματι*

2110 1677 2211 1731 καὶ
2265 1676 2431 1751 μηδὲν
2482 1678 2674 1753 μέτρον
2726 1678 2918 1736 εἰδέναι
2970 1688 3066 1738 τοῦ
3114 1684 3287 1741 καλοῦ
3318 1688 3407 1741 καὶ
3437 1696 3537 1759 τῆς
3564 1688 3766 1746 ἀναϐά-

2124 1787 2279 1834 σεως,
2315 1765 2456 1839 μηδέ
2483 1765 2675 1842 κέρδος
2712 1768 2923 1841 μᾶλλον
2956 1772 3017 1826 τὸ
3064 1775 3325 1848 κρατηθὶν
3378 1777 3411 1844 ἣ
3460 1777 3656 1851 ζημίαν
3705 1782 3766 1835 τὸ

2120 1852 2428 1932 διαφεῦγον·
2461 1855 2589 1912 ἀλλ’
2637 1854 2882 1913 ἐπίϐασιν
2928 1860 3009 1914 ἀεὶ
3062 1865 3330 1917 ποιεῖσθαι
3382 1866 3445 1918 τὸ
3494 1867 3621 1921 ποσὶ
3671 1873 3768 1924 τοῦ

2118 1943 2237 2014 ἐξῆς
2266 1946 2399 2018 (37)·
2431 1946 2521 1999 καὶ
2555 1947 2630 2018 μή
2668 1946 2804 2022 μέγα
2832 1949 3073 2022 νομίζειν
3107 1950 3165 2005 ἂν
3205 1957 3311 2007 τῶν
3369 1952 3595 2011 πολλῶν
3648 1954 3763 2011 δια·
3868 1948 3871 1949 ν

2117 2035 2387 2110 φέρωμεν,
2420 2032 2567 2089 ἀλλὰ
2598 2036 2794 2108 ζημίαν
2843 2037 2902 2091 ἂν
2933 2045 3035 2107 τῆς
3083 2039 3229 2109 ἀξίας
3280 2040 3597 2117 λειπώμεθα

2114 2122 2203 2176 καὶ
2232 2125 2300 2195 τῇ
2333 2120 2529 2195 ἐντολῇ
2564 2130 2947 2200 παραμετρεῖν,
2982 2125 3127 2181 ἀλλὰ
3185 2130 3261 2200 μὴ
3313 2136 3430 2194 τοῖς
3480 2132 3669 2204 πέλας,
3701 2135 3762 2190 τὸ

2112 2210 2562 2287 κατορθούμενον,
2604 2210 2662 2267 ἅν
2711 2234 2770 2267 τε
2818 2214 2918 2269 ὦσι
2966 2216 3145 2286 κακοὶ,
3200 2215 3258 2271 ἄν
3309 2240 3365 2273 τε
3422 2221 3618 2297 ἀρετῆς
3675 2223 3763 2278 ἐπὶ

2112 2300 2278 2355 ποσὸν
2328 2299 2575 2369 ἥκοντες·
2611 2302 2700 2356 καὶ
2754 2304 2828 2375 μή
2885 2309 3102 2380 μικροῖς
3135 2312 3397 2379 σταθμοῖς
3428 2311 3541 2381 (39)
3569 2308 3764 2366 ταλαν-

2108 2389 2280 2445 τεύειν
2326 2391 2424 2457 τὴν
2473 2390 2789 2464 ἀρετὴν,τῷ
2844 2392 3084 2468 μεγίστῳ
3114 2396 3249 2468 (40),
3281 2397 3370 2451 καὶ
3422 2400 3547 2475 παρ’
3583 2400 3644 2455 οὗ
3692 2403 3759 2456 τὰ

2109 2480 2300 2547 πάντα,
2328 2478 2417 2533 καὶ
2448 2478 2524 2541 είς
2557 2479 2614 2533 ’ὸν
2644 2479 2712 2535 τὰ
2741 2482 2915 2536 πάντα
2952 2486 3429 2557 χρεωστουμένην.

352 2576 424 2631 ad
457 2573 619 2639 alios,
654 2573 775 2629 sive
807 2571 942 2626 mali
984 2570 1068 2625 illi
1098 2572 1236 2638 sint,
1272 2572 1389 2626 sive
1442 2571 1707 2627 nonnihil
1756 2573 1814 2627 in
1868 2572 2080 2627 virtute
2130 2570 2541 2643 processerint,
2589 2572 2913 2642 expendat:
2963 2589 3069 2629 nec
3107 2575 3403 2647 virtutem,
3457 2596 3584 2651 quis
3640 2582 3754 2638 Deo

348 2664 570 2736 optimo
602 2662 879 2731 maxime,
905 2678 939 2716 a
970 2677 1084 2732 quo
1106 2660 1324 2726 omnia,
1355 2666 1412 2716 et
1438 2661 1496 2715 in
1531 2678 1705 2733 quem
1739 2661 1939 2716 omnia
1962 2663 2029 2730 ⁴¹,
2064 2660 2324 2727 debetur,
2358 2659 2567 2731 exigua
2596 2658 2760 2715 lance
2791 2663 3089 2732 penderet.

424 2752 542 2808 XV.
576 2752 692 2808 Nec
722 2752 924 2808 eadem
958 2750 1231 2806 omnibus
1262 2752 1567 2807 convenire
1598 2757 1998 2823 putet,quem-

351 2842 670 2898 admodum
704 2857 809 2896 nec
858 2844 1092 2895 statura:
1132 2841 1406 2895 omnibus
1453 2841 1665 2895 eadem
1700 2846 1857 2905 sunt,
1892 2857 1995 2896 nec

348 2931 467 2987 oris
498 2930 871 2999 lineamenta,
904 2945 1009 2984 nec
1043 2928 1429 2983 animantium
1463 2934 1706 3000 naturis,
1749 2946 1851 2984 nec
1881 2934 1994 2984 ter-

346 3037 423 3075 rae
455 3019 788 3091 qualitates,
810 3034 914 3073 nec
936 3017 1137 3073 eadem
1163 3017 1421 3073 siderum
1446 3018 1708 3073 omnium
1742 3017 1996 3090 pulchri-

343 3110 484 3165 tudo
514 3114 570 3166 et
600 3107 940 3180 magnitudo
973 3107 1019 3142 ⁴²
1049 3124 1062 3174 ;
1094 3123 1295 3161 verum
1347 3106 1551 3179 privati
1602 3107 1840 3179 quidem
1884 3107 1993 3163 ho-

2178 2749 2275 2806 lE'.
2306 2745 2460 2818 Μηδὲ
2512 2749 2580 2803 τὰ
2625 2748 2759 2803 αὑτά
2808 2754 2970 2803 πᾶσιν
3024 2750 3279 2826 ἁρμόζειν
3308 2751 3533 2824 σ’ίεσθαι,
3567 2756 3749 2833 ὥσπερ

2105 2834 2229 2892 οὐδὲ
2258 2835 2470 2907 ἡλικίαι
2500 2842 2658 2891 πᾶσιν
2692 2840 2807 2911 (41)
2836 2840 2890 2892 αἱ
2919 2837 3095 2911 αὐταὶ,
3130 2840 3256 2895 οὐδὲ
3296 2845 3607 2917 προσώπων
3640 2867 3751 2922 γα-

2106 2933 2389 3001 ρακτῆρες,
2434 2924 2558 2980 οὑδὲ
2612 2926 2762 2994 ζώων
2820 2927 3004 3004 φύσεις
3037 2930 3171 3001 (42),
3204 2927 3330 2985 οὐδὲ
3376 2939 3483 3005 γῆς
3530 2929 3753 3005 ποιότη-

2102 3036 2212 3087 τες,
2245 3012 2370 3069 οὐδὲ
2426 3013 2606 3083 κάλλη
2666 3035 2724 3069 τε
2780 3013 2868 3069 καί
2938 3015 3138 3092 μεγέθη
3202 3016 3570 3095 λαμπτήρων*
3626 3021 3753 3079 ἀλλ’

2102 3106 2346 3180 ἡγεῖσθαι
2396 3100 2617 3158 ἰδιώτου
2678 3104 2771 3177 μὶν
2834 3104 2965 3158 εἶναι
3019 3105 3207 3161 κακίαν
3236 3108 3297 3162 τὸ
3345 3110 3525 3186 φαῦλα
3572 3112 3750 3187 πράσ-

344 3197 523 3252 minis
548 3197 750 3253 vitium
775 3213 903 3252 esse
924 3195 1235 3265 existimet,
1266 3196 1462 3267 turpia
1483 3196 1888 3268 supplicioque
1910 3197 1990 3251 di-

2114 3214 2231 3265 τειν,
2260 3191 2348 3246 καὶ
2380 3190 2476 3247 ὅσα
2506 3189 2786 3255 κολάσεως
2818 3192 2935 3264 ἄξια
2963 3195 3099 3267 (43),
3133 3196 3205 3249 ὧν
3253 3180 3401 3252 καίο
3429 3180 3749 3275 νόμος-(44)

340 3302 477 3358 gna,
510 3290 567 3340 et
596 3302 844 3356 quorum
878 3284 968 3339 lex
1000 3285 1148 3339 dura
1174 3290 1227 3340 et
1258 3285 1452 3357 gravis
1482 3285 1721 3341 domina
1748 3290 1989 3355 est,per-

339 3379 604 3447 petrare:
642 3372 894 3445 praefecti
945 3377 1139 3428 autem
1188 3371 1271 3428 vel
1324 3374 1626 3440 antistitis,
1663 3390 1778 3430 non
1810 3389 1984 3443 quam

338 3463 623 3535 optimum
660 3479 809 3529 esse,
842 3478 946 3516 nec
978 3478 1153 3516 novas
1184 3460 1436 3517 subinde
1466 3462 1747 3518 virtutum
1791 3478 1984 3518 acces-

335 3551 532 3607 siones
565 3550 787 3619 facere;
824 3549 873 3605 si
918 3549 1153 3621 quidem
1206 3549 1437 3606 virtutis
1485 3568 1599 3606 suae
1650 3551 1986 3622 praestantia

336 3639 777 3695 muititudinem
828 3639 897 3693 ad
946 3638 1409 3693 mediocritatem
1463 3644 1756 3695 tracturus
1788 3639 1884 3707 sit,
1919 3656 1985 3695 ac

332 3746 445 3784 non
481 3746 580 3799 per
611 3728 726 3783 vim
760 3728 1178 3799 imperaturus,
1202 3728 1301 3782 sed
1336 3727 1713 3799 persuasione
1743 3728 1982 3783 allectu-

330 3836 451 3875 rus.
485 3818 629 3874 Nam
671 3818 824 3890 quod
856 3817 906 3872 vi
941 3832 1005 3871 ac
1038 3817 1384 3872 necessitate
1434 3817 1803 3889 exprimitur,
1838 3834 1983 3889 prai-

2101 3282 2267 3355 βαρὺς
2327 3278 2609 3350 δεσπότης
2642 3282 2915 3356 ἄρχοντος
2974 3280 3033 3337 δὶ
3079 3285 3113 3352 ἢ
3165 3290 3509 3359 προεστῶτος
3552 3289 3614 3344 τὸ
3667 3291 3745 3363 μὴ

2095 3371 2168 3433 ὡς
2226 3368 2440 3444 ἄριστον
2485 3370 2640 3440 εἶναι,
2671 3369 2760 3424 καί
2792 3371 2873 3424 ἀεὶ
2920 3375 2999 3443 τῷ
3025 3369 3181 3444 καλῷ
3211 3368 3576 3445 προϐαίνοντα
3608 3380 3743 3450 (45),

2095 3457 2244 3535 ε’ίπερ
2309 3456 2507 3532 μέλλοι
2561 3463 2639 3530 τῷ
2695 3458 2937 3532 περιόντι
2984 3466 3087 3529 τῆς
3140 3460 3336 3535 ἀρετῆς
3392 3459 3565 3534 ἕλξειν
3617 3464 3747 3528 τοὺς

2092 3547 2340 3610 πολλοὺς
2402 3548 2480 3609 εἷς
2535 3548 2597 3601 τὸ
2659 3547 2899 3622 μέτριον,
2929 3548 3017 3602 καὶ
3052 3550 3128 3621 μὴ
3168 3550 3258 3623 βίᾳ
3286 3552 3565 3627 κατάρξειν
3604 3556 3742 3628 (46),

2093 3636 2239 3692 ἀλλὰ
2267 3642 2451 3700 πειθοῖ
2479 3636 2854 3712 προσάξεσθαι.
2888 3637 2958 3691 Τὸ
2992 3637 3087 3710 μὶν
3136 3640 3239 3712 γὰρ
3289 3638 3570 3710 ἀκούσιον,
3601 3643 3743 3718 πρὸς

2091 3727 2154 3781 τὸ
2213 3728 2324 3798 (47)
2377 3727 2687 3798 τυραννικὸν
2748 3725 2899 3797 εἶναι,
2959 3726 3046 3780 καὶ
3101 3726 3202 3781 οὐκ
3254 3726 3554 3802 ἐπαινετὸν,
3616 3729 3744 3787 οὗδὶ

2097 3813 2324 3887 μόνιμον
2360 3816 2492 3887 (48).
2527 3811 2678 3891 φιλεῖ
2706 3814 2811 3889 γὰρ
2839 3814 2901 3868 τὸ
2938 3814 3176 3887 βιασθὲν,
3210 3815 3392 3893 ὥσπερ
3446 3820 3609 3897 φυτὸν
3654 3820 3746 3897 βίᾳ

400 3972 443 4005 ³⁸
476 3971 629 4028 Psal.
659 3988 846 4040 xxxvr,
875 3972 961 4027 27.
1039 3972 1085 4006 ³9
1115 3970 1263 4026 Phil.
1297 3987 1378 4041 III,
1409 3970 1463 4026 7.
1540 3972 1584 4006 ‘°
1617 3970 1663 4026 II
1694 3975 1817 4027 Cor.
1854 3988 1909 4041 χ,
1937 3970 1996 4027 12

2114 3970 2149 4024 3.
2227 3970 2266 4005 ‘1
2304 3970 2325 4025 Ι
2354 3973 2479 4025 Cor.
2508 3986 2630 4039 VIII,
2660 3970 2715 4023 6.
2792 3968 2836 4004 ⁵³
2864 3972 2891 4026 I
2916 3972 3045 4029 Cor.
3076 3987 3170 4043 xv,
3226 3972 3315 4027 41.

402 4132 533 4215 (33).
573 4129 813 4215 ’Ἄλλους
874 4131 1155 4215 ίατρεςόεριι.
1201 4131 1554 4215 _Allgdit_._ad
1632 4133 1754 4215 haec
1812 4133 1986 4188 verba

328 4203 637 4277 cujusdam
670 4210 848 4275 poetas
879 4203 1033 4277 apud
1076 4205 1238 4277 _P_lut.
1292 4205 1373 4277 De
1402 4205 1761 4277 dignoscendo
1790 4220 1972 4277 {issen-

328 4272 510 4349 {atqra
574 4272 937 4349 ali—amico}
1001 4272 1225 4349 ’Ἄλλων
1292 4272 1496 4349 ἰατρὸς,
1543 4274 1723 4349 sese;
1791 4272 1974 4329 ἕλκεσι

332 4342 533 4419 βρῦων.
594 4345 910 4402 «Aliorum
975 4348 1258 4417 medicus,
1317 4342 1443 4419 ipse
1484 4342 1797 4402 ulceribus
1847 4363 1976 4402 sca-

330 4422 482 4472 tens.
518 4438 546 4464 )›

399 4485 838 4572 (34).Εῗ’καίλ·εις
871 4486 1052 4572 ἁγνόν.
1076 4557 1086 4572 Ι
1112 4489 1211 4543 Hic
1260 4489 1379 4572 ρξ’..
1409 4490 1433 4543 1
1490 4490 1559 4543 ad
1612 4488 1933 4572 marginem
1961 4514 1976 4571 ξ

323 4555 415 4632 Τὰς
454 4555 579 4632 τοῦ.
613 4555 835 4627 ἀληθῶς
902 4555 1199 4613 ἐπισκόπου
1267 4556 1559 4630 ἰδιώματα,
1635 4581 1662 4613 α
1704 4555 1843 4631 Ejus
1874 4560 1975 4632 qui

327 4630 520 4704 reipsa
562 4630 702 4701 (non
753 4632 991 4686 nomine
1040 4632 1295 4703 tantum)
1346 4637 1436 4686 est
1484 4630 1811 4703 episcopus,
1845 4630 1976 4704 pro-

370 4702 624 4757 rietates.
663 4724 690 4751 η

325 4719 624 4774 prietates.
663 4724 690 4751 η

394 4773 509 4845 (35)
537 4776 601 4825 Ἢ
635 4772 709 4834 ὡς
746 4769 1001 4843 μάλιστα.
1069 4792 1091 4820 ι
1123 4775 1239 4827 Aut
1294 4789 1469 4845 quam
1524 4772 1869 4832 maximezn
1916 4774 1975 4830 id

323 4846 602 4915 estjuxta
634 4845 837 4916 Eliam,
872 4868 900 4895 «
934 4852 991 4900 et
1018 4861 1195 4916 quam
1231 4844 1501 4899 maxime.
1537 4865 1564 4893 ιο

396 4914 509 4990 (36)
564 4916 707 4990 Πρὸς
763 4914 981 4989 ἀρετήν.
1034 4914 1128 4971 ἠδ
1187 4916 1323 4990 Reg.
1381 4916 1419 4985 l,
1474 4916 1676 4990 Comb.
1710 4933 1867 4990 vero
1900 4914 1977 4979 είς

324 4983 543 5060 ἀρετήν,
575 4983 634 5043 in
668 4983 828 5060 Beg._
858 5006 886 5042 r
914 4983 1186 5060 ‘utraque
1233 4983 1412 5043 deest»
1436 4988 1788 5060 praepositio,
1823 4988 1979 5046 sicut

327 5054 384 5113 et
418 5054 587 5129 paulo
620 5054 779 5129 post,
807 5054 909 5113 δεῖ.

392 5126 507 5205 (Βῖ)
537 5126 709 5205 Ἑξῆςἲ
738 5131 957 5205 Plures
975 5130 1204 5186 codices
1235 5129 1455 5205 habent
1483 5126 1689 5205 ἐφεξῆς.

390 5202 505 5274 (38)
536 5203 886 5274 Λειπώμεθα.
937 5204 1027 5257 Sic
1080 5207 1305 5274 septem
1336 5202 1497 5274 Reg.
1521 5202 1785 5274 quatuor
1813 5202 1971 5261 Colb.

390 5223 505 5274 (ῧῦ)
536 5223 721 5255 Λειπω
773 5223 886 5265 ευα.
937 5223 1027 5257 διο
1080 5223 1305 5274 septem
1356 5223 1497 5274 ηδε.
1532 5223 1785 5273 quatuor
1813 5223 1971 5261 U010.

317 5272 415 5346 Or.
449 5276 497 5330 1.
530 5274 623 5330 Sic
658 5223 864 5330 Biiiius
895 5275 1306 5346 emendaverat
1330 5272 1390 5328 in
1421 5273 1552 5346 Bas.
1586 5273 1646 5328 in
1678 5290 1792 5346 quo
1824 5276 1977 5331 sicut

317 5348 374 5400 et
404 5344 461 5401 in
496 5349 627 5401 Par.
657 5346 873 5417 legitur
898 5341 1346 5417 ἀπολειπώμεθα,
1372 5345 1528 5415 quod
1552 5360 1658 5403 nec
1688 5341 1723 5403 ἦ.
1752 5346 1977 5405 Monta-

320 5363 374 5400 ει
404 5363 461 5401 in
496 5363 627 5401 Har.
657 5363 709 5403 ιθ
774 5363 873 5402 tur
898 5363 1346 5417 αποΛειπωμευα,
1372 5363 1528 5415 quoa
1552 5363 1588 5401 n

320 5419 497 5484 cutio,
530 5434 633 5473 nec
666 5363 1165 5475 a$arisiensibus
1192 5418 1588 5474 observatum.

538 5493 838 5563 ξιταθμοῖς.
874 5489 1035 5563 Colb.
1072 5490 1124 5557 1,
1158 5487 1401 5563 μέτροις.

419 5558 507 5636 4.9)
657 5558 914 5636 μεγίστῳ.
945 5562 1089 5636 θος.
1119 5558 1174 5633 a;
1201 5558 1292 5616 me!
1320 5562 1420 5636 si»

422 5628 510 5705 44)
541 5628 779 5688 Ἡλικίάι
820 5628 1000 5689 πᾶσιν.
1030 5628 1201 5709 Ἠος.
1252 5651 1291 5691 n
1336 5628 1514 5692 habet
1555 5633 1741 5704 πᾶσαι,
1779 5654 1801 5684 I
1836 5636 1975 5692 ωει-

491 5491 510 5705 ί

2094 4136 2182 4188 tes
2213 4147 2437 4186 omnes.
2474 4152 2503 4181 ››

2180 4203 2267 4274 42)
2299 4202 2513 4274 Φόσεις.
2553 4221 2580 4254 α
2609 4202 2862 4257 Naturae.
2899 4225 2926 4251 ››
2952 4204 3150 4259 Comb.
3186 4226 3213 4253 «
3248 4204 3495 4261 indoles.
3529 4228 3557 4255 »

2181 4272 2474 4350 43)_"AEia.
2511 4278 2678 4350 Deest
2706 4274 2765 4328 in
2797 4290 2897 4350 sex
2939 4275 3142 4347 Regg.,
3191 4275 3259 4350 in
3291 4277 3451 4350 Colb.
3484 4282 3736 4350 septem,

2085 4344 2231 4413 Jes.,
2264 4346 2357 4401 Or.
2394 4347 2444 4399 1.
2476 4344 2817 4400 Praeclaram
2841 4346 2991 4401 hanc
3013 4344 3363 4403 sententiam
3390 4349 3462 4403 ad
3496 4344 3737 4407 verbum

2089 4434 2235 4488 pene
2264 4416 2663 4490 descripsjtgin
2696 4434 2804 4490 sua
2830 4417 2909 4490 Αιί
2940 4419 3326 4490 imperatorem
3365 4420 3743 4478 admonitione

2086 4487 2417 4561 Agapetus:
2454 4487 2481 4538 (ἱ
2514 4487 2725 4561 Privati
2760 4487 3028 4561 quidem,
3070 4489 3173 4558 ait,
3235 4490 3494 4547 hominis
3534 4493 3741 4549 vitium

2088 4560 2421 4635 habendum
2445 4559 2835 4635 esse,mala_et
2856 4560 3144 4635 supplicio
3166 4563 3347 4635 digna
3367 4564 3740 4635 tacere,prin-

2088 4631 2235 4704 cipis
2266 4636 2462 4704 autem
2482 4636 2541 4704 et
2572 4631 2947 4704 praesidentis
2970 4631 3083 4687 non
3113 4632 3199 4704 vel
3231 4631 3519 4704 optimum
3552 4631 3734 4690 esse.»

2159 4700 2286 4776 (44)Δ
2322 4701 2423 4757 Καὶ
2557 4700 2748 4776 νόμος.
2799 4702 3021 4776 Alludit
3069 4704 3140 4758 ad
3188 4700 3309 4776 haec
3338 4705 3513 4759 verba
3544 4709 3738 4776 Apost.

2090 4775 2159 4831 ad
2190 4773 2314 4830 Gal.
2348 4791 2403 4840 v,
2435 4773 2525 4845 23,
2555 4795 2587 4845 _«
2620 4774 2899 4829 adversus
2922 4774 3259 4845 hujusmodi
3290 4791 3407 4845 non
3440 4779 3529 4830 est
3558 4773 3739 4845 iam»

2158 4846 2270 4917 (45)
2356 4838 2789 4921 Προϐαίνοντα,Δ
2834 4850 2954 4921 Duo
3001 4838 3209 4921 'Regii,
3278 4844 3477 4921 C0mb_.
3554 4841 3738 4921 διαιρέ-

2088 4915 2269 4989 ροντα,
2304 4934 2434 4987 quaa
2462 4933 2570 4971 vox
2598 4915 3062 4989 signiﬁcantior:
3098 4938 3127 4966 «
3155 4919 3217 4969 ut
3240 4932 3355 4989 non
3388 4915 3574 4972 solum
3609 4915 3739 4989 pro-

2086 4986 2263 5056 liciat,
2297 4986 2398 5043 sed
2432 4992 2498 5043 ut
2527 4986 2883 5058 proficiendo
2913 4986 3089 5041 etiam
3121 4986 3385 5058 excellat.
3422 5007 3451 5035 »

2156 5062 2269 5133 (46)
2320 5056 2634 5133 ᾕατάρξίειν.
2693 5058 2786 5133 Sic
2845 5062 3092 5133 quatu_or
3144 5056 3329 5133 Regii,
3382 5059 3499 5115 duo
3548 5058 3733 5133 Golb.,

2086 5128 2286 5213 geist,
2318 5132 2445 5187 Pas.
2472 5128 2682 5213 ;Billiu‘s
2702 5129 2979 5213 .ad‘oram
3012 5129 3142 5185 Bas.
3175 5129 3490 5213 scripserat
3518 5128 3735 5213 καθείρξ-

2084 5204 2211 5276 ξειν,
2243 5226 2273 5255 ‹‹
2305 5218 2409 5275 per
2435 5201 2553 5276 vim
2585 5199 2974 5276 cohibiturus,
3007 5222 3036 5251 ››
3067 5201 3225 5273 quod
3256 5199 3512 5261 nimium
3536 5199 3737 5263 faciles

2085 5271 2456 5333 admiserunt
2486 5271 2863 5329 Parisienses.

2180 5343 2445 5432 suppa.
2470 5342 2558 5401 τό.
2610 5344 2705 5401 Sic
2768 5342 2968 5417 plures
3030 5344 3159 5404 cod.
3217 5342 3388 5403 Goisl.
3456 5346 3513 5405 4.
3580 5344 3736 5406 Edlt.

2084 5437 2224 5480 προς
2252 5438 2353 5480 τῳ.

2130 5437 2224 5494 ρος
2252 5438 2353 5489 τῳ.

2152 5491 2290 5564 (48)Δ
2331 5484 2602 5564 μόνιμον.
2665 5486 2806 5561 Reg.
2837 5504 2867 5544 r
2906 5485 3168 5564 νόμιμον,
3202 5486 3735 5564 ,Ποῦ-ωᾳΙθᾷΐριι-

2084 5558 2213 5635 san,
2246 5558 2297 5635 si
2326 5558 2700 5635 ἐννομώτατον
2727 5558 2987 5635 sequens
3022 5558 3310 5625 attendas.
3361 5562 3527 5623 Unde
3554 5559 3730 5619 Gabr.

2090 5655 2114 5688 ι
2148 5632 2400 5695 maxime
2432 5632 2782 5707 legitimum.
2810 5632 2847 5687 ὦ
