4152 6286
297 346 407 409 425

1429 345 1724 407 ORATIO
1769 346 1843 405 ΙΙ.
1876 379 1953 390 -
1982 345 2549 407 APOLOGETICA.

3575 349 3693 411 436

292 478 373 534 τὸν
406 479 519 553 (49)
553 477 644 553 βίᾳ
675 477 832 554 χερσὶ
869 477 1287 551 μετασπώμενον
1319 477 1394 538 εἰς
1426 477 1581 531 ἑαυτὸ
1609 475 1773 530 πάλιν
1805 475 1931 553 ἀφε-

2058 482 2313 548 terquam
2345 478 2496 549 quod
2528 478 2900 549 tyrannicum
2923 483 3032 547 est,
3057 478 3415 551 minimeque
3444 478 3689 535 laudan-

295 568 367 623 θὶν
392 564 730 642 ἀνατρέχειν*
764 566 827 621 τὸ
876 563 922 620 δ’
970 565 1029 620 ἐκ
1059 566 1423 642 προαιρέσεως
1476 564 1845 637 ἐννομώτατόν
1879 586 1936 620 τε

296 654 394 729 ἅμα
450 655 543 710 καὶ
602 653 1026 732 ἀσφαλέστατον,
1087 655 1294 715 εὐνοίας
1346 652 1529 727 δεσμῷ
1578 653 1930 729 τηρούμενον.

295 741 539 813 Ὅθενδή
591 744 683 798 καὶ
736 743 973 817 μάλίστα
1020 744 1327 816 ποιμαίνειν
1372 743 1434 797 τὸ
1481 742 1732 814 ποίμνιον
1786 741 1935 798 ἐκου-

295 832 432 904 σίως,
490 831 638 887 ἀλλᾶ
694 833 768 904 μὴ
829 832 1197 907 ἀναγκαστῶς,
1252 832 1279 885 ὁ
1322 830 1589 905 ἡμέτερος
1635 828 1929 887 διακελεύε’

291 944 365 978 ται
395 920 690 996 νόμοςηκαὶ
721 920 1049 993 νομοθέτης.

2047 567 2209 633 dum,
2243 584 2313 621 ne
2345 568 2581 622 ﬁrmum
2615 568 2849 639 quidem
2884 584 2949 621 ac
2976 567 3179 622 stabile
3210 572 3319 623 est.
3353 568 3507 624 Solet
3532 571 3689 625 enim

2045 656 2102 709 id
2135 656 2224 709 cui
2257 655 2344 710 vis
2375 656 2634 710 adhibita
2674 661 2784 721 est,
2847 672 2960 710 non
3012 672 3182 712 secus
3238 674 3302 712 ac
3357 657 3558 729 planta
3589 676 3691 729 per

2042 744 2159 799 vim
2194 745 2466 799 manibus
2492 745 2721 810 inﬂexa,
2756 744 2931 799 simul
2966 750 3030 800 ut
3068 746 3380 802 dimissum
3412 747 3686 813 fuerit,ad

2045 849 2106 887 se
2137 849 2371 888 rursum
2397 834 2582 887 redire
2608 850 2620 887 :
2655 834 2807 904 quod
2833 838 3027 888 autem
3044 833 3272 890 alibera
3286 835 3687 892 voluntats20

2043 922 2454 992 proﬁciscitur,
2478 922 2878 992 aequissimum
2911 938 2975 976 ac
2999 923 3406 979 firmissimum
3437 941 3565 981 esse
3595 942 3688 981 so-

292 1012 381 1083 let,
412 1015 614 1084 utpote
645 1011 1060 1067 benevolentiae
1090 1010 1342 1066 vinculis
1373 1010 1675 1065 astrictum
1710 1014 1884 1081 atque
1941 1014 2365 1065 conservatum.
2412 1012 2490 1064 Ac
2549 1009 2793 1081 proinde
2836 1009 2925 1065 vel
2967 1010 3217 1067 maxime
3253 1010 3311 1067 id
3370 1012 3461 1069 lex
3490 1018 3693 1071 nostra

298 1107 350 1157 et
377 1098 677 1173 legislator
709 1103 907 1155 noster
945 1099 1157 1165 sanxit,
1192 1102 1257 1153 ut
1286 1115 1423 1170 grex
1445 1115 1560 1153 non
1593 1102 1806 1161 coacte,
1841 1097 1940 1153 sed
1974 1102 2179 1169 sponte
2210 1115 2276 1153 ac
2308 1097 2513 1153 libenti
2546 1098 2742 1153 animo
2771 1102 3046 1170 pascatur
3076 1101 3140 1155 η.

356 1190 446 1252 Ῑς’.
480 1184 641 1242 Ἀλλ’
670 1182 807 1241 ἔστω
853 1206 935 1247 τις
992 1187 1130 1258 μήτέ
1178 1185 1362 1255 κακὸς,
1411 1186 1501 1239 καὶ
1548 1185 1743 1261 ἀρετῆς
1784 1183 1934 1253 ἥκων

296 1276 367 1338 είς
396 1277 459 1330 τὸ
510 1273 818 1349 ἀκρότατον·
870 1273 977 1349 οὐχ
1026 1274 1159 1347 ὁρῶ,
1208 1294 1329 1327 τινα
1379 1267 1560 1328 λαϐὼν
1603 1272 1931 1345 ἐπιστήμην,

294 1365 326 1434 ἢ
381 1364 510 1435 ποίᾳ
556 1362 780 1435 δυνάμει
828 1362 1134 1433 πιστεύσας,
1182 1361 1383 1432 ταύτην
1434 1360 1495 1415 ’ὰν
1556 1360 1782 1437 Θαρροίη
1833 1362 1931 1429 τὴν

292 1452 633 1527 προστασίαν
679 1456 758 1523 τῷ
805 1446 918 1505 ὄντι
964 1450 1064 1525 γὰρ
1114 1450 1248 1519 αὕτη
1313 1470 1405 1522 μοι
1466 1449 1706 1525 φαίνεται
1762 1450 1928 1524 τέχνη

289 1563 369 1603 τις
411 1541 539 1595 εἶναι
588 1544 820 1615 τεχνῶν,
872 1539 961 1593 καὶ
1012 1539 1287 1611 ἐπιστήμη
1338 1538 1675 1611 ἐπιστημῶν,
1725 1535 1932 1614 ἄνθρω-

292 1651 387 1686 πον
420 1631 591 1706 ἄγειν,
630 1630 692 1684 τὸ
740 1627 1234 1703 πολυτροπώτατον
1267 1628 1379 1699 (50)
1414 1631 1549 1696 ζῶον
1611 1627 1701 1680 καὶ
1758 1647 1934 1680 ποικι-

2116 1186 2253 1242 Χνι.
2279 1187 2389 1241 Sed
2426 1186 2501 1242 sit
2533 1203 2672 1242 sane
2703 1186 2937 1258 aliquis,
2979 1205 3094 1243 non
3149 1191 3320 1246 modo
3355 1208 3388 1247 a
3417 1192 3692 1248 vitiorum

2046 1276 2391 1346 contagione
2415 1292 2833 1346 purus,verum
2854 1276 2924 1330 ad
2949 1293 3249 1333 summum
3264 1279 3440 1334 etiam
3461 1279 3695 1336 virtutis

2045 1362 2343 1435 fastigium
2406 1369 2637 1420 evectus
2671 1381 2683 1431 ;
2717 1363 2870 1419 haud
2918 1365 3191 1436 equidem
3220 1367 3387 1423 video
3436 1386 3693 1441 quanam

2044 1450 2287 1505 scientia
2317 1452 2659 1519 instructus,
2709 1456 2807 1505 aut
2840 1452 3055 1524 quibus
3081 1453 3303 1510 viribus
3348 1456 3549 1525 fretus,
3583 1456 3696 1512 hu-

2035 1540 2299 1609 jusmodi
2323 1539 3692 1616 prefecturamintrepidesusciperequeat.Nam

2044 1629 2300 1699 profecto
2332 1646 2426 1683 ars
2460 1629 2727 1700 quaedam
2760 1628 2997 1695 artium,
3050 1634 3106 1685 et
3152 1631 3397 1689 scientia
3425 1634 3692 1690 scientia-

295 1720 554 1775 λώτατον.
588 1718 748 1788 Δνοίη
784 1715 829 1772 δ’
862 1714 921 1770 ἄν
972 1738 1055 1778 τις
1100 1720 1169 1789 τῇ
1218 1720 1324 1770 τῶν
1360 1718 1624 1788 σωμάτων
1659 1716 1930 1791 Θεραπείᾳ,

2058 1734 2171 1771 ‘um
2206 1717 2345 1771 mihi
2382 1734 2509 1772 esse
2536 1717 2782 1785 videtur,
2842 1717 3140 1774 hominem
3199 1736 3420 1793 regere,
3470 1723 3691 1779 animal

290 1810 382 1877 τήν
441 1812 547 1863 τῶν
598 1811 788 1882 ψυχῶν
839 1805 1074 1881 ἱατρείαν
1124 1802 1486 1874 ἀντεξετάσας’
1537 1804 1627 1859 καὶ
1677 1804 1787 1876 ὅσῳ
1819 1805 1931 1877 (51)

293 1898 384 1971 μὲν
415 1893 657 1973 ἐργώδης
690 1895 863 1965 ἐκείνη
913 1895 1261 1967 καταμαθὼν,
1306 1892 1417 1965 ὅσῳ
1469 1890 1526 1947 δὲ
1555 1895 1589 1962 ἡ
1621 1895 1736 1947 καθ’
1783 1896 1930 1964 ἡμᾶς

291 1983 654 2063 ἐργωδεστέρα
698 1984 1106 2059 προσεξετάσας,
1153 1982 1241 2036 καὶ
1291 1987 1357 2055 τῇ
1412 1981 1564 2058 φύσει
1619 1989 1720 2049 τῆς
1771 1981 1929 2052 ὅλης,

288 2075 373 2130 καὶ
401 2078 471 2149 τῇ
527 2071 748 2145 δυνάμει
797 2079 895 2141 τῆς
944 2073 1269 2143 ἐπιστήμης,
1302 2071 1389 2125 καὶ
1437 2075 1515 2140 τῷ
1543 2072 1688 2125 τὲλει
1720 2073 1816 2137 τῆς
1849 2070 1932 2123 ἐν·

292 2162 499 2239 εργείας
556 2162 879 2235 τιμιωτέρα.
941 2161 1003 2213 ἹΙ
1066 2160 1158 2231 μὶν
1215 2158 1319 2233 γὰρ
1376 2159 1501 2231 περὶ
1550 2160 1775 2231 σώματα
1820 2161 1933 2231 (52)

289 2257 549 2324 πονεῖται,
582 2251 671 2305 καὶ
721 2252 820 2319 τὴν
873 2247 1133 2321 ἐπίκηρον
1185 2247 1322 2317 ὕλην
1377 2246 1465 2302 καὶ
1497 2248 1643 2301 κάτω
1690 2247 1932 2322 ῥέουσαν,

288 2343 500 2403 πάντως
531 2338 910 2410 λυθησομὲνην
961 2337 1049 2391 καὶ
1099 2335 1425 2409 πεισομένην
1474 2338 1535 2390 τὸ
1579 2337 1771 2406 ἑαυτῆς
1800 2338 1935 2409 (53),

290 2432 384 2485 κᾶν
416 2435 508 2483 νῦν
554 2432 625 2503 τῇ
676 2426 967 2502 συμμαχίᾳ
1008 2433 1107 2494 τῆς
1155 2425 1356 2501 τέχνης
1404 2426 1788 2499 κπτακρατήσῃ
1835 2431 1934 2492 τῆς

294 2518 341 2573 ἐν
376 2517 511 2591 αὐτῇ
543 2518 653 2591 (54)
698 2517 953 2577 στάσεως·
987 2515 1021 2583 ἢ
1075 2515 1177 2590 γὰρ
1226 2513 1380 2575 νόσος
1426 2514 1459 2581 ἣ
1504 2512 1703 2587 χρόνος
1751 2508 1933 2567 ἔλυσεν

292 2606 496 2679 εἷ’ξασαν
528 2610 596 2680 τῇ
629 2606 806 2683 φύσει,
864 2604 953 2658 καὶ
1009 2603 1136 2665 τοὺς
1196 2599 1367 2665 ἰδίους
1417 2601 1579 2675 ὅρους
1638 2601 1744 2685 οὐχ
1777 2602 1936 2678 ὑπερ-

293 2691 596 2752 ϐαίνουσαν.

364 2965 458 3019 ΙΖ’.
493 2966 572 3031 Τῆ
604 2959 661 3016 δὶ
706 2982 829 3035 περι
860 2961 1045 3034 ψυχὴν
1074 2961 1108 3027 ἡ
1143 2956 1372 3029 σπουδὴ,
1422 2959 1520 3025 τὴν
1575 2956 1633 3011 ἐκ
1680 2960 1812 3011 Θεοῦ
1850 2957 1939 3011 καὶ

294 3052 440 3105 θείαν
478 3097 494 3122 ,
550 3050 641 3103 καὶ
694 3056 792 3119 τῆς
849 3049 1050 3111 ἄνωθεν
1112 3046 1379 3122 εὐγενείας
1439 3045 1790 3121 μετέχουσαν,
1847 3045 1935 3099 καὶ

292 3139 433 3214 πρὸς
484 3136 692 3203 ἐκείνην
751 3139 861 3210 (55)
916 3136 1293 3212 ἐπειγομένην,
1350 3134 1395 3189 εί
1453 3134 1540 3188 καὶ
1599 3138 1678 3205 τῷ
1726 3134 1931 3209 χείρονι

292 3224 574 3295 συνεδέθηο
628 3224 767 3299 τάχα
825 3228 914 3297 μὲν
945 3225 1034 3279 καὶ
1096 3222 1164 3278 δι’
1214 3221 1386 3284 ἄλλας
1440 3222 1634 3289 αἰτίας,
1678 3222 1735 3283 ἃς
1773 3222 1935 3295 μόνος

294 3313 438 3371 οἶδεν
490 3316 515 3369 ὁ
566 3310 826 3380 συνδήσας
875 3315 1025 3383 Θεὸς,
1075 3313 1164 3367 καὶ
1216 3310 1269 3366 εἷ’
1307 3333 1390 3373 τις
1439 3311 1497 3365 ἐκ
1537 3316 1670 3366 Θειλῦ
1714 3313 1781 3366 τά
1828 3332 1937 3366 τοι-

289 3409 425 3459 αὕτα
485 3401 739 3480 ἐσοφίσθη
800 3403 1089 3477 μυστήρια·
1141 3400 1263 3455 ὅσον
1316 3398 1360 3454 δ’
1394 3400 1482 3453 οὖν
1530 3399 1626 3473 ἐμὲ
1654 3400 1934 3476 γινώσκειν

285 3492 537 3554 καὶτοὺς
597 3495 715 3545 κατ’
771 3490 887 3564 ἐμὲ,
948 3488 1097 3544 δυοῖν
1152 3486 1348 3543 ἕνεκεν·
1406 3489 1521 3550 ἑνὸς
1575 3489 1689 3561 μὲν,
1730 3486 1821 3543 ’ίνα
1869 3487 1939 3542 δι’

286 3582 500 3657 ἀγῶνος
530 3579 620 3635 καὶ
650 3578 857 3649 πάλης,
910 3585 1013 3648 τῆς
1056 3578 1191 3653 πρὸς
1239 3577 1306 3632 τὰ
1350 3579 1517 3645 κάτω,
1549 3584 1651 3646 τῆς
1701 3574 1810 3632 ἅνω
1843 3575 1939 3632 δό-

288 3670 386 3740 ξης
433 3667 902 3744 κληρονομήσειεν
934 3712 947 3735 ,
1000 3664 1179 3742 ὥσπερ
1228 3667 1432 3742 χρυσὸς
1476 3665 1604 3740 πυρὶ
1637 3668 1769 3739 (56),
1818 3670 1939 3728 τοῖς

284 3756 423 3833 τῇδε
456 3758 853 3831 βασανισθεῖσα,
887 3755 975 3809 καὶ
1026 3755 1219 3830 ἀρετῆς
1270 3756 1456 3827 ἆθλον,
1506 3752 1669 3810 ἀλλά
1700 3756 1773 3827 μὴ
1808 3759 1940 3810 Θεοῦ

289 3845 467 3921 δῶρον
522 3843 685 3918 μόνον
743 3842 845 3918 ἔχῃ
902 3842 969 3896 τὰ
1025 3840 1380 3913 ἐλπιζόμενα*
1426 3842 1515 3894 καὶ
1559 3845 1718 3894 τοῦτο
1770 3838 1826 3894 δὲ
1875 3844 1939 3910 ἦν

288 3938 404 4009 (57)
452 3932 553 4008 ἄρα
596 3935 695 4002 τῆς
747 3930 914 4006 ἄκρας
969 3930 1324 4004 ἂγαθότητος,
1374 3936 1598 3999 ποιῆσαι
1649 3931 1711 3984 τὸ
1745 3930 1943 4005 ἀγαθὸν

362 4096 412 4151 ³1
442 4100 600 4151 Petr.
640 4112 696 4164 v,
728 4096 783 4148 2.
816 4094 862 4129 ⁰⁴
893 4094 1105 4165 Ephes.
1138 4109 1214 4162 vr,
1250 4093 1336 4146 12.

364 4237 479 4310 (49)
525 4236 729 4303 Ὥσπερ
784 4232 967 4310 φυτόν.
1028 4233 1425 4310 Elegans_hic
1473 4233 1683 4310 planta
1733 4234 1943 4291 simili-

288 4305 469 4376 tudo,
488 4322 604 4376 qua
632 4322 746 4359 non
781 4305 960 4360 semel
982 4323 1126 4360 usus
1159 4310 1248 4360 est
1277 4305 1446 4429 Οτι-Ἣ.
1488 4305 1630 4361 Vide
1677 4312 1825 4363 orat.
1865 4324 1943 4378 v1,

293 4379 375 4429 al.
423 4394 526 4429 χιι.
576 4393 742 4429 num.
783 4379 837 4429 8.
880 4382 937 4429 et
994 4382 1136 4429 orat.
1188 4394 1348 4429 XXIII.
1383 4394 1453 4429 a.
1506 4386 1627 4429 x111.
1680 4395 1842 4429 num.
1894 4380 1943 4429 1.

293 4379 375 4433 al.
423 4394 526 4439 χιι,
576 4393 742 4430 num.
783 4379 837 4445 8,
880 4382 937 4431 et
994 4382 1136 4431 orat.
1188 4394 1348 4440 XXIII,
1383 4379 1453 4431 al.
1506 4386 1627 4441 χιιι,
1680 4395 1842 4432 num.
1894 4380 1946 4442 1,

292 4448 378 4504 Ut
409 4449 590 4515 enim,
623 4453 893 4520 _orat._xn,
936 4450 1020 4520 al._
1057 4465 1176 4516 v11],
1211 4464 1371 4520 num.
1405 4450 1459 4513 5,
1488 4446 1862 4520 βουλομένων,
1886 4447 1947 4502 οὗ

288 4517 752 4592 τυραννον-»μενων
783 4515 889 4571 ἐστὶ
920 4538 983 4571 τσ
1009 4518 1137 4584 ὸτῆς
1162 4515 1759 4592 γωτηρίαςμυστήριον,
1794 4542 1822 4569 ‹‹
1850 4515 1949 4576 ’νο-

292 4591 577 4657 lentium,
612 4606 726 4643 non
758 4596 1088 4662 coactorum
1128 4596 1217 4644 est
1255 4591 1465 4645 salutis
1496 4593 1838 4662 mysterium
1874 4610 1886 4659 ;
1923 4614 1951 4641 ››

289 4664 381 4717 ita
416 4665 472 4715 et
502 4676 584 4715 or.
620 4676 767 4724 xxxi,
800 4661 871 4718 al.
898 4679 1107 4723 xxxvu,
1142 4678 1302 4715 num.
1338 4663 1426 4730 25,
1464 4661 1653 4716 «nihil
1687 4663 1841 4717 enim
1866 4668 1953 4718 est

289 4742 421 4790 tam
457 4731 851 4803 voluntarium
884 4750 1059 4803 quam
1100 4732 1321 4803 religio.
1346 4751 1381 4803 7»,

364 4805 483 4875 (50)
546 4800 1045 4877 Πολυτροπώτατον
1110 4800 1268 4877 ζῶον.
1327 4802 1486 4877 _Ver8:
1540 4807 1601 4877 et
1653 4803 1827 4877 plana.
1872 4803 1953 4859 le-

290 4872 436 4937 ctio,
465 4872 743 4947 quamvis
769 4876 969 4945 altera,
1000 4878 1104 4927 τῶν
1141 4874 1290 4942 ζώων
1325 4874 1382 4928 in
1432 4872 1699 4943 pluribus
1732 4875 1958 4947 legatur

228 4984 229 4987 η
293 4946 624 5003 codicibus.

375 5018 688 5089 (51)"0mp.
726 5016 864 5087 Reg.
901 5017 959 5080 Ιι,
1005 5016 1415 5089 m.utrolvique
1445 5012 1587 5068 ὅσον.
1642 5020 1772 5072 Post
1814 5016 1956 5072 alte-

232 5126 237 5157 ;
301 5084 438 5144 rum
475 5084 619 5158 ὅσον,
643 5084 875 5158 ⁷Ηεε.“ι,
910 5094 964 5142 et
994 5087 1155 5142 Colb.
1194 5104 1270 5155 m,
1300 5084 1344 5139 δ’
1367 5088 1599 5142 habent.

228 5282 241 5323 ἑ

378 5161 495 5229 (52)
530 5157 789 5229 Σώματα.
820 5160 1020 5213 Comb.
1052 5158 1118 5209 τὰ
1159 5158 1402 5228 σώματα.
1438 5159 1524 5212 Ita
1555 5158 1697 5229 Reg.
1739 5158 1778 5212 l.

379 5228 494 5302 (53)
559 5228 635 5282 Τὸ
688 5228 901 5302 ἑαυτῆς.
962 5230 1266 5301 Sapienter
1339 5236 1397 5285 et
1464 5228 1659 5284 caute’
1694 5231 1962 5302 observat

305 5300 486 5366 Elias,
522 5302 743 5355 dictum
777 5300 940 5355 illum
976 5318 1103 5357 esse
1132 5304 1364 5372 propter
1399 5324 1425 5351 «
1455 5306 1706 5355 veterem
1744 5300 1962 5372 primo-

234 5394 241 5443 ;
311 5378 807 5455 runinostrorum
870 5379 1176 5455 parentum
1226 5372 1774 5455 transgressionem,
1813 5373 1966 5428 unde

228 5484 241 5523 ἓ

232 5430 241 5505 ἶ
312 5444 484 5499 ﬂuxit
514 5444 613 5498 illa
635 5430 928 5498 sententia
960 5462 1023 5499 ;‹‹
1056 5452 1209 5499 terra
1238 5461 1320 5505 es,
1355 5430 1498 5496 etlin
1530 5449 1741 5498 terram
1762 5430 1964 5499 'rever-

316 5518 476 5570 teris.
518 5515 706 5568 nNarn
736 5515 946 5586 alioqui
971 5538 995 5565 ‹ι
1023 5516 1385 5570 ίηῘΟιιδςιέἒὰδῖἶ
1409 5515 1697 5569 hominem
1720 5517 1966 5569 iuextcr-

317 5588 663 5661 minabilem
699 5580 943 5661 (Sim._'ii.
975 5589 1089 5657 23).
1136 5609 1162 5635 η

390 5660 505 5735 (54)
534 5663 620 5710 Ἐκ
653 5657 810 5729 αὐτῇ.
853 5659 987 5731 lteg.
1014 5655 1070 5725 b',
1106 5675 1183 5724 m,
1216 5656 1266 5709 ἐν
1296 5655 1479 5728 ἑαυτῇ.

652 5786 912 5847 ΡΑτιιυι..
967 5788 1078 5849 Ga.
1124 5783 1362 5847 XXXV.

2041 1806 2304 1861 omnium
2335 1806 2583 1861 maxime
2614 1806 2837 1860 varium
2868 1806 3271 1878 etmultiplex.
3314 1809 3374 1863 Id
3390 1826 3560 1881 porro
3583 1811 3691 1867 hac

2042 1896 2279 1949 demum
2313 1896 2534 1949 ratione
2567 1893 2860 1966 quispiam
2893 1896 3335 1967 perspexerit,si
3357 1899 3688 1956 animarum

2042 1984 2369 2038 curandaru
2381 2001 2433 2037 ιιι
2460 1983 2737 2038 rationem
2764 2000 2893 2037 cum
2913 2000 3221 2056 corporum
3247 1988 3533 2043 medicina
3555 2006 3691 2044 con-

2043 2071 2259 2136 tulerit,
2296 2070 2763 2142 quantoquehaec
2794 2077 2994 2127 nostra
3024 2072 3366 2130 laboriosior
3396 2078 3692 2147 quamilla

2044 2160 2140 2229 sit,
2174 2160 2533 2231 expenderit,
2567 2177 2652 2228 ac,
2688 2164 2811 2213 tum
2845 2161 3098 2215 materias
3132 2167 3358 2232 natura,
3386 2168 3511 2219 tum
3546 2166 3691 2222 artis

2045 2248 2339 2314 facultate,
2374 2253 2497 2302 tum
2523 2254 2687 2303 actus
2719 2248 2852 2314 ﬁne,
2903 2250 3290 2320 praestantior.
3335 2251 3503 2308 Illius
3532 2255 3691 2310 enim

2046 2336 2206 2391 labor
2236 2337 2388 2391 circa
2418 2353 2660 2407 corpora
2691 2342 2969 2404 versatur,
3017 2337 3400 2411 fragilemque
3457 2341 3606 2396 hanc
3636 2347 3696 2398 et

2048 2425 2211 2479 humi
2245 2425 2537 2479 labentem
2571 2425 3151 2491 materiam,omnino
3169 2428 3403 2483 tandem
3428 2430 3696 2488 interitu-

2048 2530 2194 2581 ram,
2228 2530 2577 2584 eaque,quae
2596 2514 2704 2567 fert
2736 2513 2921 2585 ipsius
2944 2514 3218 2582 conditio,
3252 2531 3687 2587 perpessurum,

2048 2602 2278 2657 etiamsi
2312 2602 2451 2656 artis
2467 2600 2729 2657 subsidio
2758 2602 3067 2656 dissidium
3089 2602 3253 2674 illud,
3270 2621 3384 2676 quo
3407 2605 3695 2679 laborant,

2049 2707 2206 2745 nunc
2237 2694 2496 2762 superet.
2531 2690 2670 2744 Eam
2693 2691 3433 2762 enim,autmorbivis,aut
3458 2698 3696 2768 tempus

2050 2779 2383 2852 exstinguet
2414 2782 2636 2834 naturas
2693 2778 2802 2851 legi
2838 2780 3159 2849 cedentem,
3219 2798 3324 2837 nec
3381 2782 3527 2839 ﬁnes
3556 2800 3697 2841 suos

2048 2869 2444 2923 excedentem.

2120 2955 2289 3011 XVII.
2329 2957 2401 3010 At
2431 2955 2607 3025 hujus
2641 2954 2902 3010 studium
2950 2959 3122 3026 atque
3180 2972 3356 3026 opera
3410 2957 3469 3011 in
3498 2958 3695 3015 anima

2052 3045 2307 3115 ponitur,
2336 3060 2462 3115 qua:
2494 3060 2561 3097 ex
2584 3044 2697 3097 Deo
2729 3048 2839 3109 est,
2871 3048 3041 3113 atque
3062 3044 3276 3111 divina,
3310 3062 3692 3118 superneque

2045 3133 2367 3189 nobilitatis
2398 3133 2707 3204 particeps,
2726 3133 2793 3186 ad
2818 3148 3064 3204 eamque
3087 3149 3402 3205 properans
3427 3136 3693 3202 ;tametsi

2045 3222 2231 3277 viliori
2257 3221 2491 3275 interim
2532 3238 2598 3275 ac
2630 3220 2897 3275 deteriori
2948 3220 3181 3277 astricta
3238 3222 3332 3277 sit.
3398 3224 3578 3296 Cujus
3610 3224 3694 3281 rei

2048 3311 2245 3367 multm
2276 3327 2507 3381 quoque
2539 3309 2662 3364 alia:
2687 3310 2929 3365 fortasse
2959 3326 3151 3366 causas
3183 3317 3343 3379 sunt,
3379 3314 3698 3384 quassolus

2048 3406 2217 3463 Deus,
2252 3400 2351 3471 qui
2377 3399 2493 3453 haec
2526 3397 2811 3464 astrinxit,
2847 3400 3108 3471 cognitas
3145 3403 3201 3455 et
3231 3400 3558 3473 exploratas
3589 3403 3699 3459 ha-

2049 3490 2165 3558 bet,
2191 3492 2290 3543 aut
2323 3489 2371 3544 si
2404 3487 2535 3558 quis
2567 3488 2907 3558 hujusmodi
2942 3489 3359 3561 mysteriorum
3391 3490 3699 3547 scientiam

2049 3576 2329 3633 divinitus
2360 3581 2448 3631 est
2477 3580 2855 3631 consecutus:
2882 3580 3169 3647 quantum
3198 3582 3392 3634 autem
3422 3579 3701 3652 ego,mei-

2051 3681 2162 3738 que
2194 3664 2438 3730 similes,
2472 3664 2799 3735 cognitione
2835 3666 3227 3737 assequimur,
3267 3665 3486 3738 duplici
3526 3682 3703 3723 causa

2050 3755 2107 3809 id
2141 3755 2357 3809 factum
2391 3758 2514 3816 est;
2549 3752 2731 3807 altera
2757 3758 2821 3807 ut
2851 3770 2953 3823 per
2993 3756 3483 3810 concertationem
3517 3764 3571 3810 et
3590 3754 3703 3811 col-

2053 3842 2433 3898 luctationem
2467 3842 2512 3878 “
2541 3858 2674 3895 cum
2708 3842 2879 3895 rebus
2910 3842 3284 3898 inferioribus
3330 3844 3401 3898 ad
3434 3860 3698 3915 superna

2054 3931 2251 4005 gloriae
2281 3929 2673 3985 hrereditatem
2704 3930 3019 4001 perveniat,
3058 3931 3231 3986 rebus
3262 3931 3483 3989 scilicet
3528 3931 3700 3988 ﬂuxis

2124 4236 2236 4308 (55)
2280 4235 2377 4289 Καὶ
2436 4233 2572 4308 πρὸς
2630 4231 2861 4308 ἐκείνην.
2946 4235 3096 4293 Citat
3149 4238 3270 4295 haec
3333 4238 3706 4298 Justinianus

2056 4305 2357 4434 gziibgustus
2388 4308 2459 4361 ad
2482 4305 2740 4363 Menam.
2777 4305 2935 4362 Cone.
2970 4309 3061 4363 ed.
3098 4309 3230 4365 Lab.
3264 4314 3408 4366 tom.
3439 4311 3533 4382 IV,
3559 4328 3695 4386 pag.

2130 4449 2245 4521 (56)
2300 4446 2455 4521 Πυρί.
2512 4448 2843 4521 Delevimus
2896 4452 2976 4519 τῷ

2064 4519 2241 4592 Regg.
2277 4519 2605 4592 cod’d.,_sex
2627 4519 2811 4587 Colb.,
2836 4523 2930 4575 Or.
2967 4522 3016 4574 1.

2282 4593 2449 4667 Τοῦτο
2482 4586 2537 4641 δὲ
2566 4591 2653 4656 ἦν.
2687 4592 2886 4646 Comb.
2924 4594 3107 4667 ,τοῦτο
3138 4593 3268 4667 ,γὰρ
3324 4594 3413 4663 ἦν.
3457 4595 3551 4651 Sic
3590 4593 3713 4651 Bil-

2062 4662 2178 4717 lius
2209 4663 2365 4717 hunc
2390 4662 2596 4736 locum
2611 4667 2881 4736 verterat,
2913 4662 3453 4736 Gregorii'mentem
3476 4683 3591 4722 non
3616 4683 3712 4722 as-

2062 4738 2346 4808 secutus;
2380 4756 2406 4781 «
2426 4734 2601 4808 _Quod
2636 4734 2805 4788 etiam
2828 4733 3283 4805 ipsumsummzs
3307 4755 3372 4793 ac
3394 4736 3712 4808 singularis

2064 4807 2164 4860 Dei
2195 4804 2472 4859 bonitatis
2506 4804 2917 4876 argumentum
2948 4811 3058 4872 est,
3092 4808 3371 4864 nimirum
3408 4804 3615 4875 faccre,
3649 4813 3715 4863 ut

2062 4878 2257 4949 virtus
2281 4882 2481 4929 nostra
2513 4875 2743 4949 quoque
2763 4875 3037 4948 aliquaex
3056 4884 3215 4949 parte
3247 4881 3342 4944 sit,
3380 4880 3711 4944 netc.Quasi

2064 4965 2197 5003 vero
2230 4948 2382 5002 Deus
2405 4947 2534 5001 boni
2558 4953 2776 5017 partem
2801 4947 2990 5013 faeiat,
3009 4947 3113 5004 nos
3132 4951 3375 5005 alteram
3407 4952 3711 5007 faciamus.

2071 5020 2230 5095 [laud
2261 5019 2344 5073 ita
2392 5018 2722 5095 Gregorius.
2768 5020 2877 5073 Sed
2910 5042 2937 5068 ‹‹
2972 5022 3487 5095 summahonitas,
3525 5044 3555 5074 »
3587 5038 3715 5095 quae

2069 5091 2222 5166 Deus
2253 5093 2589 5166 est,_omnia
2621 5106 2795 5160 opera
2818 5096 3017 5166 nostra
3048 5093 3105 5145 in
3142 5094 3310 5148 nobis
3341 5091 3634 5166 operatur,
3658 5099 3716 5150 et

2070 5161 2339 5236 sllicitat
2371 5161 2586 5236 bonum
2605 5178 2777 5236 suum
2801 5162 2974 5236 etiam
2998 5166 3076 5217 sit
3097 5161 3716 5236 nostrum,'praebendo

2071 5234 2221 5287 vires
2254 5230 2434 5286 libero
2466 5233 3336 5304 arbitrio,utbonumoperetur,
3362 5230 3424 5292 et
3449 5246 3716 5293 nostrum

2074 5304 2151 5358 sit
2176 5321 2195 5375 ι
2233 5326 2259 5353 ‹‹
2297 5320 2530 5357 summa
2552 5305 2806 5358 bonitate
2842 5330 2861 5357 ι
2901 5304 2982 5359 ita
3011 5304 3256 5375 volente,
3317 5324 3433 5363 non
3483 5313 3717 5363 tantum

2075 5398 2104 5425 «
2138 5374 2333 5446 aliqua
2360 5391 2425 5428 ex
2459 5380 2636 5445 parte.
2675 5397 2699 5423 η
2730 5381 2873 5428 Nam
2907 5382 2970 5430 ut
3026 5378 3270 5433 Cernadi
3317 5379 3507 5435 verbis
3564 5384 3718 5446 utar,

2077 5468 2106 5497 «
2127 5463 2239 5501 non
2273 5448 2481 5517 partim
2509 5446 2717 5515 gratia,
2751 5448 2961 5515 partim
2986 5449 3231 5505 liberum
3266 5450 3597 5518 arbitrium,
3618 5451 3722 5507 sed

2080 5522 2261 5595 totum
2302 5519 2342 5570 .Li
2378 5518 2591 5586 igni-an;
2622 5518 3023 5595 vrelmlivic’luo
3050 5522 3723 5595 peragunt.Totumqui-

2080 5592 2210 5643 dem
2239 5590 2431 5666 hocazt
2462 5596 2647 5666 totum
2682 5589 2780 5641 illa
2815 5589 3257 5666 ;sod_‘ut'totu'm
3280 5594 3340 5649 in
3370 5593 3491 5666 illo,
3520 5589 3726 5653 sic-t0-

2081 5666 2209 5737 tum
2238 5678 2305 5717 ex
2336 5661 2455 5720 illa.
2492 5682 2521 5713 »
2553 5662 2625 5717 De
2652 5669 2803 5732 arat.
2835 5664 2887 5723 et
2916 5662 2992 5720 lib
3021 5665 3163 5737 arb.,
3199 5683 3256 5727 n.
3281 5666 3371 5726 47.

3341 5796 3416 5865 14

3046 4451 3395 4510 auctoritate
3451 4453 3707 4526 quinque
