4152 6286
1044 267 1074 285 α

437 316 559 376 427
578 368 579 371 η

1678 315 1742 375 S.
1794 313 2167 374 GREGOHII
2212 314 2606 380 THEOLOGI

3723 312 3843 379 498

348 452 351 455 ’
439 453 496 507 et
523 447 850 523 fragillbus,
874 465 990 505 non
1013 465 1181 505 secus
1212 452 1384 520 atque
1414 464 1623 504 aurum
1650 446 1809 520 igne,
1840 447 2085 519 probata

2203 446 2284 501 xui
2316 448 2602 523 ἡμέτερον,
2636 448 2698 503 οὐ
2747 448 2899 527 φύσει
2949 444 3108 523 μόνον
3140 448 3659 523 κατασπειρόμενον,
3699 446 3846 505 ἀλλὰ

437 544 493 596 et
520 537 834 611 explorata,
867 552 1071 608 eaque,
1105 554 1230 609 quae
1264 538 1321 592 in
1380 553 1481 608 spe
1514 536 1701 607 posita
1760 540 1919 604 sunt,
1970 553 2086 592 non

438 627 629 683 solum
661 631 727 682 ut
757 626 855 682 Dei
878 626 1251 697 beneficium,
1284 627 1381 682 sed
1404 627 1578 682 etiam
1598 630 1662 681 ut
1690 625 1924 680 virtutis
1946 642 2087 697 prte-

437 715 623 772 mium
654 716 943 772 obtineat.
975 719 1168 787 Atque
1197 716 1306 771 hoc
1336 716 1531 787 ipsum
1565 718 1689 771 erat
1711 731 1955 770 summae
1988 715 2088 770 bo-

439 804 664 873 nitatis,
686 804 912 861 efﬁcere
927 808 989 860 ut
1010 804 1227 859 bonum
1252 809 1405 859 esset
1423 806 1517 861 21
1549 821 1782 876 quoque
1799 806 2089 875 nostrum,

440 909 557 950 non
588 897 800 949 natura
830 896 1060 949 tantum
1090 892 1402 959 insertum,
1426 894 1526 949 sed
1559 892 1734 948 etiam
1757 909 1859 964 per
1888 892 2091 947 volun-

438 986 642 1051 tatem,
673 981 1196 1053 liberiquearbitrii
1228 982 1285 1036 in
1322 985 1630 1052 utramque
1648 985 1870 1052 partem
1885 981 2093 1036 motio-

441 1088 566 1144 nes,
602 1069 895 1127 excultum
930 1087 943 1124 :
979 1070 1161 1127 altera
1192 1088 1450 1135 rursum,
1483 1075 1548 1124 ut
1578 1070 1924 1124 deteriorem
1949 1086 2094 1141 quo-

2202 537 2291 591 xui
2350 538 2665 614 προαιρέσει
2723 539 3158 615 γεωργούμενον,
3217 538 3306 594 καὶ
3359 544 3476 601 τοῖς
3536 528 3624 593 ’ἄπ’
3684 535 3848 615 ἄμφω

2201 630 2298 680 τοῦ
2355 626 2697 696 αὐτεξουσίου
2754 629 3067 700 κινήμασιν
3129 626 3313 702 ἑτέρου
3370 624 3427 682 δὲ
3483 627 3558 690 ὡς
3618 628 3733 702 (58)
3790 625 3850 681 ἂν

2197 715 2288 768 καὶ
2325 714 2389 769 τὸ
2437 720 2623 791 χεῖρον
2682 714 2927 771 ἑλκύσειε
2980 716 3115 792 πρὸς
3166 717 3359 783 ἑαυτὴν
3413 714 3503 771 xui
3546 712 3657 771 ἅνω
3711 715 3852 787 θείη,

2200 802 2407 858 λύσασα
2455 805 2592 858 κατὰ
2644 805 2832 877 μικρὸν
2881 811 2982 874 τῆς
3030 804 3371 880 παχύτητος·
3418 802 3512 877 ’ίν’,
3564 803 3695 880 ὅπερ
3744 803 3855 858 toti

2202 891 2330 952 Θεὸς
2359 891 2532 966 ψυχῇ,
2580 897 2743 947 τοῦτο
2793 895 2946 967 ψυχὴ
2983 894 3195 965 σώματι
3246 895 3468 968 γενηται
3496 891 3853 969 παιδαγωγή-

2204 1000 2336 1034 σασα
2368 977 2436 1034 δι’
2486 981 2680 1051 ἑαυτῆς
2722 983 2821 1050 τὴν
2868 982 3125 1058 ὑπηρέτιν
3161 983 3273 1055 (59)
3305 980 3466 1056 ὕλην,
3501 984 3591 1039 καὶ
3640 982 3852 1038 οίκείώ-

2209 1089 2340 1123 σασα
2370 1073 2485 1139 Θεῷ
2514 1068 2576 1123 τὸ
2608 1067 2939 1141 ὁμόδουλον.

441 1176 555 1232 que
586 1164 814 1232 partem
846 1158 1106 1215 crassitie
1147 1177 1251 1215 sua
1282 1158 1566 1230 paulatim
1620 1158 1895 1225 solutam,
1931 1160 2002 1213 ad
2036 1174 2098 1213 se
2130 1160 2453 1231 pertrahat,
2476 1164 2651 1230 atque
2691 1160 2749 1214 in
2782 1160 3020 1216 sublimi
3075 1161 3318 1217 collocet
3341 1180 3360 1216 :
3393 1165 3478 1228 ut,
3511 1162 3667 1232 quod
3698 1162 3848 1217 Deus

440 1254 530 1306 est
556 1249 786 1317 animas,
822 1248 930 1304 hoc
957 1247 1151 1303 anima
1182 1248 1259 1303 sit
1285 1248 1532 1318 corpori,
1566 1252 1947 1318 posteaquam
1973 1247 2196 1303 scilicet
2227 1248 2551 1316 materiam,
2587 1265 2705 1320 qua
2730 1249 3000 1305 ministra
3029 1250 3236 1320 utitur,
3267 1246 3578 1321 domuerit’,
3613 1266 3849 1306 conser-

438 1356 694 1411 vumque
724 1355 899 1394 suum
934 1342 1048 1393 Deo
1075 1337 1423 1408 adjunxerit.

510 1428 701 1485 XVIII.
736 1427 1036 1482 Enimvero
1071 1427 1355 1495 medicus,
1398 1426 1544 1496 loca,
1606 1430 1661 1481 et
1716 1431 2000 1497 tempora,
2035 1430 2093 1481 et

435 1522 656 1590 aetates,
681 1522 739 1574 et
766 1521 1167 1588 tempestates,
1194 1521 1516 1588 ceteraque
1538 1516 1719 1587 hujus
1750 1515 1979 1588 generis
2002 1516 2091 1570 in-

436 1608 662 1679 spiciet,
698 1606 1125 1662 medicamenta
1154 1606 1329 1661 etiam
1353 1605 1982 1677 exhibebit,victusque
2001 1622 2090 1660 ra-

434 1699 652 1751 tionem
686 1695 1039 1767 prescribet,
1066 1711 1132 1749 ac
1164 1694 1332 1749 noxia
1354 1694 1706 1759 observabit,
1733 1698 1796 1749 ut
1818 1712 1888 1749 ne
1909 1712 2088 1767 aegro-

438 1786 476 1840 ti
514 1784 864 1856 cupiditates
878 1784 987 1839 arti
1012 1783 1320 1839 obsistunt.
1344 1783 1542 1852 Ignem
1562 1782 1737 1838 etiam
1769 1783 2087 1850 interdum,

2275 1428 2377 1482 IH'.
2414 1425 2633 1499 Χώρας,
2675 1424 2764 1479 καὶ
2815 1424 3057 1497 καιροὺς,
3108 1426 3196 1480 καὶ
3248 1423 3491 1495 ἡλικίας,
3541 1426 3631 1480 καὶ
3682 1425 3849 1501 ὥρας,

2201 1514 2289 1569 καὶ
2339 1516 2406 1569 τὰ
2456 1518 2678 1568 τοιαῦτα
2726 1515 2753 1568 ὁ
2808 1513 2987 1589 ἰατρὸς
3066 1513 3430 1588 ἐπισκέψεταιο
3486 1514 3853 1593 φαρμακεύσει

2199 1624 2257 1659 τε
2287 1605 2375 1657 xui
2410 1600 2695 1673 διαιτήσει,
2746 1603 2835 1657 xui
2879 1606 3107 1679 τηρήσει
3156 1604 3223 1659 τὰ
3258 1599 3517 1680 βλαϐερὰ,
3552 1605 3629 1666 ὡς
3679 1607 3737 1658 ἂν
3774 1604 3850 1677 μὴ

2203 1687 2484 1761 ἀντιϐῆναι
2515 1696 2581 1765 τῇ
2611 1691 2778 1767 τέχνῃ
2801 1692 2896 1754 τὰς
2926 1699 3025 1762 τῆς
3072 1692 3376 1769 ἀῤῥωστίας
3423 1692 3733 1766 ἐπιθυμίας·
3765 1691 3854 1747 καί

2201 1802 2304 1834 που
2336 1779 2425 1835 καὶ
2457 1781 2693 1851 καύσεσι,
2744 1780 2832 1834 καὶ
2879 1786 3097 1853 τομαῖς,
3130 1783 3219 1836 καὶ
3268 1787 3384 1844 τοῖς
3434 1780 3854 1855 αὖστηροτέροις

439 1879 496 1928 et
527 1873 766 1938 ferrum,
799 1877 969 1941 atque
1000 1871 1299 1944 asperiora
1320 1872 1577 1927 remedia
1599 1872 1897 1927 nonnullis
1930 1872 2087 1927 adhi-

2203 1873 2296 1938 τῆς
2343 1870 2646 1943 θεραπείας,
2706 1866 2846 1924 ἔστιν
2904 1870 2993 1925 ὅτε
3048 1870 3137 1925 xui
3197 1870 3279 1948 ἐφ’
3337 1872 3409 1924 ὧν
3462 1872 3744 1945 χρήσεται·
3778 1870 3852 1925 ὦν

440 1962 639 2017 bebit:
674 1977 800 2032 quae
841 1964 1076 2015 tametsi
1117 1976 1396 2031 perquam
1439 1960 1730 2016 laboriosa
1759 1964 1816 2015 et
1847 1960 2094 2017 molesta

439 2067 568 2106 esse
594 2050 921 2114 videantur,
956 2048 1101 2104 nihil
1118 2053 1314 2104 tamen
1336 2066 1537 2105 eorum
1570 2050 1809 2121 perinde
1840 2050 2092 2106 arduum

438 2158 504 2195 ac
537 2138 775 2195 difﬁcile
799 2146 885 2194 est
926 2146 987 2193 ut
1018 2155 1232 2208 mores,
1274 2143 1331 2193 et
1392 2139 1656 2205 affectus,
1715 2144 1770 2194 et
1817 2141 1987 2205 vitas,
2037 2144 2094 2195 et

436 2228 633 2284 studia
663 2232 832 2299 atque
856 2228 1147 2293 instituta,
1180 2233 1237 2282 et
1266 2228 1312 2283 si
1347 2228 1486 2298 quid
1522 2227 1676 2284 aliud
1704 2245 1928 2295 eorum,
1961 2245 2092 2299 quae

435 2319 494 2372 in
520 2317 686 2373 nobis
716 2315 1188 2383 sunt,hissimile
1217 2317 1663 2387 est,conspicere
1693 2334 1757 2371 ac
1790 2318 2089 2385 medicari,

435 2412 610 2478 atque
633 2406 920 2478 quidquid
981 2410 1210 2477 agreste
1242 2423 1307 2460 ac
1356 2407 1603 2460 ferinum
1638 2411 1746 2476 est,
1780 2424 1813 2461 a
1843 2408 2089 2477 conjun-

435 2496 627 2552 ctione
650 2500 852 2550 nostra
880 2494 1183 2566 expellere,
1219 2495 1505 2566 quidquid
1552 2501 1750 2550 autem
1810 2512 2090 2551 mansue-

436 2588 586 2650 tum,
621 2598 686 2637 ac
703 2586 815 2637 Deo
848 2582 1089 2636 charum
1123 2587 1232 2651 est,
1280 2583 1558 2637 inducere
1606 2588 1664 2636 et
1719 2583 2088 2648 confirmare,

438 2675 614 2741 atque
644 2670 854 2725 anima:
882 2674 941 2726 et
972 2671 1231 2739 corporis
1263 2686 1505 2726 causam
1530 2672 1691 2739 juste
1722 2671 2086 2742 disceptare:

418 2760 521 2829 (sic
543 2775 773 2830 nempe,
808 2764 871 2813 ut
901 2759 981 2831 id,
1017 2760 1171 2830 quod
1224 2760 1599 2830 praestantius
1647 2765 1754 2827 est,
1788 2760 2090 2815 deterioris

438 2848 683 2919 imperio
715 2848 923 2919 premi,
948 2866 1075 2919 quas
1107 2848 1396 2917 injustitia
1417 2840 1680 2903 omnium
1715 2850 2086 2919 maximaest,

436 2936 680 2993 minime
710 2936 1006 3009 patiamur
1040 2956 1052 2996 ;
1086 2954 1286 2991 verum
1320 2943 1383 2991 ut
1431 2938 1503 3002 ei,
1563 2938 1715 3009 quod
1750 2939 2087 3009 imperium,

436 3042 502 3081 ac
534 3026 927 3098 principatum
961 3029 1138 3095 tenet,
1172 3026 1251 3093 id,
1286 3026 1440 3096 quod
1474 3030 1683 3081 natura
1708 3026 1954 3082 inferius
1977 3030 2088 3093 est,

2203 1956 2355 2014 οὔπω
2409 1964 2663 2013 τοσοῦτον
2716 1956 2892 2029 οὐδὲν,
2942 1960 3036 2013 κᾶν
3094 1958 3324 2014 ἐπίπονα
3374 1957 3578 2037 σφόδρα
3609 1961 3721 2032 (60)
3765 1958 3855 2013 καὶ

2202 2046 2420 2123 χαλεπὰ
2464 2048 2743 2126 φαίνηται,
2792 2047 2917 2103 ὅσον
2974 2046 3110 2119 ἤθη,
3169 2048 3258 2102 καὶ
3318 2049 3489 2119 πάθη,
3534 2047 3625 2102 καὶ
3680 2047 3856 2123 βίους,

2200 2137 2289 2191 καὶ
2320 2138 2679 2211 προαιρέσεις,
2731 2137 2819 2191 καὶ
2870 2134 2924 2191 εἷ’
2962 2158 3013 2191 τι
3068 2135 3208 2191 ἄλλο
3243 2141 3481 2216 ,τοιοῦτο
3511 2138 3625 2211 (61)
3661 2140 3767 2191 τῶν
3802 2134 3854 2193 ἐν

2200 2229 2357 2297 ἡμῖν,
2407 2226 2763 2280 κατοπτεῦσαί
2807 2247 2866 2281 τε
2920 2225 3009 2279 καὶ
3063 2226 3382 2301 ἰατρεῦσαι,
3431 2225 3521 2281 καὶ
3566 2247 3667 2281 παν
3726 2224 3849 2280 ὅσον

2199 2312 2466 2389 θηριῶδες
2525 2314 2615 2369 λαὶ
2666 2314 2848 2390 ἄγριον
2882 2316 2995 2389 (62)
3043 2314 3383 2390 ἐξορίσαντας
3442 2321 3542 2385 τῆς
3594 2315 3851 2389 συζυγίας

2198 2411 2297 2471 τῆς
2330 2403 2622 2478 ἡμετέρας,
2654 2410 2755 2457 πᾶν
2786 2403 2909 2458 ὅσον
2944 2404 3151 2480 ἥμερον
3183 2404 3271 2459 καὶ
3297 2408 3413 2475 Θεῷ
3444 2402 3530 2481 φί)
3547 2426 3601 2459 ον
3644 2405 3855 2459 ἀντεισ-

2202 2497 2420 2566 αγαγεῖν
2480 2513 2537 2546 τε
2593 2492 2681 2546 καὶ
2762 2488 3158 2567 βεϐαιώσασθαι
3196 2539 3210 2565 ,
3271 2492 3360 2547 καὶ
3425 2488 3717 2569 βραϐεῦσαι
3781 2491 3856 2548 δι-

2198 2579 2367 2642 καίως
2581 2602 2639 2635 τε
2685 2580 2774 2634 καὶ
2825 2582 3059 2653 σώματι*
3098 2584 3172 2653 μὴ
3222 2586 3300 2653 τῷ
3339 2582 3550 2657 χείρονι
3582 2583 3643 2636 τὸ
3674 2586 3855 2654 κρεῖτ-

2198 2689 2289 2723 τον
2348 2666 2750 2723 δυναστεύεσθαι
2800 2671 3282 2744 συγχωρήσαντας,
3337 2670 3480 2744 ἥπερ
3540 2668 3766 2724 ἀδικιῶν
3821 2672 3856 2738 ἡ

2205 2756 2456 2831 μεγίστη·
2504 2761 2582 2828 τῷ
2632 2754 2687 2810 δὲ
2736 2757 2962 2832 ἄρχοντι
3007 2757 3095 2810 xui
3142 2759 3457 2832 ἡγεμονικῷ
3504 2758 3564 2811 τὸ
3596 2762 3665 2830 τῇ
3700 2757 3857 2835 φύσει

2201 2843 2446 2919 δεύτερον
2499 2845 2882 2914 ὑποτάξαντας·
2936 2843 3116 2920 ὥσπερ
3166 2843 3231 2914 δὴ
3291 2842 3461 2918 νόμος
3522 2851 3667 2909 θεῖος
3701 2892 3714 2917 ,
3766 2845 3857 2900 xui

2198 2933 2466 2988 κάλλιστα
2496 2931 2638 3009 ἔχων
2672 2934 2757 2987 ἐπὶ
2794 2934 2965 3002 πάσης
3014 2934 3177 2988 αὐτοῦ
3224 2942 3325 3003 τῆς
3372 2934 3618 3007 κτίσεως,
3649 2933 3749 3005 ὅση
3793 2955 3852 2989 τε

2201 3026 2391 3095 ὁρατὴ,
2424 3024 2511 3077 xui
2545 3022 2643 3091 δση
2683 3023 2814 3098 ὑπὲρ
2848 3025 2960 3095 (63)
2988 3024 3087 3092 τὴν
3121 3022 3389 3090 αἴσθησιν.

442 3115 867 3184 subjiciamus:
903 3131 1030 3186 quae
1057 3113 1293 3185 quidem
1329 3114 1417 3169 lex
1448 3115 1547 3170 Dei
1570 3120 1678 3182 est,
1713 3116 1769 3170 in
1804 3116 2080 3171 omnibus
2112 3116 2287 3170 rebus
2312 3116 2382 3170 ab
2415 3116 2542 3186 ipso
2570 3114 2840 3181 conditis,
2874 3119 2994 3169 tam
3035 3131 3159 3186 quae
3216 3123 3453 3187 aspectu
3486 3113 3848 3182 sentiuntur,

436 3220 613 3274 quam
642 3220 770 3276 quae
791 3204 1094 3258 oculorum
1128 3220 1367 3259 sensum
1400 3204 1633 3276 fugiunt
1654 3203 2101 3276 praeclarissime
2123 3204 2461 3259 constituta.

503 3291 632 3347 ΧΙΧ.
658 3292 807 3356 Quin
838 3292 1014 3348 etiam
1072 3292 1214 3347 illud
1274 3308 1504 3347 mecum
1538 3294 1862 3360 considero,
1924 3293 2079 3363 quod
2113 3296 2153 3360 C

432 3397 500 3436 ea
528 3380 746 3448 omnia,
779 3397 905 3451 quae
928 3381 1100 3436 modo
1130 3381 1486 3446 enumeravi,
1523 3385 1586 3436 ut
1616 3398 1741 3452 quae
1774 3399 1806 3434 a
1850 3380 2076 3436 medico

432 3471 832 3537 observentur,
868 3473 928 3523 ut
959 3473 1165 3524 natura
1191 3486 1252 3525 se
1281 3469 1517 3535 habent,
1550 3471 1633 3524 sic
1676 3476 1937 3536 manent,
1973 3485 2078 3524 nec

435 3564 637 3615 contra
661 3560 985 3630 quidquam
1015 3564 1243 3615 versute
1276 3559 1619 3625 moliuntur,
1652 3564 1826 3629 atque
1846 3558 2079 3630 iis,quae

434 3649 506 3704 ab
541 3652 662 3703 arte
682 3649 1083 3715 admoventur,
1131 3648 1374 3704 subdole
1406 3664 1532 3704 sese
1562 3652 1903 3719 opponunt:
1938 3646 2079 3718 quin

436 3738 630 3809 potius
657 3736 960 3793 materiam
984 3737 1171 3809 ipsam
1205 3737 1494 3793 medicina
1517 3735 1737 3808 colligit
1762 3753 1774 3790 :
1801 3736 1910 3790 nisi
1935 3736 2082 3791 forte

435 3826 635 3899 aegroti
666 3825 839 3898 culpa
898 3825 1095 3897 aliqua
1150 3830 1207 3881 et
1259 3825 1556 3881 temeritas
1603 3824 1843 3892 incidat,
1903 3840 2079 3896 quam

435 3915 610 3971 etiam
641 3916 830 3987 ipsam
862 3931 1063 3970 cavere
1094 3931 1159 3969 ac
1182 3914 1662 3987 reprimerehaud
1685 3916 1880 3985 magni
1905 3929 2081 3985 nego-

433 4004 500 4058 tii
538 4004 729 4059 fuerit.
762 4006 833 4059 At
863 4004 1033 4059 nobis
1064 4004 1355 4076 sagacitas
1397 4009 1454 4057 et
1478 4006 1863 4074 praeposterus
1897 4002 2084 4057 nostri

434 4107 616 4160 amor,
649 4096 726 4157 et,
757 4092 908 4162 quod
942 4091 1397 4163 facilecuiquam
1425 4093 1679 4162 credere,
1712 4108 1815 4145 nec
1841 4092 2084 4155 scimus,

434 4194 539 4233 nec
570 4179 1282 4249 sustinemus,plurimum
1298 4180 1367 4234 ad
1386 4180 1660 4234 virtutem
1679 4179 2086 4251 impedimenti

506 4365 617 4491 (58)
660 4361 875 4491 Ἐτὲρου
917 4359 974 4416 δὲ
1024 4363 1120 4424 ὡς.
1182 4366 1266 4420 Ita
1323 4364 1486 4435 Regii
1538 4381 1767 4432 omnes,
1826 4365 2086 4437 quinque

435 4441 508 4493 Co
536 4437 616 4493 b..
640 4436 735 4491 Or.
810 4480 823 4493 .
854 4439 972 4491 Jes.
1003 4437 1109 4491 Sed
1143 4436 1269 4491 Par.
1301 4442 1357 4491 et
1386 4437 1516 4491 Bas.
1545 4433 1602 4489 δὲ
1632 4433 1820 4490 πάλιν.

527 4480 618 4579 “593
640 4480 952 4579 ῖὶθῖτὲηῇὶζιζῗ
961 4480 1113 4579 ’Βῖθξ
1143 4480 1527 4577 Ξίῖόπῖηῖοέῖᾶᾧζ

530 4509 935 4650 59)“ξ⁴πηρὲτιν.
972 4512 1113 4633 Bcf.
1153 4525 1206 4573 Χ,
1234 4509 1527 4577 ὑπηρέτην.

530 4580 601 4633 60
680 4578 922 4655 Επίπονα
972 4577 1194 4655 σφῄδρα.
1259 4580 1396 4655 Reg.
1458 4582 1558 4646 hu,
1618 4575 1772 4633 πάνυ.
1834 4578 1993 4634 Colb.
2029 4580 2082 4649 3,

435 4649 755 4726 utrubique
782 4649 1153 4726 πάνυ-σφόδρα
1181 4649 1287 4702 καί.

506 4723 617 4796 (61)
647 4718 891 4777 Τοιοῦτο.
923 4718 1015 4778 Sic
1047 4718 1268 4796 septem
1301 4723 1501 4793 Regg.,
1528 4721 1722 4792 plures
1745 4720 1926 4787 Colb.,
1957 4718 2083 4774 Bill.

433 4793 539 4849 Alii
571 4796 838 4847 τοιοῦτον.

503 4866 615 4938 (62)
648 4865 1071 4938 ἈγργιονηΗΑθς.
1109 4866 1148 4932 1,
1206 4864 1487 4938 ἄγροικον..

504 4929 616 5008 (63)
642 4935 737 4989 Καὶ
758 4929 862 5004 ’ὅση
894 4929 1048 5010 ὑπὲρῖ
1090 4929 1287 5008 Reggi'
1322 4934 1409 4987 xui
1445 4933 1543 5002 ὅση
1604 4934 1738 4986 κατά
1765 4932 1863 4998 τὴν
1893 4929 2084 5001 αἶ’σθη-

435 5027 515 5060 σιν
547 5012 856 5079 σκοπῶμεν.

507 5080 617 5151 (64)
651 5076 758 5134 Μὶν
791 5077 1010 5133 ἕκαστον
1041 5080 1135 5135 ὢν.
1174 5080 1266 5135 Sic
1296 5078 1619 5151 duogFlegg.
1654 5076 1774 5151 b_m,
1808 5080 1850 5128 t.

505 5144 619 5279 (65)
664 5152 1051 5226 Τηρουμὲνων.
1109 5152 1367 5207 Modeste
1423 5144 1628 5228 Billlus
1688 5147 1743 5199 in
1798 5144 2081 5227 margine,

528 5230 647 5278 orte
676 5222 1037 5279 τηοούμενον.
1072 5246 1101 5273 ››
1131 5223 1424 5278 Audacius
1481 5220 1734 5273 editores
1766 5216 1912 5271 Blllll
1948 5234 2081 5272 con-

439 5246 463 5276 σε
505 5216 647 5279 forte
676 5216 1037 5296 τηρούμενον,
1072 5246 1101 5273 ››
1131 5223 1424 5278 Audacius
1481 5218 1734 5296 editores
1766 5216 1912 5271 Billii
1938 5216 2081 5296 icon-

424 5290 949 5367 jncturam,'quam
1008 5297 1134 5368 ipse
1161 5303 1494 5368 transverso
1551 5290 1774 5368 calamo
1806 5294 2082 5368 eraserat,

434 5360 491 5423 in
523 5360 741 5422 texinni
778 5360 1179 5422 inserere-non
1229 5365 1591 5420 dubitarunt.
1653 5360 1855 5415 Plures
1888 5366 2083 5417 tamen

433 5440 615 5528 lli-5g.
647 5447 701 5493 ot
732 5440 890 5495 Uulb.
920 5440 1111 5507 codd.,
1144 5442 1234 5492 Or.
1269 5438 1318 5510 1,
1350 5434 1524 5492 Coisl.
1560 5435 1612 5500 1,
1634 5432 1853 5488 habent
1881 5452 2084 5507 τηρου-

454 5533 476 5562 Ι.
485 5531 530 5562 εν
540 5532 610 5561 ων
624 5554 633 5565 ο

440 5532 833 5668 “(figi
852 5577 1129 5668 Exeunsm
1159 5599 1259 5668 sex.
1291 5580 1478 5655 Regii,
1502 5578 1745 5668 totidem
1776 5575 1937 5668 golb.

502 5648 612 5752 imi
667 5649 795 5712 Οὐδ’
850 5648 947 5735 sib
1004 5656 1185 5735 Βθεε.
1242 5648 1652 5730 Βω,ὀι)ιὶωω
1712 5654 1887 5724 notae,
1940 5652 1997 5709 et
2040 5648 2081 5725 1,

2267 3292 2364 3346 16'.
2401 3295 2599 3345 Σκοπῶ
2657 3288 2713 3345 δὶ
2768 3291 3006 3363 κάκεῖνο,
3066 3290 3148 3345 ὅτι
3207 3289 3421 3345 ἐκείνων
3475 3291 3569 3364 μὶν
3621 3288 3842 3346 ἕκαστον

2188 3380 2260 3432 ὧν
2321 3382 2433 3451 (64)
2492 3379 2964 3454 ἀπηριθμησάμην
3016 3380 3089 3441 ὡς
3137 3383 3215 3450 τῷ
3272 3380 3573 3454 θεραπευτῇ
3629 3400 3833 3455 τηρου-

2192 3466 2364 3540 μενων
2400 3470 2511 3540 (65)
2544 3468 2691 3529 ὅπως
2746 3466 2864 3543 ἔχεί
2909 3471 3020 3541 (66)
3073 3467 3302 3544 φύσεως,
3357 3468 3499 3523 οὕτω
3553 3469 3697 3543 μένει
3748 3468 3837 3523 καὶ

2189 3554 2338 3610 οὐδὲν
2408 3557 2775 3633 ἀντιτεχνᾶται
2845 3563 2969 3633 παρ’
3044 3558 3234 3612 ἑαυτοῦ
3290 3558 3612 3634 πανούργως
3644 3605 3658 3631 ,
3720 3554 3835 3613 οὐδ’

2189 3644 2583 3723 ἀντισοφίζεται
2614 3649 2725 3718 (67)
2756 3651 2871 3707 τοῖς
2905 3646 3051 3722 παρά
3083 3653 3182 3715 τῆς
3230 3648 3434 3722 τέχνης
3485 3647 3833 3723 προσαγομέ-

2188 3756 2298 3796 νοις
2330 3737 2469 3808 (68)·
2509 3732 2655 3789 ἀλλά
2683 3735 2771 3789 καὶ
2794 3733 3103 3811 περιίστησι
3133 3734 3344 3808 μᾶλλον
3371 3737 3470 3804 τήν
3496 3734 3632 3806 ὕλην
3667 3737 3778 3809 (69)
3804 3737 3839 3805 ἡ

2192 3820 2424 3898 ἰατρεία·
2463 3820 2609 3891 πλὴν
2644 3820 2696 3877 εἷ’
2710 3844 2814 3877 που
2845 3823 3075 3899 βραχεῖά
3104 3844 3186 3885 τις
3209 3819 3555 3898 παρεμπέσοι
3587 3828 3684 3879 τοῦ
3705 3824 3844 3896 κάμ-

2190 3932 2375 3971 νοντος
2405 3910 2610 3981 ἀταξία,
2646 3913 2711 3980 ἣν
2743 3911 2832 3965 καὶ
2883 3910 3109 3988 φυλάξαι
3149 3912 3238 3965 καὶ
3284 3911 3550 3984 ἀνακόψαι
3586 3912 3641 3967 εὖ
3673 3911 3846 3986 χαλε-

2192 4000 2314 4054 πόν.
2348 4001 2507 4071 Ἡμῖν
2553 3997 2609 4053 δὲ
2640 4002 2673 4067 ὴ
2726 4000 2930 4060 σύνεσις
2961 4002 3072 4072 (70)
3097 4000 3188 4055 καὶ
3219 3999 3279 4053 τὸ
3331 3996 3619 4077 φίλαυτον,
3663 4000 3753 4053 xui
3783 3998 3846 4053 τὸ

2193 4090 2435 4143 νικᾶσθαι
2470 4085 2667 4162 ῥᾳδίως
2696 4090 2823 4160 μήτ’
2856 4086 3070 4155 εἰδέναι,
3100 4090 3226 4161 μήτ’
3259 4089 3544 4164 ἀνέχεσθαι
3573 4089 3708 4161 (71),
3750 4085 3845 4160 μὲ-

2195 4198 2377 4251 γιστον
2411 4176 2545 4251 πρὸς
2578 4176 2771 4253 ἀρετήν
2803 4176 2941 4231 ἐστιν
2975 4172 3259 4250 ἰμπόδιον,
3292 4176 3383 4231 xui
3417 4175 3530 4231 οἶόν
3560 4195 3644 4238 τις
3668 4174 3843 4249 παρά-

2196 4364 2867 4510 ϐοίὲέ)3ύροσοεγομένοις.
2891 4436 3044 4510 Βρε.
3077 4432 3545 4510 1,,εἶσαγομὲνοις.

2262 4438 2379 4579 (68)
2408 4438 2867 4509 Προσαγομὲνοις.
2904 4438 3044 4507 Reg.
3077 4438 3118 4501 1,
3145 4438 3545 4510 εἰσαγομένοις.
3678 4510 3679 4513 η
3732 4506 3743 4518 ⁸

2116 4529 2161 4592 D
2283 4509 2374 4589 69)
2434 4503 2748 4592 ᾘερι’ίπησι
2775 4579 2788 4592 1
2813 4503 3024 4592 μᾶλλον
3050 4507 3179 4589 ,τήν
3234 4506 3395 4592 ὕλην.
3459 4507 3845 4592 «Λμαῐειηιᾳω

2197 4579 2363 4648 quasi
2397 4578 2829 4633 circ‘umstando
2856 4579 3144 4634 medicina
3161 4584 3401 4635 coercet.
3440 4602 3465 4629 ››
3491 4578 3633 4634 Oliv.
3670 4579 3845 4648 «,vin-

2196 4646 2274 4703 cit
2305 4656 2360 4703 et
2392 4656 2646 4719 superat.
2676 4672 2701 4697 ››
2763 4650 2936 4705 Gabr.
2994 4673 3020 4699 «
3058 4651 3297 4720 subigit.
3346 4672 3374 4698 ››
3405 4649 3607 4720 Comb.
3638 4670 3665 4720 ιιΔ
3695 4646 3844 4709 Quin

2195 4722 2367 4775 etiam
2424 4717 2710 4775 medicina
2740 4722 2798 4774 iu
2860 4717 3215 4775 contrariam
3242 4737 3451 4789 corpus
3483 4717 3845 4789 attentionem

2196 4798 2387 4846 mutat
2409 4798 2464 4846 et
2489 4792 2905 4862 qualitatem.»
2936 4792 3147 4862 Deinde
3170 4787 3407 4862 subjicit
3438 4806 3450 4843 :
3490 4808 3518 4838 ι(
3549 4787 3848 4862 ἑῆς-νεῖμε

2195 4879 2431 4918 sensus.
2476 4857 2947 4926 Quidenimillud
2983 4861 3164 4915 Billii:
3193 4857 3493 4915 Materiam
3528 4857 3796 4927 colligit?
3820 4879 3847 4906 »

2196 4937 2263 4989 Et
2286 4935 2396 4989 alio
2451 4933 2597 4999 loco,
2630 4956 2656 4981 ‹‹
2706 4934 2791 4987 vis
2832 4932 2961 5001 ipsa
3008 4932 3163 4986 vocis
3218 4937 3350 4986 est:
3408 4930 3567 5001 velut
3617 4929 3850 4984 obsidet

2195 5009 2606 5077 expugnatque
2638 5008 2693 5058 et
2723 4998 2893 5077 cogit.
2949 5023 2975 5051 »
3015 5003 3271 5077 Denique
3301 4998 3597 5077 τήν-ὕλην,
3630 5000 3846 5077 inquit,

2199 5099 2225 5127 ‹‹
2257 5072 2452 5149 ipsum
2486 5072 2696 5146 corpus
2723 5075 3049 5128 humanum
3075 5074 3238 5142 dicit,
3288 5080 3356 5131 ut
3412 5074 3474 5128 in
3530 5072 3845 5145 superiori-

2195 5149 2321 5203 bus.
2362 5171 2389 5197 ››

2262 5222 2374 5288 (70)
2400 5215 2636 5276 Σύνεσις.
2672 5216 2904 5288 Nicetes
2935 5215 3153 5272 ironice
3210 5217 3431 5272 dictum
3484 5218 3703 5288 censet,
3742 5229 3842 5284 pro

2202 5285 2603 5357 «stoliditate;
2649 5312 2667 5338 υ
2705 5293 2761 5343 et
2792 5286 3050 5364 φίλαυτον
3112 5306 3214 5364 pro
3247 5313 3287 5364 «_
3329 5285 3653 5343 irrationali
3708 5300 3845 5357 erga

2194 5380 2404 5426 corpus
2428 5378 2644 5417 amore.
2680 5384 2705 5409 ››
2728 5360 2869 5426 Quis
2894 5360 3003 5415 hoc
3036 5362 3236 5415 credat
3268 5361 3293 5417 ?

2265 5422 2376 5509 (Ἦ)
2408 5422 3123 5509 Ἀνέχεσθᾳιξοὶίνεῐαῃυε
3181 5433 3413 5509 videtur
3457 5429 3690 5509 legisse,
3740 5422 3843 5479 ἀπ-

2193 5500 2430 5578 έχεσθαι,
2463 5510 2520 5561 et
2536 5500 2720 5562 'vertit
2750 5522 2762 5563 :
2797 5527 2822 5560 α
2854 5523 2886 5563 a
2917 5506 3133 5581 quibus
3174 5500 3588 5563 abstinendum
3620 5500 3697 5558 sit
3724 5512 3842 5555 nou

2193 5579 2506 5635 abstinere.
2531 5599 2560 5629 ››

2193 5579 2506 5636 abstinere.
2531 5599 2560 5629 ››
