4152 6286
472 344 589 411 429

1608 355 1902 416 ORATIO
1947 350 2023 415 II.
2061 389 2134 399 —
2164 358 2735 420 APOLOGETICA.

3750 363 3870 423 430

467 476 614 548 ταεις
644 478 780 534 κατὰ
801 482 909 534 τῶν
932 480 1371 557 συμμαχούντων
1404 482 1627 557 γίνεται·
1651 484 1743 539 καὶ
1774 483 1907 553 ὅσην
1941 484 2113 563 εἰσφέ-

2241 488 2416 555 sﬂ‘ert,
2449 506 2514 545 ac
2563 488 2721 545 velut
2759 490 3046 545 instructa
3088 492 3355 562 quaedam
3410 494 3563 549 acies
3595 495 3873 550 adversus

470 585 576 641 ρειν
608 563 715 622 ἔδει
738 565 991 638 σπουδὴν
1024 574 1265 643 γυμνοῦν
1296 572 1395 639 τήν
1427 571 1583 626 νόσον
1627 577 1748 634 τοῖς
1798 573 2121 648 θεραπεύου-

469 675 542 722 σι,
571 654 840 725 τοσαύτην
872 657 984 730 (72)
1011 656 1151 712 ὥστε
1178 660 1274 726 τήν
1319 659 1554 734 ἰατρείαν
1605 659 1823 737 φεύγειν
1877 659 2117 739 εἰσφερό-

473 755 627 816 μεθα,
659 744 749 799 καί
793 742 950 818 ἐσμεν
995 744 1234 822 ἀνδρεῖοι
1279 748 1397 813 καθ’
1446 748 1670 821 ἑαυτῶν,
1702 749 1794 805 καὶ
1842 750 1978 806 κατὰ
2020 756 2121 820 τῆς

472 831 653 908 ὑγείας
682 835 795 909 (73)
825 835 987 907 ἡμῶν
1026 833 1411 910 ἐπιστήμονες.

542 1100 618 1154 ιζ’.
652 1098 721 1154 Ἥ
748 1097 849 1175 γὰρ
898 1096 1289 1175 δουλοπρεπῶς
1336 1102 1433 1170 τὴν
1485 1100 1749 1176 ἁμαρτίαν
1792 1099 2117 1175 ἐκλέψαμεν,

475 1185 653 1264 ὥσπερ
710 1207 763 1243 τι
815 1187 992 1252 πάθος
1038 1188 1276 1244 ὕπουλον
1324 1189 1413 1244 καὶ
1463 1191 1576 1263 (74)
1626 1189 1888 1260 κακόηθες
1939 1188 1991 1245 ιν
2042 1194 2121 1263 τῷ

480 1275 623 1350 βάθει
654 1282 754 1345 τῆς
797 1279 981 1352 ψυχῆς
1032 1276 1523 1351 συγκαλύπτοντες,
1557 1277 1630 1340 ὡς
1675 1278 1765 1333 καὶ
1810 1278 1902 1333 τὸν
1958 1279 2126 1354 μεγαν

476 1360 732 1434 λήσοντες
770 1362 1052 1442 ὀφθαλμὸν
1079 1370 1177 1421 τοῦ
1208 1370 1342 1421 Θεοῦ
1390 1366 1481 1421 καὶ
1528 1368 1627 1436 τῆς
1681 1363 1857 1437 δίκης,
1892 1367 1950 1422 ἂν
1999 1366 2126 1430 τοὺς

476 1451 793 1527 ἀνθρώπους
844 1451 1114 1527 λάθωμεψ
1166 1457 1200 1524 ἢ
1251 1454 1700 1533 προφασιζόμεθα
1753 1458 1868 1529 (75)
1914 1454 2124 1534 προφά-

477 1558 585 1603 σεις
634 1539 686 1595 ἰν
731 1540 1042 1617 ἁμαρτίαις,
1076 1541 1278 1617 λόγους
1324 1543 1655 1620 συνηγόρους
1713 1546 1827 1618 (76)
1857 1550 1975 1606 τοῖς
2021 1545 2124 1600 πά-

474 1630 614 1684 θεσιν
645 1629 1067 1706 ἀνευρίσκοντες
1098 1632 1133 1700 ἢ
1172 1633 1269 1695 τὰς
1308 1632 1475 1695 ἀκοὰς
1521 1632 1917 1710 ἀποφράξαντες
1963 1632 2127 1687 ἀσπί-

478 1714 566 1773 δος
598 1725 788 1798 κωφῆς
832 1720 921 1775 καὶ
968 1720 1033 1775 τά
1078 1722 1192 1775 ὦτα
1239 1720 1480 1788 Βυούσης
1507 1721 1734 1797 τρόπον,
1770 1722 1845 1795 μὴ
1900 1721 2123 1777 ἀκοῦσαι

476 1813 658 1884 φωνῆς
707 1805 1010 1880 ἐπᾳδόντων
1063 1807 1501 1887 φιλονεικοῦμεν,
1556 1807 1697 1882 μηδὲ
1745 1812 2125 1888 φαρμακευθῆ-
2155 1857 2202 1922 Β

476 1915 557 1922 ----
593 1898 705 1922 ιη”η
755 1897 941 1922 “ut-.-
1363 1900 1439 1922 ,ιη
1492 1897 1759 1922 “an,”
1811 1902 1831 1922 ν,
1885 1906 1991 1922 “,7
2038 1900 2088 1922 n_

474 1915 561 1950 ναι
592 1898 706 1970 (77)
751 1897 941 1974 σοφίας
990 1899 1322 1972 φαρμάκοις,
1357 1900 1440 1961 οἷς
1486 1897 1763 1974 ἀρῥωστία
1808 1902 1993 1975 ψυχῆς
2038 1900 2122 1954 θε-

477 1983 784 2058 ραπεύεται·
842 1987 879 2055 ἢ
949 1987 1009 2042 τὸ
1083 1987 1416 2057 τελευταῖον,
1476 1985 1527 2042 ο¹ί
1586 2008 1649 2061 γε
1720 1986 2123 2063 τολμηρότεροι

472 2074 638 2145 ἡμῶν
684 2074 775 2129 καὶ
823 2075 1189 2150 γενναιότεροι
1240 2077 1375 2148 (78),
1407 2075 1496 2129 καὶ
1548 2080 1788 2153 φανερῶς
1841 2077 2123 2151 ἀναισχυν-

474 2166 673 2234 τοῦμεν
703 2165 815 2238 (79)
846 2163 983 2239 πρός
1039 2185 1096 2218 τε
1147 2165 1247 2233 τήν
1293 2162 1559 2239 ἁμαρτίαν
1614 2164 1701 2218 καὶ
1743 2163 1869 2227 τοὺς
1926 2165 2125 2232 ταύτης

475 2252 821 2327 θεραπευτὰς,
856 2254 1041 2327 γυμνῇ
1069 2256 1135 2326 τῇ
1167 2250 1402 2329 κεφαλῇ,
1428 2254 1491 2307 τὸ
1540 2249 1605 2322 δὴ
1658 2252 1974 2328 λεγόμενον,
2006 2273 2122 2329 χω-

476 2343 691 2414 ροῦντες
739 2341 874 2416 πρὸς
932 2347 1101 2397 πᾶσαν
1160 2340 1523 2417 παρανομίαν*
1586 2338 1630 2396 ὣ
1685 2343 1781 2409 τῆς
1828 2340 2121 2415 παραπλη-

474 2426 604 2498 είας,
637 2429 671 2497 ἢ
706 2424 833 2483 εἷ’τι
860 2426 1001 2485 ἄλλο
1029 2427 1110 2502 τῷ
1138 2429 1373 2501 τοιούτῳ
1420 2430 1578 2483 πάθει
1630 2430 1960 2505 κυριώτερον
2008 2425 2122 2485 ὅνο-

476 2518 580 2589 μαί
620 2516 709 2571 καὶ
741 2516 835 2578 οὓς
864 2516 1076 2592 ἀγαπᾷν
1108 2518 1181 2579 ὡς
1212 2516 1491 2593 εὐεργέτας
1547 2516 1741 2594 ἐχρῆν,
1772 2518 1997 2581 τούτους
2047 2519 2121 2581 ὡς

470 2604 705 2681 ἐχθροὺς
737 2604 1073 2679 ἀμυνόμεθα,
1111 2611 1391 2678 μισοῦντες
1426 2605 1477 2661 ἐν
1522 2604 1722 2669 πύλαις
1771 2607 2119 2682 ἐλέγχοντας,

471 2692 559 2748 καὶ
610 2692 779 2769 λόγον
824 2694 971 2749 ὅσιαν
1029 2691 1470 2769 βδελυσσόμενοι·
1503 2694 1593 2749 καὶ
1634 2693 1861 2768 οἰόμεθα
1911 2694 2122 2769 μᾶλλον

470 2781 811 2856 πολεμήσειν
851 2781 980 2844 τοὺς
1035 2785 1171 2855 ἡμῖν
1221 2779 1427 2853 εὔνους,
1487 2782 1546 2838 ἂν
1605 2783 1687 2839 ὅτι
1746 2782 1981 2857 μάλιστα
2010 2785 2122 2857 (80)

473 2874 621 2945 ἡμᾶς
671 2870 865 2932 αὐτοὺς
918 2875 1097 2933 κακῶς
1148 2868 1454 2947 δράσωμεν,
1488 2870 1667 2946 ὥσπερ
1716 2872 1770 2926 οἱ
1810 2877 1917 2927 τῶν
1970 2870 2120 2927 ἰδίων

480 2964 689 3032 σαρκῶν
740 2958 1035 3034 ἁπτόμενοι
1085 2962 1199 3034 (81)
1244 2961 1338 3023 τὰς
1384 2965 1491 3017 τῶν
1532 2960 1701 3023 πιλας
1750 2958 1983 3031 δαπανᾷν
2030 2981 2121 3016 νο-

491 3047 755 3120 μίζοντες.

2230 593 2349 645 eos,
2380 578 2480 649 qui
2529 578 2628 634 2.2
2672 578 2839 633 nobis
2886 595 3054 650 opem
3105 580 3318 645 ferunt,
3372 582 3635 637 exsistit:
3687 599 3874 654 quan-

2229 669 2474 736 tumque
2514 666 2775 721 studium
2807 682 2841 720 a
2869 666 3037 721 nobis
3068 668 3335 723 adhiberi
3377 670 3777 739 conveniebat,
3808 676 3877 727 ut

2232 754 2505 809 morbum
2532 754 2774 809 medicis
2799 756 3218 825 detegeremus,
3248 762 3482 812 tantum
3530 759 3600 813 ad
3635 760 3875 815 medici-

2230 857 2367 897 nam
2398 842 2735 915 fugiendam
2767 842 3137 911 adhibemus,
3167 848 3336 915 atque
3357 845 3417 900 in
3450 850 3713 902 nostram
3745 864 3875 920 per-

2230 929 2443 986 niciem
2467 929 2645 986 fortes
2668 935 2961 999 sumus,et
2981 932 3261 989 adversus
3281 934 3592 991 sanitatem
3616 938 3877 993 nostram

2232 1018 2428 1090 periti.

2304 1104 2411 1160 ΧΧ.
2460 1107 2573 1161 Aut
2625 1106 2782 1162 enim
2840 1106 3108 1162 servilem
3159 1107 3219 1162 in
3279 1110 3519 1166 modum
3574 1117 3877 1184 peccatum

2234 1193 2615 1260 suﬂ‘uramur,
2644 1212 2761 1250 non
2793 1211 2962 1251 secus
2992 1212 3059 1251 ac
3116 1196 3444 1269 malignum
3471 1201 3788 1269 quemdam
3820 1206 3878 1257 et

2232 1280 2647 1351 subputridum
2672 1281 2943 1337 morbum
2974 1282 3034 1336 in
3063 1281 3293 1340 intimis
3315 1287 3522 1342 anima:
3548 1288 3876 1344 recessibus

2234 1367 2621 1435 occultantes,
2655 1370 2893 1440 perinde
2924 1387 2990 1425 ac
3010 1386 3287 1444 magnum
3338 1389 3571 1446 quoque
3610 1375 3731 1447 Dei,
3762 1377 3878 1431 vis-

2234 1473 2345 1528 que
2368 1456 2527 1513 illius
2558 1457 2804 1530 ultricis,
2855 1459 3088 1515 oculum
3120 1461 3384 1533 fugituri,
3416 1463 3467 1518 si
3496 1463 3763 1521 homines
3793 1464 3879 1521 fe-

2234 1544 2593 1602 fellerimus:
2642 1551 2742 1602 aut
2784 1549 3188 1604 excusationes
3232 1549 3293 1604 in
3344 1552 3598 1622 peccatis
3627 1569 3878 1609 excusa-

2233 1651 2367 1689 mus
2396 1635 2462 1701 ‘5,
2492 1636 2800 1690 verborum
2833 1637 3225 1707 patrocinium
3256 1638 3413 1694 vitiis
3435 1643 3651 1696 nostris
3678 1641 3878 1712 exqui-

2234 1726 2465 1778 rentes:
2501 1728 2602 1778 aut
2630 1724 2805 1778 etiam
2839 1725 3154 1781 obstructis
3187 1728 3451 1799 auribus,
3488 1728 3673 1785 instar
3719 1730 3881 1802 aspi-

2233 1809 2322 1866 dis
2349 1811 2562 1879 surdae,
2594 1815 2652 1867 et
2679 1812 3007 1869 obturantis
3039 1830 3211 1869 aures
3241 1831 3401 1887 suas,
3434 1817 3727 1873 obstinato
3758 1827 3880 1874 slu-

2233 1898 2328 1955 dio
2359 1899 2420 1955 in
2451 1899 2559 1955 hoc
2590 1900 3010 1969 incumbimus,
3037 1906 3102 1956 ut
3123 1918 3193 1957 ne
3221 1903 3650 1961 incantantium
3679 1921 3879 1962 vocem

2235 1987 2545 2043 audiamus
2567 1988 2630 2055 ἥ,
2665 2005 2731 2043 ac
2762 1989 3059 2060 sapientiae
3087 1991 3382 2057 remediis,
3423 1993 3640 2063 quibus
3671 1995 3879 2049 animo

2236 2076 2476 2131 morbus
2507 2076 2717 2147 depelli
2747 2075 2913 2146 solet,
2946 2094 3237 2134 curemur.
3270 2082 3385 2134 Aut
3427 2086 3743 2151 postremo,
3776 2081 3882 2154 qui

2235 2165 2453 2234 majore
2483 2165 2633 2219 inter
2657 2182 2762 2220 nos
2792 2164 2988 2220 animo
3012 2170 3185 2237 atque
3208 2166 3452 2222 audacia
3477 2172 3635 2239 sunt,
3659 2169 3730 2223 ad
3754 2184 3887 2241 pec-

2233 2257 2428 2308 catum
2461 2252 2757 2324 hujusque
2788 2253 3046 2309 medicos
3077 2254 3326 2310 frontem
3377 2260 3574 2327 aperte
3600 2258 3884 2327 perfrica-

2234 2357 2388 2404 mus.
2422 2343 2578 2396 nudo
2608 2343 2816 2413 capite,
2846 2350 2908 2397 ut
2940 2347 3028 2398 est
3058 2343 3116 2397 in
3144 2344 3468 2414 proverbio,
3499 2345 3559 2400 in
3587 2345 3879 2417 ﬂagitium

2233 2446 2405 2485 omne
2435 2430 2896 2502 prorumpimus.
2930 2431 2973 2486 Ο
3003 2431 3297 2504 insignem
3339 2438 3663 2504 stuporem,
3696 2436 3798 2489 aut
3826 2432 3879 2490 si

2234 2536 2347 2590 quo
2378 2518 2491 2574 alio
2521 2519 2730 2590 aptiori
2761 2520 2994 2575 nomine
3023 2520 3363 2590 hujusmodi
3407 2521 3652 2577 affectus
3681 2521 3882 2593 appel-

2232 2607 2340 2663 lari
2372 2608 2598 2680 potest!
2633 2608 2927 2679 Quosque,
2986 2612 3051 2663 ut
3107 2608 3380 2679 praeclare
3438 2609 3509 2666 de
3556 2609 3726 2666 nobis
3757 2626 3883 2667 me-

2232 2701 2447 2766 rentes,
2479 2712 2676 2751 amore
2720 2696 2993 2768 prosequi
3043 2697 3302 2765 decebat,
3336 2714 3436 2754 eos
3469 2703 3534 2753 ut
3560 2698 3761 2754 hostes
3792 2696 3883 2754 ul-

2233 2786 2528 2855 ciscimur,
2562 2785 2693 2841 odio
2724 2802 2841 2853 eos,
2875 2785 2976 2856 qui
3025 2802 3132 2841 nos
3187 2785 3247 2840 in
3307 2787 3489 2858 portis
3536 2786 3883 2858 corripiunt,

2233 2873 2533 2939 habentes,
2570 2889 2636 2927 ac
2663 2873 2902 2927 verbum
2937 2877 3207 2928 sanctum
3249 2874 3663 2929 abominamur
3688 2874 3754 2939 ‘7,
3786 2888 3884 2929 ea-

2233 2977 2345 3033 que
2375 2962 2613 3015 demum
2646 2960 2871 3015 ratione
2900 2960 3166 3015 futurum
3220 2960 3651 3027 existimamus,
3684 2963 3750 3016 ut
3777 2959 3885 3016 bo-

2234 3049 2423 3104 mines
2466 3048 2634 3103 nobis
2684 3047 2905 3103 amicos
2934 3052 2991 3103 et
3021 3047 3329 3131 benevolos
3361 3049 3551 3122 magis
3581 3062 3881 3120 oppugne-

494 3153 652 3202 mus,
685 3138 736 3192 si
765 3140 1152 3212 nosmetipsos
1182 3138 1452 3211 plurimis
1475 3139 1956 3212 gravissimisque
1986 3136 2156 3194 mall's
2186 3138 2574 3205 affecerimus,
2596 3137 2669 3191 iis
2700 3137 2954 3208 profecto
2986 3154 3101 3193 non
3133 3136 3474 3210 dissimiles,
3529 3137 3632 3209 qui
3676 3152 3881 3193 carnes

490 3225 739 3298 ipsimet
767 3243 902 3283 suas
933 3230 1358 3299 commordent,
1390 3245 1524 3286 cum
1555 3229 1777 3285 alienas
1806 3230 2114 3284 absumere
2144 3228 2256 3283 sibi
2282 3227 2608 3282 videantur.

552 3312 675 3369 ΗΔΖ
705 3314 879 3368 Ταῦτά
925 3313 1090 3383 ἐστιν,
1123 3316 1206 3376 οἷς
1255 3313 1364 3389 ἑγὼ
1394 3329 1492 3384 την
1536 3316 1651 3369 καθ’
1683 3317 1831 3388 ἡμᾶς
1882 3314 2122 3389 ίατρικήν

2306 3314 2446 3369 ΧΧΙ.
2478 3316 2669 3384 Atque
2698 3311 2786 3368 hae
2817 3329 3007 3369 causas
3039 3317 3201 3382 sunt,
3225 3330 3353 3385 qua
3385 3331 3498 3383 me,
3523 3317 3589 3370 ut
3619 3318 3881 3369 nostram

478 3402 595 3474 (82)
631 3406 730 3471 τῆς
778 3401 901 3476 περὶ
944 3403 1011 3457 τὰ
1062 3403 1286 3476 σώματα
1334 3401 1727 3479 ἰργωδεστέραν
1772 3402 1985 3476 τίθεμαι
2029 3424 2128 3476 μα-

470 3493 608 3565 κρῷ,
644 3488 857 3545 καὶδιὰ
900 3496 1062 3546 τοῦτο
1117 3490 1470 3568 τιμιωτέραψ
1520 3493 1611 3547 καὶ
1661 3491 1745 3548 ὅτι
1802 3491 1975 3566 ἐκείνῃ
2008 3492 2123 3564 μὶν,

470 3577 631 3655 ὀλίγα
656 3583 762 3633 τῶν
794 3577 847 3634 ἐν
878 3583 958 3650 τῷ
991 3579 1141 3654 βάθει
1181 3578 1605 3655 κατοπτευούσῃ,
1656 3581 1780 3656 περὶ
1824 3581 1884 3635 τὸ
1932 3579 2118 3657 φαινό-

474 3685 632 3738 μενον
681 3669 717 3736 ἡ
752 3664 958 3721 πλείων
1002 3670 1115 3740 (83)
1144 3676 1244 3737 τῆς
1285 3668 1680 3745 πραγματείας·
1713 3673 1848 3742 ἡμῖν
1897 3667 1954 3725 δὲ
1996 3669 2119 3745 περὶ

467 3754 559 3809 τὸν
622 3756 860 3831 κρυπτὸν
907 3762 1005 3820 τῆς
1046 3754 1273 3830 καρδίας
1342 3759 1622 3833 ἄνθρωπον
1672 3760 1707 3827 ἠ
1766 3763 1910 3812 πᾶσα
1971 3759 2122 3831 θερα-

470 3842 601 3898 πεία
646 3864 704 3898 τε
749 3842 838 3899 κκὶ
888 3842 1123 3917 σπουδή,
1154 3844 1243 3900 καὶ
1291 3846 1429 3922 πρὸς
1473 3846 1563 3901 τὸν
1597 3841 1808 3901 ἔνδοθεν
1842 3848 1953 3919 (84)
1983 3846 2117 3917 ἡμῖν

472 3930 949 4005 ἆντιπολεμοῦντα
989 3931 1079 3988 καί
1128 3932 1543 3990 ἀντιπαλαίοντα
1589 3938 1624 4004 ἡ
1669 3934 1845 4009 μάχη,
1878 3934 1937 3996 ’ὀς
1982 3935 2117 4006 ἡμῖν

474 4020 655 4083 αὐτοῖς
705 4021 902 4083 ὅπλοις
949 4023 1066 4077 καθ’
1114 4025 1275 4097 ἡμῶν
1323 4025 1636 4099 χρώμενος,
1681 4024 1743 4078 τὸ
1792 4020 2119 4096 δεινότατον,

472 4112 551 4180 τῷ
606 4117 710 4178 τῆς
769 4109 1037 4185 ἁμαρτίας
1099 4110 1303 4184 θανάτῳ
1359 4109 1570 4168 δίδωσι.
1622 4113 1765 4187 Πρὸς
1817 4109 1907 4166 οὖν
1956 4114 2122 4165 ταῦτα

474 4197 694 4266 πολλῆς
732 4198 825 4271 μὲν
862 4199 953 4253 καὶ
997 4198 1296 4262 παντελοῦς
1348 4207 1446 4270 τῆς
1491 4199 1724 4262 πίστεως
1772 4202 1905 4274 (85),
1943 4200 2120 4273 μείζο-

476 4306 569 4348 νος
599 4283 656 4341 δὲ
680 4293 781 4356 τῆς
806 4288 950 4362 παρὰ
998 4292 1131 4343 Θεοῦ
1179 4288 1475 4364 συνεργίας,
1510 4289 1609 4344 οὐκ
1665 4288 1862 4363 ὀλίγης
1922 4285 1981 4343 δὶ
2020 4295 2120 4358 τῆς

478 4374 746 4447 ἡμετερας
804 4376 1233 4451 ἀντιτεχνήσεως
1290 4380 1403 4451 (86)
1461 4376 1555 4447 (ὥς
1612 4398 1674 4451 γε
1730 4376 1959 4450 ἐμαυτὸν
2008 4376 2122 4431 πείο

549 4515 594 4549 “
629 4514 782 4571 Psal.
814 4534 905 4573 cn
926 4519 977 4573 4.
1009 4519 1055 4555 ⁴⁴
1083 4518 1237 4575 Psal.
1262 4536 1395 4588 Lvu,
1424 4521 1478 4576 6.
1511 4520 1554 4554 ‘7
1575 4525 1777 4591 Amos,
1808 4536 1843 4574 v
1876 4520 1961 4575 10.

546 4658 659 4734 (ῖὶζ)
716 4656 1006 4734 romam.
1070 4665 1153 4715 Ita
1210 4660 1399 4734 Regii,
1464 4660 1835 4733 Colbertique
1894 4677 2123 4728 omnes,

480 4728 684 4796 Coisl.,
715 4728 900 4799 Pass.,
931 4735 1042 4786 etc.

692 4799 915 4876 Ὑγείας.
948 4802 1061 4876 A_lii
1097 4800 1584 4876 OOleOBAlS'YlE‘GC.

571 4871 942 4946 74)ΑΚαί.ᾼδίο
972 4873 1151 4946 Regg.
1204 4878 1261 4929 et
1309 4871 1470 4931 Colb.
1522 4890 1747 4940 omnes,
1802 4877 1983 4945 Pass.,
2018 4880 2125 4930 etc.

486 4948 655 4998 Deest
682 4943 743 4997 in
774 4944 866 4997 ed.
896 4945 1025 4998 Par.

554 5014 667 5081 (75)
702 5013 1171 5089 Πρρφασιζόμεθα.
1207 5016 1668 5088 Siclegendum.
1704 5015 1851 5070 Male
1875 5016 1964 5070 ed.
1997 5016 2127 5071 Par.

482 5084 964 5156 προφασιζῴμεθα.

704 5154 915 5240 Λόγους
974 5156 1342 5240 συνηγόρους..
1380 5180 1408 5208 ι(

484 5227 704 5299 nostris
734 5227 1148 5299 suffragantur.
1180 5227 1212 5279 ’››
1244 5229 1418 5299 Gabr.

705 5296 1205 5373 _¢gpp¢i¢soﬁﬁvat.
1238 5296 1413 5373 iliaci
1484 5298 1870 5373 θεραπευβῆναι
1919 5298 2128 5371 σοφίας.

484 5368 661 5425 Coisl.
694 5371 744 5436 1,
776 5368 1126 5443 Jes._Lectio
1156 5371 1416 5443 vulgaris
1448 5372 1519 5426 ad
1547 5368 1897 5443 marginem.

560 5443 672 5505 (78)
703 5439 1093 5513 Γενναιότεροι.
1133 5439 1331 5497 Novus
1380 5443 1666 5511 interpres
1686 5439 1967 5497 'Gallicus
1996 5441 2133 5496 red-

490 5511 595 5585 dit,
618 5514 704 5585 ile:
730 5515 931 5582 grands
951 5511 1022 5567 du
1044 5516 1269 5577 πεδίου
1304 5517 1403 5585 qui
1434 5532 1649 5585 maJore
1683 5513 2012 5583 supercilio,
2063 5513 2133 5568 de

491 5583 798 5640 nobilitate
828 5585 1170 5655 gloriantes,
1192 5583 1430 5658 ﬂagitiis
1451 5592 1507 5640 et
1528 5583 1949 5658 voluptatibus,
1976 5584 2131 5658 quod

495 5659 647 5715 certe
678 5672 794 5715 non
823 5660 915 5719 est
942 5657 1137 5731 magni
1168 5656 1370 5727 animi,
1396 5659 1493 5713 sed
1525 5657 1757 5730 abjecti,
1785 5671 1847 5712 se
1871 5656 2132 5726 tradunt,

1468 5157 1742 5213 Rationes
1802 5174 1928 5229 quae
1976 5156 2130 5213 vitiis

2238 3402 2589 3458 medicinam
2622 3418 2899 3473 corporea
2929 3403 3200 3458 medendi
3226 3404 3447 3459 ratione
3468 3402 3640 3475 longe
3671 3400 3883 3458 difﬁci-

2234 3490 2462 3558 liorem,
2496 3506 2561 3545 ac
2596 3490 2836 3561 proinde
2868 3490 3350 3563 praestantiorem,
3385 3492 3735 3562 existimem,
3768 3491 3881 3545 im-

2235 3578 2531 3651 pulerunt.
2565 3578 2689 3633 Huc
2720 3578 2962 3647 accedit,
2994 3581 3152 3651 quod
3181 3580 3280 3635 illa
3324 3596 3511 3651 pauca
3540 3578 3778 3636 omnino
3810 3594 3880 3633 ex

2229 3668 2324 3736 iis,
2377 3684 2506 3739 quae
2560 3668 2622 3723 in
2681 3667 2907 3722 intimis
2965 3670 3225 3739 corporis
3277 3668 3542 3740 partibus
3601 3671 3760 3730 sunt,
3790 3666 3880 3720 in-

2230 3761 2473 3828 spectat,
2524 3772 2855 3829 magnaque
2910 3772 2978 3810 ex
3036 3760 3201 3827 parte
3276 3756 3430 3811 circa
3485 3772 3573 3825 ea,
3635 3770 3763 3825 quas
3814 3753 3877 3809 in

2230 3850 2531 3916 aspectum
2582 3846 2820 3910 cadunt,
2879 3849 3215 3914 occupatur.
3272 3847 3339 3898 At
3394 3842 3563 3898 nobis
3594 3843 3749 3897 circa
3776 3856 3876 3896 oo-

2222 3933 2451 3989 ‘cultum
2484 3937 2539 3988 et
2564 3932 2863 3987 internum
2894 3931 3192 3987 hominem
3217 3932 3440 3987 curatio
3472 3929 3666 3985 omnis
3687 3933 3744 3985 et
3765 3933 3884 3985 stu-

2230 4023 2394 4078 dium
2424 4025 2723 4088 versatur;
2756 4024 2930 4092 atque
2974 4036 3106 4075 cum
3153 4036 3218 4075 eo
3258 4019 3425 4075 hoste
3472 4018 3873 4074 dimicandum

2230 4110 2537 4177 habemus,
2581 4109 2682 4180 qui
2709 4125 2818 4164 nos
2868 4108 3094 4163 interne
3125 4111 3443 4180 oppugnat,
3474 4112 3531 4163 et
3560 4106 3880 4163 certamine

2228 4199 2481 4268 lacessit,
2515 4213 2580 4252 ac
2612 4195 3071 4267 nobismetipsis,
3105 4212 3220 4267 quo
3265 4196 3410 4252 nihil
3453 4194 3731 4251 miserius
3761 4198 3870 4263 est,

2227 4291 2506 4358 tanquam
2530 4286 2709 4341 armis
2730 4284 2791 4341 in
2810 4284 3131 4357 perniciem
3150 4288 3413 4341 nostram
3436 4289 3628 4353 utens,
3648 4282 3875 4355 peccati

2232 4381 2416 4434 morte
2444 4391 2550 4431 nos
2582 4374 2783 4430 afficit.
2815 4374 2963 4446 Ergo
2994 4373 3276 4431 adversus
3298 4374 3399 4431 28
3431 4374 3566 4441 ista,
3598 4375 3725 4429 tum
3758 4387 3879 4428 ma-

2310 4658 2428 4728 (79)
2457 4656 2969 4729 Ἀνμαιισχυντοῦμεν⁸
3002 4657 3200 4729 Comb.
3232 4653 3648 4729 αίσχυντοῦμεν.

2312 4725 2422 4811 (80)
2452 4725 2720 4811 μάλιστα.
2755 4725 3047 4811 Ita'R‘egg.
3077 4728 3116 4796 1,
3146 4733 3188 4794 t,
3229 4725 3385 4786 Colb.
3437 4725 3543 4785 mf
3566 4730 3639 4785 At
3685 4725 3884 4799 plures

2240 4795 2338 4857 alii
2372 4795 2622 4866 codices,
2657 4803 2713 4854 et
2741 4800 2831 4854 ed.
2865 4795 3113 4856 πλὲῖᾶτα.

2330 4874 2421 4937 81)
2452 4869 2944 4943 ἈπτόμενοιηΑΙίἱ
2976 4888 3110 4943 cum
3141 4870 3253 4943 leni
3317 4870 3527 4943 spiritu
3558 4866 3879 4943 ἀπτομενοι.

2330 4874 2421 4937 81)
2452 4873 2801 4940 Ἀπτόμενοι.
2834 4873 2944 4924 Alii
2976 4888 3110 4926 cum
3141 4873 3253 4925 leni
3317 4873 3527 4943 spiritu
3558 4873 3879 4941 ἀπτομενοι.

2308 4873 2419 5014 (82)
2469 4942 2584 5015 ,Τὴν
2638 4941 2752 4994 καθ’
2808 4941 2980 5015 ἡμᾶς,
3013 4940 3279 5015 ἱατρικήν.
3342 4964 3371 4992 ‹‹
3403 4942 3673 4997 Nostram
3726 4940 3880 4997 hanc

2241 5014 2507 5070 medendi
2542 5017 2746 5084 artem,
2780 5030 2914 5084 quas
2936 5014 3357 5084 circa'corpor‘a
3394 5016 3680 5084 versatur,
3714 5034 3736 5062 ι
3773 5016 3882 5069 etc.

2546 5080 2775 5167 πλείω).
2797 5080 3035 5167 'Tillem.
3071 5104 3100 5132 «
3134 5080 3278 5139 forte
3374 5080 3667 5167 πλείων-ιρι

2332 5150 2421 5225 84)
2454 5155 2559 5210 Τὸν
2593 5150 2821 5209 ἔνδοθεν,
2857 5155 2948 5209 sic
2976 5171 3179 5210 omnes
3210 5150 3437 5211 codices
3464 5173 3476 5223 ;
3508 5155 3714 5211 Billius
3762 5152 3887 5225 ipse

2242 5228 2573 5282 scripserat.

2314 5245 2709 5369 (ἔζὲῗθὲῗάτεως.
2761 5300 2903 5369 Ουοᾼ
2934 5299 3110 5369 Begg.
3162 5295 3643 5369 νήψεως.ίίῖιοωί)1
3694 5312 3887 5348 παντε-

2314 5311 2423 5369 (eo)
2454 5311 2709 5356 Πίστεως.
2761 5311 2879 5349 uno
2934 5311 3110 5420 uegg.
3162 5311 3397 5368 νηψεως.
3438 5311 3638 5353 uomn.
3694 5312 3884 5348 παντε-

2242 5365 2373 5429 λοῦς
2404 5368 2653 5439 πίστεως“
2692 5390 2717 5415 ‹‹
2747 5366 2908 5431 Quod
2942 5367 3057 5421 Pau
3091 5385 3179 5436 us,
3215 5390 3242 5418 ››
3270 5368 3476 5439 inquit,
3512 5389 3540 5418 «
3562 5366 3730 5424 ICOr.
3755 5382 3884 5438 XIII,

2240 5441 2297 5507 2,
2328 5444 2498 5508 πᾶσαν
2532 5438 2727 5491 πίστιν.
2765 5462 2791 5487 ››

2312 5514 2424 5581 (86)
2460 5510 2934 5583 Ἀντιτεχνγςσεως.
2971 5509 3170 5565 Gomb.
3229 5533 3253 5564 α
3283 5511 3495 5571 Nostra
3541 5510 3601 5569 in
3648 5514 3886 5570 contra-

2244 5583 2397 5638 rium
2430 5583 2731 5639 molitione
2764 5586 2821 5637 et
2853 5596 3050 5654 Opera.
3082 5603 3109 5631 ››
3749 5618 3757 5625 .
