4152 6286
176 297 290 358 431

1413 295 1475 351 8.
1527 290 1899 351 GHEGURII
1942 288 2335 351 THEOLOGI

3453 278 3572 350 432

176 444 293 500 gna
321 427 691 498 perfectaque
746 425 859 479 ﬁde
915 440 1059 494 opus
1115 426 1223 488 est,
1272 428 1397 478 tum
1457 421 1663 492 majori
1712 421 1845 491 Dei.

1967 420 2045 489 ιο),
2106 418 2285 493 χρεία,
2342 424 2442 487 τῆς
2499 417 2588 471 καὶ
2642 414 2792 491 λόγῳ
2850 415 2937 471 καὶ
2997 412 3139 493 ἔργῳ
3196 416 3573 493 θεωρουμένης

176 516 410 583 auxilio,
444 531 547 570 nec
591 530 789 584 parva,
859 522 915 565 ut
978 511 1121 566 mihi
1175 512 1412 583 quidem
1470 511 1814 582 persuadeo.

177 603 543 661 contentione
572 606 773 657 nostra
824 617 949 672 qua
1000 600 1211 671 partim
1267 616 1556 664 sermone,
1602 599 1819 670 partim

177 708 349 765 opere
378 695 707 763 spectetur:
766 689 815 745 si
873 689 1112 759 quidem
1163 689 1221 743 id
1254 688 1423 743 nobis
1454 687 1819 759 propositum

1932 509 2067 580 (87),
2103 506 2148 560 εἶ
2200 503 2280 560 δεῖ
2324 504 2506 567 καλῶς
2559 507 2694 579 ἡμῖν
2725 507 2843 577 (88)
2877 506 3253 580 θεραπεύεσθαι
3303 505 3392 561 καί
3439 506 3575 562 ἀπο·
3642 496 3651 508 ’

1928 594 2292 670 καθαίρεσθαι,
2334 594 2425 648 καὶ
2475 595 2547 655 ὡς
2595 592 2850 648 πλείστου
2898 593 3043 665 ἀξίας
3094 593 3247 668 εἶναι,
3274 595 3336 651 τὸ
3377 596 3575 668 τιμιώ-

1930 703 2087 737 τατον
2122 684 2193 737 ὧν
2227 679 2449 757 ἔχομεν,
2482 683 2576 743 τὰς
2609 680 2809 756 ψυχάς.

175 785 284 848 est,
308 785 373 836 ut
404 779 633 845 animae,
668 778 882 849 quibus
914 777 1059 831 nihil
1092 777 1481 848 prastantius,
1515 777 1825 845 habemus,
1852 774 2031 846 probe
2072 779 2347 828 curentur
2396 778 2573 843 atque
2630 775 2973 843 purgentur,
3035 773 3392 846 maximique
3451 776 3574 831 sint

180 867 371 941 pretii.

248 956 412 1013 XXII.
444 955 579 1011 Jam
612 956 768 1027 quod
817 954 1126 1025 utriusque
1176 954 1477 1009 medicinae
1509 953 1656 1007 ﬁnes
1689 951 1825 1006 atti-

183 1051 301 1114 net,
334 1045 394 1099 id
424 1044 580 1099 enim
613 1043 781 1099 nobis
814 1042 1227 1097 conferendum
1277 1042 1468 1097 adhuc
1517 1044 1821 1111 superest:

183 1134 285 1189 illa
315 1132 460 1187 nihil
490 1131 649 1187 aliud
682 1136 925 1202 spectat,
950 1147 1124 1201 quam
1152 1136 1217 1185 ut
1247 1131 1577 1195 sanitatem,
1603 1132 1704 1183 aut
1725 1128 1825 1181 bo-

184 1239 321 1278 nam
353 1221 545 1276 carnis
577 1220 1001 1286 habitudinem,
1027 1219 1113 1274 vel
1136 1222 1483 1290 praesentem
1506 1221 1823 1284 conservet,

182 1311 268 1365 vel
302 1311 602 1364 absentem
629 1313 885 1363 revocet:
924 1324 1175 1377 quorum
1207 1308 1467 1361 nondum
1498 1310 1722 1360 certum
1739 1307 1826 1359 est

182 1417 255 1455 an
287 1398 506 1470 aliquid
538 1397 611 1451 iis
640 1398 1009 1468 profuturum
1043 1396 1139 1463 sit,
1164 1396 1261 1465 qui
1283 1412 1352 1450 ea
1372 1395 1671 1450 consecuti
1704 1393 1826 1447 fue-

184 1489 328 1556 rint;
353 1487 572 1558 quippe
590 1502 724 1540 cum
744 1502 835 1540 res
858 1484 1160 1539 contrariae
1185 1486 1461 1555 majorem
1483 1483 1828 1554 plerumque

185 1576 441 1632 dominis
472 1576 596 1630 suis
641 1574 959 1629 utilitatem
1013 1572 1275 1639 afferant,
1326 1572 1827 1642 quemadmodum

186 1682 327 1735 opes
358 1668 414 1718 et
444 1666 781 1734 paupertas,
814 1660 1000 1731 gloria
1027 1664 1085 1716 et
1110 1660 1452 1732 ignominia,
1477 1658 1752 1730 splendor
1773 1662 1830 1713 et

189 1752 518 1819 humilitas,
550 1756 869 1820 casteraque
917 1749 1050 1816 alia,
1104 1766 1231 1820 quas
1281 1752 1487 1819 suapte
1530 1752 1738 1802 natura
1768 1748 1828 1801 in

2006 949 2124 1005 KB'.
2157 946 2229 1001 Τά
2256 968 2317 1023 γε
2368 949 2474 1019 μὴν
2525 945 2845 1024 ἀμφοτέρων
2900 952 3006 1001 τῶν
3064 950 3359 1024 θεραπειῶν
3416 950 3574 1021 τέλη,

1932 1041 2091 1090 τοῦτο
2125 1036 2226 1110 γὰρ
2258 1038 2391 1108 ἡμῖν
2426 1036 2499 1097 εἰς
2536 1037 2635 1103 τὴν
2667 1035 2894 1108 ἐξέτασιν
2934 1033 3010 1091 ἔτι
3062 1033 3326 1107 λείπεται,
3358 1042 3425 1110 τῇ
3484 1041 3576 1111 μὶν

1936 1125 2135 1200 ὑγίειαν
2170 1127 2302 1196 (89),
2349 1126 2382 1192 ἢ
2429 1123 2643 1193 εὐεξίαν.
2686 1125 2900 1199 σαρκὸς,
2949 1124 2983 1193 ἢ
3033 1122 3190 1180 οὖσαν
3243 1125 3491 1202 φυλάξαι,
3543 1128 3579 1195 ἢ

1936 1212 2269 1275 ἀπελθοῦσαν
2321 1211 2765 1280 ἀνακαλέσασθαι,
2819 1214 2892 1267 ὦν
2946 1210 3097 1267 οὔπω
3299 1212 3489 1288 δῆλον,
3536 1212 3589 1270 εἴ

1932 1322 1982 1354 τι
2016 1300 2246 1355 συνοίσει
2276 1306 2391 1361 τοῖς
2420 1300 2792 1372 κεκτημένοις·
2828 1301 2942 1355 ἐπεὶ
2991 1302 3079 1355 καὶ
3127 1301 3194 1356 τὰ
3232 1301 3438 1358 ἰναντία
3473 1306 3583 1379 (91)

1934 1388 2204 1451 πολλάκις
2253 1388 2428 1443 πλείω
2478 1388 2608 1449 τοὺς
2648 1387 2873 1463 ἔχοντας
2921 1386 3148 1460 ὤνησεν,
3182 1390 3361 1465 ὥσπερ
3410 1392 3584 1448 πενίαι

1934 1498 1993 1531 τε
2022 1478 2110 1530 καὶ
2141 1476 2396 1549 πλοῦτοι,
2430 1475 2576 1547 δόξαι
2607 1499 2665 1532 τε
2694 1478 2782 1532 καὶ
2815 1475 3041 1552 ἀδοξίαι,
3072 1481 3451 1551 ταπεινότητες
3493 1482 3584 1536 καὶ

1936 1563 2346 1641 λαμπρότητες,
2377 1565 2467 1619 καὶ
2494 1566 2589 1620 ὅσα
2620 1565 2669 1619 έν
2709 1565 2855 1638 μέσῳ
2898 1567 3121 1640 κείμενα
3158 1570 3293 1624 κατὰ
3337 1570 3435 1637 τήν
3483 1568 3582 1647 φύ-

1938 1676 2039 1723 σιν,
2070 1654 2160 1708 καὶ
2190 1651 2342 1708 οὐδὲν
2380 1652 2591 1726 μᾶλλον
2619 1652 2749 1727 τῇδε
2786 1656 2819 1723 ἢ
2868 1653 3000 1727 τῇδε
3046 1656 3288 1727 νεύοντα,
3314 1662 3381 1731 τῇ
3436 1661 3582 1734 χρή-

1937 1764 2013 1796 σει
2070 1742 2160 1796 καὶ
2216 1747 2283 1815 τῇ
2330 1742 2639 1817 προαιρέσει
2689 1748 2795 1798 τῶν
2829 1744 3172 1816 κεκτημένων
3200 1747 3262 1800 τὸ
3298 1746 3511 1821 βέλτιον
3544 1747 3579 1816 ἢ

191 1842 383 1896 medio
414 1839 622 1912 posita,
657 1838 955 1908 nihiloque
999 1838 1187 1908 magis
1234 1837 1294 1890 in
1339 1837 1510 1903 hanc,
1562 1852 1739 1906 quam
1770 1835 1828 1891 in

1972 1831 1998 1885 ὸ
2029 1836 2215 1906 χεῖρον
2245 1826 2614 1902 λαμϐάνει·τῇ
2636 1828 2692 1885 δὲ
2711 1832 2772 1885 τὸ
2796 1832 3148 1908 προκείμενον
3182 1817 3585 1910 πτερῶσαι(92)

190 1927 351 1981 illam
374 1933 596 1997 partem
619 1925 1060 1995 propendentia,
1082 1941 1147 1978 ex
1168 1924 1535 1978 dominorum
1562 1922 1828 1987 usu,ani-

192 2011 1139 2085 miqueinstituto,ve1virtutis,vel
1154 2012 1275 2066 vitii
1290 2028 1501 2066 nomen
1517 2011 1829 2083 accipiunt.

192 2103 338 2157 Huic
367 2106 567 2157 contra
596 2116 809 2171 scopus
837 2105 946 2169 est,
988 2100 1196 2154 animas
1246 2116 1468 2170 pennas
1500 2100 1733 2169 addere,
1768 2116 1834 2154 ac

190 2191 409 2245 mundo
436 2205 562 2244 eam
585 2189 827 2259 eripere,
850 2188 1082 2258 Deoque
1104 2189 1261 2255 dare,
1290 2189 1666 2258 divinamque
1687 2188 1833 2243 ima-

187 2279 383 2350 ginem
429 2278 493 2346 “,
540 2280 642 2332 aut
671 2282 1003 2331 manentem
1051 2292 1415 2340 conservare,
1458 2282 1557 2330 aut
1606 2276 1832 2346 pericli-

190 2372 407 2422 tantem
441 2364 665 2431 fulcire,
700 2369 802 2420 aut
832 2365 1120 2435 dilapsam
1166 2364 1223 2418 in
1268 2364 1578 2434 pristinum
1611 2368 1831 2419 statum

1939 1921 2146 1993 ψυχὴν,
2195 1918 2426 1991 ἁρπάσαι
2476 1921 2589 1990 (93)
2625 1920 2857 1992 κόσμου,
2912 1922 3000 1976 καὶ
3059 1920 3240 1977 δοῦναι
3295 1926 3405 1997 (94)
3452 1930 3582 1996 Θεῷ,

1942 2009 2031 2061 καὶ
2087 2007 2149 2061 τὸ
2198 2009 2314 2061 κατ’
2357 2007 2536 2061 εἰκόνα
2584 2008 2619 2076 ἢ
2675 2010 2831 2080 μένον
2889 2017 3149 2085 τηρῆσαι,
3198 2013 3232 2081 ἦ
3277 2010 3583 2068 κινδυνεῦον

1943 2103 2391 2172 χειραγωγῆσαι,
2455 2098 2488 2165 ἣ
2554 2094 2801 2173 διαρρυὲν
2890 2098 3301 2173 ἀνασώσασθαι,
3370 2101 3588 2157 εἰσοικί-

1944 2206 2028 2237 σαι
2080 2186 2191 2259 (95)
2237 2205 2296 2238 τε
2340 2186 2429 2239 τὸν
2478 2185 2705 2260 Χριστὸν
2766 2185 2817 2240 έν
2871 2193 2988 2248 ταῖς
3060 2187 3305 2265 καρδίαις
3352 2187 3439 2245 διὰ
3488 2196 3584 2246 τοῦ

1943 2274 2272 2345 Πνεῦματος·
2334 2273 2421 2327 καὶ
2484 2273 2545 2326 τὸ
2623 2273 2937 2352 κεφάλαιον,
2997 2278 3121 2332 Θεὸν
3189 2286 3436 2350 ποιῆσαι,
3496 2281 3585 2334 καὶ

1941 2370 2039 2431 τῆς
2072 2363 2181 2415 ἄνω
2216 2362 2636 2434 μακαριότητος,
2667 2364 2757 2417 τὸν
2803 2366 2903 2433 τῆς
2952 2367 3062 2420 ἅνω
3116 2367 3410 2439 συντάξεως
3456 2372 3588 2442 (96).

191 2469 478 2517 revocare,
522 2452 931 2522 Christumque
971 2468 1072 2521 per
1121 2451 1399 2522 Spiritum
1450 2456 1716 2506 sanctum
1766 2452 1825 2505 in
1877 2451 2125 2523 pectoris
2174 2450 2537 2506 domicilium
2588 2453 2895 2508 admittere
2926 2454 3011 2521 ης
3065 2458 3260 2526 atque,
3313 2462 3377 2511 ut
3421 2475 3590 2513 sum-

194 2542 398 2597 matim
426 2541 637 2609 dicam,
671 2555 828 2605 eum,
862 2540 961 2609 qui
994 2539 1231 2610 superni
1280 2539 1534 2610 agminis
1568 2539 1662 2605 sit,
1698 2544 1878 2594 Deum
1910 2540 2157 2604 efﬁcere,
2189 2555 2255 2593 ac
2288 2556 2601 2610 supernam
2634 2541 3052 2597 beatitudinem
3085 2543 3197 2613 ipsi
3226 2560 3585 2617 comparare.

264 2630 456 2685 XXIII.
490 2629 612 2683 Huc
644 2627 927 2699 magistra
980 2626 1071 2682 lex
1127 2628 1170 2662 ⁵ο
1226 2628 1453 2682 tendit:
1515 2628 1624 2681 huc
1683 2628 1836 2682 inter

204 2718 501 2775 Christum
533 2722 589 2772 et
611 2715 796 2787 legem
828 2716 1114 2786 interjecti
1150 2716 1482 2787 prophetae:
1517 2715 1631 2770 huc
1663 2716 1835 2787 spiri-

199 2808 376 2863 tualis
405 2806 549 2878 legis
579 2810 1018 2860 consummator
1047 2809 1102 2859 et
1149 2806 1284 2859 finis
1328 2805 1591 2859 Christus
1622 2805 1687 2858 ⁵1.
1722 2805 1843 2859 Huc

200 2895 496 2951 exinanita
521 2895 728 2949 deitas.
762 2894 884 2949 Huc
918 2899 1225 2965 assumpta
1246 2909 1411 2949 caro:
1444 2893 1557 2947 huc
1580 2911 1722 2948 nova
1744 2893 1845 2948 illa

202 2984 421 3051 mistio,
454 2982 629 3048 Deus,
651 2982 917 3053 inquam,
944 2986 1001 3037 et
1034 2982 1235 3038 homo:
1266 2998 1444 3036 unum
1472 2999 1540 3037 ex
1572 2987 1840 3053 utroque,

198 3078 256 3127 et
285 3076 601 3143 utrumque
631 3087 733 3142 per
764 3086 966 3125 unum.
991 3070 1076 3125 Ob
1102 3071 1248 3125 hanc
1274 3087 1515 3127 causam
1548 3076 1696 3126 Deus
1724 3072 1845 3125 ani-

200 3178 310 3216 Inae
339 3161 667 3215 interventu
699 3159 858 3214 carni
898 3159 1144 3229 junctus
1194 3164 1303 3225 est,
1348 3176 1416 3215 ac
1466 3177 1555 3215 res
1600 3160 1755 3215 inter
1784 3175 1845 3214 se

2016 2627 2130 2681 Kl".
2163 2630 2329 2679 Τοῦτο
2361 2628 2496 2697 ἡμῖν
2528 2627 2555 2681 ὁ
2585 2624 2930 2703 παιδαγωγὸς
2968 2628 3221 2703 βούλεται
3250 2632 3437 2703 νόμος⁶
3470 2639 3591 2688 τοῦ-

1942 2734 2004 2768 το
2039 2714 2088 2767 οἱ
2125 2712 2276 2785 μέσοι
2308 2715 2541 2789 Χριστοῦ
2571 2715 2660 2768 καὶ
2689 2715 2861 2787 νόμου
2894 2724 3190 2793 προφῆται·
3227 2724 3388 2773 τοῦτο
3421 2721 3447 2773 ὁ
3494 2726 3590 2775 τοῦ

1951 2806 2317 2873 πνευματικοῦ
2384 2803 2556 2875 νόμου
2634 2802 2929 2873 τελειωτὴς
2983 2804 3075 2860 καί
3129 2807 3191 2862 τὸ
3246 2806 3405 2869 τέλος
3462 2811 3594 2882 Χρι-

1953 2890 2074 2951 στός
2123 2892 2257 2962 (97)⁶
2289 2895 2448 2944 τοῦτο
2497 2893 2531 2959 ἡ
2580 2893 2872 2947 κενωθεῖσα
2928 2895 3040 2967 (98)
3098 2894 3307 2965 θεότης·
3365 2901 3524 2953 τοῦτο
3559 2900 3592 2968 ἡ

1952 2978 2359 3055 προσληφθεῖσα
2407 2980 2554 3055 σαρξ·
2609 2985 2769 3035 τοῦτο
2818 2984 2853 3051 ἡ
2913 2984 3070 3051 καινή
3125 2984 3290 3056 μίξις,
3322 2986 3450 3048 Θεὸς
3506 2987 3597 3042 καὶ

1954 3065 2257 3142 ἅνθρωπος,
2288 3067 2344 3121 ’ἐν
2374 3068 2424 3139 ἐξ
2469 3070 2693 3145 ἀμφοῖν,
2735 3070 2823 3123 καὶ
2874 3068 2944 3124 δι’
2991 3070 3106 3133 ἐνὸς
3154 3074 3597 3152 ἀμφότερα

1956 3157 2052 3210 Διὰ
2105 3160 2264 3210 τοῦτο
2306 3156 2435 3217 Θεὸς
2508 3158 2663 3232 σαρκὶ
2740 3156 2828 3211 διὰ
2889 3158 3060 3230 μέσης
3116 3164 3302 3236 ψυχῆς
3372 3163 3601 3239 ἀνεκρα-

271 3258 317 3293 ⁴³
348 3257 488 3312 Gen.
531 3274 569 3325 ι,
591 3257 683 3311 26.
717 3257 761 3291 ⁴⁹
789 3256 1002 3327 Ephes.
1025 3273 1109 3326 ιιι,
1144 3257 1229 3311 17.
1262 3257 1306 3291 ⁸ο
1336 3256 1459 3312 Gal.
1493 3274 1577 3325 ιιι,
1607 3258 1697 3312 24.
1731 3258 1773 3293 ⁶¹
1807 3256 1845 3311 Η

1967 3296 1978 3312 .
2015 3273 2114 3324 xu,
2145 3256 2199 3311 2.

271 3354 384 3427 (87)
411 3352 825 3427 Θιωρουμένης.
859 3354 1120 3427 ῃᾼρᾲᾀιιῐιῐ
1176 3357 1306 3427 Par.
1368 3348 1473 3427 εἴτε
1529 3352 1617 3406 καὶ
1680 3372 1846 3426 προσ-

204 3423 509 3501 usus“,
534 3423 811 3501 quamvis
858 3423 1064 3501 Billius
1111 3425 1413 3501 scripserit
1442 3424 1519 3501 in
1563 3441 1667 3501 ora
1708 3423 1846 3501 Bas.

214 3494 384 3552 (non
418 3496 710 3550 habentur
740 3496 795 3548 in
852 3494 1116 3563 antiquo.
1179 3511 1282 3548 nec
1343 3495 1401 3548 in
1435 3494 1601 3548 Card.
1640 3517 1668 3543 ››
1700 3496 1848 3557 Quin

208 3569 381 3624 etiam
404 3567 617 3622 desunt
638 3566 695 3619 in
723 3582 926 3619 novem
950 3565 1416 3636 Regg.,quinque
1434 3566 1727 3619 Colb.etin
1753 3568 1848 3619 0r.

214 3642 262 3705 ί,
300 3653 659 3711 prorsusque
678 3636 1252 3711 addititiavide_n_t_ur_.
1274 3636 1353 3690 Ea
1376 3643 1568 3711 tamen
1590 3637 1855 3711 agnoscit

213 3707 539 3789 _Gabrielius
564 3707 580 3775 ξ
604 3715 874 3789 atque‘eo
906 3707 989 3789 sic
1012 3707 1201 3789 reddit
1220 3708 1736 3789 Sancigyranensis
1759 3708 1854 3761 ab-

212 3783 316 3838 bas
343 3796 357 3837 :
395 3802 415 3829 α
443 3796 569 3851 quis
600 3780 660 3834 in
690 3778 878 3833 verbis
900 3788 954 3833 et
974 3779 1247 3851 cperibus
1272 3778 1486 3833 nostris
1516 3778 1708 3850 palam
1732 3795 1853 3833 cer-

214 3857 407 3919 natur,
439 3850 569 3907 aliis
600 3851 979 3906 admoveatur
1006 3868 1038 3903 a
1068 3850 1246 3903 vobis.
1284 3872 1311 3898 »

284 3923 399 3995 (88)
425 3922 610 3993 Ἡμῖν.
660 3922 799 3992 Reg.
860 3921 899 3995 _l,
932 3922 1098 3995 ﬂuit,
1134 3938 1273 3995 _non
1332 3921 1720 3989 incommode,
1755 3920 1854 3975 sed

219 3991 407 4050 alieno
440 3991 615 4049 sensu
641 4011 654 4047 :
682 3991 769 4047 ita
796 3993 968 4047 etiam
999 3991 1171 4046 Coisl.
1208 3997 1249 4045 Ι.

219 4134 246 4188 ὁ
287 4065 400 4187 (89)
447 4063 689 4138 Ὑγίειαν.
742 4066 824 4118 Ita
882 4063 1027 4134 Reg.
1069 4081 1117 4128 r,
1170 4064 1311 4129 Jes.,
1369 4068 1477 4117 etc.
1540 4064 1639 4117 Ed.
1699 4078 1853 4129 vero,

249 4154 309 4188 γε
333 4154 413 4188 αν.

286 4154 413 4189 ιιαν.

249 4155 413 4276 γξίὶοδί
434 4204 525 4256 Ὧν
558 4199 731 4270 οὔπω,
765 4209 872 4259 etc.
907 4206 1118 4259 Totum
1174 4204 1330 4259 hunc
1377 4203 1569 4259 locum
1622 4203 1855 4276 mallem

220 4275 305 4333 sic
334 4276 608 4346 reddere;
646 4297 673 4323 ‹‹
708 4292 833 4345 quas
866 4292 936 4329 an
979 4277 1070 4345 iis,
1118 4276 1217 4345 qui
1266 4292 1335 4329 ea
1378 4277 1592 4329 fuerint
1641 4275 1856 4346 adepti,

219 4348 526 4421 profutura
564 4344 700 4421 sint,
730 4344 934 4421 necne,
963 4344 1397 4421 nondum-sane
1428 4352 1651 4421 conslat
1676 4344 1856 4421 ;__cum

222 4416 421 4476 corum
441 4418 730 4473 contraria
752 4434 899 4486 saepe
923 4417 1012 4470 his
1034 4423 1131 4487 qui
1150 4417 1566 4488 habuere,plus
1588 4416 1858 4488 utilitatis

222 4489 591 4548 attulerint...
624 4503 692 4543 ex
721 4488 1079 4559 habentium
1106 4505 1212 4542 usu
1262 4487 1572 4559 animoque
1603 4489 1737 4543 boni
1760 4487 1858 4559 vel

223 4562 362 4618 mali
392 4576 604 4616 nomen
632 4559 941 4630 accipiunt.
982 4580 1006 4606 υ
1055 4558 1148 4613 Or.
1204 4560 1252 4625 1,
1296 4560 1378 4630 in
1404 4558 1661 4630 margine
1693 4558 1859 4613 scho-

222 4635 368 4690 lium
397 4628 1058 4702 hujusmodi_'_exhibet_:
1092 4631 1211 4681 ’Ότι
1262 4628 1415 4680 πενία
1453 4628 1857 4702 Δκπιῖᾕίπλοῦτος,

222 4702 349 4780 δόξα
402 4694 594 4780 τιξκαὶ
638 4698 843 4780 ἀδοξία,
874 4699 963 4780 καὶ
998 4694 1863 4780 ὅσαι(τριαῦτα-μέσαῇνταπαρᾶ
1892 4717 1938 4780 D

221 4767 317 4844 τὴν
364 4774 575 4849 ,χρῆσιν
616 4767 851 4849 *γίνεται
893 4770 1125 4849 ἀγαθᾶῌῆ
1149 4767 1304 4849 κακά.
1348 4767 1492 4824 Μέσα
1541 4767 1860 4849 samem

220 4840 299 4919 τῷ
356 4840 564 4919 ὁμοίως
613 4840 950 4911 διεστηκέναι
994 4845 1088 4919 τοῦ
1132 4841 1437 4919 ,ψόγου-γε.
1484 4840 1570 4893 καὶ
1618 4840 1856 4901 ἐπαίνου.

226 4913 447 4984 «(Quod
479 4921 805 4989 paupertas,
826 4920 997 4989 atque
1030 4913 1261 4983 divitiae,
1294 4913 1479 4983 gloria
1527 4916 1742 4989 pariter
1772 4920 1858 4969 at-

226 5008 339 5063 que
359 4985 847 5063 igndmiriia,ac_id
874 4992 1308 5063 genus‘caetera,
1339 5002 1465 5054 quae
1487 4985 1675 5063 media
1698 4990 1856 5055 sunt,

224 5056 337 5118 usu
367 5056 521 5116 Bona
550 5059 632 5115 vel
670 5057 819 5112 mala
842 5056 1112 5112 evadunt.
1140 5057 1324 5110 Media
1347 5073 1515 5127 porro
1538 5056 1691 5109 dicta
1722 5061 1862 5111 sunt

220 5133 438 5190 idcirco
470 5131 621 5203 quod
655 5135 779 5185 tum
815 5146 847 5183 a
868 5128 1039 5184 laude
1069 5133 1195 5182 tum
1227 5145 1260 5182 a
1282 5127 1569 5199 vituperio
1599 5143 1665 5182 ex
1695 5145 1860 5199 aequo

225 5210 448 5262 remota
478 5203 614 5258 sint.
652 5223 679 5251 ››

296 5278 408 5347 (91)
437 5275 511 5327 ra
541 5271 772 5325 ἐναντία.
826 5271 963 5340 Reg.
997 5269 1097 5339 hu,
1130 5266 1395 5347 τάναντία.

293 5341 400 5419 (92)
434 5350 729 5419 Πτερῶσαι.
756 5366 793 5419 ν‹‹
836 5347 1062 5397 Pennas
1093 5346 1310 5419 aptare.
1332 5362 1376 5419 ρ
1408 5341 1740 5419 Gregorius,
1775 5358 1858 5407 or,

224 5411 308 5475 al.‘
341 5411 434 5485 xx,
469 5411 623 5472 nunc
671 5418 864 5471 autem
920 5429 1077 5481 XLIII,
1120 5430 1175 5466 n.
1207 5413 1297 5479 81,
1332 5411 1729 5485 Basiliumrov
1762 5418 1861 5479 τῆς

221 5487 764 5563 ἒρημίαςπτερωτήν
815 5484 1093 5563 appellat,
1148 5485 1315 5563 quasi
1371 5484 1469 5554 qui
1528 5484 1860 5563 solitudinis

221 5555 501 5619 studiosis
530 5555 602 5617 ad
631 5555 1167 5629 pennas—aptandas
1194 5555 1443 5629 idoneus
1485 5559 1657 5612 esset.
1691 5556 1861 5629 Apud

221 5577 501 5619 studiOSIs
530 5577 602 5617 aa
672 5577 851 5614 cunas
883 5577 1167 5627 aptandas
1198 5577 1443 5612 monens
1485 5577 1657 5612 esset.
1691 5577 1860 5629 npuu

216 5634 388 5717 Plat,
420 5631 613 5713 Ρριίιο,
776 5645 834 5707 v,
862 5628 1136 5709 πτερῶσαι
1157 5626 1493 5707 signiﬁcat:
1528 5628 1805 5709 «equites
1828 5644 1860 5689 ο

1880 3358 1921 3423 C
1960 3353 2205 3424 pedibus
2237 3352 2605 3424 constituere.
2640 3375 2669 3401 ››

2031 3424 2143 3546 (932
2176 3422 2459 3507 Ἀρπάσαι.
2494 3424 2595 3477 Ed.
2654 3425 2789 3505 Iieg.
2848 3424 2885 3491 Ι,
2945 3428 3001 3479 et
3058 3424 3215 3482 Colb.
3268 3428 3600 3495 In,habent

2036 3516 2047 3544 ι
2146 3512 2360 3546 οπασαι.
2406 3494 2613 3546 Verum
2672 3496 2827 3546 Istud
2878 3494 2967 3546 καί
3043 3499 3207 3546 abest
3272 3516 3305 3546 Α
3376 3507 3594 3546 nantem

1960 3494 2047 3572 καὶ
2108 3494 2360 3572 ἁρπάσαι.
2406 3494 2613 3572 Yei‘um
2645 3496 2847 3572 istud
2878 3494 2967 3547 καί
3043 3499 3207 3553 abest
3272 3516 3306 3555 8.
3339 3494 3343 3495 γ
3376 3507 3598 3572 septem

1964 3564 2163 3689 Regg;
2198 3565 2386 3618 tribus
2415 3564 2571 3620 Colb.
2606 3568 2661 3619 et
2693 3566 2785 3620 Or.
2828 3567 2879 3620 1.

2034 3640 2049 3689 ί
2095 3638 2145 3689 4)
2178 3638 2389 3688 Δοῦναι.
2421 3635 2548 3689 Bas.
2588 3633 2832 3689 δοθῆναι.

2095 3633 2145 3705 Ῐ4)
2178 3638 2389 3688 Δοῦναι.
2421 3635 2548 3691 Bas.
2588 3633 2832 3704 δοθῆναι.

2055 3640 2145 3705 94)
2178 3640 2389 3688 Δοῦναι.
2421 3640 2548 3691 Bas.
2588 3640 2832 3704 δοθῆναι.

2032 3640 2143 3778 (95)
2182 3705 2527 3781 Εἷσοικίσαιᾋ
2559 3708 2677 3763 Jes.
2738 3706 3114 3761 είσοικίσασαν,
3174 3710 3311 3781 Reg.
3360 3730 3407 3767 ιι,
3442 3712 3606 3766 εἷσοι-

1963 3777 2202 3846 κίσαντα,
2238 3780 2357 3849 θεόν
2398 3778 2607 3833 melius
2666 3780 2755 3832 ed.
2815 3781 3130 3849 Grogorius
3185 3777 3343 3837 enim
3374 3785 3607 3841 videtur

1965 3850 2314 3923 adumbrare
2349 3848 2539 3923 locum
2583 3851 2861 3923 Apostoli,
2911 3848 3055 3923 Eph.
3090 3869 3173 3921 III,
3219 3856 3280 3909 l6
3311 3856 3397 3923 17,
3432 3879 3459 3906 ‹‹
3493 3857 3606 3912 vir-

1965 3926 2087 3976 tute
2120 3921 2475 3992 corroborari
2510 3935 2610 3991 per
2670 3921 2976 3991 Spiritum_
3009 3924 3134 3992 ejus
3182 3925 3240 3979 in
3270 3921 3606 3984 interiorem

1964 3993 2261 4047 hominem
2286 3991 2577 4046 Christum
2601 3992 2983 4065 inhabitare,»
3002 3991 3113 4050 nisi
3138 3997 3289 4065 quod
3305 4014 3407 4065 pro
3430 4018 3608 4051 κατοι-

1964 4011 2261 4047 nominem
2286 4011 2983 4065 unriswminnamtare,»
3002 4011 3113 4050 nisi
3178 4011 3289 4051 uoo
3348 4016 3407 4053 ro
3430 4018 3605 4051 κατοι-

1963 4069 2272 4142 κῇσαιηψιρ
2306 4079 2459 4142 usus
2479 4069 2569 4142 est
2601 4065 2929 4142 Apostolus,
2959 4066 3093 4142 dicit
3125 4011 3427 4142 geomgxui,
3451 4072 3605 4142 quod

1965 4136 2277 4206 significat.
2309 4156 2336 4182 «
2371 4134 2649 4206 habitare,
2684 4135 2870 4191 facere
2897 4142 2962 4191 ut
2996 4136 3297 4194 inhabitet.
3329 4158 3355 4191 ι

2036 4204 2144 4282 (96)
2176 4204 2402 4282 Τὸντῇς
2452 4204 2562 4282 ἅνω
2619 4206 2948 4282 συν-ειιὶξεως.Δ
2992 4231 3019 4257 ι(
3055 4210 3161 4273 Qui
3220 4215 3277 4265 et
3324 4213 3449 4282 ipse
3507 4229 3604 4267 ευ-

2010 4277 2129 4332 erui
2166 4276 2386 4332 ordinis
2418 4278 2521 4331 est.
2560 4301 2586 4325 ››
2619 4278 2703 4332 Ad
2729 4277 2837 4333 hoc
2859 4279 3014 4334 enim
3038 4297 3071 4335 a
3100 4285 3214 4335 Deo
3245 4276 3475 4338 creatus
3497 4282 3609 4338 fuit

2011 4365 2161 4425 omo,
2198 4348 2351 4418 quod
2385 4352 2535 4402 recte
2561 4349 2829 4405 observat
2846 4350 3019 4419 Elias,
3055 4375 3083 4403 ‹‹
3119 4357 3182 4407 ut
3210 4354 3483 4425 supernis
3513 4372 3606 4410 or-

1970 4420 2205 4474 dinibus
2233 4426 2735 4474 annumeraretur.
2771 4444 2799 4471 ››

2040 4492 2152 4561 (97)
2182 4488 2428 4569 Χριστός.
2465 4491 2558 4546 Sic
2600 4492 2853 4547 maxima
2882 4509 3017 4563 pars
3048 4495 3337 4567 codicum,
3371 4497 3472 4569 qui
3504 4512 3609 4553 nec

1974 4560 2021 4627 ὸ,
2061 4578 2162 4615 nec
2188 4560 2248 4613 τό
2281 4561 2514 4615 habent.

2042 4633 2152 4701 (98)
2186 4632 2505 4707 Κενςυθιῖσα.
2570 4654 2595 4680 ‹‹
2650 4634 2706 4687 Id
2767 4635 3038 4707 ostendit,
3098 4658 3124 4685 ››
3183 4634 3378 4707 inquit
3429 4636 3605 4706 Elias,

1976 4723 2000 4753 α
2032 4708 2223 4778 totam
2246 4702 2518 4778 divinam_
2537 4708 2802 4758 naturam
2830 4705 2889 4759 in
2921 4722 3035 4778 una
3063 4702 3301 4761 suarum
3332 4702 3607 4778 hyposta;

1968 4779 2090 4827 tum
2125 4775 2225 4828 toti
2261 4779 2475 4845 naturae
2505 4773 2775 4845 humanae
2807 4776 3133 4845 copulatam
3165 4773 3428 4832 Γυὶεεε.’›ἷ

2206 4845 2293 4897 Ἐν
2510 4843 2735 4921 ἀμφοῖν,
2800 4842 2918 4898 καῖν
2980 4842 3050 4897 δι’
3122 4846 3239 4906 ἑνὸς
3305 4845 3604 4923 ἀμφότερα,

1971 4938 1997 4964 ‹‹
2036 4917 2219 4972 Unum
2252 4932 2320 4971 ex
2352 4916 2634 4987 utrisque,
2669 4922 2724 4971 et
2755 4935 2855 4987 per
2885 4934 3066 4972 unum
3116 4916 3445 4988 utraquefn
3478 4916 3607 4974 Ilaec

1970 4989 2141 5060 verba
2174 4997 2311 5060 sunt
2346 5003 2518 5060 ~_vere
2541 4989 2769 5057 gladius
2791 5006 2857 5043 ex
2876 4994 3121 5059 utraque
3146 4994 3306 5060 parte
3324 4996 3550 5046 acutus.
3576 5012 3606 5040 »

1970 5063 2034 5111 ut
2064 5058 2325 5129 loquitur
2354 5058 2698 5125 Gabrielius,
2754 5082 2780 5107 «
2812 5058 3093 5117 adversus
3136 5058 3457 5129 biereticos,
3490 5079 3609 5117 una

1970 5129 2122 5183 enim
2158 5130 2408 5201 percutit
2466 5129 2711 5185 letaliter
2769 5132 3100 5186 Nestorium
3157 5133 3353 5189 divina
3400 5136 3470 5190 ab
3500 5134 3609 5189 ho-

1971 5201 2127 5255 mine
2160 5203 2531 5285 dividentem,
2565 5203 2747 5285 altera
2781 5203 3236 5285 Eutychete‘r‘nin
3254 5206 3466 5285 divinis
3497 5204 3608 5260 hu—

1971 5276 2540 5349 manavacuantem.
2568 5296 2595 5349 ῃ
2619 5274 2830 5349 Eadem
2850 5274 3072 5349 dixerat
3092 5275 3266 5346 Elias,
3291 5280 3459 5349 cujus
3477 5292 3608 5349 pro-

1973 5346 2118 5420 fecto
2151 5345 2270 5420 hinc
2290 5348 2440 5420 sunt
2463 5346 2711 5420 verbain
2749 5347 3011 5420 margine
3042 5350 3217 5420 Regg.
3244 5345 3410 5404 codd.
3433 5345 3607 5420 a—et‘l:

1970 5413 2237 5493 ξξο-μωαία
2286 5412 2543 5493 δίστομος
2591 5416 2724 5493 κατὸι
2771 5412 3226 5493 τιῖ›ν”-αἱρετικῶ“ν.
3260 5420 3338 5475 Τὸ
3395 5417 3604 5493 γᾶρλξν

2046 5483 2271 5565 amori,
2303 5483 2534 5565 πλήσσει
2577 5488 2802 5565 καιρίως
2842 5483 2991 5565 τοὺς]
3016 5488 3122 5565 ἀπὸ
3150 5483 3608 5565 Νεστορίδα-δύο

1973 5507 2022 5554 ις
2046 5507 2271 5561 αμφοιν,
2303 5507 2534 5553 πλησσει
2577 5507 2802 5613 καιςιως
2842 5509 2968 5550 τους
3016 5507 3122 5543 απὸ
3171 5507 3461 5565 Νεστοριου
3514 5507 3608 5543 ouo

1971 5555 2668 5641 bttuatucem‘kévovtais'ﬁ
2746 5554 3088 5641 8E,_8i"e.voc
3139 5560 3613 5641 ἀμφότερα,ῌάντις

1971 5575 2287 5618 οποστασεις
2322 5575 2593 5690 Λεῐοντα(
2634 5575 2697 5613 το
2746 5575 2825 5627 σε,
2857 5575 2923 5615 σι’
2971 5575 3088 5624 ενος
3140 5575 3438 5641 ἀμφότερα,
3470 5575 3610 5615 αντι-

1969 5625 2202 5707 πλήσσιι
2232 5627 2358 5695 τοὺς
2423 5629 2493 5687 πὸ
2524 5622 2774 5714 Σεϐήρου
2802 5632 2900 5702 τὰς
2945 5627 3040 5693 δύο
3084 5631 3269 5717 φύσεις
3299 5631 3351 5694 ἐν
3402 5635 3481 5714 τῷ
3530 5628 3610 5713 ἐνὶ
