4152 6286
499 450 618 511 633

1634 455 1927 516 ORATIO
1970 454 2047 515 II.
2081 489 2158 499 ——
2185 453 2727 519 APOLOGETICA

3777 452 3896 513 434

503 593 566 649 θη
595 583 695 655 (1),
727 579 815 637 καὶ
846 578 1097 652 συνεδὲθη
1128 581 1195 638 τὰ
1224 580 1483 638 διεστῶτα
1537 587 1606 657 τῇ
1655 585 1788 659 πρὸς
1837 586 2000 662 ἄμφω
2049 590 2143 639 106

2264 588 2642 658 disjunctaeac
2672 587 3021 644 dissidentes
3036 585 3508 658 perinterpositae
3537 586 3640 642 24
3659 584 3739 640 rei
3761 602 3891 642 cum

504 669 877 743 μεσιτεύοντος
926 670 1239 739 οἰκειότητι·
1273 671 1361 725 καὶ
1416 673 1587 726 πάντα
1618 676 1693 745 (2)
1745 673 1875 747 61:69
1925 673 2136 727 πάντων

499 759 661 828 ἦλθεν
697 759 771 821 εἰς
801 758 878 828 ἓν,
898 758 987 813 καὶ
1020 760 1149 832 61:69
1173 760 1290 822 ἐνὸς
1310 765 1407 815 106
1427 763 1790 837 προπάτορος·
1811 764 1845 829 ἡ
1878 763 2029 837 ψυχὴ
2056 760 2143 816 διὰ

496 850 595 917 τήν
646 847 1078 921 παρακούσασαν,
1129 851 1164 917 ἡ
1217 849 1343 924 σὰρξ
1410 846 1497 903 διὰ
1558 852 1655 918 τήν
1728 851 2140 926 ὑπουργήσασαν

497 936 586 991 καὶ
637 938 1163 1011 συγκατακριθεῖσαν·
1197 939 1231 1005 ἡ
1282 937 1375 1009 μὲν
1430 939 1636 1013 ψυχὴν,
1678 941 1712 1009 ἡ
1765 937 1821 993 δὲ
1876 941 2062 1016 σάρκα·
2115 941 2143 994 6

497 1025 723 1100 Χριστὸς
756 1022 845 1079 διὰ
870 1025 959 1079 τὸν
992 1022 1164 1097 Ἀδὰμ
1197 1027 1285 1080 τὸν
1327 1026 1613 1101 γενόμενον
1671 1027 1772 1082 ὑπὸ
1820 1029 1917 1096 τὴν
1974 1029 2144 1103 ἁμαρ-

494 1113 633 1183 τίαν,
668 1114 696 1169 6
726 1112 981 1189 κρείττων
1016 1116 1092 1187 (3)
1122 1114 1386 1191 ἁμαρτίας
1417 1115 1505 1169 καὶ
1539 1114 1898 1191 ὑψηλότερος,

2252 680 2499 745 utraque
2529 694 2729 731 earum
2763 677 3107 730 afﬁnitatem
3125 676 3596 745 etcognationem
3614 673 3893 745 copulatae

2252 770 2423 818 sunt:
2459 770 2631 835 atque
2658 765 2857 818 omnia
2902 770 3137 833 propter
3167 763 3383 829 omnia,
3418 768 3477 816 et
3506 778 3607 832 pro
3640 778 3755 816 uno
3796 761 3895 816 illo

2253 853 2481 924 generis
2512 853 2695 906 nostri
2726 852 2987 923 principe
3032 852 3092 905 in
3151 867 3334 905 unum
3369 852 3665 917 coierunt;
3701 851 3898 905 anima

2252 941 2531 995 nimirum
2568 946 2798 1011 propter
2813 956 3106 1011 eam,qua3
3128 944 3411 1010 praecepto
3429 938 3622 994 divino
3655 938 3898 992 minime

2254 1029 2488 1101 paruit;
2524 1045 2677 1095 caro,
2716 1033 2950 1099 propter
2983 1045 3131 1093 eam,
3167 1044 3291 1097 quae
3342 1026 3550 1082 animae
3591 1027 3898 1097 cupiditati

2254 1118 2532 1172 obsecuta
2564 1122 2671 1188 est,
2707 1117 3000 1188 simulque
3058 1117 3466 1182 condemnata,
3510 1115 3611 1170 illa
3662 1121 3900 1187 propter

499 1204 776 1272 animam,
808 1204 922 1259 ista
951 1209 1188 1276 propter
1216 1222 1449 1261 carnem
1481 1224 1495 1272 ;
1529 1206 1792 1261 Christus
1820 1206 2069 1278 denique
2094 1210 2329 1278 propter
2357 1206 2667 1275 Adamum,
2700 1205 2809 1260 hoc
2829 1209 2918 1261 est
2949 1209 3183 1277 propter
3210 1221 3363 1271 eum,
3389 1204 3486 1275 qui
3520 1205 3628 1259 sub
3664 1208 3897 1276 peccato

497 1293 683 1349 iactus
712 1298 820 1362 est,
855 1292 927 1358 is,
961 1293 1059 1365 qui
1090 1298 1323 1365 peccato
1354 1294 1662 1349 sublimior
1692 1312 1755 1351 ac
1787 1296 2155 1367 praestantior
2184 1298 2327 1350 erat.

569 1382 683 1436 KA'.
720 1380 818 1434 Διὰ
842 1384 1002 1435 τοῦτο
1034 1381 1359 1455 ἀντεισήχθη
1394 1385 1471 1453 τῷ
1499 1380 1716 1453 παλαιῷ
1761 1383 1823 1436 τὸ
1880 1383 2020 1436 νέον·
2052 1382 2141 1436 καὶ

500 1466 588 1524 διὰ
614 1468 816 1531 πάθους
850 1470 877 1523 6
908 1469 1091 1532 παθὼν
1129 1468 1419 1539 ἀνεκλήθη,
1452 1467 1541 1524 καὶ
1595 1469 1726 1546 61:69
1768 1471 1988 1526 ἑκάστου
2037 1475 2143 1525 τῶν

497 1555 778 1634 ἡμετέρων
829 1555 1048 1613 ἕκαστον
1094 1562 1190 1613 τοῦ
1242 1558 1372 1634 61:69
1422 1561 1571 1630 ἡμᾶς
1615 1557 2001 1633 ἀντεδόθη
2052 1559 2141 1613 καὶ

497 1646 681 1723 γέγονε
708 1644 891 1700 καινὸν
927 1648 1227 1719 μυστήριον
1258 1648 1291 1715 ἡ
1325 1647 1447 1719 περὶ
1492 1646 1581 1700 τὸν
1633 1646 1862 1701 πεσόντα
1893 1646 1960 1701 δι’
1992 1647 2140 1703 ἀπεί-

500 1736 642 1789 θειαν
696 1734 755 1789 ἐκ
800 1735 1207 1811 φιλανθρωπίας
1262 1735 1566 1808 οἰκονομία.
1610 1738 1705 1790 Διὰ
1751 1741 1911 1790 τοῦτο
1958 1736 2144 1811 γέννη-

500 1844 581 1885 σις
611 1825 686 1897 (5)
715 1823 805 1878 καὶ
838 1825 1126 1897 ΙΙαρθὲνος·
1163 1821 1251 1879 διὰ
1276 1829 1438 1879 τοῦτο
1470 1826 1639 1899 φάτνη
1672 1826 1760 1879 καὶ
1807 1825 2070 1900 βηθλεέμο
2104 1828 2138 1894 ἡ

498 1911 749 1987 γέννησις
776 1912 907 1988 61:69
938 1919 1040 1981 τῆς
1069 1912 1317 1974 πλάσεως
1374 1916 1407 1983 ἡ
1443 1912 1709 1988 Ηαρθὲνος
1743 1914 1871 1988 61169
1902 1917 1999 1983 τῆς
2051 1936 2143 1988 γυ-

497 2000 703 2090 ναικός·
765 2003 801 2070 ἠ
852 2001 1101 2073 Βηθλεὲμ
1150 1998 1245 2090 διὰ,
1284 2003 1383 2070 τὴν
1420 1999 1599 2074 Ἐδέμ·
1635 2005 1668 2071 ἡ
1703 2004 1872 2079 φάτνη
1925 2002 2013 2057 διὰ
2051 2005 2138 2058 τὸν
2172 2027 2219 2090 Β

497 2087 842 2165 παράδεισοψ
874 2090 941 2144 τὰ
974 2090 1139 2165 μικρὰ
1167 2089 1255 2144 καὶ
1288 2090 1584 2167 φαινόμενα
1643 2092 1773 2165 61:69
1816 2096 1922 2146 τῶν
1974 2092 2139 2166 μεγά-

500 2177 610 2233 λων
662 2178 750 2232 καὶ
802 2180 1313 2254 κρυπτομένων
1352 2179 1448 2233 Διᾶ
1492 2179 1653 2234 τοῦτο
1703 2180 1926 2255 ἄγγελοι
1987 2178 2139 2250 δοξά-

501 2272 676 2336 ζοντες
706 2267 796 2322 τὸν
841 2265 1110 2342 οὐράνιον,
1146 2267 1257 2321 εἶτα
1303 2266 1555 2342 ἐπίγειον·
1604 2268 1692 2321 καὶ
1743 2268 1997 2341 ποιμένες
2051 2266 2138 2322 δό-

498 2357 585 2427 ξαν
618 2359 694 2428 (7)
726 2358 957 2431 ὁρῶντες
990 2355 1076 2409 ἐπὶ
1107 2354 1187 2428 τῷ
1216 2355 1371 2429 άμνῷ
1412 2356 1501 2410 καὶ
1549 2358 1791 2429 ποιμένι’
1824 2358 1913 2411 καὶ
1974 2358 2142 2432 ἀστήρ

498 2446 830 2519 ἡγουμενος,
863 2444 950 2499 καὶ
987 2444 1146 2520 μάγοι
1178 2444 1605 2520 προσπίπτοντες
1636 2445 1724 2499 καὶ
1763 2444 2143 2523 δωροφοροῦν-

496 2554 599 2605 τες,
645 2532 718 2588 ἵν’
768 2531 1191 2608 εἷδωλολατρεία
1232 2533 1529 2608 καταλυθῇ.
1582 2534 1678 2588 Διά
1731 2538 1889 2589 τοῦτο
1938 2537 2144 2604 Ἰησοῦς

501 2622 916 2699 βαπτιζόμενος,
968 2621 1056 2676 καὶ
1109 2620 1309 2677 ἄνωθεν
1364 2622 1829 2699 μαρτυρούμενος,
1888 2623 1976 2677 καὶ
2044 2645 2141 2691 νη·-

497 2712 719 2785 στεύων,
778 2711 868 2766 καὶ
926 2711 1335 2785 πειραζόμενος,
1383 2711 1470 2766 καὶ
1522 2715 1685 2766 νικῶν
1753 2712 1844 2767 τὸν
1892 2713 2143 2782 νικήσαν-

493 2823 558 2857 τα
720 2801 819 2855 Διά
845 2805 1005 2855 τοῦτο
1036 2797 1287 2873 δαίμονες
1322 2799 1698 2874 ἐλαυνόμενοι,
1729 2802 1816 2855 καί
1866 2801 2013 2856 νόσοι
2061 2804 2142 2856 θε-

499 2890 881 2969 ραπευόμεναι,
912 2888 1001 2943 καὶ
1030 2890 1092 2943 τὸ
1155 2889 1289 2965 μέγα
1334 2892 1592 2965 κήρυγμα
1644 2895 1858 2967 μικροῖς
1906 2891 2140 2966 ἐγχειρι-

506 2978 730 3051 ζόμενον
765 2978 854 3032 καὶ
885 2978 1338 3053 κατορθούμενον.

2321 1382 2507 1438 XXIV.
2567 1385 2650 1439 Ob
2700 1383 2851 1438 hanc
2914 1382 3089 1438 etiam
3148 1399 3387 1437 causam
3443 1382 3623 1437 veteri
3681 1400 3895 1439 novum

2251 1473 2637 1528 substitutum
2668 1476 2775 1539 est,
2810 1478 2867 1527 et
2907 1489 3007 1543 per
3039 1472 3390 1542 passionem,
3424 1472 3494 1538 is,
3536 1472 3637 1543 qui
3687 1489 3897 1544 passus

2249 1562 2456 1626 fuerat,
2482 1562 2539 1615 in
2564 1561 2875 1630 pristinum
2919 1565 3138 1615 statum
3168 1566 3490 1630 revocatus,
3529 1577 3593 1615 ac
3624 1578 3727 1632 pro
3760 1579 3902 1617 una-

2250 1666 2484 1721 quaque
2517 1666 2708 1704 rerum
2743 1654 3100 1719 nostrarum,
3125 1665 3478 1721 unaquaque
3501 1665 3592 1703 res
3619 1650 3766 1719 ejus,
3798 1652 3900 1721 qui

2249 1738 2419 1793 nobis
2450 1738 2759 1793 sublimior
2779 1743 2886 1807 est,
2904 1755 3149 1808 repensa
3176 1755 3535 1808 :novumque
3553 1739 3896 1809 mysterium

2250 1828 2466 1883 factum
2497 1832 2584 1882 est
2615 1828 2736 1892 illa,
2770 1844 2895 1897 quea
2927 1828 3077 1882 circa
3108 1844 3263 1895 eum,
3299 1826 3400 1898 qui
3432 1844 3531 1898 per
3560 1827 3894 1882 inobedien-

2248 1916 2390 1971 tiam
2423 1916 2650 1981 cecidit,
2675 1933 2775 1987 per
2807 1917 3223 1988 benignitatem
3238 1916 3480 1987 contigit
3510 1916 3893 1987 dispensatio.

2251 2005 2467 2060 Idcirco
2515 2006 2809 2075 generatio
2859 2010 2915 2060 et
2940 2006 3103 2076 virgo
3139 2022 3150 2059 :
3187 2005 3399 2060 idcirco
3459 2006 3807 2075 praesepium
3840 2008 3897 2059 et

2250 2094 2587 2149 Bethlehem
2624 2110 2635 2148 :
2668 2095 2963 2164 generatio
2994 2098 3229 2164 propter
3256 2094 3607 2149 efﬁctionem
3635 2094 3702 2159 ⁵2,
3734 2094 3894 2165 virgo

2252 2187 2486 2254 propter
2516 2181 2841 2247 mulierem,
2878 2181 3209 2237 Bethlehem
3234 2188 3471 2253 propter
3500 2182 3896 2253 Eden,pr:£se-

2252 2272 2416 2342 pium
2448 2275 2682 2341 propter
2700 2270 3059 2342 paradisum,
3110 2287 3202 2325 res
3232 2288 3418 2341 parve)
3468 2275 3525 2325 et
3570 2271 3897 2341 conspicuae

2252 2364 2487 2430 propter
2542 2376 2787 2431 magnas
2825 2364 2883 2413 et
2956 2360 3029 2413 ab
3102 2358 3287 2413 oculis
3346 2364 3619 2414 remotas.
3678 2358 3898 2414 Idcirco

2252 2447 2465 2520 angeli,
2526 2446 2775 2503 cmlestis
2834 2448 3110 2518 primum,
3162 2464 3227 2502 ac
3300 2448 3510 2502 deinde
3561 2449 3774 2503 terreni
3832 2447 3896 2515 ⁵³,

2252 2536 2494 2609 gloriam
2530 2535 2992 2607 praedicantes,et
3021 2542 3284 2607 pastores
3305 2536 3376 2591 ob
3394 2535 3529 2607 agni
3560 2540 3617 2590 et
3647 2537 3899 2607 pastoris

2253 2630 2448 2680 ortum
2480 2624 2724 2697 gloriam
2757 2628 3058 2679 cernentes
3088 2625 3149 2692 5‘,
3211 2628 3267 2679 et
3313 2624 3482 2680 stella
3521 2623 3783 2694 praeiens,
3844 2628 3901 2679 et

2254 2714 2407 2785 Magi
2438 2729 2564 2769 sese
2586 2717 3039 2785 prosternentes,
3097 2730 3161 2768 ac
3212 2730 3456 2768 munera
3494 2713 3801 2768 offerentes
3832 2713 3895 2783 ⁵⁸,

2255 2807 2320 2857 ut
2350 2803 2570 2858 scilicet
2600 2802 2888 2857 idolorum
2926 2802 3120 2857 cultus
3151 2806 3516 2857 everteretur.
3553 2802 3772 2856 Idcirco
3801 2801 3897 2857 Je-

2253 2908 2357 2947 sus
2386 2891 2663 2962 baptismi
2694 2908 2845 2962 aqua
2866 2892 3132 2961 tingitur,
3168 2894 3224 2945 et
3255 2907 3506 2961 superno
3559 2891 3895 2945 testimonio

2254 2984 2565 3035 coronatur
2594 2982 2657 3049 ‘5,
2691 2985 2747 3034 et
2771 2982 3019 3049 jejunat,
3044 2980 3107 3049 ⁸⁷,
3135 2983 3192 3033 et
3219 2983 3495 3047 tentatur,
3529 2983 3586 3033 et
3614 2995 3770 3044 eum,
3797 2980 3892 3048 qui

504 3069 741 3135 vicerat,
773 3069 1020 3124 devincit
1041 3070 1104 3123 ⁵⁸.
1137 3069 1353 3124 Idcirco
1386 3070 1673 3124 daemones
1704 3070 2020 3141 ejiciuntur
2047 3070 2187 3134 59,et
2217 3069 2403 3123 morbi
2437 3067 2942 3139 depelluntur5°,et
2973 3083 3201 3139 magna).
3229 3065 3658 3138 praedicationis
3676 3083 3894 3121 munus

508 3156 703 3229 parvis
734 3156 1069 3212 hominibus
1103 3156 1512 3226 committitur,
1541 3161 1597 3211 et
1624 3174 1757 3212 cum
1789 3157 1960 3212 laude
1992 3157 2458 3213 administratur.

576 3245 698 3301 KE'.
732 3245 827 3298 Διὰ
856 3248 1015 3298 τοῦτο
1063 3241 1186 3311 ἔθνη
1240 3243 1636 3321 φρυασσόμενα,
1665 3245 1752 3297 καὶ
1802 3242 1925 3297 λαοὶ
1979 3244 2136 3317 μελε-

2322 3244 2494 3298 XXV.
2521 3244 2736 3299 Idcirco
2758 3248 2958 3315 gentes
2992 3245 3323 3313 frementes,
3363 3249 3420 3299 et
3468 3243 3668 3315 populi
3698 3242 3897 3300 inania

500 3337 696 3393 τῶντες
751 3331 894 3387 κενά·
948 3330 1035 3386 διὰ
1081 3336 1240 3387 τοῦτο
1290 3332 1449 3402 ξόΛον
1500 3332 1635 3386 κατὰ
1684 3336 1779 3386 106
1831 3331 1993 3401 ξύλου
2043 3335 2141 3405 (9),

500 3419 752 3475 καὶκατὰ
779 3426 879 3488 τῆς
925 3421 1109 3495 χειρὸς
1157 3424 1361 3495 χεῖρες,
1393 3426 1490 3488 τῆς
1540 3420 1783 3495 ἀκρατῶς
1833 3418 2141 3488 imam-101,:

497 3510 551 3564 αἱ
600 3507 859 3582 γενναίως
905 3510 1162 3563 ταθεῖσαι·
1217 3515 1318 3577 τῆς
1385 3507 1670 3581 ἀνειμένης
1722 3509 1775 3562 αἱ
1822 3514 1938 3570 τοῖς
1983 3506 2145 3577 ἥλοις

498 3596 750 3654 δεθεῖσαι’
799 3604 902 3666 τῆς
956 3592 1293 3666 ἐκϐαλούσης
1344 3598 1455 3670 (ιΙΟ)
1508 3594 1683 3670 Ἀδὰμ
1730 3600 1784 3651 αἱ
1830 3598 1897 3652 τὰ
1943 3596 2146 3673 πέρατα

500 3685 868 3759 οἰκειούμεναι
898 3687 1031 3759 (11)·
1068 3686 1162 3739 Διά
1211 3688 1371 3739 τοῦτο
1415 3684 1549 3759 ὕψος
1600 3688 1735 3739 κατὰ
1779 3690 1875 3740 106
1922 3686 2147 3759 πτώμα-

498 3794 610 3837 τος·
644 3775 733 3830 καὶ
784 3776 927 3849 χελή
967 3777 1077 3847 (12)
1126 3775 1261 3827 κατὰ
1307 3781 1406 3844 τῆς
1464 3773 1717 3850 γεύσεως,
1750 3776 1837 3829 καὶ
1889 3774 2143 3852 στέφανος

503 3865 781 3928 ἀκάνθινος
816 3863 951 3918 κατὰ
980 3867 1075 3917 106
1136 3867 1376 3939 πονηροῦ
1423 3864 1652 3935 κράτους
1684 3866 1818 3937 (13),
1851 3864 1939 3919 καὶ
1991 3866 2143 3917 θάνα-

498 3974 592 4015 τος
622 3952 756 4009 κατὰ
811 3958 909 4008 106
964 3955 1211 4023 θανάτου,
1246 3952 1332 4007 καὶ
1384 3952 1571 4015 σκότος
1622 3954 1752 4029 ὑπὲρ
1802 3958 1898 4008 106
1943 3954 2142 4031 φωτὸς,

2253 3335 2602 3389 meditantes
2649 3334 2715 3397 5‘,
2753 3333 2970 3389 Idcirco
3029 3332 3255 3405 lignum
3310 3334 3588 3389 adversus
3645 3332 3894 3405 lignum,

2253 3427 2310 3478 et
2405 3440 2616 3479 manus
2701 3423 2976 3477 adversus
3053 3439 3362 3489 manum;
3436 3421 3568 3492 illas,
3637 3423 3896 3491 inquam,

2254 3509 2476 3565 fortiter
2510 3515 2800 3583 extensa,
2861 3509 3139 3564 adversus
3216 3509 3644 3564 incontinenter
3703 3513 3898 3564 exten-

2255 3615 2380 3655 sam
2452 3598 2630 3665 ;illze
2709 3597 2887 3653 clavis
2970 3598 3226 3665 conﬁxae,
3302 3601 3475 3667 atque
3550 3597 3895 3666 constrictae,

2256 3689 2535 3743 adversus
2592 3687 2898 3742 remissam
2953 3690 3009 3741 et
3055 3686 3301 3741 solutam
3371 3703 3384 3753 ;
3445 3685 3555 3740 illae
3616 3685 3772 3740 orbis
3833 3687 3897 3740 ii-

2257 3794 2359 3832 nes
2391 3776 2834 3848 conjungentes,
2878 3776 3157 3831 adversus
3186 3791 3335 3845 eam,
3386 3792 3512 3846 quae
3547 3776 3835 3829 Adamum
3869 3791 3897 3829 e

2260 3867 2530 3937 paradiso
2560 3864 2886 3919 exturbavit
2911 3866 2976 3917 δε.
3002 3864 3221 3918 Idcirco
3253 3862 3587 3918 sublimitas
3618 3864 3896 3918 adversus

2262 3954 2512 4026 lapsum,
2547 3955 2645 4009 25
2680 3958 2736 4008 et
2768 3952 2838 4008 fel
2870 3954 3147 4007 adversus
3179 3957 3436 4021 gustum,
3475 3956 3530 4007 et
3567 3952 3771 4023 spinea
3800 3968 3895 4006 co-

571 4055 616 4088 “
642 4057 781 4109 Gen.
814 4070 875 4108 ιι.
909 4054 962 4107 7.
997 4054 1040 4088 ⁸³
1072 4054 1093 4107 Ι
1126 4053 1258 4109 Cor.
1299 4070 1390 4120 xv,
1414 4054 1500 4107 49.
1534 4054 1577 4087 ⁵⁴
1607 4054 1740 4109 Luc.
1780 4071 1839 4117 ιι,
1878 4054 1959 4107 14.
1991 4053 2034 4087 ⁵⁵
2062 4053 2144 4106 Ma

2301 4069 2360 4117 ιι,
2393 4052 2427 4104 9
2455 4055 2511 4105 et
2540 4052 2625 4105 11.
2659 4051 2700 4084 δε
2732 4050 2938 4105 Matth.
2973 4050 3055 4117 ru,
3090 4050 3276 4104 13-17.
3328 4049 3368 4083 υτ
3394 4047 3597 4105 Matth.
3644 4065 3721 4119 ιν,
3752 4051 3811 4105 2.
3852 4050 3895 4085 δε

499 4125 644 4181 ibid.
676 4126 709 4179 3
741 4141 873 4196 sqq.
906 4124 951 4159 ⁸ο
974 4125 1110 4179 Luc.
1135 4141 1253 4179 vm.
1282 4125 1371 4179 30.
1401 4125 1446 4159 ⁸ο
1473 4124 1668 4179 Matth.
1704 4142 1778 4191 Ix,
1813 4126 1899 4179 35.
1933 4126 1977 4159 ει
2012 4123 2143 4179 Psal

2284 4124 2334 4177 1.
2362 4124 2407 4156 ⁸²
2436 4126 2574 4176 Gen.
2611 4139 2689 4190 III,
2721 4122 2809 4175 24.

503 4218 722 4297 Χριστῷ
754 4221 1133 4294 ἀρνουμένους.
1158 4221 1287 4277 Hazc
1311 4222 1591 4276 adversus
1619 4222 1923 4297 haereticos
1954 4244 1981 4270 ‹‹
2014 4221 2139 4297 gla-

502 4293 635 4350 dius
664 4293 804 4349 sunt
835 4299 1076 4362 utraque
1103 4298 1264 4363 parte
1294 4299 1500 4347 acutus
1526 4311 1577 4360 ;ι
1619 4295 1736 4347 haec
1760 4293 1915 4348 enim
1945 4295 2142 4359 verba,

509 4389 529 4415 ι
566 4382 750 4419 unum
782 4382 849 4420 ex
879 4364 1239 4431 ambobus,»
1266 4364 1613 4429 Nestoriani,
1650 4365 1748 4434 qui
1780 4381 1961 4418 unum
1985 4363 2145 4418 Chri-

506 4440 665 4508 stum
696 4436 754 4489 in
774 4436 1274 4508 duashypostases
1303 4436 1885 4502 dividunt,leliferam
1913 4436 2143 4508 plagam

503 4507 799 4578 inﬂigunt.
834 4506 936 4560 Illa
968 4506 1183 4575 autem,
1210 4530 1237 4555 ‹‹
1266 4525 1366 4578 per
1388 4524 1570 4561 unum
1603 4508 1797 4572 ambo,
1823 4528 1850 4555 ››
1884 4507 2143 4561 Severia-

505 4595 613 4633 nos
644 4594 879 4633 rursum
911 4578 1008 4649 qui
1042 4580 1188 4633 duas
1236 4579 1292 4631 in
1338 4578 1565 4632 Christo
1608 4583 1849 4633 naturas
1907 4584 2141 4649 negant,

503 4664 717 4721 easque
749 4650 806 4703 in
831 4666 1007 4704 unam
1030 4656 1301 4705 naturam
1333 4649 1707 4717 contrahunt,
1740 4650 1999 4718 aliosque
2030 4666 2143 4703 non

499 4720 722 4797 paucos
744 4720 983 4797 feriunt.

571 4795 654 4866 (1)
712 4791 1021 4866 Ἀνεκράθη.
1085 4796 1310 4866 Κφᾶσις,
1371 4789 1674 4866 ἀνάκρασις,
1764 4808 1869 4866 vox
1919 4791 2147 4866 puum-

497 4863 611 4921 lica
630 4863 699 4937 'in
716 4863 991 4937 Gregorio
1023 4871 1109 4918 est
1130 4863 1522 4937 l‘requensEa
1539 4864 1874 4937 tamenabu
1885 4863 1931 4916 si
1950 4868 2145 4937 postea

498 4936 777 4993 haeretici.
812 4933 1030 4991 Idcirco
1060 4936 1272 5005 rejects.
1302 4939 1389 4987 est
1416 4936 1471 4988 in
1504 4933 1709 4988 concil.
1732 4934 2142 4989 Chalced.Act.

499 5026 555 5072 ν,
587 5009 675 5063 ed.
712 5009 850 5063 Lab.
882 5025 921 5061 1.
954 5006 1050 5060 1V.
1080 5024 1134 5078 p.
1162 5007 1291 5060 565.
1323 5006 1461 5060 Vide
1518 5005 1733 5070 Petav.,
1793 5008 1921 5074 Dog.
1955 5006 2142 5073 theol.,

499 5083 542 5133 t.
581 5080 670 5145 1V,
701 5080 804 5133 lib.
841 5096 921 5134 IIl.
956 5078 1090 5132 n.8.

572 5151 649 5217 (2)
669 5147 767 5202 Καὶ
797 5149 994 5215 πάντα,
1053 5153 1160 5204 etc.
1194 5148 1289 5203 Sic
1320 5163 1519 5203 omnes
1574 5147 1688 5201 fere
1719 5147 1984 5201 codices:
2018 5170 2043 5195 ‹‹
2067 5152 2147 5201 at-

505 5234 617 5289 que
651 5219 714 5273 in
746 5236 932 5275 unum
966 5221 1279 5292 omniapro
1306 5220 1581 5273 omnibus
1611 5221 1666 5272 et
1698 5235 1799 5288 pro
1831 5224 2149 5289 unoproto-

507 5295 745 5361 parente
777 5292 1061 5361 coierunt.
1088 5314 1109 5340 1

575 5360 957 5435 _(_3_)K9£i11tov.
992 5366 1081 5435 Ita
1098 5361 1353 5435 codices.
1389 5383 1409 5410 ι
1463 5359 1685 5416 Fortior
1740 5364 1998 5433 peccato,
2035 5385 2055 5412 υ
2086 5364 2150 5415 ut

504 5431 908 5487 Billi‘us'vertit
935 5435 994 5489 in
1026 5433 1168 5488 Elia.

575 5505 650 5574 (4)
672 5500 985 5572 Ἀντεδὸθη.
1020 5528 1046 5553 ‹‹
1080 5504 1432 5574 Repensum,
1466 5525 1493 5554 »
1545 5503 1712 5574 quasi
1747 5525 1773 5552 ‹‹
1809 5520 2148 5573 compensa-

502 5575 682 5641 tione,
713 5577 895 5646 pretio
956 5580 1011 5631 et
1068 5574 1513 5645 permutatione.
1552 5597 1577 5624 ››
1604 5576 1791 5631 Petav.
1828 5576 1900 5630 De
1931 5577 2147 5630 Incarn.

502 5648 547 5703 I.
577 5664 656 5703 xv.
698 5663 821 5717 cap.
859 5649 943 5715 15,
978 5664 1032 5701 n.
1067 5647 1121 5699 2.

576 5720 653 5791 (5)
684 5715 956 5792 γέννησις.
989 5718 1072 5772 Ita
1100 5715 1361 5792 quinque
1384 5716 1582 5792 Regg.,
1607 5722 1825 5788 septem
1859 5718 2041 5792 Colb.,

506 5785 606 5848 Or'.
650 5785 706 5863 1,
735 5785 880 5856 Jes‘.,
913 5792 1022 5845 etc.
1057 5809 1084 5838 ‹‹
1117 5785 1327 5847 Γένεσις
1357 5785 1696 5859 quidém,ea
1726 5794 1814 5844 est
1846 5790 2021 5859 lictio,
2041 5811 2067 5838 ››
2086 5793 2153 5844 ut

2255 4220 2336 4276 ait
2363 4219 2537 4287 Elias,
2577 4238 2598 4265 ι
2628 4235 2753 4289 quae
2785 4235 2852 4273 ex
2898 4218 3042 4292 Deo_
3070 4217 3325 4288 primum
3378 4217 3588 4292 fluxit:
3654 4217 3897 4292 γέννησις

2255 4308 2409 4356 vero,
2444 4288 2760 4345 nostraest
2790 4289 3227 4360 generatio,qua
3256 4304 3359 4359 per
3390 4288 3595 4344 mortis
3626 4288 3897 4344 condent—

2258 4364 2551 4418 nationem
2582 4361 2679 4416 alii
2711 4379 2774 4415 ex
2809 4360 2939 4415 aliis
2969 4362 3310 4431 gignuntur.
3336 4381 3364 4409 ››

2327 4434 2404 4502 (6)
2461 4432 2618 4503 Ὑπὲρ
2676 4436 2782 4484 τῶν
2874 4429 3126 4503 μεγάλων
3184 4430 3273 4483 καὶ
3330 4429 3741 4504 κρυπτομένων.
3800 4432 3902 4487 His

2255 4506 2467 4568 verbis,
2502 4505 2547 4559 si
2583 4505 2712 4559 Elim
2741 4505 2903 4574 ﬁdes,
2939 4521 3106 4559 suam
3146 4504 3215 4558 de
3249 4503 3519 4575 paradiso
3551 4504 3898 4559 sententiam

2257 4575 2567 4631 Gregorius
2600 4576 2833 4630 indicat.

2328 4644 2407 4715 (7)
2435 4645 2615 4715 Δόξαν.
2651 4670 2678 4697 ‹‹
2715 4646 2992 4702 Gloriam.
3029 4670 3055 4696 ››
3089 4644 3285 4701 Malim
3307 4661 3438 4700 cum
3460 4650 3722 4715 Erasmo,
3747 4646 3903 4701 «cla-

2254 4718 2507 4774 ritatem.
2545 4741 2572 4767 ››

2325 4792 2400 4859 (8)
2433 4788 3122 4861 Νικήσανταηγῐῐειράζονγτα
3164 4787 3381 4861 habent
3428 4786 3689 4861 quinque
3720 4788 3900 4861 Regg.

2254 4858 2444 4928 codd.,
2479 4860 2653 4916 Cois].
2692 4864 2740 4928 1,
2775 4858 2933 4915 Pass.
2968 4860 3124 4915 Colb.
3157 4860 3209 4925 8,
3244 4864 3360 4913 tres
3393 4858 3512 4923 alii,
3536 4863 3592 4913 et
3618 4859 3711 4912 Or.
3748 4858 3901 4927 1,7ud

2252 4934 2597 5003 marginem.

2323 4999 2532 5075 (9)Τοῦ
2564 5000 2770 5075 ξύλου.Δ
2796 5003 2901 5053 Τοῦ
2949 5002 3111 5055 deest
3139 5000 3198 5053 in
3250 4999 3389 5069 Reg.
3451 5015 3502 5069 a,
3539 5000 3635 5054 Or.
3672 5000 3723 5069 1,
3756 5000 3909 5055 sicut

2255 5080 2312 5131 et
2331 5070 2598 5146 ’τῆςιιῐιῒε⁸
2619 5070 2823 5146 χειρός.

2342 5092 2586 5141 necante
2663 5092 2823 5146 ειρος.

2327 5149 2440 5213 (10)
2471 5092 2845 5210 Ἐκϐἔλοῦσης
2880 5144 3014 5213 Reg.
3043 5146 3083 5205 t,
3126 5133 3525 5207 ἐκϐαλλούσης.

2328 5219 2439 5283 (11)
2474 5217 2684 5289 Πέρατα
2715 5213 3098 5289 θ’κειούμεναι.
3135 5235 3161 5289 ε(
3191 5214 3458 5267 Extrema
3489 5229 3732 5289 quaeque
3774 5228 3903 5289 con-

2257 5289 2475 5344 ciliant.
2514 5284 2766 5359 n'Neque
2792 5286 2944 5359 enim
2983 5301 3049 5338 ea
3070 5284 3283 5359 solum.
3309 5306 3345 5359 _«
3394 5300 3518 5359 quae,
3560 5285 3616 5336 in
3652 5285 3906 5359 terris,»

2259 5362 2357 5416 sed
2391 5366 2447 5415 et
2479 5380 2505 5412 α
2537 5354 2752 5429 (μυοίη
2777 5357 2936 5412 caelis
2960 5354 3455 5429 suntaChristus
3483 5356 3542 5409 in
3578 5371 3641 5409 se
3669 5356 3826 5409 velut
3847 5356 3905 5410 in

2258 5431 2442 5498 capite
2467 5426 2745 5486 adnnavit
2775 5430 2989 5498 (Ephes.
3027 5444 3064 5489 I,
3102 5426 3210 5495 10).

2355 5504 2441 5573 12)
2471 5502 2567 5556 Καὶ
2601 5498 2771 5576 χολή.
2808 5495 2899 5555 Sic
2932 5514 3133 5553 novem
3169 5502 3369 5568 Hegg.,
3402 5495 3520 5551 Col.
3554 5502 3693 5566 tres,
3727 5497 3821 5554 Or.
3861 5500 3906 5567 1,,

2259 5575 2416 5629 Pass.

2331 5645 2442 5717 (13)
2476 5647 2581 5696 T06
2606 5715 2614 5717 Α
2639 5644 2881 5717 πονηροῦ
2937 5640 3185 5717 κράτους.
3221 5662 3249 5691 ‹‹
3308 5638 3522 5695 Contra
3578 5640 3842 5714 maligni,
3882 5661 3909 5689 »

2260 5713 2468 5787 nempe
2503 5737 2531 5767 ‹‹
2562 5713 3142 5785 diaboli'imperium.
3178 5733 3207 5762 »
