4152 6286
197 401 315 462 435

1434 396 1495 457 S.
1547 396 1917 457 GREGORII
1962 396 2354 458 THEOLOGI

3479 400 3598 460 436

200 547 344 587 rona
365 531 644 587 adversus
673 545 914 598 pravum
934 528 1265 601 imperium,
1297 532 1352 583 et
1375 545 1531 583 mors
1566 529 1840 582 adversus

1978 526 2041 580 ιαὶ
2073 528 2213 597 ταφή
2242 529 2376 581 κατὰ
2404 534 2501 596 τῆς
2533 527 2609 588 είς
2639 533 2742 600 γῆν
2776 528 3144 604 ἀποστροφῆς,
3173 527 3262 581 καὶ
3317 529 3599 592 ἀνάστασις

200 624 533 688 mortem,et
564 620 812 672 tenebrae
844 618 1314 689 proglerlumen,
1337 621 1392 671 et
1422 617 1720 686 sepultura
1745 619 1842 670 tul-

1957 615 2086 687 ὁπὶρ
2115 622 2213 682 τῆς
2253 615 2588 676 ἀναστάσεως
2634 618 2769 688 (14).
2820 619 2995 669 Ταῦτα
3042 617 3214 670 πάντα
3256 615 3599 692 παιδαγωγία

197 726 404 765 versus
435 707 596 762 illam
629 707 685 760 in
721 713 932 761 terram
957 708 1368 774 reversionem,
1409 712 1466 762 et
1497 707 1845 761 resurrectio

1978 724 2036 765 τις
2067 707 2129 772 ῆν
2163 703 2286 779 περί
2324 707 2463 776 ἡμᾶς
2493 710 2588 759 τοῦ
2616 709 2769 777 Θεοῦ,
2800 704 2890 758 καὶ
2927 711 3028 772 τῆς
3077 705 3344 766 ἀσθενείας
3394 705 3597 780 ἰατρεία

201 801 437 870 propter
465 796 969 851 resurrectionem.
1021 797 1149 851 Haec
1180 797 1377 850 omnia
1409 795 1612 850 divina:
1647 797 1846 866 cujus-

204 887 339 941 dam
373 901 508 957 erga
530 901 636 940 nos
665 883 988 956 disciplina
1012 884 1135 939 loco
1158 888 1341 951 erant,
1375 884 1849 954 inﬁrmitatisque

205 978 414 1030 nostra
445 972 602 1028 velut
633 973 921 1029 medicina
951 974 1240 1044 quasdam,
1272 978 1524 1028 veterem
1558 973 1848 1027 Adamum

201 1081 289 1132 eo,
324 1063 479 1119 unde
508 1062 819 1131 exciderat,
854 1063 1160 1128 reducens,
1219 1066 1274 1118 et
1322 1062 1394 1117 ad
1439 1061 1583 1116 illud
1615 1062 1746 1116 vitae
1774 1061 1849 1115 li-

201 1168 384 1225 gnum
413 1151 770 1221 adducens,a
789 1168 904 1222 quo
919 1152 1171 1207 scientias
1194 1151 1420 1223 lignum
1446 1151 1850 1222 intempestive

202 1245 376 1314 atque
403 1240 774 1295 incommode
805 1245 1142 1312 perceptum
1178 1257 1283 1295 nos
1314 1243 1652 1295 removerat.

270 1383 466 1440 XXVI.
495 1385 572 1439 Ac
603 1401 710 1440 nos
740 1385 918 1456 hujus
962 1384 1262 1441 medicinas
1303 1383 1567 1439 ministri
1598 1387 1653 1438 et
1683 1384 1847 1454 adju-

199 1478 354 1530 tores
406 1490 615 1529 sumus
647 1474 713 1540 ⁸³,
743 1474 1096 1546 quicumque
1147 1473 1278 1528 aliis
1297 1471 1850 1544 praasidemuszqui-

200 1565 330 1632 bus,
365 1579 498 1617 cum
533 1578 810 1634 magnum
844 1567 1017 1632 atque
1052 1562 1312 1634 amplum
1347 1563 1423 1616 sit
1454 1561 1686 1633 propria
1715 1559 1852 1614 vitia

202 1652 550 1721 morbosque
581 1651 930 1723 perspicere,
964 1651 1155 1721 iisque
1207 1651 1449 1717 mederi,
1514 1666 1850 1721 quanquam

203 1740 465 1795 nondum
487 1739 544 1793 id
591 1756 869 1811 magnum
914 1740 1137 1794 censeri
1169 1740 1377 1806 debet;
1411 1755 1605 1794 verum
1639 1737 1852 1793 multo-

206 1843 336 1883 rum
361 1828 538 1899 hujus
569 1828 792 1883 ordinis
823 1828 1131 1883 hominum
1163 1827 1529 1899 improbitas,
1564 1832 1628 1882 ut
1655 1827 1738 1880 ita
1769 1825 1852 1881 lo-

1957 795 2052 861 τῆς
2095 795 2385 867 ἡμετέρας,
2417 794 2504 848 τὸν
2551 793 2782 848 παλαιὸν
2818 790 2994 865 Ἀδὰμ
3043 793 3161 857 ὅθεν
3212 794 3448 864 ἐξέπεσεν
3502 795 3594 851 ἐπ-

1957 881 2245 956 ανάγουσα,
2277 883 2364 937 καὶ
2390 887 2468 952 τῷ
2509 880 2655 954 ξύλῳ
2701 889 2799 952 τῆς
2852 887 2995 951 ζωῆς
3036 884 3399 959 προσάγουσα,
3433 885 3495 938 οὖ
3533 886 3596 940 τὸ

1957 970 2116 1043 ξύλον
2167 974 2315 1042 ἡμᾶς
2364 979 2461 1040 τῆς
2509 972 2780 1046 γνώσεως,
2815 971 2876 1025 οὐ
2921 971 3057 1026 κατὰ
3091 973 3302 1048 καιρὸν,
3334 971 3446 1028 οὐδ’
3487 973 3600 1028 επι-

1958 1081 2022 1130 τη
2034 1056 2188 1121 δείως
2223 1062 2562 1138 μεταληφθὶν
2575 1107 2589 1130 ,
2619 1058 2982 1137 ἠλλοτρίωσε.

2031 1387 2136 1451 KC.
2168 1384 2374 1454 Ταύτης
2432 1385 2595 1454 ἡμεῖς
2655 1385 2751 1450 τῆς
2825 1383 3105 1457 θεραπείας
3184 1380 3444 1459 ὑπηρέται
3514 1381 3604 1438 καὶ

1961 1471 2231 1547 συνεργοὶ,
2266 1471 2385 1526 ὅσοι
2432 1477 2539 1526 τῶν
2587 1470 2771 1526 ἄλλων
2818 1472 3284 1548 πφοκαθεζόμεθα·
3339 1471 3418 1534 οἷς
3471 1472 3608 1547 μέγα

1965 1561 2056 1632 μὲν
2088 1562 2148 1614 τὸ
2179 1563 2243 1614 τὰ
2275 1557 2385 1615 ἷίδια
2415 1562 2556 1630 πάθη
2591 1560 2680 1613 καὶ
2741 1559 3142 1635 ἀρρωστήματα
3189 1560 3276 1615 καὶ
3325 1561 3606 1636 γινώσκειν

1961 1649 2049 1703 καὶ
2110 1650 2443 1724 θεραπεύειν·
2489 1647 2699 1721 μᾶλλον
2753 1647 2810 1703 δὲ
2859 1646 3011 1703 οὔπω
3064 1648 3218 1725 μέγα,
3249 1647 3395 1718 πλὴν
3444 1653 3604 1704 τοῦτο

1964 1735 2135 1812 λέγειν
2169 1740 2315 1810 ἡμᾶς
2347 1741 2380 1806 ἡ
2411 1743 2516 1792 τῶν
2560 1735 2785 1792 πολλῶν
2837 1737 2996 1792 κακία
3043 1738 3328 1809 πεποίηκε,
3360 1743 3464 1793 τῶν
3518 1738 3607 1794 ἐπὶ

1959 1826 2159 1893 ταύτης
2193 1823 2359 1880 ὄντων
2392 1833 2490 1895 τῆς
2522 1825 2736 1896 τάξεως’
2771 1825 2968 1898 πολλῷ
2999 1824 3055 1880 δὲ
3089 1832 3270 1899 μεῖζον
3298 1829 3359 1883 τὸ
3404 1828 3471 1882 τὰ
3499 1831 3603 1883 τῶν

206 1933 537 1988 queremur,
570 1917 759 1972 effecit
783 1934 796 1985 ;
823 1916 1009 1971 multo
1061 1920 1257 1970 tamen
1301 1918 1493 1987 majus
1526 1922 1583 1971 et
1615 1914 1855 1986 praecla-

1978 1913 2147 1970 ἱλλων
2211 1914 2384 1978 ίᾶσθαι
2437 1911 2687 1978 δύνασθαι
2737 1913 2825 1969 καὶ
2877 1915 3244 1989 ἀνακαθαίρειν
3305 1916 3606 1989 ἐπιστημό-

205 2005 332 2061 rius
367 2010 455 2061 est
485 2005 732 2061 aliorum
766 2006 1000 2060 morbos
1024 2020 1247 2072 curare,
1282 2022 1346 2060 ac
1371 2005 1514 2060 scite
1546 2021 1860 2076 repurgare

208 2111 399 2166 posse,
424 2099 598 2166 atque
628 2099 692 2150 ut
721 2095 982 2164 utrisque
1013 2095 1154 2149 utile
1186 2094 1280 2160 sit,
1315 2111 1522 2164 nempe
1544 2098 1598 2147 et
1629 2092 1722 2160 iis,
1756 2095 1857 2164 qui

208 2183 505 2240 curatione
529 2184 809 2256 indigent,
842 2187 900 2239 et
929 2183 1021 2251 iis,
1074 2183 1169 2255 qui
1231 2183 1502 2238 medendi
1551 2183 1856 2238 scientiam

205 2273 572 2343 proﬁtentur.

281 2414 504 2470 XXVII.
531 2415 692 2470 Itane
725 2419 922 2470 autem
980 2431 1289 2486 corporum
1342 2414 1551 2469 medici
1608 2415 1857 2478 labores,

214 2505 272 2559 et
292 2503 541 2574 vigilias,
574 2507 631 2557 et
662 2519 854 2568 curas,
887 2519 1035 2573 quas
1069 2520 1236 2557 nemo
1268 2503 1519 2573 ignorat,
1553 2505 1858 2570 subibunt,

213 2595 387 2662 atque
425 2607 494 2646 ex
525 2591 731 2646 alienis
754 2590 1280 2660 calamitatibus,ut
1304 2591 1542 2662 quidam
1576 2592 1858 2663 exiis,qui

216 2682 370 2751 apud
402 2678 537 2734 illos
569 2679 862 2750 sapientes
884 2679 1067 2734 habiti
1104 2683 1260 2749 sunt,
1295 2680 1709 2750 pronuntiavit,
1737 2697 1863 2752 pro-

217 2768 378 2840 prios
409 2785 683 2823 mcerores
715 2773 988 2839 carpent;
1016 2772 1188 2838 atque
1211 2767 1324 2822 alia
1354 2769 1588 2838 quidem
1622 2769 1732 2840 ipsi
1757 2786 1862 2824 suo

215 2856 417 2911 labore
449 2856 867 2928 investigantes
900 2861 955 2911 et
984 2856 1349 2928 indagantes,
1398 2856 1510 2911 alia
1569 2862 1761 2912 autem
1792 2859 1862 2912 ab

218 2944 348 3001 aliis
381 2949 754 3017 corrogantes
791 2950 846 2999 et
876 2945 1232 3015 colligentes,
1266 2945 1494 3017 aegrotis
1526 2947 1861 3017 porrigant;

219 3049 326 3090 nec
359 3034 682 3105 quidquam
699 3038 818 3088 tam
843 3050 1084 3104 parvum
1105 3034 1335 3104 abipsis
1364 3034 1450 3089 vel
1478 3037 1864 3106 excogitatum

217 3123 306 3178 vel
333 3123 790 3193 praetermissum
823 3127 929 3186 est,
961 3123 1135 3176 etiam
1169 3123 1216 3177 si
1252 3123 1564 3178 minimum
1596 3123 1742 3180 illud
1766 3126 1863 3194 sit,

219 3213 372 3282 quod
396 3228 511 3265 non
544 3227 844 3281 magnum,
867 3211 953 3265 vel
986 3212 1056 3266 ad
1097 3211 1367 3279 salutem,
1399 3212 1485 3267 vel
1534 3214 1603 3267 ad
1635 3215 1861 3284 pericu-

218 3299 342 3354 lum
395 3303 755 3353 momentum
814 3299 1026 3354 habere
1083 3305 1390 3355 censeatur
1422 3317 1435 3357 :
1470 3302 1644 3372 idque
1685 3319 1859 3372 quam

213 3388 453 3443 tandem
485 3388 556 3442 ob
589 3403 825 3442 causam
846 3388 950 3442 ‘Iut
972 3388 1144 3443 homo
1179 3388 1446 3459 pluribus
1476 3390 1535 3443 in
1566 3394 1722 3444 terra
1739 3391 1860 3445 die-

212 3477 323 3531 bus
353 3476 526 3540 vivat,
561 3480 733 3545 atque
763 3475 855 3530 hic
901 3493 966 3529 ne
1018 3478 1236 3546 probus
1293 3478 1530 3547 quidem
1592 3480 1858 3546 fortasse,

210 3565 312 3620 sed
344 3564 639 3635 pessimus
671 3569 727 3618 et
758 3562 1270 3634 sceleratissimus,
1305 3565 1419 3634 cui,
1453 3569 1655 3635 utpote
1688 3567 1859 3633 malo,

201 3653 559 3724 jampridem
591 3667 619 3708 e
651 3652 793 3706 vivis
834 3653 1152 3707 excessisse
1211 3653 1457 3707 fortasse
1489 3653 1694 3708 utilius
1740 3655 1859 3709 fue-

208 3745 320 3807 rat,
354 3744 419 3810 ut
447 3739 608 3806 vitio,
645 3740 846 3795 morbo
879 3740 1144 3795 omnium
1179 3741 1452 3805 maximo,
1496 3740 1858 3798 liberaretur.

207 3831 397 3899 Atque
429 3833 494 3884 ut
514 3829 764 3900 probum
793 3829 1224 3900 honestumque
1255 3845 1382 3885 esse
1424 3830 1652 3896 demus,
1677 3847 1860 3902 quan-

210 3917 312 3973 diu
345 3919 446 3975 26
477 3919 712 3974 tandem
765 3917 1034 3974 victuro?
1076 3918 1430 3988 semperne?
1469 3923 1571 3973 aut
1623 3920 1760 3990 quid
1796 3935 1862 3974 ex

279 4060 300 4096 °
333 4060 354 4115 Ι
387 4063 512 4114 Cor.
548 4077 624 4130 Iv,
658 4060 718 4127 1;
755 4060 775 4114 Ι
802 4063 926 4114 Cor.
962 4076 1046 4126 III,
1076 4059 1130 4113 9.

444 4200 601 4288 Ὑπὶρ
679 4206 779 4288 τῆς
852 4199 1206 4288 ἀναστάσεως.
1269 4203 1590 4288 Sancig.”«
1650 4205 1864 4288 Resur:

215 4273 399 4346 rectio
437 4273 671 4344 propter
703 4273 1212 4341 insurrectionem,
1249 4273 1471 4345 nquasi
1489 4275 1545 4329 id
1578 4278 1866 4346 pertineat

221 4345 294 4400 ad
323 4345 611 4398 Adamum
645 4348 844 4416 contra
875 4352 1054 4399 Deum
1115 4346 1538 4416 insurgentem.
1581 4345 1730 4410 ’Quaa
1772 4366 1865 4403 se-

216 4421 497 4488 quuntur,
529 4416 609 4469 ita
629 4415 845 4488 (extulit
898 4416 1264 4488 Augustinus
1294 4415 1380 4471 ’De
1416 4435 1540 4473 vera
1569 4421 1862 4488 religione,

216 4486 383 4543 num.
417 4487 487 4540 32
518 4505 533 4564 ξ
568 4509 594 4568 ε(
621 4487 768 4540 Tota
791 4486 912 4570 vita
943 4490 1070 4570 ejus
1105 4487 1363 4570 interris
1390 4506 1494 4570 per
1544 4486 1864 4557 hominem,

262 4574 394 4632 uem
428 4558 724 4628 suscipere
775 4558 1054 4628 dignatus
1103 4563 1209 4624 est,
1270 4558 1577 4632 disciplina
1635 4579 1864 4618 morum

242 4631 352 4685 'uit.
388 4651 416 4678 ››

284 4699 524 4774 (15)
570 4696 638 4774 Δίὶὶν
683 4698 1014 4774 ἀμφοτέροις
1044 4696 1410 4774 -λυσιτελοίγμ
1473 4724 1500 4750 ‹‹
1559 4702 1630 4757 Ut
1691 4705 1866 4760 utris-

216 4770 330 4844 que
363 4770 502 4844 utile
535 4770 628 4824 sit.
657 4790 683 4821 ιι
723 4770 1178 4844 ῐξὲθοοὶειιοᾶᾼΕΙὶιε
1221 4772 1288 4844 in
1349 4772 1498 4826 hanc
1533 4790 1652 4827 rem
1695 4778 1869 4831 verba

206 4842 375 4915 juvat
403 4843 634 4898 referre.
671 4865 697 4891 «
730 4843 874 4906 Quin
911 4859 981 4896 ne
1012 4842 1103 4897 his
1133 4843 1392 4914 quidem,
1441 4844 1540 4913 qui
1572 4862 1685 4899 non
1719 4852 1868 4902 totos

217 4931 277 4971 se
308 4915 466 4985 ipsos
503 4915 612 4968 Deo
645 4919 1081 4979 consecrarunt,
1117 4931 1221 4968 nec
1257 4915 1448 4969 carnis
1490 4916 1758 4971 affectum
1779 4933 1869 4972 ex-

215 4987 567 5052 stinxerunt,
606 5002 671 5040 ac
703 4985 880 5039 divini
916 4986 1131 5057 amoris
1161 4985 1294 5056 igne
1325 4987 1669 5057 dellagrant,
1708 4989 1868 5044 utilis

215 5062 304 5113 est
332 5057 580 5110 aliorum
613 5056 1194 5112 curatio.Periculum
1219 5058 1374 5112 enim
1398 5056 1504 5120 est,
1532 5075 1600 5112 ne
1635 5076 1767 5114 cum
1790 5061 1867 5115 fe-

215 5145 360 5184 num
386 5127 523 5195 sint,
561 5145 660 5197 per
699 5129 971 5183 vitiorum
1031 5129 1313 5198 ejus,_cui
1375 5130 1724 5184 medicinam
1784 5132 1865 5186 fa-

214 5202 396 5262 ciunt,
427 5199 913 5265 recordationem,
950 5200 1435 5270 concupiscentiae
1492 5202 1770 5256 carbones
1801 5203 1860 5258 in

215 5287 275 5328 se
306 5271 449 5342 ipsis
482 5272 820 5337 accendant,
863 5275 1040 5342 atque
1079 5272 1137 5326 in
1189 5272 1436 5326 ﬂammea
1470 5288 1671 5327 eorum
1733 5275 1865 5343 igne

215 5345 653 5400 comburantur.
688 5343 816 5397 Haec
847 5343 1520 5414 sunt,quaasigniﬁcavit,
1538 5361 1672 5398 cum
1690 5345 1860 5402 dixit:

216 5438 243 5465 «
278 5420 341 5469 ut
365 5414 629 5484 utrisque
665 5414 803 5469 utile
836 5415 1026 5468 fuerit.
1055 5437 1074 5464 ι

284 5488 396 5554 (16)
423 5485 904 5566 βεττιστευμένοις.
931 5508 958 5535 ››
982 5486 1203 5549 Quibus
1231 5485 1378 5541 alios
1428 5486 1670 5541 curandi
1715 5505 1864 5544 onus

223 5573 626 5612 COIDIDISSUID.
662 5579 688 5606 ›)

320 5629 404 5684 17)
435 5625 585 5680 Εἶτα.
622 5649 645 5677 «
673 5627 912 5684 Deinde.
945 5650 972 5678 »

320 5630 382 5684 17
435 5630 585 5680 Εἶτα.
622 5649 645 5677 (ι
673 5630 912 5684 Deinde.
945 5650 972 5678 ››

289 5630 510 5771 (18⁷1⁸ος
543 5693 642 5772 ἔφη
674 5717 777 5759 τις.
829 5700 882 5754 Is
911 5703 1002 5754 est
1048 5702 1248 5755 auctor
1301 5698 1434 5754 libri
1501 5700 1598 5769 qui
1654 5699 1863 5757 inscri-

1965 2023 2088 2076 νως,
2120 2003 2208 2057 καὶ
2265 2003 2338 2064 ὡς
2399 2003 2457 2058 ἂν
2508 2002 2838 2080 ἀμφοτέροις
2867 2002 3177 2074 Αυσιτελοίη
3215 2007 3348 2079 (15),
3377 2011 3494 2068 τοῖς
3551 2027 3611 2061 τε

1963 2095 2062 2161 τῆς
2111 2092 2390 2167 θεραπείας
2424 2092 2688 2167 χρῄζουσι
2719 2091 2807 2146 καὶ
2856 2097 2970 2154 τοῖς
3017 2092 3274 2168 ἰατρεύειν
3329 2114 3610 2149 πεπιστευ-

1971 2179 2151 2254 μένοις
2183 2183 2314 2254 (16).

2039 2414 2158 2468 ΚΖ’.
2193 2413 2322 2467 Εἶτα
2379 2414 2493 2484 (17)
2543 2413 2595 2466 οἱ
2656 2413 2749 2484 μὲν
2805 2416 2910 2467 τῶν
2967 2411 3234 2484 σωμάτων
3292 2414 3610 2490 θεραπευταὶ

1966 2500 2162 2561 πόνους
2217 2521 2276 2555 τε
2331 2500 2420 2555 καὶ
2481 2500 2768 2575 ἀγρυπνίας
2825 2501 2914 2554 καὶ
2973 2498 3278 2576 φροντίδας,
3312 2501 3374 2564 ἃς
3433 2501 3610 2576 ἴσμεν,

1968 2588 2163 2658 ἕξουσι·
2196 2591 2283 2644 καὶ
2342 2590 2404 2643 τὸ
2455 2588 2537 2643 ἐπ’
2567 2587 2884 2664 ἀλλοτρίαις
2928 2597 3232 2668 συμφοριῖς
3284 2589 3423 2654 ἰδίας
3480 2614 3610 2667 καρ-

1968 2684 2200 2741 ποῦσθαι
2258 2676 2454 2745 λύπας,
2498 2679 2570 2739 ὡς
2627 2677 2726 2756 ἔφη
2788 2699 2870 2740 τις
2901 2681 3012 2751 (18)
3069 2684 3174 2733 τῶν
3230 2682 3356 2754 παρ’
3387 2679 3611 2744 ἐκείνοις

1972 2772 2172 2844 σοφῶν
2205 2767 2292 2821 καὶ
2341 2769 2408 2820 τὰ
2462 2767 2554 2838 μὶν
2597 2766 2748 2821 αὐτοὶ
2801 2769 3130 2842 μοχθοῦντες
3164 2771 3274 2841 (19)
3330 2769 3418 2822 καὶ
3468 2769 3614 2823 ἀνευ-

1974 2857 2266 2931 ρίσκοντες,
2301 2856 2364 2910 τὰ
2415 2853 2471 2909 δὲ
2520 2857 2643 2932 παρ’
2696 2853 2880 2909 ἄλλων
2932 2855 3298 2930 ὲρανιζόμενοι
3350 2857 3439 2911 καὶ
3491 2879 3613 2912 συν-

1973 2945 2305 3022 εισφέροντες
2349 2947 2460 3018 (20)
2490 2943 2838 3020 προσοίσουσι
2885 2950 2999 3005 τοῖς
3049 2943 3348 3018 δεομένοις·
3380 2945 3469 3000 καὶ
3520 2945 3614 3001 οὖ-

1975 3031 2058 3088 δὶν
2108 3034 2248 3088 οὕτω
2303 3035 2492 3110 μικρὸν
2538 3033 2720 3094 αὐτοῖς
2767 3033 2799 3101 ἢ
2860 3032 3064 3105 εὑρεθὲν
3101 3035 3134 3102 ἢ
3178 3032 3462 3112 διαφυγὸν,
3495 3031 3618 3090 οὐδὲ

1972 3127 2078 3178 τῶν
2111 3122 2435 3197 ἐλαχίσνων,
2470 3123 2542 3184 ὡς
2580 3123 2655 3194 μή
2693 3122 2827 3197 μέγα
2850 3121 2984 3196 πρὸς
3015 3123 3112 3190 τήν
3145 3125 3240 3191 τῆς
3277 3123 3476 3198 ὑγιείας
3506 3127 3617 3198 (21)

1978 3212 2172 3287 ῥοπὴν,
2203 3213 2236 3279 ἢ
2266 3217 2361 3266 τοῦ
2410 3209 2660 3265 κινδύνου
2710 3210 3017 3264 τούναντίον
3067 3209 3452 3288 ὑποληφθῆναι
3483 3215 3615 3285 (22)’

1921 3304 1934 3326 ⁴
1973 3300 2060 3353 καὶ
2117 3305 2282 3353 ταῦτα
2332 3300 2461 3375 ὑπὲρ
2504 3300 2690 3367 τίνος;
2731 3295 2805 3351 ’ίν’
2843 3296 3124 3370 ἄνθρωπος
3189 3302 3322 3372 ζήσῃ
3394 3299 3617 3360 πλείους

1968 3387 2062 3448 τὰς
2113 3386 2198 3441 ἰπὶ
2250 3395 2349 3462 γῆν
2382 3385 2747 3459 (23)ἡμέρας,
2779 3385 2868 3438 καὶ
2917 3386 3072 3446 οὗτος
3125 3384 3250 3439 οὐδὲ
3296 3391 3400 3440 τῶν
3450 3385 3616 3441 ἐπιει-

1969 3479 2077 3528 κῶν
2107 3473 2253 3546 ἴσως,
2271 3474 2414 3529 ἀλλὰ
2442 3474 2530 3528 καὶ
2555 3478 2659 3527 τῶν
2690 3473 3204 3548 μοχθηροτάτων,ᾧ
3226 3475 3288 3528 τὸ
3309 3472 3478 3528 πάλαι
3504 3476 3614 3545 (24)

1968 3563 2210 3616 τεθνάναι
2261 3563 2390 3623 ἴσως
2441 3561 2657 3633 ἄμεινον
2709 3564 2795 3629 ἦν,
2829 3556 2942 3614 ὄντι
2975 3565 3144 3631 κακῷ,
3173 3559 3263 3614 ’ίνα
3305 3566 3402 3616 τοῦ
3457 3561 3613 3637 μεγί-

1969 3672 2095 3705 στου
2123 3656 2229 3705 τῶν
2263 3649 2730 3726 ἀρρωστημάτων,
2756 3657 2855 3718 τῆς
2912 3649 3101 3710 κακίας
3131 3652 3265 3723 (25),
3298 3649 3609 3726 ἀπαλλαγῇ.

1973 3740 2017 3793 εί
2045 3737 2102 3794 δὲ
2147 3739 2235 3793 καὶ
2274 3744 2382 3793 τῶν
2427 3738 2610 3794 καλῶν
2661 3737 2905 3810 θείημεν,
2939 3736 3026 3792 ἰπὶ
3070 3739 3234 3792 πόσον
3418 3741 3619 3815 βιωσο-

1977 3828 2153 3900 μένῳς
2187 3829 2278 3881 τὸν
2313 3830 2518 3881 ἅπαντα
2547 3827 2746 3903 χρόνόν
2775 3846 2788 3896 ;
2819 3829 2853 3895 ἢ
2880 3827 2932 3880 τί
2987 3834 3089 3895 τῆς
3148 3827 3367 3882 ἐνταῦθα
3425 3825 3622 3903 κερδα-

1970 3922 2147 3972 νοῦντι
2184 3922 2349 3986 ζωῆς,
2383 3920 2449 3985 ἧς
2497 3917 2558 3970 τὸ
2608 3915 2837 3985 λυθῆναι
2893 3919 3068 3984 ζητεῖν
3101 3917 3236 3989 (27),
3275 3921 3386 3971 τῶν
3437 3914 3622 3972 καλῶν

1972 4205 2189 4286 bitur}.
2222 4203 2353 4277 Περὶ
2387 4205 2590 4286 φυσῶν,
2641 4205 2720 4286 ρο
2764 4205 3011 4286 ﬂatibus,
3062 4203 3332 4286 quisquis
3381 4203 3479 4260 ille
3534 4203 3633 4259 sit,

1975 4279 2094 4332 sive
2125 4275 2526 4348 Hippdcrates,
2561 4276 2651 4348 cui
2703 4275 3002 4343 tribuitur,
3063 4277 3181 4348 sive
3241 4275 3442 4348 alius;
3494 4292 3630 4330 nam

1976 4348 2186 4403 medici
2206 4346 2444 4401 certant
2478 4347 2608 4416 quis
2638 4346 2794 4404 hunc
2827 4348 3039 4403 librum
3073 4346 3351 4402 emiserit.

2047 4420 2156 4490 (19)

1974 4510 2084 4550 τις.

2051 4561 2162 4632 (20)
2237 4560 2701 4636 Συνεισφὲροντες.
2765 4561 2942 4634 Regg.
3004 4578 3056 4628 a,
3116 4561 3172 4630 Ι),
3248 4577 3331 4631 m,
3386 4558 3542 4616 Colb.
3593 4561 3628 4612 7

2237 4419 2601 4492 Μοχθοῦντες.
2664 4419 2801 4491 Reg.
2872 4420 2908 4485 1,
2971 4423 3028 4474 et
3137 4419 3334 4473 Comb.
3392 4419 3626 4469 πονοῦν-

1901 4625 1946 4688 D
1975 4625 2100 4714 πει
2119 4625 2517 4714 ,έυιιᾶοέρρντέςῖ

2051 4706 2162 4776 (21)
2193 4702 2554 4776 Τῆς-ὑγιείας.
2617 4703 2677 4757 In
2703 4703 2841 4776 Reg.
2878 4721 2923 4772 r,
2958 4703 3121 4758 deest
3153 4708 3273 4770 τῆς.
3309 4702 3449 4774 Reg.
3483 4705 3526 4767 t,
3560 4716 3626 4755 ac

1974 4773 2090 4832 Jee.
2125 4776 2342 4848 habent
2366 4773 2565 4848 ὑγείας.

2049 4841 2834 4922 (22)'1‘no_kv,e0ﬁ_vat._Regg.
2981 4862 3146 4922 n,_r,
3207 4843 3435 4922 et_Jes.
3499 4841 3626 4922 61ch—

1979 4912 2284 4993 λεξφθῆναι.
2317 4912 2470 4973 lde'm
2501 4912 2604 4993 hu,
2637 4917 2692 4970 in
2724 4912 2842 4993 g‘aq
2894 4912 3115 4993 isprdo
3173 4915 3478 4969 verborum
3512 4931 3524 4970 :
3561 4912 3627 4967 Ἠ

1976 4984 2279 5042 τούναντίον
2308 4995 2404 5042 τοῦ
2435 4984 2684 5043 κινδύνου
2718 4984 3134 5063 ὑπολειφθῆναι.

2049 5064 2157 5130 (‘28)
2218 5060 2337 5114 Ἐπὶ
2391 5063 2512 5134 γῆν.
2571 5061 2665 5115 Sic
2726 5054 3064 5129 Regg'hu,
3157 5060 3212 5134 t,_
3259 5073 3314 5123 x,
3375 5054 3623 5134 golbert.

1979 5126 2062 5197 m,
2091 5126 2198 5187 etc.
2232 5138 2362 5188 Bas.
2401 5126 2553 5198 vero,
2607 5136 2732 5185 Par.
2785 5126 2986 5185 eti—non
3048 5127 3216 5200 pauci
3289 5127 3457 5183 codd.
3494 5126 3626 5202 ὑπὲρ

1976 5223 2159 5345 γΤ’(24)
2184 5272 2253 5326 Τὸ
2285 5271 2474 5328 πάλαι.
2503 5273 2857 5345 ,Αάάἱᾶίωυδ
2886 5269 2948 5324 τό
2986 5287 3054 5327 ex
3085 5271 3225 5345 Reg.
3260 5274 3303 5326 ι.

2069 5341 2156 5415 25)
2226 5347 2339 5412 Τῆς
2388 5344 2593 5404 κακίας.
2671 5349 2755 5398 Ita
2812 5345 2990 5415 Regg.
3052 5361 3104 5410 8.,
3158 5341 3198 5410 1,
3260 5345 3317 5397 et
3375 5341 3623 5399 Colbert.

1977 5419 2158 5556 1.(26)
2192 5485 2310 5539 Ἐπὶ
2339 5484 2528 5540 πόσον.
2565 5487 2871 5559 SicRegg.
2907 5490 2949 5559 _t,
2980 5484 3219 5559 _I,_Colb.
3256 5501 3334 5540 ω.

2045 5555 2159 5629 (27)
2192 5562 2396 5625 Ζητεῖν.
2451 5559 2558 5613 Pro
2599 5555 2922 5612 ποθεῖν-’καὶ
2977 5555 3231 5632 ἐφίεσθαι.
3266 5578 3296 5609 ιι
3325 5555 3556 5629 Optare.
3589 5578 3616 5608 »

1975 5631 2126 5685 Elias
2157 5635 2212 5684 et
2241 5627 2415 5684 Basil.
