4152 6286
420 324 541 386 437

1569 325 1863 387 ORATIO
1906 326 1983 387 II.
2015 356 2094 369 —
2121 322 2689 392 APOLOGETICA.

3709 318 3828 383 438

422 456 486 509 τὸ
516 457 733 528 πρῶτον
787 452 877 508 καὶ
927 452 1326 529 ἀσφαλέστατον
1357 457 1414 525 (2
1440 456 1492 527 “),
1526 453 1614 509 καὶ
1657 451 1848 530 ἀνδρὸς
1900 450 2071 516 ὅντως

2193 456 2365 528 bujus
2395 457 2522 510 vitea
2556 472 2738 511 usura
2759 453 2907 509 lucri
2934 453 3174 523 facturo,
3196 454 3363 524 cujus
3394 452 3569 508 ﬁnem
3594 459 3827 526 exopta-

324 537 332 544 ⁶
424 543 605 618 ὗγιοῦς
634 541 724 597 καὶ
754 546 877 597 νοῦν
909 540 1175 618 ἔχοντος;

483 738 615 795 ΚΗ’.
647 738 811 810 Ἡμῖν
848 734 927 806 δὲ,
955 738 1039 799 οἷς
1069 738 1130 792 τὸ
1169 736 1609 811 κινδυνευόμενόν
1661 738 1771 794 ἐστι
1822 738 2066 814 σωτηρία

411 831 616 903 ψυχῆς,
642 834 744 895 τῆς
808 828 1075 899 μακαρίας
1116 848 1176 881 τε
1219 828 1309 883 καὶ
1358 828 1643 896 ἀθανάτου,
1692 830 1780 883 καὶ
1834 828 2065 892 ἀθάνατα

410 915 921 990 κολασθησομένης,
972 918 1007 985 ἢ
1059 916 1570 989 ιπαινεθησομένης,
1620 916 1709 972 διὰ
1770 917 1961 972 κακίαν
2026 919 2061 987 ἢ

411 1005 632 1082 ἀρετὴν,
662 1005 830 1059 πόσον
865 1006 977 1080 χρὴ
1012 1002 1186 1061 δοκεῖν
1221 1005 1351 1060 εἶναι
1378 1006 1468 1060 τὸν
1502 1006 1699 1082 ἀγῶνα,
1723 1006 1757 1075 ἢ
1791 1006 1922 1075 ὅσης
1954 1004 2060 1060 δεῖν

412 1101 514 1163 τῆς
566 1094 874 1166 ἐπιστήμης
927 1093 1199 1169 ἰατρεῦσαι
1247 1093 1451 1166 καλῶς,
1556 1095 1894 1168 ίατρευθῆναι
1928 1097 2060 1169 (29),

417 1184 508 1239 καὶ
552 1184 651 1252 τὴν
702 1184 845 1251 ζωὴν
915 1182 1250 1257 μεταθέσθαι,
1302 1184 1388 1237 καὶ
1433 1179 1616 1237 δοῦναι
1665 1184 1754 1238 τὸν
1804 1188 1938 1258 χοῦν
1982 1188 2062 1256 τῷ

418 1272 723 1345 πνεύματι;
757 1271 833 1329 Οὐ
879 1270 979 1348 γὰρ
1036 1275 1141 1326 νῶν
1189 1271 1364 1325 αὐτῶν
1416 1271 1536 1327 οὕτε
1586 1272 1767 1347 λόγων
1799 1275 1910 1347 (30)
1940 1270 2063 1328 οῦςε

421 1362 630 1438 ὁρμῶν,
663 1356 787 1415 οὔτε
832 1361 895 1415 τὸ
943 1358 1083 1430 θῆλυ
1128 1365 1206 1433 τῷ
1254 1360 1455 1437 ἄρῥενι,
1489 1357 1612 1415 οὔτε
1654 1364 1801 1439 γήρᾳ
1846 1362 2059 1433 νεότης,

420 1446 546 1504 οὔτε
600 1447 756 1519 πενίᾳ
802 1444 1042 1509 πλοῦτος
1082 1451 1216 1519 (31),
1268 1443 1390 1502 οὔτε
1437 1447 1681 1520 εὐθυμῶν
1744 1448 2059 1520 ἀθυμοῦντι,

419 1534 543 1592 οὔτε
574 1537 600 1590 3
628 1535 849 1609 κάμνων
876 1540 955 1607 τῷ
988 1536 1305 1610 ὑγιαίνοντι,
1339 1534 1597 1612 ἄρχοντές
1650 1558 1704 1591 τε
1753 1538 1843 1591 καὶ
1890 1537 2059 1613 ἀρχό-

420 1646 593 1700 μενοι,
645 1624 802 1702 σοφοί
854 1646 912 1679 τι
958 1624 1047 1679 καὶ
1102 1626 1349 1698 ἀμαθεῖς,
1383 1622 1555 1679 δειλοί
1590 1646 1649 1679 τε
1689 1625 1779 1679 καὶ
1824 1631 2058 1700 θρασεῖς,

417 1713 636 1790 ὀργίλοι
684 1711 774 1767 καὶ
822 1718 991 1789 πρᾶοι
1038 1715 1173 1787 (32),
1220 1718 1607 1789 κατορθοῦντες
1672 1713 1762 1768 καὶ
1832 1713 2060 1768 πίπτον-

411 1823 501 1865 τες
531 1804 665 1877 (33).

484 1997 603 2053 ΚΘ’.
639 1994 745 2053 Κᾶν
778 1994 854 2050 ἔτι
886 1990 1124 2071 ἀκριϐῶς
1157 1997 1267 2069 (34)
1318 1996 1581 2071 ἐξετάσῃς,
1616 1997 1738 2051 ὅσον
1785 1998 1849 2053 τὸ
1902 1998 2060 2071 μέσον

410 2090 520 2141 τῶν
572 2084 624 2141 ἐν
674 2084 946 2161 συζυγίαις
988 2087 1123 2161 πρὸς
1178 2084 1302 2147 τοὺς
1367 2086 1629 2163 ἀγάμους,
1681 2085 1775 2141 κᾶν
1844 2086 2057 2147 τούτοις

2180 563 2258 610 re,
2294 543 2660 616 primarium,
2695 560 2760 597 ac
2791 543 3155 597 tutissimum
3190 542 3407 597 bonum
3442 545 3550 612 est,
3576 542 3822 614 virique,

2174 634 2332 690 haud
2368 634 2563 703 dubie,
2593 633 2740 701 sani,
2765 637 2819 687 et
2850 636 3042 686 mente
3073 631 3323 703 praediti.

2245 740 2487 795 XXVIII.
2522 740 2701 795 Nobis
2732 743 2949 808 autem,
2982 738 3081 810 qui
3115 739 3185 793 de
3220 737 3426 793 animae
3459 737 3646 794 salute
3667 738 3819 811 peri-

2175 829 2468 897 clitamur,
2518 846 2644 900 quis
2677 829 2846 883 beata
2875 831 2931 883 et
2960 826 3312 883 immortalis
3364 831 3471 893 est,
3506 831 3677 899 atque
3708 827 3818 884 im-

2175 919 2541 985 mortalibus,
2572 916 2659 972 vel
2692 916 3018 988 suppliciis,
3051 916 3136 971 vel
3179 916 3475 985 laudibus,
3508 917 3581 971 ob
3612 916 3814 972 vitium

2174 1012 2273 1062 aut
2302 1008 2574 1061 virtutem
2610 1005 2895 1061 afﬁcietur
2924 1022 2937 1073 ;
2963 1006 3501 1077 quantumtandem
3524 1009 3816 1062 certamen

2172 1096 2537 1168 prapositum
2558 1112 2707 1161 esse,
2743 1098 3080 1165 quantaque
3105 1098 3229 1149 arte
3272 1111 3420 1167 opus
3450 1110 3577 1150 esse
3621 1095 3817 1151 existi-

2173 1185 2456 1240 mandum
2489 1187 2596 1251 est,
2621 1187 2685 1237 ut
2708 1187 2857 1238 recte
2889 1199 3184 1250 curemus,
3215 1187 3317 1238 aut
3366 1181 3479 1253 ipsi
3527 1200 3817 1255 curemur,

2172 1278 2229 1328 et
2257 1272 2433 1328 vitam
2472 1271 2533 1326 in
2566 1269 2775 1325 melius
2806 1278 3257 1339 commutemus,
3309 1286 3375 1325 ac
3404 1275 3615 1326 terram
3647 1270 3819 1343 spiri-

2169 1362 2254 1416 tui
2296 1360 2694 1417 addicamus?
2740 1360 2865 1416 Non
2908 1359 3062 1415 enim
3117 1360 3331 1414 eaedem
3383 1360 3658 1427 rationes,
3717 1375 3822 1416 nec

2171 1452 2349 1506 iidem
2384 1450 2716 1504 animorum
2750 1448 3004 1519 impetus
3036 1451 3174 1502 sunt
3196 1448 3373 1502 maris
3405 1452 3461 1503 et
3482 1447 3823 1519 feminae,se-

2170 1538 2423 1596 nectutis
2450 1545 2506 1593 et
2536 1537 2962 1605 adolescentiae,
2997 1536 3192 1591 divitis
3224 1540 3278 1591 et
3307 1536 3819 1609 pauperis,bilaris

2169 1634 2225 1685 et
2256 1628 2577 1693 mcerentis,
2603 1627 2731 1682 sani
2763 1631 2819 1682 et
2850 1626 3208 1698 aegrotantis,
3250 1624 3583 1697 principum
3605 1630 3662 1681 et
3682 1626 3818 1682 sub-

2169 1719 2451 1783 ditorum,
2480 1717 2844 1772 eruditorum
2886 1720 2942 1771 et
2998 1714 3385 1781 indoctorum,
3420 1715 3730 1771 audacium
3762 1719 3819 1772 et

2089 1832 2136 1896 B
2166 1808 2533 1871 timidorum,
2563 1809 3007 1860 mansuetorum
3040 1808 3096 1859 et
3123 1804 3818 1875 iracundorum,munere

2168 1912 2275 1953 suo
2306 1895 2576 1968 praeclare
2608 1894 2997 1966 iungentium,
3029 1896 3085 1947 et
3113 1894 3467 1948 cadentium.

2239 2002 2431 2057 XXIX.
2466 2002 2627 2067 Quod
2670 2000 2718 2056 si
2751 1999 3079 2055 accuratius
3138 2015 3260 2053 rem
3289 2000 3602 2070 expendas,
3635 2016 3817 2070 quan-

2168 2095 2294 2145 tum
2318 2090 2862 2145 intervalluminter
2900 2090 3245 2159 conjugatos
3284 2094 3341 2143 et
3370 2088 3597 2145 caelibes
3640 2091 3815 2145 inter-

414 2173 579 2231 πάλιν
623 2178 732 2229 τῶν
781 2176 878 2243 τῆς
928 2172 1158 2249 ἐρημίας
1207 2176 1341 2249 πρὸς
1387 2175 1513 2237 τοὺς
1574 2176 1928 2236 κοινωνικοὺς
1970 2174 2059 2229 καὶ

2195 2185 2387 2235 ectum
2420 2178 2721 2250 reperies?
2769 2178 2848 2232 Ex
2894 2177 2986 2232 bis
3046 2193 3271 2245 rursus,
3334 2182 3618 2247 quantum
3668 2177 3820 2234 inter

422 2261 649 2341 μιγάδας
689 2265 827 2337 (35)’
883 2267 991 2317 τῶν
1038 2262 1405 2335 ἐξητασμένων
1437 2266 1549 2337 (36)
1600 2263 1689 2318 καί
1738 2260 2060 2334 διαϐεϐηκό-

416 2373 523 2408 των
579 2350 629 2405 ἐν
688 2350 886 2426 θεωρίᾳ
958 2351 1093 2425 πρὸς
1165 2350 1293 2412 τοὺς
1370 2352 1559 2415 ἁπλῶς
1621 2352 2060 2419 κατευθύνοντας,

423 2443 650 2496 ἀστικῶν
698 2461 757 2494 τε
805 2437 869 2493 αὗ
913 2440 1002 2493 καὶ
1050 2444 1155 2492 τῶν
1190 2439 1249 2493 ἐκ
1285 2447 1385 2509 τῆς
1419 2441 1721 2516 ἀγροικίας,
1756 2441 2060 2517 ἀκεραιοτὲ-

422 2550 527 2605 ρων
576 2550 633 2583 τε
684 2529 773 2582 καὶ
822 2528 1293 2603 πανουργοτέρων,
1336 2533 1440 2583 τῶν
1490 2530 1539 2584 ἐν
1605 2529 1881 2607 πράγμασι
1930 2531 2064 2603 πρὸς

417 2618 545 2680 τοὺς
615 2618 1009 2693 ἡσυχάζοντας,
1070 2622 1175 2672 τῶν
1243 2614 1520 2693 μεταϐολῇ
1572 2621 1683 2693 (37)
1739 2618 2059 2694 πληγέντων

418 2709 552 2783 πρὸς
601 2706 726 2768 τοὺς
776 2703 1168 2780 εὐδρομοῦντας
1218 2707 1305 2761 καὶ
1356 2708 1582 2779 ἀμαθεῖς
1635 2714 1730 2763 τοῦ
1788 2709 2060 2785 χείρονος·

415 2794 621 2851 τούτων
651 2795 752 2871 γὰρ
805 2792 1021 2849 ἕκαστοι
1068 2793 1258 2850 πλεῖον
1304 2795 1567 2866 ἀλλήλων
1618 2794 1757 2852 ἔστιν
1808 2797 1898 2852 ὅτε
1942 2803 2062 2859 ταῖς

420 2882 728 2954 ἐπιθυμίαις
757 2884 847 2937 καὶ
874 2888 993 2944 ταῖς
1026 2885 1221 2958 ὁρμαῖς
1254 2885 1287 2952 ἢ
1323 2884 1455 2937 κατά
1490 2886 1584 2946 τὰς
1634 2889 1741 2939 τῶν
1794 2888 2060 2958 σωμάτων

423 2969 568 3032 ἰδέας
626 2968 983 3048 διαφέροντες
1037 2972 1081 3026 εἷ
1132 2969 1189 3026 δὲ
1235 2971 1445 3047 βούλει,
1474 2974 1568 3035 τὰς
1617 2979 1724 3029 τῶν
1776 2976 2059 3050 στοιχείων

428 3058 596 3133 μίξεις
643 3059 729 3113 καὶ
778 3058 1011 3134 κράσεις,
1052 3060 1103 3131 ἐξ
1146 3062 1220 3115 ὧν
1273 3064 1692 3135 συνεστήκαμεν,
1745 3064 1805 3117 οὖ
1867 3063 2064 3139 ῥᾴστην

424 3146 613 3223 ἔχουσι
642 3150 742 3218 τὴν
771 3148 1105 3221 οἷ’κονομίαν.

2170 2269 2446 2325 eremitas
2477 2272 2536 2323 et
2567 2267 2907 2328 cccnobitas.
2968 2266 3068 2337 qui
3117 2265 3382 2336 permisti
3431 2266 3822 2322 communiter

2172 2360 2411 2431 degunt,
2445 2356 2804 2412 discriminis
2822 2357 2930 2411 erit
2961 2356 2987 2409 ‘I
3020 2359 3307 2427 quantum
3341 2354 3492 2410 inter
3516 2356 3819 2427 eos,quiin

2172 2447 2657 2518 contemplatione
2734 2445 2905 2517 longe
2962 2448 3393 2515 processerunt,
3460 2448 3517 2498 et
3572 2461 3671 2500 eos
3719 2446 3820 2515 qui

2172 2538 2459 2591 duntaxat
2490 2538 2714 2589 rectum
2745 2534 2872 2587 vitae
2897 2533 3006 2588 iter
3039 2533 3591 2604 tenent?quantum
3606 2550 3813 2589 rursus

2172 2625 2323 2681 inter
2349 2626 2606 2678 urbanos
2637 2627 2694 2677 et
2728 2622 3003 2689 rusticos,
3034 2621 3187 2676 inter
3244 2622 3542 2694 simplices
3575 2627 3632 2677 et
3663 2621 3822 2678 calli-

2173 2715 2297 2781 dos,
2331 2714 2480 2768 inter
2508 2730 2626 2781 eos,
2660 2712 2759 2783 qui
2789 2711 2849 2765 in
2900 2711 3070 2765 rebus
3116 2709 3365 2781 publicis
3396 2710 3666 2782 gerendis
3694 2728 3819 2766 ver-

2172 2808 2399 2868 santur,
2433 2806 2489 2857 et
2518 2801 2734 2873 quietis
2766 2800 3080 2866 studiosos,
3142 2799 3291 2853 inter
3319 2816 3417 2855 eos
3447 2816 3696 2871 quorum
3729 2816 3821 2855 res

2172 2893 2230 2946 in
2264 2891 2518 2946 deterius
2551 2894 2786 2945 mutatae
2817 2894 2975 2956 sunt,
3008 2892 3065 2943 et
3094 2905 3191 2944 eos
3222 2888 3322 2959 qui
3343 2905 3621 2960 prospero
3642 2905 3817 2943 cursu

2174 2981 2455 3050 feruntur,
2509 2996 2612 3034 nec
2658 2978 2888 3033 duriore
2944 2993 3203 3047 unquam
3242 2977 3474 3031 fortuna
3502 2976 3817 3033 conﬂictati

2173 3068 2355 3123 sunt?
2389 3069 2605 3123 Horum
2638 3067 2791 3122 enim
2834 3064 3047 3135 singuli
3096 3064 3516 3136 cupiditatibus
3547 3081 3821 3120 nonnun-

2174 3173 2351 3227 quam
2383 3162 2439 3211 et
2470 3156 2772 3211 affectibus
2804 3154 2992 3226 magis
3024 3154 3175 3208 inter
3223 3170 3286 3208 se
3316 3153 3614 3220 differunt,
3646 3169 3823 3224 quam

424 3255 731 3311 corporum
759 3240 964 3310 ﬁguris
994 3244 1051 3295 et
1082 3239 1453 3295 lineamentis
1486 3259 1499 3309 ;
1531 3246 1651 3310 aut,
1677 3243 1724 3297 si
1757 3244 1965 3311 mavis,
2000 3244 2443 3315 elementorum,
2468 3250 2524 3300 et
2570 3261 2638 3299 ex
2697 3244 2910 3315 quibus
2961 3246 3322 3311 constamus,
3364 3241 3744 3299 mistionibus
3776 3248 3831 3297 et

422 3326 905 3399 temperamentis
934 3345 945 3382 :
982 3344 1047 3382 ac
1077 3328 1319 3399 proinde
1354 3346 1457 3385 nec
1484 3330 1651 3386 facile
1682 3331 1801 3403 regi
1825 3332 2256 3404 gubernarique
2288 3337 2553 3405 possunt.

491 3434 569 3490 A'.
602 3430 765 3489 Ἀλλ’
797 3429 977 3508 ὥσπερ
1008 3436 1123 3494 τοῖς
1155 3434 1397 3507 σώμασιν
1454 3434 1515 3489 οὗ
1573 3437 1671 3505 τήν
1722 3436 1889 3506 αὐτὴν
1944 3457 2077 3514 φαρ-

428 3519 647 3594 μακείαν
695 3541 754 3576 τε
801 3522 890 3575 καὶ
942 3522 1149 3598 τροφὴν
1200 3522 1617 3600 προσφέρονται,
1660 3523 1823 3581 ἄλλοι
1874 3524 1930 3581 δὲ
1980 3524 2078 3582 ἄλ-

426 3608 529 3679 λην
805 3607 1143 3672 εὖεκτοῦντες
1192 3612 1225 3679 ἣ
1274 3614 1589 3685 κάμνοντες,
1642 3613 1784 3669 οὕτω
1846 3615 1935 3669 καὶ
1983 3616 2078 3678 τὰς

425 3697 607 3772 ψυχὰς
640 3695 886 3772 διαφόρῳ
919 3696 1072 3773 λόγῳ
1102 3699 1192 3754 καὶ
1241 3700 1434 3776 ἀγωγῇ
1488 3702 1892 3779 θεραπεύονται.
1927 3705 2075 3776 Μάρ-

425 3806 584 3863 τυρες
627 3783 683 3841 δὶ
725 3789 823 3855 τῆς
871 3786 1172 3861 θεραπείας,
1203 3790 1276 3843 ὦν
1326 3790 1415 3844 καὶ
1462 3790 1530 3846 τὰ
1579 3793 1724 3864 πάθῃ
1777 3795 1909 3866 (39)’
1952 3792 2079 3854 τοὺς

496 3996 1090 4077 (38)]Δσφαλὲστατρν.
1145 4004 1384 4077 Addunt
1413 4005 1542 4060 Bas.
1598 4007 1689 4061 ed.
1740 4011 1795 4062 et
1840 4007 1968 4061 Par.
2002 4006 2076 4066 ὡς
2110 4008 2154 4076 ρ

430 4070 555 4150 {pici
592 4070 793 4143 δοκεῖν,
829 4091 956 4144 quis
987 4075 1287 4150 desunt_in
1303 4078 1582 4150 pmnibus
1610 4083 1735 4133 tum
1768 4082 2078 4150 Regg.tum

429 4144 591 4216 Colb.
621 4149 831 4216 praeter
861 4162 1069 4216 unum,
1111 4150 1169 4200 et
1200 4146 1256 4200 in
1292 4147 1385 4203 Or.
1423 4150 1471 4203 1.

502 4215 617 4291 (29)
657 4215 1059 4291 [ἰατρευθῆναιρ
1100 4216 1334 4291 Rectius
1400 4220 1631 4291 videtur
1709 4219 2078 4291 interpretari

433 4284 815 4360 Combeﬁsius
846 4304 1023 4360 quam
1056 4290 1245 4343 caeteri
1272 4306 1284 4343 :
1325 4314 1343 4337 α
1379 4293 1493 4344 Aut
1524 4290 1635 4360 ipsi
1670 4284 1970 4356 curentur,
1994 4292 2080 4343 vi-

432 4361 672 4434 tamque
700 4359 994 4434 in__meliu_s
1013 4365 1466 4425 commutent,ac
1490 4359 1700 4416 terram
1734 4363 1967 4434 spiritui
1987 4365 2084 4418 ad-

436 4428 653 4504 dicant.
684 4450 714 4480 »
755 4428 1040 4504 Hic_enim
1091 4448 1205 4504 non
1258 4434 1451 4503 agitur
1508 4435 1578 4486 de
1632 4428 1820 4504 ipsius
1872 4436 2077 4490 medici

435 4500 670 4577 propria
694 4502 1014 4567 curatione,
1037 4503 1157 4577 _sed
1192 4500 1384 4577 ovium
1432 4521 1579 4575 quis,
1640 4500 1702 4559 ut
1735 4524 1910 4577 supra
1940 4507 2084 4560 dixit

432 4570 765 4643 Gregorius,
800 4595 826 4621 ‹‹
861 4573 1052 4629 curari
1083 4574 1411 4642 necsciunt,
1436 4570 1543 4630 nec
1568 4570 1880 4632 sustinent.
1899 4599 1925 4627 »
1949 4580 2081 4641 Quae

430 4643 788 4719 praecedunt,
823 4647 878 4698 et
915 4661 1043 4715 quae
1074 4652 1425 4717 sequuntur,
1472 4648 1624 4702 hanc
1654 4648 2081 4719 interpretatio-

427 4732 562 4771 nem
595 4716 966 4771 conﬁrmant.

494 4787 610 4860 (3Q)
640 4781 775 4840 Οὔτε
830 4783 1035 4860 λόγων.
1096 4787 1319 4857 Billius,
1383 4812 1409 4838 «
1441 4789 2018 4860 iezsdemﬂrationes.
2052 4810 2079 4839 »

431 4858 582 4927 quod
602 4875 669 4914 eo
701 4875 879 4914 sensu
916 4858 1114 4914 Latine
1167 4876 1280 4914 non
1340 4859 1573 4914 dicitur.
1609 4859 1877 4915 Mallem:
1916 4883 1943 4909 ‹‹
1978 4877 2083 4916 nec

433 4927 586 5007 enim
617 4932 1028 5007 menssana}
1045 4932 1102 4985 et
1125 4931 1316 5007 _ratio.
1354 4952 1381 4979 ν)
1432 4931 1613 5007 Favet
1664 4931 1889 5007 Tullius
1929 4932 2082 5001 0/ﬁc.

433 4996 533 5052 lib.
570 5016 612 5068 ι,
644 5018 771 5084 cap.
797 5003 905 5056 28:
942 5000 1333 5085 «Puplexﬁest
1372 5003 1529 5057 enim
1561 5002 1648 5057 vis
1680 4996 2082 5085 animorum...

431 5084 550 5124 una
570 5086 705 5140 pars
726 5072 785 5126 in
808 5075 1071 5155 appetitu
1096 5072 1288 5143 posita
1336 5078 1442 5142 est,
1480 5091 1606 5144 quae
1637 5077 1725 5128 est
1755 5072 1897 5145 ὁρμή
1934 5075 2084 5129 Grae-

429 5153 562 5194 ce...
595 5140 780 5198 altera
809 5160 869 5197 in
896 5148 1143 5209 ratione,
1170 5166 1199 5194 »
1230 5149 1347 5202 etc.

436 5210 802 5337 ta£133.):1evtq
832 5212 1090 5275 πλοῦτος.
1126 5215 1263 5272 Bill.
1304 5238 1324 5266 ιι
1376 5214 1725 5271 Divitiarum
1749 5219 1804 5271 et
1835 5233 2083 5288 pauper-

529 5354 621 5424 32)
654 5357 848 5426 Πρᾶοι.
893 5356 1030 5425 Reg.
1062 5362 1106 5426 ι,
1136 5376 1177 5410 π
1215 5361 1346 5417 αεῖς.

505 5352 621 5505 (33)
636 5426 1083 5505 ’.Κατορθοῦντεςι
1116 5375 1209 5505 καῖ
1249 5428 1346 5505 -π-ίτ

2263 3441 2427 3495 ΧΧΧ.
2462 3439 2610 3505 Quin
2644 3439 2858 3512 potius,
2917 3438 3409 3510 quemadmodum
3459 3453 3577 3493 non
3633 3436 3837 3492 eadem

2192 3529 2636 3597 medicamenta,
2671 3544 2777 3583 nec
2808 3528 3008 3583 eadem
3034 3526 3313 3582 alimenta
3342 3524 3687 3597 corporibus
3710 3522 3845 3595 qui-

2192 3618 2390 3675 busvis
2421 3618 2793 3684 adhibentur,
2830 3618 2928 3672 sed
2982 3616 3095 3671 alia
3117 3616 3214 3672 27
3251 3614 3403 3684 aliis,
3436 3613 3638 3669 habita
3680 3611 3838 3666 vide-

2189 3706 2326 3761 licet
2350 3705 2435 3761 vel
2471 3704 2707 3761 sanitati
2741 3720 2943 3760 eorum
2968 3702 3053 3758 vel
3085 3703 3337 3758 adversas
3370 3700 3727 3756 valetudinis
3748 3715 3837 3753 ra-

2188 3794 2346 3849 tione
2379 3811 2391 3849 :
2421 3794 2623 3849 eodem
2648 3808 2882 3864 quoque
2913 3792 3084 3846 modo
3115 3790 3323 3846 animai
3357 3789 3588 3845 diversa
3616 3778 3839 3843 raticine

2262 4007 2375 4077 (34)
2406 4009 2523 4077 Ἔτι
2571 3996 2829 4077 ἀκριϐᾧς.
2902 4005 3161 4077 Quatuor
3215 4001 3393 4072 chg.
3438 3995 3516 4077 ἔτ’
3570 3994 3832 4077 ἀκριϐῶς.

2192 4072 2397 4133 Βὶῐίὶυέ
2428 4076 2548 4130 haec
2593 4072 2791 4129 omnia
2846 4075 3034 4128 reddit
3083 4072 3516 4144 interrogando,
3568 4072 3835 4144 quamvis

2190 4149 2349 4205 nulla
2380 4149 2457 4202 sit
2488 4145 2958 4218 interrogationis
2989 4150 3128 4218 nota
3174 4144 3234 4200 in
3274 4144 3507 4218 Graecis.
3542 4144 3656 4198 Nec
3688 4160 3836 4218 opus

2190 4227 2279 4276 est
2308 4220 2631 4290 quidquam
2666 4215 2956 4290 supplere.
2991 4216 3101 4271 Sed
3134 4215 3476 4290 vertendum
3504 4232 3519 4271 :
3554 4237 3583 4265 «
3612 4216 3834 4280 Quinid

2191 4287 2369 4374 etianiji‘
2398 4287 2707 4374 diligenter
2732 4287 3044 4374 (inpendas,
3097 4287 3291 4374 velim,
3327 4291 3634 4374 quantum.
3661 4308 3689 4335 ››
3722 4292 3832 4372 etc.

2261 4364 2375 4449 (35)
2431 4357 2546 4449 ςῐὲᾶἶν
2604 4365 2728 4449 ῆτῆς
2785 4357 3015 4442 ἐρημίας
3054 4357 3225 4449 ιπρὸς
3277 4357 3418 4441 ⁹τοὺς
3457 4357 3838 4449 ,κρινωνικοὺς

2190 4428 2279 4487 καὶ
2316 4428 2569 4504 μιγάδας.
2602 4428 2942 4504 Communis
2987 4428 3835 4504 estHOmniumdntei-pretum

2191 4501 2403 4577 laps—us
2426 4504 2483 4557 in
2514 4503 2607 4577 his
2638 4501 3225 4577 vertendis_._l_‘{ullum
3249 4502 3838 4577 egcipimus,_nec__l.a-

2190 4571 2403 4641 tinum,
2439 4591 2543 4629 nec
2574 4574 2882 4630 Gallicum.
2930 4573 3169 4629 Billius:
3204 4592 3235 4624 ε
3293 4571 3447 4627 Inter
3502 4571 3839 4627 solitudinis

2193 4653 2478 4710 amantes,
2512 4650 2568 4700 et
2589 4663 2687 4700 eos
2709 4646 2808 4716 qui
2834 4645 3101 4699 sodalitio
3126 4645 3371 4715 vitasque
3402 4644 3672 4716 societate
3694 4659 3837 4714 gau-

2192 4722 2347 4774 dent.
2383 4740 2410 4768 »
2447 4715 2796 4772 Nihilhacin
2830 4716 3324 4787 interpretatione,
3356 4718 3413 4787 et
3445 4715 3840 4787 cieteris,quas

2192 4730 2347 4774 dent.
2383 4740 2410 4768 »
2447 4730 2796 4772 Ninilnacm
2830 4730 3324 4787 interpretatione,
3356 4730 3413 4768 et
3445 4730 3837 4838 czster13,quas

2192 4792 2405 4847 referre
2437 4788 2579 4842 nihil
2612 4794 2699 4843 est
2728 4803 2984 4856 necesse,
3036 4787 3188 4857 quod
3221 4786 3601 4841 saecularibus
3634 4802 3697 4839 so
3729 4787 3837 4838 itu-

2193 4864 2348 4918 dinis
2379 4860 2712 4914 amantibus
2744 4876 2856 4913 non
2880 4856 3203 4913 conveniat.
3238 4856 3607 4911 Manifestum
3639 4861 3833 4911 tamen

2195 4939 2284 4989 est
2304 4932 2564 5003 Gregorii
2594 4929 3143 5003 verbissigniﬁcari
3204 4926 3542 5003 monacbos,
3592 4943 3838 4997 quorum

2194 5007 2306 5060 duo
2339 4998 2552 5074 genera
2574 5001 2855 5074 agnoscit,
2883 4998 3266 5056 cremitarum
3302 4998 3525 5055 scilicet
3572 5007 3627 5055 et
3651 5016 3838 5055 coeno-

2196 5078 2473 5132 bitarum.

2266 5147 2381 5218 (36)
2411 5143 2840 5218 Ἐξητασμενων.
2874 5158 2911 5191 ’‹‹
2970 5141 3074 5206 Qui
3130 5140 3366 5218 versati,
3410 5162 3437 5189 ››
3468 5138 3580 5209 vel,
3618 5158 3643 5190 ιι
3692 5156 3847 5195 exer-

2198 5216 2370 5273 citati
2393 5221 2530 5271 sunt
2558 5220 2615 5270 et
2642 5216 2813 5285 longe
2838 5216 3263 5285 processerunt.
3301 5234 3323 5259 ι

2269 5290 2383 5357 (37)
2412 5290 2525 5340 Τῶν
2566 5274 2864 5357 μεταϐἶλῇ.
2930 5285 3067 5355 Reg.
3126 5283 3227 5337 hu.
3289 5286 3395 5357 τῶν
3445 5280 3497 5334 ιν
3548 5274 3848 5357 μεταβολῇ.

2271 5348 2385 5439 (38)
2418 5357 2483 5439 Δῇ
2513 5348 2703 5439 ἀλλην,
2730 5348 3112 5439 _Qu'idain,vut
3141 5358 3317 5439 Regg.
3371 5352 3412 5420 l,
3470 5359 3515 5420 t,
3549 5348 3616 5439 δ’
3649 5348 3848 5436 ἄλλην.

533 5422 1205 5506 33)’.Κριτορθοῦνξεςι”καῖ
1249 5428 1567 5506 πίπτοντες.
1621 5430 1763 5506 Gab.
1827 5451 1853 5479 «
1904 5428 2071 5506 felici:

2198 5422 2301 5506 Hic
2325 5422 2583 5506 plerique
2603 5430 2769 5506 codd.
2818 5428 3122 5506 ad_marg:
3183 5422 3443 5506 Atdtpopot
3501 5422 3697 5506 τρόποι
3743 5428 3846 5476 τῶν

439 5494 787 5571 etintelicis.
824 5494 852 5545 ἃ»
884 5498 994 5553 Sed
1017 5498 1121 5571 bic
1152 5501 1222 5554 de
1249 5499 1342 5556 bis
1372 5502 1469 5571 qui
1503 5505 1658 5556 recte
1690 5501 1866 5556 vitam
1918 5501 2088 5556 insti-

2198 5495 2446 5577 ψυχῐκῶν
2477 5495 2796 5575 ᾠαρμάκων.
2832 5522 2858 5549 ‹‹
2885 5495 3307 5554 Remediorum'
3336 5495 3518 5553 animi
3539 5495 3708 5552 varia
3753 5512 3850 5568 ge-

434 5570 633 5652 tuunt,
654 5567 852 5652 agitur
875 5568 1259 5641 ;proindeque
1273 5567 1481 5629 melius
1492 5576 1810 5628 verteretur
1829 5597 1853 5622 ‹‹
1881 5572 2091 5630 stantis
2199 5567 2376 5652 τιθῇ,
2396 5594 2423 5652 ii

437 5641 494 5694 et
522 5641 809 5700 cadentis.
841 5657 870 5692 ι

2270 5645 2385 5716 (39)
2416 5643 2587 5712 Πάθη.
2620 5642 2766 5701 Male
2801 5640 2956 5695 πάθει
2988 5639 3050 5695 in
3085 5637 3214 5696 Par.
