4152 6286
290 299 410 363 «I39

1516 305 1579 365 S.
1630 305 2001 367 GREGOBII
2045 304 2466 367 THEOLOGI.

3574 307 3695 366 440

296 452 364 491 ac
394 433 704 507 disciplina
733 438 1030 489 curantur.
1066 434 1102 489 li
1157 451 1325 506 porro
1383 437 1704 492 curationis
1760 440 1938 492 testes

2074 437 2149 490 ,ιὶν
2199 436 2311 511 ἄγει
2362 435 2551 511 λόγος,
2604 436 2654 490 οἱ
2707 433 2763 491 δὶ
2806 434 3152 511 ῥυθμίζονται
3184 432 3604 513 παραδείγμασι·
3639 440 3691 493 οἱ

293 529 452 592 sunt,
488 524 586 595 qui
610 523 830 577 morbis
852 522 1190 592 hujusmodi
1220 530 1520 580 vexantur.
1564 526 1719 581 Alios
1747 544 1937 580 sermo

295 611 619 680 ducit;alii
650 611 911 683 exemplo
937 619 1389 683 componuntur.
1453 614 1564 669 Alii
1615 616 1939 671 calcaribus

292 718 441 771 opus
470 699 707 766 habent,
732 698 827 754 alii
856 700 1035 755 freno.
1059 700 1203 756 Nam
1237 703 1335 773 qui
1360 719 1565 774 segnes
1598 707 1736 758 sunt
1768 708 1940 774 atque

294 790 363 844 ad
390 790 610 845 bonum
643 804 791 861 egre
819 788 1224 862 impelluntur,
1258 790 1319 846 hi
1340 792 1651 848 verborum
1684 791 1940 848 stimulis

293 877 580 935 excitandi
613 881 769 949 sunt,
806 878 906 951 qui
937 895 1070 934 vero
1094 880 1325 952 spiritu,
1363 898 1537 952 quam
1568 899 1672 954 par
1704 882 1798 949 sit,
1835 882 1936 937 fer-

289 966 579 1023 ventiores
608 970 743 1023 sunt
777 992 791 1037 ;
822 971 996 1039 atque
1017 969 1293 1025 effrenato
1319 971 1574 1041 quodam
1609 974 1939 1026 animorum

292 1056 516 1130 impetu
548 1057 840 1125 feruntur,
872 1057 1027 1112 velut
1064 1059 1293 1129 equulei
1354 1060 1619 1131 generosi
1677 1059 1876 1131 procul
1909 1078 1941 1115 a

295 1148 451 1202 meta
470 1150 792 1213 currentes,
824 1146 931 1201 hos
990 1146 1188 1217 utique
1238 1148 1515 1205 orationis
1566 1149 1726 1204 freno
1783 1164 1940 1204 coer-

294 1251 423 1291 cere
453 1252 519 1291 ac
549 1234 818 1291 cohibere
848 1237 1199 1308 praestiterit.

366 1324 565 1379 XXXI.
597 1323 1016 1380 Aliislaudatio
1039 1325 1277 1381 utilitati
1309 1326 1437 1397 fuit,
1473 1326 1604 1383 aliis
1632 1327 1941 1399 reprehen-

298 1413 408 1479 sio,
451 1417 700 1485 utraque
766 1413 1035 1469 videlicet
1088 1416 1429 1486 tempestive
1486 1416 1794 1471 adhibita:
1847 1420 1945 1471 aut

296 1506 497 1558 contra
527 1503 894 1570 detrimento,
929 1519 1045 1558 non
1072 1504 1414 1575 tempestive
1446 1509 1501 1559 et
1557 1522 1689 1559 cum
1722 1505 1945 1560 ratione

297 1591 579 1647 adhibita.
611 1590 771 1646 Alios
800 1591 1121 1647 cohortatio
1153 1593 1220 1647 ad
1267 1592 1523 1648 ofﬁcium
1549 1594 1768 1666 dirigit,
1800 1593 1945 1649 alios

300 1680 658 1751 objurgatio:
694 1683 867 1751 atque
916 1680 1034 1735 haec
1064 1698 1269 1736 rursus
1300 1682 1467 1751 alios,
1524 1682 1571 1737 si
1630 1682 1822 1753 palam
1854 1700 1945 1737 ar-

300 1771 593 1839 guantur;
626 1766 790 1831 alios,
835 1767 883 1823 si
915 1770 1153 1824 remotis
1210 1770 1446 1825 arbitris
1501 1771 1943 1825 admoneantur.

302 1859 451 1910 Sunt
482 1857 637 1910 enim
670 1856 769 1927 qui
797 1856 1049 1928 privatas
1080 1858 1509 1913 admonitiones
1549 1864 1946 1925 contemnant,

303 1943 537 2016 publica
560 1949 755 1999 autem
788 1945 1236 2016 reprehensione
1266 1948 1337 2002 ad
1369 1948 1626 2002 officium
1677 1965 1948 2004 revocen-

297 2036 397 2089 tur
431 2052 444 2089 :
475 2037 613 2088 sunt
641 2050 866 2101 rursus,
888 2034 987 2105 qui
1007 2034 1245 2089 liberius
1274 2036 1633 2106 reprehensi,
1666 2038 1946 2107 pudorem

300 2138 535 2178 omnem
568 2123 927 2195 abstergant,
945 2129 1261 2195 contraque
1289 2124 1518 2179 occulta
1548 2125 1952 2198 objurgatione

300 2210 573 2267 meliores
603 2210 942 2279 reddantur,
975 2211 1184 2283 iisque,
1218 2212 1561 2284 quosvicem
1577 2231 1743 2269 suam
1757 2214 1951 2270 dolere

298 2300 871 2372 perspiciuntur,hoc
887 2301 1419 2358 munerisvicissim
1436 2304 1729 2375 rependan
1739 2307 1850 2374 t,ut
1862 2319 1953 2359 eo-

299 2403 432 2444 rum
463 2389 967 2445 admonitionibus
997 2394 1261 2462 pareant.

368 2477 582 2533 XXXII.
616 2478 865 2541 Quidam
898 2479 1074 2533 etiam
1109 2480 1181 2534 ad
1215 2480 1463 2535 minima
1490 2497 1677 2552 usque
1699 2480 1953 2538 aclevis-

302 2565 457 2622 sima
473 2566 818 2622 observandi
835 2571 973 2622 sunt
1006 2585 1018 2636 ;
1038 2568 1319 2623 nimirum
1335 2568 1435 2640 qui
1456 2586 1521 2625 eo
1548 2571 1701 2640 quod
1718 2574 1956 2641 peccata

304 2671 415 2711 sua
445 2655 696 2710 obscura
730 2660 788 2710 et
816 2656 1114 2727 incognita
1145 2673 1273 2712 esse
1305 2662 1514 2727 putant
1544 2659 1802 2729 (quando
1825 2658 1953 2729 qui-

306 2744 441 2799 dem
471 2743 529 2798 id
589 2744 952 2813 moliuntur),
999 2749 1280 2815 tanquam
1331 2746 1712 2817 sapientiores
1744 2747 1957 2802 animis

306 2832 586 2888 inﬂantur
616 2851 628 2901 ;
664 2835 722 2887 in
755 2833 1105 2903 quibusdam
1127 2851 1359 2888 rursum
1382 2837 1448 2889 ad
1466 2835 1958 2891 nonnullaconni-

305 2937 437 2977 vere
470 2922 659 2976 satius
692 2922 882 2988 fuerit,
907 2921 986 2976 ita
1013 2929 1072 2976 ut
1101 2922 1365 2978 videntes
1404 2940 1518 2978 non
1562 2924 1881 2995 videamus,
1902 2930 1958 2980 et

309 3010 610 3066 audientes
625 3027 737 3065 non
772 3010 1105 3081 audiamus,
1126 3013 1622 3081 quemadmodum
1654 3014 1764 3068 dici
1790 3014 1954 3086 solet,

308 3114 379 3154 ne
407 3098 624 3169 alioqui
654 3116 754 3153 eos
789 3099 967 3153 nimis
1016 3099 1235 3155 crebris
1289 3101 1798 3172 objurgationibus
1830 3107 1955 3157 tan-

310 3203 489 3259 quam
524 3187 799 3241 ﬂuctibus
848 3188 1260 3254 obruentes,ad
1321 3189 1783 3261 desperationem
1816 3192 1957 3246 inci-
1993 3175 2035 3241 C

312 3278 530 3341 temus,
567 3264 954 3330 acidissoluto
983 3278 1217 3331 tandem
1242 3278 1482 3348 pudore,
1535 3281 1689 3350 quod
1724 3295 1967 3350 persua-

312 3361 501 3418 sionis
530 3362 915 3433 pharmacum
941 3367 1051 3428 est,
1100 3365 1171 3419 ad
1205 3366 1452 3436 quodvis
1506 3367 1732 3421 facinus
1785 3369 1964 3423 auda-

314 3452 499 3508 ciores
544 3452 879 3508 reddamus.
939 3452 1087 3517 Quin
1129 3454 1303 3509 etiam
1353 3470 1485 3509 cum
1544 3455 1848 3511 nonnullis
1889 3456 1967 3510 ita

314 3540 605 3613 agendum
641 3545 749 3609 est,
799 3544 865 3595 ut
920 3558 1035 3595 non
1094 3542 1411 3597 irascentes
1454 3543 1798 3614 irascamur,
1851 3560 1966 3598 non

316 3633 754 3686 contemnentes
784 3634 1250 3697 contemnamus,
1284 3633 1384 3688 28
1416 3650 1531 3687 non
1591 3634 1968 3705 desperantes

314 3718 731 3791 desperemus:
765 3724 1057 3790 quatenus
1122 3720 1390 3777 videlicet
1435 3737 1635 3777 eorum
1667 3726 1879 3777 natura
1908 3722 1968 3777 id

534 3914 1032 3990 Aieyeptéov._Beg.
1061 3918 1101 3987 Ι,
1134 3916 1505 3990 θεραπευτεον.
1539 3918 1740 3974 Comb.
1764 3939 1784 3965 α
1837 3917 1966 3973 Ser-

319 3985 510 4041 monis
529 3985 647 4042 ictu
678 3985 943 4043 curandi.
981 3985 1009 4036 ἦ

386 4055 633 4131 (41)-Οὖς
678 4055 923 4131 βελτίους
975 4056 1034 4110 ἂν
1094 4060 1393 4128 ποιήσειεν.
1454 4084 1481 4109 ‹‹
1533 4060 1686 4124 Quos
1754 4077 1966 4126 sermo,

316 4127 485 4252 quaid
516 4127 761 4185 habenis
793 4146 1063 4186 coercens
1093 4148 1159 4186 ac
1190 4131 1819 4203 reprimens,meliores
1839 4134 1968 4189 elle-

317 4213 432 4252 Oel'l
468 4239 480 4251 .
507 4222 530 4251 ι

317 4213 480 4254 οθινιι.
507 4222 530 4251 ι

387 4269 501 4353 (42)
532 4267 1149 4353 Διελεγχομένουςκβίο
1183 4271 1339 4353 Elias
1403 4273 1860 4353 increpationem
1897 4275 1968 4353 ab

318 4340 1075 4416 objurgatione‘distinguit
1110 4361 1122 4397 :
1167 4366 1194 4392 «
1230 4340 1631 4416 increpatiof»
1680 4350 1747 4401 ut
1776 4347 1969 4416 inquit

318 4411 789 4483 Cbrysostomus,
852 4413 923 4467 ad
977 4415 1292 4482 peccatoris
1349 4411 1759 4471 correctionem
1802 4411 1965 4472 adhi-

318 4483 491 4559 betur
512 4501 525 4539 :
550 4485 915 4559 exprobratio
940 4488 1143 4559 autem
1177 4488 1244 4541 ad
1258 4486 1407 4557 ejus,
1435 4487 1534 4557 qui
1565 4486 1965 4559 deliquit,con-

322 4555 615 4627 fusionem
647 4555 1138 4627 etdignominiam.
1174 4579 1196 4606 ι

392 4626 504 4698 (43)
562 4622 813 4699 Κρύϐδῆν
906 4624 1380 4699 νουθετουμένους.
1460 4628 1500 4682 Ε
1585 4629 1818 4699 regione
1866 4630 1968 4685 ho-

322 4712 453 4752 rum
484 4698 814 4773 verborum,
846 4698 1265 4773 codicesRegii‘
1289 4699 1482 4773 plures
1508 4704 1563 4753 et
1582 4698 1743 4773 _Colb.
1770 4703 1972 4773 appin-

324 4774 517 4852 gllnt:
563 4774 690 4852 PG»:
747 4766 828 4852 δεῖ
882 4768 1133 4851 ἐπιτιμᾷν
1182 4766 1662 4852 καὶ’διορθρῦσθαι
1707 4766 1969 4852 τοὺξίε-

322 4842 459 4968 suis.
501 4861 521 4890 α
556 4844 678 4907 Qua
706 4842 928 4897 ratione
959 4842 1246 4912 increpari
1279 4842 1605 4913 corrigique
1639 4844 1972 4899 sacerdotes

363 4928 393 4967 6
438 4919 590 4968 eant.
626 4935 653 4963 η

363 4919 590 4969 ebeant.
626 4935 653 4963 »

391 4984 505 5055 (44)
535 4981 902 5055 Συμπαθείας.
943 5007 961 5031 α

323 5056 731 5126 rependentes.
768 5077 796 5105 ››

400 5120 512 5200 (45)
548 5125 1026 5200 ΛανθάνεινίιΜεΙθ
1049 5126 1123 5200 in
1141 5124 1266 5180 Par.
1302 5120 1570 5200 λανθάνει.

390 5193 503 5271 (46)
560 5202 677 5271 "res
716 5193 779 5271 θ’
850 5194 1019 5271 ἔστιν,
1069 5197 1161 5251 Sic
1214 5196 1491 5251 melioris.
1529 5200 1674 5271 notae
1723 5195 1968 5251 codices.

318 5266 451 5336 Alii,
483 5266 591 5323 τῶν
626 5266 682 5324 δέ
711 5267 869 5323 ἐστιν.
902 5292 929 5318 α
956 5269 1021 5322 Hi
1058 5285 1229 5340 porro
1260 5273 1416 5331 sunt,
1453 5291 1493 5340 »ν
1535 5273 1598 5321 ut
1628 5269 1970 5339 interpreta-

324 5352 417 5400 tur
439 5343 615 5408 Elias,
650 5366 677 5392 ‹‹
706 5341 805 5413 qui
838 5339 1103 5396 servilem
1140 5340 1451 5411 quemdam
1483 5339 1542 5393 in
1576 5340 1817 5393 modum
1841 5356 1971 5464 pec-

324 5411 1557 5464 catumeubriniuntmetuuntuueevulgari.
1586 5410 1838 5464 Dissimu
1869 5429 1971 5464 an-

321 5421 515 5471 catum
531 5410 869 5485 subripiunt
882 5410 1267 5485 metuuntque
1280 5411 1557 5482 evulgari.
1586 5410 1941 5485 Dissimulan

326 5488 400 5541 da
431 5502 598 5555 porro
630 5483 757 5554 qua:
785 5484 1134 5555 gravissima
1176 5500 1299 5555 non
1340 5488 1496 5555 sunt,
1532 5499 1601 5536 ne
1632 5483 1973 5555 increpatio—

329 5553 823 5618 nis‘assiduitate',
854 5572 920 5611 ea
940 5553 1303 5610 exstimulari
1324 5554 1615 5609 desinant.
1652 5576 1680 5603 ››

392 5625 505 5698 (47)
554 5622 865 5696 Ἀπόγοιαν.
909 5648 935 5673 ‹‹

1024 4982 1529 5039 Commiserationi
1581 4983 1969 5040 obedientiam

996 5628 1177 5683 Contu
1189 5626 1432 5682 maciam
1484 5650 1504 5678 ι
1559 5625 1976 5697 interpretatur

2053 524 2145 597 μὲν
2180 522 2384 578 δέονται
2417 525 2673 600 κέντρων,
2710 525 2760 577 οἱ
2794 521 2850 578 δὲ
2894 522 3148 599 χαλινοῦ.
3183 527 3244 578 Ol
3298 526 3389 598 μὲν
3436 527 3537 599 γάρ
3589 525 3690 581 εἶσι

2047 618 2259 683 νωθεῖς,
2291 613 2379 667 καὶ
2412 610 2722 683 δυσκίνητοι
2756 612 2891 687 πρὸς
2930 613 2991 667 τὸ
3021 612 3214 684 καλὸν,
3240 613 3331 675 οὓς
3378 616 3447 687 τῇ
3495 611 3691 690 πληγῇ

2047 707 2144 758 τοῦ
2176 700 2346 777 λόγου
2382 701 2679 777 διεγερτέον
2716 703 2847 775 (40)·
2884 703 2936 755 οἳ
2985 699 3042 756 δὲ
3086 702 3402 778 θερμότεροι
3448 706 3544 758 τοῦ
3597 724 3691 777 με-

2049 790 2200 867 τρίου
2257 791 2335 862 τῷ
2392 791 2683 865 πνεύματι,
2737 790 2826 845 καὶ
2882 787 3234 855 δυσκάθεκτοι
3282 795 3400 854 ταῖς
3471 792 3694 868 ὁρμαῖς,

2048 878 2287 955 καθάπερ
2338 878 2518 934 πῶλοι
2568 885 2800 956 γενναῖοι
2844 879 3032 956 πόῤῥω
3080 886 3179 950 τῆς
3223 875 3420 949 νύσσης
3466 881 3692 954 θέοντες,

2051 968 2142 1031 οὓς
2180 968 2427 1044 βελτίους
2464 970 2522 1024 ἂν
2550 971 2825 1039 ποιήσειεν
2858 970 2969 1043 (41)
2995 967 3177 1045 ἄγχων
3210 968 3299 1024 καὶ
3329 967 3641 1027 ἀνακόπτων
3666 971 3694 1025 ὁ

2051 1057 2239 1133 λόγος.

2124 1332 2247 1382 AA’.
2279 1327 2420 1387 Τοὺς
2456 1327 2548 1397 μὶν
2582 1325 2795 1388 ἔπαινος
2827 1327 3022 1396 ὤνησε,
3052 1326 3178 1389 τοὺς
3213 1324 3269 1381 δὲ
3295 1325 3487 1401 ψόγος,
3526 1326 3700 1403 ἀμφό-

2051 1435 2177 1489 τερα
2239 1416 2371 1487 μετᾶ
2426 1420 2522 1468 τοῦ
2586 1420 2797 1491 καιροῦ·
2850 1417 2883 1484 ἣ
2926 1414 3237 1469 τούναντίον
3299 1409 3528 1487 ἔϐλαψεν
3599 1414 3699 1489 ἔξω

2051 1506 2147 1557 τοῖ’)
2214 1507 2403 1577 καιροῦ
2460 1504 2549 1557 καὶ
2604 1509 2699 1557 τοῦ
2766 1504 2957 1579 λόγου.
2999 1503 3133 1565 Τοὺς
3204 1504 3298 1575 μὶν
3348 1501 3698 1578 παράκλησις

2052 1594 2330 1667 κατορθοῖ,
2361 1590 2489 1654 τοὺς
2521 1589 2577 1646 δὲ
2628 1591 2965 1665 ἐπιτίμησις*
2994 1590 3084 1646 καὶ
3130 1591 3288 1662 αὕτη,
3318 1590 3444 1653 τοὺς
3501 1592 3595 1664 μὶν
3646 1591 3698 1646 έν

2054 1685 2131 1751 τῷ
2159 1684 2325 1751 κοινῷ
2358 1678 2811 1754 διελεγχομένους
2843 1683 2977 1754 (42),
3006 1678 3132 1742 τοὺς
3185 1677 3242 1735 δὲ
3287 1675 3526 1756 κρύϐδην
3581 1701 3701 1735 νου-

1979 1810 2026 1873 B
2058 1769 2413 1842 θετουμὲνους
2460 1771 2592 1842 (43).
2643 1769 2872 1823 Φιλοῦσι
2941 1769 3043 1842 γὰρ
3096 1769 3149 1823 οἱ
3197 1768 3289 1840 μὲν
3349 1774 3701 1845 καταφρονεῖν

2058 1862 2164 1913 τῶν
2198 1856 2307 1928 ἰδίᾳ
2334 1859 2775 1931 νουθετημάτων,
2808 1855 3054 1927 πλήθους
3103 1858 3435 1932 καταγνώσει
3486 1878 3700 1934 σωφρο-

2058 1946 2354 2018 νιζόμενοι·
2399 1947 2451 2000 οἱ
2510 1943 2567 2001 δὲ
2620 1946 2754 2021 πρὸς
2794 1946 2893 2014 τὴν
2950 1944 3250 2021 ἐλευθερίαν
3297 1949 3403 2000 τῶν
3456 1944 3698 2021 έλέγχων

2060 2035 2565 2109 ἀναισχυντεῖν,τῷ
2604 2038 2703 2103 τῆς
2755 2034 3121 2107 ἐπιτιμήσεως
3175 2033 3456 2109 μυστηρίῳ
3502 2031 3702 2088 παιδα-

2058 2123 2422 2199 γωγοόμενοι,
2473 2124 2562 2177 καὶ
2628 2119 2986 2185 ἀντιδιδόντες
3050 2129 3152 2192 τῆς
3215 2121 3545 2195 συμπαθείας
3594 2124 3702 2197 (44)

2061 2215 2158 2281 τὴν
2186 2210 2506 2275 εὐπείθειαν.

2136 2480 2256 2534 ΛΒ’.
2288 2482 2402 2531 Τῶν
2458 2479 2552 2550 μὶν
2604 2476 2775 2531 πάντα
2821 2483 3007 2551 τηρεῖν
3076 2476 3356 2551 ἐπιμελῶς
3428 2479 3712 2555 ἀναγκαῖον

2068 2568 2235 2641 μέχρι
2264 2566 2353 2620 καὶ
2391 2570 2496 2620 τῶν
2553 2564 2912 2641 μικροτάτων,
2947 2564 3104 2627 ὅσους
3154 2567 3217 2621 τὸ
3265 2566 3466 2621 οἴεσθαι
3524 2565 3717 2621 λανθά-

2064 2676 2172 2709 νειν
2206 2658 2317 2726 (45)
2360 2652 2570 2727 (ἐπειδὴ
2621 2658 2783 2709 τοῦτο
2827 2653 3200 2729 τεχνάζουσιν)
3252 2655 3324 2716 ὡς
3371 2656 3716 2733 σοφωτέρους

2065 2744 2313 2822 έφῦσησε·
2365 2747 2473 2798 τῶν
2535 2740 2581 2797 δ’
2638 2741 2777 2797 ἔστιν
2808 2746 2919 2817 (46)
2950 2742 2983 2797 ἃ
3029 2744 3119 2798 καὶ
3172 2748 3413 2820 παρορᾷν
3468 2741 3713 2817 ἄμεινον,

2066 2832 2204 2887 ὥστε
2258 2834 2491 2908 ὁρῶντας
2552 2834 2625 2905 μὴ
2688 2832 2952 2908 ὁρᾷν,καὶ
2996 2826 3291 2894 ’ἀκούοντας
3352 2834 3427 2906 μὴ
3479 2831 3712 2902 ἀκούειν,

2065 2923 2200 2977 κατά
2237 2924 2335 2990 τὴν
2387 2922 2704 2997 παροιμίαν,
2733 2919 2825 2975 ’ίνα
2878 2923 2953 2994 μὴ
3005 2922 3140 2995 πρὸς
3189 2923 3444 2977 ἀπόνοιαν
3474 2925 3587 2997 (47)
3617 2922 3716 2977 αὐ-

2067 3012 2191 3074 τοὺς
2244 3010 2585 3087 ἐρεθίζωμεν,
2634 3012 2713 3083 τῷ
2762 3009 3048 3086 φιλοπόνῳ
3096 3015 3203 3065 τῶν
3251 3010 3499 3087 ἐλέγχων
3562 3031 3721 3067 κατα-

2072 3097 2418 3169 ϐαπτίζοντες
2453 3102 2585 3173 (48),
2618 3097 2705 3153 καί
2762 3099 2920 3160 τέλος
2977 3100 3111 3171 πρὸς
3170 3099 3343 3153 πάντα
3397 3103 3719 3173 ποιήσωμεν

2071 3189 2414 3265 τολμηροὺς,
2447 3189 2507 3242 τὸ
2537 3196 2636 3257 τῆς
2669 3190 2887 3250 πειθοῦς
2917 3189 3201 3265 φάρμακον
3235 3190 3334 3257 τὴν
3363 3187 3500 3243 αἰδῶ
3533 3186 3721 3243 διαλύ-

2077 3299 2275 3339 σαντες.
2310 3277 2405 3332 Καὶ
2469 3277 2651 3349 μέντοι
2698 3276 2786 3329 καὶ
2836 3276 3112 3351 ὀργιστέον
3162 3276 3323 3341 τισὶν,
3357 3275 3456 3330 οὐκ
3507 3276 3723 3351 ὀργιζο-

2080 3365 2301 3438 μένους·
2372 3365 2461 3418 καὶ
2545 3363 2913 3438 ὑπεροπτέυν,
2979 3363 3085 3437 οὐχ
3153 3364 3567 3437 ὑπερορῶντας’
3636 3362 3725 3416 καὶ

2076 3451 2473 3527 ἀπογνωστέον,
2525 3452 2623 3505 οὐκ
2686 3452 3180 3525 ἀπογινώσκοντας,
3228 3450 3365 3505 ὅσων
3411 3453 3524 3524 (49)
3565 3455 3726 3505 τοῦτο

2075 3544 2110 3611 ἡ
2166 3540 2317 3617 ρόσις
2375 3540 2638 3610 ἐπιζητεῖ.
2685 3538 2785 3593 Καὶ
2838 3537 3042 3600 ἄλλους
3099 3538 3356 3610 ἐπιεικείᾳ
3572 3550 3725 3615 θερα-

2075 3630 2295 3683 πευτέον
2354 3628 2443 3682 καὶ
2502 3626 2868 3700 ταπεινότητι,
2928 3627 3017 3682 καὶ
3075 3633 3153 3700 τῷ
3218 3629 3727 3702 συμπροθυμεῖσθαι

2078 3715 2144 3786 δὴ
2177 3718 2300 3793 περὶ
2347 3719 2440 3778 τὰς
2490 3717 2857 3792 χρηστοτέρας
2908 3714 3148 3778 ἐλπίδας.
3183 3717 3281 3771 Καὶ
3328 3716 3456 3780 τοὺς
3511 3716 3605 3791 μὶν
3656 3737 3729 3770 νιο

2077 3913 2405 3971 Gabrielius
2429 3915 2597 3985 juxta
2620 3911 2935 3986 Augustini
2973 3916 3031 3967 et
3061 3911 3325 3986 Gregorii
3362 3911 3560 3986 magni
3593 3926 3725 3967 sen-

2077 3987 2338 4047 tentiam,
2378 3982 2447 4039 ac
2481 3982 2783 4056 contendit
2829 3999 3123 4056 nusquam
3179 3982 3333 4056 apud
3364 3982 3725 4055 Theologum

2078 4057 2308 4127 ἀπονοίᾳ
2338 4080 2364 4106 ‹‹
2399 4054 2866 4127 desperationem
2900 4077 2928 4104 »
2961 4054 3301 4126 signiﬁcari,
3334 4056 3438 4110 sed
3472 4078 3500 4105 «
3524 4054 3728 4127 contu-

2078 4130 2347 4194 maciam,
2384 4150 2412 4177 »
2432 4126 2533 4197 aut
2562 4127 3037 4197 «arrogantiam,
3059 4148 3086 4176 ››
3106 4132 3207 4182 aut
3239 4149 3267 4177 «
3297 4126 3727 4182 dementiam.»

2149 4202 2261 4283 (48)
2295 4192 2816 4283 Καταὸαπτίζονιτεξ.
2851 4192 3114 4283 giaediti'
3158 4197 3312 4283 libri,
3367 4198 3467 4253 sed
3502 4198 3728 4283 frustra

2079 4265 2378 4345 quaesieris
2414 4271 2471 4345 in
2537 4270 2791 4345 scriptis.
2854 4268 2966 4324 Alii
3024 4269 3239 4345 babent
3297 4265 3729 4345 καταπιέζοντες,

2079 4339 2205 4415 quae
2235 4344 2422 4398 verior
2446 4342 2615 4397 lectio
2653 4339 2904 4415 videtur,
2938 4361 2966 4389 «
3024 4341 3445 4415 deprimentes,
3486 4339 3733 4415 concul—

2076 4410 2295 4469 cantes.
2331 4436 2357 4464 »
2391 4414 2481 4467 Sic
2502 4410 2844 4478 duoCoisl.,
2866 4410 3206 4484 tresllegii,
3258 4416 3378 4467 tres
3407 4410 3566 4484 golb.
3593 4410 3727 4475 Alii,

2076 4485 2505 4543 καταπιὲσαντες.
2530 4486 2608 4538 ita
2637 4488 2756 4538 tres
2786 4482 2964 4554 Colb.,
2999 4481 3132 4537 Or:
3160 4492 3204 4549 ι,
3259 4489 3367 4539 etc.
3414 4481 3729 4554 Vulgatam

2079 4564 2275 4635 tamen
2305 4555 2887 4635 lectionemretinere
2916 4553 3105 4609 visum
3140 4560 3248 4635 est,
3279 4554 3432 4626 quod
3490 4553 3603 4635 ipsi
3653 4554 3731 4635 fa-

2078 4634 2173 4684 vet
2204 4628 2313 4683 iste
2335 4625 2819 4698 GregoriiMagni
2853 4625 3017 4698 locus
3052 4642 3064 4678 :
3103 4648 3130 4674 ‹‹
3160 4623 3721 4698 Cum'vero,_inquit,

2080 4717 2305 4772 pravus
2327 4693 2577 4772 quisque
2604 4693 2973 4768 impudenter
2994 4697 3327 4772 in_note_s_ci_t,
3354 4712 3468 4766 quo
3485 4693 3726 4772 liberius

2080 4767 2250 4826 omne
2283 4767 2507 4824 facinus
2541 4767 2852 4839 perpetrat,
2888 4784 2953 4823 eo
2987 4767 3159 4839 etiam
3192 4767 3416 4839 licitum
3444 4770 3635 4839 putat,
3672 4768 3730 4839 et

2082 4841 2490 4926 quodlicitum
2523 4834 2873 4926 suspicatur,
2899 4840 2962 4926 in
2988 4838 3097 4926 hoc
3129 4838 3326 4926 procul
3349 4834 3539 4926 'dubi'o
3567 4834 3729 4926 mull-

2079 4907 2335 4984 tiplicius
2370 4907 2669 4984 mergitur.
2708 4933 2727 4958 ι
2763 4927 2821 4984 ui
2843 4907 3004 4984 parte
3034 4907 3193 4984 Cyrae
3216 4924 3316 4964 seu
3341 4907 3527 4979 Regul.
3558 4912 3729 4979 past,

2082 4981 2207 5056 cap.
2244 4985 2333 5044 3i,
2367 4981 2714 5056 Μωσῆς-32,
2750 4981 2841 5056 ed.
2878 4981 3193 5056 Par._i705.

2154 5047 2267 5126 (49)
2308 5056 2505 5109 Ὂσων.
2540 5052 2649 5109 Alii
2679 5053 2911 5126 codices
2939 5052 3176 5126 habent,
3197 5047 3339 5126 ὅσον.
3373 5048 3520 5104 Hinc
3546 5048 3729 5126 Elias:

2085 5148 2113 5177 ‹‹
2144 5119 2423 5197 quoniam
2458 5130 2651 5181 autem
2687 5124 2752 5197 in.
2779 5122 3100 5197 nonnullis,
3136 5122 3348 5197 inquit,
3381 5119 3733 5197 exemplari-

2081 5192 2219 5278 bus,
2246 5215 2349 5278 per
2377 5216 2405 5249 ο
2438 5197 2557 5278 li'sec
2586 5213 2693 5278 vox
2722 5192 2861 5247 ὅσων
2895 5196 3113 5278 scripta
3147 5195 3455 5278 reperitur,
3486 5192 3571 5248 sic
3602 5207 3737 5278 sen-

2082 5286 2184 5324 sus
2206 5265 2301 5324 hic
2335 5268 2506 5323 fuerit
2540 5286 2551 5322 :
2580 5269 2651 5322 ob
2701 5265 3014 5320 nonnullos
3070 5271 3301 5320 tantum
3360 5265 3736 5321 irascendum

2082 5359 2146 5396 ac
2177 5342 2607 5411 desperandum
2639 5337 3251 5408 esse,quantumlicet,
3278 5353 3343 5392 ac
3375 5353 3508 5393 vera
3536 5336 3735 5393 reina-

1950 5443 1971 5452 -
2080 5419 2212 5467 tura
2245 5412 2438 5481 exigit.
2471 5432 2496 5458 »

2156 5486 2262 5549 ι50)
2292 5477 2600 5548 Ἐῖτειεικείφ
2637 5501 2663 5527 ‹‹
2704 5479 2811 5552 Jus
2869 5479 3261 5544 infractum,»
3314 5479 3507 5552 inquit
3554 5477 3730 5545 Elias,

2081 5555 2134 5610 id
2161 5559 2267 5620 est,
2294 5554 2445 5623 quod
2481 5553 2550 5606 de
2592 5550 2927 5607 serveritate
2954 5551 3207 5623 aliquid
3241 5550 3560 5623 remittitur
3598 5566 3615 5618 ;
3666 5552 3732 5605 ut

2083 5626 2238 5681 enim
2273 5620 2522 5693 Tullius,
2553 5644 2581 5675 ‹‹
2615 5638 2916 5681 summum
2942 5620 3334 5696 Jus,'summa
3361 5620 3600 5693 iniuria.
3628 5639 3660 5671 ιο
