4152 6286
421 416 535 477 Nl

1538 421 1833 484 ORATIO
1878 420 1955 482 II.
1991 451 2069 466 --
2096 420 2662 483 APOLOGETICA.

3707 422 3825 481 M2

419 554 533 619 κᾷν,
565 553 672 603 τῶν
737 546 793 604 δὲ
844 552 1103 618 ἡττᾶσθαι
1161 550 1431 615 πολλάκις
1482 550 1937 623 λυσιτελέστερον·
1971 550 2052 605 καί

2176 553 2435 623 requirit.
2468 553 2576 608 Alii
2602 571 2807 609 rursus
2840 552 3077 607 lenitate
3124 556 3181 607 et
3206 550 3538 608 humilitate
3576 552 3823 607 curandi

418 643 523 693 τῶν
584 639 676 710 μὲν
729 638 982 713 εὐπορίαν
1030 640 1118 693 καὶ
1172 639 1499 708 δυναστείαν,
1539 646 1643 695 τῶν
1692 638 1748 695 δὲ
1794 640 1976 694 πενίαν
2027 641 2060 707 ἢ

419 724 772 803 δυσπραγίαν,
804 730 838 796 ἢ
866 728 1094 783 ἐπαινεῖν
1186 730 1513 805 ἀπεύχεσθαι
1546 734 1682 803 (51).

2170 646 2328 704 sunt,
2364 646 2537 710 atque
2587 642 2761 696 alacri
2796 644 2989 695 animo
3038 658 3153 693 una
3185 656 3317 693 cum
3368 640 3480 692 illis
3512 639 3811 695 meliorem

2168 746 2332 800 spem
2364 730 2679 785 induendo.
2720 729 2879 785 Alios
2927 730 3175 795 vincere,
3232 731 3302 783 ab
3352 728 3481 783 aliis
3508 728 3659 783 vinci
3694 727 3817 798 ple-

414 835 665 890 rumque
697 818 901 874 utilius
928 819 1133 875 fuerit:
1167 826 1346 892 atque
1375 821 1624 877 aliorum
1654 837 1793 893 opes
1823 825 1881 876 et
1928 818 2266 892 potentiam,
2301 819 2547 875 aliorum
2598 820 2856 890 inopiam
2883 823 2939 874 et
2988 818 3397 885 calamitatem,
3431 817 3516 871 vel
3547 815 3813 888 laudare,

415 907 501 962 vel
532 908 854 978 deprecari.

484 997 605 1049 AI".
639 995 716 1052 Οὐ
758 996 862 1071 γὰρ
908 994 1085 1069 ὥσπερ
1136 996 1223 1051 ἐπὶ
1270 1003 1370 1065 τῆς
1416 998 1611 1073 ἀρετῆς
1660 995 1777 1073 ἔχει
1825 997 1914 1052 καὶ
1960 1003 2060 1065 τῆς

413 1083 619 1151 κακίας,
653 1086 753 1152 τήν
803 1086 895 1157 μὲν
948 1082 1245 1154 καλλίστην
1304 1088 1437 1140 εἶναι
1486 1086 1572 1141 καὶ
1626 1086 2060 1163 ὠφελιμωτάτην

416 1171 612 1227 ἀείκαὶ
644 1179 795 1242 πᾶσι,
828 1176 927 1242 τὴν
961 1172 1017 1228 δὲ
1056 1174 1338 1250 χειρίστην
1370 1196 1429 1251 τε
1470 1176 1560 1230 καὶ
1613 1170 2056 1251 βλαϐερωτάτηψ

418 1261 560 1316 οὕτω
614 1262 703 1315 καὶ
736 1265 848 1336 (52)
898 1264 998 1330 τῆς
1055 1264 1388 1339 φαρμακείας
1438 1271 1537 1333 τῆς
1588 1264 1880 1338 ἡμετέρας,
1905 1261 1959 1319 ’έν
2006 1286 2061 1319 τι

414 1352 503 1405 καὶ
550 1351 611 1404 τὸ
657 1349 786 1405 αὐτὸ
836 1350 1198 1425 ὑγιεινότατον
1228 1355 1361 1425 (53),
1395 1356 1428 1423 ἣ
1480 1351 1933 1429 ἐπισφαλέστατον
1977 1353 2057 1409 ἀεὶ

413 1440 650 1501 καὶτοῖς
698 1439 882 1501 αὐτοῖς
933 1437 1304 1495 ἀποδέδεικται
1338 1444 1355 1515 (
1402 1444 1473 1515 4)·
1509 1444 1622 1496 οἷον
1667 1443 1729 1496 τὸ
1767 1442 2057 1518 αὐστηρὸν,

413 1530 447 1597 ἢ
479 1530 539 1584 τὸ
569 1534 739 1602 πρᾶον
796 1531 928 1601 (55),
962 1530 995 1597 ἣ
1043 1534 1149 1584 τῶν
1210 1528 1394 1585 ἄλλων
1454 1533 1527 1585 ὧν
1583 1532 2056 1605 ἀπηριθμησάμην

412 1615 657 1673 ἕκαστον.
692 1616 862 1673 Ἀλλᾶ
890 1624 1008 1680 τοῖς
1052 1620 1144 1692 μὲν
1193 1623 1353 1675 τοῦτο
1400 1620 1565 1675 καλὸν
1621 1620 1708 1675 καὶ
1758 1622 2057 1696 χρήσιμον,

410 1712 526 1768 τοῖς
558 1704 614 1761 δὲ
643 1706 949 1761 τούναντίον
1125 1707 1311 1779 πάλιν,
1348 1708 1495 1772 ὅπως
1530 1710 1611 1781 ἂν,
1646 1710 1821 1783 οἶμαι,
1856 1711 2058 1783 συμπί-

411 1816 614 1850 πτωσιν
668 1797 778 1868 (57)
831 1795 882 1849 οἳ
939 1816 997 1850 τε
1048 1797 1226 1872 καιροὶ
1284 1797 1372 1851 καὶ
1431 1798 1497 1851 τὰ
1544 1799 1856 1874 πράγματα,
1906 1799 2057 1855 καὶὸ

412 1889 517 1939 τῶν
594 1882 1035 1957 θεραπευομένων
1111 1883 1431 1959 ἐπιδέχηται
1484 1888 1707 1961 τρόπος.
1767 1890 1834 1943 Ἃ
1888 1886 2059 1942 πάντα

418 1975 513 2047 μὶν
567 1970 834 2028 διελέσθαι
891 1972 1061 2049 λόγῳ,
1094 1975 1183 2028 καὶ
1236 1973 1461 2030 συνιδεῖν
1514 1975 1601 2030 ἐπὶ
1647 1977 1709 2030 τὸ
1740 1970 2055 2052 ἀκριϐέστα-

2240 995 2483 1052 ΧΧΧΙΙΙ.
2517 997 2709 1066 Neque
2739 998 2919 1071 enim,
2968 995 3463 1066 quemadmodum
3513 992 3574 1048 in
3604 992 3820 1051 virtute

2169 1102 2235 1140 ac
2267 1086 2403 1139 vitio
2456 1102 2546 1139 res
2578 1102 2637 1139 se
2688 1085 2880 1149 habet,
2919 1090 2980 1137 ut
3011 1084 3111 1138 illa
3159 1084 3393 1155 quidem
3429 1099 3658 1154 semper
3688 1081 3819 1154 pul-

2169 1173 2459 1229 cherrima
2487 1179 2543 1228 et
2573 1174 2847 1228 omnibus
2871 1172 3185 1228 utilissima
3213 1173 3309 1241 sit,
3338 1172 3447 1227 hoc
3478 1177 3671 1227 autem
3706 1175 3821 1225 tur-

2169 1262 2481 1333 pissimum
2531 1267 2588 1317 et
2640 1262 3204 1334 perniciosissimum
3250 1261 3363 1327 sit;
3414 1260 3615 1316 eodem
3648 1260 3819 1315 modo

2172 1351 2470 1407 medicina;
2520 1368 2757 1422 quoque
2802 1356 3011 1405 nostra
3062 1350 3209 1405 ratio
3257 1367 3324 1404 ea
3378 1356 3485 1420 est,
3538 1353 3603 1405 ut
3633 1365 3819 1404 unum

2166 1440 2438 1510 idemque
2473 1440 2961 1494 medicamentum
3014 1439 3219 1493 iisdem
3272 1455 3503 1510 semper
3538 1438 3626 1494 vel
3657 1438 3819 1493 salu-

2169 1528 2488 1583 berrimum
2521 1529 2618 1594 sit,
2651 1529 2737 1583 vel
2766 1527 3328 1600 periculosissimum
3357 1544 3368 1583 :
3420 1528 3577 1583 verbi
3607 1528 3815 1599 gratia,

2168 1617 2454 1674 acerbitas
2485 1622 2585 1672 aut
2625 1617 2953 1685 clementia,
2987 1621 3087 1671 aut
3134 1633 3312 1671 unum
3370 1618 3641 1689 quodque
3674 1616 3817 1671 alio-

2169 1724 2320 1771 rum.
2356 1724 2480 1778 quaa
2514 1708 2685 1761 modo
2736 1725 2768 1761 a
2798 1707 2966 1761 nobis
3017 1710 3359 1760 enumerata
3407 1709 3563 1760 sunt.
3597 1708 3815 1761 Verum

2168 1795 2299 1852 aliis
2330 1796 2437 1851 hoc
2470 1795 2764 1851 medicinae
2796 1812 2980 1867 genus
3002 1795 3221 1849 bonum
3246 1799 3419 1865 atque
3447 1793 3587 1849 utile
3621 1794 3815 1865 fuerit,

2170 1885 2301 1942 aliis
2350 1889 2544 1940 autem
2589 1902 2823 1940 rursum
2875 1885 3230 1939 contrarium
3282 1883 3553 1939 medendi
3592 1899 3816 1955 genus;

2168 1980 2361 2046 prout,
2394 1974 2618 2045 opinor,
2650 1973 2737 2029 vel
2771 1990 2863 2029 res
2894 1972 2981 2028 vel
3013 1973 3237 2029 occasio
3271 1972 3489 2038 tulerit,
3521 1971 3607 2028 vel
3639 1988 3820 2044 agro-

406 2083 499 2118 τον
533 2065 666 2136 (58),
700 2061 837 2117 ὥστε
883 2062 972 2117 καὶ
1022 2062 1303 2141 κεφαλαίῳ
1340 2067 1453 2137 (59)
1480 2066 1579 2134 τήν
1631 2065 1912 2139 θεραπείαν
1964 2086 2052 2120 πε-

2176 2064 2423 2119 tantium
2457 2064 2709 2135 denique
2758 2080 2948 2119 mores
2997 2062 3361 2118 admiserint.
3413 2064 3547 2128 Quas
3578 2061 3817 2132 quidem

410 2146 653 2229 ριλαϐεῖν
703 2152 1015 2226 ἀμήχανον,
1060 2152 1156 2206 κᾶν
1219 2152 1305 2206 ἐπὶ
1352 2153 1605 2208 πλεῖστον
1673 2152 1910 2226 ἐξίκηταί
1973 2174 2056 2215 τις

410 2238 724 2312 ἐπιμελείας
756 2261 815 2294 τε
842 2240 932 2294 καὶ
964 2241 1243 2302 συνέσεως’
1275 2240 1362 2295 ἐπὶ
1396 2239 1453 2296 δὲ
1498 2244 1595 2309 τῆς
1647 2241 1835 2317 πείρας
1886 2243 2053 2312 αὐτῆς

406 2329 496 2384 καὶ
528 2334 633 2382 τῶν
664 2330 997 2404 πραγμάτων
1028 2331 1105 2400 τῷ
1136 2332 1431 2405 θεραπευτῇ
1465 2329 1620 2405 λόγῳ
1648 2331 1737 2386 καὶ
1768 2328 1921 2407 ἀνδρὶ
1944 2335 2055 2406 (60)

408 2418 671 2497 καταφαίν
680 2439 813 2474 εται.

477 2691 593 2740 ΛΔ’.
628 2683 877 2748 Καθόλου
906 2683 963 2739 δὲ
992 2688 1126 2758 ἡμῖν
1160 2686 1330 2741 έκεῖνο
1360 2688 1657 2762 γνώριμον,
1677 2685 1782 2755 ὅτι,
1813 2685 2051 2759 καθάπερ

401 2778 519 2834 τοῖς
570 2773 657 2827 ἐπὶ
709 2773 882 2827 κάλου
913 2777 1026 2843 (61)
1062 2776 1333 2849 μετεώρου
1384 2775 1473 2829 καὶ
1533 2774 1750 2848 ὑψηλοῦ
1814 2775 2053 2851 βαίνουσι

401 2858 535 2933 τῇδε
564 2864 598 2929 ἢ
625 2860 756 2935 τῇδε
789 2861 1079 2915 ἀποκλῖναι
1113 2862 1209 2916 οὐκ
1248 2862 1505 2937 ἀσφαλὲς,
1540 2861 1664 2917 οὐδὲ
1722 2864 1797 2925 είς
1861 2867 2049 2939 μικρὸν

407 2949 641 3025 φέρουσα
671 2954 704 3018 ἡ
761 2951 924 3024 ῥοπή,
960 2950 1054 3005 κᾶν
1110 2955 1276 3027 μικρά
1324 2953 1599 3029 φαίνηται,
1635 2950 1898 3030 ἀσφάλεια
1944 2956 2051 3025 (62)

412 3036 470 3092 δὲ
519 3037 699 3099 αὐτοῖς
730 3042 765 3108 ἠ
799 3039 1085 3115 ἷσορῥοπία
1133 3040 1464 3103 καθίσταται·
1500 3040 1642 3095 οὕτω
1690 3041 1785 3095 κάν
1837 3041 2051 3103 τούτοις

410 3125 719 3200 ὁποτέρωσε
774 3126 931 3202 νεύσῃ
966 3132 1079 3202 (63)
1108 3150 1213 3198 τις,
1247 3126 1353 3183 εἷ’τε
1412 3127 1500 3183 διὰ
1556 3129 1763 3200 κακίαν,
1825 3126 1930 3184 εἷπε
1984 3128 2054 3183 δι’

406 3213 687 3288 ἀμάθειαν,
743 3214 985 3278 κίνδυνος
1040 3218 1147 3293 οὐχ
1194 3220 1221 3273 ὁ
1264 3220 1445 3293 τυχὼν
1511 3217 1656 3290 αὐτῷ
1697 3239 1756 3273 τε
1803 3218 1891 3273 καὶ
1936 3222 2052 3280 τοῖς

404 3305 694 3379 ἀγομένοις
749 3310 845 3360 τοῦ
902 3312 1001 3374 τῆς
1060 3308 1326 3382 ἁμαρτίας
1385 3309 1698 3380 πτώματος.
1734 3305 1889 3362 Ἀλλ’
1942 3304 2053 3379 ὀδῷ

403 3391 662 3469 βασιλικῇ
713 3395 1001 3470 πορευτέον
1058 3391 1242 3468 ὅντως,
1296 3397 1385 3451 καὶ
1454 3395 1857 3472 περισκεπτέον,
1911 3398 2050 3469 μήτε

400 3482 478 3543 εἷς
546 3478 690 3551 δεξιὰ
742 3484 882 3555 μήτε
932 3482 1011 3537 οἷς
1063 3484 1336 3558 ἀριστερὰ,
1386 3484 1562 3544 καθὼς
1626 3483 1679 3537 α).
1748 3482 2047 3558 Παροιμίαι

400 3569 577 3646 φασὶν,
612 3567 975 3631 ἐκκλίνοντας.
1010 3570 1161 3625 Οὕτω
1216 3571 1309 3643 μὲν
1358 3568 1423 3639 δὴ
1454 3573 1521 3625 τὰ
1551 3574 1660 3645 (64)
1706 3576 1812 3625 τῶν
1864 3573 2045 3626 παθῶν

402 3655 517 3733 ἔχει
566 3662 673 3712 τῶν
714 3659 1021 3732 ἡμετέρων,
1054 3660 1143 3713 καὶ
1189 3664 1444 3713 τοσοῦτον
1504 3660 1727 3723 ἐνταῦθα
1772 3662 1833 3714 τὸ
1890 3656 2046 3736 ἔργον

401 3744 485 3818 τῷ
518 3748 701 3820 ἀγαθῷ
732 3746 976 3819 ποιμένι.
1026 3753 1103 3819 τῷ
1151 3752 1408 3823 γνωστῶς
1440 3752 1553 3819 (65)
1585 3751 1914 3822 γνωσομένῳ
1952 3752 2051 3823 ψυ-

401 3835 505 3911 χὰς
533 3836 813 3908 ποιμνίου,
846 3837 933 3890 καὶ
986 3836 1392 3913 ἀφηγησομένῳ
1421 3838 1557 3891 κατὰ
1601 3837 1760 3913 λόγον
1813 3858 2048 3911 ποιμαν-

400 3931 580 3996 τικῆς,
610 3931 711 3993 τῆς
766 3946 827 4001 γε
888 3924 1053 3998 ὀρθῆς
1098 3926 1187 3979 καὶ
1233 3923 1465 3998 δικαίας,
1495 3926 1583 3980 καὶ
1632 3931 1728 3981 τοῦ
1785 3926 2051 3997 ἀληθινοῦ

404 4012 665 4087 ποιμένος
694 4017 853 4087 ἡμῶν
888 4014 1059 4085 ἀξίας.

472 4282 592 4336 ΛΕ’.
627 4279 807 4348 Δῦτήν
842 4278 899 4335 δὶ
928 4282 1027 4349 τὴν
1056 4286 1157 4337 τοῦ
1199 4282 1364 4358 λόγου
1414 4282 1701 4357 διανομὴν,
1729 4281 1816 4337 ἵνα
1864 4282 2050 4339 τελευ-

468 4430 515 4464 ⁶⁴
545 4430 708 4486 Prov.
744 4449 820 4500 ιν,
851 4434 941 4489 27.
1020 4435 1065 4469 ⁸⁸
1094 4435 1262 4491 Prov.
1294 4454 1473 4507 xxvn,
1506 4438 1596 4491 23.

474 4599 585 4674 (51)
616 4597 993 4674 Ἀπεύχισθαι.
1049 4604 1173 4659 Bill.
1236 4606 1295 4659 in
1346 4606 1368 4660 4
1425 4605 1516 4661 ed.
1569 4628 1596 4655 «
1650 4606 1966 4673 Exsecrari,
2022 4627 2050 4655 »

399 4671 575 4747 Gabr.
607 4671 961 4747 «detestari,
994 4696 1021 4723 ››
1053 4676 1195 4731 Oliv.
1228 4699 1254 4725 ‹‹
1288 4676 1550 4747 Culpare.
1585 4699 1613 4726 »

434 4742 581 4830 ~(52)
633 4741 787 4796 Οὕτω
844 4743 954 4800 καί.
1014 4748 1156 4802 Tres
1200 4748 1357 4803 Colb.
1394 4741 1597 4808 ὀὕτως
1656 4746 1753 4801 οὐκ
1808 4742 2051 4822 ἔχεικαὶ

396 4832 576 4967 ἷηξέὲ)
612 4882 1212 4967 ,Ὑχιεινρτοετονηείο-
1247 4890 1406 4967 Βεειὶ
1458 4906 1662 4967 omnes
1719 4894 1776 4946 et
1818 4891 1975 4947 Colb.
2010 4891 2051 4959 i,

395 4956 570 5036 Coifi.
688 4956 869 5036 01:21,
903 4958 1021 5013 Jes.
1056 4959 1115 5036 19
1147 4956 1658 5036 ed._6~{vta_tvdt_arov.

610 5024 1037 5104 ᾉποδέδεικται.
1057 5031 1213 5104 ῃΒθς.
1247 5024 1347 5100 hd,
1382 5030 1783 5104 ἀποδείκνυται.

431 5098 579 5179 ..(55)
610 5098 678 5153 Ἢ
704 5099 770 5179 τὸ
808 5104 1002 5179 πρᾶον.
1056 5098 1193 5175 Regi
1234 5110 1275 5175 t,
1307 5098 1396 5157 καὶ
1443 5104 1526 5174 τό,
1560 5106 1759 5160 Comb.
1796 5126 1825 5155 (ι
1857 5109 2050 5161 auste-

398 5171 544 5222 ritas
578 5190 605 5217 »
636 5172 722 5225 vel
758 5194 785 5220 ι(
814 5171 1046 5227 lenitas.
1082 5196 1110 5223 »

466 5239 579 5309 (56)
607 5239 944 5297 Τούναντίον.
972 5243 1081 5299 Alii
1114 5246 1374 5301 nonnulli
1406 5246 1469 5301 τὸ
1502 5245 1761 5302 ἐναντίον.

468 5310 579 5432 (57)
641 5311 1043 5382 Συμπίπτωσιν.
1107 5316 1201 5372 Sic
1262 5335 1465 5376 omnes
1526 5319 1773 5375 codices.
1833 5319 1896 5375 In
1955 5318 2045 5375 ed.

470 5400 548 5432 απ
578 5400 823 5432 πτουσιν-

396 5400 823 5449 συμπιπτουσιν.

466 5452 735 5533 (58)-ςΕπὶ
772 5455 833 5508 τὸ
888 5451 1291 5533 ἆκριξέστατον.
1344 5461 1522 5533 Regg.
1573 5463 1691 5516 bm.
1734 5461 1839 5533 hu,
1873 5460 2047 5516 Coisl.

393 5524 450 5590 4,
486 5524 747 5581 melioris
778 5524 965 5587 notae.
999 5528 1076 5589 εἷς
1123 5528 1183 5583 τό
1218 5532 1353 5603 Reg.
1405 5524 1549 5601 tinet
1596 5532 1769 5590 Cois].
1814 5533 1867 5598 4,
1896 5533 2050 5605 ἀκρι-

395 5588 670 5648 ὄέστεσον.

464 5615 670 5670 στερον.

468 5667 708 5746 (59)Καί
740 5669 1043 5746 κεφαλαίῳ.
1084 5675 1277 5746 ‘Regg.
1326 5676 1492 5732 codd.
1549 5676 1590 5741 l,
1622 5693 1675 5743 x,
1716 5694 1767 5744 z,
1798 5676 1957 5733 Colb.
1990 5677 2045 5742 7,

390 5738 570 5797 Pass.
588 5738 825 5799 habent'
840 5738 892 5797 έν
934 5738 1243 5814 κεφαλαίῷἶ

2166 2152 2363 2208 omnia
2394 2170 2662 2207 sermone
2693 2152 3072 2224 distinguere,
3115 2156 3289 2223 atque
3322 2152 3401 2206 ita
3453 2156 3647 2206 exacte
3678 2167 3816 2222 per-

2165 2242 2409 2312 spicere,
2441 2246 2505 2296 ut
2534 2245 2653 2296 tota
2683 2241 2949 2296 medendi
2978 2242 3125 2296 ratio
3158 2242 3216 2295 in
3247 2256 3542 2296 summam
3573 2238 3813 2311 colliga-

2164 2334 2281 2395 tur,
2314 2329 2677 2399 impossibile
2706 2335 2813 2398 est,
2837 2336 3289 2401 quantacunque
3311 2346 3450 2384 cura
3478 2332 3537 2385 et
3565 2328 3813 2401 diligen-

2162 2421 2244 2473 tia
2267 2418 2598 2489 ingeniique
2620 2418 2938 2490 sagacitate
2959 2419 3249 2490 quispiam
3276 2418 3521 2489 polleat:
3553 2418 3612 2473 in
3637 2419 3813 2474 rebus

2163 2510 2360 2562 tamen
2419 2508 2564 2579 ipsis
2610 2512 2667 2562 et
2714 2508 3126 2579 experimentis
3174 2506 3445 2563 curatrici
3492 2506 3705 2563 rationi
3761 2511 3818 2561 et

2163 2596 2389 2650 medico
2422 2594 2731 2667 perspicua
2761 2597 2929 2651 ﬁunt.
3700 2648 3705 2651 _
3812 2644 3815 2645 ν

2234 2684 2472 2741 XXXIV.
2509 2690 2572 2739 In
2606 2685 2941 2739 universum
2975 2690 3166 2740 autem
3190 2685 3334 2739 illud
3361 2685 3513 2755 apud
3545 2702 3653 2741 nos
3685 2701 3818 2741 con-

2162 2778 2299 2838 stat,
2333 2774 2485 2844 quod
2511 2774 3006 2845 quemadmodum
3030 2774 3089 2827 in
3118 2773 3353 2828 sublimi
3378 2778 3433 2828 et
3454 2772 3708 2844 pendulo
3732 2775 3816 2829 fu-

2162 2876 2233 2913 ne
2265 2861 2688 2931 gradientibus,
2724 2862 2782 2915 in
2810 2862 2961 2917 hanc
2990 2861 3073 2914 vel
3107 2861 3261 2915 illam
3296 2867 3515 2930 partem
3550 2861 3820 2917 deﬂecte-

2163 2966 2243 3015 re,
2280 2949 2519 3003 miuime
2551 2956 2743 3003 tutum
2795 2957 2901 3015 est,
2955 2967 3056 3005 nec
3089 2950 3263 3003 etiam
3309 2968 3484 3020 parva
3512 2950 3811 3005 inclinatio

2162 3052 2407 3108 parvum
2459 3037 2782 3109 periculum
2830 3039 3012 3103 atl‘ert,
3066 3054 3261 3093 verum
3311 3054 3510 3093 eorum
3561 3038 3721 3094 salus
3752 3039 3813 3093 in

2163 3125 2487 3197 aequilibrio
2523 3126 2714 3198 posita
2746 3132 2872 3182 est:
2906 3127 2975 3181 ad
3011 3128 3281 3181 eumdem
3306 3144 3540 3199 quoque
3571 3128 3813 3183 modum

2162 3217 2445 3271 utramvis
2478 3216 2533 3269 in
2570 3221 2791 3287 partem
2826 3216 3139 3288 quispiam,
3186 3216 3303 3271 sive
3334 3218 3405 3271 ob
3436 3218 3563 3271 vitae
3596 3218 3813 3288 impro-

2160 3304 2422 3371 bitatem,
2458 3305 2575 3360 sive
2606 3305 2677 3359 ob
2700 3305 3051 3375 imperitiam
3087 3305 3476 3376 propenderit,
3514 3306 3669 3361 haud
3694 3306 3816 3362 leve

2160 3393 2510 3464 periculurn,
2560 3396 2685 3447 tum
2720 3393 2830 3465 ipsi
2862 3399 2987 3449 tum
3020 3395 3091 3449 iis
3113 3394 3325 3466 quibus
3358 3402 3581 3464 praeest,
3616 3395 3812 3450 immi-

2162 3486 2277 3549 net,
2313 3499 2382 3536 ne
2412 3482 2471 3536 in
2505 3487 2804 3553 peccatum
2840 3482 3238 3553 prolabuntur.
3265 3483 3540 3546 Quocirca
3569 3484 3659 3538 via
3686 3501 3813 3555 pro-

2158 3572 2251 3626 cul
2282 3573 2458 3628 dubio
2490 3574 2643 3645 regia
2670 3574 2812 3645 ipsis
2834 3574 3221 3629 incedendum
3252 3580 3358 3641 est,
3388 3591 3452 3629 ac
3476 3574 3815 3646 circumspi-

2160 3661 2459 3727 ciendum,
2491 3679 2561 3717 ne
2590 3663 2676 3718 vel
2709 3664 2780 3718 ad
2826 3665 3142 3732 dexteram,
3177 3663 3263 3718 vel
3307 3664 3630 3727 sinistram,
3656 3664 3815 3719 velut

2160 3751 2218 3805 in
2280 3751 2605 3807 Proverbiis
2687 3758 2776 3807 est
2847 3752 3139 3808 declinent
3197 3754 3262 3816 5‘,
3319 3756 3397 3807 Ac
3466 3752 3601 3807 talis
3660 3768 3817 3807 mor-

2161 3840 2369 3895 borum
2405 3846 2743 3896 nostrorum
2787 3849 2996 3896 natura
3025 3848 3131 3906 est,
3185 3846 3501 3910 tantusque
3533 3842 3682 3895 bono
3715 3858 3817 3912 pa-

2161 3927 2303 3984 stori
2334 3927 2499 3982 labor
2530 3929 2837 3992 incumbit,
2863 3930 2961 3999 qui
2986 3929 3178 4001 gregis
3202 3928 3431 3984 animas
3460 3928 3603 3983 scite
3626 3928 3820 4001 cogni-

2159 4022 2327 4074 turus
2376 4024 2483 4088 est,
2541 4025 2991 4092 perspectasque
3040 4021 3367 4088 habiturus,
3416 4020 3819 4092 eisquejuxta

2162 4108 2476 4180 pastoralis
2507 4109 2648 4163 artis
2680 4109 2834 4181 leges
2884 4110 3213 4180 prasiturus,
3247 4110 3533 4166 duntaxat
3560 4115 3730 4166 rectae
3758 4114 3817 4167 et

2154 4199 2351 4269 justm,
2378 4214 2443 4252 ac
2473 4215 2605 4252 vero
2639 4203 2870 4269 pastore
2901 4204 3098 4253 nostro
3127 4199 3285 4272 digni
3318 4200 3387 4254 ⁸⁸.

2235 4287 2333 4341 29
2364 4286 2580 4340 XXXV.
2614 4287 2742 4342 Jam
2786 4286 2976 4357 ipsam
3012 4289 3168 4342 verbi
3218 4288 3717 4360 distributionem,
3749 4294 3817 4348 ut

2401 4610 2709 4682 Θεραπευτῇ
2772 4606 2918 4682 λόγῳ
2973 4607 3060 4661 καὶ
3116 4605 3283 4678 ἀνδρί.
3348 4611 3551 4667 Billius
3601 4612 3660 4665 in
3692 4612 3819 4670 Elia

2160 4680 2349 4747 vertit,
2386 4702 2442 4755 (ι.
2472 4696 2501 4733 e
2552 4680 2773 4755 medico
2833 4680 3100 4755 sermone
3159 4688 3216 4736 et
3262 4682 3401 4738 viro.
3464 4705 3492 4733 »
3540 4682 3678 4739 Viro
3709 4702 3815 4755 pro

2162 4770 2190 4799 «
2223 4750 2495 4835 ιξὶιεξιιιθρ-ιο⁸
2520 4776 2540 4802 ι
2575 4753 2833 4835 positum
2867 4753 3111 4835 videtur:

2233 4822 2343 4893 (61)
2378 4818 2495 4874 Ἐπῖ
2522 4818 2735 4893 κοίλουηλ
2770 4823 2946 4893 Regg.
3001 4824 3166 4877 codd.
3214 4841 3247 4876 u
3299 4824 3529 4893 optimis
3580 4830 3726 4881 notes
3757 4829 3815 4882 et

2159 4908 2215 4957 x,
2241 4890 2501 4976 featIEabr.
2536 4891 2621 4976 ἐπὶ
2652 4890 3003 4976 κάλω-..νίψω
3035 4895 3207 4976 (ξοίει.
3243 4896 3291 4976 1ἶ

2242 4967 2356 5040 (62)
2389 4963 2699 5040 Ἀσφάλεια.
2737 4963 2863 5020 Bill.
2900 4966 2956 5019 in
2989 4966 3178 5037 prima
3230 4966 3345 5035 ed.,
3377 4989 3401 5015 ‹‹
3436 4964 3594 5022 salus
3623 4975 3676 5021 et
3724 4984 3814 5024 se-

2161 5057 2228 5094 cu
2240 5039 2399 5091 ritas.
2438 5058 2464 5085 »

2234 5110 2346 5181 (63)
2380 5105 2570 5181 Νεᾷσῃ.
2620 5107 2914 5181 ItaARegg.
2972 5108 3110 5181 bm,_
3144 5108 3182 5172 Ι,
3234 5107 3502 5181 2,,6011).
3554 5109 3607 5177 3,
3652 5126 3733 5181 In,
3761 5114 3819 5181 et

2160 5182 2280 5237 Jes.
2314 5178 2506 5235 Lectio
2597 5178 2826 5245 melior,
2880 5178 3147 5249 quamvis
3208 5178 3409 5233 rarior.
3463 5184 3526 5235 In
3576 5185 3665 5235 ed.
3698 5178 3818 5235 νεύ-

2162 5271 2262 5305 σει.

2232 5322 2343 5409 (64)
2377 5320 2483 5409 181‘s»
2525 5316 2589 5409 δὴ
2622 5319 2705 5409 τα.
2760 5318 2920 5409 ςιοίιθ.
2956 5320 2994 5387 i,
3052 5319 3145 5392 μὶν
3176 5316 3289 5376 οὖν.
3339 5325 3476 5393 Reg.
3511 5339 3563 5393 ε,
3598 5323 3692 5394 μὲν
3746 5319 3813 5392 δὴ

2158 5391 2246 5447 καῖ
2278 5391 2354 5445 τά,
2399 5391 2737 5463 Emphatica
2767 5392 2957 5463 lectio.

2230 5466 2341 5536 (65)
2374 5462 2724 5536 Γνωστῶςτιι
2765 5468 2885 5517 Νοη
2926 5462 3126 5517 leviter
3171 5469 3225 5518 et
3276 5464 3684 5534 perfunctorie,
3716 5484 3810 5523 ve-

2160 5534 2288 5591 rum
2323 5536 2524 5591 sedulo
2546 5540 2601 5589 et
2627 5534 2954 5605 diligenter.
2982 5556 3009 5583 »
3034 5536 3125 5590 Sic
3149 5536 3383 5606 exponit
3408 5536 3597 5601 Elias;
3631 5538 3806 5595 Gabr.

2158 5624 2312 5673 vero,
2351 5624 2517 5661 «non
2568 5606 2741 5660 modo
2790 5606 3061 5671 exterius,
3105 5624 3303 5661 verum
3358 5609 3530 5663 etiam
3566 5609 3811 5667 interius

2160 5679 2329 5751 plane
2357 5677 2618 5750 cognitas
2661 5694 2795 5734 oves
2824 5678 3057 5750 habere,
3113 5686 3176 5735 ut
3205 5686 3367 5735 vocet
3416 5697 3513 5737 eas
3546 5683 3809 5741 nomina-

2158 5750 2287 5807 tim.
2326 5772 2347 5801 ι
