  <div class='ocr_page' id='page_1' title='image "/cluster/home/n/w/nwhite01/storage/ocr_20150623/35/mdp.39015012934389/225.png"; bbox 0 0 4152 6286; ppageno 0'>
   <div class='ocr_carea' id='block_1_1' title="bbox 336 414 459 474">
    <p class='ocr_par' dir='ltr' id='par_1_1' title="bbox 336 414 459 474">
     <span class='ocr_line' id='line_1_1' title="bbox 336 414 459 474; baseline 0.008 -1"><span class='ocrx_word' id='word_1_1' title='bbox 336 414 459 474; x_wconf 69' lang='grc' dir='ltr'><strong>με</strong></span> 
     </span>
    </p>
   </div>
   <div class='ocr_carea' id='block_1_2' title="bbox 1575 418 2495 483">
    <p class='ocr_par' dir='ltr' id='par_1_2' title="bbox 1575 418 2495 483">
     <span class='ocr_line' id='line_1_2' title="bbox 1575 418 2495 483; baseline -0.004 0"><span class='ocrx_word' id='word_1_2' title='bbox 1575 420 1640 483; x_wconf 89' lang='lat' dir='ltr'><strong>S.</strong></span> <span class='ocrx_word' id='word_1_3' title='bbox 1686 419 2059 482; x_wconf 77' lang='lat' dir='ltr'><strong>GBEGORII</strong></span> <span class='ocrx_word' id='word_1_4' title='bbox 2100 418 2495 480; x_wconf 83' lang='lat' dir='ltr'><strong>THEOLOGI</strong></span> 
     </span>
    </p>
   </div>
   <div class='ocr_carea' id='block_1_3' title="bbox 3616 414 3735 473">
    <p class='ocr_par' dir='ltr' id='par_1_3' title="bbox 3616 414 3735 473">
     <span class='ocr_line' id='line_1_3' title="bbox 3616 414 3735 473; baseline 0 0"><span class='ocrx_word' id='word_1_5' title='bbox 3616 414 3735 473; x_wconf 70' lang='grc'><strong>444</strong></span> 
     </span>
    </p>
   </div>
   <div class='ocr_carea' id='block_1_4' title="bbox 334 541 1976 623">
    <p class='ocr_par' dir='ltr' id='par_1_4' title="bbox 334 547 1976 623">
     <span class='ocr_line' id='line_1_4' title="bbox 334 547 1976 623; baseline 0.002 -21"><span class='ocrx_word' id='word_1_6' title='bbox 334 547 491 618; x_wconf 89' lang='lat' dir='ltr'><strong>quod</strong></span> <span class='ocrx_word' id='word_1_7' title='bbox 540 552 873 604; x_wconf 87' lang='lat' dir='ltr'><strong>nostrorum</strong></span> <span class='ocrx_word' id='word_1_8' title='bbox 922 550 1186 605; x_wconf 88' lang='lat' dir='ltr'><strong>omnium</strong></span> <span class='ocrx_word' id='word_1_9' title='bbox 1238 551 1491 623; x_wconf 88' lang='lat' dir='ltr'><strong>primum</strong></span> <span class='ocrx_word' id='word_1_10' title='bbox 1542 555 1649 620; x_wconf 90' lang='lat' dir='ltr'><strong>est,</strong></span> <span class='ocrx_word' id='word_1_11' title='bbox 1684 556 1976 623; x_wconf 89' lang='lat' dir='ltr'><strong>postremo</strong></span> 
     </span>
    </p>
   </div>
   <div class='ocr_carea' id='block_1_5' title="bbox 2094 541 3734 623">
    <p class='ocr_par' dir='ltr' id='par_1_5' title="bbox 2094 541 3734 623">
     <span class='ocr_line' id='line_1_5' title="bbox 2094 541 3734 623; baseline -0.002 -20"><span class='ocrx_word' id='word_1_12' title='bbox 2094 553 2239 603; x_wconf 88' lang='grc' dir='ltr'>ταῖον</span> <span class='ocrx_word' id='word_1_13' title='bbox 2275 546 2409 603; x_wconf 78' lang='grc' dir='ltr'>εἷ’πω</span> <span class='ocrx_word' id='word_1_14' title='bbox 2438 548 2500 603; x_wconf 86' lang='grc' dir='ltr'>τὸ</span> <span class='ocrx_word' id='word_1_15' title='bbox 2530 551 2743 623; x_wconf 84' lang='grc' dir='ltr'>πρῶτον</span> <span class='ocrx_word' id='word_1_16' title='bbox 2775 550 2880 601; x_wconf 78' lang='grc' dir='ltr'><strong>τῶν</strong></span> <span class='ocrx_word' id='word_1_17' title='bbox 2912 544 3213 619; x_wconf 75' lang='grc' dir='ltr'><strong>ἡμετέρων,</strong></span> <span class='ocrx_word' id='word_1_18' title='bbox 3246 547 3342 599; x_wconf 88' lang='grc' dir='ltr'><strong>τοῦ</strong></span> <span class='ocrx_word' id='word_1_19' title='bbox 3392 541 3538 598; x_wconf 87' lang='grc' dir='ltr'>θείου</span> <span class='ocrx_word' id='word_1_20' title='bbox 3590 541 3734 621; x_wconf 80' lang='grc' dir='ltr'>λέγω</span> 
     </span>
    </p>
   </div>
   <div class='ocr_carea' id='block_1_6' title="bbox 332 632 1981 710">
    <p class='ocr_par' dir='ltr' id='par_1_6' title="bbox 332 632 1981 710">
     <span class='ocr_line' id='line_1_6' title="bbox 332 632 1981 710; baseline 0.002 -20"><span class='ocrx_word' id='word_1_21' title='bbox 332 632 459 692; x_wconf 91' lang='lat' dir='ltr'><strong>loco</strong></span> <span class='ocrx_word' id='word_1_22' title='bbox 492 636 701 703; x_wconf 89' lang='lat' dir='ltr'><strong>dicam,</strong></span> <span class='ocrx_word' id='word_1_23' title='bbox 739 638 940 704; x_wconf 82' lang='lat' dir='ltr'><strong>divini,</strong></span> <span class='ocrx_word' id='word_1_24' title='bbox 973 639 1237 710; x_wconf 89' lang='lat' dir='ltr'><strong>inquam,</strong></span> <span class='ocrx_word' id='word_1_25' title='bbox 1270 642 1425 696; x_wconf 83' lang='lat' dir='ltr'><strong>verbi</strong></span> <span class='ocrx_word' id='word_1_26' title='bbox 1464 647 1521 695; x_wconf 88' lang='lat' dir='ltr'><strong>et</strong></span> <span class='ocrx_word' id='word_1_27' title='bbox 1549 641 1757 696; x_wconf 82' lang='lat' dir='ltr'><strong>excelsi</strong></span> <span class='ocrx_word' id='word_1_28' title='bbox 1788 640 1981 696; x_wconf 89' lang='lat' dir='ltr'><strong>distri-</strong></span> 
     </span>
    </p>
   </div>
   <div class='ocr_carea' id='block_1_7' title="bbox 330 722 1985 800">
    <p class='ocr_par' dir='ltr' id='par_1_7' title="bbox 330 722 1985 800">
     <span class='ocr_line' id='line_1_7' title="bbox 330 722 1985 800; baseline 0.003 -22"><span class='ocrx_word' id='word_1_29' title='bbox 330 722 652 792; x_wconf 89' lang='lat' dir='ltr'><strong>butionem,</strong></span> <span class='ocrx_word' id='word_1_30' title='bbox 704 743 875 796; x_wconf 84' lang='lat' dir='ltr'><strong>quam</strong></span> <span class='ocrx_word' id='word_1_31' title='bbox 927 744 1127 783; x_wconf 87' lang='lat' dir='ltr'><strong>omnes</strong></span> <span class='ocrx_word' id='word_1_32' title='bbox 1176 729 1282 783; x_wconf 85' lang='lat' dir='ltr'><strong>hac</strong></span> <span class='ocrx_word' id='word_1_33' title='bbox 1330 734 1492 785; x_wconf 64' lang='lat' dir='ltr'><strong>astate</strong></span> <span class='ocrx_word' id='word_1_34' title='bbox 1541 730 1901 800; x_wconf 81' lang='lat' dir='ltr'><strong>profitentur,</strong></span> <span class='ocrx_word' id='word_1_35' title='bbox 1936 729 1985 784; x_wconf 82' lang='lat' dir='ltr'><strong>si</strong></span> 
     </span>
    </p>
   </div>
   <div class='ocr_carea' id='block_1_8' title="bbox 333 812 1985 890">
    <p class='ocr_par' dir='ltr' id='par_1_8' title="bbox 333 812 1985 890">
     <span class='ocr_line' id='line_1_8' title="bbox 333 812 1985 890; baseline 0.004 -24"><span class='ocrx_word' id='word_1_36' title='bbox 333 812 467 884; x_wconf 84' lang='lat' dir='ltr'><strong>quis</strong></span> <span class='ocrx_word' id='word_1_37' title='bbox 499 817 588 867; x_wconf 86' lang='lat' dir='ltr'><strong>est</strong></span> <span class='ocrx_word' id='word_1_38' title='bbox 618 813 790 881; x_wconf 86' lang='lat' dir='ltr'><strong>alius,</strong></span> <span class='ocrx_word' id='word_1_39' title='bbox 826 816 925 886; x_wconf 90' lang='lat' dir='ltr'><strong>qui</strong></span> <span class='ocrx_word' id='word_1_40' title='bbox 958 817 1291 886; x_wconf 62' lang='lat' dir='ltr'><strong>presidenti</strong></span> <span class='ocrx_word' id='word_1_41' title='bbox 1320 819 1514 873; x_wconf 90' lang='lat' dir='ltr'><strong>animo</strong></span> <span class='ocrx_word' id='word_1_42' title='bbox 1550 819 1849 890; x_wconf 87' lang='lat' dir='ltr'><strong>suscipiat,</strong></span> <span class='ocrx_word' id='word_1_43' title='bbox 1884 820 1985 872; x_wconf 87' lang='lat' dir='ltr'><strong>aut</strong></span> 
     </span>
    </p>
   </div>
   <div class='ocr_carea' id='block_1_9' title="bbox 331 901 1984 977">
    <p class='ocr_par' dir='ltr' id='par_1_9' title="bbox 331 901 1984 977">
     <span class='ocr_line' id='line_1_9' title="bbox 331 901 1984 977; baseline 0.004 -22"><span class='ocrx_word' id='word_1_44' title='bbox 331 901 592 971; x_wconf 75' lang='lat' dir='ltr'><strong>cujusvis</strong></span> <span class='ocrx_word' id='word_1_45' title='bbox 641 903 857 975; x_wconf 85' lang='lat' dir='ltr'><strong>ingenii</strong></span> <span class='ocrx_word' id='word_1_46' title='bbox 908 922 1036 960; x_wconf 90' lang='lat' dir='ltr'><strong>esse</strong></span> <span class='ocrx_word' id='word_1_47' title='bbox 1085 911 1337 974; x_wconf 83' lang='lat' dir='ltr'><strong>censeat,</strong></span> <span class='ocrx_word' id='word_1_48' title='bbox 1384 907 1541 961; x_wconf 92' lang='lat' dir='ltr'><strong>hunc</strong></span> <span class='ocrx_word' id='word_1_49' title='bbox 1589 924 1692 977; x_wconf 92' lang='lat' dir='ltr'><strong>ego</strong></span> <span class='ocrx_word' id='word_1_50' title='bbox 1735 907 1984 961; x_wconf 67' lang='lat' dir='ltr'><strong>solertiae</strong></span> 
     </span>
    </p>
   </div>
   <div class='ocr_carea' id='block_1_10' title="bbox 332 990 1980 1065">
    <p class='ocr_par' dir='ltr' id='par_1_10' title="bbox 332 990 1980 1065">
     <span class='ocr_line' id='line_1_10' title="bbox 332 990 1980 1065; baseline 0.002 -20"><span class='ocrx_word' id='word_1_51' title='bbox 332 990 568 1045; x_wconf 88' lang='lat' dir='ltr'><strong>nomine</strong></span> <span class='ocrx_word' id='word_1_52' title='bbox 599 992 878 1058; x_wconf 82' lang='lat' dir='ltr'><strong>admiror,</strong></span> <span class='ocrx_word' id='word_1_53' title='bbox 917 1010 985 1048; x_wconf 95' lang='lat' dir='ltr'><strong>ne</strong></span> <span class='ocrx_word' id='word_1_54' title='bbox 1025 994 1215 1048; x_wconf 89' lang='lat' dir='ltr'><strong>dicam</strong></span> <span class='ocrx_word' id='word_1_55' title='bbox 1248 996 1535 1050; x_wconf 65' lang='lat' dir='ltr'><strong>stultitim.</strong></span> <span class='ocrx_word' id='word_1_56' title='bbox 1572 996 1712 1050; x_wconf 90' lang='lat' dir='ltr'><strong>Mihi</strong></span> <span class='ocrx_word' id='word_1_57' title='bbox 1744 996 1980 1065; x_wconf 87' lang='lat' dir='ltr'><strong>quidem</strong></span> 
     </span>
    </p>
   </div>
   <div class='ocr_carea' id='block_1_11' title="bbox 331 1079 1981 1155">
    <p class='ocr_par' dir='ltr' id='par_1_11' title="bbox 331 1079 1981 1155">
     <span class='ocr_line' id='line_1_11' title="bbox 331 1079 1981 1155; baseline 0.002 -21"><span class='ocrx_word' id='word_1_58' title='bbox 331 1095 426 1134; x_wconf 86' lang='lat' dir='ltr'><strong>res</strong></span> <span class='ocrx_word' id='word_1_59' title='bbox 456 1079 697 1135; x_wconf 90' lang='lat' dir='ltr'><strong>minime</strong></span> <span class='ocrx_word' id='word_1_60' title='bbox 719 1079 977 1153; x_wconf 86' lang='lat' dir='ltr'><strong>vulgaris</strong></span> <span class='ocrx_word' id='word_1_61' title='bbox 1008 1084 1284 1154; x_wconf 81' lang='lat' dir='ltr'><strong>parvique</strong></span> <span class='ocrx_word' id='word_1_62' title='bbox 1302 1084 1546 1155; x_wconf 79' lang='lat' dir='ltr'><strong>spiritus</strong></span> <span class='ocrx_word' id='word_1_63' title='bbox 1576 1101 1703 1139; x_wconf 88' lang='lat' dir='ltr'><strong>esse</strong></span> <span class='ocrx_word' id='word_1_64' title='bbox 1733 1083 1981 1151; x_wconf 88' lang='lat' dir='ltr'><strong>videtur,</strong></span> 
     </span>
    </p>
   </div>
   <div class='ocr_carea' id='block_1_12' title="bbox 329 1167 1983 1243">
    <p class='ocr_par' dir='ltr' id='par_1_12' title="bbox 329 1167 1983 1243">
     <span class='ocr_line' id='line_1_12' title="bbox 329 1167 1983 1243; baseline 0.002 -22"><span class='ocrx_word' id='word_1_65' title='bbox 329 1167 511 1234; x_wconf 88' lang='lat' dir='ltr'><strong>verbi,</strong></span> <span class='ocrx_word' id='word_1_66' title='bbox 535 1168 771 1238; x_wconf 83' lang='lat' dir='ltr'><strong>perinde</strong></span> <span class='ocrx_word' id='word_1_67' title='bbox 791 1186 855 1223; x_wconf 91' lang='lat' dir='ltr'><strong>ac</strong></span> <span class='ocrx_word' id='word_1_68' title='bbox 874 1170 1050 1224; x_wconf 84' lang='lat' dir='ltr'><strong>tritici</strong></span> <span class='ocrx_word' id='word_1_69' title='bbox 1072 1172 1134 1238; x_wconf 81' lang='grc'><strong>⁸⁸,</strong></span> <span class='ocrx_word' id='word_1_70' title='bbox 1156 1188 1492 1227; x_wconf 88' lang='lat' dir='ltr'><strong>mensuram</strong></span> <span class='ocrx_word' id='word_1_71' title='bbox 1511 1175 1849 1243; x_wconf 82' lang='lat' dir='ltr'><strong>tempestive</strong></span> <span class='ocrx_word' id='word_1_72' title='bbox 1867 1171 1983 1226; x_wconf 93' lang='lat' dir='ltr'><strong>cui-</strong></span> 
     </span>
    </p>
   </div>
   <div class='ocr_carea' id='block_1_13' title="bbox 331 1256 1979 1329">
    <p class='ocr_par' dir='ltr' id='par_1_13' title="bbox 331 1256 1979 1329">
     <span class='ocr_line' id='line_1_13' title="bbox 331 1256 1979 1329; baseline 0.003 -19"><span class='ocrx_word' id='word_1_73' title='bbox 331 1271 445 1327; x_wconf 91' lang='lat' dir='ltr'><strong>que</strong></span> <span class='ocrx_word' id='word_1_74' title='bbox 475 1256 631 1324; x_wconf 90' lang='lat' dir='ltr'><strong>dare,</strong></span> <span class='ocrx_word' id='word_1_75' title='bbox 665 1263 723 1312; x_wconf 93' lang='lat' dir='ltr'><strong>et</strong></span> <span class='ocrx_word' id='word_1_76' title='bbox 766 1258 1106 1329; x_wconf 89' lang='lat' dir='ltr'><strong>dogmatum</strong></span> <span class='ocrx_word' id='word_1_77' title='bbox 1139 1266 1472 1316; x_wconf 89' lang='lat' dir='ltr'><strong>nostrorum</strong></span> <span class='ocrx_word' id='word_1_78' title='bbox 1513 1262 1813 1316; x_wconf 87' lang='lat' dir='ltr'><strong>veritatem</strong></span> <span class='ocrx_word' id='word_1_79' title='bbox 1846 1277 1979 1315; x_wconf 91' lang='lat' dir='ltr'><strong>cum</strong></span> 
     </span>
    </p>
   </div>
   <div class='ocr_carea' id='block_1_14' title="bbox 321 1344 1983 1422">
    <p class='ocr_par' dir='ltr' id='par_1_14' title="bbox 321 1344 1983 1422">
     <span class='ocr_line' id='line_1_14' title="bbox 321 1344 1983 1422; baseline 0.002 -23"><span class='ocrx_word' id='word_1_80' title='bbox 321 1344 546 1417; x_wconf 85' lang='lat' dir='ltr'><strong>judicio</strong></span> <span class='ocrx_word' id='word_1_81' title='bbox 579 1346 937 1417; x_wconf 79' lang='lat' dir='ltr'><strong>dispensare.</strong></span> <span class='ocrx_word' id='word_1_82' title='bbox 991 1349 1105 1403; x_wconf 85' lang='lat' dir='ltr'><strong>Hoc</strong></span> <span class='ocrx_word' id='word_1_83' title='bbox 1155 1353 1261 1417; x_wconf 88' lang='lat' dir='ltr'><strong>est,</strong></span> <span class='ocrx_word' id='word_1_84' title='bbox 1297 1366 1363 1404; x_wconf 90' lang='lat' dir='ltr'><strong>ea</strong></span> <span class='ocrx_word' id='word_1_85' title='bbox 1407 1352 1624 1419; x_wconf 88' lang='lat' dir='ltr'><strong>omnia,</strong></span> <span class='ocrx_word' id='word_1_86' title='bbox 1660 1368 1785 1422; x_wconf 79' lang='lat' dir='ltr'><strong>quas</strong></span> <span class='ocrx_word' id='word_1_87' title='bbox 1818 1366 1983 1405; x_wconf 89' lang='lat' dir='ltr'><strong>sacra</strong></span> 
     </span>
    </p>
   </div>
   <div class='ocr_carea' id='block_1_15' title="bbox 328 1433 1979 1506">
    <p class='ocr_par' dir='ltr' id='par_1_15' title="bbox 328 1433 1979 1506">
     <span class='ocr_line' id='line_1_15' title="bbox 328 1433 1979 1506; baseline 0.003 -18"><span class='ocrx_word' id='word_1_88' title='bbox 328 1433 722 1505; x_wconf 87' lang='lat' dir='ltr'><strong>philosophia,</strong></span> <span class='ocrx_word' id='word_1_89' title='bbox 760 1437 829 1490; x_wconf 91' lang='lat' dir='ltr'><strong>de</strong></span> <span class='ocrx_word' id='word_1_90' title='bbox 880 1438 1138 1503; x_wconf 87' lang='lat' dir='ltr'><strong>mundis,</strong></span> <span class='ocrx_word' id='word_1_91' title='bbox 1173 1438 1256 1493; x_wconf 91' lang='lat' dir='ltr'><strong>vel</strong></span> <span class='ocrx_word' id='word_1_92' title='bbox 1312 1440 1382 1494; x_wconf 90' lang='lat' dir='ltr'><strong>de</strong></span> <span class='ocrx_word' id='word_1_93' title='bbox 1434 1441 1652 1494; x_wconf 91' lang='lat' dir='ltr'><strong>mundo</strong></span> <span class='ocrx_word' id='word_1_94' title='bbox 1684 1439 1979 1506; x_wconf 84' lang='lat' dir='ltr'><strong>disseruit,</strong></span> 
     </span>
    </p>
   </div>
   <div class='ocr_carea' id='block_1_16' title="bbox 329 1522 1979 1599">
    <p class='ocr_par' dir='ltr' id='par_1_16' title="bbox 329 1522 1979 1599">
     <span class='ocr_line' id='line_1_16' title="bbox 329 1522 1979 1599; baseline 0.004 -22"><span class='ocrx_word' id='word_1_95' title='bbox 329 1522 399 1577; x_wconf 90' lang='lat' dir='ltr'><strong>de</strong></span> <span class='ocrx_word' id='word_1_96' title='bbox 432 1523 697 1592; x_wconf 90' lang='lat' dir='ltr'><strong>materia,</strong></span> <span class='ocrx_word' id='word_1_97' title='bbox 732 1526 801 1579; x_wconf 90' lang='lat' dir='ltr'><strong>de</strong></span> <span class='ocrx_word' id='word_1_98' title='bbox 833 1525 1049 1593; x_wconf 88' lang='lat' dir='ltr'><strong>anima,</strong></span> <span class='ocrx_word' id='word_1_99' title='bbox 1091 1527 1161 1581; x_wconf 90' lang='lat' dir='ltr'><strong>de</strong></span> <span class='ocrx_word' id='word_1_100' title='bbox 1193 1532 1405 1597; x_wconf 87' lang='lat' dir='ltr'><strong>mente,</strong></span> <span class='ocrx_word' id='word_1_101' title='bbox 1435 1532 1491 1583; x_wconf 92' lang='lat' dir='ltr'><strong>et</strong></span> <span class='ocrx_word' id='word_1_102' title='bbox 1521 1527 1979 1599; x_wconf 89' lang='lat' dir='ltr'><strong>intelligentibus</strong></span> 
     </span>
    </p>
   </div>
   <div class='ocr_carea' id='block_1_17' title="bbox 333 1611 1983 1688">
    <p class='ocr_par' dir='ltr' id='par_1_17' title="bbox 333 1611 1983 1688">
     <span class='ocr_line' id='line_1_17' title="bbox 333 1611 1983 1688; baseline 0.004 -23"><span class='ocrx_word' id='word_1_103' title='bbox 333 1611 581 1678; x_wconf 88' lang='lat' dir='ltr'><strong>naturis,</strong></span> <span class='ocrx_word' id='word_1_104' title='bbox 617 1616 735 1667; x_wconf 88' lang='lat' dir='ltr'><strong>tam</strong></span> <span class='ocrx_word' id='word_1_105' title='bbox 768 1612 1109 1669; x_wconf 89' lang='lat' dir='ltr'><strong>melioribus</strong></span> <span class='ocrx_word' id='word_1_106' title='bbox 1131 1632 1302 1688; x_wconf 88' lang='lat' dir='ltr'><strong>quam</strong></span> <span class='ocrx_word' id='word_1_107' title='bbox 1328 1617 1735 1683; x_wconf 86' lang='lat' dir='ltr'><strong>deterioribus,</strong></span> <span class='ocrx_word' id='word_1_108' title='bbox 1760 1618 1829 1670; x_wconf 90' lang='lat' dir='ltr'><strong>de</strong></span> <span class='ocrx_word' id='word_1_109' title='bbox 1854 1633 1983 1687; x_wconf 81' lang='lat' dir='ltr'><strong>pro—</strong></span> 
     </span>
    </p>
   </div>
   <div class='ocr_carea' id='block_1_18' title="bbox 324 1699 1975 1777">
    <p class='ocr_par' dir='ltr' id='par_1_18' title="bbox 324 1699 1975 1777">
     <span class='ocr_line' id='line_1_18' title="bbox 324 1699 1975 1777; baseline 0.003 -22"><span class='ocrx_word' id='word_1_110' title='bbox 324 1699 586 1755; x_wconf 79' lang='lat' dir='ltr'><strong>videntia</strong></span> <span class='ocrx_word' id='word_1_111' title='bbox 630 1702 828 1756; x_wconf 85' lang='lat' dir='ltr'><strong>omnia</strong></span> <span class='ocrx_word' id='word_1_112' title='bbox 878 1704 1313 1776; x_wconf 80' lang='lat' dir='ltr'><strong>constringente</strong></span> <span class='ocrx_word' id='word_1_113' title='bbox 1362 1711 1535 1777; x_wconf 91' lang='lat' dir='ltr'><strong>atque</strong></span> <span class='ocrx_word' id='word_1_114' title='bbox 1593 1707 1975 1777; x_wconf 83' lang='lat' dir='ltr'><strong>gubernante,</strong></span> 
     </span>
    </p>
   </div>
   <div class='ocr_carea' id='block_1_19' title="bbox 2091 632 3737 709">
    <p class='ocr_par' dir='ltr' id='par_1_19' title="bbox 2091 632 3737 709">
     <span class='ocr_line' id='line_1_19' title="bbox 2091 632 3737 709; baseline -0.002 -19"><span class='ocrx_word' id='word_1_115' title='bbox 2091 638 2179 690; x_wconf 82' lang='lat' dir='ltr'><strong>xui</strong></span> <span class='ocrx_word' id='word_1_116' title='bbox 2216 635 2450 709; x_wconf 81' lang='grc' dir='ltr'><strong>ὑψηλοῦ,</strong></span> <span class='ocrx_word' id='word_1_117' title='bbox 2482 636 2571 690; x_wconf 85' lang='grc' dir='ltr'><strong>καὶ</strong></span> <span class='ocrx_word' id='word_1_118' title='bbox 2597 637 2653 692; x_wconf 81' lang='grc' dir='ltr'>ὃν</span> <span class='ocrx_word' id='word_1_119' title='bbox 2710 640 2800 689; x_wconf 86' lang='grc' dir='ltr'><strong>νῦν</strong></span> <span class='ocrx_word' id='word_1_120' title='bbox 2849 637 2960 706; x_wconf 83' lang='grc'>(66)</span> <span class='ocrx_word' id='word_1_121' title='bbox 3007 632 3196 695; x_wconf 90' lang='grc' dir='ltr'>πάντες</span> <span class='ocrx_word' id='word_1_122' title='bbox 3246 633 3657 709; x_wconf 80' lang='grc' dir='ltr'><strong>φιλοσοφοῦσιν,</strong></span> <span class='ocrx_word' id='word_1_123' title='bbox 3691 632 3737 687; x_wconf 81' lang='grc' dir='ltr'><strong>εί</strong></span> 
     </span>
    </p>
   </div>
   <div class='ocr_carea' id='block_1_20' title="bbox 2097 716 3739 801">
    <p class='ocr_par' dir='ltr' id='par_1_20' title="bbox 2097 716 3739 801">
     <span class='ocr_line' id='line_1_20' title="bbox 2097 716 3739 801; baseline -0.002 -22"><span class='ocrx_word' id='word_1_124' title='bbox 2097 724 2189 799; x_wconf 86' lang='grc' dir='ltr'><strong>μέν</strong></span> <span class='ocrx_word' id='word_1_125' title='bbox 2218 747 2299 788; x_wconf 90' lang='grc' dir='ltr'><strong>τις</strong></span> <span class='ocrx_word' id='word_1_126' title='bbox 2334 725 2503 787; x_wconf 74' lang='grc' dir='ltr'>ἄλλος</span> <span class='ocrx_word' id='word_1_127' title='bbox 2538 724 2743 801; x_wconf 77' lang='grc' dir='ltr'>θαῤῥεῖ,</span> <span class='ocrx_word' id='word_1_128' title='bbox 2775 723 2864 779; x_wconf 78' lang='grc' dir='ltr'>καὶ</span> <span class='ocrx_word' id='word_1_129' title='bbox 2896 723 3073 793; x_wconf 85' lang='grc' dir='ltr'>πάσης</span> <span class='ocrx_word' id='word_1_130' title='bbox 3124 719 3363 783; x_wconf 80' lang='grc' dir='ltr'>διανοίας</span> <span class='ocrx_word' id='word_1_131' title='bbox 3415 716 3739 795; x_wconf 74' lang='grc' dir='ltr'>ὑπολαμϐά-</span> 
     </span>
    </p>
   </div>
   <div class='ocr_carea' id='block_1_21' title="bbox 2092 808 3738 888">
    <p class='ocr_par' dir='ltr' id='par_1_21' title="bbox 2092 808 3738 888">
     <span class='ocr_line' id='line_1_21' title="bbox 2092 808 3738 888; baseline -0.001 -21"><span class='ocrx_word' id='word_1_132' title='bbox 2092 834 2191 885; x_wconf 91' lang='grc' dir='ltr'>νει,</span> <span class='ocrx_word' id='word_1_133' title='bbox 2224 816 2483 886; x_wconf 82' lang='grc' dir='ltr'>θαυμάζω</span> <span class='ocrx_word' id='word_1_134' title='bbox 2511 818 2700 869; x_wconf 88' lang='grc' dir='ltr'>τοῦτον</span> <span class='ocrx_word' id='word_1_135' title='bbox 2732 813 2840 888; x_wconf 73' lang='grc' dir='ltr'><strong>ἐγὼ</strong></span> <span class='ocrx_word' id='word_1_136' title='bbox 2870 820 2971 883; x_wconf 80' lang='grc' dir='ltr'><strong>τῆς</strong></span> <span class='ocrx_word' id='word_1_137' title='bbox 3021 812 3304 880; x_wconf 87' lang='grc' dir='ltr'>συνέσεως,</span> <span class='ocrx_word' id='word_1_138' title='bbox 3331 808 3423 864; x_wconf 64' lang='grc' dir='ltr'>’ίνα</span> <span class='ocrx_word' id='word_1_139' title='bbox 3469 812 3543 883; x_wconf 82' lang='grc' dir='ltr'>μὴ</span> <span class='ocrx_word' id='word_1_140' title='bbox 3595 810 3738 886; x_wconf 90' lang='grc' dir='ltr'>λέγω</span> 
     </span>
    </p>
   </div>
   <div class='ocr_carea' id='block_1_22' title="bbox 2090 898 3735 976">
    <p class='ocr_par' dir='ltr' id='par_1_22' title="bbox 2090 898 3735 976">
     <span class='ocr_line' id='line_1_22' title="bbox 2090 898 3735 976; baseline -0.001 -21"><span class='ocrx_word' id='word_1_141' title='bbox 2090 908 2191 970; x_wconf 84' lang='grc' dir='ltr'><strong>τῆς</strong></span> <span class='ocrx_word' id='word_1_142' title='bbox 2236 902 2497 972; x_wconf 79' lang='grc' dir='ltr'><strong>εὐηθείας·</strong></span> <span class='ocrx_word' id='word_1_143' title='bbox 2536 902 2658 975; x_wconf 83' lang='grc' dir='ltr'>ἐμοὶ</span> <span class='ocrx_word' id='word_1_144' title='bbox 2710 900 2753 955; x_wconf 85' lang='grc' dir='ltr'>δ’</span> <span class='ocrx_word' id='word_1_145' title='bbox 2805 902 2894 956; x_wconf 83' lang='grc' dir='ltr'><strong>οὗν</strong></span> <span class='ocrx_word' id='word_1_146' title='bbox 2946 907 3174 975; x_wconf 74' lang='grc' dir='ltr'>πρᾶγμα</span> <span class='ocrx_word' id='word_1_147' title='bbox 3222 899 3459 976; x_wconf 84' lang='grc' dir='ltr'>φαίνεται</span> <span class='ocrx_word' id='word_1_148' title='bbox 3520 898 3581 953; x_wconf 85' lang='grc' dir='ltr'><strong>οὑ</strong></span> <span class='ocrx_word' id='word_1_149' title='bbox 3630 904 3735 954; x_wconf 84' lang='grc' dir='ltr'><strong>τῶν</strong></span> 
     </span>
    </p>
   </div>
   <div class='ocr_carea' id='block_1_23' title="bbox 2092 985 3737 1068">
    <p class='ocr_par' dir='ltr' id='par_1_23' title="bbox 2092 985 3737 1068">
     <span class='ocr_line' id='line_1_23' title="bbox 2092 985 3737 1068; baseline -0.001 -23"><span class='ocrx_word' id='word_1_150' title='bbox 2092 990 2442 1068; x_wconf 77' lang='grc' dir='ltr'>φαυλοτάτων</span> <span class='ocrx_word' id='word_1_151' title='bbox 2480 994 2614 1064; x_wconf 96' lang='grc'>(67),</span> <span class='ocrx_word' id='word_1_152' title='bbox 2646 988 2770 1046; x_wconf 72' lang='grc' dir='ltr'>οὐδὲ</span> <span class='ocrx_word' id='word_1_153' title='bbox 2814 989 3012 1065; x_wconf 78' lang='grc' dir='ltr'>ὀλίγου</span> <span class='ocrx_word' id='word_1_154' title='bbox 3042 992 3139 1043; x_wconf 88' lang='grc' dir='ltr'><strong>τοῦ</strong></span> <span class='ocrx_word' id='word_1_155' title='bbox 3170 987 3497 1059; x_wconf 75' lang='grc' dir='ltr'>πνεύματος,</span> <span class='ocrx_word' id='word_1_156' title='bbox 3533 985 3737 1043; x_wconf 82' lang='grc' dir='ltr'>διδόναι</span> 
     </span>
    </p>
   </div>
   <div class='ocr_carea' id='block_1_24' title="bbox 2089 1078 3735 1158">
    <p class='ocr_par' dir='ltr' id='par_1_24' title="bbox 2089 1078 3735 1158">
     <span class='ocr_line' id='line_1_24' title="bbox 2089 1078 3735 1158; baseline -0.004 -21"><span class='ocrx_word' id='word_1_157' title='bbox 2089 1084 2225 1137; x_wconf 76' lang='grc' dir='ltr'>κατὰ</span> <span class='ocrx_word' id='word_1_158' title='bbox 2279 1082 2463 1158; x_wconf 82' lang='grc' dir='ltr'>καιρὸν</span> <span class='ocrx_word' id='word_1_159' title='bbox 2524 1081 2730 1154; x_wconf 63' lang='grc' dir='ltr'>ἑκάστῳ</span> <span class='ocrx_word' id='word_1_160' title='bbox 2778 1086 2874 1135; x_wconf 88' lang='grc' dir='ltr'><strong>τοῦ</strong></span> <span class='ocrx_word' id='word_1_161' title='bbox 2920 1078 3089 1155; x_wconf 84' lang='grc' dir='ltr'>λόγου</span> <span class='ocrx_word' id='word_1_162' title='bbox 3137 1079 3199 1132; x_wconf 85' lang='grc' dir='ltr'>τὸ</span> <span class='ocrx_word' id='word_1_163' title='bbox 3250 1078 3615 1151; x_wconf 75' lang='grc' dir='ltr'>σιτομέτριον,</span> <span class='ocrx_word' id='word_1_164' title='bbox 3647 1078 3735 1131; x_wconf 82' lang='grc' dir='ltr'><strong>καὶ</strong></span> 
     </span>
    </p>
   </div>
   <div class='ocr_carea' id='block_1_25' title="bbox 2091 1166 3738 1245">
    <p class='ocr_par' dir='ltr' id='par_1_25' title="bbox 2091 1166 3738 1245">
     <span class='ocr_line' id='line_1_25' title="bbox 2091 1166 3738 1245; baseline -0.004 -20"><span class='ocrx_word' id='word_1_165' title='bbox 2091 1170 2401 1242; x_wconf 78' lang='grc' dir='ltr'>οἷ’κονομεῖτ</span> <span class='ocrx_word' id='word_1_166' title='bbox 2460 1170 2512 1224; x_wconf 78' lang='grc' dir='ltr'><strong>έν</strong></span> <span class='ocrx_word' id='word_1_167' title='bbox 2571 1171 2743 1245; x_wconf 87' lang='grc' dir='ltr'>κρίσει</span> <span class='ocrx_word' id='word_1_168' title='bbox 2797 1170 2895 1237; x_wconf 86' lang='grc' dir='ltr'><strong>τήν</strong></span> <span class='ocrx_word' id='word_1_169' title='bbox 2957 1167 3213 1238; x_wconf 81' lang='grc' dir='ltr'>ἀλήθειαν</span> <span class='ocrx_word' id='word_1_170' title='bbox 3272 1171 3377 1220; x_wconf 79' lang='grc' dir='ltr'>τῶν</span> <span class='ocrx_word' id='word_1_171' title='bbox 3456 1166 3738 1239; x_wconf 76' lang='grc' dir='ltr'>ἡμετέρων</span> 
     </span>
    </p>
   </div>
   <div class='ocr_carea' id='block_1_26' title="bbox 2092 1254 3736 1335">
    <p class='ocr_par' dir='ltr' id='par_1_26' title="bbox 2092 1254 3736 1335">
     <span class='ocr_line' id='line_1_26' title="bbox 2092 1254 3736 1335; baseline -0.003 -22"><span class='ocrx_word' id='word_1_172' title='bbox 2092 1256 2401 1333; x_wconf 85' lang='grc' dir='ltr'>δογμάτων·</span> <span class='ocrx_word' id='word_1_173' title='bbox 2437 1258 2535 1314; x_wconf 75' lang='grc' dir='ltr'><strong>ὅσα</strong></span> <span class='ocrx_word' id='word_1_174' title='bbox 2579 1259 2701 1335; x_wconf 89' lang='grc' dir='ltr'>περὶ</span> <span class='ocrx_word' id='word_1_175' title='bbox 2750 1258 2972 1332; x_wconf 85' lang='grc' dir='ltr'>κόσμων</span> <span class='ocrx_word' id='word_1_176' title='bbox 3170 1256 3205 1325; x_wconf 74' lang='grc' dir='ltr'><strong>ἢ</strong></span> <span class='ocrx_word' id='word_1_177' title='bbox 3247 1255 3456 1328; x_wconf 86' lang='grc' dir='ltr'>κόσμου</span> <span class='ocrx_word' id='word_1_178' title='bbox 3508 1254 3736 1331; x_wconf 84' lang='grc' dir='ltr'>πεφιλο-</span> 
     </span>
    </p>
   </div>
   <div class='ocr_carea' id='block_1_27' title="bbox 2091 1343 3732 1425">
    <p class='ocr_par' dir='ltr' id='par_1_27' title="bbox 2091 1343 3732 1425">
     <span class='ocr_line' id='line_1_27' title="bbox 2091 1343 3732 1425; baseline -0.004 -23"><span class='ocrx_word' id='word_1_179' title='bbox 2091 1347 2343 1425; x_wconf 85' lang='grc' dir='ltr'>σόφηται,</span> <span class='ocrx_word' id='word_1_180' title='bbox 2375 1348 2497 1423; x_wconf 81' lang='grc' dir='ltr'>περὶ</span> <span class='ocrx_word' id='word_1_181' title='bbox 2556 1347 2714 1417; x_wconf 69' lang='grc' dir='ltr'>ὅλης,</span> <span class='ocrx_word' id='word_1_182' title='bbox 2745 1348 2869 1423; x_wconf 86' lang='grc' dir='ltr'>περὶ</span> <span class='ocrx_word' id='word_1_183' title='bbox 2916 1350 3124 1422; x_wconf 78' lang='grc' dir='ltr'>ψυχῆς,</span> <span class='ocrx_word' id='word_1_184' title='bbox 3154 1345 3277 1420; x_wconf 90' lang='grc' dir='ltr'>περὶ</span> <span class='ocrx_word' id='word_1_185' title='bbox 3332 1348 3448 1415; x_wconf 91' lang='grc' dir='ltr'>νοῦ,</span> <span class='ocrx_word' id='word_1_186' title='bbox 3479 1343 3569 1397; x_wconf 86' lang='grc' dir='ltr'><strong>καὶ</strong></span> <span class='ocrx_word' id='word_1_187' title='bbox 3625 1347 3732 1398; x_wconf 82' lang='grc' dir='ltr'><strong>τῶν</strong></span> 
     </span>
    </p>
   </div>
   <div class='ocr_carea' id='block_1_28' title="bbox 2087 1430 3733 1512">
    <p class='ocr_par' dir='ltr' id='par_1_28' title="bbox 2087 1430 3733 1512">
     <span class='ocr_line' id='line_1_28' title="bbox 2087 1430 3733 1512; baseline -0.003 -21"><span class='ocrx_word' id='word_1_188' title='bbox 2087 1442 2289 1511; x_wconf 83' lang='grc' dir='ltr'>νοερῶν</span> <span class='ocrx_word' id='word_1_189' title='bbox 2319 1436 2549 1512; x_wconf 78' lang='grc' dir='ltr'>φύσεων,</span> <span class='ocrx_word' id='word_1_190' title='bbox 2586 1434 2879 1511; x_wconf 86' lang='grc' dir='ltr'>βελτιόνων</span> <span class='ocrx_word' id='word_1_191' title='bbox 2906 1456 2963 1489; x_wconf 85' lang='grc' dir='ltr'>τε</span> <span class='ocrx_word' id='word_1_192' title='bbox 3012 1434 3102 1488; x_wconf 86' lang='grc' dir='ltr'><strong>καὶ</strong></span> <span class='ocrx_word' id='word_1_193' title='bbox 3146 1432 3429 1508; x_wconf 80' lang='grc' dir='ltr'>χειρόνων,</span> <span class='ocrx_word' id='word_1_194' title='bbox 3460 1430 3584 1507; x_wconf 86' lang='grc' dir='ltr'><strong>περί</strong></span> <span class='ocrx_word' id='word_1_195' title='bbox 3633 1438 3733 1501; x_wconf 85' lang='grc' dir='ltr'>τῆς</span> 
     </span>
    </p>
   </div>
   <div class='ocr_carea' id='block_1_29' title="bbox 2086 1518 3731 1596">
    <p class='ocr_par' dir='ltr' id='par_1_29' title="bbox 2086 1518 3731 1596">
     <span class='ocr_line' id='line_1_29' title="bbox 2086 1518 3731 1596; baseline -0.004 -16"><span class='ocrx_word' id='word_1_196' title='bbox 2086 1523 2153 1580; x_wconf 79' lang='grc' dir='ltr'>τὰ</span> <span class='ocrx_word' id='word_1_197' title='bbox 2208 1524 2381 1579; x_wconf 88' lang='grc' dir='ltr'>πάντα</span> <span class='ocrx_word' id='word_1_198' title='bbox 2431 1522 2754 1593; x_wconf 77' lang='grc' dir='ltr'>συνδεούσης</span> <span class='ocrx_word' id='word_1_199' title='bbox 2810 1544 2867 1578; x_wconf 88' lang='grc' dir='ltr'><strong>τε</strong></span> <span class='ocrx_word' id='word_1_200' title='bbox 2912 1522 3001 1577; x_wconf 82' lang='grc' dir='ltr'><strong>καὶ</strong></span> <span class='ocrx_word' id='word_1_201' title='bbox 3059 1519 3404 1596; x_wconf 78' lang='grc' dir='ltr'>διεξαγοὺσης</span> <span class='ocrx_word' id='word_1_202' title='bbox 3459 1518 3731 1593; x_wconf 80' lang='grc' dir='ltr'>προνοίας,</span> 
     </span>
    </p>
   </div>
   <div class='ocr_carea' id='block_1_30' title="bbox 2090 1607 3730 1688">
    <p class='ocr_par' dir='ltr' id='par_1_30' title="bbox 2090 1607 3730 1688">
     <span class='ocr_line' id='line_1_30' title="bbox 2090 1607 3730 1688; baseline -0.004 -19"><span class='ocrx_word' id='word_1_203' title='bbox 2090 1613 2187 1669; x_wconf 75' lang='grc' dir='ltr'><strong>ὅσα</strong></span> <span class='ocrx_word' id='word_1_204' title='bbox 2214 1634 2272 1669; x_wconf 87' lang='grc' dir='ltr'><strong>τε</strong></span> <span class='ocrx_word' id='word_1_205' title='bbox 2301 1614 2435 1668; x_wconf 77' lang='grc' dir='ltr'>κατὰ</span> <span class='ocrx_word' id='word_1_206' title='bbox 2466 1612 2629 1688; x_wconf 84' lang='grc' dir='ltr'>λόγον</span> <span class='ocrx_word' id='word_1_207' title='bbox 2662 1614 2896 1682; x_wconf 80' lang='grc' dir='ltr'>ἀπαντᾷν</span> <span class='ocrx_word' id='word_1_208' title='bbox 2933 1609 3098 1683; x_wconf 85' lang='grc' dir='ltr'>δοκεῖ,</span> <span class='ocrx_word' id='word_1_209' title='bbox 3140 1612 3233 1666; x_wconf 88' lang='grc' dir='ltr'>καὶ</span> <span class='ocrx_word' id='word_1_210' title='bbox 3264 1608 3361 1665; x_wconf 78' lang='grc' dir='ltr'><strong>ὅσα</strong></span> <span class='ocrx_word' id='word_1_211' title='bbox 3390 1609 3535 1683; x_wconf 75' lang='grc' dir='ltr'>παρὰ</span> <span class='ocrx_word' id='word_1_212' title='bbox 3566 1607 3730 1683; x_wconf 86' lang='grc' dir='ltr'>λόγον</span> 
     </span>
    </p>
   </div>
   <div class='ocr_carea' id='block_1_31' title="bbox 2087 1701 2982 1775">
    <p class='ocr_par' dir='ltr' id='par_1_31' title="bbox 2087 1701 2982 1775">
     <span class='ocr_line' id='line_1_31' title="bbox 2087 1701 2982 1775; baseline 0.002 -19"><span class='ocrx_word' id='word_1_213' title='bbox 2087 1703 2178 1757; x_wconf 83' lang='grc' dir='ltr'><strong>τὸν</strong></span> <span class='ocrx_word' id='word_1_214' title='bbox 2210 1701 2356 1756; x_wconf 92' lang='grc' dir='ltr'>κάτω</span> <span class='ocrx_word' id='word_1_215' title='bbox 2386 1702 2475 1756; x_wconf 86' lang='grc' dir='ltr'><strong>καὶ</strong></span> <span class='ocrx_word' id='word_1_216' title='bbox 2504 1703 2594 1756; x_wconf 88' lang='grc' dir='ltr'>τὸν</span> <span class='ocrx_word' id='word_1_217' title='bbox 2627 1701 2982 1775; x_wconf 87' lang='grc' dir='ltr'>ἀνθρώπινον.</span> 
     </span>
    </p>
   </div>
   <div class='ocr_carea' id='block_1_32' title="bbox 326 1786 3732 1863">
    <p class='ocr_par' dir='ltr' id='par_1_32' title="bbox 326 1786 3732 1863">
     <span class='ocr_line' id='line_1_32' title="bbox 326 1786 3732 1863; baseline -0.001 -19"><span class='ocrx_word' id='word_1_218' title='bbox 326 1791 455 1844; x_wconf 86' lang='lat' dir='ltr'><strong>tum</strong></span> <span class='ocrx_word' id='word_1_219' title='bbox 493 1805 621 1860; x_wconf 61' lang='lat' dir='ltr'><strong>quas</strong></span> <span class='ocrx_word' id='word_1_220' title='bbox 662 1791 832 1846; x_wconf 93' lang='lat' dir='ltr'><strong>modo</strong></span> <span class='ocrx_word' id='word_1_221' title='bbox 874 1794 1082 1847; x_wconf 89' lang='lat' dir='ltr'><strong>rationi</strong></span> <span class='ocrx_word' id='word_1_222' title='bbox 1112 1798 1501 1849; x_wconf 89' lang='lat' dir='ltr'><strong>consentaneo</strong></span> <span class='ocrx_word' id='word_1_223' title='bbox 1553 1794 1779 1849; x_wconf 90' lang='lat' dir='ltr'><strong>evenire</strong></span> <span class='ocrx_word' id='word_1_224' title='bbox 1821 1794 2110 1859; x_wconf 88' lang='lat' dir='ltr'><strong>videntur,</strong></span> <span class='ocrx_word' id='word_1_225' title='bbox 2142 1797 2270 1848; x_wconf 90' lang='lat' dir='ltr'><strong>tum</strong></span> <span class='ocrx_word' id='word_1_226' title='bbox 2322 1810 2446 1863; x_wconf 63' lang='lat' dir='ltr'><strong>qua</strong></span> <span class='ocrx_word' id='word_1_227' title='bbox 2492 1792 2664 1847; x_wconf 93' lang='lat' dir='ltr'><strong>modo</strong></span> <span class='ocrx_word' id='word_1_228' title='bbox 2706 1795 2946 1847; x_wconf 73' lang='lat' dir='ltr'><strong>terrenaa</strong></span> <span class='ocrx_word' id='word_1_229' title='bbox 2994 1794 3170 1861; x_wconf 88' lang='lat' dir='ltr'><strong>atque</strong></span> <span class='ocrx_word' id='word_1_230' title='bbox 3213 1787 3485 1842; x_wconf 63' lang='lat' dir='ltr'><strong>humanis</strong></span> <span class='ocrx_word' id='word_1_231' title='bbox 3518 1786 3732 1842; x_wconf 88' lang='lat' dir='ltr'><strong>rationi</strong></span> 
     </span>
    </p>
   </div>
   <div class='ocr_carea' id='block_1_33' title="bbox 327 1880 1300 1947">
    <p class='ocr_par' dir='ltr' id='par_1_33' title="bbox 327 1880 1300 1947">
     <span class='ocr_line' id='line_1_33' title="bbox 327 1880 1300 1947; baseline 0.005 -16"><span class='ocrx_word' id='word_1_232' title='bbox 327 1882 689 1947; x_wconf 82' lang='lat' dir='ltr'><strong>repugnante</strong></span> <span class='ocrx_word' id='word_1_233' title='bbox 719 1880 983 1936; x_wconf 90' lang='lat' dir='ltr'><strong>accidere</strong></span> <span class='ocrx_word' id='word_1_234' title='bbox 1013 1882 1300 1937; x_wconf 91' lang='lat' dir='ltr'><strong>videntur.</strong></span> 
     </span>
    </p>
   </div>
   <div class='ocr_carea' id='block_1_34' title="bbox 397 1962 1976 2041">
    <p class='ocr_par' dir='ltr' id='par_1_34' title="bbox 397 1963 1973 2039">
     <span class='ocr_line' id='line_1_34' title="bbox 397 1963 1973 2039; baseline 0.004 -21"><span class='ocrx_word' id='word_1_235' title='bbox 397 1963 639 2021; x_wconf 85' lang='lat' dir='ltr'><strong>XXXVI.</strong></span> <span class='ocrx_word' id='word_1_236' title='bbox 682 1968 815 2031; x_wconf 66' lang='lat' dir='ltr'><strong>Quae</strong></span> <span class='ocrx_word' id='word_1_237' title='bbox 866 1969 934 2023; x_wconf 87' lang='lat' dir='ltr'><strong>de</strong></span> <span class='ocrx_word' id='word_1_238' title='bbox 981 1969 1171 2039; x_wconf 88' lang='lat' dir='ltr'><strong>prima</strong></span> <span class='ocrx_word' id='word_1_239' title='bbox 1220 1974 1421 2025; x_wconf 89' lang='lat' dir='ltr'><strong>nostra</strong></span> <span class='ocrx_word' id='word_1_240' title='bbox 1468 1970 1885 2025; x_wconf 86' lang='lat' dir='ltr'><strong>constitutione</strong></span> <span class='ocrx_word' id='word_1_241' title='bbox 1915 1974 1973 2025; x_wconf 92' lang='lat' dir='ltr'><strong>et</strong></span> 
     </span>
    </p>
   </div>
   <div class='ocr_carea' id='block_1_35' title="bbox 2094 1962 3728 2041">
    <p class='ocr_par' dir='ltr' id='par_1_35' title="bbox 2150 1962 3728 2041">
     <span class='ocr_line' id='line_1_35' title="bbox 2150 1962 3728 2041; baseline -0.005 -18"><span class='ocrx_word' id='word_1_242' title='bbox 2150 1968 2262 2036; x_wconf 81' lang='grc' dir='ltr'><strong>Λζ’.</strong></span> <span class='ocrx_word' id='word_1_243' title='bbox 2297 1968 2412 2022; x_wconf 85' lang='grc' dir='ltr'>Ἔτι</span> <span class='ocrx_word' id='word_1_244' title='bbox 2466 1988 2524 2022; x_wconf 88' lang='grc' dir='ltr'><strong>τε</strong></span> <span class='ocrx_word' id='word_1_245' title='bbox 2573 1964 2670 2021; x_wconf 69' lang='grc' dir='ltr'>ὅσα</span> <span class='ocrx_word' id='word_1_246' title='bbox 2724 1964 2845 2041; x_wconf 83' lang='grc' dir='ltr'>περὶ</span> <span class='ocrx_word' id='word_1_247' title='bbox 2905 1972 3004 2035; x_wconf 80' lang='grc' dir='ltr'><strong>τῆς</strong></span> <span class='ocrx_word' id='word_1_248' title='bbox 3048 1964 3272 2039; x_wconf 86' lang='grc' dir='ltr'>πρώτης</span> <span class='ocrx_word' id='word_1_249' title='bbox 3315 1964 3474 2034; x_wconf 77' lang='grc' dir='ltr'>ἡμων</span> <span class='ocrx_word' id='word_1_250' title='bbox 3536 1962 3728 2041; x_wconf 59' lang='grc' dir='ltr'>συστάτ</span> 
     </span>
    </p>
   </div>
   <div class='ocr_carea' id='block_1_36' title="bbox 325 2056 1971 2130">
    <p class='ocr_par' dir='ltr' id='par_1_36' title="bbox 325 2056 1971 2130">
     <span class='ocr_line' id='line_1_36' title="bbox 325 2056 1971 2130; baseline 0.004 -22"><span class='ocrx_word' id='word_1_251' title='bbox 325 2057 621 2124; x_wconf 88' lang='lat' dir='ltr'><strong>postrema</strong></span> <span class='ocrx_word' id='word_1_252' title='bbox 652 2056 969 2127; x_wconf 84' lang='lat' dir='ltr'><strong>reﬁctione,</strong></span> <span class='ocrx_word' id='word_1_253' title='bbox 1000 2058 1069 2113; x_wconf 89' lang='lat' dir='ltr'><strong>de</strong></span> <span class='ocrx_word' id='word_1_254' title='bbox 1118 2060 1271 2130; x_wconf 80' lang='lat' dir='ltr'><strong>typis</strong></span> <span class='ocrx_word' id='word_1_255' title='bbox 1301 2063 1359 2114; x_wconf 89' lang='lat' dir='ltr'><strong>et</strong></span> <span class='ocrx_word' id='word_1_256' title='bbox 1403 2060 1668 2129; x_wconf 86' lang='lat' dir='ltr'><strong>veritate,</strong></span> <span class='ocrx_word' id='word_1_257' title='bbox 1700 2076 1765 2114; x_wconf 88' lang='lat' dir='ltr'><strong>ac</strong></span> <span class='ocrx_word' id='word_1_258' title='bbox 1795 2064 1971 2114; x_wconf 86' lang='lat' dir='ltr'><strong>testa-</strong></span> 
     </span>
    </p>
   </div>
   <div class='ocr_carea' id='block_1_37' title="bbox 324 2143 1970 2219">
    <p class='ocr_par' dir='ltr' id='par_1_37' title="bbox 324 2143 1970 2219">
     <span class='ocr_line' id='line_1_37' title="bbox 324 2143 1970 2219; baseline 0.004 -22"><span class='ocrx_word' id='word_1_259' title='bbox 324 2143 558 2211; x_wconf 91' lang='lat' dir='ltr'><strong>mentis,</strong></span> <span class='ocrx_word' id='word_1_260' title='bbox 594 2145 664 2199; x_wconf 91' lang='lat' dir='ltr'><strong>de</strong></span> <span class='ocrx_word' id='word_1_261' title='bbox 694 2146 908 2201; x_wconf 89' lang='lat' dir='ltr'><strong>Christi</strong></span> <span class='ocrx_word' id='word_1_262' title='bbox 934 2148 1184 2202; x_wconf 91' lang='lat' dir='ltr'><strong>adventu</strong></span> <span class='ocrx_word' id='word_1_263' title='bbox 1210 2152 1331 2203; x_wconf 91' lang='lat' dir='ltr'><strong>tam</strong></span> <span class='ocrx_word' id='word_1_264' title='bbox 1353 2148 1540 2219; x_wconf 90' lang='lat' dir='ltr'><strong>primo</strong></span> <span class='ocrx_word' id='word_1_265' title='bbox 1563 2165 1739 2219; x_wconf 91' lang='lat' dir='ltr'><strong>quam</strong></span> <span class='ocrx_word' id='word_1_266' title='bbox 1767 2164 1970 2203; x_wconf 92' lang='lat' dir='ltr'><strong>secun-</strong></span> 
     </span>
    </p>
   </div>
   <div class='ocr_carea' id='block_1_38' title="bbox 322 2231 1972 2301">
    <p class='ocr_par' dir='ltr' id='par_1_38' title="bbox 322 2231 1972 2301">
     <span class='ocr_line' id='line_1_38' title="bbox 322 2231 1972 2301; baseline 0.004 -15"><span class='ocrx_word' id='word_1_267' title='bbox 322 2231 419 2300; x_wconf 90' lang='lat' dir='ltr'><strong>do,</strong></span> <span class='ocrx_word' id='word_1_268' title='bbox 450 2232 520 2287; x_wconf 88' lang='lat' dir='ltr'><strong>de</strong></span> <span class='ocrx_word' id='word_1_269' title='bbox 550 2231 948 2289; x_wconf 88' lang='lat' dir='ltr'><strong>incarnatione</strong></span> <span class='ocrx_word' id='word_1_270' title='bbox 978 2240 1036 2289; x_wconf 89' lang='lat' dir='ltr'><strong>et</strong></span> <span class='ocrx_word' id='word_1_271' title='bbox 1064 2236 1417 2291; x_wconf 87' lang='lat' dir='ltr'><strong>cruciatibus</strong></span> <span class='ocrx_word' id='word_1_272' title='bbox 1440 2242 1497 2292; x_wconf 90' lang='lat' dir='ltr'><strong>et</strong></span> <span class='ocrx_word' id='word_1_273' title='bbox 1528 2237 1871 2301; x_wconf 88' lang='lat' dir='ltr'><strong>reversione,</strong></span> <span class='ocrx_word' id='word_1_274' title='bbox 1902 2237 1972 2292; x_wconf 91' lang='lat' dir='ltr'><strong>de</strong></span> 
     </span>
    </p>
   </div>
   <div class='ocr_carea' id='block_1_39' title="bbox 322 2321 1967 2394">
    <p class='ocr_par' dir='ltr' id='par_1_39' title="bbox 322 2321 1967 2394">
     <span class='ocr_line' id='line_1_39' title="bbox 322 2321 1967 2394; baseline 0.002 -16"><span class='ocrx_word' id='word_1_275' title='bbox 322 2321 766 2387; x_wconf 84' lang='lat' dir='ltr'><strong>resurrectione,</strong></span> <span class='ocrx_word' id='word_1_276' title='bbox 799 2324 870 2378; x_wconf 88' lang='lat' dir='ltr'><strong>de</strong></span> <span class='ocrx_word' id='word_1_277' title='bbox 900 2324 1035 2389; x_wconf 83' lang='lat' dir='ltr'><strong>fine,</strong></span> <span class='ocrx_word' id='word_1_278' title='bbox 1082 2326 1153 2380; x_wconf 87' lang='lat' dir='ltr'><strong>de</strong></span> <span class='ocrx_word' id='word_1_279' title='bbox 1176 2325 1420 2394; x_wconf 90' lang='lat' dir='ltr'><strong>judicio,</strong></span> <span class='ocrx_word' id='word_1_280' title='bbox 1471 2342 1535 2381; x_wconf 91' lang='lat' dir='ltr'><strong>ac</strong></span> <span class='ocrx_word' id='word_1_281' title='bbox 1566 2326 1967 2389; x_wconf 89' lang='lat' dir='ltr'><strong>retributione,</strong></span> 
     </span>
    </p>
   </div>
   <div class='ocr_carea' id='block_1_40' title="bbox 320 2410 1970 2487">
    <p class='ocr_par' dir='ltr' id='par_1_40' title="bbox 320 2410 1970 2487">
     <span class='ocr_line' id='line_1_40' title="bbox 320 2410 1970 2487; baseline 0.004 -24"><span class='ocrx_word' id='word_1_282' title='bbox 320 2411 443 2464; x_wconf 85' lang='lat' dir='ltr'><strong>tam</strong></span> <span class='ocrx_word' id='word_1_283' title='bbox 464 2410 721 2466; x_wconf 86' lang='lat' dir='ltr'><strong>tristiore</strong></span> <span class='ocrx_word' id='word_1_284' title='bbox 746 2428 922 2483; x_wconf 90' lang='lat' dir='ltr'><strong>quam</strong></span> <span class='ocrx_word' id='word_1_285' title='bbox 951 2413 1342 2483; x_wconf 90' lang='lat' dir='ltr'><strong>splendidiore</strong></span> <span class='ocrx_word' id='word_1_286' title='bbox 1363 2418 1466 2485; x_wconf 61' lang='lat' dir='ltr'><strong>:iet</strong></span> <span class='ocrx_word' id='word_1_287' title='bbox 1488 2416 1641 2486; x_wconf 93' lang='lat' dir='ltr'><strong>quod</strong></span> <span class='ocrx_word' id='word_1_288' title='bbox 1664 2420 1840 2487; x_wconf 86' lang='lat' dir='ltr'><strong>caput</strong></span> <span class='ocrx_word' id='word_1_289' title='bbox 1860 2419 1970 2483; x_wconf 89' lang='lat' dir='ltr'><strong>est,</strong></span> 
     </span>
    </p>
   </div>
   <div class='ocr_carea' id='block_1_41' title="bbox 323 2499 1973 2571">
    <p class='ocr_par' dir='ltr' id='par_1_41' title="bbox 323 2499 1973 2571">
     <span class='ocr_line' id='line_1_41' title="bbox 323 2499 1973 2571; baseline 0.003 -19"><span class='ocrx_word' id='word_1_290' title='bbox 323 2513 685 2569; x_wconf 63' lang='lat' dir='ltr'><strong>quascunque</strong></span> <span class='ocrx_word' id='word_1_291' title='bbox 715 2499 785 2555; x_wconf 89' lang='lat' dir='ltr'><strong>de</strong></span> <span class='ocrx_word' id='word_1_292' title='bbox 808 2501 1067 2571; x_wconf 90' lang='lat' dir='ltr'><strong>principe</strong></span> <span class='ocrx_word' id='word_1_293' title='bbox 1088 2520 1152 2557; x_wconf 91' lang='lat' dir='ltr'><strong>ac</strong></span> <span class='ocrx_word' id='word_1_294' title='bbox 1184 2504 1351 2559; x_wconf 88' lang='lat' dir='ltr'><strong>beata</strong></span> <span class='ocrx_word' id='word_1_295' title='bbox 1372 2504 1655 2559; x_wconf 80' lang='lat' dir='ltr'><strong>Trinitate</strong></span> <span class='ocrx_word' id='word_1_296' title='bbox 1684 2503 1973 2558; x_wconf 91' lang='lat' dir='ltr'><strong>credenda</strong></span> 
     </span>
    </p>
   </div>
   <div class='ocr_carea' id='block_1_42' title="bbox 322 2587 1969 2663">
    <p class='ocr_par' dir='ltr' id='par_1_42' title="bbox 322 2587 1969 2663">
     <span class='ocr_line' id='line_1_42' title="bbox 322 2587 1969 2663; baseline 0.002 -22"><span class='ocrx_word' id='word_1_297' title='bbox 322 2589 483 2641; x_wconf 86' lang='lat' dir='ltr'><strong>sunt.</strong></span> <span class='ocrx_word' id='word_1_298' title='bbox 506 2587 630 2649; x_wconf 90' lang='lat' dir='ltr'><strong>Qua</strong></span> <span class='ocrx_word' id='word_1_299' title='bbox 653 2589 885 2658; x_wconf 89' lang='lat' dir='ltr'><strong>quidem</strong></span> <span class='ocrx_word' id='word_1_300' title='bbox 911 2589 968 2643; x_wconf 89' lang='lat' dir='ltr'><strong>in</strong></span> <span class='ocrx_word' id='word_1_301' title='bbox 992 2606 1071 2657; x_wconf 92' lang='lat' dir='ltr'><strong>re,</strong></span> <span class='ocrx_word' id='word_1_302' title='bbox 1098 2591 1171 2646; x_wconf 90' lang='lat' dir='ltr'><strong>iis</strong></span> <span class='ocrx_word' id='word_1_303' title='bbox 1194 2592 1409 2663; x_wconf 88' lang='lat' dir='ltr'><strong>quibus</strong></span> <span class='ocrx_word' id='word_1_304' title='bbox 1435 2592 1580 2648; x_wconf 86' lang='lat' dir='ltr'><strong>alios</strong></span> <span class='ocrx_word' id='word_1_305' title='bbox 1600 2592 1969 2647; x_wconf 90' lang='lat' dir='ltr'><strong>illuminandi</strong></span> 
     </span>
    </p>
   </div>
   <div class='ocr_carea' id='block_1_43' title="bbox 324 2676 1972 2751">
    <p class='ocr_par' dir='ltr' id='par_1_43' title="bbox 324 2676 1972 2751">
     <span class='ocr_line' id='line_1_43' title="bbox 324 2676 1972 2751; baseline 0.004 -23"><span class='ocrx_word' id='word_1_306' title='bbox 324 2690 544 2730; x_wconf 86' lang='lat' dir='ltr'><strong>munus</strong></span> <span class='ocrx_word' id='word_1_307' title='bbox 575 2676 958 2732; x_wconf 90' lang='lat' dir='ltr'><strong>commissum</strong></span> <span class='ocrx_word' id='word_1_308' title='bbox 990 2684 1098 2744; x_wconf 86' lang='lat' dir='ltr'><strong>est,</strong></span> <span class='ocrx_word' id='word_1_309' title='bbox 1132 2682 1454 2751; x_wconf 90' lang='lat' dir='ltr'><strong>periculum</strong></span> <span class='ocrx_word' id='word_1_310' title='bbox 1486 2682 1751 2737; x_wconf 92' lang='lat' dir='ltr'><strong>omnium</strong></span> <span class='ocrx_word' id='word_1_311' title='bbox 1783 2681 1972 2735; x_wconf 80' lang='lat' dir='ltr'><strong>maxi-</strong></span> 
     </span>
    </p>
   </div>
   <div class='ocr_carea' id='block_1_44' title="bbox 324 2763 1971 2840">
    <p class='ocr_par' dir='ltr' id='par_1_44' title="bbox 324 2763 1971 2840">
     <span class='ocr_line' id='line_1_44' title="bbox 324 2763 1971 2840; baseline 0.004 -24"><span class='ocrx_word' id='word_1_312' title='bbox 324 2778 490 2817; x_wconf 90' lang='lat' dir='ltr'><strong>mum</strong></span> <span class='ocrx_word' id='word_1_313' title='bbox 514 2763 808 2833; x_wconf 91' lang='lat' dir='ltr'><strong>objicitur,</strong></span> <span class='ocrx_word' id='word_1_314' title='bbox 833 2782 904 2820; x_wconf 92' lang='lat' dir='ltr'><strong>ne</strong></span> <span class='ocrx_word' id='word_1_315' title='bbox 923 2766 1008 2821; x_wconf 90' lang='lat' dir='ltr'><strong>vel</strong></span> <span class='ocrx_word' id='word_1_316' title='bbox 1028 2769 1084 2821; x_wconf 91' lang='lat' dir='ltr'><strong>in</strong></span> <span class='ocrx_word' id='word_1_317' title='bbox 1105 2785 1281 2823; x_wconf 88' lang='lat' dir='ltr'><strong>unam</strong></span> <span class='ocrx_word' id='word_1_318' title='bbox 1307 2785 1615 2840; x_wconf 89' lang='lat' dir='ltr'><strong>personam</strong></span> <span class='ocrx_word' id='word_1_319' title='bbox 1640 2773 1971 2824; x_wconf 88' lang='lat' dir='ltr'><strong>contractus</strong></span> 
     </span>
    </p>
   </div>
   <div class='ocr_carea' id='block_1_45' title="bbox 321 2852 1971 2925">
    <p class='ocr_par' dir='ltr' id='par_1_45' title="bbox 321 2852 1971 2925">
     <span class='ocr_line' id='line_1_45' title="bbox 321 2852 1971 2925; baseline 0.002 -18"><span class='ocrx_word' id='word_1_320' title='bbox 321 2866 538 2920; x_wconf 83' lang='lat' dir='ltr'><strong>sermo,</strong></span> <span class='ocrx_word' id='word_1_321' title='bbox 566 2852 705 2907; x_wconf 90' lang='lat' dir='ltr'><strong>dum</strong></span> <span class='ocrx_word' id='word_1_322' title='bbox 740 2854 955 2910; x_wconf 90' lang='lat' dir='ltr'><strong>multos</strong></span> <span class='ocrx_word' id='word_1_323' title='bbox 996 2856 1135 2912; x_wconf 90' lang='lat' dir='ltr'><strong>deos</strong></span> <span class='ocrx_word' id='word_1_324' title='bbox 1173 2858 1447 2913; x_wconf 90' lang='lat' dir='ltr'><strong>inducere</strong></span> <span class='ocrx_word' id='word_1_325' title='bbox 1492 2874 1779 2925; x_wconf 89' lang='lat' dir='ltr'><strong>veremur,</strong></span> <span class='ocrx_word' id='word_1_326' title='bbox 1814 2859 1971 2911; x_wconf 89' lang='lat' dir='ltr'><strong>nuda</strong></span> 
     </span>
    </p>
   </div>
   <div class='ocr_carea' id='block_1_46' title="bbox 322 2940 1972 3017">
    <p class='ocr_par' dir='ltr' id='par_1_46' title="bbox 322 2940 1972 3017">
     <span class='ocr_line' id='line_1_46' title="bbox 322 2940 1972 3017; baseline 0.004 -21"><span class='ocrx_word' id='word_1_327' title='bbox 322 2942 379 2996; x_wconf 85' lang='lat' dir='ltr'><strong>et</strong></span> <span class='ocrx_word' id='word_1_328' title='bbox 399 2940 599 2995; x_wconf 88' lang='lat' dir='ltr'><strong>inania</strong></span> <span class='ocrx_word' id='word_1_329' title='bbox 622 2942 789 2997; x_wconf 89' lang='lat' dir='ltr'><strong>nobis</strong></span> <span class='ocrx_word' id='word_1_330' title='bbox 812 2943 1048 2999; x_wconf 89' lang='lat' dir='ltr'><strong>nomina</strong></span> <span class='ocrx_word' id='word_1_331' title='bbox 1081 2945 1390 3017; x_wconf 88' lang='lat' dir='ltr'><strong>relinquat,</strong></span> <span class='ocrx_word' id='word_1_332' title='bbox 1415 2948 1684 3002; x_wconf 88' lang='lat' dir='ltr'><strong>eumdem</strong></span> <span class='ocrx_word' id='word_1_333' title='bbox 1705 2945 1972 3001; x_wconf 85' lang='lat' dir='ltr'><strong>videlicet</strong></span> 
     </span>
    </p>
   </div>
   <div class='ocr_carea' id='block_1_47' title="bbox 319 3028 1970 3105">
    <p class='ocr_par' dir='ltr' id='par_1_47' title="bbox 319 3028 1970 3105">
     <span class='ocr_line' id='line_1_47' title="bbox 319 3028 1970 3105; baseline 0.004 -20"><span class='ocrx_word' id='word_1_334' title='bbox 319 3028 549 3085; x_wconf 86' lang='lat' dir='ltr'><strong>Patrem</strong></span> <span class='ocrx_word' id='word_1_335' title='bbox 581 3034 638 3085; x_wconf 91' lang='lat' dir='ltr'><strong>et</strong></span> <span class='ocrx_word' id='word_1_336' title='bbox 668 3030 879 3086; x_wconf 89' lang='lat' dir='ltr'><strong>Filium</strong></span> <span class='ocrx_word' id='word_1_337' title='bbox 933 3038 990 3088; x_wconf 92' lang='lat' dir='ltr'><strong>et</strong></span> <span class='ocrx_word' id='word_1_338' title='bbox 1039 3034 1322 3105; x_wconf 91' lang='lat' dir='ltr'><strong>Spiritum</strong></span> <span class='ocrx_word' id='word_1_339' title='bbox 1380 3041 1645 3091; x_wconf 88' lang='lat' dir='ltr'><strong>sanctum</strong></span> <span class='ocrx_word' id='word_1_340' title='bbox 1679 3053 1806 3092; x_wconf 89' lang='lat' dir='ltr'><strong>esse</strong></span> <span class='ocrx_word' id='word_1_341' title='bbox 1837 3052 1970 3091; x_wconf 86' lang='lat' dir='ltr'><strong>sen-</strong></span> 
     </span>
    </p>
   </div>
   <div class='ocr_carea' id='block_1_48' title="bbox 322 3117 1969 3197">
    <p class='ocr_par' dir='ltr' id='par_1_48' title="bbox 322 3117 1969 3197">
     <span class='ocr_line' id='line_1_48' title="bbox 322 3117 1969 3197; baseline 0.005 -24"><span class='ocrx_word' id='word_1_342' title='bbox 322 3117 643 3176; x_wconf 87' lang='lat' dir='ltr'><strong>tientibus:</strong></span> <span class='ocrx_word' id='word_1_343' title='bbox 677 3120 763 3175; x_wconf 92' lang='lat' dir='ltr'><strong>vel</strong></span> <span class='ocrx_word' id='word_1_344' title='bbox 794 3120 851 3175; x_wconf 93' lang='lat' dir='ltr'><strong>in</strong></span> <span class='ocrx_word' id='word_1_345' title='bbox 883 3125 1001 3177; x_wconf 87' lang='lat' dir='ltr'><strong>tres</strong></span> <span class='ocrx_word' id='word_1_346' title='bbox 1046 3122 1268 3180; x_wconf 88' lang='lat' dir='ltr'><strong>alienas</strong></span> <span class='ocrx_word' id='word_1_347' title='bbox 1309 3130 1366 3180; x_wconf 90' lang='lat' dir='ltr'><strong>et</strong></span> <span class='ocrx_word' id='word_1_348' title='bbox 1390 3128 1648 3197; x_wconf 88' lang='lat' dir='ltr'><strong>|exteras,</strong></span> <span class='ocrx_word' id='word_1_349' title='bbox 1684 3131 1785 3181; x_wconf 88' lang='lat' dir='ltr'><strong>aut</strong></span> <span class='ocrx_word' id='word_1_350' title='bbox 1813 3126 1969 3181; x_wconf 88' lang='lat' dir='ltr'><strong>inor-</strong></span> 
     </span>
    </p>
   </div>
   <div class='ocr_carea' id='block_1_49' title="bbox 322 3205 1967 3289">
    <p class='ocr_par' dir='ltr' id='par_1_49' title="bbox 322 3205 1967 3289">
     <span class='ocr_line' id='line_1_49' title="bbox 322 3205 1967 3289; baseline 0.005 -29"><span class='ocrx_word' id='word_1_351' title='bbox 322 3205 553 3261; x_wconf 81' lang='lat' dir='ltr'><strong>dinatas</strong></span> <span class='ocrx_word' id='word_1_352' title='bbox 584 3211 642 3262; x_wconf 92' lang='lat' dir='ltr'><strong>et</strong></span> <span class='ocrx_word' id='word_1_353' title='bbox 670 3208 939 3281; x_wconf 91' lang='lat' dir='ltr'><strong>principii</strong></span> <span class='ocrx_word' id='word_1_354' title='bbox 983 3218 1266 3283; x_wconf 83' lang='lat' dir='ltr'><strong>expertes,</strong></span> <span class='ocrx_word' id='word_1_355' title='bbox 1300 3220 1490 3285; x_wconf 90' lang='lat' dir='ltr'><strong>atque,</strong></span> <span class='ocrx_word' id='word_1_356' title='bbox 1525 3219 1589 3269; x_wconf 91' lang='lat' dir='ltr'><strong>ut</strong></span> <span class='ocrx_word' id='word_1_357' title='bbox 1625 3215 1709 3270; x_wconf 90' lang='lat' dir='ltr'><strong>sic</strong></span> <span class='ocrx_word' id='word_1_358' title='bbox 1742 3215 1967 3289; x_wconf 87' lang='lat' dir='ltr'><strong>loquar,</strong></span> 
     </span>
    </p>
   </div>
   <div class='ocr_carea' id='block_1_50' title="bbox 322 3294 1970 3374">
    <p class='ocr_par' dir='ltr' id='par_1_50' title="bbox 322 3294 1970 3374">
     <span class='ocr_line' id='line_1_50' title="bbox 322 3294 1970 3374; baseline 0.005 -26"><span class='ocrx_word' id='word_1_359' title='bbox 322 3294 685 3350; x_wconf 84' lang='lat' dir='ltr'><strong>adversariae</strong></span> <span class='ocrx_word' id='word_1_360' title='bbox 716 3296 957 3368; x_wconf 78' lang='lat' dir='ltr'><strong>divisus,</strong></span> <span class='ocrx_word' id='word_1_361' title='bbox 990 3297 1047 3353; x_wconf 90' lang='lat' dir='ltr'><strong>in</strong></span> <span class='ocrx_word' id='word_1_362' title='bbox 1096 3299 1245 3354; x_wconf 90' lang='lat' dir='ltr'><strong>idem</strong></span> <span class='ocrx_word' id='word_1_363' title='bbox 1278 3300 1499 3357; x_wconf 89' lang='lat' dir='ltr'><strong>malum</strong></span> <span class='ocrx_word' id='word_1_364' title='bbox 1551 3319 1654 3374; x_wconf 90' lang='lat' dir='ltr'><strong>per</strong></span> <span class='ocrx_word' id='word_1_365' title='bbox 1682 3302 1970 3357; x_wconf 90' lang='lat' dir='ltr'><strong>contraria</strong></span> 
     </span>
    </p>
   </div>
   <div class='ocr_carea' id='block_1_51' title="bbox 322 3381 1967 3461">
    <p class='ocr_par' dir='ltr' id='par_1_51' title="bbox 322 3381 1967 3461">
     <span class='ocr_line' id='line_1_51' title="bbox 322 3381 1967 3461; baseline 0.005 -25"><span class='ocrx_word' id='word_1_366' title='bbox 322 3381 697 3455; x_wconf 87' lang='lat' dir='ltr'><strong>prolabatur:</strong></span> <span class='ocrx_word' id='word_1_367' title='bbox 735 3401 846 3440; x_wconf 92' lang='lat' dir='ltr'><strong>non</strong></span> <span class='ocrx_word' id='word_1_368' title='bbox 890 3402 1058 3443; x_wconf 91' lang='lat' dir='ltr'><strong>secus</strong></span> <span class='ocrx_word' id='word_1_369' title='bbox 1090 3404 1154 3443; x_wconf 93' lang='lat' dir='ltr'><strong>ac</strong></span> <span class='ocrx_word' id='word_1_370' title='bbox 1203 3389 1447 3446; x_wconf 89' lang='lat' dir='ltr'><strong>distorta</strong></span> <span class='ocrx_word' id='word_1_371' title='bbox 1476 3391 1692 3461; x_wconf 85' lang='lat' dir='ltr'><strong>planta,</strong></span> <span class='ocrx_word' id='word_1_372' title='bbox 1743 3408 1876 3446; x_wconf 91' lang='lat' dir='ltr'><strong>cum</strong></span> <span class='ocrx_word' id='word_1_373' title='bbox 1908 3392 1967 3445; x_wconf 89' lang='lat' dir='ltr'><strong>in</strong></span> 
     </span>
    </p>
   </div>
   <div class='ocr_carea' id='block_1_52' title="bbox 323 3470 1391 3544">
    <p class='ocr_par' dir='ltr' id='par_1_52' title="bbox 323 3470 1391 3544">
     <span class='ocr_line' id='line_1_52' title="bbox 323 3470 1391 3544; baseline 0.007 -18"><span class='ocrx_word' id='word_1_374' title='bbox 323 3470 566 3527; x_wconf 90' lang='lat' dir='ltr'><strong>alteram</strong></span> <span class='ocrx_word' id='word_1_375' title='bbox 598 3478 821 3544; x_wconf 87' lang='lat' dir='ltr'><strong>partem</strong></span> <span class='ocrx_word' id='word_1_376' title='bbox 854 3474 1030 3531; x_wconf 90' lang='lat' dir='ltr'><strong>nimis</strong></span> <span class='ocrx_word' id='word_1_377' title='bbox 1061 3477 1391 3533; x_wconf 85' lang='lat' dir='ltr'><strong>inﬂectitur.</strong></span> 
     </span>
    </p>
   </div>
   <div class='ocr_carea' id='block_1_53' title="bbox 396 3560 1979 3639">
    <p class='ocr_par' dir='ltr' id='par_1_53' title="bbox 396 3560 1979 3639">
     <span class='ocr_line' id='line_1_53' title="bbox 396 3560 1979 3639; baseline 0.004 -24"><span class='ocrx_word' id='word_1_378' title='bbox 396 3560 660 3617; x_wconf 82' lang='lat' dir='ltr'><strong>XXXVII.</strong></span> <span class='ocrx_word' id='word_1_379' title='bbox 696 3562 838 3620; x_wconf 88' lang='lat' dir='ltr'><strong>Nam</strong></span> <span class='ocrx_word' id='word_1_380' title='bbox 872 3581 1003 3619; x_wconf 90' lang='lat' dir='ltr'><strong>cum</strong></span> <span class='ocrx_word' id='word_1_381' title='bbox 1054 3571 1172 3621; x_wconf 86' lang='lat' dir='ltr'><strong>tres</strong></span> <span class='ocrx_word' id='word_1_382' title='bbox 1222 3567 1341 3621; x_wconf 87' lang='lat' dir='ltr'><strong>sint</strong></span> <span class='ocrx_word' id='word_1_383' title='bbox 1387 3566 1496 3623; x_wconf 85' lang='lat' dir='ltr'><strong>hoc</strong></span> <span class='ocrx_word' id='word_1_384' title='bbox 1537 3572 1796 3639; x_wconf 89' lang='lat' dir='ltr'><strong>tempore</strong></span> <span class='ocrx_word' id='word_1_385' title='bbox 1826 3568 1979 3623; x_wconf 89' lang='lat' dir='ltr'><strong>circa</strong></span> 
     </span>
    </p>
   </div>
   <div class='ocr_carea' id='block_1_54' title="bbox 326 3647 1980 3727">
    <p class='ocr_par' dir='ltr' id='par_1_54' title="bbox 326 3647 1980 3727">
     <span class='ocr_line' id='line_1_54' title="bbox 326 3647 1980 3727; baseline 0.004 -22"><span class='ocrx_word' id='word_1_386' title='bbox 326 3647 679 3722; x_wconf 78' lang='lat' dir='ltr'><strong>theologiam</strong></span> <span class='ocrx_word' id='word_1_387' title='bbox 728 3653 937 3721; x_wconf 91' lang='lat' dir='ltr'><strong>morbi,</strong></span> <span class='ocrx_word' id='word_1_388' title='bbox 993 3655 1184 3709; x_wconf 89' lang='lat' dir='ltr'><strong>atheia</strong></span> <span class='ocrx_word' id='word_1_389' title='bbox 1234 3672 1461 3727; x_wconf 90' lang='lat' dir='ltr'><strong>nempe,</strong></span> <span class='ocrx_word' id='word_1_390' title='bbox 1512 3656 1876 3722; x_wconf 88' lang='lat' dir='ltr'><strong>Judaismus,</strong></span> <span class='ocrx_word' id='word_1_391' title='bbox 1924 3659 1980 3711; x_wconf 90' lang='lat' dir='ltr'><strong>et</strong></span> 
     </span>
    </p>
   </div>
   <div class='ocr_carea' id='block_1_55' title="bbox 326 3737 1978 3816">
    <p class='ocr_par' dir='ltr' id='par_1_55' title="bbox 326 3737 1978 3816">
     <span class='ocr_line' id='line_1_55' title="bbox 326 3737 1978 3816; baseline 0.004 -23"><span class='ocrx_word' id='word_1_392' title='bbox 326 3737 648 3795; x_wconf 87' lang='lat' dir='ltr'><strong>multorum</strong></span> <span class='ocrx_word' id='word_1_393' title='bbox 681 3740 923 3797; x_wconf 91' lang='lat' dir='ltr'><strong>deorum</strong></span> <span class='ocrx_word' id='word_1_394' title='bbox 970 3743 1186 3808; x_wconf 88' lang='lat' dir='ltr'><strong>cultus,</strong></span> <span class='ocrx_word' id='word_1_395' title='bbox 1221 3761 1468 3815; x_wconf 91' lang='lat' dir='ltr'><strong>quorum</strong></span> <span class='ocrx_word' id='word_1_396' title='bbox 1526 3744 1700 3816; x_wconf 92' lang='lat' dir='ltr'><strong>primi</strong></span> <span class='ocrx_word' id='word_1_397' title='bbox 1733 3745 1978 3816; x_wconf 86' lang='lat' dir='ltr'><strong>Libycus</strong></span> 
     </span>
    </p>
   </div>
   <div class='ocr_carea' id='block_1_56' title="bbox 327 3825 1979 3902">
    <p class='ocr_par' dir='ltr' id='par_1_56' title="bbox 327 3825 1979 3902">
     <span class='ocr_line' id='line_1_56' title="bbox 327 3825 1979 3902; baseline 0.003 -19"><span class='ocrx_word' id='word_1_398' title='bbox 327 3825 621 3884; x_wconf 84' lang='lat' dir='ltr'><strong>Sabellius</strong></span> <span class='ocrx_word' id='word_1_399' title='bbox 653 3837 1051 3901; x_wconf 89' lang='lat' dir='ltr'><strong>propugnator</strong></span> <span class='ocrx_word' id='word_1_400' title='bbox 1099 3834 1201 3887; x_wconf 75' lang='lat'><strong>80</strong></span> <span class='ocrx_word' id='word_1_401' title='bbox 1244 3832 1387 3900; x_wconf 77' lang='lat' dir='ltr'><strong>fuit;</strong></span> <span class='ocrx_word' id='word_1_402' title='bbox 1438 3832 1699 3902; x_wconf 88' lang='lat' dir='ltr'><strong>alterius,</strong></span> <span class='ocrx_word' id='word_1_403' title='bbox 1729 3833 1979 3888; x_wconf 84' lang='lat' dir='ltr'><strong>Alexan-</strong></span> 
     </span>
    </p>
   </div>
   <div class='ocr_carea' id='block_1_57' title="bbox 398 3951 877 4023">
    <p class='ocr_par' dir='ltr' id='par_1_57' title="bbox 398 3951 877 4023">
     <span class='ocr_line' id='line_1_57' title="bbox 398 3951 877 4023; baseline 0.006 -15"><span class='ocrx_word' id='word_1_404' title='bbox 398 3951 443 3988; x_wconf 81' lang='grc'><strong>⁸⁸</strong></span> <span class='ocrx_word' id='word_1_405' title='bbox 475 3952 614 4009; x_wconf 93' lang='lat' dir='ltr'><strong>Luc.</strong></span> <span class='ocrx_word' id='word_1_406' title='bbox 648 3971 749 4023; x_wconf 70' lang='grc' dir='ltr'>χιι,</span> <span class='ocrx_word' id='word_1_407' title='bbox 785 3955 877 4012; x_wconf 83' lang='grc'><strong>42.</strong></span> 
     </span>
    </p>
   </div>
   <div class='ocr_carea' id='block_1_58' title="bbox 398 4075 1282 4203">
    <p class='ocr_par' dir='ltr' id='par_1_58' title="bbox 398 4075 1282 4203">
     <span class='ocr_line' id='line_1_58' title="bbox 398 4075 1282 4203; baseline 0.007 -72"><span class='ocrx_word' id='word_1_408' title='bbox 398 4076 513 4149; x_wconf 86' lang='grc'>(66)</span> <span class='ocrx_word' id='word_1_409' title='bbox 541 4075 781 4203; x_wconf 47' lang='grc' dir='ltr'>ὙἘηλοῦ</span> <span class='ocrx_word' id='word_1_410' title='bbox 812 4078 988 4163; x_wconf 43' lang='grc' dir='ltr'>καξδν</span> <span class='ocrx_word' id='word_1_411' title='bbox 1035 4084 1148 4137; x_wconf 91' lang='grc' dir='ltr'>νῦν.</span> <span class='ocrx_word' id='word_1_412' title='bbox 1200 4084 1282 4163; x_wconf 66' lang='lat' dir='ltr'><strong>ita</strong></span> 
     </span>
     <span class='ocr_line' id='line_1_59' title="bbox 426 4148 1277 4203; baseline 0 0"><span class='ocrx_word' id='word_1_413' title='bbox 426 4148 568 4203; x_wconf 84' lang='lat' dir='ltr'><strong>Jes..</strong></span> <span class='ocrx_word' id='word_1_414' title='bbox 651 4167 697 4203; x_wconf 77' lang='grc' dir='ltr'><strong>ι’.</strong></span> <span class='ocrx_word' id='word_1_415' title='bbox 730 4152 777 4203; x_wconf 90' lang='grc'><strong>1.</strong></span> <span class='ocrx_word' id='word_1_416' title='bbox 811 4152 919 4203; x_wconf 85' lang='grc' dir='ltr'>ΑΙιι</span> <span class='ocrx_word' id='word_1_417' title='bbox 954 4154 1214 4203; x_wconf 82' lang='lat' dir='ltr'><strong>nonnulli</strong></span> <span class='ocrx_word' id='word_1_418' title='bbox 1250 4175 1277 4203; x_wconf 89' lang='grc' dir='ltr'><strong>ο</strong></span> 
     </span>
    </p>
   </div>
   <div class='ocr_carea' id='block_1_59' title="bbox 330 4147 1310 4216">
    <p class='ocr_par' dir='ltr' id='par_1_59' title="bbox 330 4147 1310 4216">
     <span class='ocr_line' id='line_1_60' title="bbox 330 4147 1310 4216; baseline 0.003 -13"><span class='ocrx_word' id='word_1_419' title='bbox 330 4147 568 4216; x_wconf 70' lang='grc' dir='ltr'>4,“]θε.,</span> <span class='ocrx_word' id='word_1_420' title='bbox 601 4147 697 4215; x_wconf 89' lang='lat' dir='ltr'><strong>Or,</strong></span> <span class='ocrx_word' id='word_1_421' title='bbox 730 4152 777 4205; x_wconf 91' lang='grc'><strong>1.</strong></span> <span class='ocrx_word' id='word_1_422' title='bbox 811 4152 919 4205; x_wconf 90' lang='lat' dir='ltr'><strong>Alii</strong></span> <span class='ocrx_word' id='word_1_423' title='bbox 954 4154 1214 4208; x_wconf 90' lang='lat' dir='ltr'><strong>nonnulli</strong></span> <span class='ocrx_word' id='word_1_424' title='bbox 1250 4154 1310 4206; x_wconf 85' lang='grc' dir='ltr'><strong>οὗ</strong></span> 
     </span>
    </p>
   </div>
   <div class='ocr_carea' id='block_1_60' title="bbox 329 4220 1317 4349">
    <p class='ocr_par' dir='ltr' id='par_1_60' title="bbox 329 4220 1317 4349">
     <span class='ocr_line' id='line_1_61' title="bbox 329 4220 1317 4349; baseline 0.007 -77"><span class='ocrx_word' id='word_1_425' title='bbox 329 4238 393 4293; x_wconf 83' lang='grc' dir='ltr'>γε</span> <span class='ocrx_word' id='word_1_426' title='bbox 421 4221 531 4273; x_wconf 86' lang='grc' dir='ltr'>νῦν.</span> <span class='ocrx_word' id='word_1_427' title='bbox 568 4221 628 4274; x_wconf 89' lang='lat' dir='ltr'><strong>In</strong></span> <span class='ocrx_word' id='word_1_428' title='bbox 660 4222 749 4278; x_wconf 91' lang='lat' dir='ltr'><strong>ed.</strong></span> <span class='ocrx_word' id='word_1_429' title='bbox 788 4220 1003 4349; x_wconf 48' lang='grc' dir='ltr'>ὑιζηλοῦ</span> <span class='ocrx_word' id='word_1_430' title='bbox 1033 4225 1121 4277; x_wconf 89' lang='grc' dir='ltr'><strong>καὶ</strong></span> <span class='ocrx_word' id='word_1_431' title='bbox 1149 4224 1177 4278; x_wconf 83' lang='grc' dir='ltr'>ὃ</span> <span class='ocrx_word' id='word_1_432' title='bbox 1207 4228 1317 4281; x_wconf 89' lang='grc' dir='ltr'>νῦν.</span> 
     </span>
     <span class='ocr_line' id='line_1_62' title="bbox 404 4291 1309 4349; baseline 0.006 -4"><span class='ocrx_word' id='word_1_433' title='bbox 404 4291 516 4349; x_wconf 82' lang='lat'><strong>(67)</strong></span> <span class='ocrx_word' id='word_1_434' title='bbox 559 4293 671 4343; x_wconf 82' lang='grc' dir='ltr'><strong>Τῶν</strong></span> <span class='ocrx_word' id='word_1_435' title='bbox 718 4312 821 4349; x_wconf 79' lang='grc' dir='ltr'><strong>φαυ</strong></span> <span class='ocrx_word' id='word_1_436' title='bbox 866 4295 1089 4349; x_wconf 87' lang='grc' dir='ltr'>οτάτων.</span> <span class='ocrx_word' id='word_1_437' title='bbox 1142 4321 1168 4347; x_wconf 85' lang='grc'><strong>‹‹</strong></span> <span class='ocrx_word' id='word_1_438' title='bbox 1227 4297 1309 4349; x_wconf 85' lang='grc' dir='ltr'><strong>ΗΟ</strong></span> 
     </span>
    </p>
   </div>
   <div class='ocr_carea' id='block_1_61' title="bbox 367 4291 1980 4372">
    <p class='ocr_par' dir='ltr' id='par_1_61' title="bbox 367 4291 1980 4372">
     <span class='ocr_line' id='line_1_63' title="bbox 367 4291 1980 4372; baseline 0.003 -27"><span class='ocrx_word' id='word_1_439' title='bbox 367 4291 516 4372; x_wconf 43' lang='grc'>,(67)</span> <span class='ocrx_word' id='word_1_440' title='bbox 559 4293 671 4343; x_wconf 83' lang='grc' dir='ltr'>Τῶν</span> <span class='ocrx_word' id='word_1_441' title='bbox 718 4291 1089 4367; x_wconf 78' lang='grc' dir='ltr'>φαυλοτάτων.</span> <span class='ocrx_word' id='word_1_442' title='bbox 1142 4321 1168 4347; x_wconf 85' lang='grc'><strong>‹‹</strong></span> <span class='ocrx_word' id='word_1_443' title='bbox 1227 4296 1542 4352; x_wconf 85' lang='lat' dir='ltr'><strong>Hominum</strong></span> <span class='ocrx_word' id='word_1_444' title='bbox 1606 4314 1719 4352; x_wconf 91' lang='lat' dir='ltr'><strong>non</strong></span> <span class='ocrx_word' id='word_1_445' title='bbox 1775 4295 1980 4368; x_wconf 90' lang='lat' dir='ltr'><strong>vulga-</strong></span> 
     </span>
    </p>
   </div>
   <div class='ocr_carea' id='block_1_62' title="bbox 331 4377 573 4418">
    <p class='ocr_par' dir='ltr' id='par_1_62' title="bbox 331 4377 573 4418">
     <span class='ocr_line' id='line_1_64' title="bbox 331 4377 573 4418; baseline 0.008 -2"><span class='ocrx_word' id='word_1_446' title='bbox 331 4377 509 4418; x_wconf 78' lang='lat' dir='ltr'><strong>rium.</strong></span> <span class='ocrx_word' id='word_1_447' title='bbox 547 4384 573 4411; x_wconf 73' lang='grc' dir='ltr'><strong>η</strong></span> 
     </span>
    </p>
   </div>
   <div class='ocr_carea' id='block_1_63' title="bbox 400 4431 1979 4507">
    <p class='ocr_par' dir='ltr' id='par_1_63' title="bbox 400 4431 1979 4507">
     <span class='ocr_line' id='line_1_65' title="bbox 400 4431 1979 4507; baseline 0.004 -20"><span class='ocrx_word' id='word_1_448' title='bbox 400 4434 514 4507; x_wconf 79' lang='grc'>(68)</span> <span class='ocrx_word' id='word_1_449' title='bbox 546 4431 675 4507; x_wconf 86' lang='grc' dir='ltr'><strong>Περὶ</strong></span> <span class='ocrx_word' id='word_1_450' title='bbox 719 4433 955 4505; x_wconf 87' lang='grc' dir='ltr'>κόσμων.</span> <span class='ocrx_word' id='word_1_451' title='bbox 990 4460 1018 4485; x_wconf 89' lang='grc'><strong>‹‹</strong></span> <span class='ocrx_word' id='word_1_452' title='bbox 1066 4438 1145 4493; x_wconf 92' lang='lat' dir='ltr'><strong>De</strong></span> <span class='ocrx_word' id='word_1_453' title='bbox 1194 4440 1452 4507; x_wconf 83' lang='lat' dir='ltr'><strong>mundis,</strong></span> <span class='ocrx_word' id='word_1_454' title='bbox 1506 4460 1533 4487; x_wconf 84' lang='lat'><strong>»</strong></span> <span class='ocrx_word' id='word_1_455' title='bbox 1566 4442 1673 4492; x_wconf 89' lang='lat' dir='ltr'><strong>etc.</strong></span> <span class='ocrx_word' id='word_1_456' title='bbox 1711 4438 1979 4493; x_wconf 87' lang='lat' dir='ltr'><strong>Immate-</strong></span> 
     </span>
    </p>
   </div>
   <div class='ocr_carea' id='block_1_64' title="bbox 336 4504 1981 4577">
    <p class='ocr_par' dir='ltr' id='par_1_64' title="bbox 336 4504 1981 4577">
     <span class='ocr_line' id='line_1_66' title="bbox 336 4504 1981 4577; baseline 0.001 -18"><span class='ocrx_word' id='word_1_457' title='bbox 336 4504 467 4559; x_wconf 90' lang='lat' dir='ltr'><strong>riali</strong></span> <span class='ocrx_word' id='word_1_458' title='bbox 500 4504 703 4577; x_wconf 27' lang='lat' dir='ltr'><strong>unojet</strong></span> <span class='ocrx_word' id='word_1_459' title='bbox 745 4504 1043 4572; x_wconf 87' lang='lat' dir='ltr'><strong>invisibili,</strong></span> <span class='ocrx_word' id='word_1_460' title='bbox 1092 4511 1378 4564; x_wconf 88' lang='lat' dir='ltr'><strong>materiali</strong></span> <span class='ocrx_word' id='word_1_461' title='bbox 1426 4504 1606 4565; x_wconf 82' lang='lat' dir='ltr'><strong>altero</strong></span> <span class='ocrx_word' id='word_1_462' title='bbox 1635 4515 1694 4564; x_wconf 91' lang='lat' dir='ltr'><strong>et</strong></span> <span class='ocrx_word' id='word_1_463' title='bbox 1723 4510 1936 4565; x_wconf 89' lang='lat' dir='ltr'><strong>visibili</strong></span> <span class='ocrx_word' id='word_1_464' title='bbox 1968 4527 1981 4577; x_wconf 88' lang='lat'><strong>;</strong></span> 
     </span>
    </p>
   </div>
   <div class='ocr_carea' id='block_1_65' title="bbox 333 4576 1979 4649">
    <p class='ocr_par' dir='ltr' id='par_1_65' title="bbox 333 4576 1979 4649">
     <span class='ocr_line' id='line_1_67' title="bbox 333 4576 1979 4649; baseline 0.004 -20"><span class='ocrx_word' id='word_1_465' title='bbox 333 4591 585 4649; x_wconf 90' lang='lat' dir='ltr'><strong>quorum</strong></span> <span class='ocrx_word' id='word_1_466' title='bbox 616 4576 712 4632; x_wconf 81' lang='lat' dir='ltr'><strong>ille</strong></span> <span class='ocrx_word' id='word_1_467' title='bbox 744 4578 1022 4649; x_wconf 92' lang='lat' dir='ltr'><strong>primum,</strong></span> <span class='ocrx_word' id='word_1_468' title='bbox 1048 4581 1157 4636; x_wconf 90' lang='lat' dir='ltr'><strong>iste</strong></span> <span class='ocrx_word' id='word_1_469' title='bbox 1187 4581 1395 4637; x_wconf 92' lang='lat' dir='ltr'><strong>deinde</strong></span> <span class='ocrx_word' id='word_1_470' title='bbox 1417 4586 1645 4636; x_wconf 87' lang='lat' dir='ltr'><strong>creatus</strong></span> <span class='ocrx_word' id='word_1_471' title='bbox 1675 4587 1780 4636; x_wconf 89' lang='lat' dir='ltr'><strong>est.</strong></span> <span class='ocrx_word' id='word_1_472' title='bbox 1818 4576 1979 4636; x_wconf 86' lang='lat' dir='ltr'><strong>Hunc</strong></span> 
     </span>
    </p>
   </div>
   <div class='ocr_carea' id='block_1_66' title="bbox 331 4649 1976 4724">
    <p class='ocr_par' dir='ltr' id='par_1_66' title="bbox 331 4649 1976 4724">
     <span class='ocr_line' id='line_1_68' title="bbox 331 4649 1976 4724; baseline 0.003 -22"><span class='ocrx_word' id='word_1_473' title='bbox 331 4662 459 4704; x_wconf 91' lang='lat' dir='ltr'><strong>esse</strong></span> <span class='ocrx_word' id='word_1_474' title='bbox 489 4665 750 4724; x_wconf 82' lang='lat' dir='ltr'><strong>sensum_</strong></span> <span class='ocrx_word' id='word_1_475' title='bbox 776 4649 1033 4721; x_wconf 88' lang='lat' dir='ltr'><strong>Gregorii</strong></span> <span class='ocrx_word' id='word_1_476' title='bbox 1073 4669 1140 4705; x_wconf 83' lang='lat' dir='ltr'><strong>ex</strong></span> <span class='ocrx_word' id='word_1_477' title='bbox 1184 4651 1314 4707; x_wconf 90' lang='lat' dir='ltr'><strong>aliis</strong></span> <span class='ocrx_word' id='word_1_478' title='bbox 1361 4652 1724 4707; x_wconf 83' lang='lat' dir='ltr'><strong>orationibus</strong></span> <span class='ocrx_word' id='word_1_479' title='bbox 1756 4654 1976 4724; x_wconf 82' lang='lat' dir='ltr'><strong>liquet:</strong></span> 
     </span>
    </p>
   </div>
   <div class='ocr_carea' id='block_1_67' title="bbox 1376 4082 1984 4154">
    <p class='ocr_par' dir='ltr' id='par_1_67' title="bbox 1376 4082 1984 4154">
     <span class='ocr_line' id='line_1_69' title="bbox 1376 4082 1984 4154; baseline 0 -17"><span class='ocrx_word' id='word_1_480' title='bbox 1376 4083 1533 4154; x_wconf 91' lang='lat' dir='ltr'><strong>uinq.</strong></span> <span class='ocrx_word' id='word_1_481' title='bbox 1587 4083 1789 4154; x_wconf 76' lang='lat' dir='ltr'><strong>Regg.,</strong></span> <span class='ocrx_word' id='word_1_482' title='bbox 1821 4082 1984 4154; x_wconf 86' lang='lat' dir='ltr'><strong>Colb&#39;</strong></span> 
     </span>
    </p>
   </div>
   <div class='ocr_carea' id='block_1_68' title="bbox 1390 4153 1978 4226">
    <p class='ocr_par' dir='ltr' id='par_1_68' title="bbox 1390 4153 1978 4226">
     <span class='ocr_line' id='line_1_70' title="bbox 1390 4153 1978 4226; baseline -0.009 -15"><span class='ocrx_word' id='word_1_483' title='bbox 1390 4153 1545 4210; x_wconf 91' lang='lat' dir='ltr'><strong>omb.</strong></span> <span class='ocrx_word' id='word_1_484' title='bbox 1580 4153 1796 4226; x_wconf 78' lang='grc' dir='ltr'>ὑψηλοῦ</span> <span class='ocrx_word' id='word_1_485' title='bbox 1813 4154 1900 4207; x_wconf 83' lang='grc' dir='ltr'><strong>καὶ</strong></span> <span class='ocrx_word' id='word_1_486' title='bbox 1922 4153 1978 4207; x_wconf 77' lang='grc' dir='ltr'>ὃν</span> 
     </span>
    </p>
   </div>
   <div class='ocr_carea' id='block_1_69' title="bbox 330 4719 2056 4811">
    <p class='ocr_par' dir='ltr' id='par_1_69' title="bbox 330 4719 2056 4811">
     <span class='ocr_line' id='line_1_71' title="bbox 330 4719 2056 4811; baseline 0.003 -36"><span class='ocrx_word' id='word_1_487' title='bbox 330 4724 475 4775; x_wconf 87' lang='lat' dir='ltr'><strong>orat.</strong></span> <span class='ocrx_word' id='word_1_488' title='bbox 508 4738 667 4811; x_wconf 62' lang='grc' dir='ltr'>κνιιι,</span> <span class='ocrx_word' id='word_1_489' title='bbox 700 4719 777 4775; x_wconf 89' lang='lat' dir='ltr'><strong>al.</strong></span> <span class='ocrx_word' id='word_1_490' title='bbox 804 4719 922 4811; x_wconf 54' lang='grc' dir='ltr'><strong>χιξξ</strong></span> <span class='ocrx_word' id='word_1_491' title='bbox 973 4724 1032 4776; x_wconf 78' lang='lat' dir='ltr'><strong>in</strong></span> <span class='ocrx_word' id='word_1_492' title='bbox 1083 4730 1322 4806; x_wconf 55' lang='lat' dir='ltr'><strong>{’atrem,</strong></span> <span class='ocrx_word' id='word_1_493' title='bbox 1372 4726 1524 4811; x_wconf 47' lang='lat' dir='ltr'><strong>n..n3:</strong></span> <span class='ocrx_word' id='word_1_494' title='bbox 1578 4742 1661 4779; x_wconf 85' lang='lat' dir='ltr'><strong>or.</strong></span> <span class='ocrx_word' id='word_1_495' title='bbox 1694 4719 1866 4789; x_wconf 62' lang='lat' dir='ltr'><strong>xxvii,</strong></span> <span class='ocrx_word' id='word_1_496' title='bbox 1901 4722 1974 4811; x_wconf 69' lang='lat' dir='ltr'><strong>al.</strong></span> <span class='ocrx_word' id='word_1_497' title='bbox 2012 4748 2056 4811; x_wconf 70' lang='grc' dir='ltr'><strong>Β</strong></span> 
     </span>
    </p>
   </div>
   <div class='ocr_carea' id='block_1_70' title="bbox 326 4793 1977 4863">
    <p class='ocr_par' dir='ltr' id='par_1_70' title="bbox 326 4793 1977 4863">
     <span class='ocr_line' id='line_1_72' title="bbox 326 4793 1977 4863; baseline 0.001 -16"><span class='ocrx_word' id='word_1_498' title='bbox 326 4808 526 4858; x_wconf 69' lang='grc' dir='ltr'>χχχιιι,</span> <span class='ocrx_word' id='word_1_499' title='bbox 558 4793 818 4847; x_wconf 80' lang='lat' dir='ltr'><strong>adversus</strong></span> <span class='ocrx_word' id='word_1_500' title='bbox 860 4794 1257 4859; x_wconf 79' lang='lat' dir='ltr'><strong>Eunomianos,</strong></span> <span class='ocrx_word' id='word_1_501' title='bbox 1293 4793 1347 4849; x_wconf 85' lang='grc' dir='ltr'>ιι.</span> <span class='ocrx_word' id='word_1_502' title='bbox 1403 4796 1505 4863; x_wconf 88' lang='grc' dir='ltr'><strong>1Ο;</strong></span> <span class='ocrx_word' id='word_1_503' title='bbox 1540 4810 1624 4851; x_wconf 90' lang='lat' dir='ltr'><strong>or.</strong></span> <span class='ocrx_word' id='word_1_504' title='bbox 1673 4812 1867 4861; x_wconf 83' lang='lat' dir='ltr'><strong>xxvm,</strong></span> <span class='ocrx_word' id='word_1_505' title='bbox 1904 4794 1977 4851; x_wconf 87' lang='lat' dir='ltr'><strong>al.</strong></span> 
     </span>
    </p>
   </div>
   <div class='ocr_carea' id='block_1_71' title="bbox 2082 2038 3731 2125">
    <p class='ocr_par' dir='ltr' id='par_1_71' title="bbox 2082 2038 3731 2125">
     <span class='ocr_line' id='line_1_73' title="bbox 2082 2038 3731 2125; baseline -0.003 -15"><span class='ocrx_word' id='word_1_506' title='bbox 2082 2077 2239 2125; x_wconf 89' lang='grc' dir='ltr'>σεως,</span> <span class='ocrx_word' id='word_1_507' title='bbox 2271 2056 2359 2112; x_wconf 83' lang='grc' dir='ltr'>καὶ</span> <span class='ocrx_word' id='word_1_508' title='bbox 2404 2063 2502 2125; x_wconf 82' lang='grc' dir='ltr'><strong>τῆς</strong></span> <span class='ocrx_word' id='word_1_509' title='bbox 2544 2054 2852 2118; x_wconf 80' lang='grc' dir='ltr'>τελευταίας</span> <span class='ocrx_word' id='word_1_510' title='bbox 2900 2054 3276 2125; x_wconf 86' lang='grc' dir='ltr'>ἀναπλάσεως,</span> <span class='ocrx_word' id='word_1_511' title='bbox 3306 2051 3487 2107; x_wconf 73' lang='grc' dir='ltr'>τύπων</span> <span class='ocrx_word' id='word_1_512' title='bbox 3535 2072 3594 2106; x_wconf 88' lang='grc' dir='ltr'><strong>τε</strong></span> <span class='ocrx_word' id='word_1_513' title='bbox 3637 2038 3731 2105; x_wconf 67' lang='grc' dir='ltr'><strong>και</strong></span> 
     </span>
    </p>
   </div>
   <div class='ocr_carea' id='block_1_72' title="bbox 2080 2139 3728 2218">
    <p class='ocr_par' dir='ltr' id='par_1_72' title="bbox 2080 2139 3728 2218">
     <span class='ocr_line' id='line_1_74' title="bbox 2080 2139 3728 2218; baseline -0.003 -19"><span class='ocrx_word' id='word_1_514' title='bbox 2080 2144 2361 2218; x_wconf 80' lang='grc' dir='ltr'>ἀληθείας,</span> <span class='ocrx_word' id='word_1_515' title='bbox 2430 2145 2518 2200; x_wconf 89' lang='grc' dir='ltr'><strong>καὶ</strong></span> <span class='ocrx_word' id='word_1_516' title='bbox 2596 2142 2889 2215; x_wconf 78' lang='grc' dir='ltr'>διαθηκῶν,</span> <span class='ocrx_word' id='word_1_517' title='bbox 2948 2143 3038 2199; x_wconf 84' lang='grc' dir='ltr'><strong>καὶ</strong></span> <span class='ocrx_word' id='word_1_518' title='bbox 3115 2146 3350 2217; x_wconf 86' lang='grc' dir='ltr'>Χριστοῦ</span> <span class='ocrx_word' id='word_1_519' title='bbox 3432 2139 3728 2217; x_wconf 81' lang='grc' dir='ltr'>παρουσίας</span> 
     </span>
    </p>
   </div>
   <div class='ocr_carea' id='block_1_73' title="bbox 2079 2231 3728 2311">
    <p class='ocr_par' dir='ltr' id='par_1_73' title="bbox 2079 2231 3728 2311">
     <span class='ocr_line' id='line_1_75' title="bbox 2079 2231 3728 2311; baseline -0.004 -22"><span class='ocrx_word' id='word_1_520' title='bbox 2079 2236 2302 2311; x_wconf 87' lang='grc' dir='ltr'>πρώτης</span> <span class='ocrx_word' id='word_1_521' title='bbox 2333 2256 2391 2289; x_wconf 88' lang='grc' dir='ltr'><strong>τε</strong></span> <span class='ocrx_word' id='word_1_522' title='bbox 2431 2232 2517 2289; x_wconf 80' lang='grc' dir='ltr'>καί</span> <span class='ocrx_word' id='word_1_523' title='bbox 2564 2232 2810 2310; x_wconf 75' lang='grc' dir='ltr'>δευτέρας</span> <span class='ocrx_word' id='word_1_524' title='bbox 2852 2237 2984 2307; x_wconf 84' lang='grc'>(69),</span> <span class='ocrx_word' id='word_1_525' title='bbox 3018 2233 3340 2307; x_wconf 87' lang='grc' dir='ltr'>σαρκώσεώς</span> <span class='ocrx_word' id='word_1_526' title='bbox 3386 2251 3445 2285; x_wconf 89' lang='grc' dir='ltr'><strong>τε</strong></span> <span class='ocrx_word' id='word_1_527' title='bbox 3492 2231 3580 2284; x_wconf 82' lang='grc' dir='ltr'><strong>καὶ</strong></span> <span class='ocrx_word' id='word_1_528' title='bbox 3629 2250 3728 2284; x_wconf 90' lang='grc' dir='ltr'>πα-</span> 
     </span>
    </p>
   </div>
   <div class='ocr_carea' id='block_1_74' title="bbox 2079 2317 3723 2397">
    <p class='ocr_par' dir='ltr' id='par_1_74' title="bbox 2079 2317 3723 2397">
     <span class='ocr_line' id='line_1_76' title="bbox 2079 2317 3723 2397; baseline -0.002 -20"><span class='ocrx_word' id='word_1_529' title='bbox 2079 2326 2361 2396; x_wconf 87' lang='grc' dir='ltr'>θημάτων,</span> <span class='ocrx_word' id='word_1_530' title='bbox 2392 2322 2478 2379; x_wconf 87' lang='grc' dir='ltr'><strong>καί</strong></span> <span class='ocrx_word' id='word_1_531' title='bbox 2509 2322 2816 2385; x_wconf 79' lang='grc' dir='ltr'>ἀναλύσεως</span> <span class='ocrx_word' id='word_1_532' title='bbox 2844 2326 2975 2397; x_wconf 91' lang='grc'>(70),</span> <span class='ocrx_word' id='word_1_533' title='bbox 3010 2322 3106 2377; x_wconf 74' lang='grc' dir='ltr'><strong>ὅσα</strong></span> <span class='ocrx_word' id='word_1_534' title='bbox 3124 2343 3182 2376; x_wconf 91' lang='grc' dir='ltr'><strong>τε</strong></span> <span class='ocrx_word' id='word_1_535' title='bbox 3216 2323 3328 2394; x_wconf 87' lang='grc'>(71)</span> <span class='ocrx_word' id='word_1_536' title='bbox 3357 2319 3479 2394; x_wconf 79' lang='grc' dir='ltr'>περὶ</span> <span class='ocrx_word' id='word_1_537' title='bbox 3502 2317 3723 2377; x_wconf 83' lang='grc' dir='ltr'>ἀναστά-</span> 
     </span>
    </p>
   </div>
   <div class='ocr_carea' id='block_1_75' title="bbox 2079 2405 3725 2487">
    <p class='ocr_par' dir='ltr' id='par_1_75' title="bbox 2079 2405 3725 2487">
     <span class='ocr_line' id='line_1_77' title="bbox 2079 2405 3725 2487; baseline -0.003 -21"><span class='ocrx_word' id='word_1_538' title='bbox 2079 2433 2233 2482; x_wconf 90' lang='grc' dir='ltr'>σεως,</span> <span class='ocrx_word' id='word_1_539' title='bbox 2302 2413 2427 2487; x_wconf 85' lang='grc' dir='ltr'>περὶ</span> <span class='ocrx_word' id='word_1_540' title='bbox 2491 2413 2706 2480; x_wconf 88' lang='grc' dir='ltr'>τέλους,</span> <span class='ocrx_word' id='word_1_541' title='bbox 2777 2411 2900 2487; x_wconf 88' lang='grc' dir='ltr'>περὶ</span> <span class='ocrx_word' id='word_1_542' title='bbox 2965 2411 3196 2487; x_wconf 87' lang='grc' dir='ltr'>κρίσεως</span> <span class='ocrx_word' id='word_1_543' title='bbox 3262 2409 3351 2463; x_wconf 90' lang='grc' dir='ltr'><strong>καὶ</strong></span> <span class='ocrx_word' id='word_1_544' title='bbox 3426 2405 3725 2463; x_wconf 84' lang='grc' dir='ltr'>ἀνταποδό-</span> 
     </span>
    </p>
   </div>
   <div class='ocr_carea' id='block_1_76' title="bbox 2078 2496 3722 2577">
    <p class='ocr_par' dir='ltr' id='par_1_76' title="bbox 2078 2496 3722 2577">
     <span class='ocr_line' id='line_1_78' title="bbox 2078 2496 3722 2577; baseline -0.002 -22"><span class='ocrx_word' id='word_1_545' title='bbox 2078 2521 2212 2562; x_wconf 90' lang='grc' dir='ltr'>σεως</span> <span class='ocrx_word' id='word_1_546' title='bbox 2262 2504 2395 2573; x_wconf 83' lang='grc'>(72),</span> <span class='ocrx_word' id='word_1_547' title='bbox 2444 2502 2894 2577; x_wconf 71' lang='grc' dir='ltr'>σκυθρωποτέρας</span> <span class='ocrx_word' id='word_1_548' title='bbox 2949 2521 3007 2553; x_wconf 88' lang='grc' dir='ltr'><strong>τε</strong></span> <span class='ocrx_word' id='word_1_549' title='bbox 3052 2499 3141 2553; x_wconf 86' lang='grc' dir='ltr'><strong>καὶ</strong></span> <span class='ocrx_word' id='word_1_550' title='bbox 3191 2496 3534 2573; x_wconf 77' lang='grc' dir='ltr'>ένδοξοτέρας</span> <span class='ocrx_word' id='word_1_551' title='bbox 3589 2500 3722 2567; x_wconf 87' lang='grc'>(73),</span> 
     </span>
    </p>
   </div>
   <div class='ocr_carea' id='block_1_77' title="bbox 2077 2586 3718 2667">
    <p class='ocr_par' dir='ltr' id='par_1_77' title="bbox 2077 2586 3718 2667">
     <span class='ocr_line' id='line_1_79' title="bbox 2077 2586 3718 2667; baseline -0.003 -24"><span class='ocrx_word' id='word_1_552' title='bbox 2077 2587 2165 2643; x_wconf 84' lang='grc' dir='ltr'>καί</span> <span class='ocrx_word' id='word_1_553' title='bbox 2192 2590 2255 2643; x_wconf 86' lang='grc' dir='ltr'>τὸ</span> <span class='ocrx_word' id='word_1_554' title='bbox 2301 2588 2591 2667; x_wconf 81' lang='grc' dir='ltr'>κεφάλαιον</span> <span class='ocrx_word' id='word_1_555' title='bbox 2625 2592 2736 2663; x_wconf 87' lang='grc'>(74)</span> <span class='ocrx_word' id='word_1_556' title='bbox 2768 2588 2865 2643; x_wconf 73' lang='grc' dir='ltr'><strong>ὅσα</strong></span> <span class='ocrx_word' id='word_1_557' title='bbox 2911 2588 3034 2664; x_wconf 87' lang='grc' dir='ltr'>περὶ</span> <span class='ocrx_word' id='word_1_558' title='bbox 3079 2589 3176 2657; x_wconf 81' lang='grc' dir='ltr'><strong>τῆς</strong></span> <span class='ocrx_word' id='word_1_559' title='bbox 3216 2587 3454 2662; x_wconf 78' lang='grc' dir='ltr'>ἀρχικῆς</span> <span class='ocrx_word' id='word_1_560' title='bbox 3486 2588 3597 2657; x_wconf 83' lang='grc'>(75)</span> <span class='ocrx_word' id='word_1_561' title='bbox 3630 2586 3718 2639; x_wconf 86' lang='grc' dir='ltr'><strong>καὶ</strong></span> 
     </span>
    </p>
   </div>
   <div class='ocr_carea' id='block_1_78' title="bbox 2083 2672 3719 2753">
    <p class='ocr_par' dir='ltr' id='par_1_78' title="bbox 2083 2672 3719 2753">
     <span class='ocr_line' id='line_1_80' title="bbox 2083 2672 3719 2753; baseline -0.004 -21"><span class='ocrx_word' id='word_1_562' title='bbox 2083 2678 2347 2751; x_wconf 85' lang='grc' dir='ltr'>μακαρίας</span> <span class='ocrx_word' id='word_1_563' title='bbox 2413 2676 2639 2753; x_wconf 90' lang='grc' dir='ltr'>Τριάδος</span> <span class='ocrx_word' id='word_1_564' title='bbox 2709 2676 3065 2742; x_wconf 82' lang='grc' dir='ltr'>ὑποληπτέον’</span> <span class='ocrx_word' id='word_1_565' title='bbox 3117 2676 3282 2751; x_wconf 74' lang='grc' dir='ltr'>ὅσπερ</span> <span class='ocrx_word' id='word_1_566' title='bbox 3334 2678 3447 2748; x_wconf 87' lang='grc'>(76)</span> <span class='ocrx_word' id='word_1_567' title='bbox 3495 2672 3561 2741; x_wconf 77' lang='grc' dir='ltr'>δὴ</span> <span class='ocrx_word' id='word_1_568' title='bbox 3629 2674 3719 2727; x_wconf 89' lang='lat' dir='ltr'><strong>xui</strong></span> 
     </span>
    </p>
   </div>
   <div class='ocr_carea' id='block_1_79' title="bbox 2077 2762 3719 2842">
    <p class='ocr_par' dir='ltr' id='par_1_79' title="bbox 2077 2762 3719 2842">
     <span class='ocr_line' id='line_1_81' title="bbox 2077 2762 3719 2842; baseline -0.004 -21"><span class='ocrx_word' id='word_1_569' title='bbox 2077 2765 2339 2822; x_wconf 80' lang='grc' dir='ltr'>κινδύνων</span> <span class='ocrx_word' id='word_1_570' title='bbox 2376 2766 2623 2842; x_wconf 78' lang='grc' dir='ltr'>μέγιστος</span> <span class='ocrx_word' id='word_1_571' title='bbox 2678 2772 2794 2829; x_wconf 85' lang='grc' dir='ltr'>τοῖς</span> <span class='ocrx_word' id='word_1_572' title='bbox 2827 2767 3075 2842; x_wconf 81' lang='grc' dir='ltr'>φωτίζειν</span> <span class='ocrx_word' id='word_1_573' title='bbox 3110 2768 3222 2838; x_wconf 92' lang='grc'>(77)</span> <span class='ocrx_word' id='word_1_574' title='bbox 3253 2762 3719 2833; x_wconf 77' lang='grc' dir='ltr'>πεπιστευμένοις,</span> 
     </span>
    </p>
   </div>
   <div class='ocr_carea' id='block_1_80' title="bbox 2079 2848 3719 2928">
    <p class='ocr_par' dir='ltr' id='par_1_80' title="bbox 2079 2848 3719 2928">
     <span class='ocr_line' id='line_1_82' title="bbox 2079 2848 3719 2928; baseline -0.004 -18"><span class='ocrx_word' id='word_1_575' title='bbox 2079 2857 2152 2918; x_wconf 84' lang='grc' dir='ltr'>ὡς</span> <span class='ocrx_word' id='word_1_576' title='bbox 2203 2858 2340 2927; x_wconf 76' lang='grc' dir='ltr'>μήτε</span> <span class='ocrx_word' id='word_1_577' title='bbox 2390 2856 2465 2917; x_wconf 77' lang='grc' dir='ltr'>εἰς</span> <span class='ocrx_word' id='word_1_578' title='bbox 2522 2857 2645 2928; x_wconf 86' lang='grc' dir='ltr'>μίαν</span> <span class='ocrx_word' id='word_1_579' title='bbox 2699 2856 2985 2910; x_wconf 84' lang='grc' dir='ltr'>ὑπόστασιν</span> <span class='ocrx_word' id='word_1_580' title='bbox 3061 2855 3431 2927; x_wconf 86' lang='grc' dir='ltr'>συναιρεθέντα</span> <span class='ocrx_word' id='word_1_581' title='bbox 3485 2851 3575 2904; x_wconf 87' lang='grc' dir='ltr'>τὸν</span> <span class='ocrx_word' id='word_1_582' title='bbox 3624 2848 3719 2904; x_wconf 91' lang='grc' dir='ltr'>λό-</span> 
     </span>
    </p>
   </div>
   <div class='ocr_carea' id='block_1_81' title="bbox 2077 2938 3726 3022">
    <p class='ocr_par' dir='ltr' id='par_1_81' title="bbox 2077 2938 3726 3022">
     <span class='ocr_line' id='line_1_83' title="bbox 2077 2938 3726 3022; baseline -0.005 -22"><span class='ocrx_word' id='word_1_583' title='bbox 2077 2966 2170 3022; x_wconf 85' lang='grc' dir='ltr'>γον</span> <span class='ocrx_word' id='word_1_584' title='bbox 2204 2948 2314 3018; x_wconf 84' lang='grc'>(78)</span> <span class='ocrx_word' id='word_1_585' title='bbox 2364 2943 2467 3000; x_wconf 89' lang='grc' dir='ltr'>δέει</span> <span class='ocrx_word' id='word_1_586' title='bbox 2526 2943 2840 3017; x_wconf 79' lang='grc' dir='ltr'>πολυθείας,</span> <span class='ocrx_word' id='word_1_587' title='bbox 2895 2942 3033 3018; x_wconf 74' lang='grc' dir='ltr'>ψιλὰ</span> <span class='ocrx_word' id='word_1_588' title='bbox 3088 2942 3405 2997; x_wconf 86' lang='grc' dir='ltr'>καταλιπεῖν</span> <span class='ocrx_word' id='word_1_589' title='bbox 3466 2943 3599 3012; x_wconf 78' lang='grc' dir='ltr'>ἡμῖν</span> <span class='ocrx_word' id='word_1_590' title='bbox 3657 2938 3726 2992; x_wconf 80' lang='grc' dir='ltr'><strong>τὰ</strong></span> 
     </span>
    </p>
   </div>
   <div class='ocr_carea' id='block_1_82' title="bbox 2082 3031 3727 3110">
    <p class='ocr_par' dir='ltr' id='par_1_82' title="bbox 2082 3031 3727 3110">
     <span class='ocr_line' id='line_1_84' title="bbox 2082 3031 3727 3110; baseline -0.005 -20"><span class='ocrx_word' id='word_1_591' title='bbox 2082 3034 2342 3104; x_wconf 83' lang='grc' dir='ltr'>ὀνόματα,</span> <span class='ocrx_word' id='word_1_592' title='bbox 2369 3035 2460 3090; x_wconf 87' lang='grc' dir='ltr'>τὸν</span> <span class='ocrx_word' id='word_1_593' title='bbox 2495 3034 2653 3090; x_wconf 85' lang='grc' dir='ltr'>αὑτὸν</span> <span class='ocrx_word' id='word_1_594' title='bbox 2688 3034 2897 3110; x_wconf 82' lang='grc' dir='ltr'>Πατέρα</span> <span class='ocrx_word' id='word_1_595' title='bbox 2926 3035 3015 3089; x_wconf 86' lang='grc' dir='ltr'><strong>καὶ</strong></span> <span class='ocrx_word' id='word_1_596' title='bbox 3046 3034 3167 3086; x_wconf 74' lang='grc' dir='ltr'><strong>Υἱὸν</strong></span> <span class='ocrx_word' id='word_1_597' title='bbox 3220 3032 3310 3085; x_wconf 87' lang='grc' dir='ltr'><strong>καὶ</strong></span> <span class='ocrx_word' id='word_1_598' title='bbox 3360 3031 3510 3106; x_wconf 78' lang='grc' dir='ltr'>ἅγιον</span> <span class='ocrx_word' id='word_1_599' title='bbox 3562 3032 3727 3084; x_wconf 83' lang='grc' dir='ltr'>Πνεῦ-</span> 
     </span>
    </p>
   </div>
   <div class='ocr_carea' id='block_1_83' title="bbox 2085 3116 3838 3197">
    <p class='ocr_par' dir='ltr' id='par_1_83' title="bbox 2085 3116 3838 3197">
     <span class='ocr_line' id='line_1_85' title="bbox 2085 3116 3838 3197; baseline -0.006 -18"><span class='ocrx_word' id='word_1_600' title='bbox 2085 3144 2158 3196; x_wconf 88' lang='grc' dir='ltr'><strong>μα</strong></span> <span class='ocrx_word' id='word_1_601' title='bbox 2216 3118 2686 3195; x_wconf 73' lang='grc' dir='ltr'>ὑπολαμϐάνουσι·</span> <span class='ocrx_word' id='word_1_602' title='bbox 2723 3125 2861 3195; x_wconf 80' lang='grc' dir='ltr'>μήτε</span> <span class='ocrx_word' id='word_1_603' title='bbox 2919 3122 2993 3183; x_wconf 79' lang='grc' dir='ltr'>εἰς</span> <span class='ocrx_word' id='word_1_604' title='bbox 3049 3126 3218 3197; x_wconf 90' lang='grc' dir='ltr'>τρεῖς,</span> <span class='ocrx_word' id='word_1_605' title='bbox 3250 3121 3283 3189; x_wconf 80' lang='grc' dir='ltr'>ἦ</span> <span class='ocrx_word' id='word_1_606' title='bbox 3322 3117 3588 3196; x_wconf 79' lang='grc' dir='ltr'>ὲκφὺλοῦς</span> <span class='ocrx_word' id='word_1_607' title='bbox 3640 3116 3731 3171; x_wconf 83' lang='lat' dir='ltr'><strong>xui</strong></span> <span class='ocrx_word' id='word_1_608' title='bbox 3822 3120 3838 3135; x_wconf 84' lang='lat'><strong>’</strong></span> 
     </span>
    </p>
   </div>
   <div class='ocr_carea' id='block_1_84' title="bbox 2079 3208 3728 3287">
    <p class='ocr_par' dir='ltr' id='par_1_84' title="bbox 2079 3208 3728 3287">
     <span class='ocr_line' id='line_1_86' title="bbox 2079 3208 3728 3287; baseline -0.005 -19"><span class='ocrx_word' id='word_1_609' title='bbox 2079 3210 2373 3286; x_wconf 81' lang='grc' dir='ltr'>ἀλλοτρίας</span> <span class='ocrx_word' id='word_1_610' title='bbox 2431 3210 2782 3287; x_wconf 84' lang='grc' dir='ltr'>διαιρεθέντα,</span> <span class='ocrx_word' id='word_1_611' title='bbox 2841 3213 2875 3280; x_wconf 81' lang='grc' dir='ltr'>ἣ</span> <span class='ocrx_word' id='word_1_612' title='bbox 2933 3212 3193 3270; x_wconf 82' lang='grc' dir='ltr'>ἀτάκτους</span> <span class='ocrx_word' id='word_1_613' title='bbox 3269 3208 3356 3264; x_wconf 89' lang='grc' dir='ltr'><strong>καὶ</strong></span> <span class='ocrx_word' id='word_1_614' title='bbox 3434 3208 3728 3281; x_wconf 84' lang='grc' dir='ltr'>ἀνάρχους,</span> 
     </span>
    </p>
   </div>
   <div class='ocr_carea' id='block_1_85' title="bbox 2083 3293 3735 3374">
    <p class='ocr_par' dir='ltr' id='par_1_85' title="bbox 2083 3293 3735 3374">
     <span class='ocr_line' id='line_1_87' title="bbox 2083 3293 3735 3374; baseline -0.006 -18"><span class='ocrx_word' id='word_1_615' title='bbox 2083 3302 2172 3356; x_wconf 83' lang='grc' dir='ltr'><strong>καὶ</strong></span> <span class='ocrx_word' id='word_1_616' title='bbox 2225 3302 2336 3356; x_wconf 77' lang='grc' dir='ltr'>οἷον</span> <span class='ocrx_word' id='word_1_617' title='bbox 2390 3301 2577 3370; x_wconf 77' lang='grc' dir='ltr'>εἰπεῖν,</span> <span class='ocrx_word' id='word_1_618' title='bbox 2630 3301 2903 3355; x_wconf 81' lang='grc' dir='ltr'>ἀντιθέους</span> <span class='ocrx_word' id='word_1_619' title='bbox 2934 3303 3067 3372; x_wconf 86' lang='grc'>(79),</span> <span class='ocrx_word' id='word_1_620' title='bbox 3117 3299 3253 3374; x_wconf 84' lang='grc' dir='ltr'>πρὸς</span> <span class='ocrx_word' id='word_1_621' title='bbox 3300 3297 3461 3351; x_wconf 85' lang='grc' dir='ltr'>κακὸν</span> <span class='ocrx_word' id='word_1_622' title='bbox 3509 3293 3620 3350; x_wconf 58' lang='grc' dir='ltr'>ἴσον</span> <span class='ocrx_word' id='word_1_623' title='bbox 3673 3294 3735 3347; x_wconf 69' lang='grc' dir='ltr'>ἐκ</span> 
     </span>
    </p>
   </div>
   <div class='ocr_carea' id='block_1_86' title="bbox 2081 3382 3729 3464">
    <p class='ocr_par' dir='ltr' id='par_1_86' title="bbox 2081 3382 3729 3464">
     <span class='ocr_line' id='line_1_88' title="bbox 2081 3382 3729 3464; baseline -0.005 -19"><span class='ocrx_word' id='word_1_624' title='bbox 2081 3395 2188 3446; x_wconf 81' lang='grc' dir='ltr'><strong>τῶν</strong></span> <span class='ocrx_word' id='word_1_625' title='bbox 2237 3389 2487 3445; x_wconf 75' lang='grc' dir='ltr'>ἐναντίων</span> <span class='ocrx_word' id='word_1_626' title='bbox 2546 3393 2881 3463; x_wconf 85' lang='grc' dir='ltr'>μεταπεσεῖν·</span> <span class='ocrx_word' id='word_1_627' title='bbox 2936 3388 3116 3462; x_wconf 85' lang='grc' dir='ltr'>ὥσπερ</span> <span class='ocrx_word' id='word_1_628' title='bbox 3180 3390 3346 3464; x_wconf 91' lang='grc' dir='ltr'>φυτοῦ</span> <span class='ocrx_word' id='word_1_629' title='bbox 3399 3382 3729 3459; x_wconf 80' lang='grc' dir='ltr'>διαστροφῆς</span> 
     </span>
    </p>
   </div>
   <div class='ocr_carea' id='block_1_87' title="bbox 2084 3473 3535 3555">
    <p class='ocr_par' dir='ltr' id='par_1_87' title="bbox 2084 3473 3535 3555">
     <span class='ocr_line' id='line_1_89' title="bbox 2084 3473 3535 3555; baseline -0.003 -21"><span class='ocrx_word' id='word_1_630' title='bbox 2084 3478 2172 3534; x_wconf 65' lang='grc' dir='ltr'>ἐπὶ</span> <span class='ocrx_word' id='word_1_631' title='bbox 2204 3481 2397 3555; x_wconf 82' lang='grc' dir='ltr'>θάτερα</span> <span class='ocrx_word' id='word_1_632' title='bbox 2426 3476 2571 3532; x_wconf 83' lang='grc' dir='ltr'>πολὺ</span> <span class='ocrx_word' id='word_1_633' title='bbox 2606 3473 3089 3550; x_wconf 87' lang='grc' dir='ltr'>μετακλινομένης.</span> <span class='ocrx_word' id='word_1_634' title='bbox 3522 3510 3535 3522; x_wconf 73' lang='grc' dir='ltr'><strong><em>σ</em></strong></span> 
     </span>
    </p>
   </div>
   <div class='ocr_carea' id='block_1_88' title="bbox 2156 3557 3729 3643">
    <p class='ocr_par' dir='ltr' id='par_1_88' title="bbox 2156 3557 3729 3643">
     <span class='ocr_line' id='line_1_90' title="bbox 2156 3557 3729 3643; baseline -0.006 -21"><span class='ocrx_word' id='word_1_635' title='bbox 2156 3574 2270 3623; x_wconf 89' lang='grc' dir='ltr'><strong>ΛΖ¹.</strong></span> <span class='ocrx_word' id='word_1_636' title='bbox 2304 3571 2474 3641; x_wconf 84' lang='grc' dir='ltr'>Τριῶν</span> <span class='ocrx_word' id='word_1_637' title='bbox 2509 3568 2611 3643; x_wconf 80' lang='grc' dir='ltr'><strong>γὰρ</strong></span> <span class='ocrx_word' id='word_1_638' title='bbox 2640 3565 2807 3621; x_wconf 76' lang='grc' dir='ltr'>ὄντων</span> <span class='ocrx_word' id='word_1_639' title='bbox 2839 3569 2944 3619; x_wconf 79' lang='grc' dir='ltr'><strong>τῶν</strong></span> <span class='ocrx_word' id='word_1_640' title='bbox 2975 3562 3063 3619; x_wconf 86' lang='grc' dir='ltr'><strong>νῦν</strong></span> <span class='ocrx_word' id='word_1_641' title='bbox 3110 3562 3233 3638; x_wconf 85' lang='grc' dir='ltr'>περὶ</span> <span class='ocrx_word' id='word_1_642' title='bbox 3290 3562 3389 3633; x_wconf 82' lang='grc' dir='ltr'><strong>τήν</strong></span> <span class='ocrx_word' id='word_1_643' title='bbox 3449 3557 3729 3636; x_wconf 87' lang='grc' dir='ltr'>θεολογίαν</span> 
     </span>
    </p>
   </div>
   <div class='ocr_carea' id='block_1_89' title="bbox 2086 3648 3730 3733">
    <p class='ocr_par' dir='ltr' id='par_1_89' title="bbox 2086 3648 3730 3733">
     <span class='ocr_line' id='line_1_91' title="bbox 2086 3648 3730 3733; baseline -0.005 -21"><span class='ocrx_word' id='word_1_644' title='bbox 2086 3655 2555 3733; x_wconf 71' lang='grc' dir='ltr'>ἀρρωστημάτων,</span> <span class='ocrx_word' id='word_1_645' title='bbox 2605 3652 2807 3722; x_wconf 74' lang='grc' dir='ltr'>ἀθεΐας,</span> <span class='ocrx_word' id='word_1_646' title='bbox 2856 3652 2946 3708; x_wconf 88' lang='grc' dir='ltr'><strong>καὶ</strong></span> <span class='ocrx_word' id='word_1_647' title='bbox 3006 3650 3371 3725; x_wconf 81' lang='grc' dir='ltr'>Ἰουδαϊσμοῦ,</span> <span class='ocrx_word' id='word_1_648' title='bbox 3421 3651 3511 3706; x_wconf 82' lang='grc' dir='ltr'><strong>καὶ</strong></span> <span class='ocrx_word' id='word_1_649' title='bbox 3558 3648 3730 3704; x_wconf 88' lang='grc' dir='ltr'>πολυ-</span> 
     </span>
    </p>
   </div>
   <div class='ocr_carea' id='block_1_90' title="bbox 2086 3733 3732 3817">
    <p class='ocr_par' dir='ltr' id='par_1_90' title="bbox 2086 3733 3732 3817">
     <span class='ocr_line' id='line_1_92' title="bbox 2086 3733 3732 3817; baseline -0.004 -18"><span class='ocrx_word' id='word_1_650' title='bbox 2086 3743 2253 3816; x_wconf 73' lang='grc' dir='ltr'>θεΐας,</span> <span class='ocrx_word' id='word_1_651' title='bbox 2277 3745 2349 3798; x_wconf 81' lang='grc' dir='ltr'>ὧν</span> <span class='ocrx_word' id='word_1_652' title='bbox 2378 3746 2477 3812; x_wconf 75' lang='grc' dir='ltr'><strong>τῆς</strong></span> <span class='ocrx_word' id='word_1_653' title='bbox 2513 3745 2606 3816; x_wconf 76' lang='grc' dir='ltr'>μὲν</span> <span class='ocrx_word' id='word_1_654' title='bbox 2641 3738 2945 3804; x_wconf 78' lang='grc' dir='ltr'>Σαϐέλλιος</span> <span class='ocrx_word' id='word_1_655' title='bbox 3004 3742 3311 3817; x_wconf 80' lang='grc' dir='ltr'>προστάτης</span> <span class='ocrx_word' id='word_1_656' title='bbox 3343 3741 3371 3795; x_wconf 81' lang='grc' dir='ltr'>ὁ</span> <span class='ocrx_word' id='word_1_657' title='bbox 3404 3733 3569 3800; x_wconf 75' lang='grc' dir='ltr'>Λίϐυς</span> <span class='ocrx_word' id='word_1_658' title='bbox 3619 3736 3732 3813; x_wconf 75' lang='grc' dir='ltr'>ἰγέ-</span> 
     </span>
    </p>
   </div>
   <div class='ocr_carea' id='block_1_91' title="bbox 2086 3826 3734 3909">
    <p class='ocr_par' dir='ltr' id='par_1_91' title="bbox 2086 3826 3734 3909">
     <span class='ocr_line' id='line_1_93' title="bbox 2086 3826 3734 3909; baseline -0.004 -21"><span class='ocrx_word' id='word_1_659' title='bbox 2086 3840 2359 3907; x_wconf 78' lang='grc' dir='ltr'>νετο,τῆς</span> <span class='ocrx_word' id='word_1_660' title='bbox 2418 3830 2476 3887; x_wconf 78' lang='grc' dir='ltr'>δὲ</span> <span class='ocrx_word' id='word_1_661' title='bbox 2533 3839 2750 3909; x_wconf 74' lang='grc' dir='ltr'>’Ἄρειος</span> <span class='ocrx_word' id='word_1_662' title='bbox 2810 3834 2837 3887; x_wconf 87' lang='grc' dir='ltr'>ὁ</span> <span class='ocrx_word' id='word_1_663' title='bbox 2898 3827 3306 3907; x_wconf 80' lang='grc' dir='ltr'>Ἀλεξανδρεὺς,</span> <span class='ocrx_word' id='word_1_664' title='bbox 3337 3832 3434 3900; x_wconf 77' lang='grc' dir='ltr'><strong>τῆς</strong></span> <span class='ocrx_word' id='word_1_665' title='bbox 3492 3826 3549 3884; x_wconf 77' lang='grc' dir='ltr'><strong>δέ</strong></span> <span class='ocrx_word' id='word_1_666' title='bbox 3597 3846 3734 3889; x_wconf 81' lang='grc' dir='ltr'>τινες</span> 
     </span>
    </p>
   </div>
   <div class='ocr_carea' id='block_1_92' title="bbox 2092 4081 3190 4155">
    <p class='ocr_par' dir='ltr' id='par_1_92' title="bbox 2092 4081 3190 4155">
     <span class='ocr_line' id='line_1_94' title="bbox 2092 4081 3190 4155; baseline -0.006 -14"><span class='ocrx_word' id='word_1_667' title='bbox 2092 4100 2205 4141; x_wconf 86' lang='lat' dir='ltr'><strong>non</strong></span> <span class='ocrx_word' id='word_1_668' title='bbox 2238 4083 2427 4155; x_wconf 90' lang='lat' dir='ltr'><strong>pauci,</strong></span> <span class='ocrx_word' id='word_1_669' title='bbox 2456 4099 2564 4155; x_wconf 79' lang='lat' dir='ltr'><strong>nec</strong></span> <span class='ocrx_word' id='word_1_670' title='bbox 2585 4081 2887 4155; x_wconf 87' lang='lat' dir='ltr'><strong>inutiliter,</strong></span> <span class='ocrx_word' id='word_1_671' title='bbox 2921 4082 3190 4155; x_wconf 75' lang='lat' dir='ltr'><strong>retinent.</strong></span> 
     </span>
    </p>
   </div>
   <div class='ocr_carea' id='block_1_93' title="bbox 2162 4150 3630 4227">
    <p class='ocr_par' dir='ltr' id='par_1_93' title="bbox 2162 4150 3630 4227">
     <span class='ocr_line' id='line_1_95' title="bbox 2162 4150 3630 4227; baseline -0.005 -17"><span class='ocrx_word' id='word_1_672' title='bbox 2162 4150 2272 4227; x_wconf 61' lang='grc'>(72)</span> <span class='ocrx_word' id='word_1_673' title='bbox 2305 4150 2760 4227; x_wconf 26' lang='grc' dir='ltr'><strong>Ἀνταποδόσεωᾳςἶ</strong></span> <span class='ocrx_word' id='word_1_674' title='bbox 2787 4155 2931 4209; x_wconf 88' lang='lat' dir='ltr'><strong>Tres</strong></span> <span class='ocrx_word' id='word_1_675' title='bbox 2960 4154 3141 4226; x_wconf 80' lang='lat' dir='ltr'><strong>Regii,</strong></span> <span class='ocrx_word' id='word_1_676' title='bbox 3174 4152 3415 4208; x_wconf 82' lang='lat' dir='ltr'><strong>totidem</strong></span> <span class='ocrx_word' id='word_1_677' title='bbox 3446 4150 3630 4216; x_wconf 85' lang='lat' dir='ltr'><strong>Colb.,</strong></span> 
     </span>
    </p>
   </div>
   <div class='ocr_carea' id='block_1_94' title="bbox 2091 4222 3393 4294">
    <p class='ocr_par' dir='ltr' id='par_1_94' title="bbox 2091 4222 3393 4294">
     <span class='ocr_line' id='line_1_96' title="bbox 2091 4222 3393 4294; baseline -0.009 -11"><span class='ocrx_word' id='word_1_678' title='bbox 2091 4222 2185 4283; x_wconf 47' lang='lat' dir='ltr'><strong>Or&#39;.</strong></span> <span class='ocrx_word' id='word_1_679' title='bbox 2220 4222 2272 4294; x_wconf 72' lang='grc'>1,</span> <span class='ocrx_word' id='word_1_680' title='bbox 2305 4228 2459 4282; x_wconf 82' lang='lat' dir='ltr'><strong>Pass.</strong></span> <span class='ocrx_word' id='word_1_681' title='bbox 2494 4222 2919 4278; x_wconf 87' lang='grc' dir='ltr'>ἀνταποδόσεων.</span> <span class='ocrx_word' id='word_1_682' title='bbox 3196 4290 3209 4294; x_wconf 33' lang='grc' dir='ltr'><strong>Α</strong></span> <span class='ocrx_word' id='word_1_683' title='bbox 3266 4293 3269 4294; x_wconf 13' lang='grc' dir='ltr'><em>ν</em></span> <span class='ocrx_word' id='word_1_684' title='bbox 3360 4266 3393 4294; x_wconf 20' lang='grc' dir='ltr'><strong>Α.</strong></span> 
     </span>
    </p>
   </div>
   <div class='ocr_carea' id='block_1_95' title="bbox 2160 4290 3735 4372">
    <p class='ocr_par' dir='ltr' id='par_1_95' title="bbox 2160 4290 3735 4372">
     <span class='ocr_line' id='line_1_97' title="bbox 2160 4290 3735 4372; baseline -0.002 -21"><span class='ocrx_word' id='word_1_685' title='bbox 2160 4290 2298 4372; x_wconf 9' lang='grc'>(73),</span> <span class='ocrx_word' id='word_1_686' title='bbox 2334 4296 2791 4372; x_wconf 84' lang='grc' dir='ltr'>Σκυθρωποτέρας</span> <span class='ocrx_word' id='word_1_687' title='bbox 2832 4315 2931 4372; x_wconf 19' lang='grc' dir='ltr'>Ῠτε-</span> <span class='ocrx_word' id='word_1_688' title='bbox 2974 4293 3061 4372; x_wconf 65' lang='lat' dir='ltr'><strong>xui</strong></span> <span class='ocrx_word' id='word_1_689' title='bbox 3136 4290 3494 4372; x_wconf 59' lang='grc' dir='ltr'>ένδοξοτέρας.</span> <span class='ocrx_word' id='word_1_690' title='bbox 3556 4292 3735 4364; x_wconf 82' lang='lat' dir='ltr'><strong>Regg.</strong></span> 
     </span>
    </p>
   </div>
   <div class='ocr_carea' id='block_1_96' title="bbox 2091 4367 3740 4440">
    <p class='ocr_par' dir='ltr' id='par_1_96' title="bbox 2091 4367 3740 4440">
     <span class='ocr_line' id='line_1_98' title="bbox 2091 4367 3740 4440; baseline -0.004 -17"><span class='ocrx_word' id='word_1_691' title='bbox 2091 4367 2415 4440; x_wconf 41' lang='lat' dir='ltr'><strong>u,&#39;optima3</strong></span> <span class='ocrx_word' id='word_1_692' title='bbox 2450 4367 2784 4440; x_wconf 55' lang='lat' dir='ltr'><strong>notaeet&#39;x,</strong></span> <span class='ocrx_word' id='word_1_693' title='bbox 2818 4367 3080 4440; x_wconf 18' lang='lat' dir='ltr'><strong>Colb.73,</strong></span> <span class='ocrx_word' id='word_1_694' title='bbox 3115 4372 3172 4421; x_wconf 91' lang='lat' dir='ltr'><strong>et</strong></span> <span class='ocrx_word' id='word_1_695' title='bbox 3201 4367 3258 4421; x_wconf 92' lang='lat' dir='ltr'><strong>h.</strong></span> <span class='ocrx_word' id='word_1_696' title='bbox 3310 4367 3466 4440; x_wconf 81' lang='lat' dir='ltr'><strong>Pass.</strong></span> <span class='ocrx_word' id='word_1_697' title='bbox 3496 4373 3740 4440; x_wconf 62' lang='grc' dir='ltr'>σκυθρως</span> 
     </span>
    </p>
   </div>
   <div class='ocr_carea' id='block_1_97' title="bbox 2088 4433 3738 4523">
    <p class='ocr_par' dir='ltr' id='par_1_97' title="bbox 2088 4433 3738 4523">
     <span class='ocr_line' id='line_1_99' title="bbox 2088 4433 3738 4523; baseline -0.002 -30"><span class='ocrx_word' id='word_1_698' title='bbox 2088 4433 2331 4523; x_wconf 66' lang='grc' dir='ltr'>ποτέρων</span> <span class='ocrx_word' id='word_1_699' title='bbox 2364 4440 2457 4523; x_wconf 76' lang='lat' dir='ltr'><strong>xui</strong></span> <span class='ocrx_word' id='word_1_700' title='bbox 2483 4433 2857 4523; x_wconf 62' lang='grc' dir='ltr'>ένδοξοτέρων.</span> <span class='ocrx_word' id='word_1_701' title='bbox 3059 4433 3086 4488; x_wconf 64' lang='grc' dir='ltr'><strong><em>ὰ</em></strong></span> <span class='ocrx_word' id='word_1_702' title='bbox 3121 4440 3191 4493; x_wconf 89' lang='lat' dir='ltr'><strong>de</strong></span> <span class='ocrx_word' id='word_1_703' title='bbox 3240 4433 3738 4523; x_wconf 50' lang='lat' dir='ltr'><strong>retributi‘one&#39;vel</strong></span> 
     </span>
    </p>
   </div>
   <div class='ocr_carea' id='block_1_98' title="bbox 2088 4508 3734 4581">
    <p class='ocr_par' dir='ltr' id='par_1_98' title="bbox 2088 4508 3734 4581">
     <span class='ocr_line' id='line_1_100' title="bbox 2088 4508 3734 4581; baseline -0.005 -14"><span class='ocrx_word' id='word_1_704' title='bbox 2088 4508 2341 4567; x_wconf 87' lang='lat' dir='ltr'><strong>tristium</strong></span> <span class='ocrx_word' id='word_1_705' title='bbox 2375 4512 2461 4567; x_wconf 89' lang='lat' dir='ltr'><strong>vel</strong></span> <span class='ocrx_word' id='word_1_706' title='bbox 2496 4508 2802 4581; x_wconf 86' lang='lat' dir='ltr'><strong>bonorum.</strong></span> <span class='ocrx_word' id='word_1_707' title='bbox 2837 4534 2858 4562; x_wconf 79' lang='grc' dir='ltr'><strong>ι</strong></span> <span class='ocrx_word' id='word_1_708' title='bbox 2899 4511 3041 4565; x_wconf 89' lang='lat' dir='ltr'><strong>Gab.</strong></span> <span class='ocrx_word' id='word_1_709' title='bbox 3080 4533 3100 4557; x_wconf 75' lang='grc' dir='ltr'><strong>ι</strong></span> <span class='ocrx_word' id='word_1_710' title='bbox 3137 4527 3315 4581; x_wconf 62' lang='lat' dir='ltr'><strong>paena</strong></span> <span class='ocrx_word' id='word_1_711' title='bbox 3347 4510 3435 4581; x_wconf 88' lang='lat' dir='ltr'><strong>vel</strong></span> <span class='ocrx_word' id='word_1_712' title='bbox 3466 4508 3681 4580; x_wconf 64' lang='lat' dir='ltr'><strong>gloria).</strong></span> <span class='ocrx_word' id='word_1_713' title='bbox 3705 4527 3734 4558; x_wconf 86' lang='lat'><strong>»</strong></span> 
     </span>
    </p>
   </div>
   <div class='ocr_carea' id='block_1_99' title="bbox 2159 4580 3735 4663">
    <p class='ocr_par' dir='ltr' id='par_1_99' title="bbox 2159 4580 3735 4663">
     <span class='ocr_line' id='line_1_101' title="bbox 2159 4580 3735 4663; baseline -0.003 -26"><span class='ocrx_word' id='word_1_714' title='bbox 2159 4586 2271 4663; x_wconf 69' lang='lat'><strong>(74)</strong></span> <span class='ocrx_word' id='word_1_715' title='bbox 2303 4582 2399 4663; x_wconf 47' lang='lat' dir='ltr'><strong>[fui</strong></span> <span class='ocrx_word' id='word_1_716' title='bbox 2429 4582 2499 4663; x_wconf 53' lang='lat' dir='ltr'><strong>re</strong></span> <span class='ocrx_word' id='word_1_717' title='bbox 2543 4580 2853 4663; x_wconf 66' lang='grc' dir='ltr'>κεφάλαιον.</span> <span class='ocrx_word' id='word_1_718' title='bbox 2905 4580 3203 4663; x_wconf 28' lang='lat' dir='ltr'><strong>sicReg’g.</strong></span> <span class='ocrx_word' id='word_1_719' title='bbox 3256 4581 3368 4663; x_wconf 57' lang='lat' dir='ltr'><strong>hil,</strong></span> <span class='ocrx_word' id='word_1_720' title='bbox 3391 4580 3429 4643; x_wconf 90' lang='lat' dir='ltr'><strong>l,</strong></span> <span class='ocrx_word' id='word_1_721' title='bbox 3463 4585 3507 4650; x_wconf 84' lang='grc' dir='ltr'><strong>ι,</strong></span> <span class='ocrx_word' id='word_1_722' title='bbox 3557 4584 3614 4633; x_wconf 91' lang='lat' dir='ltr'><strong>et</strong></span> <span class='ocrx_word' id='word_1_723' title='bbox 3640 4582 3735 4634; x_wconf 91' lang='lat' dir='ltr'><strong>Or.</strong></span> 
     </span>
    </p>
   </div>
   <div class='ocr_carea' id='block_1_100' title="bbox 2088 4653 3397 4726">
    <p class='ocr_par' dir='ltr' id='par_1_100' title="bbox 2088 4653 3397 4726">
     <span class='ocr_line' id='line_1_102' title="bbox 2088 4653 3397 4726; baseline -0.005 -15"><span class='ocrx_word' id='word_1_724' title='bbox 2088 4656 2142 4721; x_wconf 71' lang='grc' dir='ltr'>Ι,</span> <span class='ocrx_word' id='word_1_725' title='bbox 2174 4654 2261 4707; x_wconf 88' lang='grc' dir='ltr'>καὶ</span> <span class='ocrx_word' id='word_1_726' title='bbox 2294 4657 2455 4710; x_wconf 88' lang='lat' dir='ltr'><strong>deest</strong></span> <span class='ocrx_word' id='word_1_727' title='bbox 2487 4655 2543 4707; x_wconf 91' lang='lat' dir='ltr'><strong>in</strong></span> <span class='ocrx_word' id='word_1_728' title='bbox 2579 4653 2846 4726; x_wconf 89' lang='lat' dir='ltr'><strong>pluribus</strong></span> <span class='ocrx_word' id='word_1_729' title='bbox 2880 4654 3046 4726; x_wconf 83' lang='lat' dir='ltr'><strong>codd.</strong></span> <span class='ocrx_word' id='word_1_730' title='bbox 3082 4660 3137 4708; x_wconf 90' lang='lat' dir='ltr'><strong>et</strong></span> <span class='ocrx_word' id='word_1_731' title='bbox 3168 4653 3225 4707; x_wconf 92' lang='lat' dir='ltr'><strong>in</strong></span> <span class='ocrx_word' id='word_1_732' title='bbox 3257 4653 3397 4726; x_wconf 78' lang='lat' dir='ltr'><strong>edit.</strong></span> 
     </span>
    </p>
   </div>
   <div class='ocr_carea' id='block_1_101' title="bbox 2159 4718 3738 4800">
    <p class='ocr_par' dir='ltr' id='par_1_101' title="bbox 2159 4718 3738 4800">
     <span class='ocr_line' id='line_1_103' title="bbox 2159 4718 3738 4800; baseline -0.001 -22"><span class='ocrx_word' id='word_1_733' title='bbox 2159 4727 2269 4800; x_wconf 71' lang='grc' dir='ltr'>(Ἱᾷ)</span> <span class='ocrx_word' id='word_1_734' title='bbox 2317 4718 2602 4800; x_wconf 72' lang='grc' dir='ltr'>Ἀρχικῆςῖ</span> <span class='ocrx_word' id='word_1_735' title='bbox 2665 4727 2897 4780; x_wconf 83' lang='lat' dir='ltr'><strong>Addunt</strong></span> <span class='ocrx_word' id='word_1_736' title='bbox 2953 4725 3229 4800; x_wconf 90' lang='lat' dir='ltr'><strong>editoree_</strong></span> <span class='ocrx_word' id='word_1_737' title='bbox 3258 4723 3443 4800; x_wconf 79' lang='lat' dir='ltr'><strong>Paris.</strong></span> <span class='ocrx_word' id='word_1_738' title='bbox 3497 4718 3588 4800; x_wconf 64' lang='lat' dir='ltr'><strong>xui</strong></span> <span class='ocrx_word' id='word_1_739' title='bbox 3639 4723 3738 4785; x_wconf 84' lang='grc' dir='ltr'><strong>τῆς</strong></span> 
     </span>
    </p>
   </div>
   <div class='ocr_carea' id='block_1_102' title="bbox 2095 4791 3739 4869">
    <p class='ocr_par' dir='ltr' id='par_1_102' title="bbox 2095 4791 3739 4869">
     <span class='ocr_line' id='line_1_104' title="bbox 2095 4791 3739 4869; baseline -0.004 -20"><span class='ocrx_word' id='word_1_740' title='bbox 2095 4791 2587 4869; x_wconf 47' lang='grc' dir='ltr'>βασιλικῆςίὴιιω</span> <span class='ocrx_word' id='word_1_741' title='bbox 2646 4814 2761 4851; x_wconf 89' lang='lat' dir='ltr'><strong>non</strong></span> <span class='ocrx_word' id='word_1_742' title='bbox 2815 4799 3142 4868; x_wconf 89' lang='lat' dir='ltr'><strong>agnoscunt</strong></span> <span class='ocrx_word' id='word_1_743' title='bbox 3195 4793 3354 4866; x_wconf 83' lang='lat' dir='ltr'><strong>Regii</strong></span> <span class='ocrx_word' id='word_1_744' title='bbox 3412 4791 3578 4847; x_wconf 91' lang='lat' dir='ltr'><strong>codd.</strong></span> <span class='ocrx_word' id='word_1_745' title='bbox 3636 4805 3739 4844; x_wconf 87' lang='lat' dir='ltr'><strong>nec</strong></span> 
     </span>
    </p>
   </div>
   <div class='ocr_carea' id='block_1_103' title="bbox 326 4864 2248 4935">
    <p class='ocr_par' dir='ltr' id='par_1_103' title="bbox 326 4864 2248 4935">
     <span class='ocr_line' id='line_1_105' title="bbox 326 4864 2248 4935; baseline 0.002 -17"><span class='ocrx_word' id='word_1_746' title='bbox 326 4880 514 4931; x_wconf 75' lang='lat' dir='ltr'><strong>xxxrv,</strong></span> <span class='ocrx_word' id='word_1_747' title='bbox 549 4864 805 4920; x_wconf 88' lang='lat' dir='ltr'><strong>secunda</strong></span> <span class='ocrx_word' id='word_1_748' title='bbox 836 4868 920 4919; x_wconf 84' lang='lat' dir='ltr'><strong>De</strong></span> <span class='ocrx_word' id='word_1_749' title='bbox 966 4865 1258 4935; x_wconf 81' lang='lat' dir='ltr'><strong>theologia,</strong></span> <span class='ocrx_word' id='word_1_750' title='bbox 1310 4884 1367 4921; x_wconf 90' lang='grc' dir='ltr'>ιι.</span> <span class='ocrx_word' id='word_1_751' title='bbox 1402 4867 1460 4921; x_wconf 78' lang='grc'><strong>31</strong></span> <span class='ocrx_word' id='word_1_752' title='bbox 1495 4885 1507 4933; x_wconf 91' lang='lat'><strong>;</strong></span> <span class='ocrx_word' id='word_1_753' title='bbox 1540 4882 1623 4921; x_wconf 91' lang='lat' dir='ltr'><strong>or.</strong></span> <span class='ocrx_word' id='word_1_754' title='bbox 1655 4883 1888 4931; x_wconf 54' lang='lat' dir='ltr'><strong>xxxvm,</strong></span> <span class='ocrx_word' id='word_1_755' title='bbox 1922 4869 1983 4921; x_wconf 82' lang='lat' dir='ltr'><strong>in</strong></span> <span class='ocrx_word' id='word_1_756' title='bbox 2090 4864 2248 4925; x_wconf 81' lang='lat' dir='ltr'><strong>Colb.</strong></span> 
     </span>
    </p>
   </div>
   <div class='ocr_carea' id='block_1_104' title="bbox 325 4935 1972 5009">
    <p class='ocr_par' dir='ltr' id='par_1_104' title="bbox 325 4935 1972 5009">
     <span class='ocr_line' id='line_1_106' title="bbox 325 4935 1972 5009; baseline 0.001 -20"><span class='ocrx_word' id='word_1_757' title='bbox 325 4935 535 5009; x_wconf 65' lang='lat' dir='ltr'><strong>Christi</strong></span> <span class='ocrx_word' id='word_1_758' title='bbox 561 4938 926 5003; x_wconf 74' lang='lat' dir='ltr'><strong>nativitatem,</strong></span> <span class='ocrx_word' id='word_1_759' title='bbox 963 4938 1145 5009; x_wconf 21' lang='lat' dir='ltr'><strong>nulO,</strong></span> <span class='ocrx_word' id='word_1_760' title='bbox 1178 4938 1275 4993; x_wconf 92' lang='lat' dir='ltr'><strong>ubi</strong></span> <span class='ocrx_word' id='word_1_761' title='bbox 1307 4938 1492 5009; x_wconf 91' lang='lat' dir='ltr'><strong>aperit</strong></span> <span class='ocrx_word' id='word_1_762' title='bbox 1520 4938 1658 5009; x_wconf 92' lang='lat' dir='ltr'><strong>quid</strong></span> <span class='ocrx_word' id='word_1_763' title='bbox 1694 4955 1795 5008; x_wconf 92' lang='lat' dir='ltr'><strong>per</strong></span> <span class='ocrx_word' id='word_1_764' title='bbox 1824 4938 1972 4991; x_wconf 82' lang='lat' dir='ltr'><strong>invi-</strong></span> 
     </span>
    </p>
   </div>
   <div class='ocr_carea' id='block_1_105' title="bbox 326 5005 1971 5132">
    <p class='ocr_par' dir='ltr' id='par_1_105' title="bbox 326 5005 1971 5132">
     <span class='ocr_line' id='line_1_107' title="bbox 326 5005 1971 5132; baseline 0.001 -70"><span class='ocrx_word' id='word_1_765' title='bbox 326 5005 555 5132; x_wconf 48' lang='lat' dir='ltr'><strong>sibiélgm</strong></span> <span class='ocrx_word' id='word_1_766' title='bbox 590 5009 872 5063; x_wconf 90' lang='lat' dir='ltr'><strong>mundum</strong></span> <span class='ocrx_word' id='word_1_767' title='bbox 893 5007 1213 5080; x_wconf 87' lang='lat' dir='ltr'><strong>intelligat;</strong></span> <span class='ocrx_word' id='word_1_768' title='bbox 1246 5005 1373 5064; x_wconf 77' lang='lat' dir='ltr'><strong>orat</strong></span> <span class='ocrx_word' id='word_1_769' title='bbox 1403 5027 1493 5074; x_wconf 80' lang='lat' dir='ltr'><strong>XL,</strong></span> <span class='ocrx_word' id='word_1_770' title='bbox 1526 5005 1598 5064; x_wconf 73' lang='lat' dir='ltr'><strong>De</strong></span> <span class='ocrx_word' id='word_1_771' title='bbox 1629 5005 1971 5079; x_wconf 61' lang='lat' dir='ltr'><strong>baptismate,</strong></span> 
     </span>
     <span class='ocr_line' id='line_1_108' title="bbox 326 5094 599 5132; baseline -0.004 0"><span class='ocrx_word' id='word_1_772' title='bbox 326 5094 384 5132; x_wconf 84' lang='grc' dir='ltr'>ιι.</span> <span class='ocrx_word' id='word_1_773' title='bbox 494 5120 505 5131; x_wconf 95' lang='grc'><strong>.</strong></span> <span class='ocrx_word' id='word_1_774' title='bbox 588 5116 599 5123; x_wconf 83' lang='grc'><strong>-</strong></span> 
     </span>
    </p>
   </div>
   <div class='ocr_carea' id='block_1_106' title="bbox 326 5094 1975 5233">
    <p class='ocr_par' dir='ltr' id='par_1_106' title="bbox 326 5094 1975 5233">
     <span class='ocr_line' id='line_1_109' title="bbox 326 5094 1975 5233; baseline -0.01 -12"><span class='ocrx_word' id='word_1_775' title='bbox 326 5094 508 5233; x_wconf 41' lang='grc' dir='ltr'>η’(ἒὲ)</span> <span class='ocrx_word' id='word_1_776' title='bbox 541 5116 817 5233; x_wconf 52' lang='grc' dir='ltr'><strong>Αέθτέ-ροες.</strong></span> <span class='ocrx_word' id='word_1_777' title='bbox 854 5150 986 5214; x_wconf 69' lang='lat' dir='ltr'><strong>Quas</strong></span> <span class='ocrx_word' id='word_1_778' title='bbox 1017 5154 1344 5223; x_wconf 85' lang='lat' dir='ltr'><strong>sequuntur</strong></span> <span class='ocrx_word' id='word_1_779' title='bbox 1392 5167 1577 5223; x_wconf 89' lang='lat' dir='ltr'><strong>usque</strong></span> <span class='ocrx_word' id='word_1_780' title='bbox 1618 5152 1690 5207; x_wconf 90' lang='lat' dir='ltr'><strong>ad</strong></span> <span class='ocrx_word' id='word_1_781' title='bbox 1721 5148 1839 5223; x_wconf 75' lang='grc' dir='ltr'>ὅσα,</span> <span class='ocrx_word' id='word_1_782' title='bbox 1873 5152 1975 5207; x_wconf 90' lang='lat' dir='ltr'><strong>de-</strong></span> 
     </span>
    </p>
   </div>
   <div class='ocr_carea' id='block_1_107' title="bbox 325 5220 1975 5365">
    <p class='ocr_par' dir='ltr' id='par_1_107' title="bbox 325 5220 1975 5365">
     <span class='ocr_line' id='line_1_110' title="bbox 325 5220 1831 5293; baseline 0.001 -16"><span class='ocrx_word' id='word_1_783' title='bbox 325 5226 466 5277; x_wconf 85' lang='lat' dir='ltr'><strong>sunt</strong></span> <span class='ocrx_word' id='word_1_784' title='bbox 492 5221 551 5275; x_wconf 91' lang='lat' dir='ltr'><strong>in</strong></span> <span class='ocrx_word' id='word_1_785' title='bbox 586 5220 722 5293; x_wconf 81' lang='lat' dir='ltr'><strong>Reg.</strong></span> <span class='ocrx_word' id='word_1_786' title='bbox 758 5222 795 5277; x_wconf 91' lang='lat'><strong>1.</strong></span> <span class='ocrx_word' id='word_1_787' title='bbox 1100 5220 1118 5223; x_wconf 57' lang='grc'>⁷</span> <span class='ocrx_word' id='word_1_788' title='bbox 1482 5220 1499 5223; x_wconf 67' lang='grc'><em>’</em></span> <span class='ocrx_word' id='word_1_789' title='bbox 1821 5220 1831 5223; x_wconf 54' lang='grc'><strong>⁷</strong></span> 
     </span>
     <span class='ocr_line' id='line_1_111' title="bbox 397 5289 1975 5365; baseline 0.002 -20"><span class='ocrx_word' id='word_1_790' title='bbox 397 5293 512 5364; x_wconf 90' lang='grc'>(70)</span> <span class='ocrx_word' id='word_1_791' title='bbox 571 5291 667 5345; x_wconf 86' lang='grc' dir='ltr'>Καὶ</span> <span class='ocrx_word' id='word_1_792' title='bbox 719 5289 1057 5365; x_wconf 84' lang='grc' dir='ltr'>ἀναλύσεως.</span> <span class='ocrx_word' id='word_1_793' title='bbox 1118 5292 1317 5349; x_wconf 88' lang='lat' dir='ltr'><strong>Comb.</strong></span> <span class='ocrx_word' id='word_1_794' title='bbox 1380 5316 1406 5341; x_wconf 88' lang='grc'><em>‹‹</em></span> <span class='ocrx_word' id='word_1_795' title='bbox 1470 5294 1540 5348; x_wconf 92' lang='lat' dir='ltr'><strong>de</strong></span> <span class='ocrx_word' id='word_1_796' title='bbox 1600 5294 1975 5365; x_wconf 84' lang='lat' dir='ltr'><strong>profectione,</strong></span> 
     </span>
    </p>
   </div>
   <div class='ocr_carea' id='block_1_108' title="bbox 327 5364 1978 5436">
    <p class='ocr_par' dir='ltr' id='par_1_108' title="bbox 327 5364 1978 5436">
     <span class='ocr_line' id='line_1_112' title="bbox 327 5364 1978 5436; baseline 0.001 -17"><span class='ocrx_word' id='word_1_797' title='bbox 327 5369 531 5436; x_wconf 88' lang='lat' dir='ltr'><strong>morte,</strong></span> <span class='ocrx_word' id='word_1_798' title='bbox 567 5365 839 5433; x_wconf 91' lang='lat' dir='ltr'><strong>transitu,</strong></span> <span class='ocrx_word' id='word_1_799' title='bbox 865 5364 1230 5436; x_wconf 87' lang='lat' dir='ltr'><strong>migratione.</strong></span> <span class='ocrx_word' id='word_1_800' title='bbox 1262 5389 1281 5413; x_wconf 78' lang='grc' dir='ltr'><strong>ι</strong></span> <span class='ocrx_word' id='word_1_801' title='bbox 1319 5366 1425 5420; x_wconf 91' lang='lat' dir='ltr'><strong>Sed</strong></span> <span class='ocrx_word' id='word_1_802' title='bbox 1456 5364 1624 5429; x_wconf 28' lang='lat' dir='ltr'><strong>Elias’,</strong></span> <span class='ocrx_word' id='word_1_803' title='bbox 1652 5366 1978 5421; x_wconf 87' lang='lat' dir='ltr'><strong>Gabrielius</strong></span> 
     </span>
    </p>
   </div>
   <div class='ocr_carea' id='block_1_109' title="bbox 326 5434 1979 5493">
    <p class='ocr_par' dir='ltr' id='par_1_109' title="bbox 326 5434 1979 5493">
     <span class='ocr_line' id='line_1_113' title="bbox 326 5434 1979 5493; baseline 0.001 -4"><span class='ocrx_word' id='word_1_804' title='bbox 326 5434 539 5493; x_wconf 72' lang='lat' dir='ltr'><strong>aliique</strong></span> <span class='ocrx_word' id='word_1_805' title='bbox 574 5438 643 5491; x_wconf 91' lang='lat' dir='ltr'><strong>de</strong></span> <span class='ocrx_word' id='word_1_806' title='bbox 670 5434 1001 5491; x_wconf 69' lang='lat' dir='ltr'><strong>reversione</strong></span> <span class='ocrx_word' id='word_1_807' title='bbox 1030 5436 1242 5491; x_wconf 90' lang='lat' dir='ltr'><strong>Christi</strong></span> <span class='ocrx_word' id='word_1_808' title='bbox 1274 5438 1342 5491; x_wconf 88' lang='lat' dir='ltr'><strong>ad</strong></span> <span class='ocrx_word' id='word_1_809' title='bbox 1382 5437 1605 5491; x_wconf 90' lang='lat' dir='ltr'><strong>Patrem</strong></span> <span class='ocrx_word' id='word_1_810' title='bbox 1639 5454 1773 5492; x_wconf 89' lang='lat' dir='ltr'><strong>cum</strong></span> <span class='ocrx_word' id='word_1_811' title='bbox 1805 5454 1979 5493; x_wconf 90' lang='lat' dir='ltr'><strong>carne</strong></span> 
     </span>
    </p>
   </div>
   <div class='ocr_carea' id='block_1_110' title="bbox 325 5505 1978 5583">
    <p class='ocr_par' dir='ltr' id='par_1_110' title="bbox 325 5505 1978 5583">
     <span class='ocr_line' id='line_1_114' title="bbox 325 5505 1978 5583; baseline 0.001 -24"><span class='ocrx_word' id='word_1_812' title='bbox 325 5505 680 5583; x_wconf 66' lang='lat' dir='ltr'><strong>intelligunt,</strong></span> <span class='ocrx_word' id='word_1_813' title='bbox 714 5513 772 5562; x_wconf 93' lang='lat' dir='ltr'><strong>et</strong></span> <span class='ocrx_word' id='word_1_814' title='bbox 802 5514 1246 5583; x_wconf 74' lang='lat' dir='ltr'><strong>consequenter,</strong></span> <span class='ocrx_word' id='word_1_815' title='bbox 1271 5510 1324 5563; x_wconf 89' lang='lat' dir='ltr'><strong>id</strong></span> <span class='ocrx_word' id='word_1_816' title='bbox 1352 5510 1505 5583; x_wconf 87' lang='lat' dir='ltr'><strong>quod</strong></span> <span class='ocrx_word' id='word_1_817' title='bbox 1539 5510 1821 5583; x_wconf 85' lang='lat' dir='ltr'><strong>sequitur,</strong></span> <span class='ocrx_word' id='word_1_818' title='bbox 1853 5507 1978 5583; x_wconf 86' lang='grc' dir='ltr'>περὶ</span> 
     </span>
    </p>
   </div>
   <div class='ocr_carea' id='block_1_111' title="bbox 326 5574 1978 5646">
    <p class='ocr_par' dir='ltr' id='par_1_111' title="bbox 326 5574 1978 5646">
     <span class='ocr_line' id='line_1_115' title="bbox 326 5574 1978 5646; baseline 0.004 -17"><span class='ocrx_word' id='word_1_819' title='bbox 326 5574 683 5643; x_wconf 70' lang='grc' dir='ltr'>ἀναστάῑεως,</span> <span class='ocrx_word' id='word_1_820' title='bbox 728 5596 841 5634; x_wconf 87' lang='lat' dir='ltr'><strong>non</strong></span> <span class='ocrx_word' id='word_1_821' title='bbox 890 5581 961 5634; x_wconf 89' lang='lat' dir='ltr'><strong>ad</strong></span> <span class='ocrx_word' id='word_1_822' title='bbox 1002 5574 1333 5646; x_wconf 75' lang='lat' dir='ltr'><strong>Christum,</strong></span> <span class='ocrx_word' id='word_1_823' title='bbox 1370 5574 1483 5636; x_wconf 77' lang='lat' dir='ltr'><strong>sed</strong></span> <span class='ocrx_word' id='word_1_824' title='bbox 1535 5581 1605 5635; x_wconf 90' lang='lat' dir='ltr'><strong>ad</strong></span> <span class='ocrx_word' id='word_1_825' title='bbox 1623 5574 1978 5637; x_wconf 58' lang='lat' dir='ltr'><strong>universum</strong></span> 
     </span>
    </p>
   </div>
   <div class='ocr_carea' id='block_1_112' title="bbox 328 5650 1171 5720">
    <p class='ocr_par' dir='ltr' id='par_1_112' title="bbox 328 5650 1171 5720">
     <span class='ocr_line' id='line_1_116' title="bbox 328 5650 1171 5720; baseline 0.005 -17"><span class='ocrx_word' id='word_1_826' title='bbox 328 5663 516 5720; x_wconf 82' lang='lat' dir='ltr'><strong>genus</strong></span> <span class='ocrx_word' id='word_1_827' title='bbox 543 5650 865 5720; x_wconf 80' lang='lat' dir='ltr'><strong>humanum</strong></span> <span class='ocrx_word' id='word_1_828' title='bbox 896 5652 1171 5707; x_wconf 80' lang='lat' dir='ltr'><strong>referunt.</strong></span> 
     </span>
    </p>
   </div>
   <div class='ocr_carea' id='block_1_113' title="bbox 2152 4932 3503 5015">
    <p class='ocr_par' dir='ltr' id='par_1_113' title="bbox 2152 4932 3503 5015">
     <span class='ocr_line' id='line_1_117' title="bbox 2152 4932 3503 5015; baseline -0.001 -22"><span class='ocrx_word' id='word_1_829' title='bbox 2299 4938 2527 5015; x_wconf 82' lang='grc' dir='ltr'>”Οσπερ,</span> <span class='ocrx_word' id='word_1_830' title='bbox 2560 4940 2700 5015; x_wconf 71' lang='lat' dir='ltr'><strong>Reg.</strong></span> <span class='ocrx_word' id='word_1_831' title='bbox 2732 4957 2793 5015; x_wconf 89' lang='lat' dir='ltr'><strong>z,_</strong></span> <span class='ocrx_word' id='word_1_832' title='bbox 2815 4932 3015 5011; x_wconf 80' lang='grc' dir='ltr'>ὥσπερ.</span> <span class='ocrx_word' id='word_1_833' title='bbox 3051 5008 3065 5015; x_wconf 91' lang='lat'><em>_</em></span> <span class='ocrx_word' id='word_1_834' title='bbox 3093 5006 3106 5015; x_wconf 85' lang='lat'><em>_</em></span> <span class='ocrx_word' id='word_1_835' title='bbox 3223 5006 3232 5015; x_wconf 82' lang='lat'><strong>_</strong></span> <span class='ocrx_word' id='word_1_836' title='bbox 3323 5004 3377 5015; x_wconf 53' lang='grc' dir='ltr'><strong>η</strong></span> <span class='ocrx_word' id='word_1_837' title='bbox 3491 5003 3503 5015; x_wconf 43' lang='grc'><strong>⁸</strong></span> 
     </span>
    </p>
   </div>
   <div class='ocr_carea' id='block_1_114' title="bbox 2155 5004 3742 5086">
    <p class='ocr_par' dir='ltr' id='par_1_114' title="bbox 2155 5004 3742 5086">
     <span class='ocr_line' id='line_1_118' title="bbox 2155 5004 3742 5086; baseline -0.002 -23"><span class='ocrx_word' id='word_1_838' title='bbox 2155 5004 2267 5086; x_wconf 73' lang='grc'>(77)</span> <span class='ocrx_word' id='word_1_839' title='bbox 2299 5004 2604 5086; x_wconf 36' lang='grc' dir='ltr'>ΦωτίξεινΖ-</span> <span class='ocrx_word' id='word_1_840' title='bbox 2634 5004 2999 5086; x_wconf 68' lang='lat' dir='ltr'><strong>Baptismum</strong></span> <span class='ocrx_word' id='word_1_841' title='bbox 3051 5006 3143 5086; x_wconf 71' lang='lat' dir='ltr'><strong>hic</strong></span> <span class='ocrx_word' id='word_1_842' title='bbox 3187 5004 3742 5086; x_wconf 43' lang='lat' dir='ltr'><strong>signiﬁcari‘cegset</strong></span> 
     </span>
    </p>
   </div>
   <div class='ocr_carea' id='block_1_115' title="bbox 2082 5074 3744 5158">
    <p class='ocr_par' dir='ltr' id='par_1_115' title="bbox 2082 5074 3744 5158">
     <span class='ocr_line' id='line_1_119' title="bbox 2082 5074 3744 5158; baseline -0.004 -21"><span class='ocrx_word' id='word_1_843' title='bbox 2082 5074 2281 5158; x_wconf 80' lang='lat' dir='ltr'><strong>Camb.</strong></span> <span class='ocrx_word' id='word_1_844' title='bbox 2314 5074 2492 5138; x_wconf 75' lang='lat' dir='ltr'><strong>Aliter</strong></span> <span class='ocrx_word' id='word_1_845' title='bbox 2526 5074 2832 5158; x_wconf 37' lang='lat' dir='ltr'><strong>Eliasfqui</strong></span> <span class='ocrx_word' id='word_1_846' title='bbox 2868 5095 3064 5135; x_wconf 91' lang='lat' dir='ltr'><strong>vocem</strong></span> <span class='ocrx_word' id='word_1_847' title='bbox 3106 5074 3318 5158; x_wconf 35' lang='lat' dir='ltr'><strong>hancia</strong></span> <span class='ocrx_word' id='word_1_848' title='bbox 3351 5074 3744 5158; x_wconf 79' lang='lat' dir='ltr'><strong>pseudo-Dio-</strong></span> 
     </span>
    </p>
   </div>
   <div class='ocr_carea' id='block_1_116' title="bbox 2086 5149 3750 5225">
    <p class='ocr_par' dir='ltr' id='par_1_116' title="bbox 2086 5149 3750 5225">
     <span class='ocr_line' id='line_1_120' title="bbox 2086 5149 3750 5225; baseline -0.004 -16"><span class='ocrx_word' id='word_1_849' title='bbox 2086 5155 2251 5225; x_wconf 82' lang='lat' dir='ltr'><strong>nysio</strong></span> <span class='ocrx_word' id='word_1_850' title='bbox 2276 5160 2604 5210; x_wconf 88' lang='lat' dir='ltr'><strong>mutuatam</strong></span> <span class='ocrx_word' id='word_1_851' title='bbox 2638 5149 2866 5217; x_wconf 81' lang='lat' dir='ltr'><strong>asserit,</strong></span> <span class='ocrx_word' id='word_1_852' title='bbox 2901 5150 3171 5225; x_wconf 80' lang='lat' dir='ltr'><strong>quamvis</strong></span> <span class='ocrx_word' id='word_1_853' title='bbox 3202 5149 3312 5205; x_wconf 92' lang='lat' dir='ltr'><strong>isto</strong></span> <span class='ocrx_word' id='word_1_854' title='bbox 3336 5149 3616 5225; x_wconf 66' lang='lat' dir='ltr'><strong>scriptore</strong></span> <span class='ocrx_word' id='word_1_855' title='bbox 3638 5164 3750 5203; x_wconf 89' lang='lat' dir='ltr'><strong>an-</strong></span> 
     </span>
    </p>
   </div>
   <div class='ocr_carea' id='block_1_117' title="bbox 2084 5219 3748 5296">
    <p class='ocr_par' dir='ltr' id='par_1_117' title="bbox 2084 5219 3748 5296">
     <span class='ocr_line' id='line_1_121' title="bbox 2084 5219 3748 5296; baseline -0.003 -15"><span class='ocrx_word' id='word_1_856' title='bbox 2084 5219 2397 5293; x_wconf 70' lang='lat' dir='ltr'><strong>tiquiorem</strong></span> <span class='ocrx_word' id='word_1_857' title='bbox 2426 5243 2552 5283; x_wconf 90' lang='lat' dir='ltr'><strong>esse</strong></span> <span class='ocrx_word' id='word_1_858' title='bbox 2583 5219 2944 5296; x_wconf 83' lang='lat' dir='ltr'><strong>Theologum</strong></span> <span class='ocrx_word' id='word_1_859' title='bbox 2975 5222 3148 5278; x_wconf 91' lang='lat' dir='ltr'><strong>hodie</strong></span> <span class='ocrx_word' id='word_1_860' title='bbox 3181 5223 3410 5277; x_wconf 90' lang='lat' dir='ltr'><strong>constet</strong></span> <span class='ocrx_word' id='word_1_861' title='bbox 3439 5219 3594 5292; x_wconf 86' lang='lat' dir='ltr'><strong>apud</strong></span> <span class='ocrx_word' id='word_1_862' title='bbox 3618 5234 3748 5276; x_wconf 86' lang='lat' dir='ltr'><strong>eru-</strong></span> 
     </span>
    </p>
   </div>
   <div class='ocr_carea' id='block_1_118' title="bbox 2087 5298 3746 5441">
    <p class='ocr_par' dir='ltr' id='par_1_118' title="bbox 2087 5298 3746 5441">
     <span class='ocr_line' id='line_1_122' title="bbox 2087 5298 3746 5441; baseline -0.002 -20"><span class='ocrx_word' id='word_1_863' title='bbox 2087 5298 2273 5441; x_wconf 48' lang='lat' dir='ltr'><strong>dlt(9788.)</strong></span> <span class='ocrx_word' id='word_1_864' title='bbox 2304 5366 2681 5441; x_wconf 75' lang='grc' dir='ltr'>Συναιρεθέντα</span> <span class='ocrx_word' id='word_1_865' title='bbox 2724 5367 2812 5441; x_wconf 72' lang='grc' dir='ltr'><strong>τδν</strong></span> <span class='ocrx_word' id='word_1_866' title='bbox 2874 5363 3070 5441; x_wconf 76' lang='grc' dir='ltr'>λόγον,</span> <span class='ocrx_word' id='word_1_867' title='bbox 3106 5368 3215 5421; x_wconf 87' lang='lat' dir='ltr'><strong>etc.</strong></span> <span class='ocrx_word' id='word_1_868' title='bbox 3265 5363 3369 5441; x_wconf 72' lang='lat' dir='ltr'><strong>Hic</strong></span> <span class='ocrx_word' id='word_1_869' title='bbox 3420 5362 3584 5441; x_wconf 78' lang='lat' dir='ltr'><strong>locus</strong></span> <span class='ocrx_word' id='word_1_870' title='bbox 3614 5378 3746 5441; x_wconf 79' lang='lat' dir='ltr'><strong>_r_na-</strong></span> 
     </span>
    </p>
   </div>
   <div class='ocr_carea' id='block_1_119' title="bbox 2088 5434 3748 5523">
    <p class='ocr_par' dir='ltr' id='par_1_119' title="bbox 2088 5434 3748 5523">
     <span class='ocr_line' id='line_1_123' title="bbox 2088 5434 3748 5523; baseline -0.004 -27"><span class='ocrx_word' id='word_1_871' title='bbox 2088 5434 2262 5523; x_wconf 66' lang='lat' dir='ltr'><strong>gnam</strong></span> <span class='ocrx_word' id='word_1_872' title='bbox 2296 5434 2476 5494; x_wconf 72' lang='lat' dir='ltr'><strong>affert</strong></span> <span class='ocrx_word' id='word_1_873' title='bbox 2508 5439 2699 5523; x_wconf 78' lang='lat' dir='ltr'><strong>lucem</strong></span> <span class='ocrx_word' id='word_1_874' title='bbox 2727 5434 3000 5523; x_wconf 29' lang='lat' dir='ltr'><strong>liiquu‘sa</strong></span> <span class='ocrx_word' id='word_1_875' title='bbox 3057 5437 3115 5493; x_wconf 90' lang='lat' dir='ltr'><strong>in</strong></span> <span class='ocrx_word' id='word_1_876' title='bbox 3142 5437 3348 5519; x_wconf 82' lang='lat' dir='ltr'><strong>_variis</strong></span> <span class='ocrx_word' id='word_1_877' title='bbox 3373 5434 3748 5523; x_wconf 63' lang='lat' dir='ltr'><strong>orationibus</strong></span> 
     </span>
    </p>
   </div>
   <div class='ocr_carea' id='block_1_120' title="bbox 2087 5507 3743 5582">
    <p class='ocr_par' dir='ltr' id='par_1_120' title="bbox 2087 5507 3743 5582">
     <span class='ocr_line' id='line_1_124' title="bbox 2087 5507 3743 5582; baseline -0.002 -16"><span class='ocrx_word' id='word_1_878' title='bbox 2087 5507 2295 5567; x_wconf 78' lang='lat' dir='ltr'><strong>iisdem</strong></span> <span class='ocrx_word' id='word_1_879' title='bbox 2329 5528 2473 5582; x_wconf 89' lang='lat' dir='ltr'><strong>pene</strong></span> <span class='ocrx_word' id='word_1_880' title='bbox 2502 5510 2693 5567; x_wconf 87' lang='lat' dir='ltr'><strong>verbis</strong></span> <span class='ocrx_word' id='word_1_881' title='bbox 2722 5507 2905 5565; x_wconf 82' lang='lat' dir='ltr'><strong>tradit</strong></span> <span class='ocrx_word' id='word_1_882' title='bbox 2919 5509 3230 5581; x_wconf 86' lang='lat' dir='ltr'><strong>Gregorius</strong></span> <span class='ocrx_word' id='word_1_883' title='bbox 3254 5529 3269 5579; x_wconf 68' lang='grc' dir='ltr'><strong>ς</strong></span> <span class='ocrx_word' id='word_1_884' title='bbox 3302 5507 3389 5563; x_wconf 92' lang='lat' dir='ltr'><strong>ori</strong></span> <span class='ocrx_word' id='word_1_885' title='bbox 3439 5509 3499 5563; x_wconf 73' lang='lat' dir='ltr'><strong>in</strong></span> <span class='ocrx_word' id='word_1_886' title='bbox 3528 5508 3659 5563; x_wconf 72' lang='lat' dir='ltr'><strong>Bas.</strong></span> <span class='ocrx_word' id='word_1_887' title='bbox 3683 5523 3743 5562; x_wconf 80' lang='grc' dir='ltr'>ιι.</span> 
     </span>
    </p>
   </div>
   <div class='ocr_carea' id='block_1_121' title="bbox 2087 5581 3476 5648">
    <p class='ocr_par' dir='ltr' id='par_1_121' title="bbox 2087 5581 3476 5648">
     <span class='ocr_line' id='line_1_125' title="bbox 2087 5581 3476 5648; baseline -0.004 -10"><span class='ocrx_word' id='word_1_888' title='bbox 2087 5584 2194 5645; x_wconf 83' lang='grc'><strong>39;</strong></span> <span class='ocrx_word' id='word_1_889' title='bbox 2226 5600 2309 5637; x_wconf 91' lang='lat' dir='ltr'><strong>or.</strong></span> <span class='ocrx_word' id='word_1_890' title='bbox 2336 5581 2365 5636; x_wconf 77' lang='lat' dir='ltr'><strong>l</strong></span> <span class='ocrx_word' id='word_1_891' title='bbox 2406 5584 2477 5636; x_wconf 83' lang='lat' dir='ltr'><strong>De</strong></span> <span class='ocrx_word' id='word_1_892' title='bbox 2508 5581 2674 5637; x_wconf 81' lang='lat' dir='ltr'><strong>theol.</strong></span> <span class='ocrx_word' id='word_1_893' title='bbox 2724 5599 2781 5636; x_wconf 90' lang='grc' dir='ltr'>ιι.</span> <span class='ocrx_word' id='word_1_894' title='bbox 2814 5581 2868 5648; x_wconf 89' lang='lat'><strong>5,</strong></span> <span class='ocrx_word' id='word_1_895' title='bbox 2900 5584 2962 5639; x_wconf 87' lang='lat' dir='ltr'><strong>In</strong></span> <span class='ocrx_word' id='word_1_896' title='bbox 2994 5591 3112 5637; x_wconf 79' lang='lat' dir='ltr'><strong>nat.</strong></span> <span class='ocrx_word' id='word_1_897' title='bbox 3147 5599 3204 5638; x_wconf 89' lang='grc' dir='ltr'>ιι.</span> <span class='ocrx_word' id='word_1_898' title='bbox 3237 5582 3327 5648; x_wconf 89' lang='grc'><strong>55,</strong></span> <span class='ocrx_word' id='word_1_899' title='bbox 3363 5582 3476 5635; x_wconf 89' lang='lat' dir='ltr'><strong>etc.</strong></span> 
     </span>
    </p>
   </div>
   <div class='ocr_carea' id='block_1_122' title="bbox 2160 5650 3745 5727">
    <p class='ocr_par' dir='ltr' id='par_1_122' title="bbox 2160 5650 3745 5727">
     <span class='ocr_line' id='line_1_126' title="bbox 2160 5650 3745 5727; baseline -0.003 -20"><span class='ocrx_word' id='word_1_900' title='bbox 2160 5654 2271 5726; x_wconf 87' lang='grc'>(79)</span> <span class='ocrx_word' id='word_1_901' title='bbox 2336 5652 2661 5717; x_wconf 81' lang='grc' dir='ltr'>Ἀντιθέους.</span> <span class='ocrx_word' id='word_1_902' title='bbox 2749 5651 2893 5711; x_wconf 85' lang='lat' dir='ltr'><strong>Oliv.</strong></span> <span class='ocrx_word' id='word_1_903' title='bbox 2965 5676 2993 5704; x_wconf 84' lang='lat'>«</span> <span class='ocrx_word' id='word_1_904' title='bbox 3064 5658 3394 5727; x_wconf 79' lang='lat' dir='ltr'><strong>pugnantes</strong></span> <span class='ocrx_word' id='word_1_905' title='bbox 3468 5650 3621 5705; x_wconf 87' lang='lat' dir='ltr'><strong>inter</strong></span> <span class='ocrx_word' id='word_1_906' title='bbox 3682 5662 3745 5704; x_wconf 78' lang='lat' dir='ltr'><strong>se</strong></span> 
     </span>
    </p>
   </div>
   <div class='ocr_carea' id='block_1_123' title="bbox 397 5718 1976 5796">
    <p class='ocr_par' dir='ltr' id='par_1_123' title="bbox 397 5718 1976 5796">
     <span class='ocr_line' id='line_1_127' title="bbox 397 5718 1976 5796; baseline 0.006 -23"><span class='ocrx_word' id='word_1_907' title='bbox 397 5718 513 5795; x_wconf 83' lang='grc'>(71)</span> <span class='ocrx_word' id='word_1_908' title='bbox 543 5719 677 5772; x_wconf 85' lang='grc' dir='ltr'>Ὀσα</span> <span class='ocrx_word' id='word_1_909' title='bbox 703 5738 781 5775; x_wconf 77' lang='grc' dir='ltr'>τε.</span> <span class='ocrx_word' id='word_1_910' title='bbox 818 5721 990 5778; x_wconf 83' lang='lat' dir='ltr'><strong>Deest</strong></span> <span class='ocrx_word' id='word_1_911' title='bbox 1035 5741 1093 5776; x_wconf 79' lang='grc' dir='ltr'><strong>τι</strong></span> <span class='ocrx_word' id='word_1_912' title='bbox 1122 5724 1181 5779; x_wconf 89' lang='lat' dir='ltr'><strong>in</strong></span> <span class='ocrx_word' id='word_1_913' title='bbox 1230 5723 1500 5796; x_wconf 85' lang='lat' dir='ltr'><strong>pluribus</strong></span> <span class='ocrx_word' id='word_1_914' title='bbox 1548 5725 1889 5795; x_wconf 78' lang='lat' dir='ltr'><strong>codicibus;</strong></span> <span class='ocrx_word' id='word_1_915' title='bbox 1922 5727 1976 5782; x_wconf 78' lang='lat' dir='ltr'><strong>at</strong></span> 
     </span>
    </p>
   </div>
   <div class='ocr_carea' id='block_1_124' title="bbox 2094 5718 2305 5796">
    <p class='ocr_par' dir='ltr' id='par_1_124' title="bbox 2094 5718 2305 5782">
     <span class='ocr_line' id='line_1_128' title="bbox 2094 5718 2305 5782; baseline -0.009 0"><span class='ocrx_word' id='word_1_916' title='bbox 2094 5718 2265 5782; x_wconf 43' lang='lat'><strong>(1668.,</strong></span> <span class='ocrx_word' id='word_1_917' title='bbox 2287 5749 2305 5773; x_wconf 78' lang='grc' dir='ltr'><strong>η</strong></span> 
     </span>
    </p>
   </div>
  </div>
