4152 6286
301 438 421 501 448

1453 440 1743 504 ORATIO
1788 439 1865 500 lI.
1897 436 1975 484 ἐ·-
2002 436 2564 499 APOLOGETICA.

3590 434 3707 496 “6

299 571 407 623 τῶν
441 564 568 643 ἄγαν
615 573 739 644 παρ’
785 569 920 641 ἡμῖν
968 566 1268 643 όρθοδόξων
1319 572 1450 644 (80).
1494 569 1583 631 Τίς
1611 570 1639 625 ὁ
1671 568 1802 642 ἐμὸς
1855 568 1927 625 λόη

2059 567 2263 623 drinus
2294 567 2465 622 Arius
2492 583 2505 634 ;
2529 566 2962 638 tertii,quidam
2997 581 3027 623 ο
3058 566 3273 623 nostris
3303 566 3481 623 nimis
3511 566 3710 623 ortho-

299 676 439 733 γος;
499 660 607 711 τῶν
663 661 828 731 τριῶν
888 655 1011 711 ὅσον
1073 657 1181 711 ἐστὶ
1243 654 1507 735 βλαϐερὸν
1568 656 1941 735 διαφυγόντας,

301 745 352 802 ἰν
385 745 535 820 ὅροις
590 744 761 818 μένειν
819 752 918 815 τῆς
975 742 1267 823 εὐσεϐείας,
1324 749 1411 802 καὶ
1467 750 1604 821 μήτε
1659 748 1793 823 πρὸς
1846 748 1943 815 τὴν

303 818 607 889 Σαϐελλίου
659 836 770 908 (81)
826 834 1002 891 seu.“
1063 818 1122 890 ei
1169 818 1271 906 τῆξ
1322 818 1510 906 καινῆς
1576 818 1941 910 (δεγταιιτης

299 922 608 985 ἀναλύσεως
639 924 673 993 ἣ
704 925 994 986 συνθέσεως
1045 924 1375 1001 ὑπαχθῆναι,
1435 926 1511 1000 μὴ
1563 922 1776 999 μᾶλλον
1827 932 1846 997 (
1887 926 1941 1000 3)

297 1011 349 1066 ἓν
376 1011 441 1066 τὰ
486 1014 659 1067 πάντα
704 1014 738 1082 ἢ
770 1009 938 1087 μηδὲν
988 1009 1209 1068 ἕκαστον
1257 1014 1389 1069 εἶναι
1422 1012 1771 1090 ὁριζομένους
1804 1016 1937 1088 (84)’

300 1100 481 1179 φεύγει
513 1100 613 1177 γὰρ
645 1101 772 1156 εἶναι
806 1100 936 1178 ὅπερ
970 1101 1109 1156 ἐστὶν
1152 1102 1226 1165 είς
1257 1100 1480 1173 ἄλληλα
1523 1107 1943 1179 μεταχωροῦντα

296 1191 386 1244 καί
447 1184 854 1263 μεταϐαίνοντα·
891 1192 925 1259 ἢ
962 1190 1207 1246 σύνθετόν
1250 1212 1370 1245 τινα
1412 1192 1501 1246 καὶ
1549 1192 1746 1247 ἄτοπον
1804 1194 1940 1264 ἡμῖν

300 1279 450 1351 Θεὸν,
502 1278 679 1352 ὥσπερ
727 1280 795 1333 τὰ
844 1277 1067 1350 πυθώδη
1115 1284 1220 1335 τῶν
1273 1284 1425 1350 ζώων
1485 1284 1941 1357 σκιαγραφοῖητας

298 1366 385 1422 καθ
440 1365 895 1431 ἀναπλάττονταςο
935 1371 1073 1439 μήτε
1116 1369 1209 1430 τὰς
1254 1368 1437 1445 φύσεις
1488 1369 1779 1442 τὲμνοντας
1807 1369 1945 1423 κατὰ

292 1457 391 1526 τήν
454 1455 667 1531 Ἀρείου
891 1455 1074 1518 καλῶς
1140 1456 1525 1529 ὀνομασθεῖσαν
1588 1456 1801 1530 μανίαν,
1863 1456 1940 1520 είς

294 1542 597 1614 Ἰουδαϊκὴν
656 1545 834 1601 πενίαν
896 1549 1008 1615 (86)
1060 1544 1543 1615 κατακλεισθῆναι,
1598 1545 1686 1600 καὶ
1745 1545 1937 1622 φθόνον

297 1634 597 1707 ἐπεισάγειν
641 1638 709 1707 τῇ
767 1634 884 1705 θείᾳ
931 1632 1119 1710 φύσει,
1180 1634 1328 1708 μόνῳ
1378 1639 1457 1706 τῷ
1513 1635 1785 1709 ἀγεννήτῳ
1837 1636 1937 1703 τὴν

297 1722 525 1792 θεότητα
553 1722 1003 1802 περιγράφοντας,
1037 1723 1216 1798 ὥσπερ
1249 1722 1558 1785 δεδοικότας
1590 1726 1666 1797 μὴ
1701 1721 1937 1802 διαφθεί-

298 1833 445 1887 ροιτο
474 1813 589 1886 (87)
619 1814 753 1885 ἡμῖν
786 1813 814 1866 ὁ
846 1813 998 1881 Θεὸς,
1030 1816 1162 1867 Θεοῦ
1196 1814 1379 1885 Πατὴρ
1432 1810 1504 1866 ὢν
1554 1811 1819 1882 ἀληθινοῦ
1847 1812 1937 1869 καὶ

296 1900 567 2005 ὁμοτίμου
597 1902 697 1970 τὴν
730 1900 903 1979 φύσιν·
941 1903 1080 1975 μήτε
1112 1907 1265 2005 ’τρεῖς
1295 1901 1469 1977 ἀρχὰς
1502 1900 1776 2005 αλλήλαις
1809 1901 1936 2005 ἀντ·
1967 1939 2013 2005 Β

295 1990 649 2066 επεξάγοντας
702 1992 814 2065 (88)
873 1992 907 2061 ἢ
969 1990 1353 2053 συντάσσοντας
1430 1989 1771 2068 πολυαρχίαν
1829 1990 1934 2047 εἷσ-

294 2079 441 2156 άγειν
468 2080 581 2154 (89)
612 2077 968 2154 Ἑλληνικὴν,
1002 2082 1066 2151 ἣν
1100 2080 1440 2159 πεφεύγαμεν

359 2259 488 2316 ΑΠ’.
549 2256 676 2313 Δέον
728 2259 868 2333 μήτε
926 2257 1098 2323 οὕτως
1157 2258 1291 2314 εἷνάί
1338 2280 1488 2322 τινας
1537 2257 1931 2338 φιλοπάτορας,

291 2347 366 2410 ὡς
413 2348 500 2403 καὶ
548 2348 610 2403 τὸ
664 2347 798 2403 εἶναι
850 2347 1059 2421 Πατέρα
1105 2353 1399 2424 περιαιρεῖν
1448 2351 1579 2425 (91)·
1629 2349 1776 2413 τίνος
1827 2349 1931 2427 γὰρ

291 2434 349 2490 ἂν
379 2436 469 2491 καὶ
502 2434 581 2507 εἰῇ
616 2438 828 2513 Πατὴρ,
856 2441 953 2491 τοῦ
1003 2438 1131 2493 Υἱοῦ
1177 2438 1274 2506 τήν
1326 2436 1481 2515 φύσιν
1518 2434 1930 2515 κεχωρισμένον

289 2524 376 2579 καὶ
430 2525 833 2599 ἀπεξενωμὲνου
885 2527 1020 2599 μετὰ
1066 2529 1162 2596 τῆς
1211 2526 1435 2591 κτίσεως
1465 2545 1480 2597 ;
1514 2527 1575 2583 οὐ
1622 2528 1723 2606 γὰρ
1769 2533 1930 2585 τοῦτο

289 2615 409 2677 Υἱὸς
458 2616 519 2670 τὸ
567 2614 859 2692 ἀλλότριον
908 2618 943 2685 ἢ
993 2613 1453 2693 συναλειφομένου
1500 2616 1635 2692 πρὸς
1683 2618 1774 2673 τὸν
1816 2624 1929 2674 Πα-

286 2703 433 2779 τέρα,
484 2704 573 2758 καὶ
622 2704 1012 2780 συγχεομένου,
1064 2702 1177 2760 ἴσον
1212 2702 1268 2759 δὶ
1316 2705 1503 2779 εἰπεῖν,
1535 2706 1623 2761 καὶ
1666 2706 1927 2783 συγχέον-

286 2812 399 2854 τος’
464 2795 601 2866 μήτε
645 2798 900 2848 τοσοῦτον
951 2791 1363 2870 φιλοχρίστους,
1421 2794 1497 2857 ὡς
1556 2797 1694 2867 μήτε
1748 2796 1927 2870 τούτῳ

289 2881 571 2959 φυλάττειν
605 2884 665 2937 τὸ
697 2882 829 2937 εἶναι
863 2883 972 2953 ι’ἱῷ
993 2885 1127 2949 (92)·
1154 2883 1318 2954 (τίνος
1339 2885 1442 2956 γὰρ
1474 2885 1534 2938 ἃν
1564 2883 1653 2938 καὶ
1685 2882 1767 2954 εἷή
1792 2888 1925 2958 (93),

294 2971 367 3040 μὴ
402 2971 533 3041 πρὸς
574 2972 749 3044 ἀρχὴν
792 2971 1187 3047 ἀναφερόμενος
1230 2973 1320 3025 τὸν
1370 2975 1632 3045 πατέρα;)
1668 2976 1805 3045 μήτε
1850 2980 1927 3045 τῷ

291 3057 463 3141 ξιατρὶ
508 3057 571 3111 τὸ
616 3065 714 3126 τῆς
762 3058 937 3133 ἀρχῆς
973 3060 1203 3132 ἀξίωμα,
1234 3067 1333 3129 τῆς
1362 3061 1437 3122 ὡς
1484 3061 1647 3134 πατρὶ
1687 3062 1775 3116 καὶ
1806 3084 1925 3139 γεν-

289 3145 502 3219 νήτοριο
539 3150 742 3220 μικρῶν
784 3147 882 3223 γὰρ
922 3148 981 3202 ἂν
1024 3146 1105 3219 εἷή
1149 3148 1238 3203 καὶ
1288 3149 1511 3219 ἀναξίων
1556 3150 1726 3225 ἀρχὴ,
1791 3151 1929 3224 μᾶλ-

286 3230 384 3288 λον
419 3231 475 3288 δὲ
509 3239 715 3308 μικρῶς
758 3256 816 3291 τε
855 3236 944 3291 καὶ
994 3239 1108 3311 (94)
1136 3237 1382 3310 ἀναξίως,
1419 3240 1493 3310 μή
1545 3238 1802 3310 θεότητος
1850 3237 1922 3295 ὣν

285 3321 430 3397 ἀρχὴ
462 3303 551 3376 καὶ
582 3303 939 3397 ἆγαθότητος,
971 3303 1069 3395 τῆς
1091 3303 1153 3380 ’ἐν
1362 3303 1449 3381 καὶ
1484 3303 1763 3400 -Ηνεόματι
1795 3331 1925 3385 θεω-
1956 3303 1998 3369 C

283 3412 572 3484 ρουμὲνης³
633 3417 711 3485 τῷ
779 3415 874 3485 μὲν
934 3414 1007 3477 ὡς
1065 3416 1176 3487 Υἱῷ
1226 3416 1315 3469 καὶ
1374 3416 1554 3493 Λόγῳ,
1613 3421 1691 3489 τῷ
1741 3415 1797 3472 δὲ
1849 3420 1925 3482 ὡς

281 3497 502 3575 προόδῳ
548 3501 638 3555 καὶ
693 3502 754 3556 οὐ
815 3500 1057 3576 διαλύτῳ
1106 3506 1217 3577 (95)
1267 3504 1576 3577 Πνεύματι·
1630 3504 1816 3578 ἐπειδή
1866 3530 1927 3584 γε

282 3587 570 3663 ἀναγκαῖον
622 3590 710 3645 καὶ
758 3592 850 3646 τὸν
898 3590 993 3645 ἕνα
1059 3594 1185 3648 Θεὸν
1234 3599 1442 3669 τηρεῖν,
1492 3595 1580 3650 καὶ
1627 3596 1723 3658 τὰς
1776 3602 1924 3673 τρεῖς

284 3676 599 3741 ὑποστάσεις
648 3679 941 3756 ὁμολογεῖν
974 3725 987 3750 ,
1038 3681 1125 3736 καὶ
1175 3682 1400 3753 ἑκάστην
1457 3684 1590 3757 μετὰ
1633 3692 1733 3755 τῆς
1785 3684 1924 3742 ίδιό-

277 3785 463 3835 τητος.

367 3982 461 4053 80)
492 3979 850 4053 Ὀρλθοδόξων.
892 4007 921 4035 ‹‹
956 3987 1179 4043 Ironice
1210 4008 1239 4038 »
1270 3988 1490 4044 dictum
1522 3994 1687 4053 putat
1733 3988 1915 4049 Elias.

362 4048 819 4137 είλεάξελλίδυ,
867 4057 961 4113 Sic
1014 4059 1252 4137 quidem
1291 4060 1455 4137 _G_olb.
1504 4048 1559 4137 3,
1608 4062 1664 4137 7,
1706 4048 1923 4137 aliique

270 4125 557 4200 nonnulli.
575 4126 991 4200 Verumtamen
1017 4125 1223 4186 melior
1251 4132 1479 4187 videtur
1507 4125 1697 4200 lectio,
1717 4125 1921 4189 Σαϐελ-

269 4191 448 4273 λειον,
466 4198 958 4273 quamexhibent
990 4201 1168 4273 Regg.
1192 4202 1360 4257 codd.
1394 4221 1446 4266 a,
1481 4208 1537 4259 et
1568 4220 1619 4271 θ,
1652 4191 1710 4261 et
1740 4223 1918 4273 quam

271 4213 414 4251 Λειον
510 4214 646 4253 uam
681 4213 958 4255 eminent
990 4213 1168 4273 uegg.
1192 4213 1360 4257 cedd.
1394 4221 1446 4266 a,
1481 4213 1537 4259 et
1568 4220 1619 4271 θ,
1652 4213 1710 4261 et
1782 4223 1913 4263 uam

264 4267 387 4339 ipse
401 4213 629 4345 Dillius
654 4269 713 4324 in
745 4288 846 4345 ora
877 4271 1393 4345 Bas.iascripserat.
1416 4274 1610 4342 Porro,
1633 4281 1695 4331 ut
1715 4223 1913 4334 0%ser-

261 4350 357 4414 vat
388 4341 559 4407 Gab.,
590 4341 902 4414 Gregorius
934 4341 1468 4401 Sabellii'heresim
1512 4341 1767 4403 atheiam
1801 4367 1914 4405 non

261 4410 404 4493 ideo.
423 4410 744 4493 nuncupat,
762 4415 916 4493 quod
941 4414 1120 4493 D_eu_m
1145 4416 1373 4493 nullum
1395 4434 1523 4473 esse
1547 4422 1786 4493 omnino
1810 4439 1915 4493 ρης

261 4486 482 4560 taret...
517 4484 616 4536 sed
656 4484 809 4555 quod
843 4486 925 4542 ita
954 4486 1187 4560 divinas
1207 4488 1552 4560 hypostases
1580 4484 1915 4559 resolveret,

260 4551 346 4633 vel
378 4551 771 4633 componeret,
798 4562 862 4612 ut
890 4574 1004 4633 non
1040 4558 1226 4633 magis
1249 4551 1441 4633 :u'num
1472 4576 1699 4633 omnes,
1736 4551 1913 4625 quam

264 4622 706 4705 nihil‘sin’gulas
735 4644 863 4682 esse
894 4622 1227 4705 deiiniret.«
1250 4630 1394 4685 Nam
1428 4632 1485 4705 id
1519 4622 1865 4705 quod'sunt,
1885 4658 1912 4683 »

263 4700 329 4749 ut
358 4693 442 4771 a_it
470 4676 694 4763 BiIlius,
732 4718 753 4747 ι
786 4715 915 4754 esse
945 4701 1241 4771 desinunt,
1277 4719 1410 4757 cum
1444 4702 1505 4757 in
1520 4676 1664 4759 1sese
1706 4676 1913 4762 mutuo
1944 4676 1990 4740 D

262 4765 649 4841 confluentes,
675 4772 1057 4841 proprietates
1088 4765 1366 4828 amittunt
1398 4790 1554 4829 suas.
1597 4796 1626 4823 ››

332 4838 443 4908 (82)
472 4838 693 4909 Καινῆςῖ
745 4838 838 4898 Sic
887 4843 1022 4915 Reg.
1077 4842 1178 4911 hu,
1230 4845 1325 4899 alii
1373 4861 1443 4900 ue
1509 4846 1807 4917 permulti,
1855 4852 1911 4903 et

295 4907 346 4963 ic
375 4909 685 4969 leaendum
719 4930 786 4968 ex
817 4917 909 4969 0r.
944 4914 1002 4969 in
1046 4915 1251 4969 Athan.
1293 4861 1605 4969 colllieitur.
1640 4919 1737 4969 ubi
1772 4921 1901 4969 Gre.

260 4909 346 4963 sic
368 4909 685 4986 legendum
716 4930 786 4986 οξ
812 4917 909 4986 _0_r.
944 4909 1002 4969 in
1046 4909 1251 4971 Athan.
1293 4909 1606 4986 colligitur,
1640 4919 1737 4973 ubi
1772 4909 1901 4975 Gre-

257 4979 458 5068 goria?!
489 4984 589 5046 ait,
628 4979 934 5039 Σαϐελλίου
958 4986 1333 5059 καινοτομίας.
1364 4979 1903 5058 Ηὰῧθηιήοῐιηιιιίὶ,

257 5069 443 5119 κενης.

324 5123 437 5196 (83)
468 5124 558 5207 Μὴ
592 5122 828 5207 μᾶλλον,
856 5132 966 5207 etc.
1002 5150 1046 5207 «_
1064 5130 1189 5207 Non
1218 5131 1406 5207 magis
1453 5148 1636 5207 unum
1686 5134 1904 5207 omnia,

291 5211 428 5272 uam
479 5196 627 5272 nihil
677 5196 821 5255 esse
855 5200 1087 5272 singula
1143 5196 1507 5259 deﬁniéntes.
1547 5226 1573 5251 ››
1606 5204 1691 5258 Ita
1738 5196 1908 5260 vertit

292 5270 441 5342 etav.
474 5271 517 5342 t_.
555 5268 625 5334 II,
659 5286 708 5325 c.
730 5272 796 5342 A6,
831 5287 887 5325 n.
922 5268 983 5339 3,
1012 5290 1065 5342 p.
1110 5274 1199 5330 34.

318 5340 433 5462 (ἐξ)
489 5337 873 5414 Ὀριζομὲνους
908 5386 921 5398 .
962 5337 1109 5417 Reg
1142 5388 1153 5401 .
1214 5362 1249 5401 n
1286 5386 1300 5410 ,
1361 5344 1685 5418 ὁριζομένης
1723 5388 1738 5415 ,
1789 5362 1904 5403 non

247 5423 429 5464 male.

317 5480 431 5562 (8.5)
462 5480 766 5562 ’Apctcu._«
818 5484 1075 5562 Arius,»
1137 5486 1331 5557 inquit
1378 5487 1555 5553 Elias,
1607 5510 1634 5537 «
1683 5505 1716 5544 a
1766 5488 1903 5562 belli

245 5555 459 5620 cupido
500 5560 556 5609 et
608 5555 828 5611 furioso
887 5558 1150 5613 daemone
1209 5555 1387 5614 Marte
1444 5575 1656 5615 nomen
1716 5561 1900 5616 duxit.

245 5621 478 5706 Quid»,
515 5626 703 5706 pergit
733 5627 1083 5706 Gabrielius,
1104 5652 1131 5680 α
1157 5630 1250 5685 die
1282 5632 1428 5687 festo
1459 5634 1675 5706 νΔρεος,
1701 5632 1758 5687 id
1790 5637 1900 5699 est,

246 5690 476 5761 Martis,
515 5690 692 5753 natus
725 5715 852 5756 esse
883 5690 1088 5756 fertur.
1126 5722 1153 5750 »

325 5765 433 5835 (86)
467 5766 679 5823 Πενίαν.
712 5768 802 5826 Sic
850 5786 1054 5827 omnes
1096 5786 1244 5843 pene
1292 5772 1366 5829 ad
1416 5789 1601 5831 unum
1650 5774 1899 5834 codices.

2054 656 2187 711 doxi
2218 674 2229 710 :
2265 672 2530 726 quamam
2565 672 2691 710 mea
2724 654 2872 710 ratio
2903 661 2994 710 est
3018 656 3045 709 ?
3078 656 3379 722 nimirum,
3415 658 3482 709 ut
3529 654 3705 726 quid-

2052 745 2193 816 quid
2229 744 2287 798 in
2319 744 2409 799 his
2445 744 2631 799 tribus
2665 744 2819 799 noxii
2844 742 3446 815 est,fugientes,intra
3467 743 3703 815 pietatis

2054 838 2237 889 metas
2268 833 2683 902 consistamus,
2722 850 2787 887 ac
2821 849 3006 904 neque
3045 833 3104 886 in
3150 832 3388 887 Sabellii
3446 831 3703 888 atheiam

2050 938 2119 978 ex
2145 922 2252 977 hac
2277 938 2424 977 nova
2453 921 2807 977 resolutione
2836 926 2935 975 aut
2974 921 3395 993 compositione
3434 920 3702 979 devolva—

2050 1028 2204 1077 mur,
2221 1028 2335 1066 non
2360 1011 2545 1081 magis
2558 1010 2755 1065 omnia
2768 1010 2889 1065 hinc
2912 1027 3118 1077 unum,
3140 1026 3311 1080 quam
3337 1011 3705 1082 unumquod-

2050 1117 2162 1172 que
2192 1100 2402 1155 horum
2437 1100 2581 1154 nihil
2614 1116 2744 1155 esse
2778 1099 3231 1165 constituentes;
3255 1098 3313 1152 id
3344 1098 3523 1166 enim,
3548 1099 3704 1170 quod

2048 1196 2211 1259 sunt,
2246 1206 2374 1247 esse
2406 1190 2705 1257 desierint,
2734 1196 2938 1245 mutuo
2962 1189 3113 1244 inter
3136 1207 3197 1245 se
3227 1189 3619 1246 commeantis
3648 1193 3706 1247 et

2049 1280 2459 1347 transeuntia;
2493 1284 2595 1334 aut
2627 1280 2871 1335 mistum
2915 1280 3229 1350 quemdam
3275 1282 3331 1334 et
3375 1279 3702 1337 absurdum

2049 1369 2220 1425 nobis
2250 1369 2454 1435 Deum,
2472 1369 2973 1440 quemadmodum
3006 1367 3271 1424 fabulosa
3291 1368 3558 1440 quaedam
3580 1368 3705 1424 ani-

2050 1456 2245 1524 malia,
2280 1457 2681 1528 contingentes
2729 1462 2786 1511 et
2835 1457 3256 1512 adumbrantes
3293 1471 3306 1510 :
3342 1472 3447 1512 nec
3496 1473 3701 1514 rursus

2040 1546 2214 1616 juxta
2260 1545 2377 1600 Arii
2432 1544 2673 1616 pulchre
2726 1546 3093 1601 nominatum
3142 1546 3423 1615 furorem,
3456 1550 3702 1603 naturas

2048 1638 2339 1698 secantes,
2371 1633 2430 1687 in
2481 1634 2789 1689 Judaicam
2832 1634 3093 1704 inopiam
3139 1635 3493 1705 redigamur,
3529 1638 3705 1707 atque

2043 1721 2104 1776 in
2137 1722 2394 1777 divinam
2430 1726 2703 1777 naturam
2733 1721 3015 1777 invidiam
3048 1722 3425 1789 inducamus,
3452 1722 3575 1779 solo
3604 1723 3702 1780 in-

2045 1809 2239 1883 genito
2271 1811 2543 1867 deitatem
2589 1811 3176 1880 circumsciibentes;
3211 1812 3451 1884 perinde
3491 1828 3557 1867 ac
3605 1827 3700 1867 ve-

2046 1916 2300 1970 reamur,
2334 1916 2405 1955 ne
2439 1900 2593 1955 Deus
2624 1900 2793 1955 nobis
2834 1904 3263 1972 corrumpatur,
3288 1901 3338 1956 si
3368 1900 3464 1956 Dei
3495 1900 3611 1957 veri
3642 1905 3701 1957 et

2046 1992 2255 2044 natura
2267 1988 2509 2062 aequalis
2521 1991 2692 2045 Pater
2712 2004 2840 2045 esse
2861 1990 3160 2057 credatur;
3186 2006 3291 2045 nec
3312 1990 3563 2062 denique
3585 1990 3701 2048 tria

2044 2077 2331 2151 principia
2346 2077 2502 2134 inter
2522 2094 2584 2134 se
2606 2084 2987 2152 opponentes,
3006 2078 3093 2135 vel
3114 2082 3544 2145 construentes,
3558 2096 3698 2152 gen-

2042 2166 2143 2223 tile
2165 2166 2485 2223 multorum
2515 2168 2829 2241 imperium
2849 2168 3003 2240 quod
3028 2168 3308 2240 fugimus,
3325 2168 3691 2227 invehamus.

2114 2256 2407 2314 XXXVIII.
2458 2258 2602 2314 Cum
2661 2261 2864 2314 contra
2911 2261 3195 2331 cporteat,
3241 2273 3348 2314 nec
3406 2258 3697 2329 quosdam

2043 2345 2230 2402 Patris
2257 2362 2453 2402 amore
2482 2345 2563 2402 ita
2594 2346 2772 2413 affici,
2806 2350 2871 2403 ut
2900 2347 3076 2403 etiam
3106 2347 3178 2403 ab
3209 2362 3274 2402 eo
3324 2346 3479 2419 quod
3526 2345 3697 2403 Pater

2042 2435 2121 2492 sit
2150 2435 2420 2492 auferant
2445 2452 2458 2493 :
2496 2437 2663 2508 cujus
2686 2436 2842 2493 enim
2872 2437 3041 2493 Pater
3073 2436 3265 2506 fuerit,
3300 2435 3349 2490 si
3380 2433 3561 2492 Filius
3591 2452 3693 2492 na-

2042 2529 2173 2583 tura
2202 2526 2589 2599 disjungatur,
2623 2533 2797 2599 atque
2830 2545 2945 2583 una
2974 2544 3109 2583 cum
3140 2527 3314 2584 rebus
3353 2526 3562 2583 creatis
3598 2543 3689 2583 se-

2039 2616 2376 2672 moveatur?
2416 2633 2531 2672 non
2587 2617 2744 2674 enim
2787 2616 2963 2674 Filius
3015 2621 3122 2683 est,
3171 2617 3325 2688 quod
3374 2620 3680 2672 externum

2038 2708 2214 2775 atque
2245 2703 2501 2760 alienum
2532 2709 2621 2759 est
2653 2722 2665 2760 :
2700 2711 2800 2760 aut
2840 2721 2971 2759 cum
3022 2705 3189 2759 Patre
3238 2704 3677 2777 permisceatur,

2037 2796 2211 2863 atque
2240 2794 2651 2859 confundatur,
2683 2810 2933 2865 eumque
2966 2794 3180 2864 pariter
3202 2793 3548 2849 confundat:
3575 2809 3681 2849 nec

2037 2897 2242 2937 rursus
2273 2881 2355 2937 ita
2383 2881 2594 2937 Christi
2624 2887 2890 2937 amantes
2924 2899 3070 2945 esse,
3100 2886 3165 2937 ut
3204 2898 3308 2937 nec
3357 2882 3408 2938 ei
3440 2880 3545 2936 ﬁlii
3575 2898 3681 2937 no-

2039 2986 2167 3023 men
2203 2975 2450 3038 servent,
2471 2972 2663 3040 (cujus
2693 2971 2845 3025 euim
2871 2971 3049 3025 Filius
3077 2970 3269 3040 fuerit,
3288 2970 3335 3024 si
3365 2971 3431 3024 ad
3452 2973 3680 3025 Patrem

2035 3062 2318 3129 tanquam
2352 3060 2418 3112 ad
2454 3076 2692 3113 causam
2718 3076 2833 3113 non
2858 3058 3198 3127 referatur?)
3221 3075 3323 3113 nec
3354 3058 3504 3114 Patri
3528 3058 3683 3131 prin-

2036 3146 2172 3217 cipii
2204 3152 2466 3202 servetur
2495 3147 2771 3218 dignitas,
2796 3162 2920 3217 quae
2959 3147 3009 3202 ei
3052 3151 3118 3202 ut
3148 3147 3298 3202 Patri
3333 3152 3389 3202 et
3431 3147 3679 3218 genitori

2037 3235 2333 3307 competit.
2363 3236 2672 3291 Parvorum
2704 3235 2857 3291 enim
2884 3251 3025 3290 sane
3045 3239 3101 3290 et
3124 3235 3500 3307 indignorum
3519 3235 3681 3307 prin-

2036 3323 2251 3395 cipium
2288 3323 2478 3391 fuerit,
2509 3322 2617 3389 vel,
2652 3330 2712 3377 ut
2736 3324 2948 3378 rectius
2976 3323 3203 3395 loquar,
3226 3340 3399 3395 parve
3439 3328 3496 3379 et
3524 3323 3679 3379 indi-

2035 3428 2167 3485 gne,
2209 3412 2321 3467 nisi
2370 3412 2693 3467 divinitatis
2736 3416 2793 3467 et
2837 3412 3114 3467 bonitatis
3163 3412 3319 3467 illius
3364 3429 3543 3468 causa
3579 3412 3678 3481 sit,

2034 3517 2161 3574 quis
2193 3501 2253 3556 in
2286 3500 2427 3555 Filio
2459 3506 2514 3555 et
2544 3501 2764 3573 Spiritu
2796 3506 2996 3557 sancto
3028 3500 3675 3569 consideratur;inillo,

2034 3590 2295 3661 inquam,
2317 3593 2381 3644 ut
2413 3588 2551 3644 Filio
2584 3594 2640 3644 et
2669 3590 2876 3656 Verbo,
2905 3589 2962 3643 in
2991 3589 3102 3645 hoc
3135 3595 3325 3644 autem
3368 3593 3432 3643 ut
3475 3606 3681 3661 proce-

2034 3680 2223 3745 dente,
2250 3695 2313 3733 ac
2334 3678 2578 3734 minime
2602 3678 2836 3734 solubili
2857 3678 3098 3750 Spiritu.
3118 3677 3598 3749 Quandoquidem
3623 3682 3682 3735 et

2033 3766 2217 3823 Deum
2250 3783 2433 3822 unum
2468 3767 2716 3822 retinere
2748 3782 2983 3823 necesse
3014 3772 3122 3837 est,
3156 3771 3213 3822 et
3246 3771 3365 3821 tres
3393 3767 3488 3822 as
3543 3782 3677 3838 per-

2033 3872 2207 3912 sonas
2231 3854 2512 3924 confiteri,
2534 3859 2708 3927 atque
2729 3872 2861 3911 cum
2879 3873 2987 3912 sua
3000 3871 3295 3927 quamque
3305 3854 3677 3926 proprietate.

2033 3998 2175 4122 Reg.
2207 3993 2417 4068 μανίαν,
2451 4012 2567 4051 non
2598 4000 2769 4054 recte.

2102 4069 2118 4122 ί
2160 4070 2217 4122 7)
2248 4064 2646 4122 Διαφθείοοιτο.
2699 4072 2769 4122 ett

2102 4064 2664 4151 "Ai‘aqpﬂitpcno,’
2699 4072 2810 4151 etc.
2858 4088 2886 4151 ε(
2928 4067 3009 4123 Ne
3054 4068 3254 4151 pereat
3287 4065 3455 4151 nobis
3505 4067 3677 4136 Deus,

2030 4141 2080 4196 si
2111 4136 2208 4195 sit
2229 4136 2392 4194 Pater
2420 4136 2519 4209 Dei
2550 4139 2665 4194 veri
2698 4143 2755 4195 et
2783 4142 2993 4193 natura
3020 4136 3131 4194 sibi
3163 4136 3420 4209 aequalis.
3455 4160 3477 4190 ι

2100 4208 2740 4284 (88)-Ἀντεπεξάγοντας.
2774 4233 2802 4259 ‹‹
2847 4211 3112 4284 sumpta,
3146 4208 3452 4284 [ξίν-(81101⁸,
3502 4229 3531 4259 »
3582 4208 3678 4284 iu-

2072 4282 2157 4337 uit
2195 4279 2573 4364 Gabrielius,
2618 4305 2675 4364 «_
2699 4279 3067 4364 metaphora.
3094 4298 3127 4335 a
3155 4279 3324 4364 bello
3366 4298 3380 4349 ;
3429 4280 3675 4353 ἀντεπεξ-

2061 4372 2178 4428 γειν
2204 4352 2365 4428 enim
2388 4353 2613 4428 proprie
2644 4354 2713 4408 de
2745 4351 2927 4428 copiis
2957 4352 3069 4407 dici
3102 4351 3364 4428 videtur.
3400 4373 3430 4428 υ

2097 4424 2211 4495 (89)
2238 4419 2510 4498 Εἱσάγεινῖ
2559 4425 2651 4480 Sic
2706 4419 2966 4497 plerique
3014 4424 3183 4479 codd.
3230 4424 3378 4479 Male
3408 4427 3539 4482 Par.
3570 4419 3680 4476 εἱσ-

2025 4513 2267 4549 αγαγειν.
3651 4539 3658 4545 .

2060 4513 2607 4641 γῗέὄ)ιν[λεφεύγαμεν.
2636 4566 2704 4641 _In
2738 4566 2941 4641 paucis
2970 4565 3290 4641 codicibus,
3326 4581 3474 4641 quos
3513 4539 3678 4641 inter

2023 4632 2200 4713 Pltss;
2223 4632 2533 4713 sequitur:
2573 4632 2843 4713 wits-11¢
2891 4640 3039 4713 τρεῖς
3086 4632 3359 4713 ἑκφιύλουξ
3383 4635 3473 4691 καὶ
3497 4632 3675 4713 alio.

2020 4707 2172 4791 cpias
2230 4704 2596 4791 διαιρεθέντα-ὐ
2622 4708 2881 4791 ἀτάκτους
2928 4704 3043 4791 ’καί
3098 4704 3369 4791 ᾇνᾶρχους
3397 4705 3514 4791 ¹καὶ
3562 4706 3678 4791 οἷον

2023 4777 2191 4833 εἰπεῖν
2225 4777 2520 4840 ἀντιθέους.
2557 4779 2765 4835 Verum
2798 4781 2917 4835 haec
2952 4777 3417 4851 adjectitia'sunt
3465 4796 3571 4835 nec
3614 4779 3676 4835 in

2022 4851 2282 4906 melioris
2315 4856 2459 4921 nota;
2493 4852 2794 4906 codicibus
2824 4852 3127 4921 leguntur.

2231 4922 2318 4997 ’ῼς
2364 4919 2453 4975 καὶ
2498 4922 2567 4997 τὸ-
2608 4920 2747 4997 εἶναι
2796 4919 3432 4997 [Ιατέραλπεριαιρεῖνηα
3473 4919 3675 4997 Utve]:

2017 4989 2104 5048 eo'
2125 4989 2187 5048 id
2214 4993 2389 5048 etiam
2417 4995 2571 5064 quod
2608 4994 2769 5047 Pater
2799 4994 2895 5058 sit,
2928 4989 3211 5049 auferant.
3236 4989 3409 5058 'Quod
3445 4990 3527 5064 ait
3553 4989 3678 5045 ltil-

2016 5063 2132 5119 lius
2166 5082 2178 5120 :
2210 5087 2236 5113 «
2274 5061 2458 5119 Patris
2492 5081 2701 5119 nomen
2737 5066 2847 5135 ipsi
2884 5066 3166 5129 adimant,
3199 5087 3225 5114 ››
3258 5080 3374 5119 non
3406 5061 3563 5135 satis,
3586 5065 3678 5118 est

2018 5141 2218 5207 contra
2239 5136 2585 5202 Sabellium,
2602 5136 2702 5207 qui
2726 5132 2915 5192 Patris
2938 5153 3145 5192 nomen
3168 5154 3281 5190 non
3309 5132 3671 5190 detrahebat.

2016 5206 2159 5263 Oliv.
2197 5230 2217 5257 ι
2255 5212 2319 5262 ut
2350 5208 2398 5263 ei
2432 5224 2556 5263 esse
2586 5206 2838 5275 Patrem,
2872 5229 2901 5256 »
2933 5213 3039 5262 etc.

2089 5278 2201 5349 (92)
2232 5276 2302 5331 Τὸ
2335 5276 2463 5331 εἶναι
2501 5278 2624 5349 Υἱῷ.
2659 5302 2686 5329 ‹‹
2723 5280 2882 5347 Quod
2916 5278 2990 5334 sit
3030 5276 3235 5343 Filius,
3264 5292 3393 5333 esse
3436 5277 3668 5345 Filium,

2014 5355 2409 5405 conservetur.
2446 5372 2473 5399 n

2086 5421 2198 5492 (93)
2228 5420 2352 5489 E'tn.
2390 5421 2563 5475 Addit
2593 5420 2770 5492 Goisl.
2814 5422 2863 5487 1,
2897 5419 3031 5480 υἱός.

2084 5485 2204 5566 (94)
2237 5485 2457 5566 Μικρῷς
2485 5512 2544 5544 τε
2570 5485 2921 5566 καίηῌαὺοηι
2954 5490 3229 5566 permulti
3262 5485 3669 5563 Regg.,Colb.,

2012 5562 2192 5636 Or._I,
2224 5562 2366 5636 Jes.',
2400 5565 2585 5636 Pa_s_s.,
2621 5563 2743 5636 Bill.
2774 5568 2990 5636 Apgxpfu;
3023 5563 3113 5615 ἅτε
3142 5562 3252 5616 καί.

2080 5634 2197 5705 (95)
2225 5634 2314 5694 Ὠς
2354 5631 2577 5709 προόδῳ
2609 5634 2697 5688 καὶ
2733 5631 2797 5709 οὗ
2827 5631 3097 5709 διαλύτγῳη
3134 5658 3159 5683 ‹‹
3208 5633 3597 5709 Processione,
3633 5651 3662 5709 ξ

2011 5704 2114 5777 seu
2148 5728 2175 5756 ‹‹
2210 5704 2601 5777 processionis
2634 5708 2903 5763 termino.
2940 5728 2967 5756 ››
3000 5707 3142 5762 Gab.
3184 5728 3209 5759 α
3248 5710 3311 5764 ut
3344 5706 3404 5761 in
3444 5722 3531 5774 eo,
3566 5704 3665 5777 qui

2010 5775 2504 5837 indissolubiliter
2532 5779 2811 5851 procedit,
2846 5778 3087 5853 Spiritu.
3123 5803 3145 5831 ι
