4152 6286
397 395 511 455 “7

1633 402 1696 463 S.
1750 401 2123 464 GREGORII
2167 400 2561 464 THEOLOGI

3682 406 3801 467 ΗΒ

468 526 699 584 XXXIX.
735 528 845 585 Sed
878 530 948 586 ad
980 529 1102 587 haec
1149 532 1546 605 intelligenda,
1578 537 1635 589 et
1690 532 1833 589 satis
1876 548 2039 587 com-

2226 537 2344 587 ΛΘ’.
2402 532 2556 586 Ταῦτ’
2614 528 2704 585 οὖν
2762 531 3095 609 μακροτέρου
3150 533 3241 605 μὶν
3292 533 3327 601 ἧ
3378 533 3514 588 κατὰ
3543 532 3632 589 τὸν
3664 547 3802 604 παρ’·

400 617 571 671 mode
593 633 658 671 ac
689 634 790 688 pro
817 620 1097 689 dignitate
1128 622 1757 693 declarandn,longinri
1783 621 2043 676 oratione

400 719 549 774 opus
580 704 771 775 fuerit,
808 724 979 777 quam
1014 726 1263 777 praesens
1300 712 1653 776 institutum,
1690 720 1859 781 atque
1900 710 2041 763 adeo

397 792 516 847 vita
551 794 665 848 haec
698 796 862 850 ferat.
897 798 1044 859 Quin
1076 798 1144 851 ad
1180 798 1233 853 id
1270 799 1483 870 potius,
1519 804 1574 853 et
1598 815 1767 864 nunc,
1803 802 1858 852 et
1889 814 2040 853 sem-

398 897 525 951 per,
557 899 704 953 opus
737 884 909 940 fuerit
937 887 1175 957 Spiritu,
1211 905 1312 958 per
1359 905 1527 958 quem
1561 888 1749 943 solum
1783 888 1957 954 Deus,
1988 889 2045 939 et

399 968 769 1043 intelligitur,
803 980 860 1029 et
915 976 1242 1046 exponitur,
1276 982 1334 1031 et
1392 978 1644 1031 auditur.
1688 976 1825 1029 Puri
1884 975 2040 1029 enim

402 1057 681 1115 duntaxat
714 1067 821 1131 est,
857 1064 911 1116 id
946 1064 1231 1136 attingere
1262 1067 1416 1135 quod
1450 1082 1659 1136 purum
1692 1070 1799 1128 est,
1834 1065 2045 1135 suique

396 1161 629 1219 semper
674 1150 885 1205 simile.
938 1156 1067 1207 Hac
1116 1157 1309 1208 autem
1364 1154 1578 1208 idcirco
1622 1154 1681 1207 in
1736 1152 2045 1221 praesentia

391 1236 597 1306 paucis
629 1232 1238 1306 cemmemoravimus,
1272 1246 1336 1296 ut
1366 1243 1520 1297 istud
1556 1242 1794 1313 planum
1827 1242 1944 1309 ﬁat,
1969 1241 2042 1307 ei,

386 1324 489 1394 qui
519 1326 589 1380 de
620 1327 800 1384 tantis
831 1330 1007 1385 rebus
1038 1330 1494 1401 disputationem
1532 1331 1760 1395 habeat,
1802 1344 2042 1400 praeser-

389 1416 493 1470 tim
529 1420 683 1489 apud
718 1420 1318 1492 multitudinem,qu€e
1345 1439 1408 1477 ex
1439 1422 1614 1477 variis
1637 1420 1904 1475 aetatibus
1926 1419 2045 1473 ani-

389 1505 588 1578 mique
625 1508 1030 1564 affectionibus
1065 1512 1312 1564 conﬂata
1348 1515 1454 1579 est,
1488 1528 1552 1565 ac
1585 1510 1793 1564 musici
1844 1509 2041 1578 cujus-

389 1595 523 1649 dam
560 1596 935 1652 instrumenti
969 1598 1171 1653 multis
1203 1599 1416 1654 ﬁdibus
1448 1598 1770 1654 constantis
1815 1599 1873 1650 in
1925 1613 2042 1651 mo-

388 1683 552 1749 dum,
576 1685 751 1740 variis
782 1686 1053 1757 pulsibus
1085 1705 1232 1759 opus
1263 1689 1458 1753 habet,
1484 1687 1720 1741 difﬁcile
1748 1685 2037 1757 ejusmodi

392 1773 715 1828 orationem
734 1775 1012 1841 invenire,
1033 1793 1157 1846 quae
1176 1793 1379 1832 omnes
1402 1776 1749 1831 concinnare
1772 1793 1836 1829 ac
1859 1774 2039 1829 scien-

388 1859 486 1915 tiae
513 1861 733 1915 lumine
755 1862 1094 1919 collustrare
1114 1866 1330 1935 possit:
1360 1882 1473 1920 non
1508 1865 1679 1919 modo
1711 1865 2049 1935 quod,cum

390 1948 449 2004 in
482 1949 672 2005 tribus
702 1950 794 2005 his
826 1952 996 2007 rebus
1029 1953 1353 2024 periculum
1387 1958 1666 2022 versetur,
1695 1953 1806 2006 hoc
1839 1956 1929 2005 est
1977 1951 2034 2005 in

391 2044 601 2103 mente,
638 2043 692 2093 et
724 2056 1012 2109 sermone,
1036 2047 1211 2112 atque
1243 2042 1536 2109 auditu,si
1572 2059 1681 2096 non
1715 2042 1783 2095 ad
1818 2041 2035 2109 omnia,

394 2126 465 2181 ad
498 2143 680 2181 unum
713 2132 866 2183 certe
910 2129 1143 2201 aliquod
1194 2131 1403 2186 borum
1456 2131 1743 2185 oﬁ'endere
1805 2145 2040 2184 necesse

392 2219 516 2283 est;
551 2221 651 2271 aut
698 2216 853 2271 enim
902 2235 1069 2274 mens
1119 2218 1358 2275 minime
1405 2218 1733 2273 illuminata
1779 2222 1886 2287 est,
1939 2221 2040 2273 aut

393 2319 585 2359 sermo
616 2303 896 2376 elanguit,
928 2312 1029 2361 aut
1056 2307 1307 2379 denique
1338 2308 1497 2363 auris
1528 2308 1687 2362 haud
1721 2308 1863 2362 satis
1905 2324 2040 2378 pur-

389 2397 525 2465 gata
554 2393 793 2449 minime
823 2397 1263 2467 exeepit:atque
1294 2414 1361 2452 ex
1388 2397 1597 2451 horum
1630 2414 1743 2451 uno
1776 2411 2041 2467 peraeque

394 2488 570 2553 atque
619 2498 687 2537 ex
735 2483 1007 2539 omnibus
1056 2486 1268 2540 veritas
1318 2485 1611 2541 claudicet
1658 2500 1894 2539 necesse
1926 2488 2036 2539 est.

2154 619 2278 673 όντα
2334 620 2518 692 καιρὸν
2551 663 2568 690 ,
2623 620 2777 690 οἶμαι
2834 616 2890 672 δὲ
2946 618 3034 673 καὶ
3099 619 3211 693 βίον
3248 666 3263 691 ,
3320 624 3417 675 τοῦ
3492 620 3660 696 λόγου
3712 623 3800 677 καὶ

2152 711 2335 775 νοῆσαι
2387 707 2474 761 καὶ
2527 715 2867 783 παραστῆσαι
2944 709 3138 769 ἱκανῶς
3196 730 3253 762 τε
3309 709 3397 762 καὶ
3459 710 3581 764 ὅσον
3629 708 3795 782 ἄξιον·

2156 794 2457 868 μᾶλλονδὲ
2504 794 2593 849 καί
2639 793 2725 849 νῦν
2776 795 2865 850 καὶ
2913 795 2993 850 ἀεὶ
3040 800 3136 850 τοῦ
3185 796 3515 870 Πνεύματος,
3547 799 3592 870 ᾦ
3646 799 3798 873 μόνῳ

2152 888 2281 946 Θεὸς
2329 886 2414 938 καὶ
2463 890 2663 939 νοεῖται
2714 884 2803 938 καὶ
2848 885 3195 959 ἑρμηνεύεται
3242 885 3332 940 καὶ
3381 886 3650 944 ἀκούεται.
3692 895 3796 943 Κα-

2153 978 2300 1047 θαρῷ
2328 974 2428 1048 γὰρ
2462 976 2571 1045 (96)
2613 973 2772 1046 μόνον
2826 973 3016 1027 ἁπτέον
3066 978 3162 1027 τοῦ
3211 980 3447 1049 καθαροῦ
3491 975 3578 1029 καὶ
3619 976 3796 1030 ὡσαύ-

2150 1082 2258 1122 τως
2291 1060 2536 1136 ἔχοντος·
2581 1062 2641 1115 οὗ
2676 1059 2720 1115 δ’
2771 1059 2941 1116 ε⁶ίνεκα
2968 1064 3077 1136 (97)
3109 1067 3198 1115 νῦν
3233 1061 3282 1116 ἐν
3329 1061 3504 1137 ὀλίγῳ
3537 1060 3795 1133 διεληλύ-

2151 1152 2341 1222 θαμεν,
2365 1147 2436 1203 ⁶ίν’
2469 1150 2640 1204 ἐκεῖνο
2690 1147 3052 1223 δηλώσωμεν,
3088 1149 3170 1205 ὅτι
3221 1149 3467 1226 χαλεπὸν
3515 1151 3563 1205 ἐν
3596 1152 3795 1222 πλήθει

2157 1239 2412 1312 μάλιστα,
2462 1238 2584 1312 περί
2635 1238 2974 1308 τηλικούτων
3028 1237 3435 1316 διαλεγόμενον,
3490 1241 3549 1295 ἐκ
3596 1262 3793 1296 παντοο

2154 1326 2326 1396 δαπῆς
2378 1329 2710 1403 συγκειμένῳ
2768 1328 2857 1383 καὶ
2904 1327 3125 1398 ἡλικίας
3175 1329 3263 1383 καὶ
3307 1326 3487 1399 ἕξεως,
3540 1332 3653 1384 οἷον
3705 1329 3797 1406 ὀρ-

2151 1418 2296 1492 γάνῳ
2344 1416 2447 1469 τινὶ
2507 1414 2849 1492 πολυχόρδῳ
2920 1414 3190 1495 διαφόρων
3248 1415 3490 1491 δεομένῳ
3546 1420 3636 1473 καὶ
3691 1423 3799 1474 τῶν

2151 1507 2471 1581 κρουμάτων
2526 1508 2659 1578 (98),
2712 1507 2882 1579 εὑρεῖν
2933 1527 3051 1560 τινα
3097 1508 3187 1561 τὸν
3238 1510 3440 1570 πάντας
3488 1508 3799 1582 καταρτίσαι

2152 1591 2443 1665 δυνάμενον
2498 1592 2685 1667 λόγον,
2734 1594 2823 1647 καὶ
2876 1593 3189 1671 λαμπρῦναι
3236 1597 3463 1667 (99)τῴ
3511 1596 3648 1673 φωτὶ
3697 1603 3799 1665 τῆς

2148 1684 2427 1757 γνώσεως·
2456 1681 2516 1735 ού
2570 1683 2731 1755 μόνον
2786 1683 2867 1737 ὅτι
2902 1682 2953 1738 ἐν
2986 1684 3127 1758 τρισὶ
3157 1683 3373 1745 τούτοις
3419 1689 3515 1738 τοῦ
3552 1682 3796 1740 κινδύνου

2149 1770 2491 1840 σαλεύοντος,
2526 1768 2732 1841 διανοίᾳ
2753 1775 2831 1842 (1)
2860 1772 2947 1825 καὶ
3000 1770 3149 1847 λόγῳ
3178 1772 3265 1825 καὶ
3298 1772 3455 1845 ἀκοῇ,
3510 1773 3796 1847 ἀναγκαῖον

2146 1860 2268 1935 περὶ
2301 1857 2353 1914 ἓν
2387 1859 2450 1933 γὲ
2478 1880 2527 1912 τι
2580 1860 2811 1931 τούτων,
2845 1861 2889 1914 εἰ
2920 1861 3009 1915 καὶ
3046 1863 3119 1934 μὴ
3154 1862 3326 1914 πάντα
3357 1863 3454 1934 (2),
3488 1867 3794 1936 προσπταῖ-

2146 1969 2253 2003 σαι·
2289 1950 2323 2017 ﬁ
2357 1949 2459 2023 γὰρ
2494 1948 2592 2002 οὐκ
2640 1947 2953 2026 ἐνελάμφθη
2988 1952 3063 2023 (3)
3095 1954 3240 2020 νοῦς,
3274 1950 3307 2017 ἢ
3363 1949 3527 2024 λόγος
3558 1952 3795 2021 ἠσθενη-

2149 2059 2257 2103 σεν,
2314 2038 2347 2105 ἣ
2404 2036 2501 2092 οὐκ
2559 2036 2839 2112 ἐχώρησεν
2898 2037 3034 2105 ἀκοὴ
3099 2038 3172 2110 μὴ
3232 2038 3644 2112 κεκαθαρμένηθ
3704 2039 3792 2094 καὶ

2150 2124 2356 2197 ὁμοίως
2415 2128 2492 2199 (4)
2552 2124 2602 2195 ἐξ
2663 2125 2779 2185 ἑνὸς
2833 2125 3039 2180 τούτων
3099 2126 3189 2180 καὶ
3252 2128 3465 2180 πάντων
3524 2126 3789 2202 χωλεύειν

2149 2213 2351 2289 ἀνάγκη
2382 2215 2481 2281 τήν
2516 2212 2795 2284 ἀλήθειαν⁸
2830 2213 2956 2269 ἀλλ’
3004 2213 3085 2268 ὅτι
3126 2215 3215 2269 καὶ
3246 2216 3275 2269 ’ὀ
3308 2218 3377 2288 (5)
3409 2221 3526 2277 τοῖς
3570 2214 3709 2271 ἄλλο
3739 2238 3791 2272 τι

2150 2301 2416 2357 διδάσκειν
2454 2302 2911 2379 ὑπισχνουμένοις
2960 2303 3149 2378 ῥᾷστον
3202 2309 3349 2358 ποιεῖ
3391 2305 3481 2359 τὸν
3515 2303 3675 2380 λόγον
3704 2305 3793 2359 καὶ

2149 2389 2564 2467 εὐπαράδεκτον,
2596 2395 2630 2460 ἡ
2679 2396 2786 2446 τῶν
2835 2391 3138 2446 ἀκουόντων
3189 2388 3444 2447 εὐλάϐεια
3487 2396 3586 2465 (6),
3633 2398 3794 2449 τοῦτο

2149 2480 2373 2535 ἐνταῦθα
2403 2483 2437 2549 ἡ
2475 2481 2647 2553 ζημία
2670 2480 2980 2535 καθίσταται
3010 2480 3100 2535 καί
3131 2483 3157 2536 ὁ
3188 2480 3434 2544 κίνδυνος

390 2568 609 2625 Verum
641 2571 814 2625 etiam
856 2572 995 2642 quia
1042 2573 1100 2626 id
1151 2574 1301 2644 quod
1336 2574 1449 2637 his,
1484 2574 1584 2644 qui
1624 2573 1780 2628 aliud
1813 2573 2111 2644 quoddam
2143 2572 2415 2626 doctrinae
2462 2588 2646 2643 genus
2680 2572 3044 2642 proﬁtentur,
3077 2572 3305 2628 facilem
3334 2576 3389 2627 et
3420 2572 3793 2644 plausibilem

394 2674 723 2714 sermonem
755 2661 964 2725 reddit,
996 2661 1103 2716 hoc
1136 2668 1223 2717 est
1254 2663 1586 2717 auditorum
1622 2662 1843 2733 religio,
1877 2663 1936 2716 in
1967 2660 2385 2717 detrimentum
2417 2665 2473 2714 et
2502 2660 2826 2730 periculum
2860 2660 2953 2714 hic
2982 2661 3159 2717 cedit.

462 2746 568 2803 XL.
602 2746 675 2802 Ut
719 2749 875 2801 enim
926 2750 997 2803 de
1049 2751 1179 2819 Deo,
1218 2767 1284 2805 ac
1332 2768 1391 2805 re
1441 2751 1706 2805 omnium
1758 2750 2033 2816 maxima,

2215 2748 2299 2802 M‘.
2333 2747 2419 2806 Ὣς
2468 2748 2567 2820 γάρ
2619 2745 2739 2819 περὶ
2792 2750 2924 2799 Θεοῦ
2973 2746 3062 2799 καὶ
3106 2750 3202 2800 τοῦ
3257 2746 3510 2820 μεγίστου
3559 2751 3667 2801 τῶν
3701 2742 3791 2800 ὅν-

393 2837 569 2905 atque
598 2836 727 2906 ipsa
756 2836 962 2902 salute,
988 2842 1043 2892 et
1071 2838 1257 2909 prima
1290 2839 1563 2893 omnibus
1593 2856 1715 2910 spe,
1740 2844 2033 2894 certamen

2155 2856 2248 2889 των
2306 2832 2525 2910 ἔχοντες
2582 2835 2671 2889 τὸν
2724 2834 2926 2909 ἀγῶνα,
2980 2836 3067 2888 καὶ
3126 2841 3225 2903 τῆς
3278 2834 3548 2910 σωτηρίας
3601 2833 3790 2904 αὐτῆς,

391 2923 696 2989 habentes,
721 2941 836 2995 quo
869 2926 1173 3000 fervidiore
1206 2928 1317 2982 ﬁde
1348 2929 1573 2998 praediti
1603 2933 1840 2993 sunt,co
1862 2929 2036 2982 etiam

392 3013 587 3069 acrius
616 3013 861 3069 orationi
911 3016 1309 3081 adversantur,
1347 3033 1412 3071 ac
1454 3017 1715 3071 veritatis
1757 3017 2035 3087 proditio-

389 3117 545 3171 nem,
579 3118 694 3157 non
725 3106 919 3157 autem
954 3102 1254 3174 pietatem,
1287 3105 1673 3160 obedientiam
1708 3122 1835 3160 esse
1859 3106 2038 3160 inter-

387 3194 707 3261 pretantes,
727 3192 890 3261 prius
918 3192 1116 3246 omnia
1137 3193 1506 3262 projecerint,
1532 3210 1708 3264 quam
1734 3193 2038 3265 opiniones

388 3293 488 3332 eas
519 3294 662 3346 quas
692 3280 864 3333 domo
896 3296 1093 3333 secum
1118 3280 1395 3351 afferunt,
1430 3288 1485 3336 et
1510 3283 1871 3353 dogmatum,
1906 3281 2036 3352 qui-

2145 2923 2235 2977 καὶ
2276 2931 2375 2993 τῆς
2426 2924 2649 2998 πρώτης
2694 2929 2852 2977 πᾶσιν
2905 2920 3125 2985 ἐλπίδος
3160 2926 3254 2996 (8),
3311 2921 3422 2995 δσῳ
3467 2924 3565 2991 τὴν
3615 2925 3791 2979 πίστιν

2149 3012 2248 3067 εἰσὶ
2301 3013 2645 3087 θερμότεροι,
2702 3012 2944 3084 τοσούτῳ
2996 3011 3439 3088 προσαντέστεροι
3488 3018 3566 3084 τῷ
3616 3011 3793 3088 λόγῳ,

2147 3101 2234 3156 καὶ
2268 3098 2563 3176 προδοσίαν
2606 3108 2706 3169 τῆς
2758 3099 3039 3171 ἀληθείας,
3097 3100 3193 3154 οὐκ
3242 3096 3509 3155 εὐσέϐειαν
3557 3103 3658 3170 τὴν
3714 3101 3797 3156 εὖ·

2147 3193 2382 3252 πείθειαν
2460 3185 2957 3261 ὑπολαμϐάνοντες,
3038 3189 3211 3243 πάντα
3287 3189 3529 3264 πρόοιντ’
3586 3191 3661 3263 (9)
3736 3188 3796 3243 ἃν

2148 3278 2409 3349 πρότερον
2459 3279 2493 3345 ἢ
2538 3277 2665 3337 τοὺς
2700 3274 2907 3340 οἷόιοθεν
2943 3276 3263 3349 λογισμοὺς,
3294 3279 3430 3349 (10),
3470 3278 3585 3348 μεθ’
3616 3275 3688 3330 ὧν
3716 3276 3799 3352 ἔρ-

392 3367 506 3422 bus
536 3366 805 3421 innutriti
839 3370 1498 3435 sunt,consuetudinem
1524 3388 1537 3425 :
1572 3375 1745 3441 atque
1772 3371 1868 3425 hic
1899 3371 2033 3425 affe-

2155 3388 2356 3443 χονται,
2395 3364 2483 3420 καί
2533 3370 2639 3419 τῶν
2694 3363 2983 3438 δογμάτων
3035 3367 3117 3424 οἷς
3152 3365 3648 3440 συνανεστράφησαν
3685 3367 3797 3437 (11)

396 3458 547 3520 ctus,
580 3454 651 3509 de
680 3470 797 3525 quo
830 3455 1022 3511 adhuc
1047 3458 1147 3513 32
1178 3456 1402 3528 loquor,
1436 3458 1890 3514 moderatiorum
1939 3458 2039 3512 bo-

400 3543 627 3599 minum
677 3548 785 3611 est,
818 3560 923 3600 nec
967 3562 1207 3616 prorsus
1256 3547 1565 3617 malorum,
1601 3548 1698 3619 qui
1746 3547 1975 3603 etiamsi
2006 3564 2038 3600 a

472 3650 581 3733 (90)
614 3648 846 3733 Καραρῷ
900 3649 1021 3733 γάρ,
1074 3656 1181 3707 etc.
1216 3653 1415 3733 Comb.
1468 3653 1550 3707 sic
1580 3654 1763 3733 .vertit
1796 3671 1807 3708 :
1849 3677 1869 3703 «ι
1906 3654 2037 3733 Puri

395 3724 549 3796 enim
583 3727 672 3775 est
702 3724 986 3796 duntaxat
1016 3740 1149 3777 eum
1183 3724 1463 3792 attingere
1493 3725 1595 3796 qui
1628 3743 1812 3796 purus
1844 3732 1950 3794 est,
1986 3731 2041 3781 et

396 3794 598 3866 eodem
635 3809 695 3866 se
724 3794 895 3866 modo
930 3795 1123 3863 habet,
1161 3819 1186 3845 ››
1221 3790 1611 3866 ηηηιροῇθέὅς.

491 3865 580 3921 97)
612 3864 688 3919 Οὔ
720 3860 765 3917 δ’
797 3861 990 3921 ε’ίνεκα.
1028 3860 1174 3920 Εάίι.
1220 3866 1279 3918 οὗ
1314 3860 1377 3918 δῖ
1401 3862 1593 3920 ε’ίνεκα.

491 3867 560 3917 97
612 3867 688 3919 Οὔ
720 3867 765 3917 δ’
797 3867 990 3921 ε’ίνεκα.
1028 3867 1174 3920 Edit.
1220 3867 1279 3918 οὗ
1314 3867 1369 3918 δὶ
1401 3867 1593 3920 ε’ίνεκα.

466 3867 580 4009 (98)
610 3936 969 4009 Κρουμάτων.
1005 3943 1086 3991 Ita
1118 3955 1322 3993 novem
1356 3939 1559 4009 Regg.,
1594 3955 1693 3993 sex
1724 3938 1907 4007 Golb.,
1943 3939 2039 3993 Or.

397 4006 450 4074 1,
477 4006 734 4083 Bassfet
759 4011 957 4083 Gomb.
991 4010 1094 4083 Ed.
1131 4009 1369 4083 habent,
1400 4006 1779 4083 κρουσμάτων.

615 4082 955 4151 Λαμπρῦναι.
991 4080 1130 4151 Reg.
1182 4081 1282 4151 hu,
1320 4077 1461 4147 Jesi,
1513 4077 1673 4137 Gclb.
1720 4082 1772 4150 3,
1809 4081 1859 4148 1,
1894 4077 2041 4151 λαμ-

398 4166 616 4203 πουναι.

445 4164 817 4295 ρῖίνῗέίιανοίᾳ.
848 4222 1129 4295 «υΜιξΠὶΘ,
1167 4243 1194 4295 ξ)
1226 4222 1448 4295 malim,
1495 4245 1524 4273 «
1572 4222 1978 4295 intelligentia.
2015 4244 2042 4271 ››

474 4291 551 4367 (ξ)
581 4291 781 4367 Πάντα.
817 4292 971 4367 Cglb.
996 4293 1059 4367 ll,
1091 4292 1225 4367 πρὸς
1255 4291 1445 4367 πάντας

473 4358 548 4433 (3)
581 4358 1144 4441 ξΕνελάμφθη.--Ηοε.’
1186 4366 1286 4429 bu,
1336 4362 1707 4441 ἐνελλάμφθη.
1762 4365 1853 4420 Sic
1902 4364 2043 4419 scri-

399 4437 599 4505 pserat
630 4433 838 4505 Billius'
864 4434 921 4489 in
956 4433 1122 4490 Herv.

472 4506 548 4575 (4)
579 4503 833 4575 Ὁμοίως.
868 4506 1061 4561 Monet
1088 4507 1412 4564 Gabrielius
1455 4508 1563 4563 hac
1607 4524 1761 4576 voce,
1792 4528 1812 4557 α
1848 4523 2043 4577 aequa—

400 4576 622 4651 litatem
658 4594 1078 4651 usquequaque
1122 4597 1237 4634 non
1276 4579 1630 4651 signiﬁcari;
1666 4576 2044 4651 quemadmo-

405 4648 547 4703 dum
579 4665 684 4721 nec
705 4648 943 4721 inerat.
965 4651 1033 4704 de
1065 4667 1262 4721 amore
1293 4648 1428 4721 erga
1458 4648 1744 4720 pauperes
1776 4666 1830 4703 »ε
1853 4648 2050 4708 Πάντες

400 4718 619 4793 πτωχοὶ
652 4718 859 4792 ὁμοίως
893 4717 1262 4778 ἐλεεινοί.ΑΙὶἰ
1294 4707 1605 4793 ειῖἱίηόίὶἱὲ
1638 4725 1777 4793 sunt
1808 4707 2047 4793 miseraé
2079 4707 2124 4771 D

401 4791 658 4861 biliores,
692 4792 791 4848 sed
824 4809 1023 4847 eorum
1058 4793 1253 4847 nullus
1285 4798 1391 4862 est,
1426 4792 1525 4864 qui
1555 4809 1681 4864 non
1709 4792 1905 4861 aliqua
1938 4791 2042 4846 mi-

401 4864 716 4935 sericordia
748 4864 961 4935 dignus
993 4864 1089 4917 sit.
1128 4865 1285 4918 Licet
1314 4863 1459 4932 ergo
1476 4864 1608 4934 plus
1639 4863 1923 4917 claudicet
1954 4880 2041 4918 ve-

403 4934 567 5000 ritas,
599 4934 647 4989 si
679 4936 737 4989 in
770 4934 999 4990 duobus
1030 4936 1333 4989 autetiam
1367 4937 1415 4990 si
1450 4935 1505 4987 in
1538 4935 1729 4989 tribus
1762 4935 2039 5002 offendas,

446 5023 580 5060 nam
604 5007 649 5059 si
670 5007 725 5061 in
759 5021 1085 5076 unozaeque
1106 5011 1299 5060 tamen
1325 5008 1395 5060 ad
1420 5006 1787 5061 efﬁciendum
1815 5006 2047 5059 utclau-

401 5022 573 5130 gicet.
609 5079 869 5130 satisque
899 5083 1006 5130 est.
1041 5076 1088 5130 si
1120 5076 1206 5130 vel
1250 5077 1349 5130 uni
1396 5082 1626 5130 tantum
1658 5094 1687 5130 e
1718 5078 1904 5130 tribus
1933 5076 2042 5130 im-

442 5075 573 5158 icet,
609 5079 869 5149 satisque
899 5075 1006 5144 est,
1041 5076 1088 5131 si
1120 5076 1206 5132 vel
1250 5077 1349 5131 uni
1396 5082 1626 5133 tantum
1658 5094 1687 5131 θ
1718 5078 1904 5132 tribus
1933 5076 2042 5132 im-

446 5164 634 5202 ωερε.

404 5163 634 5274 pingas.

472 5219 488 5274 (
536 5221 549 5274 ἃ
581 5218 705 5273 Ὅτι
735 5218 821 5271 καὶ
855 5216 903 5272 ὅ.
941 5219 1108 5273 Deest
1135 5214 1164 5269 ὅ
1196 5218 1255 5272 in
1287 5220 1461 5273 duob.
1495 5218 1651 5272 Colb.

493 5219 544 5274 5‘
581 5219 705 5273 ’Ότι
735 5219 821 5271 καὶ
855 5219 903 5272 ὅ.
941 5219 1108 5273 Deest
1135 5219 1163 5269 ὅ
1196 5219 1255 5272 in
1287 5220 1461 5273 duob.
1495 5219 1651 5272 Colb.

472 5219 638 5361 (6)11
681 5292 784 5342 τῶν
849 5287 1154 5342 ἀκουόντων
1207 5283 1478 5342 εὐλάϐεια.
1530 5290 1715 5344 Pietas
1773 5288 2047 5360 religiosa

402 5360 1205 5432 demissos,obsequentes,et
1222 5362 1366 5415 citra
1396 5360 1790 5416 curiositatem
1811 5361 2046 5416 audien-

401 5432 787 5487 tesvbomines
829 5433 1037 5500 reddit,
1066 5448 1199 5487 cum
1250 5433 1319 5487 de
1370 5433 1652 5501 moribus,
1686 5435 1755 5488 de
1800 5434 2043 5503 judicio,

407 5504 745 5569 caeterisrgue
794 5504 1129 5571 bujusmodi
1185 5520 1374 5558 sermo
1418 5510 1544 5569 est;
1582 5522 1777 5560 verum
1842 5507 2043 5561 eadem

448 5572 591 5626 ietas
625 5590 720 5626 rus
755 5576 928 5647 efﬁcit
978 5575 1355 5645 suspiciosos,
1390 5575 1670 5645 curiosos,
1704 5583 1924 5647 cautos,
1958 5594 2043 5633 re-

432 5644 779 5715 uetantt::=.si
817 5645 947 5715 quis
981 5647 1049 5700 de
1084 5647 1256 5701 rebus
1290 5644 1418 5701 ﬁdei
1454 5644 1772 5715 disputetu
1799 5644 1919 5703 Hoc
1946 5667 2044 5703 au-

405 5719 525 5771 tem
554 5730 623 5789 ea
652 5714 871 5789 ratione
892 5717 987 5789 ﬁt,
1009 5740 1027 5764 ιι
1056 5718 1245 5789 inquit
1276 5717 1449 5787 Elias,
1474 5714 1573 5789 qui
1606 5719 1726 5774 haec
1756 5721 2044 5788 observat,

408 5806 438 5838 ι
470 5785 626 5859 quod
658 5784 777 5842 illic
807 5786 1043 5859 quidem
1073 5784 1375 5846 ex‘morali
1402 5784 1713 5863 disciplina
1732 5784 2044 5849 utilitatem

2144 3458 2242 3523 τὴν
2276 3456 2573 3523 συνήθειαψ
2608 3452 2699 3507 καὶ
2728 3457 2887 3506 τοῦτο
2923 3450 2999 3505 ἔτι
3033 3451 3178 3526 λέγω
3210 3455 3323 3524 (12)
3353 3458 3458 3505 τῶν
3506 3453 3797 3525 μετριωτέ-

2148 3565 2253 3621 ρων
2287 3543 2376 3597 καὶ
2408 3542 2467 3596 οὐ
2498 3542 2671 3611 πάντη
2703 3545 2878 3595 κακῶν
2910 3541 2973 3595 τὸ
3002 3542 3189 3609 πάθος,
3225 3540 3276 3594 οἳ
3299 3540 3394 3595 κᾶν
3418 3547 3517 3610 τῆς
3539 3539 3798 3611 ἀληθείας

2148 3651 2303 3707 omni
2334 3649 2587 3722 periculo
2618 3666 2860 3722 vacuam
2893 3649 2963 3703 ad
2997 3666 3057 3704 se
3101 3665 3338 3722 manare
3384 3650 3794 3721 conspiciunt;

2148 3723 2279 3778 istic
2311 3740 2462 3791 vero,
2495 3722 2565 3775 de
2605 3738 2705 3791 spe
2756 3721 2999 3791 ipsaque
3049 3721 3237 3775 salute
3284 3726 3592 3793 certantes,
3626 3738 3793 3777 suam

2149 3796 2409 3865 ipsorum
2438 3792 2993 3865 obedientiam,ﬁdei
3014 3793 3400 3865 proditionem
3424 3794 3792 3861 existimant;

2151 3864 2305 3921 unde
2337 3867 2399 3917 ﬁt
2432 3870 2495 3918 ut
2524 3865 2697 3918 citius
2744 3864 2975 3935 quidvis
3028 3864 3384 3932 prodiderint
3431 3869 3797 3936 contempse-

2150 3938 2403 4007 rintque;
2437 3951 2609 4004 quam
2659 3952 2757 3989 eas
2806 3936 3149 3999 sententias,
3178 3952 3323 4007 quas
3372 3935 3544 3991 domo
3596 3935 3794 4007 secum

2152 4006 2423 4074 afferunt,
2457 4023 2523 4061 ac
2555 4008 2896 4077 dogmatum
2939 4023 3163 4070 eorum,
3198 4006 3253 4061 in
3303 4007 3517 4077 quibus
3564 4006 3793 4062 educati

2152 4084 2312 4146 sunt,
2364 4077 2871 4132 consuetudinem.
2908 4099 2933 4125 ››
2978 4079 3038 4131 In
3074 4077 3177 4149 bis
3214 4077 3365 4145 Elite,
3399 4092 3571 4149 atque
3618 4079 3794 4132 etiam

2153 4150 2410 4221 Gregorii
2437 4149 2648 4221 verbis,
2664 4150 2889 4203 traditae
2902 4147 3090 4221 semel
3108 4150 3327 4221 sanctis
3351 4147 3796 4221 ﬁdei‘mutandaa

2151 4220 2619 4294 impossibilitas,
2654 4225 2718 4274 ut
2746 4220 2827 4294 ita
2856 4220 3070 4294 dicam,
3093 4220 3438 4275 mirabiliter
3469 4220 3688 4294 elucet»;
3715 4224 3796 4274 at-

2154 4290 2265 4365 que
2295 4294 2468 4347 etiam
2505 4293 2576 4346 ab
2606 4291 3151 4365 erroribus,qui_bu_s
3172 4308 3338 4365 mens
3363 4290 3541 4347 semel
3570 4290 3797 4347 imbuta

2154 4362 2261 4431 est,
2295 4364 2628 4434 emergendi
2660 4367 2877 4434 quanta
2906 4362 2983 4416 sit
3011 4362 3348 4418 difﬁcultas.

2227 4436 2302 4506 (7)
2333 4435 2387 4487 Ὁ
2418 4431 2693 4493 κίνδυνοςῖ
2716 4438 2884 4506 Deest
2912 4434 3119 4506 in_Jes.

2226 4501 2564 4577 (8)”[Ipa'imq
2622 4509 2780 4559 πᾶσιν
2845 4501 3104 4577 ἐλπίδοςη
3145 4503 3591 4577 Οοίεὶζπρώτης
3658 4501 3796 4557 πάν-

2153 4597 2260 4631 των
2287 4574 2537 4637 ἐλπίδος.
2580 4598 2605 4628 α
2637 4577 2830 4631 Prima
2862 4592 3064 4647 spes,»
3092 4575 3283 4647 inquit
3312 4574 3634 4641 Elias,«est
3663 4592 3795 4647 spes

2158 4649 2215 4703 in
2249 4650 2465 4716 Deum;
2502 4649 2777 4714 secunda,
2827 4646 2916 4703 est
2964 4646 3189 4703 salutis
3217 4648 3651 4718 exspectatio.:«
3684 4646 3794 4701 Sed

2157 4722 2372 4775 rectius
2401 4720 2574 4775 Gabr.
2610 4720 2710 4789 qui
2744 4720 2814 4774 ad
2844 4720 2963 4773 haec
3013 4719 3213 4773 eadem
3264 4717 3438 4773 verba
3484 4717 3575 4789 ait
3653 4718 3797 4789 {Ita

2153 4791 2445 4861 appellare
2474 4787 2773 4846 consuevit
2805 4790 3133 4861 Thcologus
3165 4789 3448 4861 excelsam
3479 4787 3640 4840 illam
3665 4787 3792 4841 Tri-

2153 4860 2417 4929 nitatem,
2464 4864 2709 4927 Patrem,
2744 4862 2951 4915 Filium
3003 4867 3059 4915 et
3107 4860 3386 4932 Spiritum
3437 4861 3733 4932 sanctum.
3766 4880 3793 4908 »

2152 4935 2223 4989 Et
2251 4939 2339 4989 est
2363 4951 2492 4989 vere
2522 4934 2616 4988 hic
2648 4933 2906 5003 Gregorii
2938 4930 3167 4998 sensus,
3200 4936 3265 4984 ut
3292 4931 3425 5003 ipse
3446 4930 3682 5003 exponit
3704 4946 3793 5003 or.

2152 5022 2325 5071 xxxn,
2361 5006 2434 5060 al.
2469 5012 2615 5072 xxvi,
2648 5006 2741 5075 De;
2763 5001 3146 5075 moderatione
3193 5001 3461 5075 servanda
3495 5020 3511 5055 :
3540 5002 3610 5053 Τὸ
3654 5001 3799 5075 μέγι-

2153 5096 2297 5145 στον,
2330 5078 2363 5144 ἡ
2398 5072 2757 5150 [ἰατρὸς-καί.
2809 5074 2954 5144 ὶ“ἱοῦ,
2987 5071 3075 5150 καὶ
3122 5071 3274 5150 ἁγίου
3295 5071 3633 5150 ῌΠνεύμαίτος
3657 5071 3661 5072 ν
3683 5071 3797 5150 tri):

2152 5140 2367 5222 γνῶσις,
2402 5147 2490 5222 καὶ
2514 5140 2791 5219 ’ὁμολογία
2820 5140 3360 5222 τῇς-πρώτηςᾷᾗιμῶν
3395 5140 3640 5222 ἐλπίδος.
3681 5167 3702 5195 ι
3740 5145 3797 5200 Id

2155 5216 2307 5291 quod
2345 5216 2663 5275 maximum
2696 5216 2811 5291 est,
2836 5216 3046 5283 Patris,
3061 5221 3116 5291 et
3148 5216 3369 5286 Filii,et
3396 5217 3648 5291 Spiritus
3673 5234 3802 5273 san-

2154 5288 2231 5347 cti
2262 5293 2534 5363 cognitio,
2567 5289 2971 5363 confessioque
3001 5288 3202 5359 prima
3235 5288 3455 5345 nostrae
3477 5289 3629 5346 ﬁdei.
3650 5310 3692 5350 ρ)

2227 5364 2303 5434 (9)
2334 5359 2580 5433 ῙΙρόοιντ’
2613 5362 2749 5433 Reg.
2785 5379 2833 5425 z,
2866 5359 3139 5434 πρόειντο.

2369 5428 2856 5507 ’ΈρχονταιξΡιθςζ
2895 5428 2944 5501 1,
2978 5428 3267 5507 ἔρχωνται.

2252 5451 2316 5487 1U
2370 5451 2683 5507 "hpxovtat.
2722 5451 2856 5504 τῖες.
2895 5451 2944 5501 1,
2978 5451 3267 5559 ερῖχωνται.

2248 5451 2336 5579 ll)
2395 5503 2927 5579 Συνανεστράφησαν.
3060 5521 3146 5576 eg.
3219 5502 3260 5571 l,
3325 5504 3533 5579 _Con_1b.
3620 5518 3801 5554 συναν-

2155 5574 2477 5651 ετράφησαν,
2510 5592 2635 5651 quea
2665 5574 2861 5651 forsan
2880 5579 2987 5651 _est
3016 5574 3297 5651 germana
3325 5574 3515 5651 lectio.

2225 5597 2477 5701 κιὲησαν,
2510 5597 2635 5647 quas
2668 5597 2861 5632 Iorsan
2898 5597 2987 5631 esu
3016 5597 3297 5647 germana
3326 5597 3515 5630 iecuo.

2225 5647 2273 5719 (1
2322 5647 2465 5719 )Καὶ
2498 5650 2655 5701 τοῦτο
2707 5641 2783 5701 ἔτι
2834 5644 3003 5724 λέγω.
3047 5647 3245 5704 Comb.
3288 5667 3309 5695 α
3361 5647 3521 5701 Addo
3570 5646 3801 5719 prater-

2153 5735 2240 5776 ea.
2274 5741 2302 5770 υ
