4152 6286
326 338 446 400 449

1458 332 1750 398 ORATIO
1794 330 1871 397 ΙΙ.
1907 366 1979 378 -
2023 335 2591 397 APOLOGETICA.

3609 346 3731 405 450

329 467 786 545 διαμαρτάνωσιν,
821 460 964 524 ἀλλὰ
1010 469 1088 539 τῷ
1132 489 1193 544 γε
1224 470 1332 543 (13)
1366 465 1434 522 δι’
1485 461 1766 522 εὐλάϐειαν
1810 469 1970 522 τοῦτο

2114 468 2321 523 ‘eritate
2340 468 2837 535 aberrent,tamen
2865 466 3003 539 quia
3022 471 3095 525 ob
3118 470 3414 541 religionis
3437 474 3726 547 studium,

327 560 579 633 πάσχειν,
612 557 703 612 καὶ
738 555 904 626 ζῆλον
942 557 1035 628 μὲν
1070 554 1237 632 ἔχειν,
1272 555 1398 610 ἀλλ’
1430 555 1490 611 ού
1521 556 1634 610 κατ’
1666 553 1976 629 ἐπίγνωσιν,

326 648 494 722 τυχὸν
547 644 757 700 ἔσονται
804 650 910 701 τῶν
963 644 1024 700 ού
1070 642 1276 722 σφόδρα
1324 647 1435 717 (14)
1481 641 1976 718 κατακρινομένων,

332 733 455 792 ούδὶ
486 734 700 797 πολλὰς
733 732 1038 809 δερομένων
1068 736 1204 808 (15),
1228 733 1302 795 ὡς
1334 735 1384 787 οἱ
1419 731 1507 788 διὰ
1537 732 1721 787 κακίαν
1744 730 1832 787 καὶ
1865 734 1977 805 (16)

331 823 596 900 πονηρίαν
666 822 762 879 τοῦ
826 820 1150 878 δεσποτικοῦ
1198 820 1507 895 θελήματος
1560 821 1975 882 ἀποπίπτοντες.

333 913 430 970 Καὶ
458 914 573 987 (17)
601 912 746 987 τάχα
779 911 837 967 ἂν
871 912 1022 966 οὗτοι
1060 912 1456 985 μεταπεισθεῖέν
1502 930 1653 983 ποτε,
1685 909 1773 964 καὶ
1826 929 1983 982 μετα-

333 997 587 1073 ϐληθεῖεν
622 1001 724 1055 ὑπὸ
751 1008 849 1069 τῆς
878 999 1041 1068 αὐτῆς
1070 994 1373 1068 εὐλαϐείας,
1408 999 1493 1075 ὑφ’
1520 1000 1587 1067 ἧς
1616 999 1705 1053 καὶ
1737 993 1982 1053 ἀντέϐαι-

332 1112 441 1163 νον,
459 1087 513 1145 εἷ’
534 1111 616 1150 τις
643 1088 816 1143 αὐτῶν
850 1089 1044 1163 ἅψαιτο
1077 1089 1188 1161 (18)
1218 1085 1457 1162 λόγος,ἣ
1492 1084 1697 1151 οἷϐιοθεν
1728 1086 1762 1155 ἢ
1796 1083 1984 1156 ἔξωθεν

335 1178 566 1255 κρούσας
640 1178 866 1253 καιρίως
930 1178 1063 1251 (19),
1114 1175 1292 1253 ὥσπερ
1344 1173 1563 1249 σίδηρος
1609 1181 1822 1253 πυρῖτιν
1872 1176 1984 1248 (20)

337 1267 515 1335 λίθον,
545 1268 640 1335 τὴν
691 1266 966 1340 ἐγκύμονα
1011 1266 1098 1319 καὶ
1151 1265 1296 1336 ἀξίαν
1331 1268 1451 1338 (21)
1501 1266 1679 1340 φωτὸς
1730 1261 1981 1318 διάνοιαν·

337 1357 389 1411 έν
489 1356 575 1411 καὶ
605 1355 837 1431 τάχιστα
868 1355 925 1408 ἂν
957 1354 1015 1409 ἐκ
1068 1358 1263 1430 μικροῦ
1317 1356 1612 1429 σπινθῆρος
1646 1354 1673 1408 ὁ
1701 1358 1800 1423 τῆς
1846 1350 1986 1420 ἀλη-

339 1445 481 1506 θείας
514 1445 714 1520 πυρσὸς
746 1442 1045 1517 ἐκλάμψειε
1076 1444 1213 1517 (22).

2087 561 2144 613 et
2172 558 2323 628 quod
2355 558 2541 612 zelum
2567 559 2801 629 quidem
2833 559 3106 627 habeant,
3133 560 3232 614 sed
3258 578 3371 616 non
3403 566 3728 620 secundum

2089 646 2392 701 scientiam
2425 648 2489 714 ⁸⁷,
2523 647 2631 701 hoc
2665 648 2984 718 patiuntur,
3018 665 3086 703 ex
3116 665 3315 703 eorum
3347 650 3595 708 fortasse
3628 672 3731 709 nu-

2089 750 2246 789 mero
2269 737 2577 806 erunt,qui
2606 753 2719 790 non
2746 742 2863 790 tam
2888 738 3139 807 graviter
3159 739 3729 814 condemnabuntur,

2091 838 2195 877 nec
2227 822 2427 877 multis
2468 824 2831 895 vapulabunt
2859 825 2923 894 ‘3,
2959 827 3457 895 quemadmodum
3511 831 3609 901 qui
3658 835 3731 887 ob

2090 912 2522 981 improbitatem
2553 916 2609 966 et
2662 914 3024 983 pravitatem,
3058 930 3091 968 a
3152 914 3375 969 Domini
3434 917 3737 976 voluntate

2092 1000 2449 1053 exciderunt.
2480 1002 2667 1070 Atque
2699 1000 2757 1053 hi
2792 1017 3023 1071 quoque
3058 1002 3301 1058 fortasse
3333 1004 3403 1059 de
3448 1009 3740 1064 sententia

2095 1087 2444 1158 quandoque
2475 1087 2705 1157 deduci,
2740 1093 2797 1141 et
2828 1090 2899 1143 ab
2940 1091 3140 1144 eadem
3191 1090 3291 1146 illa
3336 1093 3633 1166 religione,
3668 1098 3740 1153 ob

2095 1192 2272 1247 quam
2306 1176 2926 1247 priusrrepugnabant,
2953 1178 3251 1233 immutari
3283 1187 3518 1251 queant,
3539 1184 3587 1238 si
3611 1184 3745 1255 quis

2096 1280 2287 1319 sermo
2318 1280 2417 1319 eos
2449 1264 2715 1334 attingat,
2750 1264 2871 1336 qui,
2905 1271 3007 1321 aut
3053 1266 3298 1339 interne,
3332 1274 3431 1325 aut
3486 1278 3742 1345 externo,

2100 1357 2162 1407 ut
2193 1353 2411 1407 ferrum
2445 1352 2689 1420 silicem,
2725 1354 2807 1408 sic
2846 1355 3142 1425 gravidam
3196 1364 3449 1413 mentem
3498 1378 3564 1415 ac
3612 1362 3742 1417 luce

2098 1441 2335 1513 dignam
2367 1446 2690 1513 opportune
2725 1442 2891 1497 feriat
2923 1460 2935 1497 :
2972 1444 3029 1497 in
3063 1462 3177 1515 qua
3207 1445 3380 1501 etiam
3440 1448 3741 1507 celerrime

338 1538 586 1592 fortasse
616 1551 683 1590 ex
714 1552 890 1607 parva
919 1533 1175 1589 scintilla
1204 1532 1463 1588 veritatis
1496 1532 1731 1586 ﬂamma
1761 1530 2189 1601 explendescat.

411 1627 541 1679 MA’.
572 1620 633 1675 Τί
687 1619 732 1679 δ’
764 1620 821 1676 ἂν
874 1619 1014 1676 εἷ’ποι
1064 1642 1145 1675 τις
1327 1619 1449 1695 περὶ
1505 1624 1612 1674 τῶν
1649 1616 1736 1673 διὰ
1766 1616 1982 1673 κενοδο-

2162 1619 2293 1675 XLI.
2331 1619 2474 1683 Quid
2512 1623 2706 1675 autem
2739 1621 2807 1675 de
2846 1619 2961 1676 illis
3009 1621 3242 1692 dixeris,
3273 1625 3372 1694 qui
3425 1628 3497 1682 ob
3544 1628 3736 1685 inanis

341 1712 451 1786 ξίαν
494 1711 528 1780 ἢ
578 1710 898 1789 φιλαρχίαν,
948 1707 1157 1764 ἀδικίαν
1211 1708 1289 1771 εἷς
1336 1709 1398 1763 τὸ
1448 1707 1581 1781 ὕψος
1615 1709 1726 1781 (24)
1759 1704 1990 1763 λαλούν-

340 1822 469 1871 των,
504 1801 707 1857 Ἰαννοῦ
757 1801 870 1874 (25)
899 1819 1045 1860 τινος
1084 1799 1118 1867 ἣ
1166 1793 1423 1871 Ἰαμϐροῦ
1468 1795 1892 1873 μεγαληγορίας,
1926 1795 1987 1850 οὐ

341 1890 477 1945 κατὰ
526 1889 799 1949 Μωϋσέως
844 1890 975 1959 (26),
1026 1894 1126 1956 τῆς
1178 1884 1224 1940 δ’
1272 1883 1528 1955 ἀληθείας
1588 1883 1987 1957 ὁπλιζομένων,

342 1976 431 2033 καὶ
485 1984 587 2046 τῆς
637 1975 981 2053 ὑγιαινούσης
1029 1975 1551 2047 κατεξανισταμένων
1598 1970 1988 2042 διδασκαλίας;

342 2067 376 2137 ἢ
419 2073 521 2134 τῆς
576 2064 770 2141 τρίτης
822 2064 1015 2139 μοίρας
1076 2068 1181 2117 τῶν
1245 2061 1312 2118 δι’
1362 2061 1707 2117 ἀπαιδευσίαν
1756 2062 1844 2116 καὶ
1890 2062 1988 2129 τὴν

345 2153 616 2227 ἑπομένην
683 2152 850 2227 ταύτῃ
915 2149 1222 2226 θρασύτητα
1269 2154 1382 2225 (27)
1451 2149 1777 2224 ὁμόσε
1834 2149 1991 2205 παντὶ

344 2241 504 2317 λόγῳ
552 2240 880 2317 χωρούντων
938 2236 1131 2295 συώδει
1180 2240 1360 2308 πάθει,
1402 2240 1491 2294 καὶ
1537 2239 1990 2294 καταπατούντων

343 2330 468 2394 τοὺς
500 2328 705 2392 καλοὺς
742 2329 1074 2406 μαργαρίτας
1101 2331 1198 2398 τῆς
1229 2326 1522 2398 ἀληθείας,

417 2511 545 2567 MB'.
582 2510 641 2566 Ἰ]
676 2508 793 2564 ὅσοι
830 2504 1101 2581 μηδεμίαν
1166 2506 1258 2580 μὲν
1310 2504 1516 2570 οἷ’κοθεν
1568 2503 1843 2579 ὑπόληψιν
1901 2504 1992 2583 φέ-

350 2619 556 2673 ροντες,
609 2594 751 2670 μηδέ
793 2618 911 2651 τινα
958 2594 1129 2651 τύπον
1178 2598 1286 2650 τῶν
1342 2594 1465 2671 περὶ
1532 2598 1664 2649 Θεοῦ
1736 2592 1912 2670 λόγων
1962 2594 1997 2661 ἣ

349 2687 573 2764 χείρονα
598 2688 632 2756 ἣ
670 2685 943 2761 βεΛτίονα,
977 2690 1106 2739 πᾶσι
1143 2682 1199 2739 δὲ
1250 2683 1585 2745 ὑποτιθέντες
1638 2681 1857 2745 ἑαυτοὺς
1899 2680 1995 2737 λό-

347 2798 465 2853 γοις
494 2775 585 2831 καὶ
618 2771 989 2841 διδασκάλοις,
1018 2772 1091 2835 ὡς
1143 2772 1194 2843 ἐξ
1246 2772 1494 2827 ἀπάντων
1544 2769 1887 2844 ἐκλεξάμενοι
1933 2770 1997 2826 τὸ

349 2870 592 2939 κρεῖττον
644 2868 734 2918 καί
793 2859 1211 2940 ἀσφαλέστερον,
1257 2860 1347 2914 καὶ
1408 2865 1615 2936 κριταῖς
1685 2858 1747 2912 ού
1804 2858 1997 2920 καλοῖς

348 2961 451 3023 τῆς
509 2952 767 3022 ἀληθείας
819 2950 994 3029 σφίσιν
1053 2950 1236 3011 αὐτοῖς
1284 2952 1398 3019 (29)
1444 2946 1819 3009 πιστεύσαντες

355 3038 540 3097 ἔπειτα
583 3041 685 3095 ὑπὸ
734 3047 833 3109 τῆς
883 3037 1244 3109 πιθανότητος
1274 3039 1386 3111 (31)
1432 3033 1633 3091 ἄλλοτε
1679 3035 1857 3106 ἄΛλης
1885 3037 1998 3108 (32)

246 3188 251 3194 ,
356 3127 775 3205 περιφερόμενοι
821 3128 906 3183 καὶ
957 3126 1333 3204 στρεφόμενοι,
1373 3124 1461 3180 καὶ
1501 3125 1659 3180 παντὶ
1710 3123 1859 3201 λόγῳ
1908 3144 2000 3179 κα-

353 3215 742 3280 ταπλυνθέντες
792 3216 876 3271 καὶ
924 3217 1250 3286 πατηθέντις
1281 3217 1421 3289 (33),
1456 3212 1700 3275 πολλοὺς
1741 3213 2000 3287 ἀμείψαν-

353 3328 441 3369 τες
488 3304 841 3367 διδασκάλους
889 3305 978 3360 καὶ
1041 3303 1226 3359 πολλὰ
1274 3305 1587 3380 γράμματα,
1635 3301 1814 3378 ὥσπερ
1863 3306 1998 3378 χοῦν

355 3395 574 3468 ἀνέμοις
654 3391 855 3471 ῥᾳδίως
920 3389 1313 3462 ἀποϐαλόντες,
1383 3390 1541 3449 τέλος
1626 3390 2000 3464 ἀποκαμόντες

354 3485 443 3540 καὶ
492 3485 660 3553 ἀκοήν
712 3481 800 3537 καὶ
852 3480 1114 3551 διάνοιαν,
1165 3484 1280 3556 (34)
1331 3478 1500 3551 ὣτῆς
1548 3480 1774 3556 ἀλογίας
1798 3482 1835 3550 l)
1864 3480 2000 3555 πρὸς

357 3574 528 3627 πάντα
554 3570 722 3648 λόγον
758 3570 964 3644 ὁμοίως
997 3569 1428 3646 δυσχεραίνουσι,
1456 3570 1543 3625 καὶ
1579 3569 1861 3645 μοχθηρὸν
1908 3568 2003 3624 τύ-

358 3683 458 3717 πον
527 3663 737 3723 έαυτοῖς
809 3660 1188 3737 ἐγγράφουσιν,
1251 3659 1415 3727 αὐτῆς
1473 3656 1774 3734 καταγελᾷν
1842 3660 2000 3732 ἡμῶν

357 3751 446 3805 καὶ
476 3756 829 3827 καταφρονεῖν
865 3750 940 3811 ὡς
970 3749 1200 3804 ἀστάτου
1248 3748 1337 3802 καὶ
1379 3744 1531 3802 οὐδὲν
1580 3748 1721 3823 ὑγιὲς
1770 3746 2004 3823 ἐχούσης

354 3845 457 3909 τῆς
532 3838 786 3907 πίστεως,
842 3831 1250 3911 μεταϐαίνοντες
1327 3834 1663 3897 ἀπαιδεύτως
1736 3834 1842 3891 ἀπὸ
1900 3839 2005 3892 τῶν

355 3928 629 4004 λεγόντων
669 3926 756 3981 ἐπὶ
786 3927 877 3981 τὸν
907 3925 1091 4003 λόγον·
1127 3925 1305 4000 ὥσπερ
1339 3925 1397 3979 ἂν
1431 3921 1585 3988 εἴτις
1633 3924 1761 3987 τοὺς
1806 3923 2006 4002 ὀφθαλ-

2097 1708 2292 1780 gloriae
2324 1709 2701 1778 cupiditatem
2730 1714 2830 1763 aut
2859 1710 3197 1765 dominandi
3231 1714 3492 1770 studium
3526 1718 3741 1789 iniqui-

2097 1802 2275 1852 tatem
2307 1798 2364 1851 in
2390 1797 2694 1852 Excelsum
2730 1797 3125 1868 loquuntur“,
3144 1801 3214 1855 de
3233 1802 3743 1876 Jannis,inquam,

2100 1890 2156 1940 et
2184 1885 2440 1941 Jambris
2471 1887 2805 1958 arrogantia
2834 1888 2896 1956 7°,
2923 1905 3036 1943 non
3069 1890 3347 1947 adversus
3379 1892 3618 1961 Mosem,
3643 1898 3745 1953 sed

2100 1974 2379 2029 adversus
2410 1976 2708 2029 veritatem
2741 1992 2903 2031 arma
2932 1976 3519 2053 induentium,utque
3548 1985 3747 2040 adver-

2101 2081 2202 2118 sus
2236 2080 2439 2117 sanam
2494 2064 2817 2119 doctrinam
2864 2065 3342 2138 insurgentium?
3372 2071 3518 2135 Quid
3569 2075 3745 2131 etiam

2101 2153 2170 2207 de
2201 2154 2372 2206 tertia
2414 2152 2739 2217 classe,hoc
2770 2158 2878 2220 est,
2904 2171 3104 2210 eorum
3134 2158 3231 2228 qui
3264 2159 3337 2213 ob
3370 2138 3757 2231 imperitiam,”

2100 2241 2346 2312 ejusque
2400 2241 2671 2296 comitem
2724 2243 3132 2314 temeritatem,
3178 2246 3455 2305 adversus
3512 2267 3748 2308 omnem

2103 2345 2453 2399 sermonem,
2470 2346 2778 2400 porcorum
2803 2331 2859 2385 in
2892 2333 3155 2397 modum,
3172 2345 3368 2403 ruunt,
3385 2354 3450 2393 ac
3470 2340 3747 2409 pulchras

2102 2418 2362 2473 veritatis
2397 2419 2741 2489 margaritas
2773 2419 3119 2475 conculcant
3147 2421 3232 2475 71?

2176 2506 2339 2562 XLII.
2375 2507 2521 2570 Quid
2551 2511 2846 2577 postremo
2878 2509 2947 2563 de
2984 2509 3059 2563 iis
3095 2511 3189 2579 qui
3223 2512 3446 2569 nullam
3501 2516 3741 2586 quidem

2104 2595 2460 2666 opinionem,
2495 2611 2598 2648 nec
2647 2594 2826 2649 ullam
2869 2596 2938 2650 de
2987 2597 3199 2653 divinis
3257 2603 3627 2661 sermonibus
3658 2603 3747 2660 vel

2104 2685 2447 2739 deteriorem
2479 2684 2564 2738 vel
2596 2683 2895 2739 meliorem
2927 2685 3174 2741 formam
3198 2705 3395 2744 secum
3418 2692 3747 2762 afferentes,

2104 2789 2304 2827 verum
2354 2772 2715 2843 quibuslibet
2761 2775 3132 2830 sermonibus
3181 2782 3237 2832 et
3276 2780 3575 2851 magistris
3622 2800 3751 2840 sese

2109 2862 2507 2932 subjicientes,
2540 2867 2824 2932 tanquam
2857 2879 2925 2917 ex
2954 2864 3228 2920 omnibus
3260 2866 3315 2921 id
3350 2870 3506 2940 quod
3539 2872 3748 2928 melius

2108 2950 2435 3020 certiusque
2468 2951 2563 3019 sit,
2599 2949 2855 3020 electuri,
2889 2968 2953 3006 ac
2985 2952 3094 3006 sibi
3129 2953 3294 3024 ipsis,
3320 2956 3427 3011 hoc
3454 2961 3750 3025 est,malis

2108 3040 2366 3095 veritatis
2390 3038 2712 3108 judicibus,
2747 3040 3100 3095 conﬁdentes
3127 3059 3140 3108 ;
3170 3042 3377 3099 deinde
3424 3044 3537 3100 alia
3582 3054 3753 3117 atque

2110 3128 2222 3183 alia
2251 3127 2539 3182 sermonis
2574 3128 2976 3198 probabilitate
3007 3130 3369 3202 circumacti,
3402 3139 3458 3187 et
3497 3137 3753 3207 undique

2107 3213 2339 3283 versati,
2373 3217 2545 3283 atque
2592 3213 2751 3267 omni
2804 3230 3143 3272 sermonum
3190 3233 3400 3288 genere
3458 3221 3652 3277 obruti
3695 3227 3754 3278 et

2111 3302 2339 3375 protriti
2370 3302 2436 3372 ⁷³,
2466 3307 2775 3372 postquam
2808 3303 3024 3359 multos
3066 3306 3377 3377 magistros
3426 3318 3751 3367 commuta-

2110 3397 2268 3462 runt,
2301 3408 2366 3446 ac
2390 3390 2604 3446 multas
2635 3391 2878 3458 litteras,
2913 3394 3166 3463 pulveris
3212 3394 3418 3464 instar,
3453 3398 3509 3452 in
3553 3407 3757 3458 ventos

2114 3482 2278 3537 facile
2309 3482 2669 3551 abjecerunt,
2695 3483 2936 3537 auribus
2969 3484 3204 3538 tandem
3238 3489 3295 3540 et
3324 3487 3519 3542 animo
3553 3490 3757 3545 defati-

2112 3570 2351 3642 gati,(o
2402 3571 2696 3639 ingentem
2759 3570 2999 3625 rationis
3055 3573 3417 3647 penuriam!)
3474 3577 3574 3632 38
3635 3595 3757 3634 ser-

2114 3674 2317 3713 mones
2348 3673 2549 3712 omnes
2579 3674 2647 3712 ex
2674 3674 2836 3729 aequo
2867 3660 3194 3726 fastidiunt,
3228 3679 3293 3718 ac
3343 3681 3580 3734 pravam
3640 3669 3753 3723 I'or-
3866 3710 3869 3711 ν

2114 3764 2271 3802 mam
2304 3746 2414 3801 sibi
2448 3745 2591 3816 ipsis
2636 3746 2994 3817 insculpunt,
3026 3748 3214 3821 ipsam
3260 3751 3527 3809 videlicet
3576 3755 3750 3813 fidem

2114 3840 2401 3898 nostram,
2434 3837 2499 3888 ut
2551 3834 2853 3900 incertam,
2916 3836 3178 3908 nihilque
3232 3839 3358 3895 sani
3416 3839 3747 3917 habentem,

2115 3924 2420 3979 irridentes
2448 3927 2505 3977 et
2533 3928 2931 3993 aspernantes,
2966 3924 3259 3996 stulteque
3285 3928 3356 3982 ab
3388 3928 3477 3984 his
3510 3931 3610 4001 qui
3637 3950 3758 3988 ser-

427 4047 469 4081 "
503 4046 671 4100 Rom.
705 4062 763 4116 ιι,
793 4045 847 4100 2.
907 4044 951 4079 “
985 4044 1117 4098 Luc.
1150 4060 1249 4108 xu,
1284 4043 1371 4097 47.
1424 4043 1469 4078 σθ
1498 4042 1649 4097 Psal.
1684 4060 1857 4109 LXXI],
1889 4044 1943 4097 8.

2114 4039 2306 4096 [Tim.
2342 4054 2424 4104 ιιι,
2461 4040 2514 4090 8.
2582 4038 2624 4072 ⁷¹
2661 4037 2863 4091 Matth.
2912 4056 3011 4105 νιι,
3061 4040 3114 4094 6.
3192 4042 3236 4075 ⁷³
3284 4043 3497 4114 Ephes.
3547 4063 3623 4115 ιν,
3672 4048 3763 4105 44.

689 4160 1200 4249 yevoRegkrzdes?
1232 4158 1411 4247 Co’isl,
1437 4160 1487 4227 1,
1519 4157 1580 4211 τό
1610 4178 1688 4233 γε.

456 4227 543 4305 14)
573 4227 650 4286 Ού
682 4227 916 4305 σφόδρα.
944 4231 1081 4305 Bcg.
1116 4230 1217 4296 hu,
1253 4229 1313 4282 οὐ
1345 4228 1482 4305 πάνυ
1511 4250 1585 4285 τι.

461 4296 544 4373 15)
578 4296 911 4374 Δερομένων.
946 4296 1123 4373 Regg.
1159 4318 1210 4364 a,
1245 4306 1301 4374 et
1346 4300 1387 4369 l,
1437 4296 1790 4374 δαιρομένων.
1844 4301 2005 4364 Quod

363 4374 433 4428 ad
462 4373 840 4445 evangelista
870 4374 1108 4445 verbum
1142 4373 1331 4445 magis
1364 4373 1597 4445 accedit.

429 4443 541 4515 (16)
571 4438 770 4515 Κακίαν
800 4443 906 4499 καί.
942 4444 1062 4515 Reg
1118 4460 1155 4512 ι,
1188 4438 1373 4494 καῖιίαν

362 4586 405 4641 Ο
434 4514 549 4638 (ΓΞ)
582 4511 1068 4570 Kai.Addidimus
1089 4511 1155 4569 ex
1178 4518 1304 4568 octo
1334 4519 1534 4585 Regg.,
1556 4512 1796 4567 totidem
1822 4511 2006 4583 Colb.,

418 4603 463 4639 r.
540 4626 551 4636 .

418 4603 463 4639 Γ.
500 4603 551 4638 1.

440 4656 552 4727 (18)
585 4656 838 4727 "Aquino.
872 4656 1011 4727 Reg.
1047 4672 1095 4709 z.
1128 4654 1284 4711 Colb.
1320 4656 1371 4719 3,
1411 4655 1464 4720 4,
1506 4671 1585 4721 ιιι,
1636 4655 1754 4709 Jes.
1808 4653 2014 4710 Billius

366 4726 453 4782 ad
472 4744 631 4782 oram
667 4726 858 4798 Herm,
892 4726 1140 4798 ἅψηται..

436 4799 547 4871 (19)
582 4794 1010 4871 Καιρίως.’Β.όε.
1116 4794 1347 4870 καιρίαν.

437 4865 549 4940 (20)
582 4865 830 4935 nuptm.
881 4865 989 4925 Sei
1039 4865 1220 4941 Regg.
1269 4865 1440 4922 Coisl.
1492 4866 1544 4936 l,
1589 4866 1684 4921 Or.
1738 4866 1790 4933 4,
1826 4867 2017 4938 prima

373 4942 857 5016 ωβψκῖπτθρέτην-

438 5006 876 5081 (2Ι)’Καὶ’ἀξίοιν.
914 5012 1042 5067 llaec
1072 5011 1286 5064 desunt
1315 5006 1375 5061 in
1407 5022 1504 5061 sex
1537 5008 1735 5080 Regg.,
1757 5008 2017 5079 quinque

374 5082 557 5154 Colb.,
592 5084 689 5154 Or._
722 5088 772 5154 1,
804 5085 921 5138 Jes.

584 5145 933 5224 Ἑκλάμψειε.
966 5150 1123 5205 Colb.
1158 5150 1210 5217 6,
1244 5145 1482 5224 ἀνάψειε.

586 5216 876 5294 Εί’ποι’τὶς.
903 5224 1079 5294 Regg.
1098 5237 1167 5294 Va,
1200 5216 1259 5274 ct
1288 5221 1332 5285 Ι,
1359 5216 1560 5294 εἴποις.

469 5293 562 5360 24)
592 5293 684 5353 Εἷς
715 5293 778 5347 τὸ
809 5293 959 5365 ὕψος.
988 5289 1179 5365 'Gabr.
1218 5312 1266 5365 ia
1315 5291 1385 5365 ad
1434 5289 1717 5347 excelsam
1762 5292 2014 5347 Trinita-

376 5365 516 5418 tem.
553 5386 575 5415 ι
613 5365 786 5433 Blias,
818 5364 949 5420 «ad
981 5364 1079 5419 Dei
1112 5364 1505 5433 maiestatem.
1534 5383 1561 5412 »

444 5435 557 5505 (25)
592 5431 812 5505 Ἰαννοῦ,
856 5442 962 5491 etc.
1012 5431 1320 5505 Orig.,lin_
1356 5431 1567 5500 Malm,
1596 5504 1606 5505 ί
1631 5436 1799 5488 tract.
1846 5450 2012 5502 xxxv,

370 5522 431 5561 ιι.
461 5503 581 5571 117,
607 5507 691 5562 sic
724 5503 1047 5575 loquiturzu
1080 5503 1241 5571 Quod
1274 5503 1706 5575 aitApostolus,
1728 5527 1754 5555 ››
1792 5506 1839 5558 ΙΙ
1861 5506 2012 5560 Tim.

370 5593 500 5649 cap.
531 5583 617 5645 ιιι,
649 5580 705 5643 8,
740 5602 767 5628 ‹‹
803 5574 965 5633 Sicut
992 5578 1207 5649 Jannes
1236 5574 1633 5649 etnMambres
1679 5575 2019 5649 restiterunt

372 5644 576 5726 Moysi,
604 5644 732 5711 non
760 5649 1054 5729 invenitur
1080 5648 1138 5708 in
1167 5644 1421 5726 publicis
1451 5646 1788 5721 Scripturis,
1822 5648 1924 5707 sed
1953 5646 2015 5707 in

2114 4157 2264 4211 libro
2296 4152 2642 4224 apocrypho,
2674 4153 2772 4222 qui
2825 4154 3205 4212 inscribitur:
3246 4159 3444 4214 Jannes
3486 4165 3537 4215 et
3588 4168 3765 4219 Mam-

2118 4230 2234 4300 bres
2264 4224 2626 4300 liber;_‘unde
2674 4224 2800 4278 ausi
2840 4231 2987 4300 sunt
3034 4228 3275 4300 quidam
3328 4231 3635 4300 epistolam
3685 4237 3758 4291 ad

2116 4298 2267 4353 Tim.
2302 4294 2653 4366 repellere,»
2697 4300 2803 4349 etc.
2840 4296 2962 4350 Non
3012 4294 3399 4355 omittendum
3447 4304 3652 4359 Jannis
3702 4310 3759 4362 et

2116 4367 2390 4443 Membris
2424 4370 2716 4443 portenta,
2741 4368 2811 4443 ab
2844 4368 2960 4421 Elia
2991 4386 3091 4439 pro
3128 4371 3435 4443 praestigiis
3466 4373 3686 4431 haberi.

2188 4438 2301 4510 (‘26)
2335 4433 2625 4510 Μωυσέως.
2662 4437 2926 4510 Plerique
2960 4433 3142 4510 liegg:
3168 4433 3424 4504 Μωσὲῖυς.

2190 4506 2302 4586 (27)
2334 4506 2667 4586 Θρασύτητα.
2712 4506 2955 4586 Υἱόξιιιιιη
3012 4506 3269 4586 ιιῘΓιιᾴθιδθ
3336 4515 3647 4586 Gregorius
3691 4518 3766 4573 ad

2294 4581 2446 4673 (μιξιά
2476 4582 2750 4673 estaliud
2808 4581 3533 4673 Thuc..‘_'Ap_Laiet-:La‘epaicoq,
3563 4587 3589 4640 ὁ
3620 4585 3769 4673 λογι-

2125 4650 2267 4730 σμὸς
2310 4646 2525 4730 -Ἀίόκνον
2567 4646 2734 4724 φέρει.
2772 4674 2797 4699 ‹‹
2833 4653 3065 4707 lnscitia
3095 4646 3541 4724 impudentiam
3592 4646 3761 4730 parit.

2123 4724 2435 4849 pandentia
2477 4730 2696 4776 metum
2751 4728 2807 4777 et
2859 4727 3310 4782 cunctationem.
3367 4750 3393 4776 »
3444 4724 3679 4784 Billfin
3733 4730 3757 4786 Ι

2125 4812 2154 4849 e
2203 4836 2215 4848 .

2125 4812 2215 4849 ea.

2195 4864 2306 4946 (28)
2331 4859 2545 4946 Ὀμόσε.
2610 4885 2647 4946 (ἱ
2685 4863 2981 4946 A_ccipitu_r
3033 4868 3182 4937 apud
3231 4873 3471 4946 veteres,
3513 4870 3763 4946 linquit

2124 4934 2341 5010 Elias,«
2377 4952 2479 5005 pro
2512 4934 2962 5010 opelsimulmt
2993 4934 3225 4992 rursum
3252 4957 3351 5008 pro
3383 4936 3632 5010 ἀναιδῶς,
3653 4934 3761 4997 im-

2125 5008 2409 5077 pudenter
2440 5010 2612 5076 atque
2644 5012 2843 5075 aperta
2870 5008 3073 5062 fronte.
3108 5031 3137 5057 ››

2193 5078 2306 5146 (29)
2339 5074 2548 5148 Αὐτοῖς.
2586 5074 2769 5148 Pass.,
2802 5078 2958 5133 Colb.
2994 5096 3075 5140 ιιι,
3120 5081 3282 5133 Herv.
3317 5078 3548 5140 ἑαυτοῖς.

2196 5148 2309 5221 (30)
2340 5146 2918 5221 ΙΙιστεύσαντες.Ἠθε.
2952 5151 2994 5213 I,
3028 5151 3226 5205 Comb.
3261 5149 3619 5212 πιστεύοντες.

2196 5220 2307 5291 (31)
2338 5218 2723 5288 Π.θανότητος.
2783 5218 2946 5292 Reg,
2996 5222 3117 5289 bm,
3162 5226 3218 5276 et
3260 5222 3414 5288 Bill.,
3442 5222 3765 5294 πειθανότη-

2122 5310 2236 5350 τος.

2197 5361 2309 5436 (32)
2346 5356 2584 5426 ⁹¹Αλλης.
2620 5360 2831 5436 Reth,
2863 5365 2920 5436 et
2967 5361 3011 5429 Ι,
3064 5358 3272 5431 ἄλλως,
3318 5364 3515 5436 sicque
3565 5382 3762 5423 emcn-

2125 5432 2386 5486 dandum
2415 5432 2711 5486 contendit
2740 5432 2941 5487 Comb.

2196 5503 2307 5574 (33)
2365 5502 2695 5569 Πατηθέντες
2733 5545 2743 5556 .
2835 5506 2954 5559 Duo
3064 5504 3277 5575 Colb.,

2124 5592 2228 5633 τες.

2197 5642 2308 5722 (34)
2337 5641 2401 5696 Ὢ
2426 5647 2522 5716 τῆς
2552 5639 2801 5725 ἀλογίαςί
2836 5668 2865 5701 ιι
2898 5646 3050 5706 Proh
3079 5647 3490 5729 stoliditatem!
3519 5670 3550 5708 ››

3362 5509 3765 5578 καταπατηθέν.
