4152 6286
367 314 481 378 451
1609 319 1672 376 S.
1723 314 2000 376 GREGOI

2138 315 2240 376 ΤΗ
2252 312 2530 377 EOLOGl
3654 319 3774 382 452

369 462 602 501 monem
654 445 890 509 habent,
945 445 1015 500 ad
1065 447 1389 503 doctrinam
1440 451 1857 502 transeuntes:
1892 462 2000 501 non

2127 442 2260 516 μοὺς
2314 448 2494 506 κακῶς
2556 441 2913 517 διακείμενος,
2970 446 3003 515 ἢ
3056 445 3121 500 τὰ
3175 447 3288 502 ὦτα
3363 445 3773 527 διεφθαρμένος,

369 551 539 589 secus
569 533 931 600 videlicet,ac
963 534 1010 587 si
1037 535 1291 605 quis,vel
1325 533 1757 599 oculorum,vel
1782 534 2012 589 aurium

369 623 509 677 vitio
540 621 831 687 laborans,
868 620 1049 676 solem
1080 626 1180 676 aut
1226 639 1393 677 voces
1444 628 1697 690 accuset,
1730 622 1898 676 illum
1950 626 2015 675 ut

368 712 684 768 obscurum
718 726 791 765 ac
814 710 1009 765 minus
1040 710 1381 782 fulgentem,
1412 711 1519 767 has
1571 715 1635 766 ut
1673 711 1926 766 absonas
1957 715 2015 765 et

376 798 723 853 imbecilles.

448 886 730 943 XLII[.Ac
759 886 1001 958 proinde
1029 887 1275 943 minoris
1305 891 1394 943 est
1422 888 1637 960 negotii
1668 888 1795 945 rudi
1822 887 2014 944 adhuc

371 975 584 1032 animus
635 975 934 1031 veritatem
985 976 1262 1046 primum,
1309 977 1497 1032 instar
1550 993 1692 1031 certe
1750 977 2012 1031 nondum

370 1065 635 1137 signatae,
667 1063 1028 1135 imprimere,
1062 1081 1238 1136 quam
1276 1080 1451 1136 super
1496 1064 1737 1132 litteras,
1770 1064 1877 1120 hoc
1927 1068 2015 1120 est

367 1168 577 1224 pravas
607 1151 901 1208 doctrinas
931 1158 987 1207 et
1015 1153 1311 1224 dogmata,
1334 1154 1493 1225 pium
1515 1170 1843 1208 sermonem
1877 1153 2014 1208 scri-

368 1242 620 1310 bere,ita
650 1245 714 1295 ut
746 1240 1067 1311 posteriora
1098 1257 1231 1296 cum
1264 1240 1556 1312 prioribus
1578 1242 2013 1297 confundantur

366 1335 423 1386 et
454 1330 885 1403 perturbentur.
910 1329 983 1387 Ut
1010 1332 1164 1385 enim
1198 1335 1430 1402 praestat
1459 1330 1691 1402 planam
1725 1338 1781 1386 et
1810 1331 2009 1386 tritam

366 1435 520 1474 v1am
551 1417 985 1490 calcare,quam
1009 1435 1273 1490 asperam
1299 1418 1593 1489 nullisque
1612 1420 1823 1491 pedum
1842 1420 2012 1475 vesti—

366 1506 479 1577 giis
508 1506 881 1577 impressam,
905 1524 1225 1579 arvumque
1254 1507 1440 1562 colere
1470 1514 1660 1564 aratro
1683 1510 1808 1577 jam
1857 1525 2009 1581 saepe

367 1594 725 1667 proscissum
760 1601 817 1650 et
855 1595 1207 1665 emollitum,
1241 1597 1319 1652 ita
1362 1597 1728 1651 commodius
1778 1614 2009 1670 quoque

366 1684 541 1737 fuerit
589 1684 851 1739 animum
905 1685 1161 1755 pingere,
1195 1684 1288 1739 cui
1335 1686 1593 1740 nondum
1645 1685 1852 1741 vitiosa
1882 1687 2008 1756 jam

367 1772 566 1842 aliqua
598 1772 859 1827 doctrina
895 1775 1184 1843 impressa
1231 1775 1324 1839 sit,
1361 1773 1755 1845 improbaeque
1804 1774 2010 1829 litterae

366 1860 651 1915 altissime
678 1860 1055 1932 consignatae.
1093 1861 1321 1932 Alioqui
1359 1861 1451 1932 pio
1484 1863 1751 1932 scriptori
1796 1862 2008 1933 duplex

365 1948 460 2003 hic
492 1948 654 2003 labor
693 1949 1104 2020 suscipiendus
1147 1949 1273 2014 erit,
1308 1954 1371 2003 ut
1416 1956 1472 2004 et
1520 1953 1742 2021 priores
1791 1951 2007 2006 formas

363 2038 571 2106 deleat,
605 2044 661 2091 et
692 2039 1050 2108 probatiores
1083 2038 1489 2110 dignioresque
1531 2054 1658 2109 qua;
1707 2046 2006 2106 maneant,

362 2124 507 2195 ipsis
538 2124 876 2179 substituat.
901 2129 974 2177 At
1004 2129 1087 2179 tot
1118 2125 1354 2194 quidem
1388 2131 1544 2191 sunt,
1560 2133 1687 2181 tum
1719 2133 2005 2198 quantum

362 2213 429 2267 ad
466 2212 716 2283 reliquas
748 2212 1239 2278 aﬂ‘ectiones,tum
1273 2218 1555 2285 quantum
1587 2216 1656 2269 ad
1677 2232 2005 2272 sermonem

361 2300 578 2372 ipsum,
610 2302 791 2372 pravi,
825 2306 883 2356 et
916 2302 1074 2372 pravi
1115 2301 1271 2356 illius
1318 2302 1437 2373 typi
1485 2308 1541 2358 et
1589 2303 1954 2361 characteres
1988 2321 2001 2358 :

360 2395 706 2460 tantumque
735 2391 785 2445 ei
821 2390 1118 2461 negotium
1153 2391 1462 2458 incumbit,
1496 2394 1588 2446 cui
1621 2392 1741 2447 haec
1776 2393 2005 2448 anima-

365 2494 491 2533 rum
527 2478 817 2533 institutio
847 2484 905 2533 et
928 2478 1266 2550 praefectura
1291 2479 1605 2535 commissa
1625 2486 1732 2551 est,
1749 2498 1815 2537 ac
1837 2480 2006 2554 plura

361 2566 535 2621 etiam
564 2566 767 2631 oratio,
800 2583 873 2621 ne
903 2568 1143 2622 modum
1189 2569 1506 2634 excederet,
1540 2570 1929 2641 praetermisit.

431 2673 620 2728 XLIV.
671 2674 1177 2738 Quemadmodum
1238 2674 1435 2746 igitur,
1487 2675 1536 2730 si
1595 2677 1729 2748 quis
1782 2678 2002 2733 variam

360 2763 676 2834 quamdam
692 2766 749 2817 et
766 2762 1147 2833 multiplicem
1168 2762 1446 2829 belluam,
1462 2781 1530 2819 ex
1544 2764 1745 2820 multis
1767 2765 1999 2837 belluis,

360 2853 587 2923 magnis
611 2853 778 2921 juxta
809 2855 1138 2925 parvisque,
1176 2854 1427 2925 ferisque
1468 2872 1532 2908 ac
1565 2856 1824 2920 mitibus,
1860 2875 2000 2912 con-

358 2939 558 2996 ﬂatam
616 2940 875 2997 cicurare
930 2947 986 2996 et
1037 2942 1247 3001 ducere
1306 2944 1695 3012 aggrediatur,
1747 2946 1882 2999 huic
1940 2947 1999 3001 in

357 3035 565 3087 natura
588 3031 728 3084 adeo
760 3036 1110 3101 praepostera
1144 3038 1199 3083 et
1248 3032 1578 3102 prodigiosa
1618 3033 1999 3102 gubernanda

356 3118 645 3173 maximus
682 3117 878 3189 procul
910 3118 1085 3172 dubio
1118 3119 1280 3173 labor
1309 3120 1650 3175 subeundus
1682 3121 1776 3185 sit,
1814 3123 1994 3177 maxi-

2121 532 2456 607 κατηγοροίη
2506 535 2603 587 τοῦ
2650 531 2815 602 ἡλίου
2866 536 2899 600 ἣ
2949 538 3054 588 τῶν
3108 540 3323 611 φωνῶν,
3373 541 3470 592 τοῦ
3544 538 3638 611 μὶν
3699 539 3773 603 ὡς

2123 621 2369 694 ἀμαυροῦ
2398 621 2487 675 καὶ
2521 620 2581 675 οὐ
2624 615 2960 695 στίλϐοντος,
2990 627 3096 677 τῶν
3149 620 3206 678 δὲ
3256 623 3329 687 ὡς
3382 622 3631 698 έκμελῶν
3683 626 3772 682 καὶ

2108 707 2324 765 -ἀτόνων
2336 754 2349 767 .

2192 884 2320 942 Ml“.
2350 884 2449 941 Καὶ
2482 883 2571 940 διὰ
2596 888 2756 940 τοῦτο
2789 884 2916 961 ῥᾷον
2949 886 3067 962 ἄρτι
3113 894 3457 962 καινοτομεῖν
3507 890 3764 962 ἀλήθειαν

2122 975 2296 1049 ψυχῇ,
2348 971 2527 1050 ὥσπερ
2579 974 2749 1051 κηρὸν
2800 972 2952 1030 οὔπω
2999 978 3425 1053 κεχαραγμένον,
3457 981 3491 1049 ἣ
3544 981 3767 1059 γράφειν

2120 1061 2256 1117 κατὰ
2302 1061 2660 1137 γραμμάτων,
2692 1068 2945 1139 πονηρῶν
2991 1061 3139 1140 λέγω
3187 1062 3531 1143 διδαγμάτων
3565 1071 3678 1140 (35)
3706 1090 3767 1125 τε

2120 1149 2210 1205 καὶ
2266 1147 2577 1225 δογμάτων,
2641 1147 2831 1222 εὐσεϐῆ
2901 1151 3088 1228 λόγον,
3147 1154 3224 1217 ὡς
3282 1161 3598 1232 συγχεῖσθαι
3674 1155 3766 1213 καὶ

2120 1236 2363 1294 ἀτακτεῖν
2435 1245 2551 1302 τοῖς
2628 1234 2912 1317 προτέροις
2984 1242 3051 1297 τὰ
3136 1239 3372 1319 δεύτερα.
3451 1242 3600 1300 Ὀδόν
3671 1247 3764 1320 μὶν

2119 1328 2220 1403 γὰρ
2268 1331 2380 1402 (36)
2428 1334 2611 1384 πατεῖν
2663 1331 2882 1403 ἄμεινον
2935 1332 3033 1400 τὴν
3086 1329 3231 1387 λείαν
3280 1330 3372 1387 καί
3401 1335 3766 1409 τετριμμένην

2119 1417 2280 1485 ἣτήν
2322 1413 2517 1493 ἀτριϐῆ
2566 1418 2655 1472 καὶ
2704 1424 2984 1494 τραχεῖαν,
3017 1419 3106 1475 καὶ
3156 1427 3254 1496 γῆν
3303 1420 3465 1497 ἀροῦν
3525 1424 3586 1493 ἣν
3635 1421 3770 1479 πολ-

2121 1503 2277 1567 λάκις
2325 1505 2550 1582 ἄροτρον
2603 1503 2785 1580 ἔτεμεν
2836 1508 2927 1563 καὶ
2975 1510 3279 1583 ἡμέρωσεν·
3315 1512 3498 1587 ψυχὴν
3535 1508 3591 1567 δὲ
3638 1512 3768 1588 γρά-

2120 1596 2355 1671 φειν,ἣν
2416 1592 2568 1650 οὕπω
2628 1594 2795 1670 λόγος
2855 1595 3085 1673 ἐχάραξε
3145 1600 3447 1674 μοχθηρὸς,
3507 1597 3631 1655 οὐδέ
3690 1600 3765 1663 εἷς

2123 1682 2289 1757 βάθος
2343 1685 2410 1737 τὰ
2464 1691 2562 1752 τῆς
2634 1684 2822 1746 κακίας
2892 1684 3220 1760 ἐνεσημάνθῃ
3292 1688 3606 1763 γράμματα”
3668 1685 3764 1744 δύο

2116 1771 2216 1847 γάρ
2267 1771 2326 1825 ἂν
2381 1772 2523 1827 οὕτω
2571 1774 2636 1827 τὰ
2684 1769 2811 1849 ἔργα
2848 1773 3082 1849 γίνοιντο
3114 1777 3226 1845 (37)
3253 1780 3333 1847 τῷ
3361 1772 3599 1839 θεοσεϐεῖ
3626 1776 3761 1833 καλ-

2119 1858 2391 1937 λιγράφῳ,
2452 1860 2748 1939 ἐξαλείφειν
2796 1883 2855 1917 τε
2896 1862 3023 1925 τοὺς
3071 1865 3374 1939 προτέρους
3414 1864 3640 1935 τύπους,
3671 1864 3762 1921 καὶ

2121 1950 2507 2027 μετεγγράφειν
2539 1950 2665 2012 τοὺς
2724 1948 3123 2026 δοκιμωτέρους
3179 1973 3237 2007 τε
3288 1952 3376 2007 καὶ
3431 1957 3528 2007 τοῦ
3588 1954 3762 2025 μένειν

2117 2036 2461 2111 ἀξιωτέρους.
2494 2043 2751 2093 Τοσοῦτοι
2785 2039 2877 2111 μὶν
2915 2038 2980 2108 δὴ
3010 2040 3099 2095 καὶ
3130 2042 3265 2095 κατὰ
3292 2042 3359 2095 τά
3397 2040 3564 2097 λοιπὰ
3590 2042 3757 2114 πάθη,

2115 2127 2369 2182 καὶκατὰ
2397 2128 2486 2181 τὸν
2520 2125 2680 2203 λόγον
2726 2127 2906 2199 αὐτὸν,
2940 2129 2993 2183 αἱ
3033 2129 3267 2204 πονηροὶ
3310 2129 3399 2184 καὶ
3445 2136 3541 2185 τοῦ
3585 2151 3757 2203 πονη-

2117 2218 2213 2283 ροῦ
2246 2218 2355 2289 (38)
2384 2214 2543 2270 τύποι
2574 2215 2661 2270 καὶ
2699 2224 3062 2292 χαρακτῆρες·
3095 2222 3353 2273 τοσοῦτον
3396 2216 3453 2274 δὶ
3494 2221 3555 2275 τὸ
3603 2218 3755 2297 ἔργον

2112 2308 2192 2375 τῷ
2222 2302 2419 2373 ταύτην
2448 2305 2856 2378 πεπιστευμένῳ
2892 2306 2990 2374 τὴν
3036 2310 3143 2360 τῶν
3195 2308 3385 2382 ψυχῶν
3419 2310 3536 2380 (39)
3566 2307 3759 2364 παιδα-

2112 2391 2315 2469 γωγίαν
2346 2393 2433 2447 καὶ
2464 2393 2812 2468 προστασίαν·
2847 2394 2935 2449 καὶ
2964 2394 3031 2448 τά
3068 2392 3245 2449 πλείω
3299 2398 3537 2471 παρῆκεν
3586 2398 3613 2450 ὁ
3665 2395 3761 2452 λό-

2114 2501 2231 2557 γος,
2258 2479 2346 2535 *ίνοι
2380 2482 2454 2555 μὴ
2488 2481 2865 2559 περιττότερος
2895 2480 2933 2557 ᾖ
2964 2485 3060 2537 τοῦ
3094 2480 3329 2546 δέοντος.

2181 2676 2309 2732 MA'.
2342 2678 2541 2750 ’Ὠσπερ
2573 2672 2663 2729 οὖν
2711 2671 2763 2729 εἷ’
2800 2695 2882 2736 τις
2932 2675 3120 2747 θηρίον
3175 2676 3233 2731 έκ
3278 2676 3506 2733 πολλῶν
3553 2678 3755 2755 θηρίων

2112 2762 2459 2839 συγκείμενον
2507 2759 2795 2825 πολυοιδὶς
2846 2765 2960 2837 (40)
3009 2764 3096 2818 καὶ
3145 2764 3527 2842 πολύμορφον,
3573 2766 3755 2839 μειζό-

2109 2874 2212 2908 νων
2266 2874 2324 2907 τε
2369 2853 2457 2906 καὶ
2511 2851 2865 2927 μικροτέρων,
2916 2854 3276 2929 ἡμερωτέρων
3330 2874 3387 2909 τε
3444 2853 3533 2909 καὶ
3600 2855 3753 2931 ἀγρι-

2109 2942 2347 3017 ωτέρων,
2398 2942 2545 3016 ἄγειν
2603 2940 2908 3016 ἐπιχειροίη
2978 2941 3065 2997 καὶ
3130 2941 3486 3013 τιθασσεύειν,
3535 2941 3750 3008 πάντως

2108 3030 2164 3085 ἂν
2198 3032 2264 3101 ἦν
2297 3029 2449 3106 ἔργον
2483 3030 2650 3101 αὐτῷ,
2682 3029 2770 3084 καὶ
2802 3028 2863 3084 οὐ
2905 3030 3095 3106 μικρὸν
3131 3031 3191 3086 οὸ
3239 3030 3542 3107 ἀγώνισμα,
3576 3033 3748 3098 οὕτως

2107 3118 2401 3194 ἀνωμάλου
2449 3119 2538 3173 καὶ
2599 3116 2905 3174 ἀλλοκότου
2962 3125 3279 3195 προστατεῖν
3345 3119 3577 3198 φύσεως,
3629 3119 3750 3177 οὔτε

355 3221 567 3277 meque
597 3207 1161 3278 dimicatio;quippe
1192 3225 1323 3263 cum
1360 3226 1461 3262 nec
1494 3210 1729 3263 vocibus
1764 3212 1991 3277 iisdem,

2115 3180 2308 3285 φωναῖς
2352 3213 2470 3270 ταῖς
2511 3206 2717 3274 αὐταῖς,
2769 3204 2890 3262 οὔτε
2935 3180 3183 3284 τρδφαῖς,
3228 3180 3367 3263 οὔτεΙ
3399 3180 3585 3285 χειρὸς
3632 3213 3746 3282 (41)

357 3311 462 3349 nec
494 3295 807 3361 alimentis,
843 3312 945 3349 nec
980 3312 1259 3350 manuum
1307 3297 1627 3364 blanditiis,
1662 3315 1727 3352 ac
1780 3299 1990 3367 sibilis,

356 3399 461 3439 nec
520 3383 754 3452 reliquis
805 3384 1053 3454 denique
1102 3384 1485 3438 institutionis
1541 3387 1748 3451 modis,
1793 3388 1993 3442 bellum

2101 3296 2328 3375 ἐπαφαῖς
2377 3298 2510 3369 (42),
2562 3292 2683 3349 οὔτε
2730 3294 3051 3369 συρίγμασιν
3097 3298 3231 3369 (43),
3282 3292 3405 3351 οὕτε
3466 3303 3583 3359 τοῖς
3643 3304 3746 3367 τῆς

2104 3384 2280 3455 ἄλλης
2310 3384 2531 3459 ἀγωγῆς
2574 3382 2801 3459 τρόποις
2846 3381 3068 3437 ἑκάστου
3115 3388 3221 3437 τῶν
3267 3384 3472 3459 θηρίων
3515 3385 3741 3460 χαίρον-

357 3488 561 3527 omnes
592 3471 971 3541 delectentur,
1006 3474 1106 3527 sed
1140 3472 1262 3527 alia:
1294 3474 1447 3537 aliis,
1484 3492 1580 3544 pro
1614 3493 1719 3528 sua
1752 3493 1993 3547 quaeque

2115 3491 2215 3540 τος,
2248 3467 2434 3525 ἄλλων
2487 3466 2543 3523 δὶ
2592 3467 2784 3529 ἄλλοις
2827 3465 3130 3540 ἡδομένων,
3162 3470 3196 3537 ἢ
3227 3468 3572 3544 ἀχθομένων,
3607 3472 3681 3534 ὡς
3709 3472 3744 3541 ἡ

354 3566 566 3616 natura
613 3566 670 3615 et
718 3562 1158 3627 consuetudine,
1200 3561 1285 3615 vel
1336 3564 1644 3633 gaudeant,
1678 3564 1762 3617 vol
1814 3566 1995 3620 offen-

353 3653 603 3704 dantur:
642 3654 703 3703 ut
734 3650 832 3720 qui
866 3650 1155 3719 ejusmodi
1188 3650 1388 3705 bellum
1419 3668 1617 3706 curam
1651 3654 1993 3724 susceperit,

352 3755 484 3794 eum
516 3738 672 3794 varia
702 3740 939 3793 omnino
988 3745 1045 3793 et
1091 3738 1395 3810 multiplici
1440 3740 1685 3796 scientia
1723 3748 1993 3796 ornatum

350 3828 823 3899 instructumque
862 3843 986 3882 esse
1017 3833 1297 3899 oporteat,
1317 3828 1417 3883 84
1450 3834 1504 3881 et
1532 3846 1681 3895 eam,
1717 3847 1840 3901 quae
1873 3830 1993 3884 cui-

350 3932 459 3987 que
490 3920 625 3988 apta
663 3917 761 3983 sit,
794 3917 1157 3971 curationem
1191 3916 1489 3988 adhibere,
1524 3918 1573 3972 si
1604 3919 1841 3988 quidem
1873 3918 1993 3973 bel-

350 3999 509 4059 luam
542 4020 675 4059 cum
724 4004 895 4059 laude
946 4005 1155 4059 ducere
1203 4008 1378 4075 atque
1424 4022 1763 4062 conservare
1813 4007 1991 4079 cupit.

350 4092 567 4147 Eodem
601 4094 770 4148 modo
805 4110 937 4147 cum
970 4110 1282 4147 commune
1313 4093 1421 4148 hoc
1471 4094 1734 4149 Ecclesiaa
1784 4112 1996 4167 corpus

352 4180 539 4234 instar
565 4180 896 4251 compositae
945 4182 1253 4251 cujusdam
1306 4189 1363 4237 et
1410 4181 1717 4253 inaequalis
1766 4182 1991 4252 belluas,

353 4284 421 4323 ex
452 4268 719 4339 pluribus
751 4269 1043 4341 variisque
1077 4271 1338 4327 moribus
1358 4276 1416 4326 et
1439 4271 1760 4327 rationibus
1779 4273 1993 4328 consti-

423 4476 937 4559 (βὸλᾳιδαγμάτων.
972 4508 1015 4559 «_
1036 4485 1310 4543 Moralem
1358 4484 1728 4559 disciplinam
1765 4510 1790 4537 ι)
1826 4486 1994 4545 intel-

361 4551 677 4628 ligi_t_Elie._s_
708 4551 811 4610 iet
840 4551 1129 4628 δογμάτων
1159 4581 1185 4608 ‹‹
1221 4559 1354 4614 ﬁdei
1385 4551 1729 4614 doctrinam.
1766 4581 1793 4608 »

428 4621 539 4695 (36)
567 4621 718 4680 Ὁδὸν
773 4627 865 4696 μὲν
916 4621 1042 4702 γάρ.
1084 4652 1111 4679 ι(
1161 4630 1327 4684 Viam
1380 4632 1535 4685 enim
1585 4630 1841 4701 planam,
1893 4632 1997 4686 tri-

354 4701 587 4765 tamque
619 4704 856 4767 praestat
886 4700 1127 4773 calcare,
1160 4719 1335 4772 quam
1368 4700 1655 4773 asperam,
1689 4709 1832 4768 etc.;
1866 4703 1996 4757 ani-

353 4785 508 4822 mam
529 4784 682 4832 vero,
698 4785 824 4839 qua:
844 4772 1102 4827 nondum
1127 4774 1320 4839 pravis
1343 4772 1569 4827 imbuta
1588 4778 1679 4828 est
1698 4773 1995 4829 doctrinis.

353 4840 522 4893 bonis
554 4840 867 4896 informare
899 4848 985 4898 est
1019 4840 1263 4898 Facilius.
1299 4867 1323 4890 ››

424 4912 537 4984 (37)
570 4909 825 4984 Γίνοιντο.
859 4915 948 4968 Sic
996 4914 1218 4979 Billius,
1253 4930 1350 4967 snx
1400 4913 1601 4984 Regg.,
1652 4914 1765 4984 duo
1811 4914 1997 4983 Colb.,

353 4981 533 5059 0nd,
566 4982 684 5059 Jc‘s.
718 4984 991 5039 Nonnulli
1044 4985 1332 5059 γίγνοιντο.
1378 4981 1602 5056 Ηεςῖὶ,
1649 4983 1874 5057 γίνοιτο.
1933 4981 1996 5043 In

354 5052 550 5119 editis,
583 5053 816 5123 γένοιτο.

426 5124 532 5193 (38)
566 5128 917 5199 [lampadis
947 5127 1268 5199 Malignum
1321 5130 1486 5199 vocat
1534 5125 1725 5199 ipsum
1764 5127 1993 5199 daemo-

241 5212 246 5217 '
352 5210 511 5269 nem,
544 5216 571 5242 ››
604 5195 791 5265 inquit
820 5195 1302 5269 Gab.allu‘ditque
1330 5195 1991 5268 Gregorius,opinor,ad

353 5266 557 5320 Matth.
592 5282 664 5324 νι.
708 5269 786 5322 13.
1206 5266 1224 5269 “
1456 5266 1472 5268 “
1721 5266 1733 5268 “

420 5338 531 5411 (39)
562 5337 666 5411 Τὴν
717 5343 842 5394 τῶν.
879 5340 970 5395 Sic
1028 5343 1203 5411 Regg.
1237 5340 1358 5405 bm,
1407 5339 1505 5405 hu,
1538 5338 1795 5411 melioris
1845 5344 1993 5395 note

350 5409 890 5534 codicestombef.
922 5414 1029 5467 τῶν
1078 5407 1276 5481 τᾶύτην
1325 5407 1788 5483 πεπιστευμένων.
1829 5412 1996 5469 Deest

346 5499 452 5531 των
479 5498 538 5534 ιῐι
571 5497 598 5531 e
652 5523 663 5534 .

561 5548 873 5631 potu-stage.
906 5555 1047 5631 Reg.
1079 5557 1181 5625 hu,
1213 5548 1496 5612 πολυειδές
1527 5572 1602 5611 τε.

443 5552 511 5605 40
563 5552 873 5614 Πολυειδές.
906 5555 1047 5631 Reg.
1079 5557 1181 5625 hu,

420 5552 531 5701 (41)
561 5622 778 5701 Χειρός.
812 5626 931 5685 Jee.
966 5633 1194 5709 χειρῶν.

2105 3557 2260 3636 φύσις
2310 3555 2535 3612 έκάστου
2582 3556 2671 3611 καὶ
2715 3559 2749 3625 ἡ
2803 3558 3075 3625 συνήθειω
3126 3558 3216 3611 καὶ
3264 3557 3316 3612 τί
3368 3554 3425 3612 ἂν
3477 3555 3585 3614 ἔδει
3635 3562 3749 3633 (44)

2103 3651 2276 3702 ποιεῖν
2299 3646 2390 3701 τὸν
2439 3644 2689 3699 τοιούτου
2720 3645 2835 3718 (45)
2864 3644 3029 3720 θηρὸς
3083 3643 3371 3715 ἐπιστάτην
3399 3664 3411 3715 ;
3442 3645 3495 3701 τί
3526 3643 3574 3701 δ’
3603 3645 3743 3703 ἄλλο

2102 3755 2162 3810 γε
2192 3736 2225 3804 ἡ
2254 3730 2519 3802 πολυειδῆ
2551 3754 2609 3788 τε
2640 3733 2771 3788 εἶναι
2820 3733 2908 3788 καὶ
2952 3731 3205 3788 ποικίλον
3251 3735 3351 3803 τὴν
3403 3732 3751 3812 Imperium;

2102 3824 2190 3878 καὶ
2223 3821 2571 3891 κατάλληλον
2602 3822 2810 3894 ἑκάστῳ
2858 3823 3148 3897 προσάγειν
3192 3823 3293 3892 τὴν
3338 3824 3648 3900 θεραπείαν,
3680 3825 3755 3889 ὡς

2106 3914 2163 3967 ἂν
2220 3913 2408 3987 ἄγοιτο
2464 3909 2645 3972 καλῶς
2706 3908 2851 3982 αὖτῷ
2896 3911 2958 3965 τὸ
3015 3911 3201 3986 Θηρίον
3251 3911 3340 3967 καὶ
3388 3909 3748 3984 διασώζοιτος

2105 4000 2276 4063 οὕτως
2321 3999 2379 4055 ἐκ
2423 3997 2649 4054 πολλῶν
2699 3999 2788 4053 καὶ
2842 3997 3114 4078 διαφόρων
3159 4000 3249 4055 καὶ
3299 4002 3446 4072 ἡθῶν
3503 4003 3591 4057 καὶ
3659 4000 3752 4057 λό-

2101 4111 2230 4165 γων,
2262 4090 2498 4164 καθάπερ
2548 4085 2664 4150 ένὸς
2714 4089 2855 4156 ζώου
2895 4089 3144 4154 συνθέτου
3190 4088 3281 4145 καί
3338 4090 3620 4163 ἀνομοίου,
3651 4093 3748 4146 τοῦ

2102 4182 2288 4233 κοινοῦ
2315 4178 2507 4233 τούτου
2554 4184 2649 4246 ἧς
2700 4174 3023 4248 Ἐκκλησίας
3072 4177 3420 4255 συγκειμένου
3470 4179 3744 4253 σώματος.

2104 4273 2246 4323 πᾶσα
2275 4267 2475 4345 ἀνάγκη
2502 4266 2591 4321 καὶ
2622 4267 2712 4322 τὸν
2758 4267 3063 4343 προστάτην
3110 4266 3317 4324 ἁπλοῦν
3363 4288 3422 4324 τε
3469 4268 3602 4324 εῖναι
3634 4269 3749 4344 (46)

2176 4484 2290 4555 (42)
2329 4481 2604 4559 Ἐπαφαῖς.
2658 4480 2982 4559 Signiﬁcat,
3016 4481 3207 4552 inquit
3264 4482 3463 4559 Ga_br.,
3501 4487 3750 4559 gestum

2032 4558 2075 4621 D
2107 4554 2274 4611 illUm
2307 4572 2423 4624 quo
2455 4554 2712 4610 solemus
2756 4554 3080 4625 pecudibus
3126 4559 3229 4609 aut
3273 4555 3451 4610 etiam
3501 4554 3753 4610 homini-

2107 4629 2219 4683 bus
2248 4625 2519 4694 blandiri,
2554 4626 2794 4681 dorsum
2826 4641 3027 4680 eorum
3060 4632 3161 4680 aut
3192 4632 3369 4697 caput
3396 4631 3750 4681 contrectan-
3846 4674 3853 4681 .

2106 4705 2289 4843 te_s(.43)
2321 4764 2674 4843 Συρίγμασιν.
2711 4766 2848 4838 Reg.
2881 4764 2921 4837 l,
2954 4765 3292 4839 συρίσμασιν.
3352 4766 3598 4823 Montac.
3658 4782 3748 4817 σο-

2108 4838 2496 5037 “Examinat
2527 4906 2584 4962 ἂν
2619 4902 2746 4974 ἔδει,
2775 4913 2883 4963 etc.
2924 4931 2943 4955 α
2981 4909 3048 4963 Et
3096 4908 3231 4979 quid
3283 4911 3545 4977 oporteat
3593 4906 3749 4962 face-

2108 4999 2167 5037 re
2225 5001 2257 5037 u
2292 4980 2520 5037 usmodi
2548 4980 2748 5035 bestiae
2762 4979 3289 5037 praefectumPOuid
3311 4978 3467 5033 aliud
3495 4978 3749 5037 profecto

2122 4914 2129 4915 “
2178 4914 2290 5054 (ἕλιξ)
2324 4914 2420 4962 Καί
2444 4914 2584 4992 τυᾶν
2619 4914 2746 4992 ἔδει,
2775 4914 2883 4963 etc.
2924 4931 2943 4955 α
2981 4914 3048 4963 Et
3096 4914 3248 4990 quid
3283 4914 3545 4988 oporteat
3593 4914 3749 4962 face-

2107 4999 2167 5038 re
2225 5001 2257 5037 u
2292 4981 2520 5038 usmodi
2548 4981 2748 5035 bestiae
2762 4979 3289 5054 praefectumi‘Quid
3311 4978 3467 5054 aliud
3495 4978 3750 5054 profecto

2106 5050 2283 5126 quam
2342 5068 2542 5108 curare
2600 5054 2665 5107 ut
2720 5050 3024 5123 multiplex
3079 5050 3158 5105 sit
3214 5067 3278 5106 ac
3334 5052 3528 5105 varius
3560 5050 3750 5105 scien-

2105 5130 2205 5194 tia,
2240 5148 2267 5176 ›)
2301 5130 2410 5179 etc.

2176 5198 2288 5270 (45)
2319 5191 2720 5270 Τὸν-τοιούτου.
2751 5193 2893 5270 Reg.
2927 5209 2973 5256 ι’,
3006 5194 3101 5270 τριῖ
3130 5190 3401 5270 τοιούτου.

2175 5260 2552 5345 (46)⁶Απλοῧν
2613 5284 2669 5317 τε
2726 5260 2879 5345 εἴνξιῖ.
2942 5284 2972 5315 ι
3005 5264 3411 5345 ‘Simplicemn
3471 5285 3500 5313 υ
3557 5260 3753 5345 inquit

2105 5334 2280 5409 Elias,
2306 5362 2332 5390 ‹‹
2358 5346 2645 5418 quantum
2678 5336 2749 5418 ad
2782 5337 3061 5418 dogmata
3090 5334 3421 5418 et’actionis
3455 5334 3751 5417 rectitudi-

2105 5408 2273 5467 nem.
2296 5433 2329 5493 ῃ
2358 5408 2594 5493 Brevius
2626 5412 2768 5493 erat.
2813 5408 2883 5493 ini
2918 5408 3130 5483 Athan.
3163 5408 3472 5493 Gregorips
3522 5422 3609 5493 se)!
3630 5408 3753 5476 ipse

2104 5482 2337 5555 exponit
2370 5499 2381 5535 :
2417 5476 2623 5539 ἁπλοῦς
2656 5478 2743 5532 τὸν
2775 5478 3001 5554 τρόπον,
3031 5476 3327 5546 πολυειδὴς
3360 5479 3455 5543 τήν
3487 5476 3749 5545 κδδέρνη-

2104 5573 2249 5608 σιν.‹‹
2272 5552 2531 5609 Moribus
2561 5550 2826 5621 simplex,
2843 5552 3206 5621 gubernandi
3238 5558 3357 5607 arte
3381 5547 3747 5621 multiplex.»

2103 5573 2205 5608 σιν.
2224 5577 2249 5605 ‹‹
2274 5567 2531 5609 Morinos
2561 5567 2826 5624 simplex,
2843 5567 3206 5624 gubernandi
3238 5572 3245 5606 ι

2102 5626 2247 5683 Vide
2278 5624 2502 5699 Chrys.,
2529 5621 2629 5679 lib.
2664 5639 2719 5679 vx
2749 5623 2823 5682 Da
2848 5622 3084 5695 amnt,
3109 5640 3160 5679 ο.
3191 5624 3245 5680 5.
