4152 6286
497 298 615 369 453

1639 298 1930 368 ORATIO
1973 305 2052 368 Il.
2084 338 2163 353 —-
2189 304 2753 371 APOLOGETICA.

3770 318 3893 383 484

496 439 585 493 τὸν
620 435 779 491 αὐτὸν
812 434 947 489 κατὰ
997 434 1095 502 τὴν
1146 431 1196 487 ἂν
1242 438 1401 488 πᾶσιν
1436 436 1545 509 (47)
1578 436 1865 511 άρθότητα·
1910 438 1997 493 καὶ
2056 436 2128 493 ὅτι

2252 444 2445 496 tutum
2476 441 2572 509 sit,
2597 458 2969 515 summopere
3001 447 3231 517 quoque
3263 463 3497 504 necesse
3525 453 3635 516 est,
3659 450 3894 507 antisti-

497 524 733 599 μάλιστα
784 519 1125 579 παντοδαπὸν
1192 522 1280 583 καὶ
1337 522 1585 579 ποικίλον
1644 527 1779 581 κατὰ
1850 529 1949 596 τὴν
2000 527 2137 601 πρὸς

488 612 708 671 ἕκαστον
752 612 1045 680 οἱκείωσιν,
1074 611 1164 666 καὶ
1211 609 1273 667 τὸ
1318 619 1415 683 τῆς
1466 612 1690 685 ὁμιλίας
1750 616 1886 691 πρὸς
1933 617 2136 679 πάντας

484 701 795 777 ιπιτήὸειόν
826 723 887 759 τε
914 703 1004 758 καὶ
1036 701 1377 779 πρόσφορον.

549 973 678 1028 ME'.
711 971 779 1029 Ol
834 969 926 1042 μὶν
976 969 1079 1044 γὰρ
1133 966 1341 1023 δέονται
1391 966 1621 1043 γάλακτι
1672 969 1979 1048 τρέφεσθαι,
2017 976 2134 1034 τοῖς

482 1058 875 1135 ἁπλουστέροις
943 1057 1034 1111 καὶ
1097 1054 1810 1133 στοιχειωδεστέροιςοτῶν
1872 1057 2135 1136 διδαγμά-

482 1171 615 1221 των,
659 1148 774 1203 ὅσοι
818 1148 918 1216 τὴν
967 1143 1072 1216 ἕξιν
1121 1148 1239 1217 (48)
1285 1148 1474 1216 νήπιοι
1525 1147 1616 1201 καὶ
1675 1147 2009 1225 άρτιπαγεῖς,
2058 1149 2135 1211 ὡς

493 1238 550 1293 ἂν
603 1234 741 1291 εἷίποι
788 1256 891 1305 τις,
940 1237 1038 1303 τήν
1092 1231 1334 1309 ἀνδρείαν
1402 1239 1499 1289 τοῦ
1568 1234 1738 1310 λόγου
1795 1238 2002 1315 τροφὴν
2072 1237 2133 1292 οὔ

493 1326 757 1403 φέροντες·
815 1326 876 1393 ἢν
938 1323 983 1377 εἶ
1041 1322 1308 1398 προσάγοι
1363 1345 1443 1385 τις
1502 1326 1647 1400 παρὰ
1707 1322 1952 1399 δύναμιν,
1992 1326 2135 1402 τάχα

488 1415 548 1470 ἂν
623 1412 1057 1474 καταπιεσθὲντες
1115 1414 1232 1486 (49)
1295 1412 1384 1467 καὶ
1464 1413 1788 1488 βαρηθέντες
1845 1418 1976 1489 (50),
2037 1415 2136 1471 οὐκ

486 1502 813 1578 ἒξαρκούσης
860 1509 961 1572 τῆς
1012 1499 1278 1569 διανοίας,
1313 1500 1492 1577 ὥσπερ
1546 1501 1656 1557 ἐκεῖ
1699 1510 1800 1572 τῆς
1851 1502 1989 1573 ὅλης
2023 1507 2132 1578 (51)

481 1593 545 1647 τὸ
594 1591 903 1657 ἐπεισελθὸν
947 1589 1172 1646 ἐλκῦσαι
1219 1591 1307 1645 καὶ
1357 1592 1759 1662 οἰκειώσασθαι,
1810 1595 2129 1667 ζημιωθεῖεν

481 1679 542 1736 ἂν
586 1681 673 1737 καὶ
718 1681 794 1743 εἷς
840 1681 938 1749 τὴν
979 1678 1211 1755 ἀρχαίαν
1258 1676 1503 1753 δόναμιψ
1557 1682 1608 1736 οἱ
1658 1678 1716 1736 δὲ
1761 1688 1861 1752 τῆς
1912 1683 1961 1737 ὲν
2012 1688 2129 1745 τοῖς

478 1768 712 1832 τελείοις
745 1768 1121 1869 ⁵Λαλουμὲνης
1181 1768 1372 1869 σοιρίας
1426 1769 1727 1846 ’χρῄζοντες
1783 1772 1871 1826 καὶ
1925 1775 2207 1869 τροφῆςΒ

478 1860 577 1927 τῆς
628 1856 972 1933 ὑψηλοτέρας
1012 1859 1103 1913 καὶ
1153 1857 1504 1934 περῥοτέρας
1539 1863 1672 1933 (52),
1702 1864 1782 1932 τῷ
1828 1862 1962 1935 πρὸς
2014 1861 2128 1917 διά-

478 1967 654 2023 κρισιν
710 1947 953 2016 ἀληθοῦς
996 1967 1055 2002 τε
1110 1947 1201 2001 καὶ
1247 1944 1480 2022 ψευδοῦς
1549 1949 1747 2011 ἱκανῶς
1805 1952 1919 2025 (53)
1975 1971 2131 2026 γεγυ-

488 2035 710 2109 μνάσθαι
761 2038 827 2091 τὰ
869 2036 1217 2110 αἰσθητήρια,
1250 2036 1298 2090 εἷ’
1334 2036 1475 2112 γάλα
1520 2037 1826 2107 ποτίζοιντο
1874 2039 1963 2093 καὶ
2012 2041 2133 2116 τρὲ-

485 2146 672 2203 φοιντο
741 2123 1023 2199 λαχάνοις,
1092 2125 1319 2179 ἀσθενῶν
1394 2126 1665 2200 βρώματι,
1726 2124 2130 2203 ὃυσχεραίνοιεν

487 2212 568 2269 ἄν*
627 2214 717 2269 καὶ
781 2211 928 2286 μάλα
984 2212 1230 2282 εἰκότως,
1265 2213 1326 2268 οὗ
1390 2211 1786 2288 δυναμούμενοι
1833 2219 1950 2289 (54)
1999 2218 2135 2273 κατὰ

489 2303 739 2378 Χριστὸν,
800 2300 924 2357 οὐδὲ
980 2299 1228 2372 αὔξοντες
1284 2304 1381 2370 τήν
1437 2302 1714 2373 ἰπαινετήν
1774 2302 2015 2377 αὔξησιν,
2073 2307 2134 2375 ἣν

486 2391 767 2467 ἐργάζεται
820 2386 988 2466 λόγος
1033 2390 1257 2446 τελειῶν
1316 2392 1393 2453 εἷς
1450 2390 1636 2469 ἄνδρα,
1673 2393 1761 2449 καὶ
1814 2392 1888 2455 εἰς
1939 2392 2131 2471 μέτρον

485 2479 705 2550 ἡλικίας
760 2482 907 2555 ἄγων
966 2486 1359 2552 πνευματικῆς,
1392 2481 1485 2535 τὸν
1546 2482 1729 2545 καλῶς
1776 2482 2128 2560 τρεφόμενον.

2246 532 2365 585 tem
2397 530 2573 586 simul
2604 536 2658 587 et
2688 532 3014 604 simplicem
3073 551 3222 603 esse,
3279 541 3566 607 quantum
3621 541 3691 595 ad
3733 558 3885 609 eam,

2246 634 2423 690 quam
2456 621 2528 675 ad
2561 637 2653 676 res
2683 638 2887 677 omnes
2916 623 3193 679 adhibere
3225 625 3416 693 debet,
3442 628 3890 699 rectitudinem;

2246 713 2301 763 et
2332 726 2565 764 rursum
2598 727 2775 781 quam
2804 712 3056 767 maxime
3082 713 3309 768 varium
3364 731 3431 769 ac
3483 716 3891 789 multiplicem,

2247 802 2531 868 quantum
2562 800 2632 854 ad
2664 800 2720 853 id
2752 800 2980 865 attinet,
3013 807 3079 855 ut
3108 802 3578 875 uniuscujusque
3622 807 3887 864 animum

2245 885 2357 940 sibi
2382 887 2939 959 adjungat,apteque
2956 893 3012 943 et
3024 890 3285 961 opposite
3306 908 3512 949 omnes
3534 893 3885 966 alloquetur.

2318 973 2479 1030 XLV.
2515 975 2763 1039 Quidam
2792 977 2950 1031 enim
2974 976 3142 1033 lactis
3164 977 3442 1035 alimonia
3471 998 3617 1052 opus
3649 982 3887 1053 habent,

2245 1062 2353 1117 hoc
2382 1066 2488 1131 est,
2546 1064 2995 1135 simplicioribus
3048 1070 3103 1120 et
3160 1066 3552 1125 elementariis
3582 1071 3887 1144 doctrinis,

2245 1150 2523 1205 nimirum
2548 1152 2647 1221 qui
2671 1152 2876 1220 puerili
2901 1155 3080 1208 animi
3105 1148 3449 1212 habitudine
3471 1164 3631 1226 sunt,
3659 1177 3890 1217 recens-

2246 1255 2377 1310 que,
2413 1245 2476 1293 ut
2500 1240 2585 1295 sic
2616 1240 2831 1309 dicam,
2864 1244 3169 1314 compecti,
3204 1261 3307 1299 nec
3339 1245 3567 1301 virilem
3601 1251 3889 1307 sermonis

2244 1329 2439 1383 cibum
2472 1328 2665 1383 ferunt
2694 1330 2737 1363 ⁷³
2765 1346 2776 1383 :
2830 1346 3004 1400 quem
3037 1332 3086 1385 si
3136 1333 3269 1403 quis
3320 1335 3468 1405 ipsis
3501 1341 3707 1407 praeter
3735 1340 3887 1395 vires

2244 1417 2583 1483 admoverit,
2619 1417 2746 1488 ejus
2803 1419 3057 1488 pondere
3116 1424 3379 1492 oppressi
3428 1424 3673 1481 fortasse
3713 1432 3888 1499 atque

2242 1504 2457 1569 obruti,
2492 1506 2687 1561 animo
2716 1508 2784 1561 ad
2815 1506 2870 1560 id
2909 1509 3512 1578 quodtransmissum
3563 1518 3672 1581 est,
3716 1520 3891 1571 attra-

2243 1593 2502 1649 hendum
2527 1595 2755 1665 sibique
2773 1599 3332 1653 accommodandum
3347 1584 3502 1655 haud
3519 1603 3659 1658 satis
3676 1605 3887 1661 virium

2241 1682 2511 1754 habente,
2545 1685 3042 1755 quemadmodum
3082 1703 3185 1741 nec
3218 1704 3458 1759 corpore
3490 1691 3546 1744 in
3579 1693 3724 1747 cibis
3756 1710 3889 1748 ma-

2240 1772 2385 1828 teria
2430 1773 2854 1841 constantibus,
2897 1774 3175 1843 pristinas
3223 1776 3398 1831 etiam
3466 1794 3668 1834 eorum
3734 1780 3885 1837 vires

2240 1861 2628 1916 labetactabit.
2657 1860 2789 1928 Alii,
2812 1863 2965 1932 quod
2998 1879 3209 1919 sensus
3242 1864 3313 1919 ad
3347 1882 3548 1921 verum
3572 1868 3770 1924 afalso
3796 1871 3887 1925 in-

2232 1950 2675 2006 ternoscendum
2701 1966 2766 2003 ac
2788 1952 3207 2006 secernendum
3231 1953 3568 2010 exercitatos
3600 1956 3876 2029 habeant,

2233 2056 2299 2094 ac
2332 2038 2574 2109 proinde
2607 2039 2891 2109 sapientia
2920 2054 2986 2093 ea
3034 2056 3163 2111 quae
3192 2042 3346 2096 inter
3394 2045 3677 2113 perfectos
3708 2064 3884 2118 expo-

2234 2128 2393 2182 nitur
2421 2126 2485 2198 ⁷⁵,
2510 2127 2955 2199 sublimiorique
2985 2133 3042 2182 et
3074 2129 3318 2185 ﬁrmiori
3341 2131 3470 2186 cibo
3495 2132 3794 2205 indigeant
3814 2136 3878 2207 ⁷⁵,

2235 2214 2284 2269 si
2315 2214 2447 2284 quis
2478 2212 2566 2268 lac
2598 2212 2717 2267 illis
2747 2214 3034 2285 propinet,
3070 2214 3462 2287 oleribusque,
3496 2219 3605 2274 hoc
3644 2228 3749 2289 est,
3782 2222 3879 2277 in-

2235 2303 2562 2358 ﬁrmiorum
2595 2302 2741 2371 cibo,
2767 2319 2864 2357 eos
2884 2304 3001 2357 alat
3021 2304 3086 2369 7°,
3112 2304 3357 2361 molesto
3388 2307 3585 2364 animo
3614 2308 3672 2364 id
3708 2310 3884 2366 laturi

2234 2396 2404 2449 sunt:
2441 2409 2507 2447 ao
2538 2392 2745 2447 merito
2778 2408 2939 2458 sane,
2974 2397 3173 2463 utpote
3231 2394 3376 2450 nihil
3434 2395 3749 2453 Christiani
3789 2416 3885 2455 ro-

2235 2483 2395 2539 boris
2427 2480 2789 2552 colligentes,
2821 2496 2926 2535 nec
2964 2479 3262 2538 laudabile
3321 2481 3465 2539 illud
3496 2491 3883 2557 augmentum

484 2572 800 2645 capientes,
833 2571 986 2641 quod
1013 2587 1204 2625 sermo
1240 2570 1471 2626 divinus
1494 2571 1661 2626 affert
1689 2573 1753 2641 ⁷⁷,
1787 2588 1943 2641 eum,
1979 2573 2078 2643 qui
2100 2572 2343 2645 pulchre
2372 2568 2566 2635 alitur,
2602 2570 2660 2623 in
2689 2568 2880 2623 virum
2904 2569 3238 2641 perficiens,
3263 2575 3437 2643 atque
3460 2573 3530 2628 ad
3554 2575 3885 2646 spiritualis

485 2662 667 2716 aetatis
690 2675 1027 2715 mensuram
1050 2660 1270 2713 ducens
1301 2658 1364 2713 ⁷³.

553 2748 673 2817 MC.
712 2745 815 2804 Καὶ
871 2746 1008 2819 πρὸς
1064 2750 1232 2800 ταῦτα
1286 2743 1366 2807 τίς
1426 2744 1755 2815 ἱκανός;οὐ
1814 2748 1915 2821 γάρ
1965 2746 2124 2820 ἐσμεν

481 2837 552 2898 ὡς
592 2837 642 2890 οἱ
700 2833 903 2889 πολλοὶ
964 2831 1290 2902 καπηλεύειν
1347 2830 1635 2905 δυνάμενοι
1669 2837 1781 2908 (55)
1807 2835 1895 2889 τὸν
1956 2832 2124 2909 λόγον

2297 2748 2480 2803 XLVI.
2514 2748 2584 2802 Et
2612 2746 2683 2801 ad
2713 2747 2830 2803 haec
2864 2748 2988 2817 quis
3015 2746 3247 2803 idoneus
3277 2750 3365 2804 7°?
3400 2750 3520 2805 Non
3562 2751 3718 2807 enim
3752 2753 3880 2824 ple-

2228 2838 2425 2908 risque
2457 2835 2679 2891 similes
2702 2852 2930 2900 sumus,
2952 2836 3050 2906 qui
3076 2838 3333 2892 veritatis
3359 2839 3682 2896 doctrinam
3706 2843 3774 2897 ad
3788 2841 3885 2897 ul-

479 2931 580 2993 τῆς
631 2922 905 2994 ἀληθείας,
938 2922 1028 2976 καὶ
1083 2922 1441 2996 άναμιγνύναι
1479 2923 1570 2977 τὸν
1618 2925 1761 2978 οἶνον
1812 2921 1987 2978 ὕδατι⁸
2033 2924 2124 2979 τὸν

2243 2930 2417 2980 :erant
2438 2924 2501 2990 ⁸ο,
2522 2941 2587 2979 ac
2607 2924 2809 2977 vinum
2835 2940 2998 2993 aqua:
3026 2924 3278 2979 miscent
3296 2926 3337 2960 ⁸¹
3365 2943 3378 2993 ;
3414 2927 3520 2982 hoc
3541 2932 3648 2999 est,
3675 2929 3885 2984 doctri-

487 3011 837 3089 εὐφραίνοντα
864 3008 1085 3087 καρδίαν
1120 3011 1405 3086 ἀνθρώπου
1438 3010 1603 3087 λόγον
1650 3016 1729 3084 τῷ
1784 3011 1983 3084 πολλῷ
2042 3013 2133 3067 καὶ

489 3100 675 3172 εΰώνῳ
731 3100 820 3154 καὶ
877 3100 1053 3176 χαμαὶ
1110 3102 1395 3177 συρομὲνῳ
1451 3100 1539 3155 καὶ
1589 3100 1825 3175 ἐξιτήλῳ
1871 3099 1961 3157 καί
2013 3102 2130 3172 εἰκῆ

492 3188 684 3265 ῥέοντι,
745 3188 877 3243 ὥστε
936 3188 1089 3243 αὐτοί
1148 3210 1199 3243 τι
1262 3187 1703 3263 παρακερδαίνειν
1930 3190 1989 3245 ἐκ
2033 3197 2136 3261 τῆς

486 3277 808 3347 καπηλείας,
840 3275 982 3332 ἄλλο
1019 3299 1078 3332 τε
1125 3276 1312 3340 ἄλλως
1364 3277 1686 3351 ὁμιλοῦντες
1735 3284 1851 3341 τοῖς
1899 3279 2135 3349 πλησιά-

2236 3030 2372 3067 nam
2405 3029 2503 3067 cor
2534 3012 2787 3065 hominis
2813 3011 3239 3068 exhilarantem
3262 3014 3328 3079 ⁸³,
3354 3030 3486 3068 cum
3521 3014 3621 3070 vili
3652 3021 3708 3071 et
3752 3016 3882 3071 vul-

2237 3102 2381 3174 gari,
2413 3099 2698 3170 humique
2730 3104 3019 3171 serpente,
3053 3105 3110 3155 et
3156 3102 3419 3169 evanida,
3454 3102 3792 3176 frustraque
3822 3110 3881 3161 et

2240 3194 2453 3245 temere
2485 3189 2720 3257 ﬂuente,
2754 3192 2818 3242 ut
2850 3188 2961 3259 ipsi
3006 3206 3073 3243 ex
3122 3189 3225 3244 hac
3255 3192 3623 3262 cauponandi
3659 3194 3884 3251 ratione

2241 3279 2426 3335 obiter
2474 3276 2693 3349 aliquid
2752 3278 3104 3343 elucrentur,
3136 3277 3366 3349 aliaque
3396 3280 3509 3335 alio
3541 3282 3713 3337 modo
3745 3300 3879 3340 cum

488 3371 635 3436 ζουσι
682 3366 771 3421 καὶ
827 3372 956 3421 πᾶσι
1008 3366 1146 3442 πρὸς
1191 3368 1374 3442 χάριν·
1426 3366 1843 3443 ὲγγαστρίμυθοί
1892 3371 2005 3441 (57)
2048 3390 2128 3424 τι-

2244 3370 2316 3424 iis
2338 3368 2435 3439 qui
2451 3367 2521 3422 ad
2537 3367 2695 3438 ipsos
2713 3366 3306 3436 accedunt,verba35
3323 3368 3883 3437 faciunt,omnibus-

483 3477 571 3517 νες
628 3451 777 3517 ὄντες
835 3456 924 3509 καὶ
976 3453 1286 3529 κενολόγοι,
1315 3455 1409 3517 τὰς
1458 3456 1660 3510 ἑαυτῶν
1721 3454 1921 3525 ἡδονὰς
1971 3458 2127 3531 θερα-

483 3544 738 3605 πεύοντες
911 3542 1096 3618 λόγοις
1157 3542 1215 3597 ἐκ
1261 3546 1364 3617 γῆς
1409 3545 1780 3621 φωνουμὲνοις
1810 3545 1898 3599 καὶ
1932 3543 2128 3619 δυομὲ-

2240 3473 2354 3530 que
2382 3460 2774 3525 assentantur,
2803 3455 3149 3527 ventriloqui
3182 3474 3322 3512 sane
3352 3457 3590 3528 quidam
3635 3464 3692 3515 et
3718 3460 3884 3515 vani-

2240 3546 2423 3617 loqui,
2456 3543 2854 3614 voluptatibus
2886 3542 3009 3598 suis
3043 3544 3380 3615 servientes,
3414 3546 3601 3601 verbis
3650 3564 3681 3603 e
3724 3552 3881 3604 terra

550 3644 595 3678 ⁷³
615 3643 788 3699 Hebr.
811 3660 867 3707 ν,
911 3643 1011 3709 12;
1050 3645 1066 3696 i
1100 3646 1225 3697 Cor.
1261 3660 1344 3709 ιιι,
1372 3645 1421 3709 1,
1450 3645 1506 3700 2.
1538 3645 1631 3697 ⁷⁴Ι
1662 3648 1787 3700 Cor.
1820 3661 1883 3712 ιι,
1915 3647 1969 3699 6.
2002 3646 2047 3679 ⁷⁵
2077 3650 2126 3700 Η

2243 3663 2332 3711 .v,
2365 3643 2453 3698 14.
2486 3643 2530 3679 ⁷ο
2562 3642 2729 3697 Rom.
2761 3656 2877 3705 xxv,
2908 3642 2961 3694 2.
2983 3642 3023 3675 ⁷⁷
3067 3641 3285 3698 Coloss.
3322 3659 3382 3710 ιι,
3445 3644 3531 3698 19.
3590 3644 3635 3679 ⁷⁸
3663 3643 3878 3714 Ephes.

477 3750 555 3800 iv,
588 3733 675 3789 13.
707 3732 753 3767 ⁷⁸
786 3732 835 3786 ΙΙ
858 3735 983 3786 Cor.
1018 3747 1080 3798 ιι,
1116 3732 1204 3786 16.
1228 3732 1272 3766 ⁸ο
1303 3732 1421 3786 ibid
1455 3734 1542 3787 17.
1575 3733 1621 3770 ⁶¹
1656 3733 1765 3788 lsa.
1800 3750 1841 3803 1,
1872 3735 1962 3790 22.
1995 3735 2040 3772 ⁸³
2068 3736 2128 3792 Ρε

2256 3750 2375 3804 cm,
2411 3733 2496 3787 15.
3000 3726 3006 3732 ’

568 3857 656 3927 47)
691 3856 774 3908 Ἐν
803 3860 985 3909 πᾶσιν.
1024 3858 1189 3913 Deest
1213 3857 1269 3910 in
1299 3854 1437 3927 Reg.
1455 3872 1513 3927 ~1‘.

571 3924 659 3998 48)
690 3927 861 3995 Ἕξιν.
900 3928 1035 3998 Reg.
1066 3929 1168 3997 hu,
1203 3924 1553 3996 αάάὶιξείσί.

570 3996 658 4080 49)
690 3996 1154 4060 Καταπιεσθέντες.
1218 3999 1388 4080 Regi.
1414 4015 1460 4064 Γ,
1521 3996 1897 4080 n,§o'l_b.‘3,_
1937 4000 1991 4067 4,
2024 3998 2117 4055 0r.

477 4072 528 4141 1,
562 4067 754 4141 prima
811 4087 1011 4141 manu,
1070 4067 1537 4128 καταπιασθὲντες.
1594 4069 1752 4124 Coll).
1780 4070 1835 4137 6,
1867 4072 1924 4137 5,
1964 4089 2123 4123 κατα-

474 4136 510 4194 6
519 4136 806 4200 ιᾰσθὲντες.

546 4212 660 4284 (50)
691 4208 1043 4284 Βᾳρηθᾶντες.
1072 4212 1165 4284 Alta
1194 4226 1401 4284 novem
1433 4211 1639 4284 Regg.,
1669 4216 1799 4268 octo
1832 4211 2118 4281 Colb.,0r.

481 4284 532 4348 1,
556 4280 675 4357 Jes.
691 4328 714 4357 ,Α
735 4280 863 4357 Har.
897 4300 1027 4357 vero
1064 4280 1429 4357 βαρυνθέντες.

572 4355 663 4435 _51)
692 4349 886 4435 Ὕλης.
914 4349 1195 4435 Obesi-vat
1225 4355 1425 4435 Qomb:
1459 4353 1568 4409 hac
1597 4370 1754 4420 voce,
1786 4376 1813 4404 «
1846 4369 2059 4425 corpus
2090 4374 2120 4404 ››

452 4440 515 4479 ‘a
546 4440 821 4496 uregorio

546 3858 564 4061 ἓ

894 4427 1075 4498 assim
1109 4426 1447 4498 signiﬁcari.

554 4495 1254 4571 (52)⁷Στεῤῥοτερας.Βὲε.
1306 4498 1425 4562 bm,
1478 4496 1606 4551 Bill.
1666 4496 1726 4551 in
1782 4511 1967 4567 marg.
2010 4514 2123 4549 στε-

486 4566 768 4639 ρειυτὲρας,
801 4566 1140 4624 ὶ‹ἐοιῐόίοι·ἱ.
1187 4594 1207 4620 ι

552 4637 665 4707 (53)
697 4639 931 4701 Ἰκανῶς.
968 4663 995 4689 ‹‹
1030 4640 1417 4708 Sufﬁcienter,
1449 4637 1701 4708 abunde.
1738 4659 1760 4687 ι

695 4709 1122 4783 Δυναμούμενοι.
1148 4711 1298 4783 ‘Reg.
1339 4703 1441 4775 hu,
1475 4703 1784 4783 δυνάμενοι.

570 4781 660 4851 55)
721 4778 1055 4850 Καπηλεῦειν
1144 4778 1563 4851 δυνάμενοι.νω‹ι
1626 4780 1732 4844 Qui
1820 4780 2117 4851 possim_us

476 4846 808 4907 adulterare
824 4846 1063 4909 verbum
1081 4846 1399 4908 veritatis.»
1413 4849 1616 4905 Billius
1636 4867 1747 4904 non
1764 4846 2014 4905 reddidit
2028 4846 2119 4902 δυ-

475 4921 711 4993 νάμενοι,
748 4941 851 4979 nec
883 4924 1208 4980 Gabrielius
1234 4942 1248 4991 ;
1275 4939 1451 4994 quam
1475 4926 1670 4976 tamen
1692 4937 1890 4976 vocem
1923 4921 2120 4993 magni

478 5008 605 5047 esse
638 4997 941 5061 momenti,
967 5002 1023 5051 et
1054 4997 1138 5051 sic
1161 4995 1496 5051 vertendam
1521 4999 1721 5047 censet
1742 5010 1927 5047 novus
1948 4994 2124 5046 inter-

478 5080 610 5138 pres
642 5065 897 5121 Gallicus
920 5083 931 5121 :
959 5089 985 5116 ‹‹
1012 5068 1111 5137 qui
1138 5072 1405 5138 potentes
1422 5069 1561 5138 sunt
1584 5081 1753 5138 avare
1776 5068 1951 5134 atque
1975 5065 2125 5118 frau-

478 5134 745 5192 dulenter
764 5142 1010 5193 tractare
1030 5134 1272 5193 verbum
1296 5135 1575 5203 veritatis,
1590 5134 1850 5205 illudque
1869 5151 2126 5189 corrum-

478 5222 634 5280 pere,
659 5224 725 5262 ac
747 5208 947 5264 vinum
973 5226 1125 5280 aqua
1149 5210 1411 5263 miscere.
1440 5230 1466 5255 ››
1490 5206 1719 5280 Deinde
1738 5205 2051 5280 Gregorius
2070 5206 2125 5260 1°

476 5275 687 5334 alludit
714 5281 785 5334 ad
820 5281 939 5335 haec
972 5275 1131 5336 Isaiae
1163 5281 1357 5345 verba,
1388 5294 1438 5333 c.
1471 5294 1511 5345 ι,
1542 5278 1632 5345 22,
1664 5276 1727 5328 Ol
1754 5275 1996 5343 κάπηλοι
2029 5295 2123 5329 σου

480 5347 730 5424 μίσγουσι
760 5350 849 5404 τὸν
884 5350 1027 5405 οἶνον
1061 5348 1235 5406 ὕδατι.
1256 5373 1284 5401 ‹‹
1313 5350 1617 5424 Caupones
1651 5348 1733 5403 tui
1767 5351 2015 5424 miscent
2044 5348 2125 5403 vi-

479 5419 620 5493 _nu_m
652 5440 842 5493 aqua;
879 5446 907 5493 ξ)
941 5429 997 5493 et
1027 5426 1098 5479 ad
1132 5424 1252 5478 haec
1281 5419 1481 5493 Apost.
1510 5419 1551 5475 Il
1571 5421 1713 5493 ACor.
1736 5437 1797 5483 ιι,
1835 5422 1920 5488 17,
1943 5438 2123 5493 καπη-

478 5487 724 5555 λεύοντες
756 5487 847 5549 τὸν
882 5489 1046 5562 λόγον
1076 5497 1173 5549 τοῦ
1201 5487 1354 5562 Θεοῦ,
1391 5515 1419 5543 ‹‹
1450 5491 1845 5548 adulterantes
1884 5487 2126 5547 verbum

478 5563 615 5641 Dei;
651 5587 679 5616 ››
710 5569 771 5619 2ο
798 5583 935 5641 voce
965 5563 1252 5641 δυνάμενοι
1285 5564 1625 5641 signiﬁcare
1646 5564 1878 5641 videtur
1918 5579 2125 5641 pravos

478 5640 760 5713 pastores,
809 5640 907 5717 qui
964 5657 1074 5703 sua
1107 5635 1387 5701 'utuntu’r
1442 5639 1728 5713 potestate
1785 5637 1857 5699 ad
1913 5635 2125 5696 verita-

2230 3861 2348 3911 tem
2383 3852 2891 3922 corrumpendam,
2925 3858 2980 3907 et
3010 3851 3268 3909 alludere
3296 3854 3474 3909 simul
3508 3855 3578 3909 ad
3611 3854 3733 3910 haec
3754 3872 3881 3912 ver-

2233 3929 2309 3982 ba
2338 3942 2423 3996 p8.
2460 3940 2532 3990 L1,
2564 3920 2635 3996 3,:
2664 3920 2724 3996 Τί
2774 3920 3018 3996 ἐγκαυχᾷ
3074 3921 3125 3976 ἰν
3171 3924 3349 3996 κακαί,
3401 3924 3428 3977 ό
3487 3922 3712 3987 δυνατὸς
3760 3926 3883 3981 tivo-

2235 3994 2359 4081 μίαν
2383 4013 2452 4103 λγ(
2488 3995 2635 4103 ρυφιὰ
2667 3994 3041 4065 ςὶοιὶιιιιίειῖιι
3105 3995 3326 4051 malitia
3356 3996 3456 4067 qui
3488 4002 3694 4068 potens
3724 4015 3787 4055 es
3818 4000 3880 4055 in

2235 4084 2416 4103 ...ιηηι
2452 4083 2477 4103 n
2512 4083 2541 4103 ι.
2609 4089 2630 4103 .

2232 4066 2542 4124 iniquitate
2562 4068 2586 4117 .9
2608 4089 2630 4117 ι

2304 4085 2920 4210 (ἓὲῗῗιῐὲρακερδαίνιιν.
2954 4135 3033 4191 De
3082 4135 3173 4191 his
3224 4136 3538 4207 Apostolus
3569 4138 3591 4194 Ι
3620 4139 3766 4197 Tim.
3798 4157 3876 4209 v1,

2230 4213 2284 4280 5,
2312 4207 2347 4260 ’‹‹
2381 4209 2488 4272 Qui
2522 4207 2860 4280 existimant
2892 4213 3180 4280 quaestum
3213 4225 3342 4264 esse
3374 4210 3672 4280 pietatem.
3708 4234 3735 4261 ››
3767 4207 3878 4267 Εοὲ

2232 4224 2284 4280 θ,
2319 4234 2347 4260 ‹‹
2381 4224 2488 4272 υιιι
2522 4224 2860 4263 οιιιειιιιιιιηι
2892 4224 3180 4333 ἓυωειυω
3213 4225 3342 4264 esse
3374 4224 3672 4280 pietatem.
3708 4234 3735 4261 ››
3767 4224 3876 4267 E0-

2232 4284 2365 4337 dem
2399 4297 2579 4363 sensu_
2607 4295 2673 4363 ac
2699 4276 2867 4349 Greg.
2938 4279 3363 4363 ._Hier_onymus
3386 4282 3453 4363 iri
3478 4283 3539 4363 II_
3557 4286 3682 4363 Cor.
3703 4299 3743 4338 ιι
3775 4284 3876 4339 ait:

2233 4368 2515 4407 «omnem
2548 4351 2971 4424 doctorem,q_ui
2996 4351 3398 4407 auctoritatem
3422 4353 3879 4424 Scripturarum,

2233 4442 2335 4497 per
2366 4438 2543 4497 quam
2575 4426 2766 4491 potest
2787 4422 3421 4497 audientesAcorrigere,
3446 4422 3617 4497 vertit
3642 4427 3717 4497 _ad
3748 4442 3882 4497 gra~

2233 4493 2448 4551 tiam...
2480 4493 2683 4546 vinum
2716 4497 3050 4547 sanctarum
3084 4493 3519 4567 Scripturarum
3548 4493 3882 4553 violars'at—

2234 4583 2344 4638 que
2378 4579 2959 4638 corrumperesensu
2991 4582 3121 4620 suo.
3168 4590 3189 4614 ι

2303 4639 2416 4708 (57)
2472 4632 2949 4708 Ἐγγαστρίμυθοι.
3011 4640 3130 4691 Vox
3205 4635 3327 4705 illa,
3396 4654 3573 4708 quam
3634 4637 3881 4708 Vulgata

2149 4717 2194 4781 D
2228 4730 2255 4758 ‹‹
2292 4707 2577 4781 pythones
2607 4728 2634 4756 ››
2670 4707 3102 4781 interpretatur,
3138 4724 3286 4781 saepe
3318 4709 3573 4781 occurrit
3625 4708 3685 4781 in
3728 4707 3881 4764 Scri-

2230 4777 2438 4851 pturis.
2460 4777 2576 4851 iHic
2609 4782 2801 4851 autem
2835 4777 3147 4851 Gregorius
3178 4777 3386 4851 alludit
3417 4780 3485 4851 ad
3518 4780 3636 4832 haec
3671 4780 3878 4851 18.98p.

2232 4847 2357 4922 vlli,
2415 4848 2790 4922 19,_v_erba:
2871 4847 3145 4916 Ζητήσατε
3218 4847 3345 4922 τοὺς
3420 4847 3879 4922 ἐγγαστριμύθους

2232 4920 2331 4993 καὶ-
2354 4918 2477 4979 τοὺς
2505 4918 2609 4970 ἀπὸ
2629 4924 2736 4993 ⁵τῆς
2769 4923 2873 4990 γῆς
2904 4924 3234 4993 φωνοῦντας,
3264 4918 3389 4977 τοὺς
3426 4918 3877 4993 *κενολογοῦνταα

2233 4991 2286 5065 οἳ
2317 4991 2375 5065 ἐκ
2404 4996 2503 5058 τῆς
2536 4986 2750 5065 κοιλίας
2783 4986 3041 5065 ἐρευνοῦσι.
3067 4986 3229 5055 Quos
3250 4986 3654 5065 ventriloquos'
3681 4986 3880 5065 appel}

2234 5064 2315 5118 lat
2338 5064 2539 5127 Isaias,
2564 5060 2804 5133 eosdem
2824 5060 3068 5131 Vulgata
3095 5084 3119 5113 «
3148 5060 3882 5133 pythones,rmagos,'divi-

2236 5152 2361 5201 nos,
2398 5156 2422 5181 ››
2459 5138 2566 5187 etc.
2601 5132 2890 5202 Antiquos
2928 5132 3238 5203 gentiles’e
3268 5138 3422 5187 terra
3453 5132 3613 5186 fundi
3647 5136 3882 5187 oracula

2235 5204 2555 5284 credidisse
2587 5208 2766 5284 patet,
2802 5204 3002 5284 inquit
3024 5204 3376 5284 GabLexillo
3399 5203 3699 5284 _(_}iceroni‘s
3730 5204 3877 5284 loco,

2235 5278 2308 5332 De
2336 5276 2471 5339 div.,
2506 5275 2562 5328 in
2594 5274 2694 5328 lib.
2731 5292 2768 5341 ι,
2802 5274 2900 5328 ubi
2933 5276 3049 5330 ait:
3084 5297 3112 5324 «
3147 5276 3328 5329 Credo
3361 5276 3531 5327 etiam
3581 5274 3879 5328 auhnlitus

2236 5348 2521 5419 quosdam
2581 5345 2763 5419 fuisse
2797 5351 3122 5413 terrarum;
3157 5347 3372 5418 quibus
3406 5346 3615 5398 inflatio
3654 5354 3878 5401 mentes

2236 5417 2470 5475 oracula
2500 5417 2830 5472 fimderent.
2869 5441 2889 5466 ι.

2306 5486 2865 5563 (58)-Θεραπεύοντες.
2917 5488 3079 5563 Oliv_._
3125 5510 3152 5539 ‹‹
3182 5491 3480 5563 venantes,
3518 5508 3568 5563 »_
3597 5485 3723 5563 Bill.
3760 5486 3878 5563 pri-

2236 5558 2334 5647 ma
2356 5558 2496 5617 edit.
2524 5558 2551 5611 ἱ‹
2574 5565 2953 5635 aucupantes.
2979 5582 3007 5613 »
3037 5561 3291 5634 Uterque
3311 5558 3536 5618 videtur
3555 5558 3767 5634 legisse
3784 5558 3881 5635 θη-

2236 5648 2457 5715 ρωντις.
