4152 6286
301 255 417 314 456

1541 248 1605 303 S.
1654 243 2022 303 GREGORII
2072 243 2466 303 THEOLOGI

3589 252 3709 312 456

298 385 538 457 prolatis
569 388 624 438 et
646 385 703 438 in
726 389 939 438 terram
965 378 1477 453 pessumeuntibus
1503 395 1515 444 ;
1541 381 1606 432 ut
1628 375 1933 431 maximam

2056 394 2170 436 νοις
2221 373 2295 436 εἷς
2342 377 2465 450 γῆψ
2500 375 2573 437 ὡς
2626 375 2683 429 ἂν
2728 374 2963 448 μάλιστα
2993 375 3378 452 εὐδοκιμοῖμεν
3413 383 3524 454 (59)
3559 383 3709 455 παρὰ
3774 367 3781 375 ¹

298 475 456 546 apud
492 472 702 542 vulgus
735 469 976 542 gloriam
1011 475 1065 524 et
1088 468 1343 523 nominis
1380 466 1771 521 celebritatem
1805 480 1942 518 con-

299 567 641 634 sequantur,
670 560 939 614 maximis
989 559 1147 627 ipsos
1191 557 1425 611 damnis
1470 555 1810 620 efficientes,
1844 556 1945 607 aut

296 652 471 706 etiam
506 649 744 703 omnino
776 648 1103 718 perdentes,
1138 651 1312 716 atque
1358 644 1668 699 innoxium
1716 641 1941 712 simpli-

297 740 519 793 ciorum
554 737 885 791 animarum
917 750 1182 789 cruorem
1233 733 1615 799 elfundentes,
1652 732 1723 786 de
1754 729 1942 785 mani-

299 829 408 881 bus
441 824 658 880 nostris
688 823 1001 894 aliquando
1032 820 1447 892 requirendum
1470 820 1533 873 ⁸³.

364 913 577 970 XLVII.
605 911 751 978 Quin
779 910 1134 982 potiusillud
1166 909 1409 975 scimus,
1435 908 1645 962 melius
1666 924 1793 962 esse
1810 905 1943 962 aliis

291 1004 391 1075 qui
424 1002 566 1057 artis
599 1000 809 1071 peritia
839 1002 1131 1071 prastent,
1166 997 1377 1052 salutis
1423 1002 1633 1051 nostrae
1685 995 1940 1050 habenas

292 1092 627 1157 concedere,
663 1104 840 1159 quam
890 1086 1195 1158 imperitos
1241 1085 1489 1140 aliorum
1523 1084 1758 1154 aurigas
1790 1100 1940 1149 esse,

293 1186 467 1252 atque
489 1195 687 1233 aurern
715 1176 909 1248 potius
931 1191 1156 1245 aequam
1183 1174 1547 1241 submittere,
1569 1188 1743 1243 quam
1763 1171 1942 1242 impe-

299 1272 469 1323 ritam
509 1270 766 1337 linguam
801 1280 1048 1319 movere.
1097 1268 1223 1317 Haec
1275 1279 1406 1317 cum
1452 1258 1758 1316 nobiscum
1806 1259 1937 1331 ipsi,

300 1376 410 1412 non
439 1356 709 1428 pessimis
732 1355 975 1409 fortasse
996 1351 1365 1417 consiliariis,
1388 1349 1680 1405 benevolis
1703 1349 1937 1419 quidem

299 1453 472 1511 certe,
506 1443 798 1508 collocuti,
834 1441 1223 1513 preastabilius
1281 1456 1409 1494 esse
1462 1438 1756 1507 duximus,
1804 1453 1937 1491 cum

294 1553 422 1607 qua:
456 1524 700 1589 dicenda
730 1536 787 1587 et
818 1530 1077 1585 facienda
1108 1532 1320 1595 essent,
1352 1527 1804 1596 nesciremus,ea
1836 1526 1936 1579 ad-

289 1624 530 1687 discere,
566 1637 742 1693 quam
804 1619 1127 1674 nescientes
1186 1618 1408 1673 docere.
1470 1615 1745 1670 Praeclare
1778 1614 1934 1669 enim

287 1728 421 1766 cum
455 1727 519 1764 eo
552 1712 764 1779 agitur,
798 1707 887 1761 cui
936 1708 1021 1760 vel
1076 1705 1134 1759 in
1197 1705 1541 1776 profundam
1576 1707 1933 1758 senectutem

286 1817 469 1855 canus
501 1814 691 1852 sermo
726 1796 935 1861 veniat,
960 1810 1206 1865 eamque
1234 1794 1347 1848 vim
1374 1794 1692 1857 babens,ut
1718 1792 1933 1846 recenti

288 1889 479 1945 adhuc
512 1888 567 1940 in
605 1886 811 1956 pietate
834 1884 1038 1938 animae
1061 1885 1395 1950 adjumento
1418 1897 1545 1935 esse
1578 1881 1930 1951 possit.Nam

288 1982 441 2031 certe
474 1974 619 2029 alios
650 1974 853 2027 docere
913 1971 1168 2042 aggredi,
1225 1970 1569 2041 priusquam
1629 1969 1738 2040 ipsi
1790 1968 1933 2024 satis

290 2064 476 2121 edocti
510 2064 719 2124 simus,
754 2078 818 2115 ac
852 2059 1178 2130 figulinam,
1216 2063 1279 2111 ut
1328 2058 1438 2112 dici
1489 2056 1654 2123 solet,
1688 2058 1746 2111 in
1779 2057 1931 2112 dolio

290 2155 535 2216 discere,
563 2151 668 2205 hoc
690 2155 777 2205 est
810 2149 863 2202 in
898 2148 1142 2201 aliorum
1169 2147 1482 2200 animabus
1509 2146 1784 2217 pietatem
1819 2163 1933 2201 me-

286 2243 457 2299 ditari
493 2246 547 2295 et
576 2254 861 2303 exercere,
891 2236 1057 2291 valde
1087 2236 1401 2290 stultorum
1461 2240 1562 2289 aut
1591 2236 1927 2290 temerario-

285 2349 411 2386 rum
446 2329 753 2384 hominum
784 2342 911 2380 esse
944 2324 1086 2380 mihi
1120 2324 1379 2378 videtur:
1416 2322 1730 2377 stultorum
1777 2323 1825 2377 si
1857 2341 1929 2379 ne

285 2419 576 2473 inscitiam
610 2415 846 2487 quidem
871 2430 1038 2468 suam
1066 2416 1431 2485 agnoscunt:
1456 2412 1924 2478 temerariorum,

286 2508 332 2562 si
357 2522 489 2562 cum
512 2522 641 2560 eam
664 2503 953 2574 cognitam
978 2501 1249 2566 habeant,
1275 2499 1383 2553 hoc
1410 2506 1601 2555 tamen
1626 2501 1925 2571 negotium

286 2594 522 2667 aggredi
554 2610 669 2648 non
698 2594 989 2647 verentur.

357 2682 598 2739 XLVIII.
658 2682 961 2734 Enimvero
1021 2678 1392 2733 Hebraeorum
1455 2676 1745 2748 sapientes
1776 2677 1926 2732 hanc

285 2773 425 2828 olim
445 2769 699 2826 Hebraeis
723 2767 908 2840 legem
933 2768 1112 2821 fuisse
1136 2767 1459 2831 narrant,in
1486 2766 1689 2835 primis
1707 2773 1922 2820 rectam

282 2867 341 2916 et
371 2860 541 2916 laude
574 2858 834 2929 dignam,
869 2873 984 2927 qua
1012 2872 1122 2929 non
1156 2854 1337 2909 cuivis
1371 2855 1516 2908 aetati
1553 2855 1741 2925 quivis
1774 2856 1923 2907 Scri-

284 2956 463 3022 ptura:
498 2948 641 3002 liber
672 2945 1114 3007 concedebatur,
1138 2960 1271 2997 nam
1308 2960 1376 2995 ne
1408 2943 1509 2996 hoc
1537 2943 1770 3013 quidem
1809 2944 1922 2996 uti—

279 3040 394 3094 lius
424 3054 572 3102 esse,
607 3033 1080 3107 quandoquidem
1108 3048 1209 3086 nec
1228 3036 1345 3086 tota
1369 3032 1563 3083 statim
1602 3048 1633 3083 a
1664 3032 1923 3101 quolibet

2051 467 2169 524 τοῖς
2206 461 2463 535 πολλοῖς,
2499 462 2581 518 ὅτι
2633 463 2866 537 μάλιστα
2913 470 3237 539 ζημιοῦντες
3285 468 3481 531 αὐτοὺς
3513 473 3648 543 (60),
3678 474 3712 541 ἣ

2051 548 2408 621 ἀπολλύντες,
2467 551 2555 606 καὶ
2614 553 2749 625 αἷμα
2825 554 2995 607 ἀθῶον
3071 554 3458 633 ἁπλουστέρων
3514 562 3709 635 ψυχῶν

2052 636 2332 713 ἐκχέοντες
2366 638 2423 694 ἐκ
2454 645 2557 695 τῶν
2592 645 2791 715 χειρῶν
2828 644 2986 713 ἡμῶν
3025 642 3539 718 έκζητηθησόμενον
3569 650 3704 722 (61).

2120 908 2243 961 MZ'.
2280 902 2437 958 Ἀλλ’
2479 901 2679 966 εἰδότες
2732 904 2937 979 ἑτέροις
2989 905 3202 979 βέλτιον
3257 908 3389 963 εἶναι
3436 910 3533 972 τὰς
3581 912 3700 966 ἑαυ-

2046 995 2154 1045 τῶν
2212 990 2369 1060 ἡνίας
2427 988 2687 1058 ἐνδιδόναι
2746 993 3181 1070 τεχνικωτέροις,
3214 997 3247 1064 ἢ
3302 993 3488 1052 ἄλλων
3544 998 3699 1068 ἡνιό-

2048 1099 2185 1155 χους
2261 1080 2393 1134 εἶναι
2458 1082 2914 1153 ἀνεπισνήμονας,
2972 1081 3062 1136 καί
3136 1083 3305 1152 ἀκοὴν
3394 1086 3701 1151 ὑποτιθέναι

2052 1166 2263 1239 μᾶλλον
2326 1168 2660 1245 εὐγνώμονα,
2716 1172 2750 1239 ἢ
2810 1170 3063 1245 γλῶσσαν
3123 1178 3292 1227 κινεῖν
3357 1172 3698 1230 ἀπαίδευτον·

2048 1260 2212 1341 ταῦτα
2243 1253 2618 1332 διαλεχθέντες
2649 1260 2784 1329 ἡμῖν
2814 1259 3017 1328 αὐτοῖς,
3049 1259 3138 1313 καὶ
3172 1256 3299 1323 ἴσως
3350 1262 3412 1316 οὐ
3466 1264 3699 1341 φαύλοις

2048 1340 2407 1418 συμϐούλοις,
2442 1345 2487 1400 εἰ
2539 1343 2596 1400 δὲ
2646 1347 2721 1418 μή
2778 1367 2860 1420 γε,
2894 1345 3023 1401 ἀλλ’
3068 1346 3161 1401 οὗν
3215 1347 3389 1412 εὔνοις
3442 1340 3578 1425 (62),
3611 1353 3701 1407 καὶ

2044 1434 2110 1489 τὰ
2169 1434 2327 1509 ῥητέα
2382 1434 2470 1488 καὶ
2528 1435 2594 1488 τὰ
2641 1436 2877 1509 πρακτέα
2929 1438 3114 1509 μαθεῖν
3166 1437 3264 1492 οὐκ
3314 1436 3514 1503 εἳδότες
3562 1444 3696 1514 (63),

2050 1524 2261 1597 μᾶλλον
2294 1525 2326 1593 ἢ
2357 1521 2620 1599 διδάσκειν
2672 1523 3013 1599 ἀγνοούντες,
3067 1523 3489 1601 ἐδοκιμάσαμεν.
3538 1532 3697 1607 Ἀγα-

2047 1613 2215 1682 πητὸν
2249 1613 2351 1688 γὰρ
2383 1612 2491 1684 ὅτῳ
2539 1612 2634 1667 κᾶν
2684 1612 2758 1674 εἷς
2809 1613 2941 1689 βαθὺ
2991 1621 3164 1690 γῆρας
3215 1615 3379 1691 λόγος
3439 1616 3691 1695 ἀφίκοιτο

2045 1700 2241 1762 πολιὸς
2285 1703 2422 1774 (64),
2468 1701 2556 1755 καὶ
2606 1701 2885 1779 ὠφελῆσαι
2935 1702 3054 1757 νέαν
3107 1703 3157 1758 έν
3213 1699 3455 1776 εὐσεϐείᾳ
3504 1706 3688 1781 ψυχὴν

2044 1786 2359 1862 δυνάμενος.
2394 1791 2480 1850 Ὠς
2538 1789 2599 1843 τό
2657 1810 2718 1866 γε
2774 1787 3045 1845 παιδεύειν
3105 1788 3310 1855 ἄλλους
3371 1791 3687 1869 ἐπιχειρεῖν,

2042 1878 2166 1953 πρὶν
2218 1878 2411 1940 αὐτοὺς
2464 1880 2575 1952 (65)
2624 1880 2820 1941 ἱκανῶς
2867 1877 3241 1949 παιδευθῆναι,
3294 1881 3384 1936 καὶ
3446 1881 3496 1936 έν
3544 1882 3688 1954 πίθῳ

2040 1968 2139 2036 τὴν
2197 1967 2485 2043 κεραμείαν
2700 1970 2998 2039 μανθάνειν,
3047 1971 3109 2024 τὸ
3150 1967 3215 2037 δὴ
3269 1969 3589 2045 λεγόμενον,
3637 1971 3691 2026 έν

2039 2061 2157 2117 ταῖς
2214 2061 2317 2111 τῶν
2376 2055 2561 2112 ἄλλων
2621 2059 2823 2132 ψυχαῖς
2878 2050 3168 2131 έκμελετᾷν
3231 2060 3331 2125 τήν
3394 2055 3687 2130 εὐσέϐειαν,

2042 2143 2159 2198 λίαν
2250 2144 2378 2199 εἶναί
2468 2165 2559 2217 μοι
2648 2145 2889 2222 φαίνεται
2969 2146 3212 2217 ἀνοήτων
3272 2148 3305 2216 ἣ
3359 2146 3685 2224 τολμηρῶν*

2041 2233 2303 2288 ἀσυνέτων
2364 2234 2475 2305 μὶν,
2512 2233 2557 2287 εἰ
2614 2231 2755 2305 μηδὲ
2807 2234 3145 2299 αἰσθάνοιντο
3174 2238 3292 2309 (67)
3320 2244 3421 2306 τῆς
3483 2237 3686 2293 ἑαυτῶν

2040 2322 2315 2393 ἀμαθείας·
2367 2320 2601 2397 θρασέων
2657 2320 2734 2394 δὲ,
2789 2323 2833 2377 εἰ
2892 2324 2981 2379 καὶ
3035 2327 3151 2397 (68)
3207 2326 3487 2397 συνιέντες,
3522 2348 3689 2381 κατα-

2038 2406 2288 2481 τολμῶσι
2321 2411 2434 2482 (69)
2464 2413 2561 2463 τοῦ
2592 2410 2935 2485 πράγματος.

2108 2678 2246 2734 ΜΗ’.
2304 2671 2561 2750 Ἐϐραίων
2644 2676 2738 2749 μὶν
2788 2674 2882 2730 οὖν
2940 2678 2990 2731 οἱ
3049 2678 3347 2755 σοφώτεροι
3405 2679 3675 2754 λέγουσιν,

2033 2765 2107 2827 ὡς
2162 2761 2262 2840 ἄρα
2317 2765 2384 2834 ἧν
2439 2786 2524 2826 τις
2575 2764 2743 2819 πάλαι
2798 2764 2969 2837 νόμος
3001 2768 3112 2839 (70)
3146 2763 3436 2841 Ἑϐραίοις,
3470 2766 3521 2822 ἐν
3554 2772 3672 2830 τοῖς

2039 2854 2273 2926 μάλιστα
2322 2856 2376 2909 εὗ
2424 2851 2567 2930 ἔχων
2608 2855 2694 2908 καὶ
2748 2854 3149 2928 ἐπαινούμενος,
3204 2857 3279 2927 μή
3329 2862 3499 2911 πᾶσαν
3554 2855 3678 2926 ἠλι-

2034 2942 2151 2997 κίαν
2211 2943 2353 3016 πάσῃ
2410 2942 2592 3020 Γραφῇ
2651 2940 2970 3007 ἐνδίδοσθαι·
3019 2942 3159 3016 μηδὲ
3213 2945 3316 3020 γὰρ
3375 2948 3486 3019 (71)
3546 2945 3679 3000 εἶναι

2034 3036 2192 3086 τοῦτο
2242 3030 2700 3106 λυσιτελέστερον,
2742 3032 2822 3086 δτι
2877 3030 3016 3104 μηδὲ
3064 3039 3232 3087 πᾶσαν
3294 3033 3487 3096 εὐθέως
3548 3033 3680 3089 εἶναι

283 3128 499 3198 percipi
536 3125 740 3196 possit,
775 3138 860 3189 ac,
895 3122 1044 3191 quod
1078 3121 1137 3174 in
1196 3138 1262 3175 ca
1322 3120 1679 3174 rcconditius
1711 3128 1819 3183 cst,
1854 3122 1925 3175 ob

2049 3121 2197 3175 παντὶ
2230 3120 2469 3191 ληπτὴν,
2501 3120 2589 3175 καὶ
2619 3122 2685 3175 τὰ
2719 3121 2945 3195 μέγιστα
2985 3121 3043 3175 ἂν
3100 3121 3225 3183 τοὺς
3278 3122 3528 3185 πολλοὺς
3585 3144 3681 3178 κα-

286 3224 583 3270 externam
617 3211 865 3283 speciem
902 3208 1359 3279 imperitioribus
1394 3208 1709 3278 plurimum
1753 3210 1927 3262 detri-

289 3304 467 3358 menti
505 3304 708 3355 nli'erre
741 3299 963 3370 possit;
998 3314 1194 3352 verum
1230 3299 1329 3351 36
1362 3298 1457 3349 alii
1491 3297 1619 3350 libri
1662 3301 1732 3351 ab
1766 3297 1930 3352 initio

285 3393 510 3445 cunctis
548 3390 839 3460 patebant,
874 3392 930 3441 et
959 3402 1298 3441 communes
1330 3392 1513 3451 erant,
1540 3386 1646 3439 hoc
1669 3390 1755 3439 est
1786 3402 1928 3455 quo-

354 3492 399 3523 “
435 3488 634 3541 Ezech.
671 3503 754 3553 111,
785 3487 889 3551 20;
921 3501 1119 3550 χχχιιι,
1151 3484 1204 3536 8.

352 3587 461 3658 (5‘3)
496 3580 915 3658 ῐῖὒδοκιμοῖμεν.
979 3581 1072 3658 Sic
1115 3587 1252 3658 _oc_to
1304 3581 1472 3658 ﬁegg

288 3646 774 3730 quinqrtlolbfe‘t
802 3646 1148 3730 Jes.,ﬁCoisl.
1186 3653 1236 3730 t,
1269 3646 1553 3730 εὐδόκιμοι
1586 3646 1932 3730 ἦῌμεντ-Νο-[ιὲ

287 3718 432 3785 nulli
458 3718 1063 3797 ἐὐδοκιμοίημεν.Ῥελῐῆ.
1097 3725 1309 3797 βιγΒιιε.
1346 3718 1706 3791 εὐδοκιμοῖεν.
1741 3724 1828 3778 Sic
1861 3724 1935 3779 le-

285 3803 370 3873 git
402 3800 604 3856 Billius
636 3795 691 3853 et
717 3796 882 3851 vertit
916 3817 942 3844 (ι
974 3795 1362 3873 celebritatem
1410 3800 1865 3873 consequantur.
1905 3817 1931 3843 η

286 3864 388 3945 pro
421 3892 448 3920 ‹‹
480 3884 948 3945 consequamur;
989 3889 1014 3914 ››
1047 3870 1103 3919 et
1135 3866 1380 3945 fortasse
1412 3864 1767 3936 omniaquae
1795 3882 1935 3937 prae-

285 3937 501 3999 cedunt
535 3937 723 4013 prima
753 3937 1245 4013 personarectius
1274 3942 1653 4013 verterentur.

363 4016 474 4083 (60)
506 4008 883 4070 Ᾱύτούςᾘὸίο
934 4008 1137 4083 Billius
1189 4008 1594 4061 emendaverat
1621 4008 1843 4083 iopas.
1878 4012 1935 4063 et

293 4078 517 4139 Tillem.
545 4086 698 4153 quod
725 4082 956 4151 plurimi
982 4080 1208 4153 codices
1231 4083 1598 4153 conlirmant.
1620 4078 1824 4153 Billius
1847 4083 1934 4134 ta-

296 4173 449 4243 men,
485 4149 632 4209 ut'et
662 4149 1009 4214 Gabrielius,
1035 4150 1204 4205 vertit
1224 4172 1249 4198 ‹‹
1277 4150 1519 4221 seipsos.
1547 4172 1573 4199 ››
1600 4155 1662 4203 1n
1695 4150 1785 4204 ed.
1806 4149 1931 4203 ἑαυ-

295 4246 445 4284 τους.

330 4292 1066 4421 ό(61)Ἐκζητηθησόμενον.
1131 4292 1214 4346 Ita
1267 4292 1385 4346 Jes.
1433 4293 1490 4346 In
1526 4292 1664 4347 edit.
1700 4289 1931 4359 ἰκζητη-

366 4387 542 4421 μενον.

296 4387 542 4421 σοιιενον.

409 4388 542 4421 ενον.

540 4433 764 4508 ιςῦνοιςλη
823 4434 1100 4508 Sequitur
1166 4434 1223 4485 in
1302 4434 1391 4487 ed.
1472 4439 1601 4508 Bas.
1658 4430 1749 4508 δια
1801 4436 1931 4508 τοῦ·

294 4506 379 4576 το,
412 4506 539 4580 quos
584 4526 616 4563 a
668 4506 829 4561 Billio
871 4506 1059 4580 deleta
1102 4510 1258 4569 sunt,
1313 4526 1339 4553 ‹‹
1386 4506 1543 4580 quia,
1590 4506 1801 4577 inquit,
1834 4506 1933 4580 de-

292 4575 462 4637 erant
504 4581 559 4634 in
619 4580 844 4634 Card.»
907 4576 1212 4640 Addimus,
1273 4582 1328 4630 et
1386 4575 1443 4629 in
1504 4575 1723 4632 caeteris
1781 4575 1937 4632 codi-

298 4655 482 4707 citius.

1479 3623 1489 3632 .
1556 3580 1703 3646 Pus.,
1749 3580 1842 3635 Or.
1879 3582 1931 3649 1,

362 4718 746 4795 (63)Εἷδότες.
805 4716 975 4775 Coisl.
1039 4716 1091 4781 1,
1153 4711 1382 4784 εἰδότας,
1439 4724 1503 4773 ut
1562 4723 1760 4789 postea
1789 4715 1939 4792 ἀγνο-

293 4815 416 4848 θ’)ντ
432 4815 504 4853 κ.

364 4870 478 4935 (64)
506 4861 933 4935 ΠολιόςηΕΙίειο.
969 4880 995 4935 g
1028 4858 1235 4935 canitie
1262 4859 1526 4935 dignus.
1568 4882 1593 4906 n
1648 4861 1772 4935 Bas.
1808 4856 1908 4935 πρέ

364 4876 478 4935 (64)
507 4876 729 4922 Πολιος.
770 4876 933 4915 unas.
972 4880 995 4909 α
1028 4876 1235 4912 canitie
1293 4876 1526 4928 dignus.
1568 4882 1593 4906 η
1650 4876 1772 4913 bas.
1808 4878 1846 4909 π
1885 4876 1937 4912 ε-

291 4957 405 4989 πων
440 4932 841 5003 πεπολιωμένῳ
898 4927 1068 5003 ἀνδρί·
1127 4930 1275 4982 τοῦτ’
1325 4926 1455 5003 ἔστι,
1489 4929 1726 4989 συνετός.
1769 4950 1789 4975 ε
1825 4876 1937 5003 lio-

295 5012 451 5063 niine
484 5024 628 5062 cano
660 5000 896 5077 dignus,
937 5027 961 5051 υ
997 5000 1104 5056 hoc
1141 5007 1249 5070 est,
1284 5002 1516 5072 sapiens
1555 5007 1610 5058 et
1658 5025 1683 5050 ‹‹
1720 5000 1936 5055 intelli-

334 5098 450 5133 ens.
489 5102 513 5126 η
1804 5092 1808 5095 ⁷

293 5098 450 5150 gens.
489 5102 513 5126 η

364 5150 474 5274 (65ἴ
527 5144 753 5206 Αὐτούς.
814 5146 951 5215 Reg.
1013 5144 1114 5212 hu,
1176 5141 1301 5217 πρὶν
1332 5141 1389 5196 ἂν
1422 5140 1638 5203 αὐτούς.
1673 5142 1845 5198 Cois].
1882 5143 1932 5213 1,

296 5228 347 5274 et
380 5230 453 5274 (Σο
484 5222 535 5274 b.
572 5236 650 5271 In.
682 5217 804 5274 πρὶν
837 5213 1015 5274 αὐτός,

296 5228 347 5275 et
369 5213 535 5275 liolb.
572 5236 650 5271 1n.
682 5217 804 5290 1:in
837 5213 1015 5290 αὐτός.

362 5295 473 5367 (66)
536 5285 854 5367 Κεριμεί-αν.
920 5288 1015 5342 Sic
1074 5290 1291 5366 septem
1323 5286 1512 5367 “Reg?
1562 5286 1655 5367 Or.
1691 5285 1935 5367 Jes_._I§;-

362 5311 473 5363 (00)
536 5311 854 5415 ιιεριμειαν.
920 5311 1015 5342 DIC
1074 5311 1291 5366 septeni
1355 5311 1512 5367 1165,,
1562 5311 1655 5340 ur.
1691 5311 1807 5340 des.
1846 5311 1933 5338 ns-

332 5364 653 5447 2piavhvero
714 5362 911 5447 ‘a'bent
934 5376 1053 5447 non
1096 5374 1284 5447 pauci,
1323 5357 1571 5447 EnSlillIIS
1603 5362 1657 5411 et
1679 5357 1827 5447 led‘i‘t-i
1860 5357 1933 5411 li-

294 5382 487 5489 ρκμλςιν
524 5382 653 5416 vero
690 5382 899 5415 nauem.
934 5382 1046 5413 non
1096 5382 1284 5428 pauci,
1323 5382 1571 5438 [metilius
1603 5382 1657 5411 cl.
1687 5382 1827 5411 υιιιιι
1860 5382 1931 5411 ιι-

310 5452 401 5490 )Γι.
439 5460 464 5485 ‹‹
502 5433 873 5487 Proverbium
900 5431 1080 5499 istud,
1102 5452 1127 5479 υ
1147 5430 1313 5497 juxta
1337 5428 1619 5482 Baetlium
1644 5434 1699 5483 et
1730 5428 1931 5495 Eliam,

297 5527 324 5558 ι
357 5509 414 5561 in
439 5522 537 5562 eos
559 5509 666 5568 r-st,
691 5503 789 5573 qui
812 5504 1054 5573 majora,
1083 5502 1694 5573 priusquzimgminora,
1719 5502 1933 5555 docen-

292 5580 391 5640 tur
447 5578 547 5635 aut
598 5570 992 5633 addiscunt.»
1042 5570 1166 5630 Nec
1213 5570 1368 5631 enim
1428 5571 1486 5627 in
1527 5572 1699 5642 dolio,
1730 5588 1934 5647 verum

2037 3213 2206 3263 κῶσαι
2249 3213 2328 3280 τῷ
2382 3208 2710 3286 φαινομένῳ,
2744 3211 2841 3276 τὴν
2892 3210 3205 3284 βαθυτέραν·
3239 3210 3384 3265 ἀλλὰ
3433 3212 3530 3273 τὰς
3592 3212 3686 3284 μὲν

2039 3298 2131 3355 ἀπ’
2185 3298 2363 3371 ἀρχῆς
2418 3297 2654 3351 ἀνεῖσθαι
2714 3303 2840 3351 πᾶσι
2900 3297 2989 3351 καὶ
3050 3298 3179 3353 εἶναι
3237 3301 3439 3366 κοινὰς,
3474 3301 3546 3354 ὧν
3594 3299 3684 3354 καὶ

2039 3385 2101 3438 τὸ
2156 3385 2463 3457 σωματικὸν
2492 3388 2605 3458 (72)
2637 3384 2734 3439 οὐκ
2792 3382 3075 3456 ἀδόκιμον·
3108 3386 3203 3448 τὰς
3266 3384 3323 3440 δὲ
3357 3388 3431 3459 μὴ
3488 3385 3685 3449 ἄλλοις

2044 3582 2099 3658 in
2162 3582 2517 3658 m_inoribus_
2546 3580 2820 3645 vasculis,
2878 3582 3033 3637 velut
3085 3582 3230 3658 ollis
3276 3589 3377 3639 aut
3412 3585 3682 3658 _cyathis,

2044 3653 2099 3706 in
2133 3653 2347 3776 qtuibus
2376 3652 2523 3708 tanti
2544 3670 2660 3707 non
2686 3658 2774 3708 est
2799 3670 3050 3724 peccare,
3076 3654 3376 3724 ﬁgulinam
3401 3652 3565 3729 ﬁguli
3587 3659 3687 3712 do-

2044 3740 2145 3776 cen
2184 3764 2195 3776 .

2044 3740 2195 3779 cent.

2114 3795 2226 3864 (67)
2260 3790 2629 3864 Δίσθάνοιντο.
2659 3794 2790 3862 Alii,
2826 3792 3203 3856 αἰσθάνωνται.

2043 3866 2224 3990 bugS)
2255 3863 2318 3918 Εἰ
2350 3863 2457 3920 καί.
2493 3863 2588 3918 Καί
2644 3866 2805 3921 deest
2864 3867 2921 3920 in
2980 3869 3256 3922 omnibus
3305 3884 3452 3940 pene
3482 3870 3688 3924 codici-

2087 3952 2175 3990 US.

2256 4002 2672 4080 Kacatolpfbar.
2708 4006 2854 4061 Male
2886 4007 3065 4080 inred.
3100 4006 3493 4080 κατατολμᾶσι.

2134 4075 2225 4148 70)
2284 4075 2518 4147 Νόμος(
2554 4098 2581 4126 ‹‹
2640 4078 3136 4134 Consuetudinem
3179 4102 3205 4131 »
3270 4075 3688 4148 interpretatur

2042 4146 2218 4212 Elias,
2252 4146 2400 4223 rect:
2427 4149 2685 4223 quidem.
2719 4149 2864 4204 Nam
2896 4150 2953 4203 in
2995 4148 3112 4206 lata
3138 4150 3279 4223 lege
3326 4146 3687 4223 prohibitum

2044 4235 2159 4273 non
2191 4220 2462 4295 reperias:
2500 4221 2609 4295 Eas
2640 4225 2835 4274 autem
2866 4225 3095 4276 tantum
3124 4220 3436 4295 Scriptura:
3470 4230 3685 4295 partes,

2043 4306 2293 4364 quarum
2326 4291 2667 4364 profundior
2687 4296 2810 4346 erat
2827 4308 3056 4357 sensus,
3082 4298 3145 4347 ut
3163 4291 3353 4364 prima
3373 4291 3688 4351 Ezechielis

2043 4363 2233 4443 capita
2257 4363 2339 4443 de.
2352 4362 2675 4443 cherubim,
2700 4372 2993 4443 postrema
3015 4365 3084 4418 de
3102 4362 3524 4422 instauratione
3544 4371 3688 4422 tem-

2047 4433 2145 4506 pli,
2178 4433 2478 4489 Canticum
2511 4433 2892 4503 canticOrum,
2926 4435 3115 4506 legere
3172 4453 3316 4491 usus
3374 4454 3489 4493 non
3522 4442 3682 4492 erat:

1965 4490 2010 4553 D
2043 4490 2188 4558 alias
2220 4510 2415 4559 autem
2442 4510 2643 4580 partes
2668 4490 2893 4561 cunctis
2917 4490 3017 4560 fa;
3018 4511 3141 4580 erat
3167 4490 3411 4580 versari:
3424 4490 3690 4580 ὀίυέιρὶὸὲ

2049 4580 2176 4700 gter
2200 4592 2312 4630 non
2346 4576 2487 4631 satis
2520 4582 2789 4630 accurate
2817 4583 3003 4631 totum
3039 4577 3192 4632 hunc
3224 4579 3415 4634 locum
3448 4576 3690 4635 vertisse

2097 4646 2253 4700 illius
2285 4647 2545 4700 videtur:
2577 4647 2887 4700 imorimis-
2914 4665 3046 4700 cum
3071 4649 3192 4700 haec
3224 4656 3469 4700 usurpat
3496 4652 3689 4700 verba-

2097 4646 2253 4700 illius
2285 4647 2545 4720 videtur;
2577 4647 2888 4717 imprimis,
2914 4665 3047 4702 cum
3071 4649 3192 4720 haec
3224 4656 3469 4720 usurpat
3496 4652 3689 4718 verba,

2048 4740 2077 4767 «
2111 4721 2251 4784 tota,
2286 4717 2399 4773 alia
2428 4717 2583 4783 libri,
2616 4740 2643 4769 ››
2678 4724 2808 4786 etc.,
2844 4736 2975 4773 cum
3008 4720 3079 4774 de
3110 4719 3274 4776 libris
3306 4717 3441 4776 totis
3473 4738 3586 4775 non
3614 4720 3691 4775 sit

2048 4805 2260 4857 sermo,
2284 4791 2382 4844 sed
2408 4790 2477 4844 de
2498 4788 2780 4844 librorum
2804 4792 3085 4860 partibus,
3104 4807 3348 4859 quarum
3374 4808 3583 4846 sensus
3605 4806 3691 4845 re-

2048 4861 2335 4934 conditior
2363 4865 2505 4931 erat,
2540 4877 2717 4934 quam
2742 4866 2806 4915 ut
2835 4878 2866 4915 a
2898 4862 3191 4915 nonnullis
3214 4863 3339 4934 capi
3367 4867 3578 4933 posset,
3602 4868 3689 4917 at-

2047 4948 2161 5003 que
2190 4932 2372 5003 etiam
2399 4932 2696 5003 nonnullis
2730 4940 2923 5003 posset
2955 4947 3178 4986 nocere.

2118 5004 2227 5073 (71)
2258 5000 2411 5078 Μτὶδὲ
2456 5002 2580 5078 γάρ2
2642 5000 2781 5078 Reg.
2844 5020 2895 5071 ιι,
2930 5008 2984 5057 et
3010 5004 3142 5078 _Col.
3177 5003 3229 5070 Ι,
3256 5004 3351 5078 Μὴ
3398 5002 3691 5078 γ-άρπΜοζ

2047 5072 2184 5163 Reg.
2301 5073 2433 5128 εἶναι
2464 5072 2717 5142 omittit;
2747 5072 2833 5130 iet
2890 5074 3061 5145 paulo
3095 5080 3225 5145 post
3255 5075 3392 5148 Iteg.
3412 5072 3565 5143 “1,’τὰ
3595 5073 3691 5147 μί-

2088 5164 2202 5197 ιστα
2222 5166 2303 5199 αν.

2044 5162 2328 5289 Τιῗξὲῗῖέὸ
2358 5214 2689 5289 σωματικόν.
2752 5239 2781 5266 ‹‹
2830 5215 2990 5280 Quod
3042 5232 3387 5289 corporeum
3433 5224 3540 5273 est.
3579 5219 3691 5276 Un-

2044 5287 2191 5361 de,»
2233 5288 2422 5360 inquit
2448 5287 2632 5360 Orig,
2657 5288 2813 5343 hom.
2837 5288 2946 5343 51°71
2975 5287 3161 5357 ch.,<£
3185 5294 3241 5343 et
3263 5307 3475 5361 corpus
3500 5290 3695 5346 inesse

2045 5359 2347 5430 scripturae
2379 5364 2435 5415 et
2469 5359 2722 5414 animam
2772 5376 2839 5414 ac
2894 5360 3171 5431 spiritum
3204 5359 3624 5415 intelleximus.
3666 5385 3686 5413 ι

2045 5433 2108 5482 Et
2142 5431 2292 5483 idem
2327 5431 2506 5503 Orig,
2540 5432 2773 5504 Plu'Ioc.,
2807 5448 2854 5486 c.
2899 5440 2941 5495 ι,
3002 5439 3100 5498 τῆς
3162 5434 3324 5485 οἰτνεὶ
3370 5431 3562 5504 stipes}:
3594 5439 3693 5498 τῆς

2044 5508 2273 5576 γραφῆς,
2310 5528 2334 5550 ‹‹
2366 5511 2434 5585 iit
2493 5502 2814 5575 simplicior
2872 5504 3190 5559 aadiliCetur
3250 5508 3319 5560 ab
3360 5502 3486 5578 ipsa
3520 5505 3693 5561 veluti

2044 5590 2216 5629 carne
2266 5580 2589 5648 scripturae.
2629 5595 2655 5625 ››
