4152 6286
394 354 512 418 457

1543 354 1837 418 ORATIO
1879 344 1956 415 11.
1987 383 2067 400 -
2096 352 2667 420 APOLOGETICA.

3689 342 3810 423 488

391 488 425 555 ἢ
487 489 602 548 τοῖς
663 484 794 558 ὑπὲρ
857 484 1094 540 εἰκοστὸν
1152 484 1242 539 καὶ
1294 486 1540 559 πὲμπτον
1598 484 1874 562 γεγονόσιν
1922 482 2027 539 ἔτος

2156 505 2286 543 rum
2323 504 2392 544 ne
2421 490 2477 543 id
2510 489 2767 561 quidem,
2803 491 2958 561 quod
2986 506 3329 562 corporeum
3361 496 3469 559 est,
3502 492 3674 549 laude
3706 511 3813 551 ea-

391 574 785 648 πιστεύεσθαι,
845 574 962 629 ὅσαι
1025 572 1093 629 δι’
1152 573 1403 635 εὐτελοῦς
1455 572 1551 629 τοῦ
1623 572 1919 646 ἐνδύματος
1979 574 2042 627 τὸ

395 666 648 738 μυστικὸν
686 662 893 725 κάλλος
940 662 1456 739 περικαλύπτουσιν,
1508 663 1668 718 ἆθλον
1720 662 2045 741 φιλοπονίας

389 752 476 807 καὶ
528 751 789 828 λαμπροῦ
844 753 984 827 βίου,
1035 752 1220 824 μόνοις
1278 757 1395 813 τοῖς
1454 752 1877 823 κεκαθαρμένοις
1929 750 2041 821 (73)

388 843 478 898 τὸν
538 846 660 897 νοῦν
725 842 1101 917 ὑπαστράπτον
1166 840 1254 896 καὶ
1316 841 1715 918 φανταζόμενον
1754 885 1768 911 ,
1810 841 1884 901 ὡς
1947 838 2043 911 μό-

390 954 489 1002 νης
547 934 660 1004 (74)
721 928 1023 1003 δυναμένης
1077 936 1177 999 τῆς
1254 929 1476 999 ἡλικίας
1526 930 1726 999 ταύτης
1795 929 1925 1002 ὑπὲρ
1981 929 2043 983 τὸ

392 1025 550 1094 σῶμα
593 1019 860 1097 γενέσθαι,
910 1020 999 1073 καὶ
1043 1014 1302 1089 ἀναϐῆναι
1349 1018 1533 1080 καλῶς
1588 1018 1675 1073 ἰπὶ
1724 1018 1786 1073 τὸ
1830 1023 2044 1090 πνεῦμα

393 1109 497 1165 ἀπὸ
524 1106 622 1165 τοῦ
652 1108 985 1184 γράμματος
997 1151 1009 1165 .

468 1288 594 1344 ΜΘ’.
632 1292 791 1360 Ἡμῖν
843 1284 900 1341 δὶ
945 1288 1059 1359 (75)
1108 1283 1285 1348 οὐδεὶς
1328 1285 1453 1361 ὅρος
1500 1290 1597 1340 τοῦ
1645 1282 1917 1340 παιδεύειν
1950 1284 2040 1339 καὶ

392 1381 488 1432 τοῦ
543 1374 909 1448 παιδεύεσθαι,
969 1375 1148 1451 ὥσπερ
1209 1377 1259 1430 οἱ
1318 1374 1460 1430 λίθοι
1522 1377 1637 1448 (76)
1695 1373 1864 1429 πάλαι
1920 1378 2038 1433 ταῖς

390 1466 523 1542 ὑπὲρ
552 1466 644 1520 τὸν
678 1462 954 1541 Ἰορδάνην
1004 1464 1095 1519 καὶ
1143 1470 1261 1526 ταῖς
1313 1463 1459 1526 ἐντὸς
1506 1461 1785 1540 Ἰορδάνου
1818 1460 2035 1541 φυλαῖς·

392 1553 517 1610 οὐδὲ
570 1554 678 1609 τισὶ
743 1556 837 1627 μὲν
897 1553 1091 1622 ἐκεῖνο,
1150 1554 1258 1607 τισὶ
1316 1551 1373 1607 δὲ
1427 1557 1588 1607 τοῦτο
1647 1550 2037 1627 ἐπιτρεπτέον·

391 1641 516 1697 οὐδὲ
564 1664 649 1705 τις
719 1644 890 1697 κανὼν
966 1644 1079 1715 (77)
1149 1646 1258 1696 τῶν
1330 1638 1487 1711 ἕξεων
1527 1660 1540 1673 ο
1602 1639 1727 1695 ἁλλ’
1784 1640 1927 1694 οὕτῶ
1976 1640 2040 1695 τὸ

390 1738 618 1808 πρᾶγμα
674 1728 923 1808 ἔρῥιπται
971 1731 1059 1785 καὶ
1118 1730 1468 1807 συγκέχυται,
1528 1730 1617 1784 καὶ
1668 1730 1810 1783 οὕτω
1858 1733 2040 1791 κακῶς

2155 583 2275 631 ret:
2312 578 2409 632 alii
2441 585 2636 634 autem
2670 579 2761 634 his
2797 581 3080 635 duntaxat
3122 581 3222 651 qui
3263 581 3605 637 vicesimum
3638 584 3818 655 quin-

2154 669 2280 719 tum
2312 668 2497 720 aetatis
2541 684 2763 721 annum
2814 668 3222 733 excessissent,
3272 669 3814 743 committebantur,

2154 754 2263 808 hoc
2287 760 2376 810 est
2404 755 2504 827 qui
2536 758 2644 811 sub
2668 756 2765 810 vili
2788 757 3132 811 indumento
3157 758 3462 829 mysticam
3486 758 3811 829 pulchritu-

2154 842 2349 898 dinem
2381 844 2680 915 obtegunt,
2714 844 2930 900 laboris
2959 850 3015 900 et
3047 846 3370 914 industria,
3406 863 3469 902 ac
3500 847 3811 903 luculentas

2152 931 2279 985 vitae
2298 933 2626 1003 pramium,
2647 933 2789 989 solis
2811 934 2904 1004 iis,
2925 934 3024 1004 qui
3044 941 3238 989 mente
3262 937 3525 1008 puargati
3550 937 3688 1007 sint,
3706 936 3821 992 ful-

2154 1026 2407 1091 gentem,
2442 1026 2498 1075 et
2520 1023 2921 1093 conspicuam,
2948 1024 3102 1094 quod
3136 1023 3358 1079 scilicet
3379 1024 3501 1080 sola
3531 1025 3652 1081 haec
3675 1030 3814 1082 aetas

2153 1125 2333 1181 supra
2364 1126 2578 1181 corpus
2600 1128 2927 1183 assurgere,
2952 1118 3127 1183 atque
3157 1130 3190 1169 a
3210 1113 3402 1169 littera
3431 1114 3501 1169 ad
3532 1116 3810 1186 spiritum

2153 1204 2307 1253 recte
2336 1200 2651 1255 ascendere
2689 1205 2885 1271 queat.

2219 1285 2402 1342 XLIX.
2435 1289 2503 1342 At
2536 1288 2705 1343 nobis
2735 1288 2933 1345 nullus
2964 1290 3206 1345 docendi
3229 1307 3296 1345 ac
3314 1290 3578 1346 discendi
3609 1290 3815 1347 termi-

2152 1392 2263 1430 nus
2286 1381 2374 1431 est
2393 1379 2765 1447 constitutus,
2789 1379 2943 1433 velut
2965 1378 3105 1433 olim
3129 1378 3352 1449 lapides
3374 1380 3666 1451 tribubus,
3682 1397 3814 1452 quae

2154 1464 2308 1520 ultra
2332 1466 2648 1520 Jordanem
2684 1472 2741 1521 et
2769 1466 2924 1521 intra
2954 1468 3265 1523 .lordanem
3298 1473 3501 1534 erant;
3536 1486 3639 1524 nec
3679 1469 3808 1541 qui-

2152 1554 2402 1608 busnam
2422 1553 2589 1621 illud,
2606 1555 2961 1625 quibusnam
2982 1574 3185 1611 rursus
3200 1557 3308 1612 hoc
3323 1557 3812 1615 committendum

2151 1643 2265 1709 sit;
2299 1660 2403 1697 nec
2436 1660 2641 1698 norma
2674 1643 2813 1711 ulla,
2855 1646 2924 1700 ad
2978 1662 3151 1717 quem
3182 1645 3415 1701 habitus
3464 1646 3809 1718 exigamus:

2148 1748 2350 1787 verum
2382 1732 2464 1787 ita
2498 1734 2754 1805 projecta
2784 1739 2841 1790 et
2871 1734 3114 1791 confusa
3142 1735 3263 1790 hac
3311 1753 3401 1791 res
3433 1741 3539 1804 est,
3568 1742 3806 1808 tamque

394 1819 727 1894 διακείμεθα,
788 1819 925 1874 ὥστε
973 1820 1024 1873 οἱ
1080 1818 1304 1880 πλείους
1356 1822 1550 1890 ἡμῶν,
1605 1815 1695 1872 ἵνα
1757 1820 1831 1890 μή
1895 1815 2027 1893 λεγα

2150 1819 2300 1874 male
2333 1819 2641 1888 efﬁcimur,
2667 1825 2730 1875 ut
2759 1837 2936 1892 quam
2968 1821 3209 1893 plurimi
3256 1839 3324 1877 ex
3355 1823 3544 1892 nobis,
3578 1841 3650 1879 ne
3678 1841 3803 1879 om-

387 1909 580 1971 πάντες
616 1955 629 1982 ,
687 1908 813 1984 πρὶν
873 1908 1164 1971 ἀποθεσθαι
1219 1911 1332 1978 (78)
1391 1905 1586 1982 σχεδὸν
1660 1908 1757 1975 τὴν
1814 1908 2037 1981 πρώτην

384 1999 551 2074 τρίχα
605 1997 693 2051 καὶ
751 1998 813 2052 τὸ
857 1998 925 2052 τὰ
972 1995 1194 2051 παιδικὰ
1245 1994 1615 2070 ψελλίζεσθαι,
1665 1998 1790 2072 πρὶν
1832 1994 2036 2071 παρελ-

389 2093 494 2151 θεῖν
548 2087 623 2149 εἷς
669 2088 763 2147 τὰς
816 2086 962 2147 θείας
1012 2085 1225 2156 αὐλὰς,
1274 2085 1401 2160 πρὶν
1453 2089 1559 2138 τῶν
1613 2086 1773 2157 ἰερῶν
1829 2080 2036 2159 βίϐλων

387 2181 584 2253 γνῶναι
634 2175 730 2230 κᾶν
786 2177 899 2249 (79)
944 2177 1011 2229 τὰ
1060 2174 1318 2247 ὀνόματα,
1370 2175 1494 2249 πρὶν
1552 2177 1747 2241 Καινῆς
1796 2174 1885 2227 καὶ
1925 2181 2036 2229 Πα-

387 2266 544 2328 λαιᾶς
599 2267 922 2341 χαρακτῆρα
980 2266 1094 2337 (80)
1148 2263 1411 2338 γνωρίσαι
1470 2264 1559 2317 καὶ
1620 2262 1745 2324 τοὺς
1801 2261 2036 2337 προστά-

382 2375 477 2415 τας
502 2358 638 2427 (81)*
672 2351 825 2408 οὔπω
870 2354 972 2427 γὰρ
1024 2351 1171 2426 λέγω
1211 2352 1335 2427 πρὶν
1369 2354 1403 2421 ἣ
1436 2352 1526 2405 τὸν
1583 2346 1848 2428 βόρϐορον
1901 2353 2033 2407 ἀπο-

383 2443 682 2499 πλύνασθαι
711 2489 725 2512 ,
778 2441 865 2496 καὶ
915 2441 980 2495 τὰ
1026 2448 1125 2509 τῆς
1176 2444 1361 2515 ψυχῆς
1410 2437 1577 2515 αἶ’σχη
1639 2440 1735 2494 ὅσα
1784 2443 1818 2509 ἡ
1876 2441 2035 2496 κακίά

382 2536 516 2605 ἡμῖν
545 2532 944 2608 προσεμάξατο,
980 2530 1037 2584 ἂν
1083 2528 1178 2585 δύο
1294 2530 1418 2605 τρία
1467 2530 1686 2605 ῥήματα
1729 2534 1834 2583 τῶν
1886 2529 2031 2584 εὐσε-

383 2617 490 2675 ϐῶν
541 2620 962 2691 ὲξασκήσωμεν,
1013 2618 1101 2672 καὶ
1150 2622 1317 2673 ταῧτα
1368 2618 1419 2689 ἐξ
1470 2619 1660 2689 ἀκοῆς,
1711 2618 1808 2672 οὐκ
1854 2618 2032 2673 ἐντεύ-

384 2712 531 2782 ξεως,
560 2710 594 2777 ἣ
620 2713 699 2780 τῷ
749 2703 913 2763 Δαϐὶδ
970 2706 1176 2783 βραχέα
1225 2706 1714 2780 καθομιλήσωμεν,
1745 2708 1778 2775 ἢ
1807 2709 1868 2761 τὸ
1906 2728 2029 2783 τρι-

383 2793 573 2852 ϐώνιον
622 2799 679 2851 εὖ
728 2795 1200 2870 περιστειλώμεθα
1247 2798 1386 2868 (82),
1435 2796 1468 2863 ἣ
1504 2800 1667 2871 μεχρι
1711 2803 1810 2865 τῆς
1856 2798 2027 2866 ζώνης

383 2884 865 2963 φιλοσοφήσωμεν,
916 2879 1185 2945 εὐσεϐείας
1234 2906 1286 2938 τι
1333 2883 1559 2957 πλάσμα
1602 2885 1688 2937 καὶ
1742 2880 1864 2956 ὄψιν
1893 2887 2028 2957 ἡμῖν

384 2974 565 3035 αὐτοῖς
624 2975 1064 3050 περιχρώσαντες
1107 2977 1261 3045 (83).
1329 2968 1488 3047 βαϐαὶ
1563 2976 1673 3046 (84)
1729 2980 1827 3042 τῆς
1888 2995 2025 3049 προ-

390 3059 567 3137 εδρίας
616 3063 707 3115 καὶ
749 3067 842 3116 τοῦ
905 3063 1291 3140 φρονήματοςί
1325 3061 1486 3136 Ἱερὸς
1534 3065 1623 3114 καί
1673 3060 1731 3115 ἐκ
1779 3064 2021 3137 σπαργά-

383 3172 490 3206 νων
542 3151 569 3204 ὁ
620 3150 882 3221 Σαμουήλ
1136 3149 1286 3210 εὐθύς
1327 3149 1484 3222 ἐσμεν
1532 3150 1688 3227 σοφοὶ
1755 3152 1842 3205 καὶ
1878 3149 2021 3205 διδά-

2153 1925 2255 1963 nes
2284 1909 2497 1974 dicam,
2518 1909 2686 1981 prius
2707 1910 2823 1965 fere
2849 1927 3026 1981 quam
3046 1910 3297 1982 primam
3325 1928 3554 1968 comam
3573 1913 3806 1985 abjece-

2150 1996 2357 2067 rimus,
2382 1996 2709 2069 puerilique
2732 2014 2892 2053 more
2917 1997 3207 2054 balbutire
3228 1999 3596 2071 desierimus,
3621 2001 3811 2073 prius-

2149 2102 2327 2156 quam
2356 2085 2413 2139 in
2448 2086 2644 2142 divina
2674 2087 2823 2142 atria
2865 2087 3285 2155 introierimus,
3333 2089 3680 2161 priusquam
3712 2108 3805 2147 sa-

2147 2190 2377 2229 crorum
2402 2173 2683 2229 librorum
2714 2175 2801 2229 vel
2824 2176 3063 2230 nomina
3083 2176 3211 2247 ipsa
3232 2178 3588 2247 noverimus,
3612 2179 3805 2251 prius-

2148 2278 2325 2331 quam
2382 2262 2514 2317 novi
2573 2262 2900 2334 veterisque
2969 2264 3330 2319 Testamenti
3406 2266 3801 2323 characterem

2146 2355 2201 2406 et
2240 2355 2504 2406 auctores
2550 2352 2814 2423 cognitos
2864 2352 3286 2422 habuerimus;
3338 2356 3601 2410 nondum
3641 2356 3799 2413 enim

2145 2440 2272 2495 dico
2324 2440 2671 2512 priusquam
2730 2458 2981 2513 ccenum,
3041 2447 3099 2498 et
3141 2442 3350 2498 animae
3418 2443 3601 2514 labes,
3651 2462 3800 2516 quas
3848 2448 3851 2449 ⁷

2145 2535 2449 2599 peccatum
2506 2530 2672 2584 nobis
2747 2530 3067 2602 impressit,
3138 2526 3496 2600 eluerimus;
3575 2532 3623 2587 si
3681 2534 3798 2589 duo

2142 2624 2244 2673 aut
2288 2619 2401 2674 tria
2454 2620 2550 2689 pia
2604 2620 2779 2675 verba
2831 2620 3266 2691 edidicerimus,
3316 2636 3499 2692 eaque
3558 2639 3671 2677 non
3729 2639 3800 2679 ex

2140 2708 2406 2775 lectione,
2438 2708 2537 2763 sed
2573 2709 2870 2763 auditione
2891 2708 3016 2764 sola
3045 2708 3279 2775 hausta,
3302 2715 3402 2764 aut
3427 2710 3624 2766 Davidi
3661 2728 3802 2783 pau-

2139 2796 2258 2851 lum
2294 2813 2478 2867 operae
2502 2796 2859 2865 dederimus,
2883 2802 2984 2852 aut
3013 2796 3258 2868 pallium
3281 2798 3425 2853 scite
3445 2800 3800 2855 contraxeri-

2140 2902 2293 2954 mus,
2325 2890 2425 2940 aut
2444 2902 2589 2940 zona
2609 2890 2780 2941 tenus
2805 2884 3194 2957 philosophati
3218 2886 3526 2955 fuerimus,
3561 2887 3797 2959 pietatis

2135 2974 2389 3043 speciem
2434 2974 2753 3043 quamdam
2804 2981 2859 3028 et
2907 2974 3128 3029 larvam
3178 2975 3347 3030 nobis
3394 2974 3726 3031 illinentes:
3761 2993 3794 3034 ο

2134 3062 2577 3133 praefecturam!
2613 3079 2644 3116 ο
2679 3062 2895 3117 clatum
2943 3063 3243 3118 animum!
3300 3064 3473 3119 Sacer
3512 3065 3688 3120 etiam
3720 3065 3791 3120 ab

2132 3150 2507 3206 incunabulis
2519 3150 2752 3205 Samuel
2764 3152 2884 3191 εδδ-π
2902 3168 2913 3205 :
2931 3152 3128 3207 statim
3149 3151 3441 3225 sapientes
3457 3157 3513 3208 et
3526 3138 3796 3225 magistri

378 3239 594 3307 σκαλοι,
655 3238 741 3293 καὶ
800 3238 1000 3312 ὑψηλοὶ
1056 3240 1123 3293 τὰ
1182 3244 1328 3309 θεῖα,
1386 3240 1475 3292 καὶ
1534 3239 1898 3315 γραμματέων
1956 3241 2023 3295 τὰ

2146 3256 2363 3309 sumus,
2398 3244 2455 3294 et
2487 3239 2545 3293 in
2576 3239 2787 3294 divinis
2823 3240 2995 3295 rebus
3040 3240 3346 3310 sublimes,
3380 3246 3436 3297 et
3468 3242 3790 3298 scribarum

374 3333 566 3405 πρῶτα
614 3329 702 3382 καὶ
750 3333 1011 3401 νομικῶν,
1056 3328 1145 3381 καὶ
1196 3332 1611 3403 χειροτονοῦμεν
1647 3331 1794 3400 ἡμᾶς
1825 3328 2020 3391 αὐτοὺς

371 3415 688 3493 οὐρανίους,
738 3416 827 3469 καὶ
870 3414 1149 3479 καλεῖσθαι
1202 3417 1305 3471 ὑπὸ
1356 3420 1461 3470 τῶν
1512 3418 1802 3490 ανθρώπων
1857 3412 2017 3493 ῥαϐϐὶ

373 3510 664 3579 ζητοῦμεν,
724 3504 814 3559 καὶ
875 3502 1115 3577 οὐδαμοῦ
1172 3505 1232 3558 τὸ
1278 3505 1526 3580 γράμμα,
1586 3506 1675 3559 καὶ
1723 3507 1895 3560 πάντα
1939 3503 2021 3559 δεῖ

2131 3346 2195 3385 ac
2228 3328 2698 3400 legisperitorum
2724 3328 2918 3400 primi,
2943 3347 3009 3384 ac
3030 3327 3295 3385 caelestes
3323 3347 3430 3386 nos
3452 3332 3610 3403 ipsos
3631 3332 3794 3388 desi-

2130 3434 2401 3490 gnamus,
2421 3424 2478 3473 et
2497 3420 2687 3472 vocari
2711 3419 2781 3472 ab
2804 3418 3143 3473 hominibus
3168 3418 3349 3474 Rabbi
3371 3421 3695 3490 expetimus
3717 3422 3787 3491 ⁸³,

2130 3523 2234 3562 nec
2264 3523 2514 3578 usquam
2549 3505 2756 3577 littera,
2807 3507 2908 3562 sed
2939 3506 3136 3562 omnia
3170 3507 3462 3578 spirituali
3492 3509 3664 3562 modo
3690 3509 3786 3563 in-

368 3597 629 3665 νοηθῆναι
686 3598 1069 3667 πνευματικῶς
1098 3638 1111 3664 ,
1160 3593 1251 3648 καὶ
1300 3592 1470 3667 λῆρος
1519 3597 1637 3665 (86)
1690 3594 1896 3657 πλατὺς
1952 3594 2020 3649 τὰ

2146 3595 2466 3668 .elligantur
2494 3600 2739 3667 oportet,
2773 3612 2837 3650 ac
2869 3612 3040 3651 merae
3059 3612 3228 3668 nugae
3249 3596 3478 3652 somnia
3506 3603 3664 3666 sunt,
3697 3602 3783 3654 at-

439 3712 567 3752 ⁸⁴-⁰²
601 3712 620 3766 Ι
654 3711 792 3784 Reg.
825 3727 888 3782 II,
920 3711 1009 3782 l1,
1087 3710 1130 3744 ³³
1158 3710 1360 3765 Matth.
1389 3726 1549 3780 χχιιι,
1582 3711 1636 3766 7.

441 3826 555 3897 (73)
583 3830 708 3897 Τοῖς
740 3821 1179 3897 κεκαθαρμένοις.
1213 3824 1510 3881 Omissum
1542 3826 1601 3882 in
1633 3827 1771 3897 Reg.
1806 3832 1846 3883 t.

441 3828 532 3897 (73
583 3830 708 3887 Τοῖς
740 3828 1179 3897 κεκαθαρμένοις.
1213 3828 1510 3881 Omissum
1542 3828 1601 3882 in
1633 3828 1771 3952 Reg.
1806 3832 1846 3883 t.

437 3828 555 3970 (74)
579 3896 783 3966 Μάνης.
820 3898 982 3969 Regii
1027 3897 1575 4021 quatuor,.to’tidem
1624 3898 1717 3981 Qol
1767 3939 1805 3962 .,
1837 3898 1932 3954 Or.
1968 3899 2018 3971 1,

437 3986 508 4025 s..
543 3970 704 4026 Pass.
739 3970 955 4025 habent
990 3988 1029 4028 μ
1066 3966 1170 4028 λις.
1205 3992 1232 4020 ‹‹
1261 3986 1353 4023 Vix
1376 4012 1390 4028 .
1422 3991 1451 4020 »
1486 3974 1541 4025 et
1558 3971 1795 4028 quidem
1829 3986 1895 4025 ea
1914 3986 2022 4025 vox

365 3969 508 4025 Jes..
543 3970 704 4026 Pass.
739 3970 955 4025 habent
990 3969 1170 4039 μόλις,
1205 3992 1232 4020 ‹‹
1261 3969 1390 4036 vix;
1422 3991 1451 4020 »
1486 3974 1541 4025 et
1558 3970 1795 4041 quidem
1829 3986 1895 4025 ea
1914 3986 1981 4025 vo

372 4042 661 4125 optime
688 4041 928 4125 ειιιίρθὶ
953 4057 1215 4125 sensim.-
1315 4112 1368 4125 ..
1671 4111 1695 4125 ,.
1785 4113 1806 4125 .
1944 4113 1981 4125 ..

581 4111 742 4183 Ἡμῖν
777 4108 853 4166 δὲ.
889 4113 1050 4168 Pass.
1083 4113 1268 4182 ἡμῶν.
1315 4112 1443 4167 Mox
1474 4108 1598 4163 οὐδὲ
1646 4111 1744 4182 εἷς,
1775 4113 1893 4168 Jes,
1928 4113 2020 4168 di-

367 4199 558 4377 “(17%).
580 4250 756 4315 Λίθοι.
792 4253 1165 4336 «.Limitanei
1193 4252 1434 4335 lapides:
1468 4274 1493 4305 ι)
1542 4252 1711 4335 Nulla
1741 4254 1836 4310 hic
1867 4255 2019 4340 diffi-

367 4340 439 4377 cu
469 4332 575 4377 tas.
610 4325 922 4377 Gregorius
947 4326 1037 4377 his
1068 4326 1260 4377 verbis
1282 4326 1598 4377 signiﬁcat.
1631 4326 1898 4377 singulas
1920 4332 2019 4377 tri-

367 4325 575 4398 cultas.
610 4325 922 4398 Gregorius
947 4326 1037 4380 his
1068 4325 1598 4398 verbissigniﬁcat,
1631 4326 1898 4398 singulas
1920 4328 2020 4383 tri-

366 4395 478 4451 bus
507 4395 1066 4481 deﬁxiswi‘n'terram
1107 4395 1409 4479 lapidibus
1457 4395 2019 4481 distinctasnfuisse,

366 4467 533 4551 quod
560 4467 709 4522 Elias
743 4472 800 4523 et
830 4469 1079 4523 Basilius
1104 4469 1217 4539 ipsi
1240 4468 1745 4551 etiamtestantur.
1776 4470 1938 4551 certe
1960 4470 2018 4525 in

366 4537 472 4592 lib.
506 4538 627 4591 Jos.
660 4555 821 4610 capp.
856 4558 948 4607 xv,
989 4557 1106 4603 xv1,
1131 4537 1283 4607 _xvn,
1336 4541 1797 4610 uniuscujusque
1830 4543 2019 4597 tribus

366 4607 882 4692 limitesnaqcurate
915 4611 1346 4692 describuntur.
1455 4681 1467 4692 ι
1550 4682 1674 4692 mm
1906 4684 1940 4692 __

437 4680 552 4750 (77)
586 4676 722 4734 Οὐδὲ
748 4702 828 4741 τις
858 4683 1057 4737 κανών.
1093 4683 1154 4737 In
1190 4683 1377 4752 prima
1402 4681 1493 4736 ed.
1547 4682 1774 4749 Billius,
1809 4684 2019 4741 melius

363 4768 545 4822 quam
569 4754 843 4809 secundis
865 4756 1042 4820 curis,
1068 4777 1094 4803 «
1124 4771 1224 4808 nec
1249 4754 1315 4809 ad
1346 4753 1522 4807 ullam
1548 4770 1811 4809 normam
1838 4757 2020 4811 homi-

367 4840 509 4898 num
530 4825 716 4898 pretia
744 4825 1170 4898 qualitatesque
1196 4825 1628 4897 perpendimus.
1657 4847 1683 4874 »
1711 4827 1770 4879 ln
1798 4826 2018 4898 Grego-

367 4895 759 4971 rio_subtilius
791 4898 931 4968 quid
965 4895 1123 4952 latet.
1149 4895 1380 4969 Spectat
1404 4913 1655 4968 namque
1689 4899 1719 4966 ᾗ
1750 4897 1856 4953 ult.
1889 4895 2016 4971 cap.

364 4965 709 5111 fggtirﬁpiv
755 5035 1066 5105 ἀποθεσθαι,
1114 5044 1222 5094 etc.
1278 5037 1468 5097 Elias:
1503 5062 1529 5089 ‹‹
1578 5043 1896 5111 antequam
1930 5040 2017 5095 in-

363 5108 604 5164 fantiam
628 5108 697 5180 iet
731 5111 1012 5180 puerilem
1048 5116 1276 5166 aetatem
1306 5108 1753 5165 excesserimusi
1785 5135 1813 5161 ››

360 5180 541 5302 κα(79)
575 5178 703 5234 Κᾶν.
731 5178 828 5236 Sic
876 5182 1142 5254 plerique
1172 5183 1378 5254 scripti
1426 5190 1481 5238 et
1511 5183 1650 5238 editi
1700 5182 1853 5238 libri.
1887 5184 2018 5239 Par.

430 5322 543 5408 (8(1)
573 5321 931 5398 Xapaxrﬁpa,
974 5328 1112 5397 Reg.
1166 5324 1208 5393 l,
1259 5329 1377 5381 tres
1408 5324 1565 5381 Colb.
1616 5324 1789 5381 Coisl.
1834 5327 1884 5393 1,
1917 5343 2019 5399 χα-

360 5411 655 5467 ρακτηρας.

363 5549 389 5551 ᾼ
431 5465 544 5551 (81)
578 5464 910 5551 Προστέιτας.
946 5467 1095 5551 ῧᾶδ..
1145 5490 1172 5517 ‹‹
1222 5471 1685 5551 propugnatores
1738 5470 1810 5551 et
1853 5468 2021 5551 quasi

361 5541 641 5606 patronos
674 5560 702 5586 »
734 5538 937 5593 Comb.
986 5562 1013 5589 ‹‹
1065 5538 1242 5596 duces
1274 5538 1347 5595 et
1376 5538 1663 5594 auctores.
1714 5559 1742 5588 »
1771 5538 2021 5596 Basilius

358 5607 579 5679 optime
608 5614 711 5677 τῆς
762 5607 999 5671 παλαιᾶς
1064 5613 1279 5687 Γραφῆς
1321 5608 1448 5672 τοὺς
1499 5615 1817 5739 συέγσαφεῖς
1849 5608 2016 5685 λέγει,

359 5700 389 5729 ‹‹
422 5679 803 5737 instrumenti
835 5682 1047 5738 veteris
1091 5683 1447 5739 (utriusque.
1483 5705 1510 5733 η
1607 5683 1739 5739 lies)
1777 5684 2016 5739 ccrinto-

359 5700 389 5729 «
422 5684 803 5810 instrutmenti
835 5684 1047 5738 veteris
1091 5684 1447 5756 (utriusque,
1483 5705 1510 5733 η
1562 5684 1739 5755 Elius)
1777 5684 2018 5757 scripto-

360 5765 455 5811 res
531 5769 607 5810 101
642 5794 655 5809 .
691 5774 720 5803 υ

685 5878 944 5965 Parnm.
996 5880 1105 5944 Gs.
1154 5878 1398 5950 XXXV.

2373 3824 2870 3902 Περιστειλώμεθα.
2929 3850 2977 3902 ⁸ι(
3056 3829 3165 3883 Est
3220 3842 3351 3883 vere
3425 3828 3789 3902 contrahere.

2131 3897 2403 3970 Studiose
2440 3897 2818 3970 venusteque
2892 3899 3372 3970 cirgumponere:
3452 3920 3481 3949 »
3544 3898 3611 3970 ,τὸ
3669 3897 3792 3954 ἐπι-

2135 3968 2318 4042 μελῶς
2366 3969 2453 4023 καὶ
2485 3963 2740 4041 κοσμίωξ
2772 3963 3222 4043 περιοεϐλῆσθαι.
3279 3971 3370 4027 Sic
3399 3969 3577 4026 Basil.
3610 3971 3791 4029 inter-

2173 4046 2415 4097 retatur.

2132 4060 2415 4114 pretatur.

2202 4113 2314 4185 (83)
2364 4110 2832 4188 Περιχρώσαντες.
2883 4112 3022 4183 Reg.
3076 4130 3135 4185 υ,
3186 4116 3245 4168 et
3293 4112 3409 4170 Col.
3461 4113 3500 4185 1,
3543 4111 3789 4189 ἐπιχρώ-

2131 4203 2336 4244 σαντες.

2203 4256 2315 4327 (84)
2364 4247 2705 4328 Βαϐαίιειο.
2757 4276 2786 4303 ‹‹
2839 4254 3049 4328 Papml
3094 4270 3271 4326 quam
3325 4255 3542 4327 egregii
3585 4256 3785 4328 praesi-

2132 4326 2233 4382 des
2258 4328 2270 4381 l
2298 4326 2329 4379 ιι
2367 4326 2821 4399 Ambitiosorum
2845 4326 3092 4399 objectio
3119 4332 3208 4399 est
3227 4326 3786 4399 cum’indignatione

2131 4398 2334 4471 relata,
2394 4402 2474 4471 et_
2506 4397 2722 4471 ironice
2774 4398 3044 4471 refutata_.
3106 4396 3237 4471 Εἶτα
3284 4396 3682 4471 θαυμαστίκῶς,
3738 4398 3784 4453 εί

2134 4465 2481 4560 βούλειηκξιὶ
2538 4465 2966 4560 σχετλιασῆτικίξυς
3015 4465 3399 4560 ἀνεξρὼγησενί
3429 4474 3513 4530 Ὠς
3562 4471 3782 4560 τθιαυμιξ.

2132 4534 2245 4617 στοὶ
2277 4534 2533 4617 πρόεδροι
2559 4534 3010 4617 ὁῖησόμεθαμεῖναι
3035 4534 3529 4617 καῖ’τήνίφρόνῃσιν
3557 4534 3783 4617 ὑψηλοί.

2136 4634 2158 4663 ι
2193 4612 2411 4685 Deinde
2443 4612 3004 4685 cumadmiratione,
3037 4612 3563 4685 velindignatione,
3592 4612 3640 4669 si
3666 4631 3787 4671 ma-

2129 4684 2237 4756 vis,
2271 4684 2647 4757 exclamavit:
2682 4684 2867 4747 Quam
2898 4685 3229 4757 admirandi
3278 4684 3575 4757 praesides,
3608 4702 3785 4755 quam

2133 4749 2422 4829 sapientia
2451 4755 2734 4811 sublimes
2764 4772 2890 4829 esse
2922 4749 3348 4829 videbimur?»
3372 4749 3784 4829 Quem’verbo-

2132 4826 2263 4883 rum
2296 4844 2535 4883 sensum
2570 4843 2683 4898 non
2717 4826 2861 4898 satis
2894 4828 3082 4882 reddit
3112 4827 3264 4883 Billii
3290 4827 3712 4898 interpretatio.

2200 4901 2310 4971 (85)
2345 4896 2630 4970 Σαμουηλ.
2661 4896 2951 4971 ΤίΙΙείωινα
3004 4899 3180 4971 Quasi
3211 4896 3784 4971 Samuelesiquidam

2130 4969 2395 5027 essemus
2428 4969 2702 5025 Universi.
2736 4969 3023 5041 »7Billius,
3059 4970 3247 5041 prima
3274 4970 3414 5026 edit.
3451 4993 3478 5020 (ι
3513 4969 3784 5028 Protinus

2131 5042 2529 5098 Samuelem...
2562 5042 2619 5094 in
2654 5056 2750 5095 ore
2782 5040 3086 5097 habemus.
3124 5064 3151 5091 ››

2201 5115 2310 5185 (86)
2358 5113 2455 5165 Καὶ
2484 5110 2696 5185 (λῆρος,
2748 5123 2852 5167 etc.
2900 5112 3022 5185 Alii,
3067 5112 3605 5185 arbitranturﬂhaec
3653 5127 3782 5168 esse

2130 5183 2435 5241 hominum
2461 5183 2905 5255 illorumiverha,
2930 5183 3143 5255 quibus
3169 5186 3396 5253 objecta
3414 5184 3527 5239 sibi
3548 5185 3783 5255 Sramue~

2131 5257 2203 5313 lis
2233 5256 2588 5311 charismata
2611 5254 2900 5325 rejiciant.
2932 5254 3064 5325 Alii,
3090 5262 3151 5310 ut
3173 5255 3346 5323 Elias,
3371 5272 3438 5311 ea
3466 5260 3533 5310 ut
3564 5254 3779 5326 Grego-

2131 5330 2200 5383 rii
2231 5329 2404 5383 verba
2426 5327 2720 5397 judicium
2752 5343 2925 5399 suum
2962 5327 3383 5399 inlerponentis
3413 5330 3777 5399 agnoscunt:

2131 5422 2159 5450 «
2194 5400 2300 5455 Sed
2335 5415 2521 5469 nugas
2542 5403 2598 5453 et
2626 5398 2854 5453 somnia
2874 5398 3201 5469 crepamus.
3237 5421 3264 5448 »
3294 5398 3502 5453 Noster
3530 5398 3781 5453 Louvar-

2131 5472 2243 5527 dus
2274 5471 2357 5526 sic
2388 5470 2500 5525 sibi
2530 5469 2757 5524 videtur
2784 5470 3015 5541 assequi
3043 5488 3055 5526 :
3105 5492 3132 5520 ‹‹
3165 5471 3231 5525 Et
3259 5487 3383 5539 quae
3415 5471 3783 5525 somniamus

2131 5559 2274 5598 veras
2332 5558 2499 5613 nugas
2556 5545 2737 5613 sunt,
2777 5558 3022 5612 quisque
3067 5541 3459 5611 divendimus,
3510 5541 3781 5610 somnia;

2131 5630 2265 5671 cum
2294 5613 2408 5686 ipsi
2426 5612 2653 5684 tamen,
2686 5612 2797 5668 nisi
2837 5613 3110 5669 laudibus
3155 5613 3484 5682 efferamur,
3518 5614 3787 5688 indignas

2132 5704 2285 5744 mur.
2318 5705 2344 5738 Ι

3381 5883 3462 5967 ἔτι
