4152 6286
409 403 528 461 459

1648 400 1711 461 S.
1763 400 2137 463 GREGORII
2182 398 2577 464 THEOLOGI

3702 392 3822 459 460

413 553 547 608 que,
582 534 692 589 nisi
727 533 955 606 magnis
997 533 1271 590 laudibus
1319 534 1630 590 efferamur
1658 538 1753 591 37
1792 536 2059 607 indigna-

2181 534 2441 613 ὀνείρατα·
2491 536 2580 592 καὶ
2630 531 3054 611 ἀγανακτοίημεν
3107 529 3190 599 ἂν,
3219 530 3265 585 εἷ
3300 532 3375 604 μὴ
3427 528 3634 607 σφόδρα
3673 528 3826 585 ἐπαι-

413 625 567 679 tioue
600 624 911 679 efﬁcimur.
960 624 1148 694 Atque
1199 623 1338 690 haec,
1373 624 1473 694 qui
1519 624 1886 696 benigniores
1915 626 2067 680 inter

414 728 519 767 nos
549 716 606 765 et
649 711 1033 783 simpliciores
1082 712 1415 783 suntzquid
1442 730 1609 783 porro
1658 714 1696 767 ii
1747 714 1845 785 qui
1878 714 2066 785 magis

413 799 748 872 spirituales
779 804 939 867 sunt,
985 817 1051 856 ac
1081 801 1479 872 generosiores
1502 802 1528 856 ‘I
1566 803 1817 857 Multum
1857 820 1984 871 nos,
2018 802 2067 858 si

412 888 495 944 ita
524 888 715 944 visum
749 890 939 957 luerit,
972 892 1429 947 condemnantes
1460 896 1515 945 et
1542 896 1833 963 vexantes,
1867 909 1932 947 ac
1955 891 2068 947 mi-

415 977 562 1033 seris
596 978 786 1034 modis
832 978 1215 1051 exagitantes,
1264 995 1369 1034 nec
1407 979 1531 1035 loco
1566 980 1680 1035 ullo
1727 998 1793 1035 ac
1824 996 2069 1035 numero

413 1072 716 1140 ponentes,
775 1068 1123 1133 abscedunt,
1173 1068 1508 1123 societatem
1569 1074 1851 1140 nostram,
1913 1068 2072 1125 velut

412 1156 571 1213 haud
603 1156 834 1228 piorum
864 1156 1174 1212 hominum
1206 1162 1607 1228 aspernantes.

486 1246 548 1300 L.
580 1245 743 1310 Quod
794 1244 845 1301 si
893 1244 1147 1317 cuipiam
1198 1263 1401 1302 eorum
1451 1246 1717 1302 dicamus
1761 1246 1970 1303 leniter
1998 1248 2070 1302 ad

410 1334 569 1389 hunc
602 1335 867 1402 modum,
893 1352 959 1390 ac
982 1336 1344 1403 disserendo,
1370 1353 1505 1390 eum
1529 1336 1907 1405 provehentes
1933 1354 1944 1391 :
1972 1337 2071 1391 Dic

411 1422 577 1490 mihi,
609 1423 697 1477 vir
728 1424 1092 1490 admirande,
1128 1441 1371 1479 vocasne
1401 1424 1618 1495 aliquid
1652 1424 1884 1493 saltare,
1918 1431 1973 1479 et
2000 1425 2072 1478 ti-

410 1512 504 1567 bia
533 1514 789 1568 canere?
837 1513 1087 1568 Maxime
1137 1530 1295 1577 vero,
1346 1514 1589 1584 inquiet.
1643 1514 1787 1576 Quid
1841 1514 2072 1584 sapien-

412 1602 576 1669 tiam,
608 1607 665 1657 et
685 1602 1008 1673 sapientem
1031 1619 1180 1666 esse,
1207 1603 1362 1673 quod
1388 1620 1493 1657 nos
1514 1602 1843 1656 divinarum
1863 1602 2071 1657 huma-

415 1705 743 1760 narumque
774 1707 969 1744 rerum
1011 1689 1313 1745 scientiam
1360 1690 1672 1745 deﬁnimus
1694 1692 1720 1745 ‘I
1749 1690 1810 1745 Id
1843 1707 2073 1761 quoque

416 1780 714 1833 concedet.
748 1782 867 1849 Age
910 1795 1043 1832 vero
1092 1796 1371 1833 censesne
1418 1785 1573 1834 artes
1623 1778 1752 1834 illas
1787 1779 2073 1851 sapientia

418 1866 688 1923 meliores
718 1873 775 1922 et
805 1866 1178 1922 sublimiores
1208 1885 1354 1933 esse,
1389 1886 1460 1923 an
1507 1869 1654 1923 hanc
1686 1869 1876 1939 potius
1905 1868 2023 1923 illis
2045 1869 2072 1923 ?
2104 1897 2149 1960 Β

416 1954 558 2010 Mihi
588 1956 821 2026 quidem
856 1974 969 2010 non
1002 1960 1090 2011 est
1120 1956 1388 2024 dubium,
1425 1958 1565 2026 quin
1617 1957 1765 2011 hanc
1797 1960 2072 2013 omnibus

418 2044 591 2100 etiam
619 2044 1080 2116 praestantiorem
1113 2062 1243 2100 esse
1266 2046 1477 2099 dicturi
1500 2045 1637 2112 sint,
1672 2052 1845 2119 atque
1875 2048 2071 2103 hacte-

415 2151 526 2189 nus
558 2135 704 2205 zequi
739 2139 794 2188 et
822 2134 1053 2189 candidi
1076 2134 1307 2205 judices
1335 2134 1473 2188 sint.
1500 2136 1697 2190 Utrum
1733 2137 1929 2207 igitur,
1955 2136 2073 2191 sal-

414 2222 650 2277 tationis
682 2221 917 2293 quidem
950 2228 1007 2276 et
1038 2227 1244 2277 cantus
1291 2222 1570 2277 tibiarum
1621 2225 1888 2279 doctrina
1919 2242 2073 2295 quie-

413 2310 548 2366 dam
581 2316 637 2365 et
666 2309 976 2382 disciplina
1017 2315 1122 2378 est,
1176 2312 1247 2365 ad
1280 2311 1477 2381 idque,
1529 2316 1586 2366 et
1616 2312 1893 2368 diuturno
1926 2319 2074 2369 tem—

413 2416 573 2472 pore,
604 2405 661 2454 et
692 2399 966 2471 plurimis
998 2399 1300 2454 laboribus
1332 2416 1397 2454 ac
1443 2401 1757 2456 sudoribus
1788 2419 1935 2473 opus
1966 2406 2074 2471 est,

416 2494 590 2559 atque
610 2488 904 2543 interdum
923 2488 1097 2542 etiam
1126 2489 1453 2543 mercedem
1480 2489 1806 2560 persolvere
1830 2495 2075 2561 oportet,

417 2581 473 2632 et
504 2578 879 2648 perductores
908 2577 1205 2644 adhibere,
1241 2576 1561 2649 longasque
1592 2580 2079 2650 perigrinationes

418 2668 736 2738 suscipere,
770 2674 1092 2737 caeteraque
1125 2668 1323 2721 omnia
1366 2669 1553 2721 facere
1583 2674 1639 2722 et
1688 2670 1828 2739 pati,
1863 2670 2079 2739 quibus

420 2755 565 2810 artis
597 2755 805 2826 peritia
850 2760 1263 2826 comparatur:
1298 2756 1644 2826 sapientiam
1702 2764 1916 2825 autem,
1952 2775 2077 2828 quae

420 2844 696 2899 omnibus
713 2850 1011 2916 praeest,ac
1036 2845 1187 2899 bona
1216 2845 1413 2899 omnia
1435 2845 1736 2916 complexu
1764 2864 1869 2901 suo
1901 2852 2077 2916 tenet,

422 2935 564 2988 adeo
590 2938 651 2988 ut
672 2933 795 3005 ipse
817 2924 1049 3005 quoque
1075 2935 1244 2999 Deus,
1273 2934 1545 3003 quamvis
1567 2936 1874 3004 permultis
1898 2936 2082 2990 nomi-

426 3022 598 3077 nibus
631 3028 887 3088 vocetur,
924 3022 1027 3075 hoc
1058 3024 1251 3076 tamen
1289 3021 1522 3076 nomine
1544 3022 1868 3094 impensius
1900 3042 2077 3095 quam

428 3109 564 3165 ullis
595 3110 725 3166 aliis
755 3109 1092 3179 delectetur,
1127 3128 1245 3164 rem
1276 3127 1457 3181 usque
1486 3113 1628 3165 adeo
1653 3112 1832 3166 levem
1866 3119 1923 3167 et
1946 3131 2075 3184 pro-

423 3199 623 3254 tritam
648 3216 775 3254 esse
805 3198 1288 3267 existimabimus,
1326 3206 1387 3253 ut
1416 3201 1487 3253 ad
1524 3202 1649 3266 hoc,
1687 3208 1750 3254 ut
1781 3202 2075 3273 quispiam

2174 624 2419 697 νοίμεθα.
2469 629 2641 679 Τοῦτο
2685 627 2846 696 ἡμῶν
2896 622 2947 676 oi.
2995 621 3351 697 χρηστότεροι
3395 618 3483 674 καὶ
3532 617 3827 673 ἁπλούστε-

2177 734 2282 788 ροι·
2314 714 2365 768 τί
2416 712 2472 768 δὲ
2526 714 2577 767 οἱ
2628 711 2985 784 πνευματικοὶ
3031 714 3144 783 (87)
3190 708 3403 782 μᾶλλον
3438 710 3552 781 (88)
3592 710 3680 763 καὶ
3709 728 3826 784 γεν-

2175 802 2443 879 ναιότεροι
2502 822 2515 873 ;
2578 801 2769 857 Πολλὰ
2824 799 3232 876 κατακρίναντες
3289 802 3439 871 ἡμᾶς
3473 841 3487 866 ,
3549 797 3607 853 ἂν
3685 792 3827 852 οὕτω

2179 889 2323 965 δόξῃ,
2365 892 2453 946 καὶ
2509 890 2901 968 βασανίςαντες,
2951 891 3040 944 καὶ
3090 886 3333 961 οὐδαμοῦ
3380 886 3596 959 θέντες,
3645 884 3825 954 ἀπῆλ-

2178 983 2314 1053 θον,
2372 982 2459 1035 καὶ
2516 982 2613 1049 τήν
2675 979 2959 1035 κοινωνίαν
3013 979 3088 1041 ὡς
3149 978 3248 1032 οὐκ
3313 971 3544 1031 εὐσεϐῶν
3605 974 3827 1031 διαπτύ-

2180 1091 2382 1132 σαντες.

2250 1162 2327 1217 Ν’.
2360 1164 2459 1216 ’Ἀν
2490 1156 2547 1213 δέ
2594 1179 2696 1213 τινι
2748 1157 2925 1214 αὐτῶν
2975 1154 3221 1232 λέγωμεν
3273 1154 3473 1211 οὑτωσὶ
3521 1156 3707 1230 πράως
3738 1154 3828 1209 καὶ

2180 1248 2417 1324 λογικῶς
2460 1242 2884 1322 προϐιϐάζοντες
2932 1248 3065 1319 (8ι))’
3119 1244 3251 1299 Εἴπὲ
3301 1266 3415 1318 μοι,
3451 1245 3495 1298 ὧ
3545 1242 3828 1316 θαυμάσιε,

2179 1336 2366 1399 καλεῖς
2419 1359 2469 1391 τι
2520 1338 2579 1391 τὸ
2625 1337 2930 1411 ὀρχεῖσθαι,
2979 1334 3041 1390 τό
3089 1354 3147 1389 τε
3187 1333 3371 1388 αὐλεῖν
3408 1353 3421 1402 ;
3458 1333 3602 1388 Πάνυ
3652 1352 3715 1407 γε
3764 1330 3834 1386 εἷ’-

2180 1448 2331 1481 ποιεν
2392 1425 2473 1482 ἄν.
2534 1426 2594 1479 Τί
2652 1423 2737 1480 δαὶ
2962 1424 3151 1501 σοφίαν
3211 1444 3269 1477 τε
3318 1422 3408 1477 καὶ
3452 1422 3614 1499 σοφὸν
3677 1419 3830 1491 εἶναι,

2179 1517 2327 1569 τοῦθ’
2359 1516 2386 1569 ὃ
2439 1512 2504 1583 δὴ
2557 1514 2712 1578 θείων
2763 1535 2821 1569 τε
2870 1513 2960 1567 καὶ
3011 1511 3358 1588 ἀνθρωπίνων
3407 1510 3714 1582 ἐπιστήμην
3758 1530 3836 1564 τι-

2183 1606 2383 1676 θέμεθα
2428 1623 2441 1672 ;
2492 1603 2591 1657 Καὶ
2642 1608 2802 1657 τοῦτο
2864 1600 3119 1658 δώσουσι.
3181 1600 3417 1676 Πότερον
3477 1598 3534 1654 δὲ
3590 1604 3833 1675 κρεῖττον

2183 1694 2316 1745 εἶναι
2367 1692 2456 1746 καὶ
2506 1690 2880 1766 ὑψηλότερον,
2927 1694 3096 1744 ταῦτα
3143 1689 3354 1766 σοφίας,
3398 1690 3431 1756 ἦ
3480 1687 3685 1742 τούτων
3731 1707 3833 1759 μα-

2180 1785 2296 1854 κρῷ
2341 1781 2440 1849 τὴν
2492 1780 2679 1856 σοφίαν
2714 1797 2727 1847 ;
2762 1778 2859 1832 Καὶ
2908 1779 3122 1833 πάντων
3176 1775 3232 1831 εὖ
3284 1774 3386 1831 οἶδ’
3434 1775 3515 1830 δτι
3566 1777 3679 1848 (91)
3725 1777 3831 1852 φή-

2182 1887 2351 1923 σουσι’
2412 1868 2499 1923 καὶ
2563 1868 2725 1943 μέχρι
2795 1868 3001 1922 τούτων
3068 1866 3199 1922 εἰσὶν
3263 1865 3604 1940 εὐγνώμονες
3642 1908 3654 1921 .
3708 1865 3835 1939 Ἆρ’

2183 1958 2273 2013 οὖν
2307 1958 2591 2033 ὀρχήσεως
2636 1958 2729 2030 μὶν
2772 1957 2861 2011 καὶ
2912 1954 3196 2027 αὐλήσεως
3227 1958 3340 2028 (92)
3372 1955 3481 2009 ἐστι
3515 1951 3835 2008 διδασκαλία

2181 2050 2270 2101 καὶ
2306 2048 2559 2119 μάθησις,
2610 2046 2698 2100 καὶ
2750 2046 2953 2121 χρόνου
2998 2045 3135 2121 πρὸς
3184 2048 3343 2098 τοῦτο
3394 2040 3496 2114 δεῖ,
3545 2043 3635 2096 καὶ
3667 2040 3834 2118 ἱδρώ-

2182 2156 2289 2187 των
2324 2138 2534 2208 συχνῶν
2568 2133 2656 2187 καὶ
2689 2133 2892 2201 πόνων,
2925 2132 3013 2186 καὶ
3069 2131 3296 2203 μισθοὺς
3345 2126 3671 2186 καταϐαλεῖν

2186 2222 2325 2277 ἔστιν
2355 2223 2464 2291 ὅτε,
2513 2222 2601 2275 καὶ
2652 2226 3024 2297 προσαγωγῶν
3077 2224 3187 2293 (94)
3238 2218 3521 2289 δεηθῆναι,
3571 2218 3661 2273 καὶ
3711 2220 3841 2275 ἀπο-

2187 2310 2431 2384 δημῆσαι
2478 2310 2802 2385 μακρότερα,
2854 2309 2944 2364 καὶ
2998 2309 3179 2365 τᾶλλα
3383 2310 3449 2363 τὰ
3485 2310 3577 2382 μὲν
3611 2316 3837 2378 ποιῆσαι

2185 2402 2376 2472 πάντα,
2425 2399 2492 2453 τὰ
2541 2397 2597 2453 δὲ
2648 2404 2859 2467 παθεῖν,
2911 2401 2992 2461 οἷς
3045 2397 3300 2472 ἐμπειρία
3344 2395 3684 2473 συλλέγεται·
3736 2399 3833 2467 τὴν

2189 2488 2245 2544 δὲ
2302 2489 2516 2565 σοφίαν,
2664 2492 2819 2541 πᾶσιν
2876 2486 3149 2541 ἐπιστατεῖ
3206 2488 3353 2561 (96),
3411 2486 3500 2541 καὶ
3558 2489 3732 2542 πάντα
3790 2485 3840 2541 ἐν

2188 2580 2349 2652 ἑαυτῇ
2404 2578 2472 2632 τὰ
2526 2575 2670 2631 καλὰ
2722 2571 3071 2631 συλλαϐοῦσα
3126 2577 3241 2649 (97)
3301 2574 3438 2651 ἔχει,
3491 2574 3567 2637 ὦς
3616 2574 3705 2629 καὶ
3744 2572 3836 2630 τὸν

2189 2669 2315 2722 Θεὸν
2349 2666 2503 2721 αὐτὸν
2536 2670 2695 2720 τοῦτο
2732 2663 2944 2738 μᾶλλον
3038 2686 3087 2719 τι
3121 2662 3261 2719 ἄλλο
3292 2665 3502 2741 χαίρειν
3550 2664 3835 2737 ἀκούοντα,

2191 2753 2376 2824 ἐπειδὴ
2427 2754 2673 2809 καλεῖται
2721 2752 2957 2816 πολλοῖς
3008 2753 3287 2827 ὀνόμασιν,
3337 2755 3480 2808 οὕτω
3529 2754 3730 2830 κοῦφόν
3781 2775 3834 2808 τι

2188 2846 2275 2900 καὶ
2326 2845 2705 2916 πεπατημὲνον
2757 2850 2985 2918 πρᾶγμα
3045 2841 3443 2916 ὑποληψόμεθα
3476 2886 3491 2911 ,
3553 2841 3691 2895 ὥστε
3747 2845 3833 2897 θε-

2190 2934 2351 3003 λῆσαι
2387 2932 2494 2988 δεῖν
2527 2936 2642 3005 (98)
2677 2932 2839 3004 μόνον
2893 2931 2980 2985 καὶ
3031 2932 3164 2985 εἶναι
3206 2930 3373 3008 σοφόν
3410 2958 3423 2999 ;
3462 2927 3687 2998 Πολλῆς
3718 2932 3834 3003 (99)

2187 3029 2345 3078 τοῦτο
2394 3030 2495 3092 τῆς
2533 3022 2810 3095 ἀμαθείας.
2847 3028 2940 3074 "Av
2990 3025 3156 3074 ταῦτα
3206 3019 3455 3094 λέγωμεν
3505 3019 3711 3089 αὐτοῖς,
3743 3018 3833 3074 καὶ

2188 3116 2324 3168 κατὰ
2376 3112 2566 3187 μικρὸν
2614 3112 2711 3178 τὴν
2762 3108 2973 3179 πλάνην
3024 3110 3470 3185 ἀνακαθαίρωμεν
3523 3111 3623 3182 (ί),
3670 3107 3707 3177 ἤ
3755 3129 3837 3171 τις

2188 3201 2359 3264 ἀλλος
2423 3206 2527 3255 τῶν
2585 3198 2989 3275 εὐμαθεστέρων
3047 3199 3135 3253 καὶ
3192 3200 3567 3271 συνετωτέρων
3605 3242 3617 3266 ,
3672 3203 3833 3254 τοῦτο

423 3288 658 3359 sapiens
690 3288 786 3355 sit,
820 3288 1085 3343 voluntas
1117 3288 1240 3343 sola
1276 3262 1653 3359 requiratur?
1684 3262 2065 3362 Magnanimo-

2186 3291 2357 3346 ἐκεῖνο
2415 3292 2549 3345 κατά
2602 3293 2812 3360 πετρῶν
2872 3286 3141 3358 σπείρειν,
3193 3287 3282 3342 καὶ
3337 3286 3523 3343 λαλεῖν
3585 3287 3662 3350 εἷς
3720 3290 3833 3343 ὦτα

421 3377 569 3432 fecto
603 3376 859 3432 stultitiae
893 3377 998 3432 hoc
1046 3377 1239 3432 fuerit.
1291 3378 1348 3431 Si
1378 3378 1499 3431 Ι]ωο
1537 3379 1609 3432 ad
1642 3395 1739 3433 eos
1784 3380 2069 3450 dicamus,

417 3482 790 3538 erroremque
820 3465 1101 3538 paulatim
1145 3484 1553 3538 repurgemus,
1586 3474 1689 3522 aut
1717 3467 1871 3523 alius
1904 3470 2069 3540 quis-

413 3555 567 3627 piam
588 3556 911 3612 doctiorum
931 3561 987 3611 et
1006 3556 1469 3627 prudentiorum,
1491 3555 1599 3611 hoc
1619 3556 1897 3612 nimirum
1922 3558 2068 3614 illud

412 3645 587 3700 fuerit
618 3663 796 3717 supra
829 3649 1021 3716 petras
1070 3646 1362 3700 seminare
1389 3646 1452 3712 μ’,
1486 3651 1657 3715 atque
1677 3646 1735 3700 in
1759 3664 1929 3702 aures
1951 3665 2066 3702 non

411 3734 773 3789 audientium
799 3733 957 3805 loqui
980 3734 1042 3789 '5.
1067 3734 1152 3789 Ita
1181 3751 1253 3789 ne
1273 3733 1556 3789 hactenus
1576 3734 1814 3805 quidem
1841 3737 2068 3808 sapien-

408 3829 495 3880 tes
528 3830 686 3894 sunt,
720 3832 786 3881 ut
815 3825 1108 3881 inscitiam
1141 3842 1309 3881 suam
1354 3827 1647 3898 cognitam
1684 3826 1953 3883 habeant.
1986 3830 2066 3885 Ac

411 3914 556 3969 mihi
588 3915 965 3970 commodum
996 3930 1124 3969 esse
1173 3915 1402 3970 videtur
1447 3915 1590 3971 illud
1633 3915 1963 3972 Salomonis
1994 3919 2066 3974 de

410 4002 555 4075 ipsis
586 4004 685 4059 38
720 4021 1038 4075 usurpare:
1087 4006 1177 4059 Est
1221 4005 1434 4059 malum
1462 4007 1605 4075 quod
1649 4005 1765 4061 vidi
1795 4007 1891 4061 sub
1930 4008 2061 4076 sole,

407 4094 590 4147 virum
619 4095 716 4163 qui
743 4093 852 4148 sibi
880 4094 1103 4162 sapiens
1131 4108 1243 4148 esse
1271 4095 1493 4147 videtur
1508 4094 1551 4127 ⁹⁶
1575 4110 1587 4148 :
1620 4098 1680 4148 et
1708 4095 1860 4164 quod
1895 4097 2062 4165 pejus

2184 3382 2259 3453 μὴ
2307 3380 2631 3437 ἀκουόντων.
2683 3377 2867 3439 Οὕτως
2916 3374 3028 3431 οὐδ’
3088 3376 3217 3431 αὐτὸ
3274 3376 3435 3431 τοῦτό
3495 3376 3594 3430 εἶσι
3647 3377 3824 3453 σοφοὶ,

2176 3472 2275 3539 τὴν
2332 3468 2531 3523 ἑαυτῶν
2590 3467 2873 3542 γινώσκειν
2935 3463 3303 3521 ἀπαιδευσίαν.
3365 3464 3460 3519 Καὶ
3520 3485 3615 3535 μοι
3676 3462 3826 3518 δοκεῖ

2176 3558 2362 3622 καλῶς
2420 3554 2564 3633 ἔχειν
2619 3557 2679 3610 τὸ
2751 3559 2848 3609 τοῦ
2898 3554 3263 3627 Σολομῶντος
3334 3554 3457 3626 περὶ
3515 3550 3686 3606 αὐτῶν
3748 3552 3823 3608 εί-

2176 3654 2292 3703 πεῖν
2348 3650 2444 3721 (2)·
2506 3648 2653 3700 Ἐστι
2712 3644 2964 3718 πονηρία,
3022 3646 3086 3713 ἣν
3138 3640 3277 3698 εἶδον
3336 3642 3437 3696 ὑπὸ
3487 3641 3578 3696 τὸν
3637 3640 3822 3709 ἥλιον,

2177 3735 2343 3812 ἄνδρα
2412 3734 2635 3806 δόξαντα
2694 3736 2819 3808 παρ’
2904 3732 3076 3804 ἐαυτῷ
3154 3732 3316 3809 σοφὸν
3384 3730 3515 3785 εἶναι
3551 3750 3565 3764 ·
3625 3731 3716 3785 καὶ
3793 3732 3823 3787 ὅ

2172 3826 2366 3882 τούτου
2439 3824 2802 3899 πονηρότερον
2840 3868 2854 3891 ,
2912 3819 3181 3877 παιδεύειν
3252 3818 3456 3881 ἄλλους
3534 3840 3821 3875 πεπιστευ-

2177 3915 2334 3988 μένον
2389 3916 2479 3969 τὸν
2561 3910 2701 3988 μηδὲ
2767 3915 2865 3981 τῆς
2923 3910 3124 3972 οἰκείας
3178 3909 3436 3983 ἀμαθείας
3499 3907 3817 3965 ἐπαισθανό-

2176 4025 2358 4077 μενον.

410 4185 518 4250 est,
552 4181 696 4237 alios
726 4182 1075 4237 erudiendos
1107 4182 1382 4253 suscepit,
1417 4182 1510 4253 qui
1548 4199 1617 4237 ne
1650 4184 1944 4239 inscitiam
1979 4184 2214 4256 quidem
2252 4202 2419 4242 suam
2455 4186 2755 4256 persentit.

473 4308 517 4342 ⁰⁴
548 4307 686 4362 Luc.
719 4323 839 4377 vm,
868 4308 925 4361 6.
1002 4307 1045 4343 9‘
1077 4306 1246 4361 Eccli.
1279 4322 1407 4377 xxv,
1442 4308 1528 4361 12.
1605 4309 1649 4342 ⁰⁶
1679 4308 1862 4364 Eecle.
1897 4326 1953 4379 x,
1989 4310 2060 4379 5;
2094 4314 2261 4367 Prov.
2298 4327 2447 4379 xxvr,
2485 4311 2572 4364 12.

471 4451 583 4523 (87)
639 4448 1143 4525 Πνευματικοίηῐῃ
1199 4450 1463 4525 margine
1521 4451 1678 4509 Colb.
1739 4453 1857 4515 καθ’
1918 4451 2046 4506 ὑπό-

2181 4454 2575 4511 ιοῑιοὶΙίδιῐοιιοε.
2612 4474 2640 4504 ››
2670 4451 2800 4509 Bill.
2834 4451 3024 4525 prima
3067 4452 3340 4521 editione,
3375 4475 3403 4503 «
3437 4452 3813 4509 commenda-

396 4541 593 4597 κρισιν.
626 4543 654 4573 ‹‹
688 4539 789 4597 per
819 4522 1182 4597 hypocrisim
1206 4540 1270 4578 ac
1305 4522 1453 4579 ﬁcte.
1487 4546 1514 4574 ››

468 4591 1116 4668 (88)--1ίιᾶλγλονῗῡοθει
1168 4594 1252 4668 in_
1283 4600 1502 4667 septem
1564 4595 1742 4668 Regg.
1801 4596 2048 4668 aliisque

395 4665 716 4748 nonnullis.
751 4667 985 4739 Legitur
1016 4672 1209 4723 tamen
1239 4666 1299 4722 in
1330 4665 1600 4739 pluribus
1636 4665 1868 4741 optimas
1899 4665 2047 4725 notis

396 4738 719 4793 codicibus.
844 4738 851 4739 “
1331 4738 1349 4739 ί
1672 4738 1691 4741 “

463 4811 577 4882 (89)
612 4801 1056 4882 Προϐιϐἀζοντες.
1109 4809 1200 4864 Sic
1254 4810 1429 4881 Regg.
1488 4811 1543 4880 b,
1578 4809 1616 4876 Ι,
1662 4826 1740 4879 m,
1772 4810 1929 4865 Colb.
1965 4827 2044 4879 m,

392 4886 527 4947 etc.,
553 4881 725 4949 Cujus
747 4881 901 4936 vocis
922 4881 1007 4934 vis
1030 4881 1149 4935 haec
1172 4886 1278 4948 est,
1305 4905 1331 4932 «
1359 4882 1820 4936 rationicinando
1844 4883 2049 4951 grada-

391 4956 498 5007 tim
531 4961 822 5024 urgentes.
851 4976 880 5024 ξ
915 4953 1024 5006 Alii
1070 4953 1297 5008 codices
1330 4954 1547 5008 habent
1596 4953 2043 5022 συμοιοάζοντες.

393 5025 495 5079 Ed.
531 5016 661 5096 Bas.
694 5016 1182 5096 προσϐιοαζοντες.

462 5093 654 5183 (ροβε
695 5092 800 5149 δαί.
838 5094 1098 5168 Plerique
1147 5102 1321 5166 Regg.
1374 5094 1491 5149 Jes.
1541 5098 1599 5149 et
1650 5093 1844 5166 plures
1884 5096 2041 5153 Colb.

388 5163 572 5365 τίᾷὶεί)
609 5234 682 5291 Εὖ
732 5233 852 5291 οἶδ’.
906 5234 980 5290 Εὖ
1028 5238 1192 5294 deest
1221 5237 1279 5289 in
1329 5241 1583 5306 quatuor
1626 5237 1787 5307 Reg.,
1819 5196 2042 5309 septem

388 5314 461 5365 Co
490 5312 543 5365 b.
578 5317 636 5365 et
666 5309 759 5365 Or.
796 5311 845 5364 1.

388 5309 636 5367 Colb.et
666 5309 759 5365 Or.
796 5311 845 5364 1.

389 5384 571 5510 “(393)
598 5378 1042 5525 ξὲἐρύλήσεως.
1093 5383 1201 5435 etc.
1254 5379 1347 5433 Sic
1396 5379 1589 5434 Horat.
1640 5382 1767 5436 Arte
1801 5386 1950 5453 poet.
1984 5399 2037 5439 ν.

432 5568 433 5571 η
685 5522 702 5525 ’
1061 5524 1168 5591 Qui
1196 5522 1400 5593 Pythia
1430 5528 1636 5579 cantat.

456 5595 694 5659 Tibicen,
725 5595 917 5650 didicit
944 5597 1117 5665 prius,
1149 5596 1515 5663 extimuitque
1542 5596 1891 5665 magistrum.

455 5666 561 5741 Nec
585 5668 719 5741 satis
748 5677 832 5741 est
855 5667 1082 5741 duxisse,
1115 5682 1211 5741 ego
1238 5668 1390 5741 mirq
1419 5677 1671 5741 poemata
1698 5684 1898 5739 pango.

475 5737 561 5806 93)
594 5732 950 5794 Καταϐαλεῖν.
987 5731 1189 5794 Coinb.
1222 5731 1605 5797 καταϐάλλειν.

475 5737 561 5806 93)
594 5737 950 5794 Καταῦαλεῖν.
987 5738 1189 5794 Comb.
1222 5737 1605 5797 καταϐάλλειν.
1699 5737 1710 5739 ’
1815 5737 1829 5739 ’

453 5737 567 5905 (94)
599 5810 997 5888 Προσαγωγῶν.
1030 5810 1229 5869 Comb.
1274 5832 1303 5864 ‹‹
1329 5810 1430 5886 qui
1469 5812 1695 5870 aditum
1726 5812 2031 5891 prmetent,

2157 4532 2340 4679 ἷοξὶέ)
2369 4548 2670 4679 ἵᾞὶλλασυῐη
2702 4597 2844 4679 Reg.
2871 4600 2922 4679 t,
2961 4598 3362 4679 desideratur:
3413 4595 3473 4651 in
3507 4595 3649 4679 Reg;
3683 4594 3720 4661 l,
3756 4598 3814 4651 et

2229 4598 2340 4722 (95)
2369 4598 2670 4679 Τᾶλλαχῐη
2702 4598 2844 4667 Reg.
2877 4600 2922 4666 t,
2961 4598 3362 4653 desideratur:
3413 4598 3473 4651 in
3507 4598 3646 4664 Reg.
3683 4598 3720 4661 l,
3756 4598 3811 4651 et

2157 4669 2239 4753 CO_
2261 4671 2313 4724 b.
2351 4686 2429 4736 ω,
2479 4668 2727 4741 legitur:
2792 4666 2888 4721 Καὶ
2935 4669 3001 4721 τὰ
3054 4667 3148 4740 μὲν
3193 4673 3440 4735 ποιῆσαι,
3488 4665 3554 4719 τὰ
3602 4662 3659 4718 δὲ
3703 4684 3811 4717 πα-

2193 4760 2288 4795 ειν.

2159 4750 2186 4802 Θ
2226 4812 2349 4895 (96)
2372 4812 2755 4895 Eumeni-Au
2789 4810 2926 4874 Qua
2956 4812 3013 4866 in
3046 4810 3321 4866 omnibus
3369 4806 3684 4878 primatum
3718 4808 3809 4860 te-

2158 4890 2257 4938 net
2284 4885 2473 5006 (Eccli,
2500 4900 2651 4944 xxxv,
2684 4884 2791 4951 10).
2827 4905 2854 4932 ››

2227 4955 2338 5026 (9)
2399 4948 2777 5009 Συλλαϐοὖσα.
2856 4954 2942 5009 Ita
3013 4952 3185 5022 Regg.
3265 4947 3367 5016 hu,
3440 4945 3480 5013 1,
3556 4950 3614 5002 et
3669 4947 3808 5004 Cob.

2156 5026 3227 5173 3'93?)Aefy18icliss-._1-.I.ned-{551-
3364 5158 3412 5173 ..
3485 5159 3705 5173 ω...

2226 5158 2340 5241 (99’)
2374 5165 2636 5242 Πολλῆς.-
2667 5158 2843 5222 Ad‘ait
2890 5165 3073 5219 Mont.
3126 5158 3313 5221 ὅντως.
3364 5158 3804 5242 VertitBillius,

2161 5262 2187 5294 α
2216 5236 2442 5322 magna:
2474 5238 2695 5307 Hercle,
2732 5259 2758 5287 υ
2784 5253 2961 5309 quam
2986 5251 3185 5289 vocem
3210 5250 3322 5288 non
3360 5236 3504 5287 satis
3525 5236 3681 5304 piam
3716 5250 3808 5289 ox-

2152 5329 2491 5386 puﬁnXImus.
2524 5310 2671 5377 Quid
2702 5308 2859 5365 enim
2891 5306 3223 5363 Christiano
3263 5321 3395 5361 cum
3432 5304 3631 5375 jurato
3663 5302 3803 5361 Her-

2151 5385 2323 5441 cule?

2220 5458 2295 5529 (1)

2149 5544 2302 5584 IDUS.
2339 5548 2365 5576 »
3550 5566 3555 5571 ~

2223 5600 2288 5610 ιη.
2354 5604 2395 5610 .-
2464 5594 2477 5610 \
2573 5594 2585 5610 ν
2634 5599 2661 5609 ιι-
2796 5595 2809 5610 9
2885 5598 2908 5610 ο
3032 5597 3052 5610 τ
3233 5593 3280 5610 'I-
3338 5590 3555 5610 ____l___..

2216 5600 2293 5672 (2)
2332 5594 2479 5672 _Uspi
2529 5594 2702 5651 αὐτῶν
2768 5595 2959 5672 εἰπεῖν.
3031 5597 3118 5672 Is_
3150 5593 3289 5672 ordo
3337 5590 3672 5672 verborum‘
3715 5591 3805 5672 est

2144 5656 2494 5754 iq‘nielioris
2526 5674 2674 5727 nota
2724 5669 3045 5729 codicibus.
3096 5667 3161 5722 In
3191 5664 3281 5722 ed.
3336 5660 3502 5718 εἰπεῖν
3552 5657 3675 5741 περὶ
3707 5656 3839 5723 αὖε,

2141 5759 2272 5804 των.

2380 5449 2875 5528 ’Δνακαθαίρωμεν.
2958 5474 2985 5502 ‹‹
3068 5451 3417 5523 Expugnare
3493 5445 3807 5504 tentaveri-
