4152 6286
321 399 435 465 461

398 532 521 588 NA'.
574 533 743 586 Τοῦτο
801 526 1045 606 δακρύων
1104 529 1198 605 μὶν
1252 531 1342 588 καὶ
1398 538 1710 611 στεναγμῶν

326 644 374 677 τι
432 620 593 695 ἄλλο,
645 622 705 676 τὸ
753 623 920 684 πάθος
969 619 1133 693 ἄξιον·
1186 622 1214 677 ’ὁ
1244 623 1331 677 καὶ
1381 622 1649 685 πολλάκις
1698 621 1806 699 ἐγὼ
1843 644 1970 677 κατ-

327 711 561 783 ηλὲησα,
610 709 665 766 εὖ
714 709 891 781 εἰδὼς,
943 711 1025 766 ὅτι
1072 714 1135 766 τὸ
1168 710 1367 766 οἷέσθαι
1414 717 1509 767 τοῦ
1558 713 1783 767 εἶναιτὸ
1813 710 1970 767 πλεῖ-

329 824 447 857 στον
496 802 822 880 ἀφαιρεῖται,
872 801 960 855 καὶ
1013 800 1147 877 μέγα
1193 808 1309 864 τοῖς
1372 802 1675 878 ἀνθρώποις
1725 805 1759 871 ἡ
1814 822 1972 856 κενο-

328 889 477 963 δοξία
526 893 601 965 (3)
661 891 798 967 πρὸς
854 890 1048 967 ἀρετὴν
1110 889 1406 965 ἐμπόδιον·
1468 891 1711 955 ἰάσασθαι
1771 889 1828 946 δὲ
1884 892 1972 946 καὶ

328 988 517 1051 στῆσαι
558 982 659 1049 τήν
709 975 862 1035 νόσον
915 981 1119 1057 Πέτρου
1152 979 1207 1035 ἂν
1237 983 1313 1054 (4)
1347 978 1429 1051 εἶή
1479 979 1686 1050 τινὸςῆ
1728 979 1966 1051 Παύλου,

326 1075 434 1125 τῶν
499 1069 749 1146 μεγάλων
808 1070 1042 1143 Χριστοῦ
1104 1070 1377 1141 μαθητῶν,
1434 1068 1524 1123 καὶ
1586 1069 1719 1143 μετὰ
1764 1076 1862 1139 τῆς
1920 1068 1971 1124 ἒν

331 1159 486 1235 λόγῳ
539 1168 627 1214 και
696 1156 837 1235 ἔργῳ
908 1152 1283 1234 κυϐερνήσεως
1356 1157 1662 1233 εἰληφότων
1736 1159 1799 1213 τὸ
1874 1157 1974 1233 χά-

334 1270 503 1325 ρισμα
556 1250 682 1321 (5),
733 1249 823 1302 καὶ
881 1253 1009 1302 πᾶσι
1085 1248 1258 1302 πάντα
1316 1248 1643 1322 γινομένων,
1698 1246 1790 1302 *ίνα
1844 1246 1971 1309 τοὺς

334 1335 535 1401 πάντας
582 1340 659 1411 (6)
700 1334 1058 1414 κερδήσωσινο
1108 1339 1244 1411 ἡμῖν
1293 1334 1350 1391 δὲ
1393 1342 1509 1399 τοῖς
1568 1335 1763 1400 ἄλλοις
1814 1336 1969 1413 μέγα,

332 1426 425 1483 κᾶν
471 1426 515 1482 εἷ
564 1426 749 1488 καλῶς
795 1420 1188 1501 κυϐερνοίμεθα
1234 1426 1322 1480 καὶ
1378 1426 1637 1501 ἀγοίμεθα
1683 1427 1818 1500 πρὸς
1864 1430 1969 1481 τῶν

330 1516 653 1591 ἐπανορθοῦν
729 1515 796 1569 τὰ
860 1518 1083 1570 τοιαῦτα
1156 1514 1243 1569 καὶ
1318 1512 1602 1569 διευθύνειν
1666 1519 1971 1590 ξπεπιστευ-

335 1606 527 1679 μένων.

402 1783 524 1839 ΝΒ’.
558 1779 713 1838 Ἀλλ’
769 1776 952 1851 ἐπειδή
1013 1801 1073 1856 γε
1131 1780 1352 1835 Παύλου
1401 1780 1487 1836 καὶ
1534 1786 1639 1836 τῶν
1689 1782 1806 1837 κατ’
1837 1781 1975 1837 ἐκεῖ·

330 1893 419 1927 νον
480 1871 824 1945 ἐμνήσθημεν
862 1916 875 1941 ,
935 1870 1193 1945 ἀφέντες,
1252 1869 1297 1924 εἷ
1360 1867 1543 1940 δοκεῖ,
1585 1870 1711 1933 τοὺς
1771 1870 1975 1933 ἄλλους

334 1963 587 2029 ἅπαντας,
649 1959 764 2015 ὅσοι
822 1960 957 2013 κατὰ
1014 1959 1357 2031 νομοθεσίαν,
1508 1959 1878 2038 προφητείαν,
1936 1958 1972 2028 ἤ

330 2048 675 2127 στρατηγίαν,
736 2046 771 2117 ἤ
824 2069 945 2103 τινα
994 2048 1248 2119 τοιαύτην
1312 2048 1487 2119 ἄλλην
1531 2049 1844 2124 οἰκονομίαν
1876 2054 1973 2104 τοῦ

331 2139 466 2195 λαοῦ
518 2133 961 2214 προεϐλήθησαν,
1009 2139 1121 2192 οἷον
1181 2139 1272 2192 τὸν
1330 2145 1554 2208 Μωσῆν,
1614 2140 1704 2193 τὸν
1760 2139 1970 2215 Ἀαρὼν

330 2229 551 2301 ἐκεῖνον,
584 2228 675 2283 τὸν
709 2229 943 2298 Ἰησοῦν,
976 2227 1065 2282 τὸν
1098 2224 1309 2296 Ἠλίαν,
1340 2228 1430 2282 τὸν
1478 2228 1808 2300 Ἐλισσαῖον,
1848 2228 1974 2291 τοὺς

329 2320 534 2395 κριτὰς,
593 2319 683 2373 τὸν
744 2315 976 2389 Ἰησοῦν,
1034 2317 1123 2371 τὸν
1184 2311 1369 2388 Δαϐὶδ,
1426 2321 1533 2371 τῶν
1562 2323 1855 2394 προφητῶν
1910 2317 1972 2372 τὸ

328 2407 556 2481 πλῆθος,
588 2408 677 2461 τὸν
710 2405 982 2477 Ἰωάννην,
1013 2406 1141 2467 τοὺς
1185 2403 1391 2461 δώδεκα
1444 2407 1687 2480 μαθητὰς
1732 2407 1858 2469 τοὺς
1890 2407 1972 2462 ἐπ’

328 2496 549 2559 ἐκείνοις
599 2495 817 2572 ὕστερον
867 2499 961 2567 (7),
1026 2495 1077 2549 οἳ
1132 2493 1366 2557 πολλοῖς
1426 2493 1613 2572 ἱδρῶσι
1664 2496 1750 2551 καὶ
1782 2496 1971 2560 πόνοις

328 2584 606 2657 διεξῆλθον
638 2587 738 2655 τὴν
789 2584 1113 2658 προστασίαν
1157 2586 1292 2639 κατᾶ
1338 2586 1463 2647 τοὺς
1494 2586 1693 2640 ἑαυτῶν
1736 2586 1969 2662 χρόνους

325 2674 563 2731 ἕκαστον
612 2675 835 2736 τούτοος
889 2668 1213 2749 ὑπερϐάντες
1273 2674 1530 2745 ἅπαντας,
1582 2673 1795 2730 Παῦλον
1843 2697 1972 2751 προ-

330 2766 651 2838 στησώμεθα
685 2763 849 2838 μόνον
877 2768 973 2818 τοῦ
1024 2758 1193 2838 λόγου
1223 2763 1506 2837 συνίστορα
1538 2766 1636 2837 (8),
1668 2764 1761 2819 κᾶν
1792 2766 1970 2839 τούτῳ

331 2856 713 2931 θεωρήσωμεν,
745 2852 873 2907 ὅσον
920 2851 1028 2907 ἐστὶ
1077 2852 1166 2906 καὶ
1197 2856 1388 2928 ψυχῶν
1420 2855 1497 2927 (9)
1532 2852 1837 2927 ἐπιμέλεια,
1880 2854 1969 2909 καὶ

334 2944 379 3000 εἷ
431 2945 686 3020 βραχείας
744 2950 845 3012 τῆς
894 2941 1284 3017 πραγματείας,
1346 2944 1378 3010 ἢ
1440 2950 1634 3018 μικρᾶς
1689 2951 1789 3013 τῆς
1847 2965 1971 2998 συν-

337 3034 518 3093 εσεως.
548 3034 636 3094 Ὠς
668 3031 724 3086 ἂν
757 3029 813 3086 δὶ
846 3030 1011 3106 ῥᾷστα
1038 3036 1199 3085 τοῦτο
1228 3031 1377 3107 γνοίη
1391 3053 1484 3105 μεν
1515 3032 1604 3086 καὶ
1636 3030 1970 3107 κατίδοιμεν,

339 3120 392 3175 τί
428 3119 636 3182 Παῦλος
665 3120 820 3181 αὐτὸς
850 3119 971 3196 περί
1004 3120 1222 3175 Παύλου
1255 3120 1406 3197 φησὶ,
1453 3120 1790 3195 ἀκούσωμεν.

410 3217 529 3266 NF.
585 3214 685 3265 Ὲῶ
746 3208 911 3284 λέγειν
972 3212 1083 3283 (10)
1140 3209 1271 3271 τοὺς
1345 3210 1545 3273 πόνους
1581 3256 1594 3279 ,
1652 3213 1746 3274 τὰς
1804 3211 1972 3287 ἀγρυ-

1478 400 1772 467 ΟἩΑΤΙΟ
1817 405 1893 465 Π.
1927 434 2007 451 --
2032 402 2600 469 APOLOGETICA.

3623 401 3743 477 46!

1755 581 1768 605 ,
1823 534 1971 609 εἷ’περ
2004 538 2057 605 Α
2161 538 2250 593 LI.
2282 539 2400 594 Hoc
2431 538 2654 596 malum
2685 539 2957 613 lacrymis
3008 542 3246 615 quidem
3295 546 3352 599 et
3384 544 3661 613 luctibus,
3692 546 3743 602 ei

2083 628 2235 699 quod
2259 628 2435 698 aliud,
2471 630 2716 702 dignum
2748 636 2873 699 est;
2909 633 3059 703 quod
3087 632 3259 689 etiam
3290 634 3419 705 ipsa
3450 650 3602 707 saepe
3638 635 3744 692 mi-

2083 720 2308 771 seratus
2353 735 2506 785 sum,
2562 735 2677 775 non
2726 718 3005 791 ignorans
3044 722 3373 793 opinionem
3416 722 3740 794 plurimum

2082 805 2152 860 de
2174 821 2235 859 re
2252 806 2380 878 ipsa
2401 808 2646 875 auferre,
2667 808 2980 880 inanisque
2994 810 3187 881 gloriae
3203 810 3465 866 studium
3490 810 3741 866 homini-

2082 894 2192 950 bus
2225 912 2436 967 magno
2461 896 2529 950 ad
2554 897 2825 951 virtutem
2848 897 3266 969 impedimento
3292 916 3438 955 esse.
3466 900 3734 956 Morbum

2084 988 2274 1038 autem
2317 1002 2525 1040 sanare
2572 1002 2638 1041 ac
2687 986 3021 1057 reprimere,
3075 988 3223 1042 Petri
3273 990 3604 1057 cujusdam,
3634 995 3737 1046 aut

2084 1072 2245 1128 Pauli
2279 1073 2470 1141 fuerit,
2522 1060 2907 1146 magnorum,
2940 1076 3201 1147 inquam,
3234 1077 3470 1133 illorum
3519 1078 3740 1136 Christi

2083 1162 2526 1234 discipulorum,
2561 1163 2661 1236 qui
2702 1181 2818 1219 una
2847 1181 2979 1219 cum
3030 1166 3470 1237 gubernatione,
3521 1172 3641 1224 tam
3673 1170 3734 1225 in

2082 1268 2350 1308 sermone
2381 1269 2557 1324 quam
2580 1252 2637 1307 in
2661 1270 2853 1325 opere,
2876 1255 3124 1326 gratiam
3149 1262 3516 1329 acceperunt,
3545 1258 3736 1315 omni-

2082 1341 2309 1413 busque
2340 1342 2537 1397 omnia
2567 1342 2698 1397 facti
2731 1347 2889 1413 sunt,
2925 1347 2989 1397 ut
3017 1360 3219 1401 omnes
3250 1345 3735 1404 lucrifacerenl".

2082 1430 2261 1486 Nobis
2291 1436 2486 1487 autem
2519 1431 2648 1486 aliis
2672 1448 2951 1504 magnum
2975 1436 3149 1505 atque
3173 1434 3432 1507 amplum
3467 1436 3661 1502 fuerit,
3685 1438 3736 1494 si

2082 1520 2157 1577 ab
2187 1518 2278 1587 iis,
2313 1519 2529 1590 quibus
2560 1519 3059 1575 emendandarum
3087 1524 3142 1575 et
3164 1520 3603 1593 dirigendarum
3630 1523 3739 1578 hu-

2076 1610 2339 1681 jusmodi
2373 1623 2565 1665 rerum
2599 1624 2739 1664 cura
2769 1609 3085 1665 commissa
3125 1614 3233 1678 est,
3266 1614 3418 1666 recte
3449 1611 3737 1683 guberne-

2086 1715 2219 1755 mur
2248 1702 2421 1771 atque
2450 1699 2755 1753 ducamur.
2976 1688 2997 1697 ⁷

2154 1789 2270 1844 LII.
2304 1794 2386 1843 Ac
2409 1787 2685 1860 quoniam
2703 1786 2892 1856 Pauli,
2915 1788 3160 1860 ejusque
3180 1788 3464 1844 similium
3488 1789 3736 1846 mentio-

2088 1894 2218 1935 nem
2251 1878 2518 1944 fecimus,
2552 1876 2788 1943 relictis,
2824 1876 2872 1932 si
2904 1876 2985 1933 ita
3013 1878 3259 1943 videtur,
3283 1878 3557 1934 omnibus
3580 1878 3732 1947 aliis,

2083 1968 2181 2039 qui
2213 1967 2284 2023 ob
2316 1966 2474 2039 leges
2506 1966 2792 2033 ferendas,
2826 1964 2913 2021 vel
2945 1967 3017 2020 ob
3047 1966 3364 2037 prophetia:
3391 1984 3625 2034 munus,
3646 1967 3734 2024 vel

2082 2058 2155 2114 ob
2188 2057 2269 2112 rei
2302 2055 2576 2111 militaris
2604 2054 2939 2126 imperium,
2972 2054 3060 2110 vel
3096 2056 3168 2110 ob
3209 2055 3384 2112 aliam
3417 2058 3734 2128 quamdam

2083 2144 2371 2219 ejusmodi
2406 2142 2998 2208 administrationem,
3040 2142 3239 2215 pepuli
3289 2144 3580 2200 antistites
3613 2146 3733 2201 fue-

2083 2239 2237 2302 runt,
2258 2232 2415 2289 velut
2432 2233 2642 2301 Moses,
2661 2234 2871 2302 Aaron,
2890 2233 3089 2298 Josue,
3110 2232 3283 2300 Elias,
3305 2231 3737 2299 ElisseusJudi-

2081 2344 2199 2394 ces,
2216 2323 2473 2394 Samuel,
2494 2324 2690 2392 David,
2705 2323 3120 2395 prophetarum
3134 2323 3463 2389 multitudo,
3480 2324 3736 2381 Joannes

2081 2415 2385 2470 duodecim
2419 2412 2662 2484 apostoli
2694 2428 3013 2484 eorumque
3057 2412 3296 2483 posteri,
3330 2412 3429 2484 qui
3462 2430 3576 2467 non
3611 2412 3736 2469 sine

2083 2503 2283 2559 multis
2314 2501 2613 2558 laboribus
2667 2504 2723 2556 et
2771 2500 3086 2556 sudoribus
3132 2500 3485 2571 praefecturae
3518 2518 3736 2558 munus

2081 2593 2204 2649 suis
2260 2593 2507 2662 quisque
2554 2589 2916 2662 temporibus
2960 2588 3266 2645 obierunt:
3318 2588 3412 2645 his
3468 2590 3734 2663 inquam,

2081 2681 2355 2737 omnibus
2385 2678 2814 2753 praetermissis,
2840 2676 3080 2733 Paulum
3108 2695 3289 2733 unum
3312 2678 3602 2734 sermonis
3633 2696 3734 2734 no-

2081 2771 2188 2827 stri
2220 2768 2519 2826 conscium
2568 2768 2953 2839 proferamus,
2987 2770 3161 2837 atque
3201 2766 3258 2821 in
3292 2783 3378 2835 eo,
3431 2772 3652 2839 quanta
3680 2771 3739 2824 et

2081 2859 2271 2933 qualis
2304 2875 2395 2913 res
2427 2858 2503 2912 sit
2534 2856 2862 2912 animarum
2896 2872 3054 2924 cura,
3082 2860 3138 2911 et
3169 2872 3241 2911 an
3279 2873 3483 2928 parum
3522 2856 3735 2927 negotii

2081 2964 2400 3022 parumque
2450 2945 2695 3001 solertiae
2744 2945 3021 3018 requirat,
3073 2945 3528 3000 consideremus.
3572 2944 3737 3008 Quod

2081 3055 2195 3110 quo
2220 3036 2447 3091 facilius
2468 3033 2715 3106 intelligi
2740 3032 3109 3105 perspicique
3130 3034 3333 3105 possit,
3356 3034 3492 3105 quid
3518 3032 3736 3091 Paulus

2080 3128 2206 3200 ipse
2235 3126 2305 3181 de
2336 3122 2514 3179 Paulo
2545 3124 2719 3189 dicat,
2753 3122 3085 3178 audiamus.

2155 3216 2293 3271 LIII.
2328 3214 2487 3269 Mitto
2536 3211 2780 3278 labores,
2813 3211 3061 3283 vigilias,
3105 3211 3367 3283 timores,
3409 3212 3738 3270 vexationes

330 3300 513 3371 πνίας,
545 3299 670 3361 τοὺς
721 3280 942 3376 φόϐους,
980 3280 1082 3361 ’τάξ
1131 3297 1181 3354 ἐν
1215 3298 1368 3372 λιμῷ
1414 3300 1501 3354 καὶ
1550 3298 1691 3375 δίψει
1728 3280 1967 3357 κακόπα-

2091 3307 2139 3360 in
2171 3306 2323 3360 fame
2353 3306 2409 3357 et
2457 3300 2572 3369 siti,
2626 3300 2839 3372 frigore
2874 3280 2943 3355 et
2988 3301 3251 3357 nuditate
3272 3280 3468 3372 “,‘eos
3519 3302 3619 3375 qui
3650 3300 3739 3359 vel

333 3389 499 3462 θείας,
530 3388 626 3450 τὰς
655 3387 705 3444 ἐν
737 3387 901 3463 ψύχει
933 3387 1020 3441 καὶ
1053 3389 1165 3461 (11)
1193 3387 1243 3442 ἐν
1277 3389 1600 3464 γυμνότητι,
1632 3390 1757 3452 τοὺς
1779 3388 1968 3461 ἔξωθεν

331 3475 807 3547 ἐπιϐουλεύοντας,
863 3475 990 3538 τοὺς
1048 3473 1257 3531 ἔνδοθεν
1310 3478 1782 3553 ἀντιπράττοντας.
1843 3482 1969 3558 Ἀφ-

334 3568 455 3641 ίημι
510 3569 637 3629 τοὺς
692 3564 992 3641 διωγμοὺς,
1049 3566 1115 3619 τὰ
1163 3563 1430 3637 συνέδρια,
1484 3567 1552 3621 τά
1600 3565 1968 3645 δεσμωτήρια,

328 3658 395 3711 τὰ
452 3654 642 3728 δεσμὰ,
700 3654 832 3716 τοὺς
888 3653 1267 3729 κατηγόρους,
1325 3657 1392 3709 τὰ
1449 3652 1788 3731 δικαστήρια,
1848 3657 1973 3720 τοὺς

330 3747 446 3800 καθ’
477 3744 682 3820 ἡμέραν
716 3744 806 3798 καὶ
858 3742 999 3817 ὥραν
1051 3744 1329 3816 θανάτους,
1362 3745 1459 3812 τὴν
1502 3746 1794 3819 σαργάνην,
1844 3747 1972 3810 τοὺς

332 3833 656 3906 λιθασμοὺς,
714 3832 840 3894 τοὺς
902 3826 1233 3907 ῥαὸδισμοὺς
1268 3879 1281 3903 ,
1338 3834 1437 3901 τὴν
1498 3832 1745 3906 περίοδον
1779 3881 1791 3905 ,
1848 3838 1973 3899 τοὺς

330 3924 467 3979 κατὰ
520 3926 619 3999 γῆν
672 3918 976 3986 κινδυνους,
1033 3920 1158 3982 τοὺς
1214 3922 1351 3975 κατὰ
1397 3920 1685 3994 θάλασσαν,
1733 3925 1823 3978 τὸν
1879 3925 1973 4000 βυ-

332 4014 444 4083 θὸν,
479 4012 547 4066 τὰ
588 4010 832 4085 ναυάγια,
888 4006 1167 4070 κινδύνους
1217 4014 1503 4082 ποταμῶν,
1554 4008 1833 4073 κινδύνους
1885 4010 1976 4087 λῃ-

336 4106 509 4173 στῶν,
559 4097 842 4160 κινδύνους
895 4097 955 4153 ἐκ
1004 4095 1212 4172 γένους,
1262 4096 1537 4161 κινδύνους
1587 4098 1638 4155 ἐν
1685 4098 1977 4175 ψευδαδέλ-

335 4212 476 4268 φοις,
526 4191 618 4245 τὸν
650 4188 710 4243 ἐκ
756 4191 955 4262 χειρῶν
997 4186 1137 4262 βίον,
1186 4187 1248 4241 τὸ
1297 4185 1565 4242 ἀδάπανον
1617 4188 1976 4265 Εύαγγέλιον,

335 4281 409 4341 ὡς
452 4282 563 4353 (42)
621 4277 841 4353 θέατρον
899 4276 966 4343 ἦν
1021 4275 1109 4329 καὶ
1170 4275 1419 4351 ἀγγέλοις
1476 4277 1565 4332 καὶ
1619 4278 1926 4354 ἀνθρώποις
1959 4325 1973 4352 ,

337 4372 499 4443 μέσος
562 4371 696 4423 Θεοῦ
747 4366 837 4420 καὶ
906 4364 1200 4440 ἀνθρώπων
1269 4366 1553 4439 ἱστάμενος
1598 4389 1610 4401 ·
1672 4368 1803 4443 ὑπὲρ
1883 4371 1978 4443 μὶν

329 4464 439 4515 τῶν
470 4460 579 4531 (13)
610 4453 1032 4531 ἀγωνιζόμενος,
1088 4458 1166 4525 τῷ
1223 4451 1279 4508 δὲ
1309 4456 1591 4532 προσάγων
1625 4458 1714 4511 καὶ
1762 4456 1975 4513 οἲκειῶν

2080 3398 2313 3449 externe
2332 3390 2784 3456 insidiabantur,
2809 3388 2896 3445 vel
2920 3388 3145 3445 interne
3169 3390 3549 3446 obsistebant.
3574 3390 3738 3447 Mitto

2082 3482 2535 3555 persecutiones,
2569 3477 2838 3545 concilia,
2885 3494 3169 3545 carceres,
3208 3478 3464 3545 vincula,
3495 3495 3739 3534 accusa-

2080 3577 2255 3636 tores,
2287 3566 2627 3633 tribunalia,
2656 3570 2871 3621 mortes
2900 3565 2960 3620 in
2993 3566 3116 3621 dies
3143 3570 3316 3637 atque
3345 3566 3519 3622 horas
3538 3567 3735 3622 incur-

2083 3664 2305 3727 santes,
2336 3660 2617 3729 sportam,
2649 3654 3055 3726 lapidationes,
3088 3654 3383 3725 virgarum
3419 3655 3594 3723 ictus,
3623 3654 3734 3710 cir-

2082 3749 2324 3815 cuitum,
2360 3744 2617 3818 pericula
2646 3744 2702 3798 in
2737 3748 2910 3814 terra,
2934 3743 3192 3815 pericula
3211 3743 3269 3798 in
3298 3744 3465 3813 mari,
3493 3743 3733 3815 profun-

2084 3840 2246 3903 dum,
2280 3834 2604 3905 naufragia,
2639 3833 2895 3905 pericula
2915 3833 3247 3899 ﬂuminum,
3273 3832 3528 3903 pericula
3558 3831 3733 3887 latro-

2084 3944 2247 3991 num,
2277 3922 2537 3996 pericula
2562 3938 2630 3977 ex
2671 3938 2900 3993 genere,
2955 3919 3214 3992 pericula
3244 3921 3303 3975 in
3348 3920 3510 3977 falsis
3541 3921 3739 3977 fratri-

2083 4016 2211 4082 bus,
2234 4015 2453 4068 victum
2476 4025 2762 4065 manuum
2781 4009 2981 4063 labore
3002 4008 3337 4079 quaesitum,
3360 4009 3740 4082 Evangelium

2085 4107 2354 4175 sumptus
2367 4101 2465 4156 39
2490 4099 2785 4172 expers”;
2808 4098 3303 4169 quemadmodum
3328 4098 3501 4154 etiam
3522 4104 3747 4173 specta.

2085 4193 2281 4250 culum
2313 4194 2467 4247 esset
2495 4195 2551 4245 et
2577 4186 2801 4260 angelis
2821 4191 2876 4241 et
2900 4185 3239 4243 hominibus
3262 4191 3303 4257 ί,
3338 4190 3570 4244 medius
3588 4189 3751 4253 inter

2086 4281 2356 4338 homines
2378 4296 2444 4335 ac
2478 4280 2656 4333 Deum
2687 4275 3039 4333 constitutus
3065 4293 3078 4345 ;
3102 4276 3341 4347 proillis
3358 4277 3624 4334 videlicet
3654 4279 3749 4334 di-

2086 4372 2333 4435 micans,
2357 4368 2493 4423 huic
2516 4370 2709 4423 autem
2735 4364 3096 4437 peculiarem
3120 4364 3403 4437 populum
3427 4366 3749 4425 concilians

2091 4465 2148 4517 et
2206 4460 2573 4530 adjungens:
2624 4458 2831 4528 prater
2880 4452 3018 4521 haec,
3069 4470 3193 4524 qum
3226 4454 3587 4512 extrinsecus
3636 4455 3751 4529 ipsi

406 4566 449 4600 9"
482 4566 497 4617 I
529 4562 655 4618 Cor.
685 4579 761 4633 Ix,
790 4563 880 4617 22.
958 4562 1001 4596 ³⁸
1035 4561 1083 4616 ΙΙ
1116 4560 1244 4617 Cor.
1277 4578 1356 4629 x1,
1379 4564 1471 4617 27.
1549 4564 1593 4599 '9
1623 4564 1767 4619 ibid.
1798 4566 1976 4621 23-26

2091 4572 2097 4616 ι
2124 4592 2139 4634 ;
2172 4566 2193 4621 Ι
2225 4568 2353 4621 Cor.
2386 4565 2409 4618 Ι
2440 4563 2569 4619 Cor.
2604 4577 2681 4627 Iv,
2716 4561 2823 4628 12;
2856 4576 2934 4628 Ix,
2968 4559 3059 4615 48.
3135 4561 3157 4616 Ι
3187 4560 3316 4617 Cor.
3350 4578 3430 4630 ιν,
3458 4563 3514 4617 9.

412 4681 494 4753 (3)
527 4674 828 4753 Κενοδοξία.
862 4677 1023 4753 golb.
1058 4693 1135 4731 In.
1168 4678 1295 4753 κεν-ἠ
1332 4673 1477 4747 δόξα.

413 4748 493 4824 (4)
525 4748 727 4825 Πέτρου
749 4749 828 4825 ᾄν.
864 4750 1202 4825 Sichnovem
1244 4750 1445 4822 Regg.,
1480 4753 1605 4806 octo
1654 4749 1836 4822 Colb.,
1869 4752 1989 4809 Jes.

340 4819 436 4883 0r.
472 4819 523 4891 1,
558 4819 719 4878 Pass.
752 4823 924 4877 Deest
952 4819 1010 4872 ἄν
1047 4821 1104 4874 in
1138 4821 1229 4875 ed.

413 4890 516 4968 (5)7
553 4890 1004 4976 Eilmpércpvmrb
1074 4892 1340 4976 χάρισμα.
1402 4891 1498 4976 ‘De
1570 4892 1753 4976 gratia
1807 4910 1993 4976 .curs-

342 4962 568 5024 tio‘num
599 4962 835 5039 eXponit
882 4962 1334 5019 EliasﬁTillem.
1386 4963 1456 5018 de
1499 4964 1686 5035 gratia
1740 4965 1993 5022 miracu-

340 5040 556 5097 lorum.

414 5112 489 5182 (6)
522 5106 759 5182 niveae.
801 5107 876 5182 _I_n
894 5105 1099 5182 prima
1147 5106 1233 5182 ad
1277 5107 1402 5161 Cor.
1439 5122 1515 5170 ιχ,
1566 5106 1599 5173 ἢ
1653 5106 1744 5175 25,
1785 5106 2000 5178 legitur

340 5176 571 5241 πάντως.
606 5180 767 5244 Quod
800 5176 1051 5244 Vulgata
1076 5177 1265 5232 reddit
1297 5201 1323 5227 α
1354 5192 1578 5233 omnes.
1612 5199 1639 5227 ››

412 5256 489 5325 (7)
519 5252 655 5312 Τοὺς
714 5249 797 5304 ἐπ’
830 5247 1053 5308 ἐκείνοις
1113 5247 1352 5320 ὕστερον.
1397 5270 1425 5298 ‹‹
1484 5248 1601 5304 Hos
1649 5247 1749 5318 qui
1800 5251 2002 5319 postea

342 5325 648 5381 subsecuti
680 5340 745 5378 su
755 5326 837 5377 nt.
877 5344 898 5371 1)

416 5398 492 5469 (8)
524 5392 843 5469 Συνίστορα,
878 5391 1136 5469 Deest_in
1176 5390 1452 5469 melioris
1482 5389 2000 5469 nqtqcodicibus;

345 5468 406 5524 in
422 5461 658 5540 septem
691 5461 898 5540 Regg.,
931 5463 1173 5540 totidem
1196 5462 1360 5540 Colb,
1376 5507 1389 5531 ,
1416 5461 1510 5515 Or.
1580 5503 1594 5527 ,
1621 5462 1831 5540 Jes:_et
1851 5466 2003 5540 certe

345 5541 473 5597 sine
502 5531 1140 5612 dispendio'sgntentiaa
1172 5538 1370 5612 posset
1408 5531 1691 5612 exsulare.
1726 5532 2004 5612 Nonnulli

344 5617 541 5669 tamen
566 5607 839 5666 retinent.
863 5608 1063 5663 Comb.
1088 5607 1279 5673 vertit,
1300 5628 1327 5658 «
1350 5608 1559 5660 testem
1582 5610 1639 5660 et
1654 5609 2003 5662 assertorem

350 5683 763 5761 prsﬁsiemus-
797 5699 823 5761 ιι

417 5756 499 5835 (9)
531 5756 693 5810 Ὅσον
727 5749 837 5808 terti
866 5748 955 5805 καὶ
999 5749 1215 5827 ψυχῶν.
1250 5747 1344 5807 Sic
1392 5749 1615 5823 septem
1665 5746 1868 5833 Regg.,
1901 5750 2009 5807 tot-

2021 4684 2067 4749 D
2099 4682 2253 4738 idem
2284 4678 2591 4749 Colb.,Jes.
2624 4693 2760 4749 vero
2791 4673 2914 4729 ὅσον
2944 4672 3146 4749 τίτΑΟτ.
3176 4672 3383 4749 1,Δδσον
3413 4696 3487 4733 τι.

2172 4754 2287 4825 (1ο)
2317 4751 2422 4825 Ἐῷ
2453 4746 2816 4825 λεγεινηῐὶεε.
2848 4746 3091 4825 θηϐομ).
3121 4745 3308 4825 ω.-ἐῷ
3339 4749 3463 4825 γάρΪ

2172 4816 2285 4895 (11)
2339 4821 2441 4881 Τὰς
2489 4816 2549 4895 ,ἐν
2608 4816 2795 4895 ψύχεῇ
2830 4816 2940 4895 καί.
3002 4816 3584 4895 Permulticodices,
3634 4818 3755 4895 ele-

2102 4887 2278 4967 ganti'
2321 4887 2837 4966 repetitioneE'Tac
2898 4888 2948 4942 ἔν
3002 4887 3207 4964 ψύχει,
3262 4888 3359 4952 τὰς
3415 4889 3467 4945 ἐν
3520 4888 3695 4966 γυμνά
3727 4920 3755 4935 -

2102 4985 2249 5021 τητι.

2136 4988 2289 5107 ηἷίέ)
2320 5036 2607 5107 ὨςηΒιιθΔ
2636 5036 2677 5100 t,
2710 5029 2787 5092 ὅς.

2204 5103 2292 5189 I3)
2350 5105 2504 5189 Ὑπὲρ
2551 5103 2651 5187 μὲν
2709 5108 2839 5166 τῶν,
2877 5110 2997 5186 εις.
3058 5103 3451 5189 Combeﬁsius~
3490 5121 3560 5161 ex
3615 5104 3758 5229 Reg.

2204 5182 2317 5229 die.
2351 5177 2726 5229 singulariter
2777 5175 2953 5229 legit:
3005 5174 3162 5229 Ὑπὲρ
3215 5175 3309 5229 μὲν
3360 5196 3455 5229 του
3494 5174 3700 5229 ἀγωνιζ
3736 5204 3758 5215 -

2110 5174 2317 5236 Medic.
2351 5174 2726 5261 singulariter
2765 5175 2953 5261 'legit:
3005 5174 3309 5261 ἶΥπὶρμμὶν
3360 5179 3455 5261 τοῦ
3494 5174 3762 5261 ἀγωνιζό-

2115 5270 2311 5323 μενος,,
2344 5245 2477 5323 τοὺς
2505 5245 2561 5302 δέ
2607 5245 2919 5323 προσάγων,
2969 5250 3026 5302 et
3073 5245 3279 5323 vertit:
3315 5270 3342 5297 «
3392 5245 3630 5323 Prqillo
3662 5248 3762 5303 d6-

2111 5317 2363 5385 certans,
2394 5321 2500 5375 hos
2530 5317 2685 5386 vero,
2729 5317 3021 5390 populum
3051 5317 3405 5390 peculiarem
3437 5320 3763 5390 adiungens

2112 5412 2178 5476 ac
2226 5392 2567 5476 concilians:
2618 5414 2646 5476 η
2697 5388 2831 5476 Quae
2889 5388 3125 5476 quidem
3175 5388 3344 5476 lecti?
3392 5388 3763 5476 meliorest.

2113 5466 2276 5545 ρει-ιο
2311 5465 2451 5545 Reg.
2484 5463 2727 5545 I.“babet
2753 5458 2878 5545 τοῦς
3001 5462 3085 5515 An
3114 5477 3246 5516 vero
3274 5463 3427 5545 idem
3459 5462 3556 5545 sit,
3575 5475 3768 5543 'quem

2114 5532 2499 5607 Combeﬁsius
2529 5534 2774 5607 Regium
2794 5532 3132 5607 Medicaaum
3157 5532 3429 5607 appellat,
3454 5534 3622 5589 nubis
3650 5547 3769 5607 non

2114 5608 2318 5681 liquet.
2357 5628 2384 5657 α
2406 5603 2866 5681 Omnes'tamen,
2900 5627 2927 5656 ››
2966 5603 3155 5676 inquit
3178 5603 3376 5663 noster
3406 5605 3768 5681 Louvardus,

2120 5704 2145 5733 ιι
2175 5676 2392 5738 vidisse
2412 5694 2729 5755 possumus
2760 5676 3071 5737 afﬁrmare.
3108 5698 3137 5731 »
