4152 6286
329 467 446 532 465

1481 458 1772 519 ORATIO
1819 457 1892 518 ll.
1925 491 2002 500 —
2035 456 2596 521 APOLOGETICA.

3636 463 3754 522 466

334 605 442 670 est,
476 595 705 669 quierit,
741 594 842 652 sed
890 592 1046 666 quod
1096 590 1370 659 ﬁliorum,
1404 606 1550 661 quos
1582 589 1641 644 in
1674 588 1902 645 Christo
1934 605 2037 660 per
2067 588 2442 661 Evangelium
2492 591 2696 664 genuit
2730 593 2789 647 ¹⁶.
2824 593 2926 649 Hic
2981 594 3133 649 enim
3186 592 3508 666 spiritualis
3559 598 3752 655 omnis

336 687 568 761 imperii
599 685 736 741 ﬁnis
769 687 876 754 est,
911 683 1150 754 ubique,
1183 680 1407 752 privata
1438 678 1685 734 utilitate
1717 678 1999 750 neglecta,
2035 679 2359 735 commodis
2390 680 2635 737 aliorum
2670 683 2991 739 consulere.

407 777 529 831 NE'.
567 777 935 849 Ἐγκαυχᾶται
963 774 1081 830 ταῖς
1115 766 1407 831 ἀσθενείαις
1459 765 1546 820 καὶ
1571 771 1689 826 ταῖς
1721 767 1832 838 (25)
1865 764 1982 820 Ολί-

2171 767 2278 823 LV.
2313 769 2374 825 In
2423 771 2867 828 infirmitatibus
2897 778 2954 829 et
2985 773 3398 829 afﬂictionibus
3441 772 3746 846 gloriatur.

339 870 508 942 ψεσιψ
543 865 619 925 ὡς
654 861 811 933 ἄλλῳ
840 863 954 931 (26)
998 859 1106 912 τινὶ
1149 857 1358 928 κόσμῳ,
1405 859 1472 928 τῇ
1524 856 1700 924 Ἰησοῦ
1731 855 1985 927 νεκρώσει

339 952 833 1032 ἐγκαλλωπίζεταιο
883 946 1094 1022 ὑψηλός
1145 945 1254 1001 ἐστι
1304 945 1372 1000 τὰ
1419 944 1682 1020 σαρκικὰ,
1736 944 1825 998 καὶ
1871 949 1988 1006 τοῖς

336 1031 722 1116 πνευματικοῖς
781 1036 1077 1115 ἀγάλλεται
1113 1058 1125 1070 ο
1179 1034 1277 1090 οὐκ
1333 1031 1558 1104 ἲδιώτης
1615 1034 1711 1102 τήν
1771 1038 1986 1108 γνῶσιν,

338 1135 428 1190 καὶ
491 1132 710 1208 βλέπειν
773 1127 904 1207 φησὶ
963 1127 1032 1181 δι’
1090 1124 1353 1200 ἐσόπτρου
1411 1123 1500 1177 καὶ
1556 1123 1606 1176 ἐν
1666 1123 1937 1198 αἰνίγματι
1976 1167 1988 1178 .

340 1221 542 1298 6αρρεῖ
585 1225 660 1292 τῷ
709 1217 976 1290 πνεύματι
1008 1216 1142 1286 (27),
1193 1235 1283 1267 και
1337 1213 1621 1281 ὑποπιαζει
1655 1215 1766 1285 (28)
1791 1212 1853 1266 τὸ
1886 1215 1990 1265 σῶ-

346 1334 423 1386 μα
452 1312 716 1385 καθαιρῶν
769 1308 881 1380 (29)
931 1306 1006 1366 ὡς
1053 1302 1372 1359 ἀντίπαλον·
1425 1301 1477 1356 τί
1527 1299 1792 1355 διδάσκων
1841 1303 1987 1374 ἡμᾶς

341 1401 392 1456 ἐν
426 1399 666 1472 τούτοις,
716 1395 810 1451 καὶ
862 1394 914 1450 τί
963 1391 1231 1448 παιδεύων
1268 1412 1280 1461 ;
1319 1393 1394 1465 μὴ
1428 1397 1642 1469 φρονεῖν
1675 1396 1789 1453 τοῖς
1820 1389 1988 1459 κάτω,

343 1491 419 1564 μὴ
470 1491 789 1566 φυσιοῦσθαι
839 1488 908 1558 τῇ
957 1484 1171 1559 γνώσει,
1228 1482 1301 1554 μὴ
1345 1482 1444 1551 τὴν
1490 1481 1658 1556 σάρκα
1698 1479 1986 1556 ἐπεγείρειν

340 1584 418 1652 τῷ
463 1575 752 1648 πνεύματι.
809 1571 1026 1628 Πάντων
1075 1572 1414 1646 ὑπερμαχεῖ,
1473 1571 1686 1624 πάντων
1750 1568 1942 1644 ὑπερεύ
1973 1602 1991 1612 -

342 1688 517 1745 χεται,
581 1665 750 1736 ζηλοῖ
793 1665 1019 1732 πάντας,
1080 1658 1365 1715 ἀνάπτεται
1417 1659 1549 1734 ὑπὲρ
1595 1660 1832 1732 πάντων,
1880 1663 1988 1713 τῶν

345 1744 444 1826 ἔξω
474 1755 669 1828 νόμου,
717 1756 824 1807 τῶν
880 1751 981 1805 ὑπὸ
1023 1748 1212 1822 νόμον·
1265 1748 1434 1824 κῆρυξ
1482 1748 1665 1818 ἐθνῶν,
1716 1744 1988 1802 Ἰουδαίων

341 1844 671 1921 προστάτης.
725 1839 1032 1912 Ἐτόλμησὲ
1077 1859 1128 1892 τι
1177 1836 1266 1892 καὶ
1302 1842 1484 1910 μεῖζον
1529 1836 1659 1912 ὑπὲρ
1687 1841 1796 1891 τῶν
1830 1835 1990 1892 ἀδελ-

343 1939 453 2012 φῶν
516 1932 682 1986 αὐτοῦ
736 1933 844 1984 τῶν
903 1929 1039 1983 κατὰ
1097 1927 1284 2002 σάρκα,
1337 1923 1429 1980 ’ἕνα
1483 1928 1754 1998 τολμήσω
1801 1947 1851 1980 τι
1901 1927 1990 1980 καὶ

340 2023 500 2084 αὐτὸς
551 2019 694 2076 οὕτω
743 2018 944 2094 λέγων’
997 2017 1414 2090 ἆντεῖσαχθῆναι
1448 2017 1559 2089 (30)
1606 2015 1831 2077 τούτους
1877 2016 1992 2069 ἑαυ-

336 2117 432 2167 τοῦ
463 2114 678 2186 Χριστῷ
709 2106 798 2162 διὰ
825 2108 922 2176 τὴν
971 2105 1180 2181 ἀγάπην
1231 2102 1467 2178 εὔχεται.
1499 2107 1564 2158 Ὤ
1610 2112 1708 2173 τῆς
1756 2102 1987 2180 μεγαλο-
2020 2146 2066 2210 Β

405 2200 414 2210 .
538 2201 635 2210 .-..
671 2200 681 2210 .
723 2195 748 2210 ,κ
857 2203 883 2210 η
1033 2199 1057 2209 ..
1228 2193 1240 2210 ι
1466 2195 1511 2210 ...
1683 2195 1774 2210 ...
1876 2199 1896 2208 -

336 2200 479 2262 νοξας
531 2200 682 2273 (31)!
717 2195 761 2251 ὣ
817 2203 918 2265 τῆς
968 2199 1062 2249 τοῦ
1119 2193 1420 2266 πνεύματος
1466 2195 1693 2262 ζὲσεωςῐ
1727 2199 1989 2266 Μιμεῖται,

335 2288 585 2364 Χριστὸν,
618 2287 709 2342 τὸν
739 2283 1031 2362 γενόμενον
1084 2283 1216 2358 ὑπὲρ
1266 2283 1426 2354 ἡμῶν
1478 2283 1734 2357 κατάραν,
1766 2283 1852 2335 τὸν
1891 2283 1985 2343 τὰς

335 2377 605 2439 ἀσθενείας
655 2378 815 2448 ἡμῶν
870 2367 1209 2428 ἀναλαϐόντα
1238 2372 1370 2444 (32),
1402 2371 1488 2425 καὶ
1539 2370 1632 2432 τὰς
1663 2370 1852 2432 νόσους
1888 2371 1982 2445 βα-

337 2468 615 2522 στάσαντα·
676 2464 735 2537 ἢ,
793 2462 856 2518 τό
918 2483 981 2536 γε
1041 2461 1402 2536 μετριώτερον
1461 2459 1648 2528 εἰπεῖν,
1706 2462 1892 2514 παθεῖν
1933 2481 1985 2513 τι

336 2558 470 2632 ὑπερ
527 2554 726 2624 αὐτῶν,
785 2551 875 2606 καὶ
917 2552 990 2613 ὠς
1047 2545 1265 2620 ἀσεϐὴς,
1327 2546 1564 2624 δέχεται,
1619 2553 1834 2625 πρῶτος
1879 2549 1983 2602 ἀπὸ

337 2649 593 2722 Χριστοῦ,
631 2643 794 2719 μόνον
824 2642 869 2697 εἰ
902 2641 1048 2694 οὗτοι
1082 2641 1359 2708 σώζοιντο.

410 2913 520 2980 Νζ.
551 2909 650 2965 Καὶ
697 2908 749 2964 τί
780 2906 930 2984 λέγω
977 2908 1090 2961 καθ“
1133 2902 1355 2960 ἕκαστον
1391 2924 1404 2974 ;
1436 2909 1538 2974 ζῶν
1585 2908 1685 2982 γὰρ
1720 2905 1827 2982 οὐχ
1869 2907 1984 2960 eam-

342 3005 444 3070 τῦ),
474 3003 690 3074 Χριστῷ
720 2996 776 3053 δὲ
803 2998 891 3052 καὶ
937 3000 1016 3067 τῷ
1063 2994 1398 3069 κηρύγματι,
1430 2996 1518 3049 καὶ
1569 2995 1773 3068 κόσμον
1813 2993 1984 3068 ἑαυτῷ

349 3087 661 3161 σταυρώσας
695 3129 708 3156 ,
764 3085 851 3140 καὶ
905 3083 1232 3158 σταυρωθεὶς
1292 3086 1404 3156 (33)
1478 3083 1669 3157 κόσμῳ
1725 3084 1814 3139 καὶ
1869 3090 1985 3145 τοῖς

344 3174 670 3252 ὁρωμένοις,
721 3175 888 3229 πάντα
931 3176 1148 3250 ἡγεῖται
1200 3175 1366 3248 μικρᾶ
1409 3172 1496 3227 καὶ
1547 3180 1646 3243 τῆς
1697 3173 1983 3248 ἐπιθυμίας

342 3263 626 3322 ἐλάττονα·
668 3263 761 3318 κᾶν
791 3264 893 3318 ἀπὸ
922 3261 1286 3336 Ἰερουσαλὴμ
1331 3264 1419 3316 καὶ
1468 3262 1657 3335 κύκλῳ
1693 3263 1854 3338 μέχρι
1888 3267 1984 3318 τοῦ

338 3351 652 3430 Ἰλλυρικοῦ
681 3351 954 3428 πληρώση
984 3353 1046 3406 τὸ
1091 3348 1440 3427 Εὐαγγὲλιον,
1485 3351 1580 3406 κᾶν
1624 3351 1709 3406 ἐπὶ
1740 3353 1830 3406 τὸν
1873 3352 1986 3428 τρί-

339 3465 431 3498 τον
485 3442 708 3518 οὐρανὸν
759 3441 933 3521 φθάσῃ
981 3439 1048 3496 δι’
1094 3441 1346 3517 ἁρπαγῆς
1403 3444 1535 3514 (34),
1585 3440 1680 3495 κᾶν
1729 3445 1827 3496 τοῦ
1875 3444 1983 3517 (35)

340 3529 670 3608 παραδείσου
751 3533 972 3608 γένηται
1051 3532 1240 3599 θεατὴς
1301 3576 1315 3602 ,

339 3625 476 3695 ἡμῖν
511 3623 622 3695 (36)
676 3619 938 3698 ῥημάτων
987 3619 1278 3695 ἀκροατής.
1329 3624 1502 3674 Ταῦτα
1547 3618 1784 3694 Παῦλος,
1816 3622 1905 3675 καὶ
1943 3622 1987 3676 εἰ

341 3732 427 3774 τις
458 3711 574 3765 κατ’
622 3710 825 3764 ἐκεῖνον
873 3709 952 3782 τῷ
996 3708 1277 3782 πνεύματι.
1328 3709 1515 3782 Ἡμεῖς
1564 3707 1620 3764 δὲ
1671 3707 1985 3784 δεδοίκαμεν

2099 856 2161 912 In
2213 858 2658 916 mortiﬁcatione
2705 862 2865 930 Jesu,
2898 867 3180 935 tanquam
3231 862 3289 919 in
3339 862 3451 919 alio
3492 864 3747 935 quodam

2100 953 2441 1004 ornamento
2481 951 2592 1005 sibi
2634 951 2841 1022 placet.
2876 953 2938 1007 In
2973 952 3307 1008 carnalibus
3337 952 3609 1009 sublimis
3639 958 3746 1023 est,

2101 1040 2159 1091 et
2189 1037 2260 1092 ob
2293 1038 2621 1110 spiritualia
2651 1041 2924 1098 exsultat.
2954 1042 3269 1115 lmperitus
3300 1059 3412 1098 non
3448 1046 3536 1099 est
3565 1043 3750 1099 scien-

2097 1126 2217 1181 tia:
2252 1132 2308 1182 et
2341 1131 2535 1184 tamen
2568 1146 2629 1185 se
2663 1147 2765 1200 per
2795 1126 3096 1204 speculum
3129 1133 3412 1188 duntaxat
3442 1138 3498 1188 et
3526 1132 3585 1187 in
3619 1134 3750 1188 aeni-

2099 1220 2291 1286 gmate
2312 1215 2508 1272 videre
2535 1217 2632 1272 ait.
2659 1217 2901 1289 Spiritui
2923 1218 3163 1274 conﬁdit
3187 1235 3198 1272 ε
3224 1222 3279 1273 et
3310 1225 3503 1275 tamen
3537 1235 3750 1290 corpus

2099 1304 2364 1375 castigat,
2394 1311 2674 1377 tanquam
2729 1307 3125 1362 adversarium
3175 1307 3434 1378 ejiciens.
3467 1307 3613 1372 Quid
3647 1325 3748 1364 au-

2100 1397 2217 1448 tem
2252 1393 2310 1448 in
2341 1393 2435 1448 his
2459 1395 2631 1450 rebus
2657 1413 2762 1450 nos
2796 1398 2961 1452 docet
2985 1400 3157 1469 atque
3179 1397 3489 1453 admonet?
3518 1414 3749 1470 nemie,

2103 1498 2172 1537 ne
2203 1483 2274 1537 ob
2304 1486 2536 1539 terrena
2562 1484 2893 1552 efferamur,
2918 1503 2989 1541 ne
3019 1486 3091 1540 ob
3118 1486 3422 1541 scientiam
3454 1486 3750 1553 inﬂemur,

2098 1587 2170 1626 ne
2204 1588 2437 1627 carnem
2488 1573 2766 1629 adversus
2798 1574 3069 1645 spiritum
3117 1575 3453 1632 excitemus.
3487 1574 3594 1631 Pro
3626 1593 3752 1632 om-

2077 1659 2276 1717 nibus
2304 1661 2562 1729 dimicat,
2589 1679 2692 1734 pro
2741 1664 3017 1719 omnibus
3063 1667 3350 1736 precatur,
3381 1661 3501 1719 zelo
3547 1679 3752 1722 omnes

2099 1750 2495 1822 prosequitur,
2525 1768 2626 1823 pro
2658 1753 2930 1808 omnibus
2963 1752 3385 1820 inﬂammatur,
3410 1757 3530 1808 tam
3565 1770 3598 1808 a
3627 1751 3752 1826 lege

2099 1839 2329 1908 alienis,
2363 1858 2538 1911 quam
2589 1841 2700 1913 legi
2732 1842 3032 1913 subjectis,
3065 1843 3326 1915 gentium
3358 1842 3750 1912 concionator,

2099 1928 2436 1984 Judaeorum
2493 1931 2956 2002 patronus.Quin
2991 1931 3166 1986 etiam
3219 1932 3411 2002 majus
3463 1929 3683 2003 aliquid
3709 1933 3752 1968 ⁸⁷

2102 2036 2202 2090 pro
2238 2019 2362 2074 suis
2401 2022 2726 2076 secundum
2775 2037 3009 2076 carnem
3036 2022 3074 2055 ¹⁸
3109 2021 3386 2076 fratribus
3415 2037 3596 2077 ausus
3643 2025 3752 2093 est,

2099 2113 2165 2163 ut
2197 2108 2322 2179 ipse
2354 2126 2585 2180 quoque
2615 2109 2835 2180 aliquid
2867 2111 3112 2166 audeam
3146 2110 3253 2165 hoc
3297 2110 3518 2174 dicens,
3552 2125 3649 2165 eos
3681 2109 3752 2165 ad

2097 2196 2393 2252 Christum
2453 2197 2576 2253 loco
2635 2215 2740 2253 suo
2799 2198 3110 2268 introduci,
3147 2215 3248 2269 pro
3307 2216 3415 2254 sua
3471 2199 3752 2254 charitate

2095 2290 2274 2358 optat.
2305 2286 2348 2340 Ο
2382 2287 2676 2358 ingentem
2713 2287 2892 2342 animi
2921 2287 3349 2358 praestantiam!
3385 2304 3416 2342 ο
3450 2287 3747 2359 ingentem

2096 2375 2342 2446 spiritus
2374 2376 2680 2431 fervorem!
2721 2376 3041 2442 Christum,
3072 2377 3171 2448 qui
3206 2380 3406 2431 nostra
3427 2393 3603 2431 causa
3634 2392 3751 2432 ma-

2096 2464 2375 2520 ledictum
2408 2465 2597 2520 factus
2629 2469 2716 2520 est
2739 2467 2800 2534 ιθ,
2826 2464 2924 2536 qui
2957 2465 3325 2521 inﬁrmitates
3357 2469 3586 2520 nostras
3618 2482 3747 2522 sus-

2097 2553 2271 2624 cepit,
2303 2559 2359 2608 et
2391 2553 2625 2609 morbos
2655 2553 2906 2625 portavit
2932 2555 2996 2622 9°,
3030 2553 3327 2620 imitatur;
3371 2557 3494 2622 aut,
3526 2559 3590 2609 ut
3620 2570 3748 2609 mo-

2095 2643 2356 2698 deratius
2415 2643 2629 2709 dicam,
2683 2646 2911 2715 primus
2971 2647 3101 2714 post
3156 2643 3485 2714 Christum,
3545 2659 3746 2699 eorum

2096 2749 2295 2801 causa,
2329 2731 2504 2788 etiam
2536 2737 2820 2804 tanquam
2851 2733 3088 2804 impius,
3123 2731 3345 2804 aliquid
3377 2732 3599 2804 perpeti
3631 2749 3747 2788 non

2096 2826 2348 2890 recusat,
2380 2821 2553 2876 modo
2587 2821 2696 2892 ipsi
2731 2820 2982 2877 salutem
3015 2828 3470 2893 consequantur.

2168 2909 2304 2965 LVI.
2339 2909 2486 2975 Quid
2521 2910 2754 2981 singula
2785 2913 3214 2965 commemoro?
3256 2910 3380 2982 ipse
3413 2910 3590 2977 enim,
3630 2927 3747 2965 non

2095 2998 2230 3069 sibi,
2256 2999 2354 3054 sed
2390 2998 2617 3054 Christo
2650 3003 2702 3053 et
2734 2998 3130 3070 praedicationi
3163 2999 3381 3067 vivens,
3408 3000 3746 3054 mumdum-

2095 3104 2208 3159 que
2239 3087 2351 3143 sibi
2383 3087 2494 3159 ipsi
2543 3087 2909 3159 cruciﬁgens,
2943 3103 3009 3142 ac
3048 3087 3268 3142 mundo
3292 3088 3360 3154 ⁵⁸1,
3383 3091 3442 3142 et
3470 3087 3644 3143 rebus
3678 3086 3749 3145 iis

2095 3193 2222 3248 quae
2257 3176 2314 3230 in
2348 3179 2646 3247 aspectum
2695 3176 2932 3244 cadunt,
2968 3176 3300 3246 cruciﬁxus,
3331 3193 3506 3248 parva
3554 3175 3752 3232 omnia

2095 3269 2152 3322 et
2195 3264 2514 3333 cupiditate
2567 3281 2672 3319 sua
2721 3264 2995 3320 inferiora
3042 3264 3337 3320 existimat
3356 3267 3400 3300 ²²
3433 3281 3445 3318 :
3482 3265 3750 3337 quamvis

2096 3357 2190 3410 41
2230 3354 2402 3409 etiam
2435 3355 2506 3408 ab
2539 3353 2923 3425 Hierusalem,
2957 3358 3012 3408 et
3059 3370 3160 3426 per
3209 3353 3540 3424 circuitum,
3566 3371 3751 3425 usque

2097 3447 2161 3500 ad
2210 3444 2529 3518 Illyricum,
2566 3442 2939 3515 Evangelium
2997 3443 3342 3514 impleverit,
3375 3443 3646 3515 quamvis
3677 3444 3749 3499 ad

1373 3529 1464 3584 κᾶν
1543 3535 1649 3585 τῶν
1733 3531 1982 3608 ἀρρήτων

2106 3517 2333 3589 tertium
2368 3533 2577 3588 ccclum
2623 3549 2725 3605 per
2769 3538 2998 3603 raptum
3035 3532 3359 3604 pervenerit
3383 3535 3447 3603 ²⁴,
3479 3531 3749 3604 quamvis

2099 3622 2354 3696 paradisi
2393 3625 2686 3694 spectator
2716 3621 2908 3692 fuerit,
2933 3622 3200 3694 quamvis
3232 3637 3574 3677 arcanorum
3620 3637 3749 3676 ver-

2100 3713 2306 3767 borum
2340 3712 2574 3767 auditor
2594 3712 2659 3765 2³.
2686 3713 2811 3766 Haec
2834 3710 3069 3780 Paulus,
3089 3717 3147 3766 et
3167 3711 3214 3767 si
3240 3711 3372 3783 quis
3394 3711 3597 3767 eodem
3629 3709 3744 3781 spi-

417 3830 460 3866 ¹⁶
493 3830 513 3883 I
544 3833 668 3883 Cor.
722 3843 799 3894 1v,
853 3827 937 3881 15.
1020 3827 1060 3862 ¹⁷
1093 3826 1141 3881 ΙΙ
1170 3826 1297 3882 Cor.
1355 3843 1432 3889 x1,
1489 3829 1577 3881 21.
1657 3828 1699 3863 ’⁸
1726 3827 1890 3883 Rom.
1925 3846 1980 3882 IX

2167 3828 2365 3883 19Gal.
2399 3845 2482 3898 ιιι,
2534 3828 2622 3882 43.
2701 3830 2746 3863 9°
2774 3833 2888 3884 Isa.
2949 3846 3066 3898 L111,
3127 3830 3178 3882 4.
3258 3829 3301 3864 ²¹
3335 3828 3458 3884 Gal.
3515 3845 3592 3895 v1,
3652 3830 3724 3884 44

341 3902 389 3935 ²²
420 3900 670 3972 Philipp.
706 3915 792 3968 III,
824 3899 877 3953 8.
958 3898 1003 3932 ²³
1033 3897 1198 3954 Rom.
1231 3915 1325 3964 xv,
1361 3899 1446 3955 19.
1525 3898 1571 3932 2⁸
1601 3898 1649 3954 ΙΙ
1680 3900 1805 3955 Cor.
1840 3917 1939 3967 x11,
1969 3901 2060 3955 23.

414 4026 519 4095 (25)
553 4021 650 4076 Καὶ
671 4026 797 4095 ,ταῖς
833 4022 1003 4077 Deest
1031 4019 1122 4095 xui
1150 4021 1208 4076 in
1239 4039 1447 4095 novem
1483 4024 1684 4095 Regg.,
1717 4029 1826 4078 etc.

410 4090 521 4167 (26)
548 4095 635 4154 Ὡς
667 4090 848 4167 ἄλλῳ,
887 4095 1058 4149 Gabr.
1108 4093 1269 4167 legit,
1329 4093 1405 4154 ὡς
1462 4090 1634 4164 καλῷ,
1670 4090 1744 4167 ὀι
1795 4096 1986 4161 vertit,

340 4191 368 4218 ι(
392 4164 941 4239 tanquam_pulc_hro
971 4164 1224 4239 quodam
1249 4170 1614 4239 ornamento.
1637 4191 1658 4214 ιι
1691 4166 1783 4221 Sic
1815 4167 1988 4239 etiam

339 4237 570 4295 videtur
589 4237 804 4309 legisse
821 4237 906 4291 Ru
917 4237 990 4290 f.«
1005 4237 1162 4309 velut
1179 4238 1431 4308 pretioso
1453 4238 1704 4309 quodam
1727 4238 1948 4292 monili.
1962 4261 1982 4288 ι

413 4311 526 4382 (27)
557 4307 877 4384 Θαρῥεῖτῷ
921 4307 1206 4384 πνεύματι.
1255 4307 1522 4384 Οοῐηὶ).’ςί
1562 4310 1690 4362 ﬁdit
1737 4309 1987 4381 spiritui,

340 4380 597 4470 “921‘s:
615 4380 824 4470 έΡίρινίιυ
856 4385 963 4470 est,
990 4380 1105 4470 ἰ.ίέ
1137 4381 1544 4470 strvere
1576 4380 1829 4470 8.098952

416 4455 531 4524 (28)
563 4450 665 4505 Καῖ
692 4450 997 4524 ὑποπιάζει.
1018 4451 1110 4506 Sic
1137 4452 1274 4522 Reg.
1303 4468 1354 4524 ξι,
1382 4469 1429 4518 r,
1452 4452 1574 4516 bm,
1601 4457 1652 4524 ι,
1665 4456 1782 4506 tres
1805 4451 1987 4522 Colb.,

339 4522 453 4605 etc.
504 4522 664 4605 Regii
715 4528 912 4605 tamen
961 4523 1061 4605 hu_,
1105 4540 1269 4605 αλιι,
1289 4522 1384 4577 Or.
1437 4525 1488 4590 1,
1520 4522 1767 4605 “optimas
1809 4527 1986 4605 notae,

344 4592 669 4666 ὑπιυπιάζὶι.
699 4593 806 4666 Alii
859 4595 974 4649 duo
1022 4592 1205 4666 Regii,
1239 4595 1466 4664 duoque
1515 4592 1698 4662 Colb.,
1729 4593 1898 4649 Cois].
1936 4592 1985 4662 1,

341 4666 585 4731 habent,
621 4663 916 4731 ὑποπιέζει.

416 4736 530 4810 (29)
563 4734 1096 4810 ΚαθαιρῶνηΒὶΠίυε
1128 4735 1337 4810 melius
1369 4736 1578 4809 primis
1609 4736 1765 4791 curis
1795 4737 1986 4805 vertit,

340 4833 367 4860 ι(
401 4807 559 4864 velut
587 4807 980 4865 adversarium
1015 4807 1298 4879 proﬁigat.
1327 4831 1348 4879 ιι

416 4883 529 4949 (30)
562 4880 818 4949 Ἀντεισα]

416 4899 529 4951 (av)
575 4899 818 4936 AV‘tecca‘
847 4899 1025 4947 θηναι.
1064 4899 1306 4933 nuunus
1339 4899 1432 4934 mc
1464 4899 1631 4949 plura
1658 4899 1727 4934 ne
1759 4899 1863 4934 suo
1895 4899 1990 4935 aa-

342 4951 429 5006 dit
458 4970 523 5008 :«
564 4953 754 5008 Audet
802 4899 1021 5022 aliquid
1080 4949 1232 5005 ultra
1279 4968 1456 5023 quam
1511 4951 1600 5006 fas
1649 4956 1804 5006 est...
1838 4956 1990 5006 ultra

341 5024 688 5079 mandatum
718 5023 817 5077 Dei
841 5023 1072 5089 nititur;
1102 5039 1237 5076 nam
1273 5023 1566 5092 proximos
1589 5040 1728 5077 suos
1760 5039 1873 5077 non
1909 5024 1985 5077 si-

340 5100 442 5150 cut
467 5111 548 5157 se,
583 5096 680 5150 sed
711 5094 843 5164 plus
873 5109 1050 5164 quam
1083 5110 1144 5148 se
1174 5093 1384 5165 diligit.
1419 5095 1701 5164 Denique,
1727 5112 1787 5148 se
1809 5096 1984 5148 etiam

340 5167 586 5236 abjecto,
620 5166 752 5221 illos
782 5182 885 5236 pro
925 5182 987 5222 se
1031 5167 1317 5221 introduci
1359 5173 1486 5222 orat
1515 5167 1587 5221 ad
1619 5167 1986 5221 Christum...

339 5243 396 5293 et
441 5237 604 5309 eligit
642 5242 802 5293 extra
840 5237 1110 5309 pietatem
1164 5237 1294 5309 ﬁeri,
1338 5255 1440 5308 pro
1488 5240 1718 5309 pietate.
1754 5260 1780 5286 ››
1813 5238 1983 5309 Gabr.

340 5331 368 5359 ‹‹
404 5307 630 5380 Optat...
662 5307 930 5380 suumin
964 5307 1154 5362 locum
1176 5307 1456 5380 suffectos
1490 5307 1722 5364 Christo
1751 5308 1988 5363 exhibe-

339 5380 386 5434 ri
419 5377 485 5452 ᾖ»
519 5379 675 5435 Nihil
725 5377 881 5436 aliud
933 5380 1024 5434 bis
1071 5379 1276 5452 verbis
1311 5381 1605 5452 signiﬁcat
1653 5380 1986 5452 Gregorius,

339 5451 453 5506 nisi
490 5453 729 5507 Paulum
763 5457 997 5522 Optasse
1027 5467 1130 5522 pro
1151 5451 1387 5506 Christo
1408 5453 1676 5519 interﬁci,
1700 5451 1787 5506 vel
1819 5453 1988 5506 devo-

337 5522 479 5587 veri,
514 5527 576 5577 ut
621 5521 854 5578 Judaaos
887 5521 1250 5578 lucrifaceret
1279 5528 1336 5576 et
1366 5524 1434 5578 ad
1468 5524 1761 5578 Christum
1808 5525 1986 5578 intro-

338 5594 598 5649 duceret.
628 5595 1018 5666 Anathemaia
1047 5593 1276 5666 Christo
1299 5611 1445 5658 esse,
1470 5595 1525 5648 id
1561 5599 1668 5662 est,
1695 5613 1796 5666 pro
1828 5595 1991 5650 Chri-

339 5675 462 5748 sto;
489 5682 601 5748 quo
625 5665 1151 5748 sensu‘particula‘u
1178 5667 1250 5748 ab
1270 5686 1296 5716 η
1322 5683 1354 5720 a
1373 5667 1643 5720 Cicerone
1661 5665 1791 5748 ipso
1815 5668 1994 5748 sumi-

337 5742 469 5810 tur;
495 5759 522 5787 ‹‹
552 5737 624 5810 ab
655 5755 752 5794 reo
783 5736 1045 5810 dicere,»
1075 5736 1132 5791 id
1157 5742 1279 5810 est,
1305 5761 1331 5786 ‹‹
1373 5754 1471 5808 pro
1506 5754 1621 5802 reo,
1658 5736 1714 5792 in
1750 5739 1829 5810 rei
1860 5756 1990 5810 gra-

336 5807 487 5866 tiam
539 5808 750 5866 dicere.
778 5832 800 5861 ι
849 5807 1046 5864 Potuit
1092 5808 1268 5865 etiam
1318 5807 1518 5880 optare
1564 5807 1900 5882 Apostolus,
1931 5809 1990 5866 in

2099 4022 2352 4078 Ecclesia
2383 4022 2599 4076 Christi
2631 4023 3176 4094 contemptissimus
3203 4023 3425 4087 haberi,
3449 4025 3618 4080 modo
3647 4026 3749 4080 Ju-

2100 4095 2254 4149 daeos
2275 4096 2344 4167 ad
2365 4094 2861 4167 veramjustitiam
2883 4096 3238 4167 perduceret.
3257 4095 3582 4165 Demum,si
3604 4097 3745 4167 quid

2100 4164 2464 4239 difﬁcultatis
2492 4164 2788 4239 bioesset,
2821 4164 3010 4239 verbis
3054 4184 3181 4238 quae
3230 4164 3559 4239 sequuntur
3585 4164 3746 4239 peni-
3792 4189 3794 4192 ν

2099 4241 2195 4292 tus
2239 4236 2464 4290 tollitur
2497 4254 2509 4290 :
2539 4258 2567 4309 ς(
2601 4236 2866 4309 imitatur
2917 4236 3210 4293 Christum
3263 4236 3363 4309 qui
3421 4236 3608 4293 factus
3658 4245 3747 4295 est

2099 4325 2204 4380 pro
2235 4309 2404 4381 nobis
2425 4307 2829 4381 maledictum.
2857 4329 2884 4357 »
2917 4309 3149 4381 Optavit
3178 4307 3394 4365 Paulus
3425 4326 3528 4381 pro
3559 4311 3746 4366 fratri-

2099 4379 2209 4452 bus
2242 4379 2388 4444 suis,
2420 4379 2474 4432 id
2510 4385 2748 4452 esse,_et
2797 4381 2935 4450 pati,
2963 4379 3117 4452 quod
3152 4381 3262 4435 fuit
3309 4386 3367 4435 et
3416 4379 3627 4452 passus
3657 4387 3746 4437 est

2098 4451 2366 4506 Christus
2397 4467 2500 4521 pro
2550 4450 2737 4506 nobis.
2761 4450 3006 4521 Optavit.
3042 4453 3278 4507 Frustra
3308 4453 3367 4507 in
3407 4450 3620 4508 erroris
3649 4453 3741 4508 sui

2097 4521 2485 4594 patrocinium
2509 4522 2650 4594 (hac
2678 4524 2932 4593 Gregorii
2962 4524 3136 4579 verba
3183 4523 3412 4578 trahere
3457 4530 3745 4580 conantur

2099 4592 2229 4650 novi
2278 4592 2687 4667 Hesychiastae,
2723 4592 2884 4667 quos
2915 4596 3143 4667 egregie
3174 4595 3384 4651 refellit
3413 4594 3741 4650 illustrissi-

2099 4665 2731 4739 mus_et__doctissimus
2775 4665 3090 4739 (Melde’nsis
3118 4668 3443 4739 episcopus
3484 4667 3542 4720 in
3593 4667 3741 4722 libro

2099 4738 2194 4810 qui
2229 4736 2444 4792 Gallice
2489 4740 2583 4810 est
2599 4736 2928 4810 inscriptus
2961 4756 2973 4793 :
3003 4761 3029 4788 ‹‹
3054 4736 3247 4793 Divers
3278 4736 3452 4792 eoi—rite
3500 4755 3573 4792 ou
3620 4740 3742 4792 mé-

2099 4807 2312 4864 moires
2357 4825 2460 4862 sur
2489 4807 2734 4880 lelivre,
2767 4811 2862 4880 qui
2912 4827 2942 4862 a
2991 4827 3139 4878 pour
3179 4811 3314 4864 titre
3347 4826 3359 4864 :
3395 4811 3742 4879 Explication

847 4877 1030 4973 ρῆναζξ
1063 4879 1306 4973 Ruﬁnus
1339 4878 1432 4934 hic
1464 4877 1631 4973 pl‘pra
1658 4880 1727 4934 de
1759 4896 1863 4934 suo
1895 4881 1990 4935 ad-
2021 4909 2066 4973 Β
2096 4882 2486 4973 desndfnximef
2515 4877 2893 4973 (leSISairtth'sln
2927 4877 3036 4935 etc.

2169 4953 2280 5021 (31)
2315 4947 2700 5024 Μεγαλολιοίας.
2740 4951 2962 5006 Habent
2993 4951 3180 5020 pauci,
3205 4947 3650 5024 μεγαλοψυχίας.

2169 5017 2280 5093 (32)
2313 5017 2675 5095 ίΑνριλαϐόντα
2709 5025 2878 5095 Begg.
2905 5017 3129 5093 novem,
3163 5017 3359 5094 pl'ur'es
3390 5017 3571 5092 Gellii,
3598 5023 3741 5094 Jes.,

2099 5088 2190 5149 Or.
2231 5088 2278 5157 1,
2317 5088 2608 5148 λαϐόντα.·

2168 5165 2280 5237 (33)
2330 5163 2687 5239 Σταυρωθείς.
2749 5167 2882 5239 Reg.
2938 5165 2978 5232 Ι,
3033 5164 3190 5221 Colb.
3247 5182 3325 5232 m,
3378 5163 3601 5234 Comb.,
3653 5185 3742 5219 συ-

2098 5235 2442 5307 σταυρωθείς’
2477 5235 2507 5286 ξ(
2543 5254 2655 5292 una
2681 5235 3054 5292 cruciﬁxus.»

2171 5302 2281 5390 (37/1)
2314 5309 2389 5360 Δι’
2425 5309 2696 5396 ὁιιριπεαγῇςἒ
2725 5307 2889 5396 (301ὺέ
2923 5309 2976 5374 5,
3011 5323 3126 5362 uno
3166 5307 3358 5378 verbo,
3407 5302 3742 5380 διαρπαγείς,

2099 5384 2156 5435 et
2186 5379 2243 5453 in
2278 5379 2540 5453 margine
2577 5379 2642 5433 31’
2674 5380 2944 5453 ἁρπαγῆς.

2186 5399 2243 5432 1n
2278 5399 2540 5451 margine
2579 5399 2623 5433 ιι
2674 5399 2817 5453 αρπα
2857 5399 2944 5447 ης.

2171 5452 2282 5520 (35)
2310 5449 2418 5503 Κᾶν
2450 5457 2566 5508 τοῦ.
2602 5453 2786 5506 Habet
2820 5399 2971 5521 iteg.
3007 5449 3110 5517 hu,
3143 5447 3252 5514 καί,
3288 5452 3344 5503 et
3373 5447 3562 5521 paulo
3585 5452 3748 5521 ipost

2099 5522 2281 5611 idem;
2333 5523 2508 5595 Regg.
2561 5542 2612 5589 a,
2665 5528 2708 5588 t,
2758 5542 2811 5588 Χ,
2860 5520 3015 5578 Colb.
3066 5523 3115 5593 1,
3147 5522 3202 5590 7,
3245 5538 3320 5574 m.
3357 5520 3450 5575 Or.
3486 5521 3538 5590 1,
3571 5520 3746 5576 Gabr.

2098 5613 2186 5646 και
2217 5613 2322 5645 των
2336 5636 2346 5645 .

2173 5666 2280 5734 (36)
2315 5662 2593 5737 Ἀῥρἤτων
2655 5667 2814 5735 ἡμῖν.
2867 5667 3044 5736 Regg.
3096 5681 3128 5718 8.
3181 5668 3238 5737 et
3275 5681 3344 5737 Au,
3393 5660 3744 5737 άπορῥήτων,

2102 5759 2128 5786 ‹‹
2159 5734 2504 5792 arcanorUm
2538 5734 2867 5806 verberum,
2903 5734 3029 5809 quae
3061 5736 3230 5792 nobis
3274 5735 3433 5809 loqui
3467 5734 3580 5790 non
3615 5734 3747 5790 licet

2103 5809 2171 5880 (ll
2200 5809 2319 5864 Cor.
2352 5826 2454 5880 xu,
2486 5811 2559 5880 4).
2584 5830 2612 5860 ››
