4152 6286
376 482 496 545 46¹Ι

1617 476 1679 539 S.
1733 476 2106 539 GREGORII
2151 475 2547 539 THEOLOGI

3674 476 3796 541 468

378 613 496 671 ritu
526 611 808 686 praditus
840 614 946 668 est.
984 610 1098 669 Nos
1140 615 1338 667 autem
1380 626 1670 680 veremur,
1703 626 1797 675 ne,
1820 609 1869 664 si
1901 626 2034 663 cum

2165 607 2293 683 ταρὰ
2337 608 2586 677 τούτους,
2638 610 2714 679 μή
2769 605 2946 682 μωροί
2994 628 3136 671 τινες
3191 609 3336 681 ὦμεν
3384 606 3646 684 ἄρχοντες
3693 612 3800 666 Τά-

377 702 495 759 illis
524 718 952 774 comparemur,
986 700 1149 756 stulti
1180 699 1420 772 quidam
1470 699 1765 771 principes
1812 703 2034 753 Taneos

2165 717 2301 766 μεως,
2333 698 2367 765 ἢ
2403 697 2700 772 πράκτορες
2746 697 3140 769 καλαμώμενοι
3174 700 3307 771 (37),
3341 698 3374 767 ἢ
3414 699 3799 773 μακαρίζοντες

379 792 568 850 simus
590 791 659 862 ³⁵,
678 795 779 847 aut
808 794 1104 846 exactores
1154 790 1349 861 spicas
1395 789 1674 861 legentes,
1708 792 1808 843 aut
1846 804 2036 860 popu-

378 880 503 938 lum
534 880 681 937 talso
732 881 972 936 beatum
1012 880 1272 936 dicentes
1293 880 1365 946 ²⁶;
1399 878 1611 934 addam
1660 878 1834 933 etiam
1884 876 2037 932 beati

380 970 541 1037 dicti,
584 974 643 1025 et
693 970 908 1041 pedum
961 972 1289 1024 vestrorum
1338 967 1492 1022 viam
1553 967 1903 1021 turbantes:
1939 971 2039 1020 aut

382 1059 656 1115 illusores
689 1058 1060 1114 dominantes
1083 1059 1149 1128 27,
1185 1063 1285 1111 aut
1310 1057 1552 1126 juvenes
1581 1056 1875 1111 antistites
1899 1055 1943 1089 ³⁵
1976 1071 2039 1109 ac

380 1147 697 1222 prudentia
728 1148 971 1203 minime
1004 1146 1214 1216 adulti,
1247 1162 1318 1201 ne
1349 1161 1560 1217 panem
1593 1144 1831 1215 quidem
1861 1146 1916 1198 et
1946 1160 2037 1199 ve-

383 1238 729 1294 stimentum
751 1237 815 1304 ’9,
849 1236 921 1291 ad
954 1234 1063 1291 hoc
1096 1240 1161 1289 ut
1203 1235 1553 1307 quibusdam
1589 1233 1860 1306 regendis
1892 1251 2037 1305 pra:-

383 1328 591 1396 simus,
628 1327 937 1393 habentes;
984 1330 1087 1381 aut
1118 1324 1413 1397 prophetae
1443 1323 1650 1395 iniqua
1681 1324 1953 1379 docentes
1973 1323 2038 1373 ³ο,

387 1420 491 1473 aut
531 1414 827 1488 principes
870 1413 1295 1481 inobedientes,
1326 1417 1383 1467 et
1412 1412 1573 1484 digni
1605 1411 1703 1482 qui
1754 1428 1887 1467 cum
1938 1429 2038 1483 pa-

384 1503 516 1561 triis
547 1504 619 1559 ob
652 1502 826 1559 famis
856 1502 1133 1558 duritiam
1158 1504 1201 1536 ³¹
1233 1501 1384 1557 male
1429 1502 1760 1557 audiamus.
1794 1504 1909 1555 Aut
1947 1518 2041 1555 sa-

386 1593 649 1649 cerdotes
678 1592 848 1663 longe
878 1592 949 1647 ab
982 1608 1047 1646 eo
1081 1590 1313 1660 remoti,
1346 1595 1411 1645 ut
1441 1591 1512 1645 ad
1544 1606 1643 1645 cor
1680 1589 2042 1645 Hierusalem

390 1681 706 1754 loquamur
724 1682 792 1749 “,
824 1698 953 1752 quae
1001 1681 1202 1735 omnia
1248 1679 1451 1745 Isaias,
1480 1695 1584 1749 per
1632 1677 1937 1750 Serapbim
1987 1682 2045 1733 et

385 1770 701 1826 carbonem
749 1773 1036 1842 purgatus
1058 1768 1124 1836 ³³,
1160 1768 1401 1840 pulchre
1449 1768 1779 1839 exprobrat,
1812 1771 1868 1822 et
1905 1784 2042 1822 con-

386 1863 658 1915 testatur.

458 1947 624 2004 LVIl.
659 1948 775 2046 Sed
805 1947 1051 2002 fortasse
1082 1949 1314 2046 tantum
1347 1946 1583 2017 quidem
1617 1949 1704 2046 est
1735 1945 1843 2002 hoc
1874 1962 2045 2018 opus,
2080 1982 2125 2046 B

388 2044 631 2109 tamque
663 2036 978 2093 molestum
1018 2040 1075 2091 et
1113 2035 1471 2090 laboriosum
1506 2034 1664 2088 cordi
1696 2050 1872 2091 sensu
1906 2052 2047 2105 pree-

393 2127 536 2194 dito,
553 2130 611 2182 et
631 2124 920 2195 mcerenti,
935 2141 1001 2180 uc
1022 2139 1151 2181 vere
1169 2124 1327 2179 tinea
1345 2123 1569 2179 ossium
1586 2123 1632 2157 3‘
1652 2123 1773 2178 viro
1799 2124 2050 2195 pruden'

392 2216 462 2271 ti.
497 2215 713 2270 Verum
746 2230 990 2287 parvum
1021 2218 1112 2268 est
1141 2211 1486 2285 periculum,
1513 2217 1610 2267 aut
1630 2228 1803 2267 casus
1833 2212 1975 2267 levis
1997 2221 2053 2272 et

394 2302 903 2361 contemnendus?
932 2304 1007 2357 At
1043 2302 1337 2357 enimvero
1360 2318 1639 2373 magnum
1681 2301 1826 2356 mihi
1866 2306 2050 2358 terro-

392 2408 517 2449 rem
548 2393 845 2464 injiciunt,
878 2391 1014 2447 hinc
1043 2391 1252 2446 beatus
1282 2395 1484 2456 Oseas,
1507 2390 1787 2445 adversus
1818 2408 1923 2446 nos
1956 2409 2049 2447 sa-

393 2483 658 2539 cerdotes
685 2486 742 2537 et
770 2482 1073 2553 praefectos
1093 2480 1385 2551 judicium
1415 2496 1542 2535 esse
1572 2480 1791 2548 dicens,
1819 2480 1954 2551 quia
1973 2480 2051 2537 la-

390 2587 581 2644 queus
611 2569 860 2644 speculas
893 2570 1030 2624 facti
1054 2586 1282 2636 sumus,
1308 2571 1363 2624 et
1393 2568 1560 2639 quasi
1595 2572 1714 2624 rete
1743 2574 2047 2625 extensum

391 2677 570 2733 super
604 2659 920 2731 Itabyrium
946 2659 1012 2724 ³⁵,
1055 2658 1207 2729 quod
1243 2657 1314 2713 ab
1346 2657 1418 2713 iis
1452 2657 1631 2712 ﬁxum
1675 2662 1782 2725 est,
1808 2659 1905 2729 qui
1941 2658 2048 2714 bu-

391 2765 601 2806 manas
630 2748 857 2803 animas
891 2752 1197 2811 venantur,
1224 2746 1619 2816 minitansque
1641 2764 1703 2801 se
1736 2748 2046 2816 facturum,

393 2842 461 2894 ut
506 2837 693 2894 malos
740 2836 1059 2909 prOphetas
1090 2836 1346 2891 demetat
1366 2836 1431 2903 ³⁸,
1464 2851 1529 2890 ac
1569 2835 1801 2905 judices
1845 2853 2048 2893 eorum

392 2928 529 3000 igne
561 2927 839 2982 absumat
860 2927 924 2995 ³⁷,
961 2941 1139 2996 seque
1183 2924 1483 2996 paulisper
1512 2924 1824 2993 contineat,
1859 2942 1930 2981 ne
1961 2944 2046 2981 re-

393 3033 498 3090 ges
529 3019 585 3072 et
614 3015 909 3087 principes
954 3018 1156 3085 ungat,
1190 3013 1469 3085 quoniam
1500 3014 1613 3070 sibi
1662 3013 1804 3086 ipsis
1834 3032 1899 3070 ac
1931 3033 2047 3071 non

397 3121 502 3178 per
532 3105 729 3177 ipsum
762 3106 1081 3176 regnarunt
1105 3103 1169 3156 ³⁸.

464 3191 655 3248 LVIII.
679 3192 825 3248 Hinc
857 3195 1053 3248 autem
1077 3190 1309 3246 divinus
1341 3191 1618 3257 Micheas,
1650 3191 1787 3247 Sion
1819 3192 1877 3247 in
1910 3211 2043 3249 san-

396 3281 679 3355 guinibus
699 3280 972 3335 aediﬁcari
992 3296 1107 3335 non
1137 3279 1349 3347 ferens,
1374 3280 1662 3335 utrumvis
1695 3281 2042 3353 sanguinem

2144 783 2237 839 τὸν
2272 784 2403 840 λαὸν
2455 783 2688 859 ψευδῶς·
2744 788 3039 861 προσθήσω
3090 783 3167 854 δὲ,
3213 788 3301 841 καὶ
3352 788 3801 861 μακαριζόμενοι,

2146 874 2234 928 καὶ
2265 876 2362 942 τὴν
2406 870 2591 950 τρίϐον
2635 878 2742 928 τῶν
2794 872 2975 929 ποδῶν
3027 876 3177 948 ὑμῶν
3227 877 3605 951 ταράσσοντες
3640 879 3673 946 ἦ
3703 878 3802 952 ἐμ-

2147 969 2367 1017 παῖκται
2402 964 2761 1039 κυριεύοντες,
2810 966 2843 1033 ἢ
2890 966 3157 1019 νεανίσκοι
3208 968 3503 1040 προστάται
3707 968 3799 1022 καὶ

2150 1054 2358 1114 ἀτελεῖς
2406 1055 2502 1121 τήν
2556 1052 2837 1131 φρόνησιν,
2879 1051 3007 1127 μηδ’
3056 1053 3178 1107 ὅσον
3212 1057 3327 1128 (39)
3356 1056 3521 1130 ἄρτου
3550 1055 3637 1110 καὶ
3670 1057 3801 1129 ἱμα-

2148 1140 2264 1195 τίου
2295 1143 2428 1217 πρὸς
2471 1143 2533 1196 τὸ
2582 1142 2933 1216 καθηγεῖσθαί
2984 1164 3147 1197 τινων
3198 1143 3572 1220 εὐποροῦντες·
3608 1147 3641 1213 ἢ
3671 1167 3810 1221 προ-

2152 1238 2318 1307 φῆται
2377 1228 2719 1293 διδάσκοντες
2772 1233 2966 1305 ἄνομα.
3028 1234 3061 1301 ἢ
3108 1232 3372 1308 ἄρχοντες
3433 1233 3805 1307 ἀπειθοῦντες,

2148 1321 2237 1374 καὶ
2296 1325 2472 1382 κακῶς
2531 1320 2749 1375 ἀκούειν
2816 1322 2949 1393 μετὰ
3002 1326 3108 1376 τῶν
3188 1323 3428 1397 πατρίων
3490 1325 3603 1397 (40)
3662 1323 3806 1395 ἄξιοι

2153 1407 2241 1463 διὰ
2288 1407 2459 1481 λιμοῦ
2510 1408 2881 1483 σκληρότητα·
2914 1412 2947 1479 ἣ
2993 1411 3159 1487 ἱερεῖς
3205 1415 3300 1465 τοῦ
3350 1408 3539 1467 λαλεῖν
3594 1412 3669 1474 εἷς
3703 1415 3804 1482 τήν

2150 1496 2371 1574 καρδίαν
2421 1497 2779 1573 Ἰερουσαλὴμ
2824 1499 3079 1555 πλεῖστον
3130 1499 3450 1575 ἀπέχοντες,
3500 1500 3534 1555 ’ἀ
3565 1501 3631 1571 δὴ
3678 1501 3813 1556 πάν-

2149 1609 2216 1642 τα
2245 1588 2272 1640 ὁ
2302 1591 2382 1659 τῷ
2421 1590 2669 1666 Σεραφὶμ
2718 1588 2807 1642 xui
2855 1593 2933 1660 τῷ
2979 1590 3197 1665 ἄνθρακι
3245 1590 3528 1666 καθαρθεὶς
3574 1592 3685 1665 (41)
3718 1592 3813 1648 Ἡ-

2153 1672 2305 1738 cuiu;
2336 1673 2581 1746 ὀνειδίζει
2613 1674 2797 1738 καλῶς
2825 1677 2912 1731 καὶ
2947 1678 3287 1753 μαθτῦρεται.

2227 1945 2343 1999 ΝΖ’.
2378 1943 2502 2017 ’¹Αρ’
2532 1940 2623 1997 οῦν
2654 1944 2716 1998 τὸ
2746 1944 2859 2015 (42)
2895 1941 2987 2016 μὲν
3038 1940 3194 2019 ἔργον
3243 1948 3519 2017 τοσοῦτον,
3570 1945 3660 2000 καὶ
3713 1946 3805 2001 oti-

2155 2054 2263 2094 τως
2296 2031 2551 2087 ἐπίπονον
2604 2036 2673 2107 τῇ
2720 2032 3007 2106 αἷσθητικῇ
3054 2032 3246 2109 καρδίᾳ
3292 2035 3382 2087 καὶ
3432 2034 3672 2108 λυπηρᾷ,
3715 2038 3807 2091 xui

2159 2118 2329 2183 ὅντως
2379 2123 2477 2190 σὴς
2528 2120 2725 2176 ὀστέων
2775 2127 2853 2193 τῷ
2899 2143 2962 2197 γε
3007 2125 3131 2176 νοῦν
3179 2120 3385 2197 ἔχοντι.
3436 2126 3649 2201 Μικρὸς
3688 2123 3745 2180 δὲ
3779 2127 3807 2181 ὁ

2157 2208 2573 2279 κίνδυνος,ἣτὸ
2619 2215 2817 2285 πτῶμα
2875 2210 3338 2289 εὐκαταφρόνητον
3400 2232 3413 2283 ;
3474 2212 3649 2269 Ἀλλά
3710 2237 3806 2288 μοι

2156 2298 2331 2355 πολὺν
2390 2299 2779 2355 ἐπανατείνεται
2859 2295 3024 2378 φόϐον
3082 2298 3225 2355 ἔνθεν
3298 2302 3390 2374 μὲν
3451 2304 3478 2357 ὁ
3540 2304 3804 2380 μακάριος

2159 2390 2338 2459 Ὠσηὲ,
2388 2388 2523 2465 πρὸς
2554 2391 2704 2462 ἡμᾶς
2764 2388 2894 2443 εἶναι
2942 2390 3004 2443 τὸ
3050 2390 3222 2464 κρίμα
3269 2389 3447 2466 λέγων
3483 2392 3609 2455 τοὺς
3638 2394 3803 2469 ἱερεῖς

2157 2481 2247 2533 xui
2302 2478 2428 2540 τοῦς
2485 2479 2774 2554 ἄρχοντας.
2834 2477 2915 2533 ὅτι
2975 2479 3133 2541 παὸῖς
3189 2479 3514 2555 ἐγενήθημεν
3563 2487 3631 2556 τῇ
3677 2504 3802 2537 σκο-

2156 2572 2255 2638 πιᾷ
2285 2570 2419 2641 (43),
2463 2567 2551 2621 καὶ
2605 2568 2676 2629 ὡς
2726 2564 2937 2622 δίκτυον
2988 2569 3335 2642 ἐκτεταμένον
3385 2570 3470 2623 ἐπὶ
3500 2573 3563 2625 τὸ
3593 2566 3802 2626 Ἰταϐύ-

2158 2679 2272 2733 ριον
2308 2659 2443 2730 (45),
2476 2657 2504 2710 '6
2536 2658 2953 2731 καταπεπῆχθαι
3002 2659 3115 2728 (45)
3154 2658 3255 2711 ὑπὸ
3302 2662 3409 2711 τῶν
3463 2660 3805 2733 ἀνθρωπίνας

2156 2746 2489 2822 ἀγρευόντων
2519 2745 2720 2820 ψυχὰς,
2756 2745 3090 2819 ἀποθερίζειν
3147 2749 3257 2819 (46)
3302 2767 3357 2799 τε
3411 2746 3535 2807 τοὺς
3566 2746 3810 2823 φαύλους

2155 2835 2393 2890 ἀπειλῶν
2442 2837 2747 2912 προφήτας,
2778 2835 2866 2889 xui
2914 2834 3042 2909 πυρὶ
3088 2836 3202 2907 (47)
3232 2832 3641 2888 καταναλίσκειν
3672 2837 3806 2898 τοὺς

2155 2924 2339 3001 κριτὰς
2372 2923 2564 2991 αὐτῶν,
2599 2922 2794 3000 ἐφέξειν
2838 2925 2950 2996 (48)
2988 2944 3046 2976 τε
3098 2921 3289 2999 μικρὸν
3338 2926 3435 2977 τοῦ
3491 2922 3671 2998 χρίειν
3708 2924 3803 2999 βα-

2156 3011 2309 3068 σιλέα
2339 3014 2427 3067 xui
2460 3014 2742 3087 ἄρχοντας’
2778 3010 2858 3066 ὅτι
2910 3012 3118 3073 ἑαυτοῖς
3166 3007 3538 3085 ἐϐασίλευσαν,
3583 3011 3710 3069 ἀλλ’
3744 3013 3806 3068 οὗ

2156 3100 2225 3157 δι’
2256 3100 2438 3157 αὐτοῦ.

2224 3193 2355 3248 ΝΗ’.
2389 3191 2574 3245 Ἔνθεν
2628 3188 2685 3244 δὲ
2730 3190 2757 3243 ὁ
2790 3193 2931 3252 θεῖος
2984 3188 3222 3264 Μιχαίας
3267 3188 3328 3243 οὐ
3375 3187 3552 3267 φέρων
3591 3189 3809 3246 οἰκοδο-

2162 3281 2439 3355 μουμένην
2494 3280 2635 3333 Σιὼν
2683 3278 2734 3333 ἐν
2787 3276 3028 3351 α’ίμασιν,
3081 3278 3365 3355 ὁποτέροις
3419 3278 3629 3355 βούλει,
3719 3280 3807 3335 καὶ

392 3348 770 3436 intellexeris,
804 3374 859 3424 et
888 3367 1248 3424 Hierusalem
1298 3367 1359 3423 in
1400 3368 1728 3439 injustitiis,
1760 3348 2043 3440 praefectis

2165 3348 2522 3445 Ἰερουσαλὴμ
2550 3366 2599 3421 ἐν
2653 3348 2909 3437 ἀδικίαις,
2959 3348 3065 3421 τῶν
3098 3348 3429 3443 ἡγουμένων.
3474 3348 3643 3438 αὐτῆς
3676 3370 3811 3442 μετᾶ

392 3458 677 3514 nimirum
714 3458 843 3528 ejus
902 3458 1003 3514 42
1054 3456 1112 3510 in
1161 3455 1505 3511 muneribus
1544 3458 1964 3531 iudicantibus,
1999 3464 2057 3515 et

394 3546 800 3606 sacerdotibus
840 3546 972 3617 ejus
998 3545 1263 3600 mercede
1294 3546 1808 3617 respondentibus,
1838 3554 1894 3605 et
1921 3566 2052 3619 pro-

401 3638 595 3710 pbetis
626 3636 686 3692 in
735 3635 982 3708 pecunia
1013 3634 1414 3689 divinantibus
1438 3680 1450 3704 ,
1483 3652 1585 3706 pro
1616 3635 1831 3707 quibus
1880 3638 2052 3694 rebus

397 3727 539 3799 quid
575 3719 838 3781 futurum
866 3727 888 3779 Ρ
918 3739 1126 3795 nempe
1159 3726 1220 3778 ut
1265 3722 1401 3778 Sion
1433 3724 1599 3794 quasi
1648 3742 1785 3797 ager
1832 3731 2050 3798 aretur,

395 3822 454 3872 et
483 3814 847 3871 Hierusalem
903 3817 966 3869 ut
1014 3828 1320 3884 pomorum
1352 3813 1619 3869 custodia
1649 3815 1747 3884 sit,
1780 3822 1835 3872 et
1883 3835 2051 3874 mons

2167 3456 2356 3531 δώρων
2410 3455 2719 3531 κρινόντων,
2768 3456 2857 3509 καὶ
2906 3460 3013 3509 τῶν
3061 3456 3247 3531 ἱερέων
3301 3461 3494 3529 μισθοῦ
3525 3459 3636 3531 (49)
3675 3457 3810 3512 ἀπο-

2163 3546 2517 3624 κρινομένων,
2565 3543 2651 3598 xui
2694 3549 2799 3598 τῶν
2851 3549 3147 3622 προφητῶν
3203 3546 3336 3617 μετὰ
3379 3545 3636 3623 ἀργυρίου
3673 3569 3811 3621 μαν-

2162 3635 2494 3708 τευομένωνν
2548 3632 2659 3696 ἀνθ’
2717 3634 2788 3685 ὧν
2839 3632 2891 3686 τί
2936 3636 3255 3708 γενήσεσθαι
3308 3636 3416 3708 (50)
3468 3654 3480 3704 ;
3534 3637 3675 3690 Σιὼν
3736 3636 3811 3699 ὡς

2162 3725 2326 3801 ἀγρὸν
2403 3724 2877 3799 ἀροτριαθήσεσθαι
2936 3726 3097 3796 (51),
3158 3723 3245 3779 καὶ
3316 3724 3680 3800 Ἰερουσαλὴμ
3737 3727 3813 3788 ὡς

2163 3811 2615 3891 ὀπωροφυλάκιον
2668 3807 2899 3879 ἔσεσθαι,
2959 3812 3049 3867 xui
3099 3815 3161 3867 τὸ
3215 3809 3342 3890 ὅρος
3389 3819 3485 3868 τοῦ
3536 3814 3686 3870 οἷ’κου
3736 3814 3813 3878 είς

466 3924 513 3959 ³⁵
545 3928 650 3979 lsa.
683 3940 798 3989 xxx,
832 3924 919 3978 11.
997 3922 1042 3957 ²⁶
1071 3921 1183 3977 Isa.
1226 3939 1302 3988 ix,
1353 3923 1437 3975 16.
1518 3923 1561 3956 ²⁷
1594 3924 1705 3979 Isa.
1741 3941 1826 3988 ιιι,
1860 3927 1944 3980 12.
2022 3928 2048 3961 ²ε

2165 3926 2243 3981 id.
2279 3927 2330 3978 4.
2409 3924 2455 3957 ²⁹
2486 3921 2630 3976 Ibid.
2665 3924 2719 3974 7.
2798 3922 2841 3956 ³ο
2874 3926 2987 3977 lsa.
3042 3940 3119 3988 1x,
3174 3923 3291 3976 15.‘
3337 3924 3382 3959 ³¹
3417 3923 3530 3978 Isa.
3561 3942 3687 3991 vm,
3719 3927 3811 3981 21.

398 3997 444 4032 ³³
479 3997 590 4051 lsa.
622 4013 711 4060 xc,
744 3998 798 4049 2.
876 3994 920 4029 ³³
954 3993 1065 4050 lsa.
1114 4010 1192 4063 v1,
1241 3995 1298 4049 6.
1375 3995 1421 4028 3‘
1452 3997 1618 4051 Prov.
1666 4013 1783 4065 11v,
1825 3997 1913 4052 30.
1991 3999 2036 4033 ⁸⁸

2165 4014 2196 4053 ι.
2246 4013 2298 4064 v,
2355 3994 2407 4065 1,
2454 3995 2512 4049 2.
2585 3993 2630 4026 ⁸⁸
2661 3992 2788 4049 Ose.
2844 4010 2920 4063 v1,
2970 3995 3023 4049 5.
3103 3994 3147 4028 ³⁷
3180 3992 3307 4050 Ose.
3341 4011 3438 4065 vn,
3469 3996 3526 4050 7.
3602 3996 3647 4031 ⁸⁸
3678 3996 3811 4053 Ose.

396 4083 519 4136 vui,
550 4067 605 4122 4.

468 4180 583 4257 (37)
613 4176 1037 4257 Kulapdpevoi:
1064 4203 1091 4230 ‹‹
1125 4183 1431 4257 Exactores
1471 4186 1545 4238 ad
1593 4183 1816 4255 spicam
1865 4202 2053 4257 usque

401 4251 739 4326 spoliantes,
767 4274 793 4300 ››
829 4259 894 4326 u_t
922 4252 980 4306 in
1014 4253 1087 4308 Is.
1124 4270 1206 4322 IIl,
1233 4254 1319 4326 12.

472 4324 586 4396 (38)
613 4326 678 4376 ’Π
724 4320 987 4375 νεανίσκοι
1040 4320 1357 4397 προστάται,
1391 4346 1419 4374 ι(
1460 4326 1575 4380 Aut
1622 4327 1783 4397 pueri
1834 4327 2051 4399 princi-

400 4412 523 4470 p68:

471 4466 585 4538 (39)
615 4458 756 4546 Mr,_8’
788 4461 1127 4546 6cov,ﬂetc._‘«
1160 4466 1242 4521 Ne
1286 4466 1523 4537 quidem
1553 4471 1783 4523 tantum
1830 4469 2049 4526 haben-

398 4544 507 4605 tes,
542 4542 831 4605 quantum
863 4540 1006 4590 satis
1037 4540 1131 4590 sit.
1158 4558 1187 4585 »

2164 4180 2521 4253 oram.rcod_._
2538 4179 2631 4235 Or.
2654 4180 2719 4253 _i,
2754 4180 3078 4253 ascriptum
3104 4182 3552 4253 miriﬁce‘favet.

2161 4255 2322 4330 ’ξΟρος
2353 4250 2584 4330 ὑψῃλὸν,
2618 4248 2759 4330 οὕτω
2790 4248 3307 4330 καλόῆμενονμμίαν
3341 4249 3469 4330 ἔχον
3517 4252 3726 4330 πηγὴν,
3761 4251 3812 4330 ἐν

2186 4273 2322 4330 υρος
2353 4273 2584 4326 υψτωον,
2618 4273 2759 4305 ουτω
2790 4273 3146 4323 καλουμενον,
3184 4273 3307 4325 μιαν
3341 4275 3363 4307 ε
3414 4274 3469 4307 ον
3517 4273 3726 4327 πηγην,
3761 4273 3812 4307 εν

2161 4328 2198 4394 ἧ
2226 4322 2487 4399 τὰλθηῄρίχ
2515 4320 2852 4399 ..συνέρχεται
2899 4321 3070 4399 πίνειν
3120 4321 3291 4399 ῦδωρ.
3345 4273 3605 4399 ’ἑστι-δὲ
3653 4323 3705 4399 ἐν
3745 4328 3814 4399 τῇ

2163 4392 2481 4469 Γαλιλαία,Δ
2514 4392 2939 4469 ἔνθα-’ἔθήρευον
2999 4394 3065 4447 τὰ
3117 4392 3275 4469 ὄρνεα
3312 4396 3417 4469 ,καὶ
3476 4396 3543 4449 τὰ
3598 4392 3811 4467 κτήνη’.

2164 4413 2451 4468 Γαλιλαίᾳ,
2514 4413 2635 4457 ενθα
2684 4413 2939 4521 cenantem
2999 4414 3065 4447 τα
3117 4413 3275 4469 ορνεα
3327 4413 3417 4450 και
3476 4415 3543 4449 τα
3598 4413 3811 4467 κτήνη.

2162 4492 2191 4522 ‹‹
2225 4470 2392 4525 Mons
2437 4467 2589 4524 altus
2637 4467 2716 4524 ita
2810 4468 2988 4539 ictus;
3042 4468 3259 4523 fontem
3310 4468 3557 4535 habens,
3589 4469 3650 4523 in
3700 4487 3814 4539 quo

2161 4558 2373 4612 aquam
2404 4539 2673 4595 bibituraa
2697 4544 2907 4595 coeunt
2936 4538 3085 4612 ferae».
3112 4541 3214 4594 Est
3234 4546 3430 4595 autem
3448 4540 3524 4612 (in
3556 4538 3812 4612 Galilaaa,

472 4605 585 4690 (40)
617 4605 886 4690 Πατρέων.
914 4628 942 4655 ‹‹
976 4608 1118 4690 gum
1169 4607 1452 4690 paternis,
1503 4609 1743 4690 familiis
1772 4633 1800 4662 »
1834 4612 2052 4690 scilicet
2080 4627 2125 4690 D
2158 4605 2254 4690 ubi
2287 4612 2559 4690 volucres
2582 4628 2883 4690 acpecora
2912 4610 3343 4666 venabantur.»
3380 4610 3702 4690 (Silves‘tria
3731 4605 3817 4690 ni:

403 4676 577 4809 «ἐπ’
599 4676 907 4751 capitibus.
932 4697 957 4728 υ
986 4676 1239 4750 Vulgata
1269 4684 1323 4735 et
1354 4680 1525 4736 Hebr.
1552 4704 1579 4731 ‹‹
1612 4682 1733 4739 Diis
1767 4687 1867 4739 aut
1892 4684 2049 4756 judi-

403 4770 454 4809 οι
501 4770 571 4808 us
618 4772 646 4802 »

403 4770 571 4810 010118
618 4772 646 4802 ”

474 4819 929 4949 (it)‘§:?:p05tc.
965 4820 1145 4893 Regg.
1179 4822 1299 4889 bm,
1333 4840 1379 4891 r,
1414 4840 1473 4890 u,
1501 4828 1620 4879 tres
1651 4824 1838 4893 Colb.,
1868 4826 1961 4880 0r.
1999 4828 2050 4895 1,

402 4890 766 4954 καθαρισθείς.

438 4914 539 4950 αυα
581 4914 766 4954 ισῠεις.

437 4914 587 5095 ἁμέ)
618 4967 736 5039 "Ap’
784 4959 875 5016 οῦν
920 4958 1003 5018 τό.
1037 4962 1130 5018 Sic
1179 4978 1382 5020 omnes
1432 4967 1623 5035 codd.;
1671 4965 1732 5019 τό
1782 4968 1944 5023 deest
1992 4968 2051 5022 in

404 5054 495 5095 θα.

477 5108 589 5182 (43)
617 5109 693 5191 ςΓῇ
750 5109 965 5191 exemi-
1030 5105 1360 5189 Delevimus
1399 5111 1911 5191 praepositionem,
1942 5107 2048 5191 “tv,

406 5177 583 5255 quam
616 5177 677 5255 in
707 5177 904 5255 nullis
938 5178 1261 5255 reperimus
1311 5177 1631 5255 codicibus.
1668 5182 1790 5255 Non
1842 5182 2056 5255 legitur

405 5251 581 5311 etiam
614 5252 673 5306 in
708 5251 832 5322 ipso
878 5251 1186 5322 Scripturar
1216 5255 1396 5323 textu,
1430 5268 1535 5309 nec
1567 5253 1624 5308 in
1656 5253 1792 5307 edit.
1841 5251 2049 5308 Roma-

406 5342 500 5391 na,
534 5326 777 5391 Veneta,
810 5326 918 5377 etc.

476 5388 590 5469 (4.1)
622 5388 938 5469 Ἰταϐύριον.
976 5392 1571 5469 ThaborLuthabent
1601 5395 1855 5469 Hebraea,
1883 5396 2054 5469 Aqui-

404 5448 492 5540 la:
534 5448 943 5540 Symmachus.
980 5465 1187 5540 Codex,
1209 5448 1584 5540 Barberynus
1604 5448 1709 5540 iii."
1730 5448 2051 5540 πήξειςῖῆρλ

408 5537 493 5594 ἰπὶ
538 5532 750 5611 Θᾷϐώρ.
799 5535 1038 5606 Josepb.
1068 5536 1354 5611 Δκιγηίἱίιεηι.
1388 5532 1454 5602 νζ
1476 5554 1524 5593 c.
1563 5539 1610 5608 1,
1645 5539 1818 5593 habet
1847 5532 2055 5590 Ἰταϐύ-

448 5630 546 5664 ιον.
582 5606 755 5664 Porro
789 5632 817 5658 «
852 5625 1020 5665 mons
1064 5607 1121 5661 in
1170 5606 1424 5672 Galilaea.
1460 5631 1486 5658 η
1536 5606 1604 5663 ut
1649 5611 1852 5665 scribit
1899 5610 2051 5665 Hier.

448 5630 546 5664 ιον.
582 5629 755 5664 ῘΎΠῚὉ
789 5632 817 5658 ((
852 5629 1020 5665 mons
1065 5629 1121 5661 1ῐ1
1170 5629 1424 5672 υυιιιεΒΒ,
1460 5631 1486 5658 ))
1537 5629 1600 5663 UL
1649 5629 1852 5665 SCl‘lDlE
1899 5629 2051 5665 nier.

409 5629 510 5740 fib.
543 5700 582 5749 ι,
616 5681 825 5738 Comm.
872 5683 932 5735 in
983 5680 1112 5735 Osee
1139 5696 1187 5734 c.
1221 5697 1273 5746 v,
1309 5686 1366 5735 et
1395 5679 1542 5735 libro
1592 5682 1665 5735 De
1701 5699 1845 5735 nam.
1882 5682 2052 5737 Hebr.

409 5779 437 5806 «
473 5769 819 5810 nemorosus
862 5751 978 5818 ille,
1013 5752 1069 5805 in
1102 5768 1517 5824 quoaucupes
1563 5753 2053 5824 exercebantur,»

410 5826 661 5885 testibus
696 5823 892 5882 Grotio
948 5825 1005 5880 et
1057 5822 1322 5894 Kimkhi;
1357 5822 1570 5898 quibus
1627 5822 1927 5880 Scholium
1980 5824 2053 5879 ad

2161 4684 2399 4748 mirum,
2434 4688 2499 4739 ut
2544 4680 2766 4739 indicat
2813 4682 2942 4737 Bas.
2977 4697 3077 4752 per
3123 4697 3322 4736 vocem
3374 4680 3623 4753 ἀγρίων),
3657 4680 3813 4750 quod

2163 4774 2275 4812 non
2310 4756 2421 4811 nisi
2453 4754 2596 4811 locis
2629 4752 2951 4810 nemorosis
2986 4752 3273 4806 convenit.

2234 4829 2347 4901 (45)
2380 4827 2824 4901 Καταπεπῆχθαι.
2859 4825 2951 4879 Sic
2999 4822 3401 4901 Regii'omnes
3430 4824 3487 4874 et
3514 4818 3677 4875 Colb.
3712 4821 3812 4876 Sa-

2160 4888 2342 4955 vilius'
2362 4916 2494 4954 vero
2530 4916 2599 4970 ap
2610 4888 2958 4970 ud"Montac.
2972 4888 3417 4970 _>ta‘rt11té1m)t‘rat.

2164 4971 2345 5094 δὲ(46)
2402 4958 2768 5046 ’Δποθὶρίζειν
2825 4987 2902 5021 τε.
2972 4965 3107 5035 Reg.
3168 4980 3217 5029 z,
3284 4978 3386 5032 pro
3462 4958 3560 5033 τέ,
3638 4962 3821 5021 habet

2232 5115 2345 5185 (47)
2379 5111 2474 5165 Καὶ
2522 5112 2671 5189 πυρί.
2709 5113 2835 5168 Haec
2884 5106 3117 5189 quidem
3149 5120 3256 5159 vox
3286 5120 3402 5189 non
3436 5108 3527 5189 est
3560 5104 3638 5189 _in
3686 5123 3821 5189 pro.

2163 5177 2368 5256 ph'eta';
2419 5177 2618 5240 verum
2671 5201 2861 5256 cum,“
2897 5177 3136 5256 Clibani
3162 5199 3187 5227 η
3223 5178 3408 5256 verbo
3452 5182 3654 5256 utatur
3689 5177 3821 5256 hic,

2164 5248 2469 5327 appellatis
2502 5257 2675 5312 etiam
2706 5254 2949 5327 urbibus
2972 5267 3102 5327 quae
3122 5248 3256 5321 igne
3288 5248 3612 5327 perierunt,
3634 5250 3825 5321 potuit

2162 5321 2474 5399 Gregorius
2506 5329 2613 5383 hac
2645 5343 2780 5384 voce
2819 5325 2929 5392 uti,
2961 5321 3015 5378 et
3046 5321 3207 5377 illam
3255 5321 3556 5393 proposito
3590 5338 3698 5378 suo
3729 5338 3825 5379 ac-

2164 5401 2554 5453 commodare.

2372 5467 2631 5543 Ἰἰφέξειν.
2668 5470 2808 5543 Reg.
2845 5485 2892 5543 r,
2927 5461 3187 5543 €«p£)\_ﬁetv.

2234 5471 2345 5609 (48)
2372 5471 2631 5543 Ἰἰφέξειν.
2668 5471 2808 5540 Reg.
2845 5485 2892 5536 ι’,
2927 5471 3140 5543 ἐφέλξειί

2259 5540 2347 5610 49)
2379 5541 2606 5594 Μισθοῦ.
2647 5540 2814 5596 (ἷοὶει⁶
2854 5542 2907 5603 1,
2948 5538 3140 5610 μισθῷ.

2166 5682 2191 5735 f
2378 5610 2436 5661 Τί
2466 5612 2803 5685 γενήσεσθαι.
2840 5632 2869 5662 (ι
2900 5604 3044 5673 Quid
3080 5604 3343 5664 futurum
3364 5606 3392 5664 ?
3417 5628 3437 5656 ο
3477 5604 3649 5662 Bill.«
3672 5605 3823 5672 Quid

2188 5698 2284 5735 ore
2358 5702 2384 5728 ))

2188 5686 2284 5737 'ore
2311 5686 2333 5737 Ρ
2358 5702 2384 5728 ››

2235 5752 2925 5827 (751)]ᾼροτριαθήσεσθαι.
2987 5752 3128 5825 Reg.
3189 5768 3238 5822 r,
3299 5748 3823 5826 ἀροτριωθήσεσθαι.

2162 5826 2322 5882 Colb.
2352 5825 2407 5897 5,
2436 5824 2972 5899 ἀροτριασθήσεσθαι.
