4152 6286
359 455 482 520 469

1485 457 1781 520 ORATIO
1825 455 1904 519 II.
1939 485 2017 500 —
2043 455 2610 518 APOLOGETICA.

3654 462 3776 522 470

363 587 527 652 ἄλσος
571 584 783 664 δρυμοῦ
815 585 1252 665 λογισθήσεσθαι·
1287 592 1495 662 θρηνῶν
1544 609 1601 642 τε
1647 589 1743 657 τὴν
1776 586 2006 662 ἐρημίαν

2127 589 2334 646 domus
2362 589 2420 644 in
2455 607 2662 646 neruus
2693 589 2848 646 silvae
2899 595 3202 663 reputetur
3245 593 3308 647 3°.
3360 592 3545 648 Simul
3594 595 3770 652 etiam

359 683 467 734 τῶν
495 675 905 753 κατορθούντων
932 678 1066 752 (52),
1115 677 1191 741 ὡς
1244 677 1404 751 μόλις
1453 699 1556 732 που
1587 675 1840 749 καλάμην
1876 677 2011 732 ὑπο-

362 767 702 836 λείπεσθαιῆ
747 764 1077 844 ἐπιφυλλίδα
1121 769 1254 841 (53)·
1290 767 1453 822 ὁπότε
1497 767 1587 821 καὶ
1634 767 1724 820 τὸν
1776 768 2012 843 ἄρχοντα

359 856 548 925 αἶ’τεῖν,
581 855 671 911 καὶ
702 855 794 910 τὸν
826 856 1017 929 κριτὴν
1070 853 1265 931 λόγους
1312 855 1448 930 πρὸς
1479 855 1642 931 χάριν
1675 852 1890 924 λαλεῖν,
1920 855 2009 909 καὶ

361 944 555 1021 σχεδὸν
588 945 654 1000 τὰ
683 945 818 1000 αὐτὰ
862 949 942 1016 τῷ
994 943 1216 1020 μεγάλῳ
1266 941 1430 999 Δαϐὶδ
1462 943 1853 1022 φθεγγόμενος·
1890 949 2008 998 Σῶ-

361 1035 451 1090 σόν
490 1056 577 1108 με,
609 1034 795 1110 Κύριε,
830 1032 1071 1109 λέγοντι,
1120 1033 1201 1088 ὅτι
1253 1032 1569 1089 ἐκλέλοιπεν
1619 1033 1784 1095 ὅσιος·
1840 1033 1890 1104 ἐξ
1940 1033 2006 1087 οὗ

358 1126 546 1180 καὶτὰ
578 1124 748 1200 ἀγαθὰ
789 1121 1087 1196 ἐπιλείψειν
1137 1121 1353 1192 αὐτοὺς,
1404 1124 1476 1185 ὡς
1525 1126 1638 1196 (54)
1689 1124 1792 1178 ὑπὸ
1841 1124 2003 1192 σητὸς

362 1214 742 1286 δαπανώμενα.

430 1391 544 1446 ΝΘ⁹.
580 1387 742 1458 Ἶωὴλ
801 1387 859 1444 δὲ
906 1391 1041 1463 ἡμῖν
1088 1389 1178 1444 καὶ
1227 1395 1420 1465 θρῆνον
1467 1393 1580 1463 (55)
1612 1387 1998 1462 διακελεύεται,

350 1480 441 1536 καὶ
512 1478 800 1534 κόπτεσθαι
885 1477 1140 1554 βούλεται
1211 1478 1338 1541 τοὺς
1419 1478 1869 1554 λειτουργοῦντας
1924 1483 2001 1551 τῷ

347 1566 737 1643 θυσιαστηρίῳ,
771 1564 942 1640 λιμοῦ
973 1566 1274 1636 πιέζοντος·
1325 1570 1582 1622 τοσούτον
1635 1568 1828 1643 ἀπέχει
1869 1588 1995 1644 τρυ-

355 1662 454 1735 φᾷν
489 1657 792 1731 ἐπιτρέπειν
845 1655 895 1711 ἐν
929 1661 1044 1718 τοῖς
1091 1661 1199 1711 τῶν
1249 1653 1434 1711 ἄλλων
1484 1663 1694 1720 κακοῖς·
1744 1657 1998 1733 καὶπρὸς

353 1751 432 1817 τῷ
464 1745 697 1822 ἁγιάζειν
727 1747 839 1819 (56)
885 1745 1156 1816 νηστείαν,
1207 1745 1296 1800 καὶ
1347 1745 1635 1822 κηρύσσειν
1693 1746 1997 1822 θεραπείαν,

356 1841 666 1911 συναγαγεῖν
725 1830 1146 1910 πρεσϐυτέρους,
1203 1836 1410 1907 νήπια,
1470 1834 1690 1905 ἡλικίας
1741 1835 1997 1901 ἐλεεινᾶς,

355 1920 430 1980 ἔτι
462 1923 552 1979 καὶ
583 1922 778 1986 αὐτοὺς
823 1925 885 1978 τὸ
932 1923 1074 1998 ἱερὸν
1126 1919 1530 1986 καταλαϐόντας
1580 1923 1631 1978 ἐν
1684 1922 1869 1996 σποδῷ
1906 1924 1994 1978 καὶ
2031 1960 2078 2025 Β

404 2011 413 2025 .
631 2015 732 2025 ..._.
879 2011 892 2025 ι
945 2009 1001 2025 κ,
1312 2017 1338 2025 -
1539 2015 1552 2025 .
1643 2020 1669 2025 μ
1955 2015 1964 2025 .

357 2011 574 2074 σάκκοις
622 2015 758 2087 (57),
806 2011 894 2067 καὶ
945 2009 1063 2067 λίαν
1116 2017 1380 2074 ταπεινῶς
1427 2015 1562 2068 κατὰ
1599 2020 1706 2089 γῆς
1737 2013 1998 2090 ἐρριμμέ-

355 2123 500 2170 νους,
552 2099 694 2157 διότι
742 2101 1212 2179 τεταλαιπωρήκει
1260 2099 1418 2156 πεδία
1473 2106 1539 2176 τῇ
1599 2103 1853 2178 ἀκαρπίᾳ,
1911 2105 2000 2157 καὶ

355 2191 550 2267 ἐξῆρτο
573 2190 624 2261 ἐξ
674 2189 826 2246 οἷ’κου
881 2191 1076 2268 Κυρίου
1125 2189 1330 2260 σπονδή
1379 2191 1468 2246 καὶ
1522 2192 1694 2263 θυσία,
1725 2188 1903 2247 ἕλκειν
1931 2196 2000 2266 τῇ

354 2280 677 2336 ταπεινώσει
704 2281 795 2336 τὸν
829 2278 1000 2337 ἔλεον.

424 2459 507 2515 Ξ’.
538 2457 598 2512 Τί
626 2456 713 2512 δαὶ
746 2458 774 2512 ὁ
824 2452 1154 2531 ’Δμϐακούμ
1201 2459 1314 2531 (58)
1350 2485 1364 2522 ς
1395 2459 1561 2521 Οὗτος
1616 2459 1709 2533 μὲν
1755 2459 1844 2514 καὶ
1877 2461 2000 2535 θερ-

361 2546 604 2624 μοτέρων
639 2546 863 2601 ἅπτεται
894 2545 1100 2621 λόγων,
1135 2548 1222 2601 καὶ
1272 2549 1408 2623 πρὸς
1442 2547 1600 2602 αὐτὸν
1643 2546 2005 2605 ἀποδυσπετεῖ

354 2637 445 2690 τὸν
475 2638 628 2705 Θεὸν,
659 2636 750 2691 καὶ
784 2637 898 2690 οἷον
949 2630 1189 2707 καταϐοᾷ
1233 2641 1329 2690 τοῦ
1379 2642 1625 2712 χρηστοῦ
1667 2641 1778 2711 (59)
1811 2636 2000 2693 δεσπό-

353 2747 452 2781 του
486 2723 574 2780 διὰ
602 2727 701 2794 τὴν
751 2729 858 2779 τῶν
905 2727 1103 2800 κριτῶν
1153 2723 1383 2780 ἀδικίαν·
1416 2728 1560 2787 Ἕως
1612 2727 1778 2796 τίνος,
1818 2728 1999 2803 Κύριε,

353 2814 732 2888 κεκράξομαι,
791 2811 988 2888 λέγων,
1049 2813 1138 2868 καὶ
1198 2813 1259 2868 οὗ
1320 2815 1396 2886 μή
1457 2814 1785 2879 εἶ’σακούσεις
1842 2819 2001 2890 (60);

359 2904 637 2979 βοήσομαι
712 2903 851 2980 πρὸς
910 2903 967 2957 σὲ
1036 2901 1392 2975 ἀδικούμενος
1427 2949 1439 2970 ,
1497 2905 1586 2959 καὶ
1645 2906 1706 2960 οὗ
1763 2907 2000 2974 σώσεις;

355 2995 474 3048 Ἵνα
531 2992 584 3046 τί
646 3014 735 3066 μοι
814 2989 1014 3062 ἔδειξας
1088 2991 1292 3054 κόπους
1361 2994 1448 3048 καὶ
1504 2993 1726 3061 πόνους,
1785 2990 2001 3050 ἐπιϐλέ-

360 3100 480 3134 πειν
558 3078 646 3134 ἐπὶ
722 3084 832 3153 (61)
902 3080 1278 3155 ταλαιπωρίαν
1350 3083 1439 3137 καὶ
1515 3079 1757 3138 ἀσέϐειαν
1812 3102 1825 3153 ;
1888 3084 2002 3155 Ἐξ-

2124 693 2324 734 eorum
2353 678 2450 751 qui
2486 679 2676 735 ofﬁcio
2707 684 2862 735 recte
2905 681 3250 754 funguntur,
3284 681 3633 754 paucitatem
3669 685 3767 740 de-

2121 766 2380 838 plorans,
2403 786 2529 841 quae
2561 773 2726 824 tanta
2755 770 2833 824 sit
2854 775 2918 824 ut
2944 771 3035 825 vix
3070 771 3283 826 alicubi
3314 771 3529 844 stipula
3561 778 3658 828 aut
3677 791 3767 830 ra-

2121 857 2388 913 cemulus
2444 860 2764 932 supersit;
2822 859 3036 933 quippe
3095 877 3226 916 cum
3282 861 3551 933 princeps
3591 863 3762 920 etiam

2119 946 2374 1018 postulet
2422 952 2478 1002 et
2524 948 2701 1018 iudex
2749 948 2818 1002 ad
2866 948 3113 1020 gratiam
3160 948 3434 1021 loquatur
3479 951 3542 1018 ‘0,
3593 955 3769 1023 atque

2117 1035 2327 1091 iisdem
2383 1037 2804 1108 propemodum
2854 1037 3049 1092 verbis
3113 1054 3247 1093 cum
3293 1055 3505 1112 magno
3555 1039 3768 1096 Davide

2117 1129 2338 1181 utens:
2393 1126 2619 1181 Salvum
2673 1142 2758 1182 me
2805 1128 2916 1197 lac,
2965 1128 3215 1193 Domine,
3263 1129 3522 1198 quoniam
3571 1129 3772 1200 defecit

2112 1221 2330 1269 sanctus
2359 1215 2441 1282 “;
2495 1215 2750 1287 hincque
2797 1217 2915 1271 fore
2964 1216 3340 1285 denuntians,
3390 1221 3454 1272 ut
3485 1219 3638 1274 bona
3667 1236 3767 1275 eos

2113 1302 2406 1368 deserant,
2438 1308 2715 1374 tanquam
2750 1321 2780 1358 ιι
2811 1304 2969 1359 tinea
3001 1309 3369 1377 consumpta.

2186 1392 2322 1448 LIX.
2355 1391 2478 1448 Joel
2510 1409 2679 1464 porro
2711 1391 2932 1447 luctum
2967 1393 3143 1447 etiam
3167 1394 3336 1450 nobis
3358 1394 3767 1468 indicit,atque

2112 1480 2311 1536 altaris
2343 1482 2971 1552 ministros,premente
2995 1482 3242 1548 fame,in
3277 1483 3512 1554 planctu
3544 1485 3764 1541 versari
3843 1544 3856 1556 ,

2105 1570 2273 1641 jubet
2295 1571 2341 1605 ‘9
2368 1589 2380 1638 ;
2412 1573 2643 1625 tantum
2671 1571 2835 1625 abest
2874 1575 2939 1625 ut
2965 1571 3022 1626 in
3057 1571 3303 1627 aliorum
3327 1573 3765 1631 calamitatibus

2110 1677 2211 1716 eos
2254 1658 2480 1715 deliciis
2518 1659 2823 1731 indulgere
2864 1661 3200 1732 permittat;
3235 1678 3301 1716 ac
3349 1666 3556 1733 praeter
3587 1679 3762 1734 quam

2111 1749 2264 1820 quod
2290 1748 2585 1819 jejunium
2637 1748 2987 1819 sanctiﬁcat,
3038 1753 3094 1804 et
3145 1750 3502 1806 curationem
3555 1751 3762 1822 praedi-

2111 1842 2201 1894 cat
2221 1840 2284 1905 ‘3,
2307 1854 2371 1892 ac
2393 1837 2651 1893 seniores
2673 1842 2729 1891 et
2753 1837 3045 1908 parvulos,
3075 1839 3466 1906 miserandas,
3493 1841 3758 1913 inquam,

2110 1931 2307 1981 aetates
2339 1931 2672 1998 congregat,
2706 1926 2947 1998 insuper
2977 1927 3133 1999 ipsos
3167 1944 3397 2000 quoque
3428 1932 3760 1988 sacerdotes

2114 2015 2396 2081 hortatur,
2431 2020 2496 2070 ut
2534 2015 2818 2086 templum
2867 2015 3139 2088 ingressi,
3178 2021 3351 2086 atque
3389 2017 3448 2072 in
3480 2019 3673 2075 cinere
3705 2025 3761 2076 et

2112 2104 2320 2166 saccis,
2353 2120 2418 2158 ac
2449 2120 2730 2175 perquam
2779 2104 3032 2159 demisse
3064 2107 3120 2159 et
3163 2105 3386 2176 abjecte
3432 2106 3491 2161 in
3539 2111 3754 2163 terram

2113 2191 2454 2266 prostrati“
2494 2193 2769 2264 quoniam
2803 2194 2924 2264 agri
2949 2192 3256 2248 sterilitate
3285 2194 3485 2249 afﬂicti
3519 2195 3756 2268 fuerint,

2112 2299 2178 2338 ac
2209 2282 2508 2337 sublatum
2554 2282 2625 2336 de
2673 2282 2846 2336 domo
2895 2281 3124 2336 Domini
3165 2282 3418 2338 libamen
3451 2288 3506 2339 ct
3536 2285 3758 2341 sacriﬁ-

2111 2370 2290 2435 cium,
2323 2369 2654 2425 humilitate
2688 2369 3146 2425 misericordiam
3178 2371 3496 2428 attrahant.

2185 2460 2295 2516 LX.
2331 2459 2479 2526 Quid
2531 2464 2723 2514 autem
2768 2459 3083 2515 Habacuc?
3111 2459 3217 2514 Hic
3267 2460 3504 2532 quidem
3556 2462 3762 2518 acriori

2113 2549 2284 2604 etiam
2320 2549 2582 2604 oratione
2606 2547 2810 2617 utitur,
2836 2553 3009 2619 atque
3041 2549 3318 2604 adversus
3349 2549 3532 2606 Deum
3567 2552 3763 2623 ipsum

2115 2639 2535 2704 stomachatur,
2553 2653 2616 2692 ac
2639 2636 2959 2708 benignum
2990 2637 3304 2692 Dominum
3338 2643 3571 2710 propter
3597 2640 3763 2696 Judi-

2115 2745 2245 2783 cum
2278 2727 2649 2799 iniquitatem
2682 2726 2836 2780 velut
2885 2724 3242 2782 clamoribus
3289 2727 3644 2800 insequitur,
3674 2730 3761 2785 di-

2115 2836 2252 2875 cens
2285 2835 2296 2872 :
2335 2819 2634 2890 Usquequo,
2665 2817 2908 2886 Domine,
2939 2817 3211 2883 clamabo,
3245 2820 3297 2871 et
3325 2834 3434 2872 non
3463 2820 3767 2876 exaudies?

2113 2908 2463 2977 vociferabor
2493 2908 2769 2977 injuriam
2796 2907 3036 2976 patiens,
3059 2911 3110 2960 et
3138 2923 3250 2961 non
3273 2908 3557 2963 :alvabis?
3587 2911 3766 2977 Quare

2111 2998 2408 3054 ostendisti
2435 2995 2574 3050 mihi
2607 2995 2815 3049 labores
2840 2997 2889 3049 et
2919 3012 3196 3050 mrumnas
3217 2999 3242 3047 .9
3292 2996 3471 3051 videre
3499 2999 3761 3068 afﬂictio-

2111 3103 2237 3141 nem
2292 3087 2341 3139 et
2388 3083 2776 3155 impietatem?
2827 3083 2886 3137 In
2934 3088 3219 3154 conspectu
3268 3100 3384 3140 meo
3428 3087 3634 3156 factum
3685 3095 3767 3142 est

359 3169 601 3231 εναντίας
683 3190 785 3241 μου
858 3171 1050 3246 γέγονε
1120 3173 1230 3244 (62)
1287 3171 1464 3246 κρίσις
1501 3215 1514 3240 ,
1566 3172 1656 3226 καὶ
1726 3173 1754 3227 ὁ
1813 3175 2002 3248 κριτὴς

2127 3174 2400 3238 iudicium,
2432 3181 2484 3228 et
2493 3172 2668 3244 judea:
2698 3174 2858 3242 capit.
2912 3174 3139 3243 Propter
3185 3172 3286 3227 hoc
3331 3172 3646 3243 dissipatam
3688 3182 3768 3230 est

358 3253 628 3331 λαμϐάνει
662 3303 676 3318 .
728 3258 822 3313 Διά
876 3264 1035 3315 τοῦτο
1095 3257 1458 3315 διεσκέδασται
1520 3261 1685 3334 νόμος
1719 3307 1731 3331 ,
1790 3262 1879 3316 καὶ
1939 3262 2000 3318 ού

2114 3265 2220 3334 (ex,
2269 3267 2323 3319 et
2368 3280 2479 3316 non
2529 3263 2776 3332 pervenit
2826 3278 2997 3332 usque
3041 3261 3110 3315 ad
3157 3261 3322 3330 ﬁnem
3359 3263 3640 3334 judicium
3696 3263 3760 3320 ‘5.

357 3325 655 3422 διεξάγεται
713 3347 790 3410 εἷς
845 3347 1005 3410 τέλος
1059 3348 1233 3424 κρίμα
1266 3394 1277 3405 .
1337 3349 1467 3404 Εἶτα
1520 3352 1554 3420 ἡ
1587 3325 1852 3421 ἀπειλὴ,
1909 3352 1998 3406 καὶ

2127 3353 2332 3408 Deinde
2380 3349 2790 3414 comminatio;
2840 3365 2904 3404 ac
2954 3350 3251 3422 deinceps,
3304 3351 3482 3407 Videte
3526 3360 3767 3407 contem-

352 3437 418 3492 τὰ
463 3437 549 3492 ἐπί
607 3435 843 3499 τούτοις·
895 3435 1095 3506 Ἴδετε,
1155 3439 1208 3492 οἱ
1264 3439 1687 3517 καταφρονηταὶ,
1747 3440 1836 3495 καὶ
1886 3441 2002 3497 ἐπι-

357 3522 634 3600 ϐλέψατε,
691 3525 781 3581 καὶ
841 3527 1146 3598 θαυμάσατε
1198 3527 1467 3600 θαυμάσια
1524 3531 1659 3603 (63),
1717 3528 1806 3583 καὶ
1865 3530 2002 3608 ἀφα-

353 3614 590 3687 νίσθητε,
652 3613 790 3670 διότι
850 3614 1003 3691 ἔργον
1065 3615 1174 3690 ἐγὼ
1235 3615 1580 3691 ἐργάζομαιο
1639 3619 1738 3673 Καὶ
1793 3619 1845 3673 τί
1891 3621 2001 3694 χρὴ

354 3704 521 3760 πάντα
579 3703 852 3782 ἐπιφέρειν
911 3706 976 3758 τὰ
1046 3711 1146 3774 τῆς
1214 3705 1444 3774 ἀπειλῆς
1505 3724 1518 3774 ;
1583 3704 1758 3763 Ἀλλά
1812 3707 2002 3783 μικρὸν

354 3792 652 3870 ἔμπροσθεν
713 3796 846 3866 (64)·
907 3797 1066 3848 τοῦτο
1126 3791 1226 3870 γάρ
1281 3816 1373 3866 μοι
1408 3793 1558 3850 δοκεῖ
1619 3795 1833 3872 βέλτιον
1871 3797 2002 3851 εἶναι

353 3885 661 3959 προσθεῖναι
721 3886 832 3958 (65)
873 3887 990 3944 τοῖς
1043 3882 1376 3958 εἰρημένοις·
1437 3883 1685 3948 πολλοὺς
1743 3886 2004 3942 ἀνακαλε-

355 3971 585 4045 σάμενος
642 3972 734 4027 καὶ
793 3969 1283 4044 ἀποκλαυσάμενος
1331 3977 1438 4028 τῶν
1517 3974 1639 4049 περὶ
1696 3997 1747 4030 τι
1807 3974 2002 4031 ἀδίκων

353 4061 441 4115 καὶ
491 4064 777 4132 πονηρῶν,
833 4059 992 4121 τέλος
1042 4060 1390 4132 ἀνακαλεῖται
1442 4064 1552 4135 (66)
1598 4063 1687 4118 καὶ
1735 4063 1860 4126 τοὺς
1905 4073 2004 4135 τῆς

361 4149 668 4226 μοχθηρίας
700 4146 977 4224 ἡγεμόνας
1004 4147 1096 4202 καὶ
1145 4146 1524 4224 διδασκάλους,
1568 4152 1875 4228 ἀνατροπὴν
1914 4156 2008 4228 μὶν

2111 3448 2315 3514 ptores,
2347 3449 2396 3496 et
2425 3441 2695 3510 respicite,
2727 3439 3098 3493 admirami-ni
3136 3439 3444 3505 mirabilia,
3478 3449 3529 3494 et
3556 3441 3766 3512 disper-

2113 3533 2333 3594 dimini,
2356 3532 2484 3602 quia
2516 3545 2646 3599 opus
2674 3544 2767 3599 ego
2789 3544 2983 3600 operor
3003 3529 3067 3581 ³⁸.
3086 3529 3195 3583 Sed
3230 3529 3371 3599 quid
3401 3533 3581 3584 totam
3606 3530 3765 3584 illam

2114 3619 2628 3677 comminationem
2683 3617 3040 3688 subjungere
3092 3634 3321 3672 necesse
3359 3617 3498 3672 est?
3553 3619 3765 3673 Verum

2114 3709 2288 3782 paulo
2322 3707 2606 3773 ulterius;
2643 3707 2749 3760 hoc
2781 3705 2935 3760 enim
2978 3705 3121 3760 mihi
3153 3707 3341 3760 satius
3382 3722 3510 3761 esse
3538 3708 3769 3763 videtur

2114 3800 2183 3854 ad
2208 3815 2273 3852 ea
2297 3815 2421 3868 qua:
2447 3796 2600 3849 dicta
2618 3799 2757 3849 sunt
2778 3796 3136 3866 adjungere:
3167 3811 3297 3848 cum
3326 3793 3540 3849 multos
3561 3812 3764 3850 eorum

2114 3888 2212 3960 qui
2245 3887 2304 3940 in
2338 3902 2398 3942 re
2422 3887 2521 3940 43
2541 3884 2739 3955 aliqua
2770 3884 3018 3954 improbi
3053 3887 3110 3937 et
3141 3882 3326 3954 iniqui
3360 3887 3545 3950 erant,
3573 3884 3768 3955 appel-

2114 3978 2296 4033 lasset
2342 3990 2409 4029 ac
2458 3973 2807 4040 deflevisset,
2841 3972 2908 4026 ad
2962 3975 3285 4026 extremum
3331 3971 3491 4042 ipsos
3538 3989 3767 4045 quoque

2114 4063 2511 4137 improbitatis
2543 4063 2718 4116 duces
2766 4064 2822 4115 et
2870 4059 3178 4133 magistros
3222 4059 3494 4132 appellat,
3528 4061 3765 4116 subver-

2117 4156 2340 4212 sionem
2375 4151 2613 4224 quidem
2644 4149 2940 4204 turbidam
2975 4165 3040 4205 ac
3081 4149 3296 4204 mentis
3337 4148 3679 4206 ebrietatem
3711 4154 3768 4206 et

423 4265 470 4301 ³⁸
491 4265 679 4345 Miqh._
701 4265 891 4345 In,_1f)_
919 4280 1081 4345 seqq.
1123 4265 1194 4345 Διθ
1223 4265 1393 4321 Mich.
1429 4283 1525 4336 v11,
1557 4269 1610 4323 3.
1689 4269 1733 4304 ⁴¹
1767 4270 1921 4326 Psal.
1953 4290 2006 4345 χ,

2174 4271 2218 4305 ⁴²
2251 4266 2373 4324 Josl
2418 4283 2456 4337 ι,
2491 4265 2576 4320 13.
2656 4265 2701 4298 ⁸³
2731 4263 2875 4319 ibid.
2911 4264 2994 4318 14.
3073 4265 3118 4297 ⁴⁴
3145 4265 3255 4320 Isa.
3290 4279 3442 4320 Lvm.
3483 4265 3518 4320 5
3591 4265 3636 4300 ‘5
3666 4265 3769 4320 Ha-

357 4337 480 4420 bac.
514 4337 708 4406 1,2-4.
781 4337 825 4372 ὀδ
854 4335 996 4391 ibid.
1030 4337 1083 4405 5,
1116 4337 1169 4392 6.

579 4451 1016 4527 Κατορθούντων.
1057 4475 1084 4527 ιι
1113 4453 1221 4518 Qui
1253 4455 1568 4527 corrigant,
1605 4479 1625 4506 ιι
1674 4463 1738 4513 ut
1767 4459 1826 4514 in
1860 4460 2003 4515 LXX

355 4525 896 4599 N0bilius._l‘iempe
927 4547 954 4576 «
989 4525 1090 4596 qui
1121 4525 1534 4599 corrigantfse,
1568 4550 1587 4575 ι
1641 4530 1727 4584 vel
1761 4553 1788 4580 ‹‹
1822 4531 2002 4586 vitam

360 4613 552 4672 suam.
588 4619 610 4645 ι
638 4597 768 4672 (Non
797 4596 952 4653 enim
988 4596 1356 4672 prophetaiet
1386 4597 1713 4670 theologus,
1754 4603 1824 4657 de
1855 4620 1999 4672 prae-

358 4668 773 4742 latis_tantum,
807 4685 1058 4742 quorum
1099 4673 1188 4724 est
1234 4668 1379 4725 alios
1411 4668 1738 4742 corrigere;
1791 4668 1891 4729 sed
1939 4676 2010 4730 de
2040 4676 2087 4740 D

359 4738 636 4812 omnibus
666 4738 902 4812 omnino
934 4740 1275 4812 loquuntur.

429 4813 540 4882 (53)
553 4808 960 4888 -ᾙπιφυλλίδα,
993 4808 1104 4888 _lta
1126 4811 1449 4888 Scriptura
1478 4818 1691 4882 textus,
1725 4821 1782 4870 et
1809 4832 2013 4872 omnes

362 4879 531 4939 mss.'
553 4879 791 4938 Male'in
826 4885 952 4939 Par.
990 4879 1313 4937 ἐκωυλλίδα.

433 4955 543 5027 154)
573 4954 663 5015 Ὦς
696 4976 724 5004 ‹‹
758 4955 1094 5027 Tanquam,
1122 4954 1311 5026 quasi.
1350 4976 1377 5003 »
1409 4954 1557 5009 Bibl.
1593 4976 1622 5004 «
1653 4956 1955 5012 nimirum.
1987 4980 2013 5006 η

399 5026 549 5111 ~(:55)
603 5031 833 5098 Θρῆνον.
895 5026 1013 5081 Duo
1074 5026 1250 5098 Regg.
1313 5029 1549 5100 θρηνεῖν.
1610 5027 1811 5083 Comb.
1882 5029 2016 5101 θρη·

359 5117 491 5153 νων.

432 5169 544 5243 (56)
596 5167 695 5243 Καὶ
737 5166 878 5243 rebs
924 5167 1297 5243 τῷ,ἀγιάζεινο
1351 5170 1493 5224 Tres
1538 5169 1720 5243 Regii.
1769 5176 2018 5243 quatuor

358 5237 546 5314 Qolb.,
578 5241 697 5314 duo
728 5237 903 5314 Geisl.
939 5237 1198 5314 πρὸςτό.
1253 5242 1320 5296 At
1369 5257 1470 5312 pro
1527 5237 1804 5314 ἁγιάζεινξ
1837 5242 2016 5296 iidem

362 5313 538 5384 Regg.
578 5308 818 5384 habent,
851 5307 1023 5384 ἄγειν.

432 5381 545 5452 (57)
580 5381 1041 5452 Σάκκοιςκαοὶει.
1077 5383 1128 5437 1:
1161 5383 1364 5452 σάκκῳ.

581 5447 926 5525 ’Δμϐακούμ.
965 5459 1100 5526 Reg.
1135 5454 1172 5519 Ι,
1217 5447 1554 5524 ’Δϐϐακούμη

434 5527 548 5598 (59)
581 5529 858 5598 Χρηστοῦ.
883 5526 976 5582 Sic
1007 5527 1205 5580 decem
1232 5527 1434 5598 Regg.,
1461 5532 1680 5596 septem
1713 5526 2019 5592 Colb.,duo

377 5597 555 5653 COisl.
592 5597 667 5670 ln_
688 5599 981 5670 Par._vero
1010 5600 1262 5670 Χριστοῦ.

439 5670 554 5739 (60)
609 5667 980 5739 Εἰσακούσεις.
1058 5667 1320 5733 Quatuor
1397 5668 1587 5739 Regii,
1667 5672 1811 5739 tres_
1859 5667 2017 5739 Colb.

363 5739 466 5795 Jes
497 5737 716 5798 habent
761 5738 1064 5804 εἴσακούση.
1113 5740 1226 5798 Alii
1283 5756 1426 5813 pene
1476 5737 1718 5797 totidem
1771 5737 2022 5794 εἰσακού-

371 5830 492 5885 «ac.

2183 4458 2295 4529 (61)
2325 4453 2466 4529 Ἐπί.
2503 4454 2838 4529 Ριιιιδροείιίο
2869 4452 2990 4529 haec
3025 4453 3204 4529 deest
3252 4454 3311 4508 in
3358 4454 3548 4510 tribus
3604 4455 3770 4527 Reg,

2113 4524 2471 4600 septholb”
2505 4525 2677 4600 Coisl.
2714 4526 2852 4600 1,_et
2881 4524 2976 4600 Or_.

2184 4593 2296 4671 (62)
2329 4600 2542 4671 Γέγονε.
2579 4597 2740 4671 Unus
2772 4596 2912 4671 Reg.
2946 4593 3179 4671 ἐγένετο.

2191 4665 2305 4743 (63)
2360 4665 2455 4723 Καί
2504 4665 3147 4743 θαυμάσατε-θαυμάσια.
3199 4668 3294 4743 Sig
3354 4668 3513 4732 LXX,
3566 4669 3769 4743 decem

2122 4738 2323 4815 Re'ggg,
2355 4759 2456 4796 sex
2485 4740 2666 4815 Go_lb.._,
2700 4738 2868 4793 Cois].
2905 4741 2957 4815 1,
2991 4744 3048 4793 et
3078 4744 3239 4794 Pass.
3266 4740 3328 4792 In
3358 4744 3489 4794 Par.
3512 4757 3647 4794 vero
3678 4741 3770 4795 ed.

2124 4806 2450 4886 θαυμάσατε,
2472 4810 2572 4886 ⁵καὶ
2604 4807 2750 4886 ἴδετε.
2776 4806 3065 4886 θαυμάσια.

2196 4879 2309 4956 (64)
2368 4880 2542 4938 Ἀλλὰ
2603 4881 2791 4955 μικρὸν
2856 4879 3180 4956 ἔμπροσθεν.
3233 4902 3261 4930 ‹‹
3331 4879 3542 4956 Verum
3599 4879 3771 4950 paulo

2126 4950 2372 5011 ulterius
2400 4977 2413 5010 :
2452 4977 2478 5003 η
2511 4956 2563 5008 id
2597 4950 2711 5019 est,
2738 4976 2766 5003 ‹‹
2800 4950 2981 5022 anlo'
2999 4958 3164 5022 post;
3220 4973 3247 4999 ››
3296 4955 3354 5004 et
3385 4950 3479 5005 hic
3526 4957 3614 5005 est
3643 4968 3773 5006 vere

2127 5045 2336 5083 sensus
2368 5027 2545 5096 hujus
2578 5026 2749 5097 vocis,
2775 5021 3077 5097 ἔμπροσθεν
3112 5028 3174 5076 ut
3209 5026 3362 5097 patet
3393 5038 3476 5097 ex_
3492 5023 3772 5097 orationis

2129 5100 2296 5155 serie.
2331 5093 2466 5164 Quae
2513 5096 2669 5152 enim
2720 5093 2987 5164 adiungit
3015 5112 3083 5149 ex
3126 5093 3406 5164 propheta
3437 5093 3772 5164 Gregorius,

2127 5189 2244 5226 non
2279 5171 2630 5242 praecedunt,
2655 5170 2751 5222 sed
2782 5169 3230 5242 subsequuntur
3249 5181 3315 5242 ea
3337 5180 3464 5234 qum
3486 5168 3650 5242 prius
3674 5182 3776 5236 po-

2127 5237 2345 5309 suerat,
2365 5257 2496 5295 cum
2529 5242 2999 5294 desumanturex
3024 5254 3075 5291 c.
3104 5253 3163 5289 ιι.
3190 5237 3402 5309 Habac.
3427 5237 3618 5307 priora
3642 5253 3775 5292 vero

2128 5314 2188 5369 in
2220 5329 2266 5368 ο.
2303 5307 2342 5379 ι,
2366 5310 3010 5393 Iep‘eriantur.‘l§odem
3042 5323 3229 5393 sensu.
3276 5307 3384 5393 hac
3427 5323 3561 5393 voce
3591 5309 3777 5390 utitur

2127 5378 2335 5455 Apost.
2365 5378 2610 5453 Philipp.
2645 5382 2857 5455 111,14.
2886 5380 3012 5434 Non
3042 5380 3186 5455 bene
3217 5378 3399 5449 igitur
3431 5378 3651 5455 Billius,
3677 5379 3778 5450 qui

2127 5451 2322 5520 vertit,
2358 5476 2383 5504 «
2417 5451 2629 5508 Verum
2663 5453 2818 5506 enim
2852 5469 2986 5505 vero
3017 5451 3319 5520 aliquanto
3353 5453 3506 5504 ante.
3537 5471 3564 5498 ››

2199 5527 2311 5598 (65)
2366 5526 2702 5600 Προσθεῖναι.
2773 5523 2862 5578 Sic
2921 5523 3118 5595 plures
3175 5523 3347 5592 Regg.
3411 5521 3544 5588 Alii,
3608 5540 3778 5593 προσ-

2129 5599 2306 5652 θῆναμ

2185 5631 2311 5740 ’(66)
2340 5662 2733 5740 Ἀνακαλεῖται.
2767 5665 2964 5740 Cpmb.
3000 5688 3027 5714 «
3060 5663 3362 5734 inclamat,
3395 5663 3648 5734 quadam
3675 5681 3775 5720 vo-

2131 5736 2215 5796 cis
2245 5738 2616 5796 contentione
2644 5736 2918 5810 appellat.
2954 5758 2982 5786 »
