4152 6286
353 478 473 541 667

1593 473 1655 535 S.
1709 473 2081 535 GREGORII
2127 472 2524 536 THEOLOGI

3651 473 3771 537 468

355 610 473 667 ritu
503 607 785 682 praeditus
816 610 923 664 est.
962 607 1074 665 Nos
1116 611 1314 664 autem
1356 622 1646 677 veremur,
1679 622 1773 673 ne,
1796 605 1845 661 si
1877 622 2009 660 cum

2140 603 2269 679 ταρὰ
2312 604 2561 674 τούτους,
2615 605 2690 676 μὴ
2746 602 2923 678 μωροί
2970 624 3113 667 τινες
3166 605 3312 678 ὦμεν
3360 602 3622 681 ἄρχοντες
3669 608 3775 661 Τά-

354 699 473 756 illis
502 714 929 769 comparemur,
962 696 1126 752 stulti
1157 695 1395 768 quidam
1446 695 1740 768 principes
1788 699 2010 750 Taneos

356 788 545 845 simus
568 788 636 858 ⁸⁵,
655 790 756 843 aut
785 791 1080 842 exactores
1131 786 1325 858 spicas
1370 785 1649 857 legentes,
1684 788 1784 839 aut
1822 801 2011 856 popu-

356 876 480 933 lum
512 876 658 933 ialso
710 878 949 932 beatum
989 876 1249 932 dicentes
1270 876 1341 942 ²⁶;
1375 874 1588 931 addam
1635 873 1810 929 etiam
1860 872 2013 928 beati

358 966 518 1033 dicti,
561 970 620 1021 et
670 966 885 1037 pedum
938 968 1266 1021 vestrorum
1313 964 1468 1019 viam
1530 963 1879 1018 turbantes:
1914 967 2015 1017 aut

360 1055 633 1111 illusores
666 1054 1036 1110 dominantes
1060 1055 1125 1124 2",
1161 1059 1261 1108 aut
1286 1053 1527 1122 juvenes
1557 1052 1850 1107 antistites
1875 1052 1919 1085 ²⁸
1951 1068 2014 1106 ac

357 1143 674 1218 prudentia
704 1144 947 1199 minime
980 1142 1190 1213 adulti,
1223 1159 1294 1197 ne
1323 1158 1535 1214 panem
1568 1141 1806 1212 quidem
1838 1143 1892 1195 et
1922 1157 2013 1196 ve-

360 1234 706 1290 stimentum
727 1234 792 1300 ’9,
826 1233 897 1287 ad
930 1230 1039 1287 hoc
1074 1235 1137 1286 ut
1179 1231 1530 1303 quibusdam
1564 1231 1836 1303 regendis
1868 1247 2012 1301 pra:-

360 1324 568 1393 simus,
605 1323 913 1389 habentes;
960 1326 1063 1377 aut
1094 1320 1389 1394 propheta:
1420 1319 1625 1392 iniqua
1657 1321 1928 1375 docentes
1948 1320 2013 1370 3°,

363 1416 467 1469 aut
507 1411 803 1484 principes
847 1410 1271 1478 inobedientes,
1302 1412 1359 1464 et
1388 1409 1548 1480 digni
1580 1408 1679 1479 qui
1729 1425 1863 1464 cum
1912 1426 2014 1480 pa-

360 1499 493 1557 triis
523 1500 595 1556 ob
629 1499 802 1556 famis
833 1499 1110 1555 duritiam
1134 1500 1176 1533 ³¹
1209 1497 1360 1554 male
1404 1499 1735 1554 audiamus.
1769 1501 1885 1553 Aut
1922 1514 2017 1552 sa-

362 1590 626 1646 cerdotes
653 1588 824 1659 longe
854 1589 925 1643 ab
958 1604 1023 1643 eo
1056 1588 1288 1657 remoti,
1321 1591 1386 1642 ut
1416 1588 1486 1643 ad
1520 1603 1618 1643 cor
1655 1586 2017 1642 Hierusalem

364 1678 768 1751 loquamur”,
800 1694 929 1748 qua:
977 1678 1177 1732 omnia
1223 1676 1427 1743 Isaias,
1456 1692 1559 1747 per
1607 1674 1912 1747 Seraphim
1962 1678 2019 1730 et

361 1767 677 1824 carbonem
725 1769 1012 1839 purgatus
1033 1766 1099 1834 ³³,
1135 1765 1375 1837 pulchre
1424 1765 1754 1836 exprobrat,
1786 1768 1843 1820 et
1881 1781 2017 1820 con-

362 1860 634 1913 testatur.

434 1944 600 2001 LVII.
634 1945 751 2044 Sed
780 1944 1027 2000 fortasse
1057 1946 1288 2044 tantum
1322 1942 1556 2013 quidem
1591 1946 1679 2044 est
1709 1942 1817 1999 hoc
1848 1959 2019 2015 opus,
2053 1979 2100 2044 B

364 2041 606 2106 tamque
638 2033 953 2090 molestum
993 2037 1050 2088 et
1088 2031 1447 2087 laboriosum
1481 2032 1639 2085 cordi
1670 2048 1846 2087 sensu
1880 2048 2021 2102 prae-

369 2125 512 2192 dito,
528 2128 587 2179 et
607 2121 895 2193 mcerenti,
910 2138 975 2178 ac
997 2136 1125 2177 vere
1144 2121 1302 2176 tinea
1320 2120 1543 2176 ossium
1560 2121 1607 2154 ³⁴
1626 2120 1748 2176 viro
1774 2120 2024 2192 pruden'

368 2214 437 2269 ti.
473 2212 688 2268 Verum
720 2228 964 2284 parvum
996 2215 1086 2266 est
1116 2208 1461 2282 periculum,
1487 2214 1585 2265 aut
1605 2226 1777 2265 casus
1808 2208 1949 2265 levis
1971 2218 2026 2269 et

370 2299 878 2358 contemnendus?
907 2302 983 2355 At
1018 2299 1311 2355 enimvero
1334 2314 1613 2370 magnum
1656 2298 1799 2353 mihi
1841 2304 2024 2355 terro-

368 2406 493 2447 rem
522 2390 819 2461 injiciunt,
851 2389 989 2444 hinc
1018 2388 1227 2443 beatus
1256 2392 1458 2454 Oseas,
1482 2388 1761 2443 adversus
1792 2405 1897 2443 nos
1930 2406 2024 2444 sa-

368 2481 633 2537 cerdotes
660 2484 717 2534 et
745 2479 1047 2550 praefectos
1067 2477 1359 2549 judicium
1389 2493 1517 2532 esse
1546 2478 1766 2546 dicens,
1793 2478 1928 2549 quia
1948 2479 2025 2534 la-

366 2586 556 2642 queus
586 2567 835 2641 speculae
867 2567 1004 2622 facti
1028 2583 1256 2634 sumus,
1282 2569 1337 2622 et
1367 2565 1534 2637 quasi
1570 2571 1688 2622 rete
1718 2572 2022 2623 extensum

366 2675 545 2731 super
579 2656 894 2729 ltabyrium
920 2656 986 2722 ³⁸,
1029 2655 1181 2727 quod
1217 2655 1288 2710 ab
1320 2655 1393 2711 iis
1426 2655 1605 2710 fixum
1649 2660 1756 2723 est,
1782 2657 1879 2727 qui
1914 2657 2022 2712 hu-

366 2763 575 2803 manas
605 2745 832 2801 animas
864 2749 1171 2809 venantur,
1198 2744 1593 2814 minitansque
1615 2762 1677 2800 se
1711 2746 2019 2815 facturum,

369 2840 436 2892 ut
481 2835 667 2891 malos
715 2834 1033 2906 prophetas
1064 2834 1405 2901 demetat“,
1439 2850 1503 2889 ac
1543 2833 1776 2904 judices
1820 2851 2022 2892 eorum

368 2926 505 2998 igne
536 2925 813 2979 absumat
834 2924 899 2993 ³⁷,
935 2931 1114 2995 seque
1157 2922 1458 2995 paulisper
1486 2922 1797 2991 contineat,
1833 2941 1905 2980 ne
1935 2943 2020 2981 re-

369 3030 473 3088 ges
504 3017 561 3069 et
590 3013 883 3085 principes
928 3016 1131 3083 ungat,
1165 3011 1443 3083 quoniam
1475 3013 1587 3068 sibi
1636 3012 1778 3085 ipsis
1808 3030 1873 3069 ac
1905 3031 2021 3070 non

373 3118 479 3175 per
507 3103 704 3174 ipsum
736 3104 1056 3174 regnarunt
1079 3101 1144 3154 ³⁸.

438 3189 630 3246 LVlIl.
654 3190 800 3245 Hinc
833 3194 1028 3246 autem
1051 3188 1284 3245 divinus
1316 3188 1593 3255 Micheas,
1625 3190 1763 3245 Sion
1793 3190 1852 3245 in
1884 3210 2017 3248 san-

372 3279 654 3352 guinibus
674 3278 947 3333 aedificari
967 3294 1083 3333 non
1112 3278 1323 3345 ferens,
1348 3278 1636 3334 utrumvis
1669 3280 2017 3352 sanguinem

2120 713 2277 763 νεως,
2309 694 2343 762 ἢ
2378 693 2675 769 πράκτορες
2723 693 3117 766 καλαμώμενοι
3150 696 3283 767 (37),
3317 694 3350 762 ἢ
3390 694 3774 768 μακαρίζοντες

2120 779 2213 835 τὸν
2247 780 2378 837 λαὸν
2431 779 2664 856 ψευδῶς⁸
2719 784 3015 858 προσθήσω
3066 780 3143 851 δὲ,
3188 784 3277 836 καὶ
3328 783 3775 858 μακαριζόμενοι,

2121 871 2210 924 καὶ
2240 872 2338 939 τὴν
2382 866 2567 947 τρίϐον
2611 875 2718 925 τῶν
2770 868 2952 925 ποδῶν
3003 872 3153 943 ὑμῶν
3203 873 3581 947 ταράσσοντεςο
3616 875 3649 943 ἢ
3680 873 3777 948 ἒμ-

2123 966 2343 1014 παῖκται
2377 960 2737 1035 κυριεύοντες,
2785 963 2819 1029 ἣ
2865 962 3133 1015 νεανίσκοι
3184 963 3478 1037 προστάται
3532 966 3642 1037 (38)
3682 963 3773 1019 καὶ

2126 1050 2333 1111 ἀτελεῖς
2382 1052 2477 1118 τήν
2531 1050 2812 1127 φρόνησιν,
2855 1048 2983 1123 μηδ’
3031 1049 3154 1104 ὅσον
3188 1052 3303 1124 (39)
3332 1052 3497 1126 ἄρτου
3525 1051 3613 1107 καὶ
3647 1054 3775 1125 ἱμα-

2123 1137 2240 1192 τίου
2270 1140 2404 1214 πρὸς
2447 1140 2508 1193 τὸ
2557 1138 2908 1214 καθηγεῖσθαί
2960 1160 3122 1194 τινων
3174 1140 3548 1216 εὐποροῦντες*
3584 1143 3616 1210 ἢ
3646 1163 3784 1217 προ-

2127 1234 2293 1305 φῆται
2352 1225 2695 1291 διδάσκοντες
2747 1230 2942 1302 ἄνομα.
3004 1230 3037 1297 ἣ
3084 1228 3348 1304 ἄρχοντες
3409 1229 3778 1303 ἀπειθοῦντες,

2124 1317 2213 1371 καὶ
2272 1322 2448 1379 κακῶς
2507 1317 2724 1372 ἀκούειν
2791 1319 2925 1391 μετὰ
2978 1322 3083 1373 τῶν
3164 1318 3404 1394 πατρίων
3465 1322 3578 1393 (40)
3637 1320 3779 1393 ἄξιοι

2128 1403 2216 1460 διὰ
2264 1405 2435 1478 λιμοῦ
2486 1405 2857 1481 σκληρότητα·
2889 1409 2922 1477 ἢ
2969 1408 3135 1483 ἱερεῖς
3180 1411 3277 1462 τοῦ
3326 1405 3515 1464 λαλεῖν
3570 1409 3644 1470 είς
3677 1411 3777 1479 τὴν

2126 1493 2346 1572 καρδίαν
2396 1495 2755 1571 Ἰερουσαλὴμ
2799 1496 3054 1552 πλεῖστον
3106 1496 3425 1572 ἀπέχοντες,
3476 1497 3509 1551 ’ἀ
3540 1497 3605 1567 δὴ
3653 1498 3786 1553 πάν-

2124 1606 2191 1640 τα
2220 1585 2247 1638 6
2278 1589 2357 1657 τῷ
2397 1587 2645 1664 Σεραφίμ
2693 1585 2781 1640 καὶ
2830 1590 2908 1658 τῷ
2954 1587 3173 1662 ἄνθρακι
3221 1587 3504 1663 καθαρθεὶς
3549 1589 3660 1661 (41)
3693 1589 3786 1644 Ἠ-

2129 1670 2280 1735 σαΐας
2311 1671 2556 1743 ὀνειδίζει
2588 1671 2772 1736 καλῶς
2799 1674 2887 1729 καὶ
2922 1676 3263 1750 μαθτῦρεται.

2203 1942 2318 1997 ΝΖ’.
2353 1941 2477 2015 ’¹Αρ’
2507 1937 2597 1994 οὖν
2629 1942 2691 1995 τὸ
2720 1942 2834 2013 (42)
2869 1939 2962 2013 μὶν
3013 1937 3170 2017 ἔργον
3218 1945 3494 2015 τοσοῦτον,
3544 1942 3635 1997 καὶ
3687 1943 3778 1998 οὕ-

2130 2052 2237 2091 τως
2270 2028 2525 2084 ἐπίπονον
2579 2033 2648 2104 τῇ
2694 2030 2981 2104 αἶσθητικῇ
3029 2029 3221 2106 καρδίᾳ
3267 2032 3357 2085 καὶ
3406 2032 3646 2106 λυπηρᾷ,
3690 2035 3780 2088 καὶ

2133 2115 2304 2181 ὅντως
2354 2120 2452 2188 σὴς
2502 2118 2700 2174 ὀστέων
2750 2124 2828 2192 τῷ
2874 2141 2937 2194 γε
2982 2123 3106 2174 νοῦν
3154 2117 3359 2194 ἔχοντι.
3410 2123 3622 2198 Μικρὸς
3663 2120 3719 2177 δὲ
3752 2124 3780 2178 6

2132 2206 2547 2277 κίνδυνος,ἣτὸ
2594 2213 2793 2282 πτῶμα
2850 2208 3313 2286 εὐκαταφρόνητον
3375 2230 3387 2279 ;
3449 2210 3624 2266 Ἀλλά
3684 2234 3779 2285 μοι

2132 2296 2305 2352 πολὺν
2365 2297 2755 2353 ἐπανατείνεται
2834 2292 2999 2376 φόϐον
3056 2296 3199 2353 ἔνθεν
3273 2298 3365 2372 μὲν
3425 2301 3453 2354 6
3514 2301 3777 2376 μακάριος

2133 2388 2312 2458 Ὠσηὲ,
2363 2387 2499 2463 πρὸς
2530 2389 2679 2460 ἡμᾶς
2739 2386 2869 2441 εἶναι
2917 2388 2979 2442 τὸ
3026 2388 3196 2462 κρίμα
3244 2386 3422 2464 λέγων
3457 2389 3583 2452 τοὺς
3612 2391 3776 2465 ἱερεῖς

2130 2479 2221 2531 καὶ
2276 2476 2403 2538 τοὺς
2459 2477 2749 2552 ἄρχοντας.
2809 2474 2891 2531 ὅτι
2950 2476 3109 2539 παὸῖς
3164 2477 3488 2553 ἐγενήθημεν
3537 2483 3604 2553 τῇ
3650 2501 3774 2534 σκο-

2131 2570 2230 2636 πιᾷ
2259 2568 2393 2639 (43),
2438 2565 2526 2619 καὶ
2579 2566 2651 2627 ὡς
2700 2562 2912 2620 δίκτυον
2963 2567 3310 2640 ἐκτεταμένον
3359 2567 3445 2621 ἐπὶ
3474 2570 3537 2623 τὸ
3567 2563 3775 2623 Ἰταϐυ-

2133 2676 2246 2732 ριον
2282 2658 2417 2729 (45),
2450 2656 2478 2709 ὃ
2510 2657 2929 2730 καταπεπῆχθαι
2977 2657 3090 2728 (45)
3129 2656 3229 2709 ὑπὸ
3276 2660 3384 2709 τῶν
3438 2657 3778 2731 ἀνθρωπίνας

2130 2744 2463 2820 ἀγρευόντων
2493 2744 2695 2819 ψυχὰς,
2731 2744 3067 2819 ἀποθερίζειν
3122 2747 3232 2818 (46)
3277 2765 3333 2799 τε
3387 2744 3510 2806 τοὺς
3540 2743 3782 2821 φαύλους

2129 2834 2367 2889 ἀπειλῶν
2418 2835 2722 2910 προφήτας,
2753 2833 2841 2887 καὶ
2890 2832 3018 2909 πυρὶ
3064 2835 3178 2907 (47)
3208 2830 3615 2887 καταναλίσκειν
3647 2834 3779 2896 τοὺς

2129 2923 2313 3000 κριτὰς
2345 2922 2538 2990 αὐτῶν,
2573 2922 2770 2999 ἐφέξειν
2814 2924 2926 2996 (48)
2964 2943 3022 2975 τε
3074 2920 3266 2998 μικρὸν
3315 2926 3411 2976 τοῦ
3466 2921 3645 2997 χρίειν
3682 2922 3776 2997 βα-

2130 3010 2283 3067 σιλέα
2313 3012 2400 3065 καὶ
2434 3012 2717 3086 ἄρχοντας⁹
2753 3010 2833 3064 ὅτι
2885 3011 3094 3072 ἑαυτοῖς
3143 3006 3512 3085 ἐϐασίλευσαν,
3557 3010 3683 3068 ἀλλ’
3716 3012 3778 3067 οὐ

2130 3098 2199 3155 δι’
2229 3099 2413 3156 αὐτοῦ.

2198 3191 2329 3247 ΝΗ’.
2363 3190 2549 3244 Ἔνθεν
2602 3186 2659 3243 δὲ
2704 3189 2732 3242 6
2766 3193 2906 3252 θεῖος
2959 3188 3197 3263 Μιχαίας
3243 3188 3304 3243 οὐ
3350 3188 3526 3266 φέρων
3564 3188 3780 3245 οἰκοδο-

2136 3280 2413 3353 μουμένην
2468 3279 2609 3332 Σιὼν
2658 3277 2709 3332 ἐν
2762 3275 3003 3350 α’ίμασιν,
3056 3277 3339 3354 ὁποτέροις
3393 3277 3603 3353 βούλει,
3691 3278 3779 3333 καὶ

368 3346 745 3434 intellexeris,
779 3371 835 3422 et
863 3365 1224 3422 Hierusalem
1273 3365 1333 3420 in
1375 3366 1702 3438 injustitiis,
1734 3346 2018 3438 prafectis

2140 3364 2497 3443 Ἰερουσαλὴμ
2524 3366 2574 3420 ἐν
2628 3364 2884 3435 ἀδικίαις,
2933 3370 3039 3419 τῶν
3072 3346 3403 3440 ἡγουμένων.
3448 3365 3615 3436 αὐτῆς
3649 3368 3784 3439 μετᾶ

369 3455 652 3512 nimirum
690 3456 819 3526 ejus
878 3455 979 3512 42
1030 3454 1088 3507 in
1136 3454 1480 3509 muneribus
1519 3456 1939 3529 iudicantibus,
1973 3462 2031 3514 ct

371 3544 776 3603 sacerdotibus
815 3543 948 3615 ejus
974 3542 1238 3598 mercede
1270 3545 1783 3615 respondentibus,
1812 3552 1869 3602 et
1895 3565 2027 3617 pro-

377 3635 571 3707 phetis
602 3634 662 3689 in
711 3633 957 3705 pecunia
989 3631 1389 3687 divinantibus
1413 3678 1425 3701 ,
1458 3649 1559 3704 pro
1591 3634 1805 3705 quibus
1854 3636 2026 3694 rebus

373 3724 516 3796 quid
552 3724 864 3779 futurum?
894 3737 1102 3793 nempe
1135 3724 1195 3776 ut
1240 3720 1375 3776 Sion
1408 3722 1574 3792 quasi
1623 3740 1760 3795 ager
1807 3729 2024 3797 aretur,

372 3819 431 3870 et
459 3812 824 3869 Hierusalem
878 3815 943 3867 ut
990 3826 1295 3881 pomorum
1327 3812 1593 3867 custodia
1624 3813 1722 3881 sit,
1755 3819 1810 3870 et
1858 3833 2026 3872 mons

2141 3454 2330 3530 δώρων
2384 3455 2693 3531 κρινόντων,
2742 3454 2831 3507 καὶ
2879 3458 2987 3507 τῶν
3034 3454 3219 3528 ἱερέων
3274 3458 3467 3525 μισθοῦ
3498 3457 3609 3528 (49)
3648 3455 3782 3509 ἀπο-

2137 3544 2492 3623 κρινομένων,
2539 3542 2625 3597 καὶ
2667 3547 2773 3597 τῶν
2824 3546 3119 3619 προφητῶν
3175 3543 3309 3615 μετὰ
3352 3542 3609 3619 ἀργυρίου
3646 3566 3783 3619 μαν-

2135 3634 2468 3707 τευομένων·
2521 3631 2632 3694 ἀνθ’
2690 3632 2761 3685 ὧν
2812 3630 2865 3685 τί
2909 3633 3228 3706 γενήσεσθαι
3281 3633 3389 3705 (50)
3440 3652 3452 3701 ;
3505 3634 3647 3687 Σιὼν
3709 3633 3783 3697 ὡς

2136 3724 2300 3800 ἀγρὸν
2377 3723 2851 3798 ἀροτριαθήσεσθαι
2910 3724 3071 3796 (51),
3131 3720 3219 3776 καὶ
3290 3720 3652 3798 Ἰερουσαλὴμ
3709 3724 3785 3785 ὡς

2137 3811 2589 3891 ὀπωροφυλάκιον
2642 3808 2874 3879 ἔσεσθαι,
2933 3811 3024 3867 καὶ
3074 3812 3135 3865 τὸ
3189 3806 3316 3888 ὅρος
3363 3816 3458 3866 τοῦ
3509 3811 3658 3867 oi'xou
3709 3811 3786 3875 είς

442 3923 490 3957 ³⁸
522 3926 627 3977 lsa.
660 3937 774 3987 xm,
809 3921 895 3975 11.
973 3920 1017 3954 ²⁶
1047 3919 1159 3975 Isa.
1202 3936 1278 3987 Ix,
1329 3921 1413 3974 16.
1493 3922 1536 3955 ²⁷
1568 3923 1680 3978 Isa.
1716 3939 1800 3987 ιιι,
1835 3925 1918 3978 12.
1998 3926 2024 3959 ²¹

2140 3926 2217 3980 id.
2253 3926 2304 3978 4.
2383 3923 2429 3957 ²⁹
2460 3921 2605 3978 Ibid.
2640 3924 2694 3975 ’7.
2772 3922 2817 3956 ³ο
2849 3926 2963 3977 lsa.
3018 3939 3094 3986 ιιι,
3149 3921 3267 3974 15.’
3313 3921 3357 3957 ⁸1
3392 3920 3504 3977 Isa.
3534 3939 3660 3989 vm,
3692 3924 3783 3977 21.

375 3995 421 4029 ³³
456 3995 567 4049 Isa.
597 4011 689 4059 ιι,
720 3995 775 4047 2.
853 3992 897 4027 ³³
931 3991 1041 4047 lsa.
1091 4008 1168 4060 v1,
1218 3992 1274 4047 6.
1351 3993 1396 4027 ³⁴
1426 3996 1593 4049 Prov.
1642 4011 1758 4062 xxv,
1800 3996 1888 4050 30.
1966 3997 2010 4031 ⁸⁸

2140 4013 2171 4052 ε.
2220 4013 2273 4064 v,
2329 3994 2381 4065 4,
2429 3996 2487 4049 2.
2561 3994 2604 4027 ³⁸
2636 3993 2763 4050 Ose.
2820 4010 2895 4062 v1,
2946 3994 2999 4048 5.
3079 3993 3123 4026 ³⁷
3155 3990 3284 4048 Ose.
3316 4009 3414 4063 vn,
3444 3994 3500 4049 7.
3577 3994 3620 4028 ³⁸
3651 3994 3783 4051 Ose.

373 4081 496 4134 VIII,
526 4065 581 4120 4.

444 4179 559 4254 (37)
590 4173 1014 4254 Kalantbpeyoi:
1040 4200 1067 4227 ‹‹
1101 4179 1407 4254 Exactores
1447 4182 1520 4236 ad
1569 4181 1792 4253 spicam
1841 4200 2028 4254 usque

378 4250 715 4324 spoliantes,
744 4272 770 4297 »
807 4256 871 4324 u_t
898 4250 957 4304 in
990 4250 1064 4305 1s.
1100 4250 1296 4324 111,12.

448 4322 562 4395 (38)
589 4324 655 4375 ’Π
701 4318 963 4374 νεανίσκοι
1017 4318 1334 4394 προστάται.
1368 4344 1395 4372 ‹‹
1436 4324 1551 4378 Aut
1598 4324 1759 4395 pueri
1810 4325 2026 4396 princi-

376 4410 561 4536 Ρθῖἑρ)
591 4458 733 4531 Μηδ’
765 4459 910 4532 ὅσον,
938 4467 1057 4536 etc.
1077 4486 1104 4512 ‹‹
1138 4463 1219 4518 Ne
1263 4464 1499 4534 quidem
1530 4470 1759 4521 tantum
1807 4467 2025 4524 haben-

377 4534 485 4603 tes,
561 4540 808 4615 uantum
840 4535 983 4589 satis
1014 4534 1107 4590 sit.
1136 4557 1164 4584 »

450 4554 563 4680 (46)
593 4604 863 4680 πατρίων.
891 4628 918 4656 ‹‹
952 4608 1095 4680 ςιιτρ
1145 4623 1164 4677 ι

450 4608 563 4680 (40)
593 4608 863 4678 Ηατρίων.
891 4628 918 4656 ‹‹
952 4608 1095 4671 Cum
1145 4608 1425 4677 paternis,
1481 4608 1719 4663 familiis
1748 4630 1776 4660 »
1810 4609 2025 4666 scilicet

381 4683 548 4763 «naut
576 4677 884 4750 capitibus.
908 4696 934 4728 ι)
962 4676 1216 4749 Vulgata
1246 4682 1300 4733 et
1330 4678 1501 4734 Hebr.
1529 4702 1555 4729 ‹‹
1588 4680 1709 4737 Diis
1744 4686 1844 4736 aut
1869 4682 2025 4754 judi-

380 4752 563 4947 ωιέἳῗ)
593 4771 906 4895 ἰξαθαρθείς.
942 4820 1121 4893 Regg.
1156 4821 1276 4888 bm,
1310 4838 1356 4888 r,
1390 4838 1449 4889 ιι,
1477 4825 1596 4877 tres
1628 4822 1815 4891 Colb.,
1845 4825 1938 4879 Or.
1975 4825 2027 4893 1,

380 4914 448 4948 κα
485 4888 743 4952 αρισθείς.

452 4924 852 5039 (mimica
897 4958 979 5016 τό.
1014 4961 1107 5017 Sic
1156 4978 1358 5019 omnes
1408 4965 1600 5033 codd.;
1648 4963 1709 5017 τό
1759 4966 1921 5021 deest
1970 4966 2029 5020 in

382 5038 567 5179 ed(43)
728 5108 942 5189 σκοπιᾷ·
1007 5104 1337 5187 Delevimus
1375 5108 1888 5189 praepositionem,
1919 5106 2026 5189 hév,

384 5176 562 5253 quam
593 5176 655 5253 in
686 5176 880 5253 nullis
915 5178 1238 5253 reperimus
1288 5176 1609 5253 codicibus.
1645 5179 1769 5253 Non
1820 5179 2033 5253 legitur

384 5249 558 5308 etiam
591 5251 651 5304 in
687 5249 810 5321 ipso
855 5249 1163 5320 Scriptum
1192 5254 1374 5321 textu,
1407 5267 1513 5307 nec
1544 5251 1601 5307 in
1634 5251 1769 5305 edit.
1818 5249 2027 5306 Roma-

383 5341 479 5388 na,
512 5325 755 5388 Veneta,
788 5324 896 5375 etc.

455 5386 568 5468 (44)
601 5386 916 5468 Ἰταϐύριον.
953 5390 1549 5468 ThaborLut_habent
1578 5393 1833 5468 Hebraea,
1861 5394 2031 5468 Aqui-

382 5446 920 5538 l_a:—S_Iyr_n_mac‘bus.
957 5462 1145 5538 Codex
1188 5446 2029 5538 ΒωτδθέγήῦεῙὶιίίξηάέιὶηςῖὂρξε

387 5535 472 5591 ἐπὶ
516 5530 728 5608 Θᾶϐώρ.
778 5534 1016 5604 Joseph.
1046 5534 1332 5608 _/lntz'q.__l.
1365 5530 1432 5601 νζ
1453 5552 1501 5592 c.
1541 5538 1588 5607 1,
1623 5537 1796 5591 habet
1824 5530 2033 5588 Ἰταϐύ-

427 5628 525 5661 ιον.
559 5605 735 5662 Porro
768 5629 794 5656 ‹‹
830 5623 998 5662 mons
1042 5605 1100 5659 in
1148 5605 1402 5670 Galilaea,
1437 5630 1464 5656 ››
1513 5605 1581 5662 ut
1626 5609 1830 5664 scribit
1877 5608 2029 5663 Hier.

389 5627 489 5737 iib.
522 5697 562 5737 ι.
595 5679 804 5734 Comm.
850 5680 910 5732 in
961 5677 1089 5732 Osee
1117 5693 1165 5732 c.
1199 5695 1251 5737 ν.
1287 5684 1343 5733 et
1372 5679 1519 5733 libro
1571 5681 1643 5734 De
1679 5698 1823 5735 nom.
1860 5679 2029 5735 Hebr.

414 5680 489 5735 ib.
522 5697 562 5745 ι,
595 5679 804 5734 Comm.
850 5680 910 5732 in
961 5677 1089 5732 Osee
1117 5693 1165 5732 c.
1199 5695 1251 5744 ν,
1287 5684 1343 5733 et
1372 5679 1519 5733 libro
1571 5681 1643 5734 De
1679 5698 1823 5735 nom.
1860 5679 2029 5735 Hebr.

389 5776 417 5803 «
453 5766 798 5806 nemorosus
822 5748 957 5822 ille,
992 5749 1192 5822 inquo
1214 5766 1494 5822 aucupes
1541 5754 2030 5817 exercebantur,»

389 5822 641 5881 testibus
676 5819 872 5878 Grotio
928 5822 984 5876 et
1036 5819 1300 5891 Kimkhi;
1334 5819 1549 5896 quibus
1605 5823 1904 5879 Scholium
1958 5822 2030 5877 ad

2139 4181 2496 4253 oram.gcod_._
2513 4180 2606 4236 Or.
2630 4180 2694 4253 _i,
2730 4180 3053 4253 ascriptum
3081 4181 3527 4253 mirificei'avet.

2136 4254 2297 4329 ’ξορρς
2328 4250 2559 4329 ὑψηλὸν,
2594 4248 2735 4329 οὕτω
2765 4248 3284 4329 καλόόμενονὼμίαν
3317 4248 3445 4329 ἕχον
3493 4251 3699 4329 πηγὴν,
3733 4249 3783 4329 ἐν

2136 4327 2173 4393 ἦ
2201 4320 2462 4397 τὰ-θηρία
2491 4320 2828 4397 -.συνέρχεται
2875 4320 3047 4397 πίνειν
3097 4320 3268 4397 ίᾷδωρ.
3321 4320 3599 4397 Ἕστιλδὲ
3626 4322 3677 4397 ἐν
3717 4326 3785 4396 τῇ

2138 4390 2916 4470 residatquEven-E61ﬁpsuov
2975 4395 3042 4470 τὰ
3094 4390 3252 4470 ὄρνεα
3287 4396 3392 4470 -καγὶ
3451 4394 3517 4448 τὰ
3566 4390 3783 4470 κτήνηζ

2137 4491 2166 4519 (ι
2200 4469 2367 4523 Mons
2413 4466 2565 4522 altus
2612 4467 2692 4523 ita
2744 4466 2965 4535 dictus;
3019 4466 3235 4523 fontem
3286 4468 3531 4535 habens,
3562 4468 3623 4522 in
3672 4484 3785 4538 quo

2136 4557 2349 4611 aquam
2380 4538 2649 4595 bibituraa
2673 4544 2883 4595 coeunt
2914 4538 3063 4594 ferae.
3089 4541 3191 4595 Est
3211 4545 3405 4595 autem
3441 4540 3498 4611 in
3530 4538 3785 4611 Galilaea,

593 4604 863 4689 Ηατρίων.
891 4628 918 4656 ‹‹
952 4608 1095 4689 gum
1145 4605 1428 4689 paternis,
1481 4606 1719 4689 familiis
1748 4630 1776 4660 »
1810 4609 2028 4689 scilicet
2056 4625 2101 4689 D
2135 4604 2231 4689 ubi
2264 4611 2535 4689 volucres
2558 4627 2861 4689 aepecoga
2890 4611 3320 4667 venabantur.»
3356 4610 3676 4689 (Silvestria
3705 4604 3791 4689 ni;-

2137 4683 2475 4756 mirum,_ut
2520 4680 2742 4756 indicat
2789 4682 2920 4756 Bas.
2955 4699 3055 4753 per
3100 4699 3299 4756 vocem
3351 4680 3599 4756 ἀγρίων),
3632 4680 3787 4751 quod

2139 4772 2251 4810 non
2287 4754 2397 4809 nisi
2430 4752 2573 4809 locis
2604 4752 2929 4809 nemorosis
2956 4752 3252 4809 convenit.

2210 4826 2324 4899 (45)
2357 4825 2801 4899 Καταπεπῆχθαι.
2836 4825 2929 4879 Sic
2977 4825 3136 4897 Regii
3157 4840 3380 4899 omnes
3409 4828 3465 4879 et
3492 4820 3651 4878 Colh.
3686 4822 3785 4877 Sa-

2138 4893 2315 4952 vilius
2339 4913 2470 4951 vero
2506 4893 2937 4967 apud’Montac.
2968 4893 3396 4965 κατῖιιπὲπηκται.

2141 4968 2321 5092 δὲ(46)
2380 4962 2745 5042 ’Δποθερίζειν
2803 4986 2880 5021 τε.
2951 4968 3089 5041 Reg.
3150 4987 3199 5037 Ζ,
3240 4962 3367 5040 Vpro
3442 4962 3537 5037 τὲ,
3613 4963 3793 5021 habet

2210 5111 2322 5181 (47)
2356 5107 2452 5161 Καὶ
2499 5107 2648 5183 πυρί.
2686 5109 2814 5164 Haec
2864 5109 3099 5183 quidem
3131 5127 3238 5167 vox
3267 5127 3382 5166 non
3416 5113 3505 5165 est
3552 5108 3613 5163 in
3661 5122 3793 5183 pro-

2142 5179 2346 5253 pheta;
2396 5179 2596 5253 verum
2649 5197 2841 5253 eumn
2876 5179 3099 5236 Clibani
3143 5204 3169 5232 »
3205 5184 3379 5237 verbo
3431 5185 3629 5236 utatur
3664 5179 3794 5253 hic,

2141 5250 2447 5327 appellatis
2480 5252 2652 5327 etiam
2684 5252 2929 5327 urbibus
2951 5270 3079 5327 quae
3103 5254 3235 5327 igne
3268 5253 3587 5327 perierunt,
3608 5250 3797 5323 potuit

2139 5324 2453 5398 Gregorius
2484 5324 2591 5378 hac
2622 5339 2758 5379 voce
2797 5324 2907 5391 uti,
2939 5330 2994 5379 et
3026 5324 3185 5381 illam
3234 5324 3531 5398 proposito
3565 5340 3671 5381 suo
3702 5339 3798 5379 ac-

2141 5397 2532 5451 commodare.

2350 5463 2609 5542 ’Ecpe'_Eetv.
2646 5466 2786 5542 Reg.
2823 5482 2870 5542 if,
2905 5463 3164 5542 ἒφέλξειν.

2236 5538 2325 5609 49)
2356 5538 2584 5609 Μῄισθοῦ.
2625 5538 2793 5593 Coisl.
2832 5539 2885 5601 1,
2925 5538 3117 5609 μισθῷ.

2213 5606 2324 5680 (50)
2356 5607 2415 5660 Τί
2444 5610 2781 5683 γενήσεσθαι.
2818 5631 2846 5661 ‹‹
2877 5606 3023 5672 Quid
3056 5606 3319 5665 futurum
3340 5609 3368 5667 ?
3393 5632 3413 5659 η
3453 5607 3623 5665 Βί11.‹‹
3645 5606 3795 5674 Quid

2145 5680 2903 5829 (Logi):’Aporptaevjcecﬂati.
2965 5752 3105 5826 Reg.
3165 5771 3215 5824 r,
3275 5749 3795 5829 ἀροτριωθήσεσθαι.

2140 5822 2311 5881 Colh.
2328 5824 2386 5895 ‘5,
2415 5822 2950 5898 ἄροτριασθήσεσθαι.

2308 5467 2325 5680 ξ
