4152 6286
369 444 491 510 469

1494 445 1790 508 ORATIO
1835 443 1913 507 II.
1948 474 2026 488 —
2053 443 2620 507 APOLOGETICA.

3663 451 3785 512 ΠΟ

371 575 536 640 ἄλσος
581 572 792 652 δρυμοῦ
824 573 1261 652 λογισθήσεσθαι·
1296 580 1504 650 θρηνῶν
1552 597 1610 630 τε
1657 577 1752 645 τὴν
1785 575 2014 650 ἐρημίαν

2135 578 2343 634 domus
2371 577 2428 632 in
2464 595 2671 634 nemus
2703 577 2857 634 silvze
2909 583 3210 651 reputetur
3254 581 3318 636 ³ο.
3369 580 3554 636 Simul
3603 584 3779 640 etiam

367 671 476 722 τῶν
504 662 914 741 ωτορθοῦντων
941 667 1074 739 (52),
1123 665 1200 728 ὡς
1253 665 1413 738 μόλις
1462 687 1566 720 που
1596 663 1849 737 καλάμην
1885 665 2020 720 ὑπο-

2133 681 2333 722 eorum
2362 667 2460 739 qui
2495 667 2684 724 ofﬁcio
2717 672 2872 723 recte
2916 668 3258 741 funguntur,
3293 669 3642 742 paucitatem
3677 673 3776 728 dc-

371 755 711 824 λείπεσθαιῆ
755 753 1086 833 ἐπιφυλλίδα
1130 757 1264 828 (53)’
1299 754 1462 810 ὁπότε
1506 755 1596 809 καὶ
1643 755 1734 808 τὸν
1786 756 2014 831 ἄρχοντα

2135 755 2388 826 plorans,
2413 774 2538 829 quas
2570 762 2735 812 tanta
2765 758 2842 813 sit
2864 763 2928 813 ut
2953 758 3044 813 vix
3079 759 3291 814 alicubi
3323 759 3538 832 stipula
3570 766 3667 816 aut
3687 779 3776 818 ra-

367 844 558 913 αἷτεῖν,
591 843 680 899 καὶ
711 843 803 898 τὸν
835 844 1026 917 κριτὴν
1079 841 1275 919 λόγους
1321 843 1458 918 πρὸς
1488 843 1651 919 χάριν
1684 840 1898 912 λαλεῖν,
1929 843 2017 897 καὶ

370 932 565 1009 σχεδὸν
597 933 662 989 τὰ
692 933 826 988 αὐτὰ
871 937 950 1004 τῷ
1003 931 1224 1008 μεγάλῳ
1276 928 1439 986 Δαϐὶδ
1471 931 1862 1009 φθεγγόμενοςο
1899 936 2018 986 Σῶ-

370 1023 460 1078 σόν
499 1044 586 1096 με,
618 1022 804 1098 Κύριε,
839 1020 1080 1096 λέγοντι,
1129 1021 1210 1076 ὅτι
1262 1020 1578 1077 ἐκλέλοιπεν
1627 1022 1793 1082 ὅσιος·
1849 1021 1899 1092 ἐξ
1949 1021 2014 1075 οὗ

367 1113 458 1168 καὶ
487 1115 556 1168 τὰ
587 1111 757 1188 ἀγαθὰ
799 1109 1096 1184 ἐπιλείψειν
1146 1109 1362 1180 αὐτοὺς,
1413 1111 1486 1173 ὡς
1534 1113 1647 1184 (54)
1699 1111 1802 1165 ὑπὸ
1850 1111 2012 1180 σητὸς

371 1202 752 1274 δαπανώμενα.

441 1379 554 1434 ΝΘ’.
590 1375 750 1446 Ἰωήλ
810 1375 868 1432 δὲ
915 1380 1050 1450 ἡμῖν
1098 1377 1186 1432 καὶ
1236 1385 1429 1453 θρῆνον
1477 1381 1589 1451 (55)
1622 1375 2007 1450 διακελεύεται,

360 1469 450 1524 καὶ
521 1467 809 1523 κόπτεσθαι
895 1465 1149 1542 βούλεται
1220 1466 1346 1528 τοὺς
1428 1466 1878 1542 λειτουργοῦντας
1933 1472 2010 1539 τῷ

356 1555 746 1632 θυσιαστηρίῳ,
781 1553 951 1628 λιμοῦ
982 1554 1283 1624 πιέζοντος·
1334 1559 1591 1610 τοσοῦτον
1644 1556 1837 1631 ἀπέχει
1878 1576 2004 1632 τρυ-

365 1650 464 1723 φᾷν
498 1645 802 1719 ἐπιτρέπειν
854 1643 904 1700 ἐν
937 1649 1052 1706 τοῖς
1100 1648 1208 1699 τῶν
1258 1641 1442 1699 ἄλλων
1493 1650 1703 1708 κακοῖς’
1753 1646 1841 1700 καὶ
1871 1645 2006 1721 πρὸς

362 1739 441 1804 τῷ
473 1733 706 1810 ἁγιάζειν
894 1733 1166 1804 νηστείαν,
1217 1733 1305 1787 καὶ
1357 1733 1644 1809 κηρύσσειν
1701 1734 2006 1810 θεραπείαν,

366 1828 675 1900 συναγαγεῖν
735 1818 1155 1898 πρεσϐυτέρους,
1211 1825 1419 1894 νήπια,
1479 1822 1699 1892 ἡλικίας
1750 1823 2006 1889 ἐλεεινᾶς,

365 1909 439 1968 ἔτι
471 1912 561 1967 καὶ
593 1911 786 1974 αὐτοὺς
832 1913 894 1966 τὸ
941 1912 1083 1986 ἱερὸν
1135 1907 1539 1974 καταλαϐόντας
1589 1911 1640 1966 ἐν
1693 1910 1878 1984 σποδῷ
1915 1912 2003 1966 καὶ
2040 1949 2087 2013 Β

413 1999 423 2013 ,
641 2002 740 2013 η.-.
888 1999 902 2013 .
953 1997 1010 2013 ε,
1320 2005 1346 2013 -
1549 2002 1560 2013 .
1652 2008 1678 2013 -.
1964 2003 1972 2013 .

367 1999 583 2062 σάκκοις
631 2002 766 2075 (57),
815 1999 904 2055 καὶ
953 1997 1072 2055 λίαν
1125 2005 1389 2063 ταπεινῶς
1436 2002 1570 2056 κατά
1609 2008 1714 2076 γῆς
1746 2001 2007 2078 ἐῤῥιμμέ-

365 2111 509 2158 νους,
561 2087 702 2145 διότι
751 2089 1221 2166 τεταλαιπωρήκει
1269 2087 1427 2144 πεδία
1482 2095 1548 2165 τῇ
1608 2091 1862 2166 ἀκαρπίᾳ,
1920 2093 2009 2145 καὶ

366 2179 560 2254 ἐξῆρτο
583 2179 634 2249 ἐξ
683 2177 835 2234 οἷ’κου
890 2179 1085 2256 Κυρίου
1134 2177 1340 2248 σπονδὴ
1389 2179 1477 2234 καὶ
1531 2180 1704 2252 θυσία,
1735 2178 1912 2235 ἕλκειν
1940 2184 2008 2254 τῇ

365 2269 686 2324 ταπεινώσει
713 2269 805 2324 τὸν
837 2266 1009 2324 ἔλεον.

433 2447 516 2503 Ξ’.
547 2446 608 2500 Τί
635 2445 721 2500 δαὶ
756 2445 784 2500 ὁ
833 2440 1163 2518 Ἀμϐακούμ
1210 2447 1323 2519 (58)
1360 2474 1373 2510 ι
1404 2447 1570 2509 Οὗτος
1625 2447 1718 2520 μὲν
1764 2447 1852 2502 καὶ
1886 2449 2010 2523 θερ-

371 2535 613 2611 μοτέρων
648 2535 872 2589 ἅπτεται
904 2533 1110 2609 λόγων,
1143 2536 1230 2590 καὶ
1281 2537 1417 2611 πρὸς
1452 2535 1610 2590 αὐτὸν
1652 2534 2014 2592 ἀποδυσπετεῖ

364 2625 454 2678 τὸν
484 2626 636 2692 Θεὸν,
669 2624 758 2678 καὶ
793 2626 907 2678 οἷον
957 2619 1198 2694 καταϐοᾷ
1242 2629 1338 2678 τοῦ
1387 2630 1634 2701 χρηστοῦ
1676 2629 1787 2699 (59)
1820 2624 2009 2682 δεσπό-

364 2735 462 2768 του
495 2711 582 2767 διὰ
611 2715 710 2783 τὴν
759 2717 868 2767 τῶν
914 2716 1112 2788 κριτῶν
1162 2711 1392 2768 ἀδικίαν·
1425 2717 1570 2775 Ἕως
1620 2716 1786 2783 τίνος,
1828 2716 2008 2790 Κύριε,

363 2803 741 2876 κεκράξομαι,
799 2799 998 2876 λέγων,
1058 2801 1146 2856 καὶ
1207 2801 1268 2857 οὗ
1329 2803 1404 2874 μὴ
1465 2802 1793 2866 εἶ’σακούσεις
1850 2807 2009 2877 (60);

369 2892 646 2967 βοήσομαι
721 2892 860 2968 πρὸς
919 2891 976 2945 σε
1045 2889 1400 2963 ἀδικούμενος
1436 2937 1448 2958 ,
1505 2893 1594 2947 καὶ
1654 2894 1715 2948 οὐ
1771 2894 2008 2962 σώσεις;

365 2984 483 3036 Ἵνα
541 2980 594 3034 τί
655 3002 745 3054 μοι
823 2977 1023 3050 ἔδειξας
1097 2979 1301 3042 κόπους
1369 2982 1457 3035 καὶ
1513 2982 1734 3050 πόνους,
1794 2979 2010 3038 ἐπιϐλέ-

370 3088 489 3122 πειν
568 3066 655 3122 ἐπὶ
732 3071 842 3140 (61)
911 3068 1286 3143 ταλαιπωρίαν
1358 3071 1447 3125 καὶ
1524 3066 1766 3126 ἀσέϐειαν
1821 3090 1834 3142 ;
1896 3072 2011 3142 Ἐξ-

2130 845 2396 901 cemulus
2453 848 2773 920 supersit':
2831 847 3046 921 quippe
3105 865 3235 904 cum
3291 849 3560 922 princeps
3601 851 3772 908 etiam

2129 934 2383 1006 postulet
2431 940 2488 990 et
2534 936 2710 1006 iudex
2759 937 2828 990 ad
2875 936 3122 1008 gratiam
3169 936 3443 1009 loquatur
3487 939 3550 1006 ‘0,
3602 944 3778 1012 atque

2126 1023 2336 1079 iisdem
2392 1025 2813 1096 propemodum
2863 1025 3058 1080 verbis
3123 1042 3256 1081 cum
3301 1043 3514 1100 magno
3564 1028 3778 1084 Davide

2125 1117 2347 1170 utens:
2401 1113 2628 1168 Salvum
2682 1130 2768 1169 me
2814 1117 2925 1184 lac,
2975 1115 3224 1181 Domine,
3272 1118 3530 1187 quoniam
3581 1117 3780 1189 defecit

2121 1210 2339 1258 sanctus
2367 1202 2450 1270 δίς
2504 1202 2758 1275 hincque
2805 1204 2924 1258 fore
2973 1204 3350 1274 denuntians,
3399 1210 3463 1261 ut
3494 1207 3647 1263 bona
3676 1224 3776 1264 eos

2121 1290 2415 1356 deserant,
2447 1295 2724 1362 tanquam
2759 1308 2790 1346 a
2820 1292 2978 1347 tinea
3010 1297 3378 1365 consumpta.

2195 1380 2330 1434 LIX.
2364 1379 2485 1435 Joel
2519 1397 2688 1452 porro
2720 1379 2942 1434 luctum
2976 1380 3152 1435 etiam
3177 1382 3776 1456 nobisindicit,atque

2121 1468 2320 1524 altaris
2353 1470 2980 1540 ministros,premente
3004 1470 3251 1535 fame,in
3286 1471 3521 1542 planctu
3555 1473 3773 1528 versari
3852 1532 3866 1544 ο

2114 1558 2282 1629 jubet
2304 1559 2350 1593 ‘9
2377 1576 2390 1625 ;
2422 1561 2652 1612 tantum
2680 1559 2844 1613 abest
2884 1563 2948 1613 ut
2975 1559 3032 1613 in
3066 1559 3312 1615 aliorum
3337 1561 3774 1619 calamitatibus

2119 1665 2220 1704 eos
2263 1646 2489 1703 deliciis
2527 1647 2832 1718 indulgere
2873 1649 3209 1720 permittat;
3245 1666 3309 1704 ac
3359 1654 3566 1721 praeter
3595 1667 3770 1722 quam

2120 1737 2273 1809 quod
2299 1736 2594 1807 jejunium
2647 1736 2996 1806 sanctiﬁcat,
3047 1741 3103 1791 et
3154 1737 3513 1793 curationem
3564 1740 3771 1810 prsidi-

2119 1830 2210 1882 cat
2230 1828 2293 1894 ‘3,
2316 1842 2380 1880 ac
2402 1825 2660 1881 seniores
2682 1830 2738 1880 et
2762 1825 3055 1896 parvulos,
3083 1827 3476 1894 miserandas,
3503 1829 3767 1901 inquam,

2119 1919 2316 1970 aetates
2349 1920 2681 1986 congregat,
2715 1913 2957 1986 insuper
2987 1915 3142 1987 ipsos
3176 1932 3406 1988 quoque
3438 1920 3769 1976 sacerdotes

2123 2003 2405 2069 hortatur,
2440 2009 2505 2058 ut
2543 2003 2826 2074 templum
2877 2003 3148 2076 ingressi,
3187 2008 3360 2074 atque
3399 2004 3457 2060 in
3489 2007 3683 2063 cinere
3715 2012 3770 2064 et

2121 2091 2328 2154 saccis,
2361 2108 2428 2146 ac
2457 2108 2738 2163 perquam
2788 2092 3041 2147 demisse
3073 2096 3129 2146 et
3172 2093 3396 2165 abjecte
3442 2093 3500 2149 in
3548 2099 3763 2151 terram

2122 2179 2462 2254 prostrati“
2503 2180 2778 2252 quoniam
2812 2181 2934 2252 agri
2957 2180 3266 2236 sterilitate
3294 2182 3494 2237 afflicti
3528 2184 3764 2256 fuerint,

2122 2287 2187 2326 ac
2218 2270 2517 2325 sublatum
2563 2270 2634 2323 de
2682 2270 2855 2324 domo
2905 2269 3132 2324 Domini
3174 2270 3427 2326 libamen
3460 2276 3516 2328 et
3545 2273 3767 2329 sacriﬁ-

2120 2359 2299 2422 cium,
2332 2357 2663 2413 humilitate
2697 2357 3155 2413 misericordiam
3187 2360 3505 2416 attrahant.

2194 2448 2303 2504 LX.
2340 2448 2488 2514 Quid
2539 2452 2732 2502 autem
2778 2447 3092 2503 Habacuc?
3121 2448 3226 2502 Hic
3276 2449 3513 2520 quidem
3565 2451 3771 2506 acriori

2122 2537 2294 2593 etiam
2329 2537 2590 2592 oratione
2614 2535 2819 2606 utitur,
2845 2541 3017 2608 atque
3049 2537 3328 2592 adversus
3359 2538 3541 2594 Deum
3575 2539 3772 2611 ipsum

2124 2627 2544 2692 stomachetur,
2561 2641 2624 2680 ac
2649 2625 2967 2696 benignum
2999 2625 3313 2680 Dominum
3347 2631 3580 2698 propter
3607 2628 3773 2684 Judi-

2124 2733 2253 2772 cum
2287 2715 2657 2787 iniquitatem
2690 2714 2845 2769 velut
2895 2712 3251 2771 clamoribus
3299 2715 3654 2789 insequitur,
3683 2718 3770 2773 di-

2123 2824 2261 2863 cens
2294 2824 2305 2860 :
2345 2807 2642 2878 Usquequo,
2674 2806 2918 2874 Domine,
2948 2805 3220 2872 clamabo,
3253 2809 3306 2860 et
3335 2822 3443 2861 non
3472 2808 3776 2864 exaudies?

2122 2896 2472 2966 vociferabor
2502 2896 2778 2966 injuriam
2805 2895 3044 2965 patiens,
3067 2900 3120 2949 et
3147 2911 3258 2950 non
3281 2896 3522 2951 :alvabis
3541 2900 3566 2950 γ
3597 2899 3774 2965 Quare

2119 2987 2417 3042 ostendisti
2443 2984 2582 3039 mihi
2615 2984 2824 3038 labores
2849 2986 2898 3038 et
2928 3001 3204 3038 zrumnas
3226 2987 3250 3036 .9
3300 2984 3481 3040 videre
3508 2987 3770 3056 afﬂictio-

2119 3091 2246 3130 nem
2301 3076 2350 3128 et
2397 3074 2733 3144 impietatem
2757 3072 2784 3125 ?
2836 3071 2893 3126 In
2943 3077 3228 3142 conspectu
3277 3088 3392 3128 meo
3437 3076 3644 3144 factum
3695 3083 3776 3131 est

369 3157 610 3219 εναντίας
692 3178 794 3229 μου
867 3159 1059 3234 γέγονε
1129 3160 1238 3232 (62)
1295 3159 1473 3235 κρίσις
1510 3203 1523 3228 ,
1575 3160 1664 3215 καὶ
1735 3162 1763 3215 ὁ
1821 3163 2011 3236 κριτὴς

2135 3163 2408 3226 iudicium,
2441 3161 2677 3233 etjudex
2707 3162 2866 3230 capit.
2921 3163 3147 3232 Propter
3193 3160 3294 3215 hoc
3340 3161 3654 3232 dissipatam
3697 3171 3776 3219 est

366 3241 636 3318 λαμϐάνει
671 3291 685 3306 .
737 3246 832 3302 Διά
884 3253 1044 3303 τοῦτο
1104 3245 1467 3303 διεσκέδασται
1529 3249 1694 3323 νόμος
1727 3295 1740 3319 ,
1799 3251 1888 3304 καὶ
1947 3251 2008 3306 οὗ

2123 3254 2229 3322 lex,
2278 3256 2331 3307 et
2377 3268 2488 3305 non
2539 3251 2785 3321 pervenit
2835 3266 3006 3320 usque
3049 3249 3118 3304 ad
3165 3250 3330 3318 ﬁnem
3367 3251 3650 3323 judicium
3705 3252 3769 3308 ‘3.

365 3314 663 3410 διεξάγεται
722 3335 798 3399 εἰς
855 3335 1014 3398 τέλος
1068 3336 1241 3413 κρίμα
1275 3383 1285 3393 .
1345 3337 1476 3392 Εἶτα
1529 3314 1860 3409 ἡῚάπειλὴ,
1917 3340 2007 3395 καὶ

2135 3342 2341 3397 Deinde
2389 3338 2800 3402 comminatio;
2849 3354 2913 3392 ac
2962 3339 3260 3410 deinceps,
3313 3340 3490 3396 Videte
3535 3348 3775 3396 contem-

360 3425 426 3480 τὰ
472 3425 558 3480 ἐπῖ
615 3423 851 3487 τούτοις
905 3423 1103 3495 Ἴδετε,
1163 3427 1216 3480 οἱ
1273 3428 1696 3506 καταφρονηταὶ,
1755 3429 1844 3483 καὶ
1895 3429 2010 3484 ἐπι-

365 3511 643 3588 ϐλέψατε,
700 3513 790 3569 καὶ
849 3515 1154 3586 θαυμάσατε
1207 3515 1476 3589 θαυμάσια
1532 3519 1667 3590 (63),
1726 3517 1814 3572 καὶ
1873 3518 2012 3596 ἀφα-

361 3602 599 3676 νίσθητε,
661 3601 799 3658 διότι
859 3601 1012 3680 ἔργον
1073 3604 1182 3678 ἐγὼ
1243 3604 1589 3679 ἐργάζομαι.
1648 3607 1746 3661 Καὶ
1801 3607 1853 3661 τί
1900 3610 2010 3682 χρὴ

362 3692 530 3747 πάντα
588 3691 861 3770 ἐπιφέρειν
919 3694 985 3745 τὰ
1055 3700 1154 3762 τῆς
1223 3693 1453 3762 ἀπειλῆς
1513 3712 1527 3762 ;
1592 3693 1766 3751 Ἀλλὰ
1820 3695 2010 3772 μικρὸν

362 3780 661 3858 ἔμπροσθεν
722 3784 855 3854 (64)·
915 3785 1075 3835 τοῦτο
1134 3779 1234 3858 γάρ
1289 3805 1382 3855 μοι
1417 3781 1566 3838 δοκεῖ
1628 3783 1842 3860 βέλτιον
1879 3785 2011 3840 εἶναι

361 3873 670 3946 προσθεῖναι
730 3873 841 3946 (65)
882 3875 999 3932 τοῖς
1052 3870 1385 3945 εἰρημένοις·
1445 3871 1693 3936 πολλοὺς
1751 3874 2012 3930 ἀνακαλε-

363 3959 594 4032 σάμενος
651 3959 742 4014 καὶ
803 3957 1292 4032 ἀποκλαυσάμενος
1340 3965 1447 4016 τῶν
1525 3962 1647 4037 περὶ
1704 3985 1756 4019 τι
1815 3962 2011 4020 ἀδίκων

362 4047 449 4102 καὶ
501 4052 785 4119 πονηρῶν,
842 4047 1000 4109 τέλος
1051 4048 1398 4120 ἀνακαλεῖται
1451 4053 1560 4124 (66)
1606 4052 1696 4107 καὶ
1743 4051 1868 4115 τοὺς
1913 4061 2013 4123 τῆς

369 4137 677 4214 μοχθηρίας
709 4135 986 4212 ἡγεμόνας
1013 4135 1104 4191 καὶ
1153 4134 1534 4212 διδασκάλους,
1577 4141 1884 4217 ἀνατροπὴν
1923 4145 2017 4216 μὶν

2120 3436 2324 3503 ptores,
2355 3437 2405 3485 et
2434 3429 2704 3500 respicite,
2737 3428 3106 3482 admiramini
3145 3428 3452 3495 mirabilia,
3487 3437 3538 3483 et
3565 3429 3775 3500 disper-

2121 3521 2342 3583 dimim’,
2365 3520 2492 3590 quia
2525 3534 2654 3588 opus
2683 3533 2776 3588 ego
2797 3533 2992 3588 eperor
3013 3518 3076 3570 ³⁸.
3095 3517 3204 3572 Sed
3239 3517 3380 3588 quid
3411 3521 3590 3572 totam
3615 3518 3774 3572 illam

2123 3607 2637 3665 comminationem
2691 3606 3048 3677 subjungere
3101 3622 3330 3660 necesse
3367 3606 3506 3660 est?
3561 3607 3774 3661 Verum

2122 3697 2297 3770 paulo
2331 3695 2615 3762 ulterius;
2651 3695 2758 3748 hoc
2789 3695 2944 3749 enim
2987 3694 3130 3749 mihi
3161 3696 3350 3749 satius
3391 3711 3518 3749 esse
3548 3696 3777 3751 videtur

2123 3788 2192 3843 ad
2217 3803 2282 3841 ea
2305 3803 2430 3857 qum
2456 3785 2609 3838 dicta
2627 3787 2766 3838 sunt
2787 3784 3144 3854 adjungere:
3176 3799 3306 3836 cum
3336 3783 3548 3838 multos
3570 3801 3772 3839 eorum

2123 3877 2221 3949 qui
2254 3875 2314 3929 in
2346 3890 2406 3930 re
2431 3875 2530 3928 43
2550 3873 2748 3944 aliqua
2779 3872 3026 3943 improbi
3062 3876 3118 3926 et
3150 3871 3336 3943 iniqui
3369 3876 3553 3939 erant,
3582 3873 3776 3944 appel-

2123 3966 2304 4022 lasset
2351 3979 2418 4018 ac
2467 3962 2816 4028 deflevisset,
2849 3961 2917 4015 ad
2971 3964 3294 4015 extremum
3340 3959 3500 4032 ipsos
3547 3978 3776 4034 quoque

2123 4052 2520 4126 improbitatis
2552 4052 2728 4104 duces
2775 4053 2831 4104 et
2879 4047 3186 4122 magistros
3231 4048 3503 4120 appellat,
3537 4050 3774 4105 subver-

2125 4145 2349 4201 sionem
2384 4141 2622 4213 quidem
2653 4138 2948 4193 turbidam
2984 4154 3050 4194 ac
3089 4138 3305 4193 mentis
3346 4137 3688 4195 ebrietatem
3719 4143 3777 4195 et

431 4253 479 4289 ⁸ο
500 4253 687 4333 Mieh._
709 4253 900 4333 111,_19_
928 4267 1089 4333 seqq.
1132 4253 1203 4333 -‘0
1231 4253 1402 4309 Mich.
1437 4271 1534 4324 v11,
1566 4257 1618 4311 3.
1698 4258 1740 4293 ⁴¹
1776 4259 1929 4314 Psal.
1962 4279 2014 4333 χ,

2183 4260 2228 4294 ⁸2
2260 4255 2382 4312 Joel
2427 4273 2464 4326 ι,
2500 4255 2586 4309 13.
2665 4254 2709 4287 *τ’
2740 4252 2883 4308 ibid.
2920 4253 3003 4307 14.
3081 4253 3127 4285 “
3154 4254 3263 4308 Isa.
3299 4268 3451 4308 LVIII.
3492 4254 3528 4309 5
3600 4255 3644 4289 ⁸³
3674 4253 3777 4310 Ha-

365 4324 489 4407 hae.
523 4342 565 4394 ι,
594 4325 716 4380 2υ4.
790 4325 834 4359 ⁴⁶
863 4323 1004 4379 ibid.
1039 4325 1092 4393 5,
1125 4325 1178 4380 6.

438 4443 551 4515 (52)
588 4439 1025 4515 Κατορθοόντων.
1067 4463 1093 4515 σι
1123 4441 1229 4506 Qui
1262 4443 1576 4515 corrigant,
1613 4468 1633 4494 ι
1682 4451 1746 4502 ut
1776 4447 1834 4502 in
1869 4449 2012 4503 LXX

363 4513 660 4586 Nebilius.
685 4513 905 4586 Nempe
936 4536 963 4563 ‹‹
998 4513 1098 4584 qui
1129 4513 1439 4586 corrigant'
1456 4532 1539 4586 se,
1577 4539 1596 4564 ι
1650 4519 1736 4573 vel
1770 4541 1795 4568 ‹‹
1830 4520 2010 4575 vitam

369 4601 562 4660 suam.
597 4607 618 4633 ι
651 4585 775 4642 Non
807 4583 961 4640 enim
997 4583 1364 4660 propheta-et
1394 4585 1721 4658 theologus,
1762 4592 1833 4646 de
1864 4609 2007 4660 prae-

367 4656 782 4730 latis_tantum,
817 4673 1066 4730 quorum
1108 4661 1196 4712 est
1243 4656 1388 4713 alios
1420 4656 1746 4730 corrigere;
1799 4656 1899 4718 sed
1948 4665 2018 4718 de
2049 4665 2096 4729 D

367 4726 644 4800 omnibus
674 4726 912 4800 omnino
942 4727 1284 4800 loquuntur.

438 4801 549 4871 (53)
563 4795 970 4876 _'Eatpp).)._l8a.
1001 4795 1112 4876 _lta
1135 4799 1458 4876 Scriptura
1487 4805 1700 4870 textus,
1733 4809 1790 4858 et
1817 4821 2021 4860 omnes

371 4867 540 4927 mss,
563 4867 801 4926 Male'in
835 4872 962 4926 Par.
999 4867 1322 4925 ἐκωυλλίδα.

441 4942 553 5012 154)
582 4942 672 5002 Ὦς
705 4965 734 4992 ‹‹
767 4943 1101 5014 Tanquam,
1131 4942 1320 5014 quasi.
1358 4963 1386 4990 ››
1418 4942 1565 4997 Bibl.
1602 4964 1630 4992 «
1662 4944 1963 5000 nimirum.
1995 4968 2022 4994 ››

408 5014 558 5098 ~(55)
611 5018 842 5086 Θρῆνον.
903 5013 1022 5068 Duo
1083 5013 1259 5086 Regg.
1322 5018 1558 5088 θρηνεῖν.
1619 5015 1819 5072 Comb.
1890 5017 2024 5090 θρηο

369 5105 500 5140 νων.

440 5157 553 5230 (56)
605 5155 703 5230 iiut
746 5153 887 5230 προς
933 5155 1305 5230 τῷμάγιάζειν.
1360 5157 1501 5212 Tres
1548 5157 1728 5230 Regii,
1777 5165 2027 5230 quatuor

368 5225 554 5302 901b,
586 5229 706 5302 duo
737 5225 912 5302 Geisl.
948 5225 1207 5302 πρὸςτό.
1262 5229 1328 5283 At
1377 5245 1478 5300 pro
1536 5225 1812 5302 ἀγιάζεινξ
1846 5229 2024 5285 iidem

372 5300 548 5370 Regg.
586 5297 827 5370 habent,
861 5295 1032 5370 ἄγειν.

441 5368 554 5441 (5Ἷ)
589 5368 1050 5441 Σάκκοιςκῧοὶεὶ
1086 5371 1136 5424 12
1170 5371 1372 5441 cumq):

590 5435 936 5512 ’Δμϐακούμ.
972 5446 1109 5513 Reg.
1143 5442 1181 5506 Ι,
1226 5435 1562 5512 ’Δϐϐακούμ

443 5515 556 5586 (59)
592 5517 867 5585 Χρηστοῦ.
893 5513 986 5569 Sic
1016 5515 1214 5568 decem
1241 5514 1442 5585 Regg.,
1469 5519 1688 5584 septem
1721 5514 2027 5579 Colb.,dco

387 5584 563 5641 COisl.
601 5584 675 5657 ln_
696 5586 990 5657 Par.‘vero
1018 5587 1271 5657 Χριστοῦ.

448 5658 562 5727 (60)
617 5654 988 5727 Εἷσακούσεις.
1067 5654 1328 5721 Quatuor
1405 5656 1595 5727 Regii,
1674 5661 1818 5727 tres
1867 5655 2025 5727 Colb.

373 5726 475 5783 Jes
505 5725 724 5786 habent
770 5725 1072 5792 ιῖσακούση.
1122 5727 1236 5785 Alii
1291 5743 1435 5800 pene
1485 5725 1727 5785 totidem
1779 5725 2029 5782 εἰσακού-

381 5818 500 5873 unc.

2192 4447 2304 4518 (61)
2334 4442 2474 4518 Ἐπί.
2512 4442 2846 4518 Praepositio
2879 4441 2998 4518 hac
3034 4441 3212 4518 deest
3261 4443 3319 4497 in
3368 4443 3556 4498 tribus
3612 4444 3779 4516 Reg.,

2192 4459 2304 4518 (61)
2338 4459 2474 4498 Ἐπι.
2512 4459 2846 4567 Praeposmo
2881 4459 2998 4496 meo
3049 4459 3073 4496 ο

2122 4523 2268 4589 sept.
2301 4517 2480 4589 Colb.,
2515 4515 2644 4589 Cois
2675 4556 2686 4568 .
2723 4515 2861 4589 1,_et
2890 4513 2985 4589 Or_.

2193 4581 2305 4658 (62)
2339 4581 2551 4660 Γέγονε.
2588 4586 2748 4660 Un_us
2781 4585 2921 4660 Reg.
2954 4581 3187 4660 ἐγένετο.

2199 4653 2314 4731 (63)
2369 4653 2465 4711 [icti
2513 4653 3156 4731 θαυμάσατε-θαυμάσια.
3208 4657 3302 4731 Sig
3363 4657 3522 4721 LXX,
3575 4657 3777 4731 decem

2130 4727 2332 4803 Re'ggg
2364 4747 2464 4784 sex
2493 4729 2675 4803 Co_lb_._,
2708 4727 2878 4782 Coisl.
2914 4731 2966 4803 t,
3000 4733 3056 4781 et
3085 4733 3248 4782 Pass.
3274 4728 3336 4782 In
3367 4733 3498 4782 Par.
3521 4745 3655 4782 vero
3686 4729 3778 4784 ed.

2133 4795 2459 4874 θαῦᾆάσατε,
2481 4799 2581 4874 ’καὶ
2614 4796 2758 4874 ἴδετε
2785 4795 3074 4874 θαυμάσια.

2205 4867 2318 4944 (64)
2377 4869 2551 4926 Ἀλλὰ
2612 4870 2800 4943 μικρὸν
2865 4867 3188 4944 ἔμπροσθεν.
3241 4891 3270 4917 ‹‹
3339 4867 3550 4944 Verum
3607 4868 3779 4938 paulo

2135 4938 2380 4999 ulterius
2409 4965 2422 4998 :
2461 4965 2486 4992 η
2520 4944 2572 4997 id
2605 4938 2719 5008 est,
2747 4965 2776 4990 ‹‹
2808 4938 2990 5010 paulo
3007 4945 3172 5010 post;
3228 4961 3255 4987 ››
3304 4943 3362 4992 et
3393 4938 3488 4993 hic
3534 4945 3622 4993 est
3651 4957 3781 4994 vere

2135 5033 2345 5072 sensus
2376 5016 2554 5084 hujus
2587 5015 2758 5077 vocis,
2784 5010 3086 5084 ἔμπροσθεν
3119 5016 3183 5064 ut
3217 5015 3370 5084 patet
3401 5012 3781 5084 egorationis

2137 5088 2305 5143 serie.
2340 5081 2475 5152 Quae
2522 5085 2677 5140 enim
2729 5081 2996 5153 adiungit
3024 5101 3093 5137 ex
3136 5082 3415 5152 prepheta
3445 5081 3781 5153 Gregorius,

2135 5177 2252 5214 non
2288 5160 2639 5230 praecedunt,
2664 5158 2761 5210 sed
2791 5158 3236 5225 subsequuntur
3257 5169 3324 5230 ea
3345 5169 3473 5223 quae
3495 5156 3659 5230 prius
3682 5170 3785 5225 po-

2136 5226 2354 5296 suerat,
2373 5246 2505 5283 cum
2537 5231 2924 5281 desumantur
2941 5244 3006 5280 ex
3033 5243 3084 5280 c.
3113 5242 3172 5278 ιι.
3199 5226 3412 5281 Hahae.
3436 5226 3626 5296 priora
3650 5241 3784 5280 vero

2138 5303 2196 5357 in
2229 5318 2276 5356 c.
2311 5319 2352 5367 ι,
2387 5300 2770 5370 reperiantur.
2808 5299 3018 5370 Eodem
3053 5312 3237 5370 sensu
3285 5296 3393 5370 hac
3435 5312 3570 5370 yeee
3600 5297 3785 5370 utitur

2135 5375 2334 5444 Apost.
2374 5367 2619 5441 Philipp.
2654 5371 2866 5444 111,14.
2895 5369 3021 5423 Non
3051 5369 3195 5444 bene
3225 5368 3408 5438 igitur
3440 5368 3659 5444 Billius.
3685 5367 3787 5438 qui

2136 5439 2330 5509 vertit,
2366 5465 2392 5492 «
2424 5439 2637 5496 Verum
2671 5442 2826 5495 enim
2860 5457 2995 5494 vero
3027 5439 3328 5509 aliquanto
3361 5443 3515 5493 ante.
3545 5459 3572 5486 ››

2207 5517 2320 5585 (65)
2375 5514 2711 5588 Προσθεῖναι.
2781 5512 2870 5566 Sic
2929 5512 3127 5584 plures
3183 5512 3356 5581 Begg.
3419 5510 3552 5576 Alii,
3616 5528 3785 5581 προσ-

2137 5587 2314 5640 θῆναι.

2349 5650 2741 5729 Ἀνακαλεῖται.
2775 5655 2973 5729 Comb.
3008 5677 3035 5704 «
3069 5652 3370 5721 inclamat,
3403 5652 3656 5722 quadam
3684 5669 3782 5708 vo-

2139 5725 2223 5785 cis
2254 5726 2624 5784 contentione
2653 5725 2926 5798 appellat.
2962 5745 2990 5773 »
