4152 6286
369 470 484 528 471

1617 470 1681 529 S.
1731 467 2103 528 GREGORH
2148 466 2542 528 THEOLOGI

3664 469 3784 528 471

373 613 627 656 errorem
657 598 861 653 vitium
910 614 1170 655 vocans:
1215 599 1308 655 his
1358 602 1553 655 autem
1606 599 1900 671 proximos
1949 598 2012 655 ab

2133 593 2361 671 θολεράν
2386 598 2485 665 τὴν
2518 617 2706 652 κακιαν
2760 593 3058 651 ἀποκαλῶν
3114 595 3202 651 καὶ
3232 600 3329 651 τοῦ
3358 600 3454 651 νοῦ
3503 596 3671 669 μέθην
3703 598 3794 655 καὶ

374 688 522 761 ipsis
543 687 729 761 potari
753 688 974 755 dicens,
998 693 1066 743 ut
1086 688 1401 759 respiciant
1432 690 1501 743 ad
1525 689 1795 744 tenebras
1817 688 2025 742 anime:

374 776 661 849 ipsorum,
686 781 743 831 et
763 777 1073 848 speluncas
1094 783 1434 846 serpentum
1468 794 1533 832 ac
1566 777 2028 845 bestiarum,hoc

377 869 487 935 est,
517 865 918 936 improbarum
954 865 1373 937 cogitationum
1407 866 1724 921 domicilia.
1759 869 1941 936 Atque
1969 864 2026 918 bi

378 953 615 1026 quidem
648 954 793 1009 tales
826 958 985 1020 sunt,
1020 960 1236 1009 etcum
1271 954 1484 1010 talibus
1516 954 1799 1009 doctrinis
1828 954 1898 1008 ad
1922 969 2028 1007 nos

379 1058 712 1099 sermonem
750 1042 991 1097 habent.

448 1220 562 1277 LXI
590 1220 939 1277 Malacbiam
964 1223 1158 1276 autem
1180 1236 1435 1291 quonam
1459 1222 1632 1276 modo
1651 1219 1894 1291 dignum
1912 1219 2030 1273 fue-

373 1310 451 1365 rit
493 1310 811 1381 praaterire,
863 1326 1019 1364 nunc
1064 1310 1303 1379 quidem
1362 1314 1417 1363 et
1459 1310 1712 1381 graviter
1739 1314 1796 1364 et
1826 1307 2031 1363 acerbe

373 1399 708 1456 sacerdotes
760 1404 1134 1453 accusantem
1167 1414 1233 1452 ac
1263 1398 1494 1469 probris
1527 1399 1936 1461 incessentem,
1967 1402 2033 1452 ut

371 1487 603 1544 Domini
636 1503 852 1542 nomen
907 1487 1320 1558 descipientes,
1357 1486 1692 1557 quibusque
1723 1486 1781 1539 in
1830 1485 2027 1551 rebus,

373 1577 812 1649 adjungentem,
837 1576 893 1629 in
928 1592 994 1630 eo
1024 1591 1257 1646 nempe,
1289 1577 1443 1645 quod
1479 1574 1728 1645 pollutos
1750 1589 1930 1644 panes
1957 1572 2029 1626 ad

375 1665 559 1721 altare
589 1665 856 1729 afferant,
890 1665 1052 1719 cibos
1080 1680 1195 1719 non
1230 1664 1547 1733 primitias,
1579 1667 1636 1716 et
1665 1679 1790 1732 qua
1827 1677 1897 1714 ne
1922 1661 2028 1714 du-

380 1770 515 1808 cum
548 1753 782 1823 quidem
815 1752 918 1807 ulli
952 1752 1248 1818 offerrent,
1272 1753 1449 1815 aut,si
1482 1750 2031 1815 offerrent,infamia

383 1842 758 1897 afﬁcerentur
802 1842 867 1905 ‘7,
908 1856 975 1895 ea
1005 1845 1201 1895 tamen
1235 1841 1402 1894 factis
1432 1840 1581 1893 votis
1615 1839 1881 1894 omnium
1910 1837 2029 1908 regi

373 1931 643 1999 offerant,
670 1930 778 1984 hoc
809 1935 917 1997 est,
954 1930 1248 1994 clauda,et
1271 1945 1443 1999 aegra,
1478 1933 1533 1983 et
1562 1932 2029 2009 corrupta,pror—.

374 2035 597 2091 susque
629 2020 871 2091 profana
927 2023 985 2073 et
1014 2018 1374 2088 despuenda.
1408 2020 1574 2072 Nunc
1622 2022 1815 2072 autem
1848 2015 2029 2070 divinl

374 2125 506 2164 cum
540 2107 750 2163 Levitis
801 2108 951 2178 pacti
986 2123 1087 2162 eos
1137 2109 1587 2162 submonentem
1636 2110 1784 2173 (erat
1830 2110 2023 2160 autem

368 2197 513 2253 illud
545 2196 675 2251 vitae
707 2205 762 2251 et
792 2196 997 2267 pacis),
1021 2212 1087 2250 ac
1116 2195 1327 2250 timore
1358 2196 1563 2250 timere
1596 2194 1933 2261 Dominum,
1967 2199 2024 2249 et

367 2303 400 2342 a
432 2285 577 2341 facie
612 2285 870 2340 nominis
902 2285 1031 2353 eius
1062 2301 1269 2355 pavere
1294 2286 1337 2319 ⁴⁸
1368 2286 1479 2340 Lea:
1509 2286 1779 2351 veritatis,
1814 2282 2019 2353 inquit,

361 2382 480 2431 erat
508 2376 570 2429 in
595 2389 686 2429 ore
716 2373 854 2443 ejus,
887 2383 940 2427 et
968 2374 1237 2444 iniquitas
1257 2389 1367 2428 non
1397 2375 1478 2428 est
1508 2375 1734 2428 inventa
1764 2374 1825 2426 in
1856 2372 2017 2426 labiis

362 2464 498 2536 ejus.
532 2466 593 2519 In
640 2478 769 2533 pace
818 2471 1028 2516 rectum
1071 2464 1176 2517 iter
1204 2470 1392 2517 tenens
1424 2462 1731 2516 ambulavit
1778 2477 2013 2526 mecum,

362 2561 415 2610 et
440 2552 639 2607 multos
666 2553 929 2607 convertit
974 2553 1048 2605 ab
1098 2553 1416 2622 iniquitate,
1450 2553 1715 2621 quoniam
1744 2549 1895 2604 labia
1922 2567 2011 2604 sa-

363 2641 598 2697 cerdotis
625 2639 922 2694 custodient
952 2642 1262 2707 scientiam,
1293 2648 1345 2694 et
1388 2638 1567 2707 legem
1616 2641 1897 2709 requirent
1945 2655 2013 2692 ea:

363 2746 454 2787 ore
483 2730 601 2799 ejus
629 2730 691 2783 ιο.
726 2728 917 2784 Causa
959 2733 1153 2783 autem
1206 2744 1382 2800 quam
1432 2727 1710 2798 praeclara
1752 2726 1929 2781 simul
1959 2732 2016 2782 et

363 2818 734 2874 formidanda
760 2816 772 2871 ί
805 2819 936 2890 quia
962 2818 1199 2886 Angelus
1219 2819 1437 2872 Domini
1460 2817 1847 2886 omnipotentis
1868 2817 2011 2871 est“.

362 2911 546 2978 Atque
579 2907 1026 2962 maledictiones‘
1054 2906 1293 2977 quidem
1326 2922 1427 2960 eas
1457 2922 1583 2976 quae
1616 2904 1891 2976 deinceps
1922 2922 2012 2959 se-

360 3000 647 3069 quuntur,
680 2995 898 3050 vitandi
932 2994 1069 3050 mali
1098 2993 1314 3049 ominis
1346 3011 1544 3060 causa,
1577 2998 1886 3064 praetereo:
1918 3009 2013 3049 ve-

358 3085 593 3141 ritatem
621 3088 818 3140 autem
852 3082 1221 3155 pertimesco.
1256 3084 1417 3147 Quod
1460 3099 1594 3137 vero
1625 3083 1784 3137 dictu
1817 3083 2013 3137 mode-

359 3174 553 3228 ratius
586 3171 763 3228 simul
796 3176 853 3226 et
883 3171 1085 3226 utilius
1109 3176 1215 3238 est,
1237 3177 1321 3226 An
1350 3172 1586 3242 dignum
1612 3174 1710 3237 est,
1740 3170 2014 3240 inquit,ut

362 3263 664 3333 respiciam
684 3262 834 3315 ultra
855 3259 923 3314 ad
952 3260 1293 3329 sacriﬁcium
1314 3264 1569 3323 vestrum,
1592 3266 1686 3313 aut
1717 3261 2014 3329 suscipiam

2134 684 2347 754 πλάνην
2370 686 2819 755 (67)·ποτίζεσθαι
2844 682 2900 739 δὲ
2924 685 3095 759 λέγων
3124 689 3237 759 (68)
3260 686 3476 749 τούτοις
3506 687 3593 742 ὑπ’
3615 687 3787 743 αὐτῶν

2136 773 2262 836 τοὺς
2296 773 2554 843 πλησίον,
2587 773 2735 835 ὅπως
2769 770 3135 829 ἐπιϐλέπωσιν
3166 774 3254 829 ἐπὶ
3279 776 3341 830 τὸ
3376 776 3567 838 σκότος
3612 776 3787 831 αὐτῶν

2134 870 2233 931 τῆς
2266 866 2467 937 ψυχῆς,
2499 862 2587 916 καὶ
2612 864 2678 918 τὰ
2710 862 2955 933 σπήλαια
3003 863 3241 936 έρπετῶν
3293 863 3382 918 καὶ
3415 863 3620 939 θηρίων
3654 868 3790 939 (69),

2140 950 2422 1025 λογισμῶν
2453 956 2708 1024 πονηρῶν
2743 950 3056 1026 οἷκητήρια.
3093 953 3252 1005 Οὗτοι
3291 953 3384 1025 μὲν
3419 950 3485 1021 δὴ
3524 960 3787 1022 τοιοῦτοι,

2137 1040 2225 1095 xui
2264 1041 2397 1113 μετά
2424 1039 2686 1095 τοιούτων
2737 1042 2873 1113 ἡμῖν
2925 1038 3311 1117 διαλεγόμενοι
3340 1046 3445 1096 τῶν
3488 1041 3788 1118 παιδευμά-

2138 1148 2245 1181 των
2278 1131 2408 1199 (70).

2208 1219 2340 1273 ΞΑ’.
2374 1218 2664 1292 Μαλαχίαν
2689 1216 2745 1273 δὶ
2766 1222 2885 1281 πῶς
2908 1217 3154 1292 παριδεῖν
3179 1220 3323 1290 ἄξιον
3354 1240 3367 1289 ;
3401 1224 3488 1274 νῦν
3525 1223 3617 1293 μὲν
3641 1221 3793 1297 έγκαο

2140 1304 2338 1360 λοῦντα
2386 1311 2597 1382 πικρῶς
2646 1312 2766 1369 τοῖς
2815 1309 3035 1382 ἱερεῦσι,
3087 1310 3175 1362 καὶ
3228 1306 3563 1377 ὀνειδίζοντα
3610 1310 3685 1371 ὡς
3730 1312 3792 1365 τὸ

2140 1388 2313 1467 ὄνομα
2391 1396 2593 1469 Κυρίου
2671 1396 2988 1472 φαυλίζουσι
3042 1416 3055 1428 ·
3134 1399 3223 1451 καὶ
3297 1399 3651 1473 προστιθέντα
3738 1398 3787 1454 ἰν

2138 1483 2273 1538 τίσιν
2305 1487 2439 1556 (71),
2494 1483 2545 1538 έν
2601 1490 2679 1557 τῷ
2736 1490 3028 1559 προσάγειν
3090 1487 3224 1560 πρὸς
3284 1486 3346 1539 τὸ
3407 1490 3788 1561 θυσιαστήριον

2140 1569 2333 1646 ἄρτους
2398 1571 2855 1647 ηλισγημένους,
2922 1574 3187 1648 βρώματα
3263 1573 3361 1628 οὐκ
3416 1574 3789 1650 ἀπάργματα,

2137 1660 2226 1715 καὶ
2258 1660 2292 1714 ἃ
2324 1658 2451 1732 μηδ’
2500 1661 2559 1714 ἂν
2605 1666 2712 1715 τῶν
2762 1663 3084 1734 ἡγουμένων
3135 1662 3242 1715 τινὶ
3286 1663 3719 1738 προσενέγκοιεν,
3751 1665 3786 1733 ἢ

2138 1750 2476 1821 ἀτιμασθεῖεν
2528 1750 2585 1803 ἂν
2632 1750 3103 1825 προσενεγκόντες,
3151 1755 3317 1805 ταῦτα
3355 1754 3679 1830 προσφέρειν
3711 1758 3790 1825 τῷ

2143 1836 2358 1913 βασιλεῖ
2411 1842 2519 1892 τῶν
2578 1838 2721 1893 ὅλων
2782 1838 2951 1914 εὐχὴν
3013 1839 3372 1911 εὐξαμένους,
3429 1839 3640 1915 χωλά,
3699 1841 3789 1895 xui

2141 1926 2413 2003 ἄῤῥωστα,
2465 1928 2555 1981 καὶ
2615 1924 3000 2003 διεσθαρμένα,
3062 1928 3150 1982 καὶ
3212 1924 3425 2003 βέϐηλα
3481 1928 3791 1999 παντελῶς,

2140 2015 2229 2069 xui
2284 2015 2615 2069 ἀπόπτυστα·
2669 2020 2759 2069 νῦν
2812 2014 2869 2070 δὲ
2898 2023 2997 2085 τῆς
3042 2018 3153 2089 (72)
3203 2019 3340 2092 πρὸς
3386 2017 3512 2079 τοὺς
3563 2017 3788 2081 Λευίτας

2134 2108 2230 2158 τοῦ
2288 2109 2420 2159 Θεοῦ
2480 2101 2747 2174 διαθήκης
2809 2105 3315 2177 ὑπομιμνήσκοντα,
3483 2105 3540 2161 δὲ
3581 2108 3648 2176 ἦν
3688 2116 3791 2177 τῆς

2137 2198 2282 2262 ζωῆς
2331 2194 2418 2247 xui
2471 2201 2572 2262 τῆς
2605 2194 2874 2267 εἰρήνης),
2903 2194 2990 2248 καὶ
3041 2190 3197 2272 φόϐῳ
3246 2191 3533 2271 φοϐεῖσθαι
3563 2197 3653 2251 τὸν
3689 2197 3789 2250 Κύ-

2132 2302 2269 2356 ριον,
2303 2282 2392 2337 καὶ
2449 2284 2553 2336 ἀπὸ
2600 2283 2898 2358 προσώπου
2929 2288 3024 2337 τοῦ
3058 2283 3326 2355 ὀνόματος
3370 2284 3532 2339 αὑτοῦ
3565 2284 3785 2341 στέλλε-

2132 2373 2250 2425 σθαι
2300 2374 2430 2443 (73).
2492 2372 2674 2443 Νόμος
2714 2374 2848 2445 (74),
2908 2373 3090 2449 φησὶν,
3155 2376 3221 2441 ἦν
3284 2372 3543 2442 ἀληθείας
3602 2374 3653 2427 έν
3708 2380 3786 2446 τῷ

2129 2460 2355 2532 στόματι
2416 2460 2579 2515 αύτοῦ
2615 2506 2629 2530 ,
2686 2466 2775 2515 καὶ
2852 2458 3033 2515 ἀδικία
3110 2461 3223 2536 οὐχ
3300 2462 3493 2536 εὑρέθη
3554 2462 3604 2517 έν
3670 2470 3787 2527 τοῖς

2128 2547 2369 2623 χείλεσιν
2430 2549 2594 2602 αὐτοῦ
2629 2592 2642 2605 .
2699 2550 2783 2603 Ἐν
2862 2549 3051 2624 εἰρήνη
3124 2550 3461 2614 κατευθύνων
3518 2551 3781 2627 ἐπορεύθη

2132 2638 2246 2709 μετ’
2301 2637 2435 2709 ἐμοῦ
2470 2682 2483 2707 ,
2544 2637 2633 2691 καὶ
2710 2635 2955 2699 πολλοὺς
3026 2638 3346 2714 ἐπέστρεψεν
3407 2640 3457 2710 ἐξ
3518 2639 3728 2703 ἀδικίας
3765 2686 3781 2712 ,

2127 2725 2208 2780 ὅτι
2279 2725 2444 2801 χείλη
2508 2725 2694 2800 ἱερέως
2754 2725 3043 2801 φυλάξεται
3099 2734 3295 2802 γνῶσιν
3356 2730 3487 2800 (75),
3542 2729 3631 2782 καὶ
3689 2729 3779 2782 νό-

2130 2836 2227 2887 μον
2314 2814 2702 2884 έκζητήσουσιν
2790 2816 2851 2869 ἐκ
2929 2817 3198 2889 στόματος
3288 2815 3451 2869 αὐτοῦ
3486 2860 3497 2872 .
3577 2816 3674 2869 Καὶ
3742 2818 3778 2885 ἡ

2124 2903 2268 2957 αἰτία
2326 2904 2401 2964 ὡς
2455 2902 2614 2974 τιμία
2667 2924 2725 2958 τε
2777 2904 2891 2975 ἅμα
2937 2906 3025 2958 καὶ
3067 2899 3271 2980 φοϐερά
3307 2906 3317 2958 !
3353 2901 3490 2957 διότι
3547 2903 3775 2980 ἄγγελος

2125 2991 2325 3066 Κυρίου
2422 2990 2858 3067 παντοκράτορός
2946 2991 3054 3046 ἐστι
3118 3034 3129 3047 .
3222 2992 3318 3046 Kui
3408 2990 3781 3067 παραιτοῦμαι

2132 3081 2225 3153 μὲν
2282 3084 2388 3133 τῶν
2451 3081 2537 3134 ἐπὶ
2592 3080 2807 3143 τούτοις
2869 3082 3010 3154 ἀρῶν
3038 3082 3100 3134 τὸ
3141 3078 3468 3157 βλάσφημον
3501 3083 3635 3153 (76)·
3686 3103 3785 3159 φο-

2127 3164 2329 3242 ϐοῦμαι
2392 3166 2447 3223 δέ
2505 3172 2617 3243 (77)
2672 3171 2770 3237 τὴν
2833 3170 3105 3240 ἀλήθειαν*
3171 3168 3299 3223 ἀλλ’
3358 3170 3385 3223 ὃ
3448 3170 3666 3243 μέτριόν
3727 3192 3785 3226 τε

2125 3259 2237 3331 ἅμα
2267 3260 2380 3330 (78)
2412 3258 2579 3312 εἰπεῖν
2628 3258 2717 3312 καὶ
2766 3258 3039 3335 συμφέρον
3068 3277 3079 3289 ·
3136 3258 3197 3313 Ei
3252 3256 3329 3313 ἔτι
3382 3256 3551 3328 ἄξιον,
3596 3262 3779 3336 φησὶν,

358 3348 779 3423 acceptabilede
823 3348 1082 3403 manibus
1134 3350 1329 3403 vestris
1350 3348 1393 3384 ⁵1
1418 3348 1444 3402 ?
1483 3353 1756 3417 tanquam
1788 3347 2012 3403 scilicet

2133 3343 2414 3420 ἐπιϐλέψαι
2476 3346 2549 3408 εἷς
2609 3345 2791 3400 θυσίαν
2852 3346 3003 3418 ὑμῶν
3066 3350 3200 3419 (79),
3263 3346 3296 3415 ἢ
3352 3342 3538 3402 λαϐεῖν
3592 3346 3775 3403 δεκτὸν

361 3440 615 3495 maxime
664 3437 1060 3504 stomachans,
1098 3453 1162 3491 ac
1219 3436 1570 3491 sacrificium
1623 3437 1885 3507 ipsorum
1937 3439 2009 3493 ob

360 3526 625 3600 ipsorum
650 3527 1085 3598 improbitatem
1119 3526 1454 3597 repudians.

430 3705 590 3761 LXII.
644 3705 789 3760 Nam
839 3704 1128 3759 Zachariae
1178 3703 1418 3774 quidem
1468 3703 1698 3774 quoties
1746 3708 1848 3759 44
1888 3721 2007 3759 me-

357 3793 522 3861 mini,
558 3795 739 3849 facem
771 3792 1168 3865 perhorresco,
1222 3797 1395 3862 atque
1437 3790 1573 3846 item
1622 3808 1688 3847 ea
1729 3808 1853 3861 quas
1885 3793 2009 3864 ipse

353 3884 631 3938 adversus
661 3883 992 3938 sacerdotes
1021 3884 1419 3947 contestatur;
1474 3884 1647 3950 atque
1679 3896 1746 3935 ea
1775 3881 2005 3951 quidem

349 3989 474 4043 quas
496 3971 567 4027 de
595 3972 815 4043 insigni
846 3971 946 4025 illo
976 3974 1361 4041 Jesu,magno
1381 3969 1702 4034 sacerdote,
1737 3970 2005 4025 subindi-

346 4065 475 4125 eat;
506 4077 678 4131 quem
728 4076 860 4115 cum
914 4064 1178 4114 setmone
1232 4074 1339 4112 suo
1389 4056 1625 4112 sordida
1663 4064 1720 4112 et
1766 4058 2009 4130 indigna

343 4154 506 4206 veste
537 4148 816 4213 exuisset,
848 4147 1218 4218 splendidam
1250 4153 1307 4201 et
1348 4145 1771 4201 sacerdotalem
1806 4153 2006 4217 postea

343 4238 468 4311 ipsi
500 4237 751 4310 imponit
786 4239 877 4295 :et
907 4252 1036 4307 quas
1065 4236 1243 4291 etiam
1283 4233 1555 4305 angelum
1586 4235 1656 4289 ad
1687 4234 1889 4289 Jesum
1921 4236 2004 4291 di-

2123 3435 2181 3490 ὲκ
2208 3441 2314 3490 τῶν
2344 3440 2546 3510 χειρῶν
2579 3436 2778 3507 ὑμῶν;
2833 3435 2906 3495 ὡς
2966 3432 3023 3487 ἂν
3094 3433 3332 3507 μάλιστα
3388 3434 3773 3511 δνσχεραίνων,

2120 3524 2209 3579 καὶ
2240 3526 2338 3593 τὴν
2372 3522 2679 3599 ἱερωργίαν
2726 3522 2899 3577 αὐτῶν
2954 3520 3043 3577 διὰ
3090 3525 3191 3592 τήν
3233 3523 3422 3579 κακίαν
3452 3524 3773 3598 ἀποπεμπό-

2123 3634 2304 3685 μενος.

2189 3704 2313 3758 ΞΒ’.
2349 3701 2619 3775 Ζαχαρίου
2672 3701 2765 3773 μὲν
2807 3701 2910 3776 γὰρ
2964 3699 3042 3755 ὅτ’
3084 3701 3143 3755 ἃν
3201 3704 3445 3774 μνησθῶ,
3478 3702 3685 3778 φρίσσω
3714 3705 3777 3758 τὸ

2121 3788 2404 3864 δρέπανον,
2458 3790 2668 3862 ὁμοίως
2720 3790 2809 3844 καὶ
2870 3791 2901 3845 ἂ
2949 3790 3086 3845 κατὰ
3132 3796 3236 3845 τῶν
3286 3792 3470 3864 ἱερέων
3508 3792 3772 3866 μαρτύρε-

2116 3901 2201 3933 ται
2230 3882 2388 3934 οὕτος
2433 3882 2562 3952 (80)·
2600 3878 2632 3932 ἃ
2686 3880 2780 3952 μέν
2831 3880 2955 3954 περὶ
3007 3881 3184 3949 Ἰησοῦ
3231 3885 3328 3934 τοῦ
3375 3880 3532 3954 πάνυ,
3584 3883 3772 3957 ἱερέως

2114 3973 2213 4023 τοῦ
2246 3967 2511 4043 μεγάλου,
2545 3965 2886 4043 παραδηλοῖ,
2913 3968 2969 4023 ὃν
3023 3966 3313 4043 περιδύσας
3361 3971 3475 4042 (81)
3503 3973 3581 4040 τῷ
3623 3968 3774 4046 λόγῳ

2114 4058 2213 4125 τὴν
2265 4057 2505 4132 ῥυπαρὰν
2558 4056 2754 4124 ἐσθῆτα
2798 4056 2887 4111 καὶ
2943 4057 3177 4129 ἀναξίαν,
3228 4059 3325 4126 τὴν
3375 4058 3649 4133 ἱερατικὴν
3685 4061 3773 4114 xui

2118 4145 2373 4220 λαμπρὰν
2406 4145 2759 4221 περιτίθησιν·
2797 4144 2892 4200 ὅσα
2933 4168 2992 4201 τε
3040 4148 3067 4201 ὁ
3119 4145 3348 4222 ἄγγελος
3396 4145 3541 4218 αύτῷ
3591 4148 3770 4223 λέγων

2116 4236 2252 4310 πρὸς
2306 4233 2398 4289 τὸν
2451 4235 2659 4303 Ἰησοῦν
2709 4235 2799 4288 καὶ
2851 4234 3199 4305 ἐπισκήπτων
3258 4235 3554 4305 πεποίηται
3612 4239 3726 4310 (82)

410 4398 455 4435 ‘7
482 4396 727 4454 Malacb.
759 4413 799 4463 ι,
830 4397 953 4452 6-8.
1030 4396 1074 4431 ‘3
1106 4394 1352 4452 Malach.
1396 4410 1457 4465 ιι,
1489 4395 1543 4449 5.
1621 4394 1667 4430 ⁴⁰
1698 4394 1843 4451 ibid.
1874 4397 1909 4451 6
1946 4399 2012 4468 ,7.

2135 4395 2275 4452 ibid.
2307 4397 2363 4466 7,
2438 4395 2481 4433 ει
2516 4395 2656 4451 ibid.
2692 4396 2778 4451 13.

413 4574 522 4647 (67)
573 4574 751 4647 Μέθην
798 4572 890 4647 καὶ
940 4570 1362 4647 πλάνηνηΒθε.
1430 4591 1490 4641 ιι,
1548 4575 1783 4647 optimae
1830 4584 1997 4642 noue,

342 4642 559 4728 πλάνην
611 4642 716 4700 καὶ
755 4645 949 4717 μέθην.
986 4645 1155 4703 Forte
1184 4642 1400 4702 Hahae.
1450 4664 1509 4702 ιι.
1546 4642 1632 4717 16,
1679 4649 1779 4703 sed
1812 4649 2002 4704 verbis

338 4723 756 4932 uigiliam
797 4790 963 4843 Deest
994 4787 1051 4841 in
1084 4787 1379 4860 plerisque
1411 4789 1735 4845 codicibus.

340 4930 348 4932 Α
432 4862 524 4932 69)
554 4858 791 4932 Θηρίων.
828 4860 1188 4932 «11631⁸65οω
1250 4865 1544 4929 auctores,
1596 4882 1625 4910 ›)
1678 4878 1735 4915 η(

432 4862 524 4932 69)
554 4858 791 4934 Θηρίων.
828 4860 1197 4934 ((-Ηδειθοειιωγ
1250 4858 1544 4934 auctores,
1596 4882 1625 4910 ››
1678 4878 1793 4915 non
1850 4860 2002 4917 male

336 4929 802 4988 internretantur
835 4929 986 4987 Elias
1016 4937 1073 4986 et
1103 4932 1454 4988 Gabrielius.

407 4950 496 4986 ῑϐῐ·
541 4950 802 4987 relantur
835 4950 986 4987 151188
1016 4950 1073 4986 et
1103 4950 1454 4988 UEDPIBHUS.

407 4950 535 5073 (70)³
557 4998 968 5073 Παιδευμάτων.
1009 5005 1091 5057 lla
1123 5004 1283 5059 Colb.
1313 5005 1367 5069 3,
1400 5010 1456 5058 et
1486 5000 1659 5059 Coisl.
1691 5002 1744 5055 3.

404 5077 521 5146 (71)
556 5074 639 5127 Ἐν
666 5075 829 5128 τίσιν.
889 5076 951 5130 In
1007 5076 1145 5146 Reg.
1205 5076 1244 5141 l,
1302 5081 1358 5130 et
1389 5075 1548 5131 Colb.
1604 5090 1683 5136 m,
1717 5073 1897 5128 deest.
1934 5074 1995 5129 In

334 5146 714 5218 quibusdam,
740 5148 1152 5218 interrogative
1172 5146 1405 5218 legitur,
1432 5151 1495 5201 ut
1525 5147 1583 5201 in
1614 5160 1779 5218 sacro
1809 5149 1990 5218 textu.

400 5219 516 5289 (72)
574 5212 797 5272 Νῦν-δὲ
845 5212 992 5286 τῆςξ
1049 5224 1156 5273 etc.
1230 5212 1315 5274 Re
1365 5212 1399 5272 ,⁷
1456 5235 1508 5284 a,
1587 5218 1672 5268 νῦν
1732 5212 1788 5268 δὲ
1854 5216 1990 5289 πρὸς

397 5288 453 5344 ὺς
514 5290 744 5344 Aeni-tua
796 5296 895 5344 τῆς
956 5292 1052 5342 τοῦ
1112 5291 1265 5343 Θεοῦ.
1320 5234 1463 5344 ﬁcti.
1525 5285 1690 5344 alter.
1751 5292 1849 5344 τῆς
1892 5292 1989 5343 τοῦ

326 5285 453 5351 τοῦς
500 5285 744 5368 ’λξευῖτας
796 5296 895 5357 τῆς
956 5292 1052 5342 τοῦ
1112 5291 1265 5343 Θεοῦ.
1323 5285 1463 5358 Reg.
1525 5285 1690 5354 alter,
1751 5292 1849 5355 τῆς
1892 5285 1989 5343 ’ξοδ

326 5364 587 5434 Χριστοῦ.

396 5434 485 5503 (73
497 5453 511 5503 )
542 5429 899 5487 mmmam.
940 5454 966 5481 ‹‹
997 5430 1349 5503 Qontrahere
1380 5447 1463 5503 se,
1510 5453 1531 5481 ι)

396 5453 485 5503 (ι.)
542 5453 899 5487 λιτεΛΛεσυαι.
940 5454 966 5481 ‹‹
997 5453 1349 5487 υοιιιγιωεῖω
1380 5453 1463 5494 se,
1510 5453 1531 5481 ι

322 5453 819 5640 θείςέξνΝόμος...
874 5505 938 5570 ἦν
989 5500 1270 5571 ἀληθείας.
1325 5503 1388 5556 In
1434 5501 1547 5555 LXI

356 5594 801 5771 εῗῖέςὶνῗνῶσιν.
863 5646 986 5702 Duo
1042 5647 1220 5718 Regg.
1281 5650 1338 5700 et
1395 5642 1566 5701 Coisl.
1630 5645 1679 5711 1,
1740 5643 1976 5717 habent,

356 5734 391 5771 ρ
420 5735 523 5771 σιν.

324 5734 523 5788 κρισιν.

393 5789 507 5861 (76)
539 5782 899 5863 Βλάσφημον.
934 5810 961 5839 ‹‹
997 5788 1159 5853 Quod
1191 5792 1389 5861 posset
1431 5788 1720 5845 offendere
1751 5804 1764 5855 ;
1819 5786 1973 5857 qu0d

1611 5445 1685 5483 res
1718 5429 1943 5486 timore.

1626 5499 1795 5571 νόμος
1845 5499 1981 5572 ἀλη-

2108 4933 2266 5058 eoi?

2119 4577 2335 4631 durum
2368 4574 2939 4647 et_contumeliosum
2968 4580 3123 4632 esset
3152 4578 3446 4647 praatereo.
3482 4597 3509 4625 ››

2190 4648 2303 4718 (77)
2337 4640 2626 4719 Φοϐοῦμαι
2662 4643 2738 4701 δὲ.
2770 4647 2859 4719 ,Ιιιι
2891 4648 3065 4719 Regg.
3102 4640 3328 4713 omnes,
3366 4648 3545 4716 Pass.,
3578 4648 3695 4705 Jes.
3717 4652 3773 4704 et

2034 4685 2081 4749 D
2119 4717 2162 4773 Ο
2191 4685 2232 4718 μ
2259 4685 2302 4716 .,
2350 4685 2738 4730 ιυυυυμυκηυν.
2775 4685 2793 4702 .

2170 4735 2211 4774 r.
2256 4719 2304 4772 1.
2341 4718 2512 4774 Deest
2537 4716 2594 4771 δέ
2627 4735 2683 4773 1n
2715 4718 2806 4773 ed.

2188 4790 2299 4860 (78)
2332 4788 2559 4862 Μετριόν
2615 4809 2673 4843 τε
2729 4788 2860 4861 ἅμα.
2916 4792 3000 4843 Ita
3049 4788 3226 4861 Regg,
3284 4790 3504 4858 decem,
3555 4789 3769 4860 aliique

2112 4858 2537 5005 I311671838.Gueluv
2600 4929 2752 5005 ὑμῶν
2810 4931 2975 5005 Deest
3048 4928 3197 5002 ὑμῶν
3245 4932 3302 4986 in
3361 4936 3488 4988 octo
3548 4931 3764 5005 Regiis,

2304 5008 2575 5073 quatuor,
2611 5007 2666 5058 et
2693 5001 2787 5057 Or.
2806 5004 2872 5073 ί1.

2178 5076 2291 5145 (80)
2323 5072 2513 5135 Οὗτος.
2562 5076 2626 5129 In
2673 5072 2971 5145 plerisque
3016 5074 3315 5129 codicibus
3363 5090 3562 5129 vocem
3613 5074 3767 5131 hanc

2105 5146 2393 5202 antecedit
2425 5147 2614 5217 major
2662 5145 3002 5218 distinctio;
3038 5146 3095 5199 in
3129 5145 3577 5218 aliis_seq_ui_tur,
3611 5147 3766 5218 quod

2102 5217 2472 5276 commodius
2505 5215 2619 5275 est.
2688 5217 2914 5273 Clarius
2962 5217 3021 5271 in
3074 5218 3213 5289 Reg.
3265 5216 3303 5283 l,
3351 5215 3511 5278 αῖότὸς
3556 5215 3764 5293 μαρτύ-

2099 5306 2268 5359 ρεται.

2168 5362 2281 5432 (81)
2313 5361 2425 5433 Ὃν
2447 5355 2763 5433 περιδύσας,
2791 5381 2815 5407 α
2844 5360 3022 5424 Quem
3058 5376 3191 5414 cum
3224 5359 3503 5433 exuisset,
3538 5382 3567 5409 »
3589 5376 3767 5433 gnem-

2094 5446 2164 5501 pe
2211 5431 2615 5501 jubendo,‘ut
2660 5431 3007 5501 auferretur,
3042 5432 3538 5501 quemadmodum
3588 5431 3765 5488 habet

2093 5500 2257 5578 sacer
2280 5500 2485 5578 tentus
2533 5501 2705 5578 _Zac_h.
2758 5519 2841 5565 ιιι,
2871 5504 2953 5578 _5,
2990 5500 3271 5578 “suam
3327 5500 3391 5555 τὰ
3438 5502 3632 5578 ἱμάτια
3690 5503 3758 5557 τὰ

2105 5571 2303 5646 Ξυπαρὰ
2353 5572 2443 5625 ἀπ’
2492 5571 2687 5646 αὐτοῦ,
2716 5593 2742 5623 ι
2779 5574 3008 5646 Auferte
3048 5571 3397 5646 vestimenta
3428 5571 3686 5633 sordida.
3723 5597 3751 5626 »

2132 5640 2421 5715 ademest
2450 5644 2536 5699 vis
2568 5645 2726 5701 vocis
2765 5640 3029 5715 περιδύω,
3074 5663 3141 5703 ac
3196 5642 3391 5715 ἒκδύω,
3445 5648 3534 5702 uti
3572 5648 3750 5705 etiam

2086 5713 2379 5791 περιαιρέω
2412 5716 2635 5791 aufero,
2659 5713 2933 5791 detraho.
2967 5716 3098 5791 B_ill.
3136 5742 3163 5769 ‹‹
3196 5713 3509 5791 induisset.
3542 5739 3573 5770 »

2159 5787 2282 5861 (82)
2302 5787 2623 5858 Πεποίηται.
2658 5789 2798 5860 Reg.
2831 5788 2871 5845 ι.
2903 5792 2962 5846 et
2990 5789 3192 5849 Comb.
3225 5790 3513 5860 πεποίηκε.
