4152 6286
394 449 513 508 473

1537 445 1832 506 ORATIO
1878 444 1956 504 II.
1993 475 2069 487 —
2095 441 2668 503 APOLOGETICA.

3694 442 3812 499 474

393 585 560 635 ταῦτα
613 580 733 653 μὲν,
784 578 859 640 εἷς
908 577 1128 652 μείζονα
1177 579 1287 651 (83)
1336 577 1424 631 καὶ
1474 574 1786 650 ὑψηλότερα
1836 572 1962 635 ξ’σως
2012 577 2027 628 i

2164 578 2391 631 centem
2417 591 2482 629 ac
2514 573 2893 628 mandantem
2925 570 3149 627 inducit
3184 588 3197 641 ;
3231 587 3315 642 ea,
3346 572 3607 644 inquam,
3643 575 3707 626 ut
3738 573 3809 627 ad

394 670 529 725 κατὰ
558 668 684 730 τοὺς
718 664 963 729 πολλοὺς
1017 666 1190 741 ἱερέας
1242 665 1633 741 ἀναφερόμενα,
1676 663 1858 737 σιωπῇ
1888 663 2048 737 τιμά-

397 761 528 813 σθω·
564 756 716 827 πλὴν
751 756 832 813 ὅτι
865 756 954 811 καὶ
984 756 1179 811 τούτου
1211 755 1269 811 ἐκ
1300 753 1483 825 δεξιῶν
1513 756 1540 808 ὁ
1574 749 1829 815 διάϐολος
1876 752 2051 824 εῑστη-

393 869 473 902 κει
532 852 629 902 τοῦ
688 846 1013 901 ἀντικεῖσθαι
1075 846 1220 917 αὐτῷ
1263 865 1274 877 ·
1336 850 1561 921 πρᾶγμα
1618 842 1740 916 ἐμοὶ
1797 846 1925 918 γοῦν
1983 841 2047 897 οὔ

398 939 636 1013 μέτριον,
672 933 797 990 οὐδὲ
831 934 1019 1011 ὀλίγου
1053 930 1223 1012 φόϐου
1253 934 1341 988 καὶ
1370 933 1615 1013 φυλακῆς
1647 932 1813 1003 ἄξιον.

466 1116 591 1172 ΞΓ.
622 1117 693 1171 ’Ἀ
723 1111 780 1169 δὲ
807 1118 913 1169 τῶν
963 1111 1174 1168 λοιπῶν
1223 1116 1521 1188 κατηγορεῖ
1550 1112 1826 1184 ποιμένων
1862 1111 2048 1185 ἐπιμε-

396 1205 511 1266 λῶς
540 1205 627 1258 καὶ
656 1203 998 1274 καθάπτεται,
1029 1203 1111 1264 τίς
1143 1202 1284 1257 οὕτω
1313 1200 1597 1277 τολμηρὸς
1620 1201 1709 1256 καὶ
1738 1202 1835 1271 τὴν
1862 1204 2045 1277 ψυχήν

399 1295 511 1369 (84)
542 1291 918 1366 ἀδαμάντινος,
952 1292 1092 1347 ὥστε
1126 1293 1202 1364 μὴ
1234 1290 1450 1367 τρέμειν
1499 1289 1733 1362 ἀκούων,
1765 1290 1853 1345 καὶ
1886 1291 2045 1353 αὐτὸς

399 1384 588 1438 ἑαυτοῦ
644 1381 881 1457 γίνεσθαι
950 1382 1310 1457 μετριώτερος
1369 1398 1383 1449 ;
1443 1381 1644 1451 Φωνὴ,
1706 1381 1860 1455 φησὶ,
1913 1382 2043 1453 θρη-

394 1470 627 1528 νούντων
685 1472 962 1544 ποιμένων
999 1515 1012 1540 ,
1078 1469 1160 1525 ὅτι
1217 1468 1694 1546 τεταλαιπώρηκεν
1753 1472 1787 1539 ἡ
1852 1490 2044 1545 μεγα-

396 1560 598 1630 λοσύνη
678 1560 854 1616 αὐτῶν
890 1580 902 1591 ·
962 1561 1112 1639 φωνή
1190 1560 1516 1636 ὠρυομένων
1594 1558 1823 1615 λεόντων
1869 1606 1884 1631 ,
1961 1556 2043 1613 ὅτι

392 1648 519 1706 τάδε
573 1651 891 1715 πεπόνθασι.
944 1648 1190 1705 Μονονοὺ
1222 1648 1439 1704 κάκούει
1499 1651 1610 1722 (85)
1665 1653 1772 1703 τῶν
1831 1650 2042 1722 θρήνων

394 1740 469 1802 ὡς
518 1737 627 1810 ἤδη
684 1739 995 1815 παρόντων,
1054 1739 1145 1793 καὶ
1202 1744 1488 1813 συνθρηνεῖ
1543 1742 1657 1799 τοῖς
1715 1739 2041 1813 πάσχουσιν.

391 1834 512 1883 ’Έτι
562 1826 619 1882 δὲ
671 1827 863 1902 μικρὸν
923 1826 1223 1903 ἔμπροσθεν
1286 1830 1398 1900 (8(5)
1455 1826 1899 1902 πληκτικώτερον
1953 1826 2042 1881 καὶ

392 1915 753 1994 σφοδρότερον
793 1936 804 1947 ⁸
867 1915 1194 1988 Ποιμαίνετε
1230 1960 1242 1986 ,

2161 665 2384 735 majora
2398 662 2643 719 fortasse
2656 666 2713 717 et
2725 660 3073 717 sublimiora
3096 677 3272 733 quam
3290 660 3612 717 multorum
3626 677 3812 718 sacer-

2159 753 2361 808 dotum
2386 757 2590 825 captus
2617 753 2779 818 ferat,
2804 750 3121 818 tendentia,
3146 749 3380 805 cilentio
3402 752 3811 808 commenden-

2158 847 2293 910 tur;
2327 841 2441 897 nisi
2472 842 2621 913 quod
2656 858 2689 897 a
2720 840 2944 895 dextris
2975 841 3151 895 etiam
3177 839 3359 912 ipsius
3391 840 3657 896 diabolus
3690 846 3809 897 sta-

2158 932 2277 1001 bat,
2313 936 2376 986 ut
2406 931 2457 987 ei
2510 930 2921 987 obsisteret":
2976 947 3089 997 res,
3124 948 3250 985 meo
3298 930 3536 1000 quidem
3559 931 3805 1005 judicio,

2158 1038 2273 1076 non
2306 1038 2502 1092 parva,
2534 1036 2637 1075 nec
2671 1036 2847 1091 parvo
2882 1023 3040 1075 metu
3072 1028 3127 1075 et
3155 1019 3422 1074 cautione
3452 1019 3646 1090 digna.

2230 1110 2415 1166 LXIII.
2450 1112 2585 1176 Quae
2612 1113 2828 1175 autem,
2863 1108 3115 1179 reliquos
3138 1112 3399 1180 pastores
3431 1109 3693 1165 studiose
3719 1128 3809 1167 ac-

2158 1201 2415 1256 cusando
2447 1205 2503 1255 et
2532 1199 2874 1255 insectando
2924 1199 3022 1269 ait,
3070 1199 3271 1270 ecquis
3312 1201 3430 1253 tam
3479 1199 3668 1255 audax
3698 1203 3808 1269 est,

2156 1294 2394 1361 tamque
2417 1288 2794 1344 adamantino
2819 1288 3034 1355 animo,
3064 1287 3165 1359 qui
3186 1304 3252 1342 ea
3274 1287 3519 1343 audiens
3545 1305 3657 1343 non
3677 1306 3807 1345 con-

2154 1381 2475 1445 tremiscat,
2508 1382 2565 1433 et
2596 1378 2788 1450 seipso
2821 1376 3172 1433 moderatior
3204 1377 3528 1432 reddatur?
3562 1378 3690 1445 Vox,
3722 1380 3804 1434 in-

2156 1467 2301 1539 quit,
2337 1468 2649 1537 lugentium
2679 1470 2992 1533 Pastorum,
3025 1468 3159 1537 quia
3188 1467 3397 1537 afﬂicta
3427 1470 3506 1522 est
3538 1469 3802 1539 magniﬁ-

2153 1559 2335 1613 centia
2365 1573 2576 1613 eorum.
2616 1558 2725 1614 Vox
2744 1557 3086 1628 rugienti-um
3118 1556 3489 1627 leonum,quia
3520 1556 3639 1613 haec
3656 1558 3807 1629 passi

2153 1649 2279 1703 sunt
2300 1648 2364 1701 ⁵³.
2391 1648 2552 1717 Ipsos
2581 1662 2813 1718 quoque
2835 1644 3259 1717 propemodum
3283 1645 3496 1713 luctus,
3517 1644 3802 1717 velutjam

2154 1739 2492 1809 praesentes,
2516 1735 2700 1805 audit,
2725 1739 2895 1804 atque
2919 1752 3036 1790 una
3056 1751 3189 1789 cum
3216 1734 3288 1790 iis
3321 1734 3419 1806 qui
3446 1735 3801 1803 cruciantur,

2153 1826 2334 1898 luget.
2366 1826 2445 1880 Ac
2476 1823 2649 1896 paulo
2682 1828 2813 1896 post
2844 1824 3037 1879 acrius
3060 1823 3250 1879 adhuc
3280 1828 3332 1879 et
3360 1824 3798 1880 vehementius:

1301 1916 1457 1993 φησὶ,
1511 1917 1578 1970 τὰ
1631 1911 1878 1990 πρόϐατα
1941 1923 2027 1985 τῆς

2154 1917 2379 2001 Pascite,
2413 1914 2624 1986 inquit,
2656 1930 2778 1969 oves
2806 1915 3117 1984 occisionis,
3146 1930 3279 1986 quas
3310 1914 3406 1985 qui
3428 1914 3798 1984 possidebant,

388 2013 619 2084 σφαγῆς,
680 2006 712 2060 ἃ
769 2007 821 2060 οἱ
867 2005 1199 2078 κτησάμενοι
1247 2004 1574 2082 κατέσφαζον
1634 2007 1768 2077 (87),
1826 2004 1915 2059 καὶ
1977 2005 2027 2060 οὗ

2154 2004 2506 2074 tugulabant,
2537 2020 2636 2059 nec
2678 2005 3001 2074 pwnitentia
3040 2002 3417 2058 ducebantur:
3448 2011 3498 2058 et
3544 2004 3641 2075 qui
3667 2019 3803 2059 ven-

392 2093 788 2169 μετεμελοῦντο
841 2098 971 2169 (88)’
1024 2095 1113 2148 καὶ
1163 2096 1213 2149 οἱ
1267 2094 1581 2156 πωλοῦντες
1639 2094 1771 2148 αὐτὰ
1828 2092 2035 2169 ἔλεγον.

388 2184 704 2258 Εὐλογητὸς
786 2183 982 2256 Κύριος
1017 2226 1032 2251 ,
1091 2183 1179 2237 καὶ
1254 2182 1710 2255 πεπλουτήκαμεν
1748 2203 1759 2214 ’
1820 2183 1909 2237 καὶ
1986 2184 2036 2237 οἱ

387 2273 644 2346 ποιμένες
702 2273 874 2328 αὐτῶν
939 2272 1037 2327 οὐκ
1092 2270 1329 2349 ἔπασχον
1404 2270 1554 2327 οὐδὲν
1624 2274 1735 2346 (89)
1807 2272 1888 2327 ἐπ’
1944 2273 2036 2327 αὐ-

384 2367 526 2424 τοῖς.
560 2363 657 2417 Διὰ
708 2368 870 2417 τοῦτο
930 2362 990 2416 οὐ
1052 2362 1305 2439 φείσομαι
1365 2362 1462 2417 οὐκ
1518 2360 1594 2417 ἔτι
1653 2365 1763 2435 (90)
1797 2362 2035 2425 ἐπὶτοὺς

386 2456 771 2514 κατοικοῦντας
846 2453 945 2520 τήν
1028 2455 1128 2527 γῆν
1167 2497 1179 2521 ,
1240 2450 1384 2527 λέγει
1464 2450 1658 2526 Κύριος
1734 2451 2036 2526 παντοκρά-

382 2559 517 2616 τωρ”
578 2540 667 2595 καὶ
725 2537 889 2594 πάλιν
929 2560 939 2571 ·
1000 2540 1268 2616 Ῥομφαία
1302 2584 1320 2611 ,
1377 2540 1684 2615 ἐξεγέρθητι
1755 2538 1841 2594 ἐπὶ
1909 2540 2035 2603 τοὺς

384 2628 645 2701 ποιμένας
682 2672 696 2698 ,
759 2629 848 2683 καὶ
922 2629 1187 2699 πατάξατε
1257 2628 1742 2701 τοὺς,ποιμένας,
1800 2630 1889 2683 καὶ
1948 2630 2033 2683 έκ-

383 2717 616 2773 σπάσατε
674 2720 741 2773 τὰ
797 2715 1063 2793 πρόϐατα
1124 2719 1253 2787 καὶ,
1316 2717 1492 2787 ἐπάξω
1548 2718 1646 2785 τὴν
1706 2719 1870 2794 χεῖρά
1932 2740 2034 2791 μου

384 2806 470 2861 έπί
526 2808 649 2869 τοὺς
706 2806 993 2879 ποιμένας,
1046 2808 1135 2862 καὶ
1196 2806 1434 2883 ὠργίσθη
1494 2807 1522 2861 ὁ
1573 2806 1743 2879 θυμός
1794 2829 1899 2880 μου
1948 2806 2034 2863 ἐπὶ

386 2895 514 2957 τοὺς
572 2895 839 2968 ποιμένας
896 2898 1047 2969 (91),
1106 2895 1195 2950 καὶ
1255 2895 1341 2949 ἐπὶ
1398 2895 1525 2957 τοὺς
1581 2895 1784 2968 ἀμνοὺς
1834 2896 2038 2953 ἐπισκέ-

389 2987 583 3055 ψομαι·
618 2984 929 3058 προστιθεὶς
977 2987 1089 3059 (92)
1136 2982 1245 3053 ἤδη
1294 2988 1362 3057 τῇ
1394 2981 1594 3058 ἀπειλῇ
1644 2986 1732 3039 καὶ
1772 2990 1868 3040 τοῦ
1902 2985 2035 3042 λαοῦ

391 3070 516 3131 τοὺς
546 3074 902 3147 προέγοντας.
937 3072 1095 3131 Οὕτω
1140 3072 1453 3151 φιλοπόνως
1506 3075 1921 3146 προσκαθέζεται
1957 3080 2036 3148 τῷ

392 3156 549 3233 λόγῳ
608 3160 695 3214 καὶ
754 3159 874 3216 οὐδὲ
948 3160 1333 3239 ἀπαλλαγῆναι
1391 3160 1610 3217 δύναται
1670 3161 1868 3239 ῥᾳδίως
1926 3168 2031 3220 τῶν

2150 2096 2350 2150 debant
2380 2111 2498 2165 eas,
2531 2093 2813 2161 dicebant,
2862 2094 3191 2148 Benedictus
3236 2094 3518 2161 Dominus,
3551 2094 3685 2164 quia
3713 2092 3797 2149 di-

2146 2187 2280 2240 vites
2308 2184 2446 2254 facti
2474 2198 2662 2237 sumus
2688 2200 2706 2235 .·
2739 2190 2790 2237 et
2823 2190 3061 2253 pastores
3091 2198 3279 2236 earum
3326 2181 3474 2235 nihil
3505 2182 3705 2237 doloris
3736 2180 3798 2237 ob

2144 2291 2234 2330 eas
2263 2273 2567 2343 capiebant.
2602 2273 2896 2342 PrOpterea
2925 2288 3031 2326 non
3060 2288 3289 2342 parcam
3320 2269 3472 2325 ultra
3504 2287 3668 2342 super
3700 2271 3796 2326 ha-

2146 2364 2376 2419 bitantes
2407 2370 2632 2427 terram,
2655 2360 2786 2415 dicit
2819 2362 3087 2416 Dominus
3108 2360 3445 2431 omnipotens
3466 2360 3513 2395 δι
3540 2384 3554 2429 ;
3586 2377 3650 2415 ac
3675 2377 3799 2415 rur-

2145 2469 2270 2518 sus,
2302 2453 2554 2520 Framea,
2585 2452 2852 2506 suscitare
2880 2466 3045 2522 super
3084 2453 3325 2521 pastores
3356 2450 3398 2483 ⁵⁵
3424 2475 3437 2518 ;
3479 2453 3555 2516 et,
3584 2451 3787 2505 Percu-

2145 2543 2238 2598 tite
2258 2545 2520 2613 pastores,
2546 2556 2666 2595 oves
2695 2540 2987 2610 extrahite,
3010 2543 3061 2595 et
3090 2538 3346 2594 inducam
3366 2555 3591 2593 manum
3612 2556 3791 2594 meam

2143 2647 2307 2703 super
2332 2632 2603 2701 pastores;
2635 2632 2693 2684 et
2738 2646 2968 2695 rursus,
3022 2633 3201 2683 Iratus
3232 2638 3310 2683 est
3339 2632 3500 2699 furor
3528 2645 3679 2683 meus
3712 2645 3794 2683 su-

2143 2737 2245 2792 per
2265 2724 2533 2793 pastores,
2559 2722 2607 2774 et
2636 2735 2801 2789 super
2829 2734 2997 2789 agnos
3048 2718 3277 2773 visitabo
3308 2718 3351 2751 εδ
3376 2734 3388 2772 :
3414 2718 3541 2789 jam
3574 2717 3794 2773 scilicet

2144 2810 2304 2881 ipsos
2326 2824 2557 2880 quoque
2584 2805 2782 2878 populi
2806 2807 3083 2878 praesides
3116 2807 3174 2862 in
3208 2806 3661 2862 comminatione
3691 2808 3791 2862 ad-

2138 2901 2419 2970 jungens.
2443 2897 2630 2953 Tanto
2659 2895 2852 2952 studio
2885 2896 2943 2951 in
2993 2896 3097 2951 bac
3129 2895 3389 2951 oratione
3418 2896 3655 2963 insidet,
3689 2912 3792 2952 nec

2145 3006 2179 3044 a
2208 2987 2385 3042 minis
2416 2985 2585 3041 facile
2614 2985 2825 3041 abduci
2856 2989 3066 3057 potest.
3092 2987 3292 3057 Itaque
3314 3002 3533 3054 vereor,
3567 3002 3637 3039 ne
3668 2985 3793 3056 ipse

2145 3093 2376 3149 quoque
2408 3076 2466 3130 in
2498 3075 2697 3130 odium
2725 3074 3042 3143 incurram,
3077 3075 3274 3129 omnia
3305 3075 3506 3130 ordine
3537 3091 3788 3130 comme-

2146 3183 2402 3222 morans.
2429 3169 2642 3219 Verum
2665 3163 2972 3219 Zacharias
2996 3164 3232 3235 quidem
3256 3164 3326 3219 ad
3350 3163 3506 3219 hunc
3528 3164 3792 3219 modum.

381 3247 668 3304 ἀιπειλῶν·
721 3248 858 3305 ὥστε
926 3248 1142 3307 δέδοικα
1199 3254 1275 3325 μὴ
1327 3252 1415 3307 καὶ
1466 3252 1625 3314 αὐτὸς
1682 3254 1944 3316 ἀπευκτὸς
2010 3257 2074 3328 ὦ,
2131 3256 2341 3311 πάντων
2397 3253 2517 3323 ἑξῆς
2576 3250 2924 3325 μεμνημένος
2961 3294 2973 3307 .
3053 3247 3211 3306 Ἀλλ’
3268 3253 3294 3307 ὁ
3355 3253 3446 3324 μὲν
3524 3249 3795 3328 Ζαχαρίας

379 3337 582 3400 οὕτως.

443 3432 565 3483 EA"
601 3431 716 3485 Ἵνα
775 3425 832 3484 δὶ
889 3428 1018 3492 τοὺς
1082 3429 1133 3483 έν
1185 3433 1265 3500 τῷ
1318 3429 1521 3498 Δανιὴλ
1596 3428 2036 3507 παραδράμωμεν

376 3513 801 3593 πρεσϐυτέρους·
863 3519 953 3574 καὶ
1010 3520 1113 3596 8ὰρ
1170 3516 1644 3595 παραδράμοιμεν,
1703 3520 1899 3575 καὶτὸ
1954 3527 2033 3595 τῷ

379 3602 615 3681 δεσπότῃ
688 3608 813 3683 περὶ
894 3608 1067 3663 αὐτῶν
1145 3605 1327 3669 καλῶς
1403 3610 1517 3681 (93)
1592 3609 1879 3684 εἰρημένον
1944 3612 2031 3665 καὶ

379 3716 486 3770 προ
498 3716 693 3771 ηγορευ
703 3694 859 3769 μένον
944 3700 1057 3769 (94)
1096 3744 1109 3765 ,

376 3778 704 3847 Βαϐυλῶνος
767 3784 827 3841 έκ
878 3782 1253 3861 πρεσϐυτέρων
1319 3791 1518 3862 κριτῶν
1578 3788 1690 3860 (95)
1724 3832 1737 3857 ,
1798 3789 1855 3841 οἳ
1913 3786 2027 3843 ἐδό-

373 3893 501 3927 κουν
549 3868 811 3950 κυϐερνᾷν
869 3874 959 3929 τὸν
1021 3872 1173 3929 λαόν·
1236 3880 1354 3936 πῶς
1413 3872 1631 3948 οἷ’σομεν
1705 3878 1816 3949 (96)
1874 3879 2025 3946 Ἰεζε-

368 3961 527 4033 κιήλ,
554 3963 645 4017 τὸν
675 3968 782 4018 τῶν
817 3961 1066 4040 μεγάλων
1118 3963 1357 4035 έπόπτην
1389 3964 1477 4019 καὶ
1516 3963 1788 4040 ἐξηγητὴν
1827 3987 2027 4039 μυστης

2216 3436 2313 3494 45
2352 3432 2540 3489 LXlV.
2584 3432 2655 3487 Ut
2686 3437 2879 3487 autem
2930 3430 3062 3488 illos
3093 3432 3246 3504 apud
3299 3430 3594 3488 Danielem
3626 3448 3796 3487 senes

2143 3528 2558 3596 praetereamus
2584 3521 2830 3588 ;etenim
2846 3527 3278 3593 praetereamus,
3303 3520 3527 3592 etquod
3551 3518 3793 3591 pulchre

2142 3615 2214 3670 de
2242 3614 2315 3669 iis
2345 3630 2379 3667 a
2408 3610 2654 3667 Domino
2686 3610 2907 3665 dictum
2956 3627 3019 3666 ac
3072 3610 3409 3681 praedictum
3440 3614 3547 3676 est,
3582 3624 3791 3679 nempe

1195 3696 1276 3751 ὅτι
1378 3694 1599 3769 ἐξῆλθεν
1697 3698 1895 3770 ἀνομία
1974 3698 2027 3754 ἐκ

2154 3703 2295 3775 quod
2328 3718 2543 3772 egressa
2581 3702 2657 3755 est
2688 3701 2949 3770 iniquitas
2982 3716 3053 3755 ex
3098 3700 3377 3771 Babylone
3419 3717 3453 3753 a
3481 3697 3789 3754 senioribus

2130 3792 2435 3863 judicibus,
2486 3791 2583 3860 qui
2627 3790 2886 3861 populum
2938 3805 3124 3858 regere
3176 3788 3501 3844 videbantur
3540 3788 3621 3855 57;
3672 3804 3787 3858 quo

2136 3882 2375 3936 tandem
2407 3879 2578 3933 modo
2611 3877 2963 3933 Ezechielem
2995 3878 3269 3941 feremus,
3298 3876 3488 3941 illum,
3520 3875 3784 3947 inquam,

2136 3984 2486 4042 magnorum
2508 3966 2921 4039 mysteriorum
2940 3971 2998 4021 et
3027 3965 3318 4021 visionum
3351 3970 3787 4037 conSpectorem

441 4123 484 4157 ⁵³
510 4124 682 4181 Zach.
718 4141 802 4196 ιιι,
836 4126 862 4180 1
899 4142 1063 4198 seqq.
1140 4126 1183 4160 ⁸³
1215 4125 1388 4183 Zach.
1441 4143 1517 4195 xx,
1562 4128 1616 4181 3.
1693 4128 1738 4161 “
1787 4127 1929 4183 ibid.
1980 4129 2027 4182 4-

2178 4128 2222 4163 ⁵⁸
2259 4126 2428 4184 Zach.
2479 4142 2601 4197 xm,
2630 4127 2687 4180 7.
2766 4126 2808 4161 ⁸⁸
2856 4126 3025 4182 Zach.
3059 4143 3113 4194 ι,
3164 4128 3217 4181 3.
3295 4127 3337 4162 ⁵⁷
3397 4128 3543 4183 Dan.
3577 4126 3781 4194 xm,5.

436 4274 549 4350 (§3)
582 4275 674 4350 Εἲς
708 4273 947 4350 μείζονα.
984 4276 1080 4333 Sic
1110 4277 1309 4350 decem
1361 4278 1825 4350 Regg.,_septem
1859 4280 2017 4335 Colb.

362 4349 419 4400 et
452 4345 545 4401 Or.
583 4349 633 4401 1.
668 4345 851 4421 Paris.
874 4365 1041 4421 _vero,
1088 4353 1147 4403 et
1173 4349 1346 4421 Gabr.
1379 4345 1465 4408 ὡς’
1486 4345 1735 4421 μείζονα.
1769 4351 1929 4406 Colb.
1961 4353 2017 4420 3,

363 4422 705 4493 utrumque,
736 4418 918 4493 dicati;
953 4418 1194 4490 μείζονα.
1230 4420 1361 4493 Haec
1391 4418 1587 4475 autem
1619 4421 1879 4493 Gregorii
1901 4418 2020 4477 ver-

358 4487 438 4541 ba
469 4487 689 4563 non'sic
718 4487 1081 4563 accipienda,
1107 4508 1174 4546 ac
1196 4491 1245 4546 si
1267 4497 1605 4563 contemptu
1630 4514 1658 4542 α
1693 4487 2014 4549 ωὐίῒοιιυιῑι

362 4561 752 4632 sacerdotum,
790 4586 810 4611 1
846 4561 1001 4618 dicta
1031 4564 1171 4618 sint.
1200 4562 1356 4619 Elias
1388 4561 1602 4619 idcirco
1635 4564 1895 4619 locutum
1932 4566 2016 4621 sic

362 4628 550 4722 fuisse
577 4628 1160 4722 tbeologum‘censet,
1186 4635 1335 4722 quia
1365 4656 1393 4722 ξ(
1421 4634 1527 4689 soli
1554 4635 2011 4722 »‘Cbristo,'n‘on
2048 4658 2095 4722 D
2128 4634 2188 4689 οὗ

359 4706 573 4779 autem
590 4702 659 4779 iis
680 4727 713 4779 μ
750 4702 845 4778 ᾷυὶ
871 4706 1068 4779 plures
1092 4702 1229 4779 facti
1247 4709 1387 4779 sunt
1411 4707 1743 4779 sacerdotes
1767 4730 1794 4756 »
1816 4709 2012 4779 (Hebr.

356 4790 457 4842 v11,
489 4775 603 4847 23),
637 4777 694 4830 id
728 4775 1034 4833 convenire
1066 4777 1437 4833 existimavit.
1472 4777 1634 4833 Unde
1663 4796 1769 4833 vox
1800 4775 1831 4829 (ἑ
1864 4779 2013 4834 mul-

360 4850 514 4920 t_.os_»
566 4849 735 4919 quasi
767 4871 794 4899 ‹‹
836 4849 942 4904 soli
988 4871 1017 4899 »
1071 4849 1338 4920 opposita
1385 4850 1565 4920 accipi
1617 4850 1804 4905 debet.
1841 4852 2015 4907 Favet

358 4916 630 4989 Rufinus,
668 4922 981 4993 vertendo:
1018 4942 1045 4969 «
1074 4916 1458 4993 ad'ihormines
1497 4916 1804 4993 pertinere,
1844 4944 1870 4971 »
1904 4927 2010 4977 etc.

356 4993 614 5113 ettmox:
652 5012 679 5041 ι(
713 4991 955 5047 humani
989 4992 1320 5060 sacerdotii,
1351 5011 1377 5043 ιι
1430 4991 1560 5064 etc.,
1593 4996 1686 5063 qui
1719 4993 2013 5065 genuinus

356 5076 414 5115 es
474 5076 705 5117 sensus.

351 5076 443 5115 θεῖ,
474 5076 705 5117 sensus.

351 5201 363 5217 ι
421 5132 536 5217 (84)
564 5131 859 5217 ’ξ’ρλμηοδς
890 5131 979 5217 καὶ
1004 5134 1153 5217 .τήνὶ
1177 5134 1387 5205 ψυχήν.
1440 5135 1610 5217 Deest
1656 5134 1744 5217 καί
1867 5139 2006 5217 Reg.

348 5201 389 5279 l,
421 5201 462 5269 ι,
496 5204 653 5279 ῼοιὺί
685 5201 771 5279 in.
807 5206 914 5279 Sed
964 5206 1091 5279 ejus
1140 5201 1293 5279 loco,
1320 5201 1471 5279 post
1527 5206 1733 5279 ψυχὴν,
1766 5201 2007 5279 ἤ-ροοῖ-

345 5277 461 5329 tur.
497 5276 697 5332 COmb.
737 5276 896 5348 legit,
944 5273 1249 5350 τολμηρὸς
1282 5273 1380 5342 τῆν
1409 5273 1715 5350 ψυχῆν’καὶ
1768 5273 2008 5347 ἀδαμάν-

342 5365 511 5433 τινος,
546 5353 604 5403 et
649 5350 858 5403 vertit:
895 5371 921 5397 «
971 5354 1091 5404 tam
1143 5348 1332 5403 audax
1380 5348 1577 5404 animo
1624 5355 1681 5404 et
1726 5350 2004 5405 adaman-

346 5420 847 5562 ἠΜονονοὺ
916 5487 1157 5562 uexata.
1238 5488 1332 5562 Sic
1405 5489 1669 5562 plerique
1750 5491 1999 5562 codices,

341 5558 642 5649 No’nnulli,
694 5559 794 5614 οὐκ
842 5558 1047 5615 ἀκούει.
1101 5561 1241 5633 Reg.
1304 5558 1423 5632 hu,
1465 5558 1764 5635 μονονουχὶ
1803 5561 1891 5616 καὶ
1940 5562 1999 5615 ἆ-

341 5648 527 5777 κοῖἕξ)
587 5702 704 5755 Ἔτι
759 5701 848 5777 καὶ
913 5701 1103 5776 μικρὸν
1151 5698 1490 5777 ἔμπροσθεν.
1553 5704 1719 5759 Solus
1790 5703 1996 5777 Billius

342 5773 575 5842 reddit;
611 5795 639 5824 «
674 5775 844 5847 paulo
876 5773 1028 5830 ante.
1066 5795 1088 5824 ι
1140 5773 1508 5833 Gabrielius:
1558 5797 1587 5825 «
1619 5779 1791 5846 atque
1818 5776 1993 5833 etiam

2130 4282 2304 4353 paulo
2336 4283 2487 4353 post.
2525 4300 2546 4326 ι
2583 4278 2784 4353 Comb.
2824 4300 2845 4327 ι
2870 4279 3177 4353 adhucque
3208 4280 3380 4353 paulo
3413 4282 3682 4349 ulterius,
3714 4301 3743 4329 »

2337 4347 2709 4426 Κατέσφαζον.
2744 4351 2881 4426 Reg.
2916 4350 2955 4421 l,
2989 4347 3339 4426 κατέσφαξαν.

2198 4419 2312 4497 (88)
2341 4419 2771 4497 Metapfekoﬁvrc:
2807 4419 2947 4477 Octo
2993 4419 3176 4495 Regii,
3208 4419 3328 4479 tres
3380 4424 3562 4493 Colb.,
3597 4427 3691 4482 0r.
3725 4428 3777 4497 4,

2125 4494 2245 4549 J63.
2280 4492 2519 4565 habent.
2553 4492 2937 4565 μετεμέλοντο.

2194 4563 2448 4688 ἓ89))ΙΟὐκ
2493 4560 2754 4656 ἔπασχον,
2784 4561 2959 4650 οιξδέν.
2994 4565 3132 4621 Red.
3186 4565 3225 4632 l,
3277 4570 3321 4634 t,
3370 4584 3426 4637 υ,
3478 4567 3639 4624 Colb.
3698 4588 3783 4641 ω,

2228 4636 2280 4688 ὲν
2313 4652 2551 4688 επασγον
2584 4636 2649 4688 ἐπ
2700 4656 2901 4688 αυτοις.

2228 4631 2297 4689 ἐν’
2313 4631 2551 4705 ἔπασχον
2584 4631 2670 4689 ἐπ’
2700 4634 2879 4697 αὐτοῖς
2890 4680 2901 4692 .

2220 4710 2309 4779 90)
2342 4703 2583 4779 Οὐκ-ἔτι.
2617 4710 2676 4762 In
2712 4708 2850 4779 Reg.
2885 4704 3169 4779 τιούκέτι.

2220 4710 2291 4762 90
2342 4709 2450 4758 Οὐκ
2484 4709 2583 4762 ἔτι.
2617 4710 2676 4762 In
2712 4709 2850 4779 Reg.
2885 4726 2930 4770 ι’,
2966 4709 3169 4760 οὐκέτι.

2197 4709 2310 4849 (91)
2371 4778 2622 4853 Ὠργίσθη
2810 4776 3004 4854 θυμός-
3055 4799 3157 4849 μου
3234 4779 3321 4832 ἐπὶ
3395 4779 3522 4843 τοὺς
3582 4784 3783 4854 ποιμέ.

2124 4869 2233 4909 νας.
2269 4854 2395 4905 Haec
2453 4851 2667 4905 desunt
2716 4852 2771 4905 in
2826 4851 3103 4907 omnibus
3154 4868 3299 4922 pene
3346 4851 3781 4919 codicibus,'in

2122 4928 2251 4975 octo
2282 4922 2480 4992 regiis,
2512 4940 2611 4977 sex
2642 4923 2825 4989 Colb.,
2859 4922 2954 4977 0r.
2989 4922 3040 4975 1.
3075 4926 3132 4976 et
3169 4924 3286 4976 Jes.
3323 4924 3549 4978 Habent
3580 4933 3779 4982 tamen

2121 4992 2408 5133 nqpqulli.
2441 4995 2549 5049 Pro
2580 4992 2849 5067 ὠργίσθη,
2884 4993 3099 5065 legitur
3128 4993 3185 5046 in
3216 5011 3383 5049 sacro
3423 5001 3604 5065 textu,
3637 5018 3775 5072 παρ-

2121 5084 2163 5116 ω
2200 5086 2255 5115 υν
2295 5085 2350 5133 η.

2120 5084 2350 5117 ωὲυνῠτὶ.

2190 5085 2688 5210 (ἓὲρᾟροστιθείς.
2744 5136 2905 5210 Colb.
2957 5137 3020 5210 3_,_
3182 5152 3367 5210 marg.
3426 5136 3781 5210 προστίθησι,

2118 5203 2322 5284 βίΙΙὶυε
2354 5203 2413 5261 in
2439 5213 2565 5284 _no_t.
2617 5207 2940 5284 προστίθησι
2968 5203 3035 5284 (δὲ
3069 5203 3418 5284 ἤδη.ῌβ1ἱειε,
3468 5203 3524 5263 et
3556 5203 3697 5284 Regi
3737 5203 3780 5284 ις

2115 5277 2195 5332 ita
2227 5282 2403 5333 etiam
2439 5275 2675 5341 habent,
2708 5281 2927 5334 omisso
2958 5283 3154 5334 tamen
3188 5275 3320 5347 ἤδη.

2159 5351 2300 5437 ’(93)
2350 5350 2479 5422 Περὶ
2556 5349 2729 5403 αὐτῶν
2802 5348 3007 5410 καλῶς.
3071 5349 3210 5422 Reg.
3291 5356 3335 5418 I,
3404 5348 3585 5411 καλῶς
3648 5352 3777 5427 περὶ

2114 5439 2309 5475 αυτων.

2204 5494 2295 5570 94)
2328 5488 2424 5570 Καὶ
2455 5494 2961 5567 προηγορευμένον.
2995 5494 3171 5548 Abest
3202 5509 3233 5547 a
3264 5492 3533 5564 pluribus
3560 5498 3772 5570 Regg.,

2184 5492 2295 5615 (94)
2328 5492 2424 5543 Καὶ

2110 5565 2183 5618 Co
2214 5564 2293 5627 b.,
2324 5568 2434 5616 etc.

2180 5635 2291 5703 (95)
2323 5636 2553 5703 Κριτῶν.
2594 5637 2652 5689 In
2686 5634 2995 5705 permultis
3027 5636 3326 5705 codicibus
3362 5639 3543 5693 deest.

2178 5707 2290 5777 (96)
2323 5705 2577 5777 Οῗσομεν.
2612 5706 2735 5762 Duo
2768 5706 2942 5779 Regg.
2981 5712 3037 5763 et
3064 5711 3182 5765 Jes.
3218 5704 3475 5782 οἷ’σωμεν.
