4152 6286
350 442 468 503 475

1589 440 1651 502 S.
1703 437 2076 501 GREGOBII
2120 439 2517 503 THEOLOGI

3646 446 3767 507 476

352 576 410 631 et
439 574 808 645 interpretem
837 571 864 627 *ἲ
904 573 1203 636 Quomodo
1249 589 1376 643 quae
1427 573 1765 645 pastoribus
1796 572 2000 643 prisci-

2116 571 2243 645 ρίων
2278 572 2367 626 καὶ
2398 571 2680 645 θεαμάτων
2712 574 2821 646 (97)
2858 590 2871 641 ;
2904 576 3027 635 Πῶς
3054 573 3148 645 μὲν
3179 573 3210 628 ἃ
3239 578 3353 636 τοῖς
3388 580 3617 638 σκοποῖς
3649 553 3764 649 (98)

353 664 460 735 pit,
494 663 600 718 hoc
623 667 805 717 estne
830 662 1036 717 vitium
1055 662 1434 734 gladiumque
1458 662 1565 735 ipsi
1591 661 2001 733 supervenien-

349 756 467 808 tem
503 750 734 807 silentio
784 751 1202 807 dissimulent?
1232 752 1393 816 Quod
1444 752 1724 807 nimirum
1758 751 1867 806 hoc
1900 766 2004 806 nec

350 839 518 913 ipsis,
555 857 658 895 nec
691 840 762 895 iis
793 844 889 911 qui
921 846 1177 911 κεραμί,
1209 841 1634 913 utilefuturum
1658 840 1770 909 sit;
1805 844 2003 895 contra

346 935 559 994 autem,
594 930 906 1001 praevidere
938 947 1002 984 ac
1034 932 1445 1002 preanuntiare,
1483 931 1747 1001 utrisque
1785 928 2000 984 utilita-

348 1022 461 1075 tem
496 1018 813 1074 allaturum
836 1020 913 1075 sit
943 1019 988 1053 ⁵³
1017 1037 1029 1087 ;
1054 1020 1103 1075 si
1129 1019 1214 1075 illi
1236 1020 1471 1092 quidem
1499 1021 1772 1084 dixerint,
1806 1018 1863 1073 hi
1900 1035 2000 1073 au-

345 1111 463 1163 tem
496 1107 824 1163 audierint:
859 1108 950 1164 sin
1003 1108 1223 1178 minus,
1257 1115 1314 1164 at
1353 1109 1424 1164 iis
1454 1114 1607 1164 certe
1638 1108 1738 1180 qui
1772 1108 1998 1162 denun-

346 1197 565 1254 tiarinl.

422 1286 577 1342 LXV.
613 1288 735 1353 Quo
756 1286 893 1343 item
921 1289 1092 1344 modo
1126 1286 1307 1345 alium
1335 1305 1468 1343 eum
1494 1285 1997 1359 impetum,§quem

345 1376 406 1432 in
438 1381 701 1449 pastores
731 1378 887 1446 facit,
922 1396 1078 1433 nunc
1123 1378 1183 1434 in
1215 1378 1306 1434 his
1355 1377 1567 1445 verbis,
1608 1378 1690 1432 Vae
1720 1391 1886 1447 super
1914 1389 2000 1431 vae

345 1468 473 1530 erit,
506 1470 556 1521 et
584 1469 816 1522 nuntius
843 1484 1007 1538 super
1061 1470 1341 1537 nuntium,
1392 1470 1445 1521 et
1499 1467 1636 1521 visio
1667 1482 1700 1520 a
1739 1465 2000 1536 propheta

342 1558 680 1627 requiritur,
711 1561 763 1611 et
792 1558 881 1611 lea:
914 1575 944 1612 a
976 1558 1253 1613 sacerdote
1293 1557 1518 1628 peribit,
1567 1559 1617 1610 el
1645 1554 1935 1610 consilium
1963 1570 1998 1607 a

338 1645 648 1698 senioribus
678 1645 721 1678 ⁵ο
740 1661 759 1705 ,·
794 1661 947 1698 nunc
972 1663 1205 1700 rursum
1238 1646 1297 1699 in
1320 1645 1434 1715 bis,
1460 1646 1567 1699 Fili
1623 1644 1880 1713 hominis,
1910 1642 1998 1697 dic

340 1732 471 1803 ipsi,
504 1732 574 1787 Tu
604 1749 659 1788 es
682 1738 834 1789 terra
861 1750 969 1788 non
995 1733 1294 1806 compluta,
1319 1751 1419 1790 nec
1448 1735 1639 1802 pluvia
1660 1735 1806 1789 venit
1831 1749 1997 1803 super

342 1823 394 1877 te
424 1822 483 1875 in
512 1822 602 1876 die
632 1823 735 1879 irae
760 1841 778 1878 :
807 1824 965 1894 cujus
989 1826 1247 1895 pne/ceti
1276 1825 1335 1878 in
1358 1824 1535 1880 medio
1563 1824 1677 1887 eius
1708 1821 1861 1877 velut
1891 1822 1994 1877 leo-

340 1926 437 1966 nes
468 1914 765 1982 rugientes,
808 1914 1084 1982 rapientes
1133 1915 1381 1984 rapinas,
1432 1912 1748 1969 devoranles
1776 1903 1995 1966 animus

317 2000 407 2054 .in
432 2004 675 2071 potentia
704 2003 768 2056 ⁸ο.
819 2001 887 2057 Et
932 2001 1230 2057 nonnullis
1278 2002 1632 2073 inlerjectis:
1683 2001 1993 2057 Sacerdotes

348 2090 465 2161 ejus
493 2091 928 2145 condemnebanl
949 2091 1117 2161 legem
1140 2108 1339 2160 meam,
1364 2099 1413 2146 et
1440 2090 1762 2161 polluebant
1790 2090 1994 2145 Sancta

345 2194 513 2233 mea:
548 2181 690 2234 inter
714 2182 953 2250 profana
998 2184 1049 2235 et
1098 2188 1305 2247 sancta,
1351 2180 1560 2251 inquit,
1611 2179 1762 2235 nihil
1796 2179 1991 2234 discri-

342 2268 512 2322 minis
563 2270 897 2337 slatuebant,
948 2269 1040 2325 sed
1085 2273 1275 2326 omnia
1324 2288 1491 2325 unum
1538 2273 1616 2325 eis
1664 2278 1843 2334 erant,
1876 2272 1993 2324 eta

338 2355 592 2412 Sabbutis
639 2359 777 2413 meis
827 2359 1007 2413 oculos
1054 2375 1178 2414 suos
1225 2358 1558 2430 aperiebant,
1608 2364 1663 2413 et
1710 2360 1767 2412 in
1816 2357 1990 2413 medio

339 2460 531 2501 eorum
576 2448 976 2518 coinquinabar
1014 2449 1080 2501 ⁶¹.
1130 2448 1747 2519 Consumpturumque
1798 2463 1879 2517 se,
1935 2451 1992 2501 et

343 2534 689 2605 parientem,
723 2542 781 2591 et
810 2554 904 2590 eos
941 2537 1035 2606 qui
1069 2553 1201 2591 eum
1235 2535 1468 2601 liniunt,
1504 2537 1761 2591 minatur
1783 2536 1849 2602 θ’,
1882 2535 1991 2590 hoc

345 2626 454 2689 est,
487 2639 585 2678 eos
617 2623 716 2695 qui
748 2630 1007 2694 pereant,
1042 2629 1098 2679 et
1120 2642 1216 2679 eos
1248 2625 1348 2696 qui
1388 2624 1753 2695 peccantium
1783 2624 1993 2679 delicta

348 2711 662 2783 obtegunt:
696 2716 849 2783 quod
875 2712 1160 2767 malorum
1186 2714 1515 2785 principum
1546 2718 1600 2768 et
1622 2716 1990 2770 sacerdotum

346 2805 453 2868 est,
480 2817 544 2855 ac
576 2801 812 2856 demum
851 2802 1084 2858 Israelis
1114 2803 1171 2856 in
1221 2808 1621 2859 transversum
1670 2804 1989 2876 agentium,

345 2890 668 2945 secundum
702 2890 875 2946 corda
919 2908 1043 2959 sua,
1097 2891 1425 2947 abalienata
1470 2892 1528 2947 in
1573 2893 1992 2965 cupiditatibus

346 2995 489 3034 81118.

425 3248 609 3303 LXVI.
645 3248 812 3304 Mitto
842 3267 965 3321 quae
996 3251 1065 3307 de
1096 3250 1167 3306 iis
1212 3251 1466 3320 disserit,
1500 3250 1597 3323 qui
1641 3250 1865 3322 seipsos
1894 3268 1995 3323 pa-

2114 655 2501 731 διακελεύεται,
2565 662 2640 733 μὴ
2699 666 3041 732 κατασιωπᾷν
3117 664 3216 730 τήν
3277 663 3489 736 κακίαν,
3549 666 3637 720 καὶ
3693 667 3760 737 τὴ

2113 748 2633 825 ἐπερχομένην
2686 750 2853 825 ταύτῃ
2913 749 3235 829 ῥομφαίαν,
3296 753 3371 815 ὡς
3431 750 3555 809 οὕτε
3584 754 3761 827 αὐτοῖ,

2110 842 2270 893 τοῦτο
2319 838 2639 894 λυσιτελοῦν
2676 885 2690 909 ,
2749 836 2871 894 οὔτε
2925 846 3042 902 τοῖς
3101 840 3489 914 ἀμαρτοὶνουσι’
3548 848 3645 898 τοῦ
3705 843 3762 900 δὲ

2110 925 2424 1003 προίδέσθαι
2471 929 2561 982 καὶ
2609 931 2943 1005 προκηρῦξαι
3001 933 3074 1003 (1)
3134 929 3474 1007 ἀμφοτέρους
3535 932 3759 1003 ὀνήσον-

2108 1038 2223 1089 τος,
2260 1017 2303 1071 εἷ
2336 1018 2387 1070 οἱ
2440 1018 2534 1089 μὲν
2584 1016 2807 1087 εἷ’ποιεν,
2857 1020 2909 1072 οἱ
2959 1016 3015 1073 δὲ
3046 1019 3353 1091 ἀκούσαιεν,
3387 1021 3422 1090 ἢ
3457 1022 3670 1085 πάντως
3703 1044 3764 1099 γε

2107 1106 2233 1167 τοὺς
2264 1106 2626 1179 μηνύσαντας.

2178 1285 2304 1339 ΞΕ’.
2358 1288 2481 1346 Πῶς
2528 1281 2585 1339 δὲ
2632 1286 2729 1353 τὴν
2782 1282 2959 1355 ἄλλην
2997 1282 3366 1360 καταδρομὴν,
3419 1288 3480 1356 ἣν
3526 1293 3760 1344 ποιεῖται

2105 1374 2241 1428 κατὰ
2294 1377 2400 1428 τῶν
2459 1373 2884 1447 ποιμαινόντων,
2942 1378 3033 1428 νῦν
3096 1375 3189 1448 μὲν
3250 1375 3301 1430 έν
3367 1375 3584 1439 τούτοις
3639 1383 3758 1441 τοῖς

2107 1462 2383 1538 ῥήμασιν·
2440 1460 2569 1517 Οὒαὶ
2625 1461 2711 1517 ἐπὶ
2786 1463 2905 1517 οὐαὶ
2963 1461 3108 1518 ἔσται
3143 1511 3158 1537 ,
3217 1464 3305 1520 καὶ
3384 1463 3610 1542 ἀγγελία
3669 1465 3758 1522 ἐπὶ

2106 1550 2387 1626 ἀγγελίαν,
2446 1550 2533 1605 καί
2592 1551 3017 1623 ἐκζητηθήσεται
3079 1552 3264 1629 ὅρασις
3322 1554 3381 1608 ἐκ
3446 1556 3754 1633 προφήτου,

2103 1640 2192 1695 καὶ
2239 1639 2408 1713 νόμος
2484 1639 2767 1696 ἀπολεῖται
2845 1640 2896 1712 ἐξ
2972 1643 3159 1718 ἱερέως
3195 1688 3208 1715 ,
3292 1642 3381 1697 καὶ
3461 1643 3633 1718 βουλὴ
3696 1644 3756 1698 ἐκ

2103 1725 2502 1805 πρεσϐυτέρων·
2551 1734 2640 1784 νῦν
2698 1728 2755 1785 δὲ
2803 1729 2852 1785 έν
2903 1729 3129 1793 ἐκείνοις
3176 1731 3361 1788 πάλιν·
3413 1733 3503 1787 Υἱὲ
3544 1732 3753 1807 ἀνθρώο

2102 1841 2229 1887 που,
2290 1821 2439 1873 εἷπον
2500 1818 2682 1893 αὐτῇ·
2747 1820 2823 1873 Σὺ
2896 1820 2945 1874 εἶ
2996 1827 3064 1896 γῆ
3127 1821 3188 1875 οὗ
3249 1825 3328 1895 (2)
3390 1822 3697 1897 βρεχομένη
3736 1867 3751 1893 ,

2102 1906 2227 1963 οὐδὲ
2286 1909 2432 1970 ὑετὸς
2492 1908 2701 1983 ἐγένετο
2762 1908 2849 1964 ἐπὶ
2903 1910 2960 1963 σὲ
3019 1909 3069 1964 ἐν
3119 1911 3305 1987 ἡμέρᾳ
3349 1911 3533 1987 ὀργῆς·
3582 1912 3649 1979 ἧς
3702 1912 3756 1966 οἱ

2104 1996 2478 2077 ἀφηγούμενοι
2539 1997 2589 2052 ἐν
2652 1996 2799 2071 μέσῳ
2854 1998 3044 2071 αὐτῆς,
3104 1999 3177 2061 ὡς
3236 1999 3448 2061 λέοντες
3513 1998 3757 2075 ὠρυόμε-

2100 2110 2183 2143 νοι
2220 2130 2233 2156 ,
2292 2087 2621 2162 ἁρπάζοντες
2702 2086 3048 2165 ἁρπάγματα,
3128 2088 3308 2163 ψυχὰς
3387 2089 3756 2152 κατεσθίοντες

2100 2177 2151 2232 έν
2215 2173 2508 2249 δυναστεῖᾳ’
2570 2176 2659 2231 καὶ
2723 2178 2836 2249 μετ’
2894 2175 3073 2253 ὀλίγα·
3136 2178 3197 2231 Οἱ
3255 2177 3421 2253 ἱερεῖς
3482 2177 3648 2247 αὐτῆς
3680 2180 3756 2253 (3)

2100 2267 2327 2335 ἠθέτουν
2388 2264 2557 2338 νόμον
2618 2286 2764 2337 μου,
2820 2266 2910 2320 καὶ
2969 2261 3267 2336 ἐϐεϐήλουν
3316 2265 3384 2320 τὰ
3438 2265 3560 2342 ἅγιά
3626 2287 3749 2338 μου·

2105 2350 2363 2431 βεϐήλοις
2440 2376 2499 2409 τε
2554 2354 2641 2409 καὶ
2718 2354 2938 2431 ἁγίοις,
3001 2354 3207 2433 φησὶν,
3271 2354 3334 2409 οὐ
3392 2352 3751 2423 διέστελλον,

2100 2441 2244 2499 ἀλλά
2289 2444 2462 2497 πάντα
2518 2444 2584 2511 ἦν
2638 2442 2821 2505 αὐτοῖς
2876 2443 2956 2511 ἓν,
3013 2444 3101 2498 καὶ
3162 2444 3268 2498 ἀπὸ
3323 2448 3429 2499 τῶν
3463 2439 3745 2500 σαϐϐάτων

2106 2553 2208 2605 μου
2280 2530 2691 2604 παρεκάλυπτον
2762 2531 2887 2595 τοὺς
2971 2532 3287 2610 ὀφθαλμοὺς
3365 2534 3538 2589 αὐτῶν
3574 2578 3588 2603 ,
3656 2533 3745 2589 καὶ

2100 2616 2485 2693 ἐϐεϐηλούμην
2562 2621 2613 2675 ἐν
2678 2621 2823 2695 μέσῳ
2893 2620 3067 2677 αὐτῶν
3104 2642 3116 2653 ·
3177 2622 3447 2677 συντελεῖν
3522 2644 3581 2677 τε
3653 2625 3744 2678 τὸν

2098 2715 2313 2786 τοῖχον,
2371 2711 2459 2765 καὶ
2516 2710 2643 2773 τοὺς
2703 2710 3021 2787 ἀλείφοντας
3078 2711 3236 2765 αὐτὸν
3280 2710 3544 2766 ἀπειλῶνο
3593 2711 3654 2767 τὸ
3690 2711 3747 2766 δέ

2102 2798 2233 2869 ἐστι,
2284 2798 2411 2862 τοὺς
2463 2796 2871 2876 ἁμαρτάνοντας
2914 2802 2991 2871 (4)
3047 2798 3135 2853 καὶ
3167 2798 3293 2861 τοὺς
3342 2796 3746 2872 συγκαλύπτον-

2101 2906 2215 2950 τας⁶
2278 2887 2409 2963 ὅπερ
2458 2888 2591 2942 εἶναι
2653 2892 2831 2943 κακῶν
2894 2886 3171 2963 ἀρχόντων
3230 2887 3319 2941 καὶ
3378 2887 3604 2963 ἱερέων,
3660 2888 3750 2940 καὶ

2102 2977 2516 3053 πλαγιαζόντων
2568 2980 2645 3052 (5)
2699 2978 2787 3032 τὸν
2836 2976 2981 3032 οἶκον
3048 2975 3144 3032 τοῦ
3194 2975 3413 3052 Ἰσραὴλ
3468 2978 3604 3031 κατὰ
3655 2977 3753 3038 τὰς

2104 3065 2327 3143 καρδίας
2378 3067 2553 3123 αὐτῶν
2603 3068 2697 3130 τὰς
2750 3065 3281 3142 ἀπηλλοτριωμένας
3331 3065 3381 3121 έν
3413 3071 3527 3129 τοῖς
3576 3064 3755 3130 ἐπιθυ-

2113 3159 2186 3231 μή
2200 3179 2357 3230 μασιν
2392 3159 2469 3231 (6)
2502 3155 2697 3213 αὐτῶν.

2176 3248 2289 3315 EC.
2351 3248 2449 3300 Καὶ
2509 3251 2701 3301 σιωπῶ
2758 3246 2933 3322 λέγειν
2982 3244 3079 3301 ὅσα
3127 3245 3390 3319 περὶτῶν
3448 3243 3753 3321 βοσκόντων

354 3340 546 3404 scunt,
581 3342 637 3392 et
667 3337 754 3393 lac
785 3340 1119 3410 comedunt,
1151 3345 1207 3395 et
1236 3340 1387 3396 lanis
1424 3344 1723 3413 teguntur,
1759 3344 1815 3395 et
1843 3340 1999 3412 quod

2116 3335 2333 3398 ἑαυτοὺς
2393 3333 2722 3409 διαλέγεται,
2780 3337 2840 3389 τὸ
2894 3333 3035 3411 γάλα
3090 3334 3494 3404 κατεσθιόντων,
3550 3333 3638 3387 καὶ
3688 3334 3756 3386 τὰ

353 3441 619 3481 crassum
654 3431 762 3496 est,
787 3427 1084 3498 jugulant,
1109 3444 1339 3501 gregem
1370 3433 1563 3485 autem
1588 3446 1703 3484 non
1725 3433 1999 3502 pascunt,

352 3513 463 3569 hoc
514 3516 667 3586 quod
720 3516 1020 3571 inﬁrmum
1068 3523 1175 3583 est,
1228 3518 1626 3585 corroborant,
1678 3536 1803 3585 nec,
1846 3518 2001 3590 quod

353 3604 736 3672 confractum,
788 3604 1052 3677 alligant,
1107 3623 1210 3661 nec
1260 3608 1413 3678 quod
1459 3614 1630 3675 errat,
1694 3609 2001 3673 reducunt,

350 3708 475 3758 nec,
509 3694 664 3763 quod
697 3693 882 3763 periit,
921 3696 1244 3765 requirunt,
1280 3712 1403 3765 nec,
1443 3697 1597 3766 quod
1625 3697 1859 3752 firmum
1890 3702 2003 3763 est,

352 3788 697 3837 conservant
726 3783 790 3854 ⁸³,
815 3785 915 3839 sed
938 3783 1134 3839 labore
1157 3786 1496 3853 conﬁciunt,
1527 3802 1590 3839 ac
1620 3786 1689 3840 de
1714 3787 2006 3841 industria

353 3877 597 3927 enecant
624 3889 636 3926 :
672 3872 775 3943 sic,
812 3878 875 3927 ut
896 3890 1030 3928 oves
1051 3874 1123 3928 ob
1147 3878 1449 3944 pastorum
1473 3875 1574 3928 46
1596 3873 1874 3946 inopiam,
1906 3892 2007 3946 per

354 3978 588 4017 omnem
608 3979 881 4034 campum
906 3967 1227 4018 etmontem
1250 3963 1528 4034 dispersae
1544 3964 1681 4032 sint,
1698 3968 1870 4034 atque
1887 3981 2006 4019 om-

354 4049 530 4106 nibus
561 4052 766 4106 avibus
796 4057 853 4106 et
873 4051 1079 4106 bestiis
1111 4053 1313 4123 praeda
1342 4053 1575 4122 fuerint,
1601 4054 1755 4125 quod
1780 4070 1893 4107 non
1910 4069 2007 4107 es-

355 4144 462 4209 set,
483 4138 582 4210 qui
606 4140 923 4210 requireret
947 4157 1011 4195 ac
1034 4141 1337 4195 reduceret
1356 4142 1421 4195 5‘.
1450 4141 1596 4205 Quid
1616 4146 1818 4213 postea
1835 4141 1861 4195 ?
1885 4142 2007 4197 Vivo

353 4244 473 4299 ego,
503 4228 643 4283 dicit
693 4230 978 4295 Dominus,
1006 4246 1110 4300 pro
1156 4245 1216 4285 eo
1257 4230 1397 4301 quod
1445 4229 1562 4287 haec
1592 4233 1669 4286 ita
1698 4247 1754 4287 se
1784 4232 2008 4296 habent,

352 4322 516 4388 atque
545 4333 664 4372 oves
694 4333 824 4372 mea:
874 4320 933 4372 in
978 4320 1230 4389 praedam
1277 4325 1524 4390 luerunt,
1575 4336 1691 4376 ecce
1730 4337 1823 4392 ego
1846 4336 2011 4392 super

350 4411 612 4481 pastores,
646 4417 699 4462 et
730 4409 1011 4479 requiram
1035 4424 1154 4463 oves
1181 4425 1330 4464 meas
1357 4410 1421 4465 de
1449 4409 1705 4465 manibus
1732 4426 1920 4465 eorum
1943 4410 2007 4480 ⁸⁵,

356 4502 532 4568 atque
560 4514 657 4552 eas
689 4496 926 4568 quidem
966 4496 1236 4570 colligam
1282 4498 1547 4571 mihique
1595 4515 1851 4555 asseram
1880 4517 1892 4567 ;
1926 4497 2011 4553 illi

1193 4724 1238 4757 ⁶⁹
1294 4723 1629 4793 Ezech.vn,
1685 4725 1773 4778 26.

432 4721 475 4755 ⁸⁸
509 4722 709 4778 Ezech.
745 4738 940 4793 XXXIII,
998 4723 1115 4777 2-6.
1193 4724 1238 4757 ⁶⁹
1294 4723 1497 4779 Ezech.
1529 4740 1629 4793 vn,
1685 4725 1773 4778 26.
1851 4724 1896 4758 ⁵ο

436 4795 637 4850 Ezech.
668 4810 858 4850 xxxw.
889 4795 1010 4848 2-4.
1086 4796 1133 4829 ⁸⁸
1152 4795 1296 4850 ibid.
1331 4798 1383 4850 8.
1460 4795 1506 4829 ⁸⁵
1536 4795 1676 4850 ibid.
1712 4796 1800 4850 10.
1836 4796 1896 4849 11

361 4793 407 4829 ⁸³
436 4795 637 4850 Ezech.
668 4810 858 4862 xxxw,
889 4795 1010 4848 2-4.
1086 4796 1133 4829 ⁸⁸
1152 4795 1296 4851 ibid.
1331 4798 1383 4850 8.

429 5001 542 5083 (97)
572 5001 886 5073 Θεαμάτων.
930 5021 951 5049 ι
1001 5002 1331 5083 Visionum,
1368 5025 1396 5052 ››
1446 5001 1820 5083 ωειὶῐη,“ρξιο
1851 5016 2010 5056 more
2041 5004 2088 5068 D
2119 5002 2246 5083 τῶν..

357 5072 694 5142 Scriptum.
730 5089 906 5141 quam
938 5096 964 5122 «
1000 5073 1491 5144 spectaculorum,
1528 5095 1555 5120 ››
1588 5072 1899 5127 utBillius.

432 5145 545 5215 (98)
577 5146 680 5197 Μὶν
728 5144 761 5197 ἃ
789 5148 904 5207 τοῖς
956 5143 1202 5215 σκοποῖς.
1252 5147 1333 5199 Ad
1385 5162 1546 5200 oram
1597 5145 1733 5215 Reg.
1778 5162 1834 5209 u,
1870 5143 2011 5198 scri-

402 5220 567 5290 tum:
603 5216 859 5290 Ἐνταῦθα
905 5214 1031 5277 τοὺς
1082 5216 1360 5290 ἀρχιερεῖς
1410 5215 1601 5290 λέγει,Δ
1631 5214 1770 5281 lmo,
1798 5216 2010 5290 inquit,

402 5234 567 5271 tum:
621 5234 859 5270 bv‘cauva
905 5236 1031 5277 τους
1082 5234 1360 5290 αρχιερεις
1410 5234 1578 5289 Λεγει.
1631 5234 1770 5281 imo,
1798 5234 2010 5286 inquit,

360 5234 558 5345 Eomb.
602 5288 1077 5361 «Speculatores,
1113 5305 1230 5361 qua
1276 5305 1413 5343 voce
1460 5287 1606 5343 nihil
1639 5286 2011 5342 communius

359 5360 419 5415 in
454 5360 763 5417 Ezechiele.
811 5383 836 5407 ››

428 5433 543 5524 (99)
602 5428 1035 5507 Ἐπερχτλμένην.
1082 5431 1259 5503 Regg.
1318 5430 1336 5484 l
1395 5433 1522 5495 ett,
1584 5427 1889 5503 ἐρχομένην
1923 5426 2011 5481 ἐπὶ

354 5521 541 5575 ταυτῃ.

541 5575 901 5648 Προκῃρῦξαι.
952 5575 1075 5628 Duo
1128 5578 1406 5648 Rogg._et
1454 5572 1929 5648 C0ml_).___tl_d_du_nt
1970 5568 2006 5639 ἥ

434 5644 614 5735 12)Γῇ
651 5644 740 5700 οὐ.
786 5644 999 5701 Omnes
1032 5663 1176 5717 pene
1226 5645 1454 5700 codices
1503 5648 1559 5699 et
1609 5644 1739 5699 LX‘x’
1771 5644 2007 5715 habent,

432 5736 747 5864 (ἐθῖίὶτῆςο
798 5792 864 5845 In
923 5788 1063 5862 Reg.
1111 5805 1167 5862 γ,
1228 5788 1299 5844 ad
1349 5802 1511 5845 oram
1567 5785 1864 5857 scribitur,
1913 5782 2007 5838 αὐ-

1851 4724 1896 4758 ⁶⁰
1943 4722 2148 4779 Ezech.
2208 4736 2348 4791 χχιι,
2387 4720 2477 4775 24.
2536 4721 2625 4775 25.

2110 3421 2227 3502 ἔρια
2284 3420 2789 3500 περιϐαλλομένων,
2848 3425 2935 3478 καὶ
2985 3424 3045 3478 τὸ
3095 3422 3244 3498 παχῦ
3299 3421 3606 3500 σφαζόντων
3654 3422 3752 3493 (7),

2112 3514 2257 3570 ἀλλὰ
2309 3516 2382 3588 μὴ
2443 3514 2845 3586 ποιμαινόντων
2894 3512 2961 3566 τὸ.
3014 3507 3297 3585 πρόϐατα,
3344 3512 3405 3565 τὸ
3453 3509 3753 3580 ἠσθενηκὸς

2114 3604 2212 3659 οὐκ
2257 3602 2637 3678 ἐνισχυόντων,
2684 3602 2771 3656 καὶ
2818 3601 2879 3656 τὸ
2933 3600 3381 3675 συντετριμμένον
3434 3598 3494 3654 οὐ
3534 3596 3754 3654 καταδε-

2115 3693 2419 3765 σμο·5ντων,
2453 3692 2542 3745 καὶ
2574 3693 2635 3745 τὸ
2666 3690 3024 3763 πλανώμενον
3060 3689 3159 3745 οὐκ
3189 3689 3638 3767 ἐπιστρεφόντων,
3671 3688 3761 3742 καὶ

2111 3783 2174 3837 τὸ
2217 3781 2535 3849 ἀπολωλὸς,
2588 3780 2686 3835 οὐκ
2730 3780 3123 3848 ἒκζητούντων,
3174 3778 3261 3834 καὶ
3310 3779 3373 3834 τὸ
3428 3778 3647 3854 ἰσχυρὸν
3700 3777 3763 3832 οὐ

2115 3868 2497 3948 φυλαττόντων
2531 3914 2545 3941 ,
2623 3867 2768 3924 ἀλλὰ
2831 3867 3026 3943 μόχθῳ
3092 3868 3568 3943 κατεργαζομένων
3602 3913 3614 3937 ,
3674 3866 3765 3921 καὶ

2114 3958 2249 4015 κατὰ
2282 3955 2523 4026 σπουδὴν
2582 3956 2958 4012 ἀπολλύντων·
3020 3956 3093 4019 ὡς
3149 3953 3463 4033 διεσπάρθαι
3517 3954 3582 4010 τὰ
3631 3954 3761 4030 πρό·

2071 4044 2252 4103 ’ϐατα
2299 4047 2433 4102 κατὰ
2480 4049 2680 4108 παντὸς
2739 4043 2926 4100 πεδίου
2980 4046 3069 4100 καὶ
3120 4040 3301 4119 ὅρους,
3360 4046 3506 4119 παρά
3559 4043 3621 4098 τό
3683 4044 3759 4116 μὴ

2117 4140 2252 4193 εἶναι
2306 4138 2591 4209 ποιμένας,
2649 4136 2738 4191 καὶ
2792 4136 3035 4212 γενέσθαι
3092 4130 3429 4209 κατάϐρωμα
3477 4140 3606 4188 πᾶσι
3665 4154 3759 4187 πε-

2116 4233 2314 4289 τεινοῖς
2360 4226 2449 4281 καὶ
2498 4225 2710 4302 θηρίοις
2762 4228 2859 4299 (8),
2912 4224 3010 4279 οὐκ
3062 4218 3211 4285 ὄντος
3260 4229 3356 4278 τοῦ
3406 4222 3762 4293 έκζητοῢντος

2118 4318 2208 4372 καὶ
2241 4316 2677 4393 ἐπιστρέφοντος.
2727 4313 2858 4369 Εἶτα
2906 4311 2959 4368 τί
2992 4331 3006 4382 ;
3039 4316 3122 4367 Ζῶ
3172 4311 3304 4388 ἐγὼ,
3357 4312 3489 4390 φησί
3538 4313 3635 4385 (9),
3670 4308 3756 4365 λέ-

2118 4428 2198 4483 γει
2258 4405 2471 4478 Κύριος,
2534 4403 2648 4459 ἀντὶ
2704 4407 2801 4459 τοῦ
2857 4400 3023 4458 ταῦτα
3074 4400 3245 4464 οὕτως
3301 4398 3469 4478 ἔχειν,
3526 4400 3615 4454 καὶ
3670 4420 3762 4475 γε-

2120 4496 2297 4551 νέσθαι
2349 4496 2416 4549 τὰ
2474 4488 2719 4569 πρόϐατά
2776 4514 2880 4568 μου
2951 4492 3026 4555 εἷς
3085 4493 3367 4568 προνομὴν
3405 4537 3418 4563 ,
3478 4487 3596 4544 ἷδοὺ
3654 4487 3762 4565 ἐγὼ

2702 4722 2744 4755 ⁶¹
2796 4718 2939 4774 ibid.
2993 4719 3082 4773 26.
3158 4720 3204 4754 ⁸³
3263 4718 3464 4773 Ezech.
3524 4719 3653 4785 xm,
3680 4716 3765 4769 15.

2192 5072 2268 5141 (4)
2311 5067 2445 5127 Τοὺς
2493 5068 2919 5142 ἁμαρτάνοντας.
2979 5067 3074 5122 Sic
3119 5084 3261 5124 mss.
3314 5068 3536 5124 omnes.
3598 5067 3770 5126 Deest

2119 5140 2259 5203 τούς
2276 5144 2333 5196 in
2367 5140 2548 5197 Paris.
2581 5140 2720 5195 edit.

2214 5215 2269 5280 5)
2302 5210 2746 5285 Πλαγιαζόντων.
2784 5232 2812 5262 ‹‹
2849 5210 2911 5285 Ῑρ
2944 5208 3248 5285 obliquum
3279 5210 3610 5285 ﬂectunt.)

2214 5217 2269 5280 5)
2302 5217 2746 5285 Πλαγιαζόντων.
2784 5232 2812 5262 ‹‹
2849 5217 2911 5265 ln
2944 5217 3248 5281 obliquum
3279 5217 3543 5265 ﬂectunt.
3582 5232 3610 5260 ››

2192 5217 2268 5358 (ὃ)
2292 5284 2758 5358 Ἐπιθυμήμασιν.
2785 5281 3057 5358 Vulgata,
3091 5304 3119 5331 «
3142 5281 3202 5358 in
3234 5282 3710 5353 cogitationibus.
3744 5305 3771 5331 υ

2303 5351 2647 5426 Σφαζόντων.
2676 5355 2872 5409 Comb.
2899 5351 3365 5426 κατασφαζόντων,

2192 5371 2217 5425 (⁷
2254 5371 2267 5426 )
2303 5371 2647 5423 ιωαςοντων.
2676 5371 2872 5409 uomo.
2902 5372 3067 5407 κατασ
3109 5371 3365 5421 αςοντων.

2309 5414 2444 5479 [lacn
2504 5429 2766 5499 πετεινοῖς
2826 5424 2914 5477 καὶ
2972 5373 3204 5499 θηρείοις.
3264 5425 3454 5499 verba
3508 5429 3648 5480 sunt
3703 5443 3771 5481 ex

2120 5496 2384 5566 Isﬁxvm,
2414 5501 2469 5563 6,
2504 5504 2604 5552 aut
2631 5498 2750 5553 Jer.
2790 5514 2976 5565 xxxrv,
3008 5496 3101 5565 20,
3145 5502 3249 5552 aut
3299 5496 3500 5552 Ezech.
3534 5513 3768 5566 xxxvm,

2118 5572 2236 5661 b’et
2265 5588 2455 5654 xyimx,
2490 5571 2574 5624 17.
2599 5570 2723 5624 Duo
2756 5569 2934 5640 Regg,
2960 5577 3089 5640 post
3110 5573 3395 5635 πετεινοῖς,
3429 5568 3655 5624 addunt
3674 5571 3769 5622 τοῦ

2118 5661 2277 5716 OL)qu
2287 5662 2368 5696 Ου.

2190 5711 2265 5787 (9)
2297 5711 2463 5784 Φησί.
2498 5712 2669 5770 Deest
2695 5712 2757 5767 in
2788 5712 3016 5768 duobus
3052 5712 3230 5783 Regg.
