4152 6286
437 492 554 551 477

1574 493 1870 554 ORATIO
1912 492 1989 553 II.
2022 524 2100 536 —-
2128 488 2697 552 APOLOGETICA.

3727 489 3848 549 4⁸78

438 620 523 677 ἐπὶ
572 621 697 683 τοὺς
756 620 1036 693 ποιμένας,
1094 622 1181 678 καὶ
1232 623 1513 694 ἐκζητησω
1564 623 1631 679 τὰ
1686 618 1931 698 πρόϐατά
1978 643 2071 695 μοι

2199 628 2417 691 autem,
2450 622 2571 677 haec
2603 624 2659 677 et
2687 620 2787 677 illa
2818 620 3133 694 patientur,
3168 637 3290 692 quae
3345 620 3612 676 videlicet
3657 620 3840 677 malos

438 709 497 767 ἐκ
548 716 656 766 τῶν
737 715 939 786 χειρῶν
995 711 1191 785 αὐτῶν,
1252 713 1339 767 καὶ
1405 714 1471 768 τὰ
1551 714 1645 786 μὶν
1718 712 1923 783 συνάξω
1988 712 2076 767 καὶ

435 801 867 877 περιποιήσομαι
915 802 1046 874 (10)·
1099 802 1150 854 οἱ
1198 799 1256 856 δὲ
1301 802 1369 857 τὰ
1410 802 1499 857 καὶ
1565 804 1630 856 τὰ
1700 802 1994 873 πείσονται,
2045 800 2079 855 ἃ

432 888 560 950 τοὺς
592 889 790 949 κακοὺς
818 890 1081 963 τοιμένας
1118 890 1278 952 εἰκός.

505 980 625 1034 ΞΖ’.
659 977 819 1033 Ἀλλ’
853 975 945 1033 ’ίνα
996 981 1095 1051 μή,
1126 980 1191 1034 τὰ
1234 981 1446 1034 πάντων
1493 980 1581 1035 καὶ
1632 979 1833 1043 πάντας
1884 982 2076 1057 ἀπαρι-

435 1066 745 1140 θμούμενος
772 1066 899 1129 τοὺς
926 1071 1229 1146 προφήτας,
1251 1071 1452 1145 μακρὸν
1471 1070 1737 1125 ἀποτείνω
1756 1069 1921 1145 λόγον
1943 1074 2075 1146 (11),

436 1156 551 1218 ἐνὸς
583 1157 926 1229 ἐπιμνησθεὶς
960 1156 1036 1213 ἔτι
1066 1163 1162 1213 τοῦ
1201 1159 1307 1234 πρὸ
1352 1167 1451 1229 τῆς
1506 1157 1757 1221 πλάσεως
1804 1159 2077 1235 ἐγνωσμέ-

436 1267 555 1312 νου,
585 1246 670 1300 καὶ
704 1245 761 1300 ἐκ
803 1249 1013 1322 μήτρας
1058 1247 1395 1322 ἡγιασμένου
1428 1248 1707 1325 (Ἱερεμίας
1756 1250 1820 1318 ἦν
1876 1248 2078 1323 οὗτος),

434 1333 561 1397 τοὺς
605 1332 831 1397 λοιποὺς
884 1332 1285 1413 ὑπερϐήσομαι.
1342 1343 1501 1407 Ζητεῖ
1562 1339 1655 1411 μὲν
1724 1337 1879 1400 οὗτος
1946 1340 2076 1410 ὑπὲρ

432 1422 673 1502 κεφαλῆς
723 1421 890 1500 ὕδωρ,
920 1425 1009 1479 καὶ
1056 1431 1171 1487 τοῖς
1221 1424 1528 1504 ὀφθαλμοῖς
1575 1429 1761 1503 πηγὴν
1809 1426 2078 1503 δακρύων,

436 1533 517 1567 ινα
546 1511 756 1586 κλαύσῃ
798 1514 933 1585 πρὸς
985 1513 1131 1585 ἀξίαν
1176 1515 1267 1570 τὸν
1316 1516 1557 1592 Ἰσραήλ·
1595 1514 1841 1592 ὀδύρεται
1885 1515 1941 1572 δὲ
1972 1517 2080 1594 οὐχ

431 1599 591 1669 ἧττον
623 1599 711 1653 καὶ
741 1604 848 1654 τῶν
881 1603 1238 1676 προεστώτων
1264 1605 1363 1673 τὴν
1400 1604 1729 1680 μοχθηρίαν.

502 1688 637 1748 ΞΙΓ.
679 1687 837 1763 Λέγει
872 1691 964 1763 μὲν
999 1690 1143 1763 αὐτῷ
1176 1690 1599 1768 διελεγχόμενος
1628 1696 1740 1767 (12)
1771 1694 1907 1769 πρὸς
1950 1695 2076 1757 τοὺς

432 1774 594 1853 ἱερεῖς
642 1778 671 1833 ὁ
717 1777 864 1840 Θεός’
921 1781 989 1836 Οἱ
1038 1781 1199 1855 ἱερεῖς
1250 1781 1347 1836 οὐκ
1412 1782 1587 1849 εἶπαν,
1638 1787 1743 1837 ποῦ
1811 1783 1917 1838 ἐστι
1969 1783 2076 1842 Κύ-

431 1884 586 1942 ριος;
645 1868 734 1921 καὶ
786 1867 837 1921 οῖ
888 1868 1244 1944 ἀντεχόμενοι
1292 1870 1388 1925 τοῦ
1434 1871 1606 1943 νόμου
1657 1894 1762 1945 μου
1811 1873 1909 1927 οὐκ
1956 1872 2079 1942 ἠπί-

430 1954 621 2010 σταντό
674 1976 758 2028 με,
792 1955 882 2011 καί
941 1960 993 2011 οἱ
1050 1960 1307 2031 ποιμένες
1340 1961 1373 2029 ἠ
1425 1956 1613 2015 σὲϐουν
1675 1962 1751 2023 εἷς
1809 1962 1924 2034 ἐμὲ.
1976 1964 2077 2017 Λέ-

427 2064 510 2118 γει
570 2041 629 2099 δὲ
690 2043 853 2107 αὐτὸς
927 2045 1112 2101 πάλινο
1178 2050 1436 2121 [Ιοιμένες
1507 2050 1930 2127 ἠφρονεύσαντο,
1987 2052 2075 2107 καὶ

432 2131 522 2188 τὸν
584 2133 779 2210 Κύριον
830 2134 933 2189 οὐκ
981 2135 1299 2208 ἐξεζήτησαν
1334 2141 1466 2211 (13),
1498 2139 1585 2193 καὶ
1635 2137 1723 2194 διὰ
1768 2145 1932 2195 τοῦτο
1982 2141 2079 2197 οὐκ

434 2218 621 2292 ἐνόησε
652 2224 764 2295 (14)
798 2229 940 2277 πᾶσα
989 2226 1023 2292 ἡ
1076 2227 1243 2297 νομὴ,
1275 2227 1362 2280 καὶ
1414 2223 1911 2303 διεσκορπίσθησαν.
1946 2237 2074 2285 Ποι-

437 2308 591 2384 μένες
646 2332 723 2381 τε,
782 2311 935 2389 φησὶ,
993 2313 1197 2369 πολλοὶ
1259 2316 1559 2393 διέφθειραν
1619 2318 1709 2371 τὸν
1779 2317 2077 2391 ἀμπελῶνά

437 2419 561 2472 μου·
620 2398 889 2472 ἐμόλυναν
948 2403 1045 2471 τὴν
1109 2402 1299 2479 μερίδα
1363 2427 1465 2477 μου
1523 2409 1619 2475 τήν
1681 2405 1837 2461 οὖσαν
1890 2407 2073 2463 ἐπιθυ-

434 2488 637 2561 μητὴν,
670 2486 915 2545 δεδόσθαι
977 2492 1052 2553 εἰς
1109 2494 1207 2560 τήν
1270 2492 1473 2567 ἔρημον
1508 2498 1618 2567 (15)
1670 2492 1885 2553 ἄϐατον.
1946 2497 2077 2554 Εἶτα

427 2577 563 2654 πρὸς
619 2577 816 2640 αὐτοὺς
864 2582 975 2651 (16)
1028 2580 1190 2635 πάλιν
1239 2582 1567 2639 ἀποτείνεται
1619 2584 1745 2647 τοὺς
1793 2589 2071 2659 ποιμένας

427 2668 512 2736 Ὠ,
564 2666 615 2721 οἱ
665 2667 922 2740 ποιμένες
987 2670 1039 2723 οἱ
1107 2670 1444 2734 ἀπολλύντες
1521 2675 1607 2727 καὶ
1668 2673 2075 2751 διασκορπίζον-

425 2775 511 2817 τες
568 2755 636 2811 τὰ
692 2751 940 2832 πρόϐατα
995 2766 1093 2827 τῆς
1172 2768 1347 2833 νομῆς
1407 2780 1530 2834 μου·
1592 2760 1680 2817 διὰ
1733 2762 1891 2819 τοῦτο
1948 2763 2076 2820 τάδε

428 2842 573 2919 λέγει
661 2846 855 2922 Κύριος
941 2846 1025 2901 ἐπὶ
1105 2848 1232 2911 τοὺς
1318 2852 1708 2923 ποιμαίνοντας
1782 2855 1873 2908 τὸν
1946 2853 2076 2910 λαόν

434 2952 558 3004 μου·
618 2934 799 3007 Ὑμεῖς
872 2932 1274 3011 διεσκορπίσατε
1349 2941 1413 2993 τὰ
1487 2937 1731 3016 πρόϐατά
1800 2964 1927 3014 μου,
1984 2944 2073 2999 καὶ

435 3019 689 3093 ἐξεώσατε
760 3023 911 3094 αὐτὰ,
971 3030 1059 3080 καί
1139 3026 1235 3081 οὐκ
1309 3028 1667 3103 ἐπεσκέψασθε
1740 3032 1890 3087 αὐτά·
1956 3031 2072 3090 ἰδοὺ

438 3106 547 3183 ἐγὼ
603 3107 795 3165 ἐκδικῶ
852 3112 929 3191 ἐφ’
990 3114 1150 3188 ὑμᾶς,
1205 3118 1339 3171 κατὰ
1393 3117 1459 3172 τὰ
1516 3122 1731 3196 πονηρὰ
1789 3119 2071 3192 ἐπιτηδεύ-

435 3218 578 3271 ματα
636 3198 806 3273 ὖμῶν.
861 3200 1179 3273 Ἀλαλάζειν
1238 3228 1296 3261 τε
1357 3205 1612 3281 βούλεται
1680 3210 1805 3272 τοὺς
1872 3211 2073 3285 ποιμέ-

429 3306 522 3375 νας
550 3289 682 3361 (17),
727 3289 814 3343 καὶ
862 3290 1148 3347 κόπτεσθαι
1193 3294 1317 3357 τοὺς
1366 3296 1553 3372 κριοὺς
1603 3303 1710 3354 τῶν
1761 3295 2073 3375 προϐάτων,

430 3371 566 3431 διότι
601 3376 996 3455 ἐπληρώθησαν
1027 3382 1079 3436 αἱ
1110 3384 1311 3460 ἡμέραι
1344 3371 1516 3440 αὐτῶν
1552 3386 1626 3449 εἷς
1658 3371 1890 3466 σφαγήν.

491 3467 617 3523 ΞΘ’.
645 3467 750 3524 Καὶ
780 3468 833 3523 τί
867 3491 956 3542 μοι
987 3472 1052 3525 τὰ
1082 3471 1287 3528 παλαιὰ
1317 3478 1428 3548 (18)
1462 3474 1633 3553 λέγειν
1661 3496 1673 3547 ;
1706 3478 1794 3540 Τίς
1829 3476 1905 3550 δὶ,
1945 3484 2062 3543 τοῖς

423 3555 645 3611 Παύλου
675 3557 859 3612 κανόσι
892 3559 980 3613 καὶ
1013 3560 1160 3635 ὅροις
1193 3563 1376 3619 ἐαυτὸν
1411 3566 1789 3641 παρεκτείνων,
1823 3568 1915 3631 οὖς
1947 3570 2069 3646 περὶ

424 3643 730 3701 ἐπισκόπων
776 3647 867 3701 καὶ
928 3645 1303 3727 πρεσϐυτέρων
1360 3650 1529 3725 ἔταξε,
1586 3656 1885 3733 νηφαλίους
1933 3643 2068 3732 (19),

423 3734 704 3811 σώφρονας
738 3735 893 3807 εἶναι,
932 3738 1006 3809 μή
1051 3740 1365 3815 παροίνους,
1402 3745 1476 3815 μὴ
1528 3743 1797 3815 πλήκτας,
1832 3744 2069 3803 διδακτι-

332 3844 345 3857 ο
420 3823 571 3891 κους,
605 3823 889 3895 ἀλήπτους
924 3824 975 3880 ἐν
1003 3834 1129 3881 πᾶσι
1164 3830 1250 3883 καὶ
1292 3832 1592 3910 ἀνεπάφους
1646 3836 1755 3908 (20)
1803 3842 1919 3898 τοῖς
1968 3858 2067 3891 πο-

421 3917 634 3987 νηροῖς,
665 3912 728 3967 ού
785 3914 930 3970 πολὺ
976 3918 1038 3971 τὸ
1088 3915 1370 3996 διαφεῦγον
1420 3922 1634 3998 εὑρήσει
1673 3926 1771 3993 τήν
1813 3930 1919 3981 τῶν
1970 3948 2068 3981 κα-

419 3999 589 4057 νόνων
642 4002 941 4074 εὐθύτητα,
985 4005 1045 4060 Τί
1095 4004 1179 4062 δαὶ
1228 4012 1339 4083 (21)
1391 4008 1423 4063 ἃ
1464 4017 1579 4072 τοῖς
1637 4015 1902 4085 μαθηταῖς
1959 4021 2068 4085 Ἰη-

421 4094 546 4181 σοῦς
574 4090 661 4181 ἐπὶ
692 4092 755 4147 τὸ
783 4094 1047 4171 κήρυγμα
1076 4096 1308 4169 πιμπων
1335 4100 1656 4172 νομοθετεῖς
1691 4103 1764 4155 ὧν
1806 4104 1869 4157 τὸ
1899 4105 2065 4181 κεφά-

420 4175 716 4249 λαιον,⁹ίνα
752 4182 828 4253 μὴ
877 4181 943 4236 τὰ
984 4185 1099 4238 καθ’
1126 4181 1350 4241 ἕκαστον
1398 4185 1567 4262 λέγω,
1597 4189 1881 4252 τοιούτους
1933 4192 2063 4246 εἶναι

417 4268 514 4336 τὴν
565 4268 781 4341 ἀρετὴν,
813 4270 902 4324 καὶ
947 4270 1117 4335 οὕτως
1168 4274 1443 4338 εὐσταλεῖς
1494 4279 1604 4350 (22)
1652 4277 1738 4332 καὶ
1790 4280 2062 4354 μετρίους,

416 4356 505 4411 καὶ
552 4356 628 4412 ἔτι
678 4359 791 4432 (23)
840 4360 1118 4433 συντόμως
1174 4363 1365 4436 εἰπεῖν,
1418 4365 1721 4440 οὐρανίους,
1774 4368 1911 4424 ὥστε
1960 4370 2067 4447 οὐχ

417 4445 580 4537 ἦττον
615 4445 704 4502 διὰ
733 4449 823 4503 τὸν
854 4448 1053 4522 τρόπον
1088 4451 1283 4524 αὐτῶν,
1380 4452 1467 4509 διὰ
1496 4457 1585 4511 τὸν
1630 4457 1795 4532 Λόγον
1850 4445 2063 4537 τρέχειν

419 4536 482 4589 τὸ
513 4536 760 4613 Εὖαγγὲλ
772 4559 847 4593 ιον
859 4583 871 4596 .

2109 2004 2156 2070 Β

2189 716 2451 785 pastores
2483 712 2601 785 pati
2634 716 3096 768 consentaneum
3120 714 3228 767 est.

2264 980 2476 1036 LXVII.
2510 980 2618 1036 Sed
2653 996 2723 1036 ne
2754 980 3017 1035 omnium
3047 995 3235 1048 voces,
3263 982 3435 1050 atque
3467 994 3671 1035 omnes
3696 995 3837 1050 pro-

2192 1068 2398 1141 pbetas
2420 1084 3130 1127 enumerans.sermonem
3154 1067 3211 1121 in
3241 1066 3477 1139 longum
3499 1069 3834 1139 protrabam

2192 1163 2502 1231 postquam
2524 1156 2695 1213 unius
2719 1158 2910 1212 adhuc
2926 1157 3533 1227 Jeremiae,antequum
3556 1156 3838 1214 formare-

2192 1252 2305 1316 tur,
2340 1247 2577 1321 cogniti,
2603 1252 2655 1302 et
2683 1247 2756 1302 ab
2780 1247 2906 1319 ipsa
2926 1246 3095 1301 vulva
3124 1247 3470 1302 sanetiﬁcati
3501 1246 3564 1314 ‘6,
3591 1248 3839 1303 mentio-

2190 1354 2322 1394 nem
2358 1338 2562 1404 fecero,
2596 1336 2850 1407 reliquos
2882 1352 3085 1392 omnes
3118 1336 3440 1407 praeteribo.
3467 1336 3677 1402 Quazrit
3709 1337 3837 1409 qui-

2189 1428 2322 1483 dem
2352 1427 2448 1482 hic
2480 1426 2654 1499 capiti
2686 1442 2922 1497 aquam,
2955 1430 3011 1481 et
3059 1425 3242 1481 oculis
3285 1426 3503 1481 fontem
3551 1425 3835 1499 lacryma-

2188 1533 2341 1585 rum,
2366 1521 2431 1571 ut
2448 1514 2719 1571 Israelem
2745 1532 2848 1587 pro
2871 1515 3155 1587 dignitate
3174 1514 3370 1585 lugeat
3389 1516 3431 1549 ⁸⁷
3458 1532 3468 1569 :
3497 1532 3607 1570 non
3639 1515 3835 1573 minus

2189 1610 2385 1661 autem
2418 1604 2745 1659 antistitum
2777 1603 2952 1659 etiam
2983 1602 3417 1675 improbitatem
3448 1603 3731 1675 deplorat.

2262 1693 2499 1748 LXVIII.
2534 1698 2615 1747 Ac
2666 1694 2813 1748 Deus
2848 1692 3085 1765 quidem
3125 1692 3454 1748 sacerdotes
3487 1709 3832 1764 coarguens,

2187 1782 2281 1838 bis
2312 1782 2383 1837 ad
2416 1797 2549 1837 eum
2581 1782 2774 1837 verbis
2807 1782 3030 1836 utitur:
3066 1780 3377 1837 Sacerdotes
3406 1797 3516 1837 non
3553 1781 3834 1851 dixerunt,

2192 1873 2387 1930 Ubiest
2417 1871 2723 1927 Dominus?
2754 1875 2805 1926 et
2835 1872 2932 1943 qui
2962 1870 3133 1941 legem
3174 1888 3349 1927 meam
3397 1869 3833 1942 complecteban-

2188 1969 2297 2029 tur,
2331 1960 2645 2017 nesciebant
2674 1977 2757 2015 me
2779 1980 2796 2014 :
2825 1964 2874 2016 et
2904 1964 3145 2031 pastores
3176 1962 3344 2033 impie
3375 1961 3608 2030 agebant
3638 1962 3832 2016 adver-

2185 2067 2308 2107 sum
2337 2067 2422 2107 me
2450 2050 2513 2103 ⁸⁸.
2546 2050 2675 2122 Ipse
2707 2056 2902 2105 autem
2948 2067 3181 2105 rursum
3215 2050 3330 2105 ait:
3379 2056 3634 2107 Pastores
3671 2053 3836 2107 stulte

2186 2149 2435 2209 egerunt,
2465 2147 2514 2194 et
2542 2140 2835 2195 Dominum
2883 2155 2997 2195 non
3053 2140 3424 2211 quaesierunt:
3460 2157 3523 2195 ac
3546 2146 3833 2214 prapterea

2185 2246 2321 2299 grex
2350 2232 2633 2284 universus
2663 2244 2767 2283 non
2814 2228 3108 2296 intellexit,
3132 2236 3184 2283 et
3211 2227 3448 2301 dispersi
3474 2238 3600 2284 sunt
3629 2231 3693 2285 5°.
3728 2234 3827 2286 At-

2187 2335 2297 2390 que
2329 2317 2439 2374 alio
2469 2317 2631 2373 loco:
2663 2317 2820 2372 Multi
2869 2322 3122 2389 pastores
3169 2317 3413 2374 demoliti
3453 2323 3583 2373 sunt
3612 2320 3829 2375 vineam

2184 2424 2403 2475 meam;
2458 2408 2976 2463 contaminaverunt
3001 2416 3213 2478 partem
3258 2424 3437 2463 meam
3483 2407 3828 2465 desiderabi-

2186 2497 2331 2561 lem;
2361 2496 2490 2552 adeo
2518 2500 2579 2551 ut
2636 2498 2695 2551 in
2740 2499 2954 2553 inviam
3004 2497 3354 2553 solitudinem
3410 2498 3633 2553 redacta
3664 2500 3732 2554 sit
3761 2499 3823 2553 7°.

2185 2587 2315 2643 Mox
2346 2586 2403 2642 in
2436 2586 2616 2642 malos
2649 2591 2912 2659 pastores
2945 2604 3182 2642 rursum
3219 2588 3553 2642 invehitur:
3593 2588 3682 2644 Vae
3727 2606 3825 2660 pa-

2183 2677 2437 2743 storibus,
2473 2678 2568 2747 qui
2596 2676 2922 2747 dispertiunt
2955 2684 3004 2731 et
3027 2677 3349 2748 dispergunt
3370 2693 3588 2747 gregem
3616 2694 3829 2749 pascuae

2181 2782 2332 2822 meas.
2369 2765 2487 2821 Ideo
2535 2766 2652 2823 hac
2704 2765 2837 2821 dicit
2889 2767 3147 2821 Dominus
3193 2766 3268 2822 ad
3314 2782 3405 2821 eos
3455 2769 3551 2839 qui
3596 2775 3828 2838 paseunt

2179 2856 2443 2926 populum
2488 2872 2672 2910 meum
2694 2874 2712 2908 :
2775 2856 2869 2912 Vos
2906 2856 3243 2926 dispersistis
3296 2872 3509 2927 gregem
3538 2873 3739 2927 meum,
3774 2866 3826 2913 et

2181 2946 2413 3016 ejecistis
2443 2962 2549 3013 eos,
2584 2947 2634 3001 et
2663 2963 2773 3001 non
2803 2947 3080 3001 Lisz'tastis.
3115 2949 3247 3001 Ecce
3273 2963 3366 3016 ego
3396 2947 3638 3003 ulciscar
3660 2963 3823 3018 super

2182 3050 2293 3105 vos,
2344 3035 2643 3091 secundum
2708 3036 2983 3091 malitiam
3041 3035 3347 3092 studiorum
3425 3041 3728 3092 vestrorum
3755 3037 3821 3091 ⁷⁸.

2182 3124 2332 3188 Quin
2363 3125 2539 3180 etiam
2572 3128 2833 3196 pastores
2864 3124 3113 3193 ululare,
3155 3128 3329 3197 atque
3387 3125 3597 3182 arietes
3628 3125 3824 3182 ovium

2184 3213 2656 3286 plangereiubet,
2692 3214 2967 3285 quoniam
3007 3214 3230 3287 impleti
3261 3219 3399 3272 sunt
3446 3214 3572 3273 dies
3602 3232 3825 3286 eorum,

2185 3307 2247 3358 ut
2278 3302 2705 3359 interficiantur
2725 3303 2792 3358 7’.
3688 3312 3691 3317 '

2247 3482 2430 3539 LXIX.
2461 3483 2675 3539 Verum
2710 3482 2850 3554 quid
2881 3482 3121 3554 antiqua
3150 3482 3403 3557 colligo?
3434 3484 3821 3557 Quotusquis-

2181 3590 2294 3646 que
2321 3578 2430 3643 est,
2464 3572 2563 3645 qui
2594 3573 2642 3628 si
2676 3574 2745 3628 ad
2780 3590 3030 3629 canones
3061 3591 3158 3629 eos
3190 3578 3247 3629 et
3276 3574 3507 3646 regulas
3557 3575 3818 3647 seipsum

2180 3663 2391 3735 exigat,
2420 3679 2567 3734 quas
2588 3661 2805 3717 Paulus
2828 3663 2896 3717 de
2922 3662 3211 3734 episcopis
3233 3668 3289 3719 et
3311 3664 3664 3737 presbyteris
3691 3681 3823 3720 con~

2181 3752 2395 3818 stituit,
2429 3767 2638 3823 nempe
2667 3753 2763 3807 47
2801 3758 2865 3806 ut
2894 3752 3073 3807 sobrii
3104 3757 3159 3808 et
3190 3753 3388 3823 pudici
3420 3752 3559 3821 sint,
3593 3770 3707 3808 non
3739 3753 3821 3809 vi-

2181 3840 2425 3909 nolenti,
2453 3858 2568 3896 non
2594 3857 2984 3913 percussores,
3007 3842 3077 3896 ad
3103 3841 3429 3897 docendum
3460 3836 3823 3910 idonei,irre-

2180 3929 2603 4002 prebensibiles
2628 3930 2683 3984 in
2708 3930 2982 3985 omnibus
3006 3930 3179 3985 rebus
3196 3930 3442 4002 73,atque
3462 3930 3562 4003 huj
3574 3932 3825 4000 usmodi,

2180 4023 2242 4075 ut
2272 4020 2343 4075 ab
2375 4019 2659 4091 improbis
2692 4018 2898 4090 attingi
2934 4023 3247 4091 nequeant,
3282 4037 3397 4076 non
3428 4037 3555 4075 sese
3585 4040 3618 4076 a
3648 4038 3825 4078 cano-

2178 4126 2319 4163 num
2340 4108 2680 4162 rectitudine
2702 4107 3060 4179 permultum
3078 4111 3281 4165 abesse
3300 4110 3655 4182 comperiet?
3675 4111 3823 4177 Quid

2176 4214 2244 4253 ea
2265 4198 2665 4269 referam,quaa
2687 4199 2855 4252 Iesus
2878 4197 3181 4270 discipulis
3204 4199 3348 4265 suis,
3366 4200 3435 4255 ad
3461 4201 3820 4270 praedicatio-

2175 4304 2309 4343 nem
2334 4303 2432 4342 eos
2456 4287 2716 4351 mittens,
2744 4286 3135 4358 praescribit"
3156 4288 3183 4341 ?
3205 4305 3453 4359 quorum
3488 4305 3558 4343 ne
3590 4288 3825 4361 singula

2174 4376 2477 4448 explicem,
2507 4376 2626 4430 haec
2658 4392 2893 4432 summa
2921 4382 3027 4443 est,
3053 4381 3117 4431 ut
3146 4378 3361 4433 virtute
3391 4378 3535 4434 tales
3568 4378 3705 4446 sint,
3732 4383 3822 4436 at-

2176 4482 2289 4537 que
2310 4466 2391 4520 ita
2412 4464 2664 4537 expediti
2697 4482 2762 4520 ac
2794 4466 3065 4532 modesti,
3093 4472 3170 4534 et,
3196 4472 3261 4522 ut
3288 4485 3403 4523 uno
3426 4469 3599 4523 verbo
3632 4470 3824 4525 dicam

2177 4554 2460 4621 ecelestes,
2494 4559 2559 4608 ut
2589 4571 2702 4609 non
2736 4554 2933 4609 minus
2964 4556 3037 4611 ob
3067 4573 3268 4612 eorum
3299 4558 3477 4613 vitam
3510 4562 3568 4614 et
3608 4575 3822 4630 mores,

420 4642 599 4697 quam
630 4628 701 4683 ob
747 4646 1075 4686 sermonem
1109 4637 1284 4707 atque
1313 4636 1637 4693 doctrinam
1674 4639 2051 4713 Evangelium
2092 4642 2331 4699 currat?

490 4725 535 4815 ξς
561 4725 772 4815 Jgrem.
808 4729 852 4794 Ι,
898 4730 953 4783 5.
994 4731 1036 4764 ⁸⁷
1064 4734 1278 4815 Jerem:
1304 4751 1418 4815 ἰιι-ε
1480 4736 1529 4789 1.
1589 4737 1631 4770 ⁸⁸
1662 4737 1876 4794 Jerem.
1910 4757 1973 4803 ιι,
2004 4744 2056 4797 8.

2193 4741 2421 4815 _Jerem.
2466 4758 2521 4815 ξ,
2567 4741 2656 4796 21.
2707 4742 2751 4775 ⁷ο
2779 4743 2990 4815 Jerem.
3040 4744 3139 4812 xii,
3196 4746 3280 4801 10.
3326 4746 3370 4781 τί
3410 4745 3623 4801 Jerem.
3658 4763 3818 4815 χχιιι,

418 4798 468 4867 1,
498 4798 552 4851 2.
587 4798 633 4833 ⁷²
661 4799 869 4855 Jerem.
904 4818 1033 4867 xxv,
1091 4802 1181 4857 34.
1230 4805 1273 4838 ⁷³
1301 4806 1324 4860 l
1355 4798 1512 4862 Tim.
1553 4824 1637 4879 ιιι,
1669 4812 1725 4876 2,
1752 4811 1822 4877 3;
1858 4798 1970 4867 Tit;
2015 4828 2053 4881 ι,

2193 4813 2234 4868 9.
2268 4814 2313 4847 τι
2342 4798 2552 4869 Mattb.
2584 4831 2640 4882 χ,
2670 4815 2742 4881 9;
2778 4814 2915 4870 Luc.
2950 4798 3026 4883 ιχ,
3058 4818 3111 4871 3.

484 4903 607 4970 (10)
661 4905 1142 4982 ῌεριποιήσομαι.
1184 4930 1211 4982 ε(
1239 4911 1575 4982 Acquiram,
1619 4935 1647 4962 ››

1704 4916 1858 4987 quod
1917 4917 2069 4972 Scri-
2100 4921 2148 4986 D

2248 4919 2361 4991 (17)
2418 4916 2553 4979 Τοὺς
2607 4920 2890 4991 ποιμένας.
2969 4921 3108 4993 Reg.
3168 4927 3210 4990 t,
3294 4919 3380 4974 καὶ
3437 4919 3563 4981 τοὺς
3622 4920 3820 4995 ποιμέ-

415 4977 598 5057 ptprts
628 4979 716 5030 est
748 4976 987 5057 verbum
1013 4976 1033 5057 ;_
1059 4979 1147 5034 vel
1180 4981 1323 5037 forte
1339 4976 1413 5038 ex
1439 4976 1611 5051 Isaia,
1636 5007 1661 5034 ‹‹
1690 4976 1973 5043 redimam
2001 5006 2014 5057 ;
2040 5010 2066 5038 »

2193 4976 2285 5050 ναξ.

413 5044 498 5101 vel
529 5068 558 5096 «
593 5046 857 5113 servabo,
889 5051 1141 5106 tutabor.
1178 5073 1207 5101 ››

631 5114 828 5198 ᾼόΥΟν·
855 5120 994 5198 [.138-
1030 5139 1076 5190 ι’,
1109 5122 1198 5198 τρν
1232 5118 1418 5198 λόγον.

480 5136 597 5187 (11)
631 5136 828 5243 Λογον.
860 5136 994 5191 ueg.
1030 5139 1076 5190 r,
1109 5136 1198 5176 τον
1234 5136 1418 5198 Λόγον.

480 5188 723 5271 (12).Δ-ιε.
756 5188 1079 5265 εγχόμενος.
1125 5195 1373 5252 Budaeus
1406 5213 1419 5251 :

410 5261 859 5317 sacerdotibusi
876 5282 903 5311 ιι

629 5330 1011 5410 ’ξίξεζήτῃσαν.
1046 5335 1246 5410 Cpmb.
1287 5340 1761 5410 «exquisierunt.
1801 5366 1820 5392 ι

511 5370 594 5397 ιν]
646 5370 798 5401 1-555!
832 5370 1011 5401 ισιυυιν.
1047 5370 1246 5391 υυιμυ.
1287 5370 1305 5385 ³
1341 5370 1761 5410 ῠλιιιιιδιῠῐυιιι.
1801 5370 1820 5392 Ι

451 5370 599 5489 lit)
649 5403 758 5489 oqx
796 5370 1460 5489 évdnoe."Gotnb.hlegit
1518 5410 1615 5489 οὐκ
1654 5411 1914 5489 ἐνόησαν,
1971 5415 2059 5470 καὶ

408 5477 554 5558 rstica
581 5476 753 5558 vO-(L'Is,
787 5481 894 5558 etc.
929 5476 1668 5558 «Arionintellexer_un_t,__et
1697 5476 2062 5558 omnis'grex

411 5544 733 5623 dissipatus
763 5553 921 5623 est“:
958 5549 1053 5605 Sic
1083 5550 1332 5623 Vulgata
1354 5559 1409 5607 et
1440 5544 1628 5609 Nobil.

478 5616 842 5744 (liiggblilsetﬁv
875 5616 1104 5695 ἔρημον.
1158 5616 1332 5679 Πὸθεῐ
1377 5626 1476 5694 τήν
1517 5627 1572 5681 in
1608 5629 1885 5685 omnibus
1914 5645 2061 5701 pene

410 5701 726 5745 0001010118.

446 5832 449 5835 η
483 5759 606 5889 (16)
626 5759 772 5834 Πρὸς
801 5760 1028 5824 κακούς.
1078 5786 1099 5813 ι
1134 5763 1198 5819 In
1229 5763 1389 5838 ipsos
1414 5772 1699 5853 pastores.
1736 5791 1764 5853 η
1796 5771 2060 5831 Graecum

446 5834 534 5889 10h
610 5831 744 5889 abst
769 5829 989 5889 αὐτούς.
1017 5856 1047 5886 α
1081 5835 1290 5889 malos.
1324 5858 1352 5889 ι)
1384 5843 1449 5889 ut
1478 5840 1668 5889 reddit
1697 5840 1827 5889 Bill-

417 5832 534 5889 non
564 5829 744 5891 habet
769 5829 989 5903 αὐτούς,
1017 5856 1047 5886 α
1081 5829 1290 5907 malos,
1324 5858 1352 5889 ››
1384 5829 1449 5895 ιή
1478 5840 1668 5896 reddit
1697 5840 1827 5898 Bill.

1481 5220 1509 5247 ‹‹
1547 5198 1879 5270 disceptans
1927 5216 2061 5256 cum

2246 5061 2362 5131 (18)
2393 5057 2723 5135 ξΙξᾲᾼπαλαιά.
2782 5064 2989 5135 «(Quia
3030 5065 3288 5135 (antiqua
3319 5068 3756 5123 commemoro?
3792 5091 3819 5117 η

2175 5132 2451 5189 Nonnulli
2488 5133 2698 5187 habent
2728 5152 2740 5188 :
2770 5134 2828 5185 Τί
2860 5132 3081 5201 nona;
3121 5158 3140 5184 ι
3175 5132 3321 5200 Quid
3354 5138 3581 5193 multa?
3613 5161 3640 5189 ››

2388 5202 2721 5280 Νηφαλίους.
2748 5207 2883 5280 Reg.
2921 5205 2959 5271 Ι,
2993 5204 3318 5280 νηφαλέους.

2264 5279 2354 5353 20)
2387 5276 2742 5353 Ἀνεπάφους.
2808 5278 2929 5353 Non
2991 5276 3140 5353 male
3195 5280 3395 5335 Comb.
3455 5303 3481 5329 ‹‹
3514 5286 3673 5336 extra
3703 5300 3822 5338 om-

2175 5364 2305 5402 nem
2340 5348 2738 5416 improbo'rum
2771 5350 3148 5406 calumniam.
3182 5371 3209 5400 »

2261 5420 2351 5490 21)
2380 5415 2438 5472 τί
2471 5415 2578 5473 δαί.
2613 5420 2745 5486 Alii,
2776 5418 2828 5472 τί
2856 5416 2931 5474 δὲ.

2261 5491 2352 5565 22)
2377 5491 2957 5565 ίῐζόσταηεῖςζβοιῖιὺ.
3002 5514 3049 5565 γα
3083 5494 3233 5565 frugi
3292 5494 3561 5551 homines
3593 5513 3659 5551 ac
3690 5514 3815 5554 mo-

2170 5561 2340 5639 gesti.
2374 5564 2489 5618 Nec
2521 5563 2665 5618 bene
2688 5563 2912 5631 Billius,
2945 5586 2971 5613 ι)
2996 5561 3208 5636 inquit,
3231 5566 3483 5639 expediti
3507 5587 3520 5637 ;
3548 5588 3578 5619 ‹‹
3604 5570 3817 5627 melius

2170 5631 2439 5706 Budaeus,
2476 5651 2651 5706 quem
2684 5652 2916 5706 sequor.
2954 5658 2982 5684 »

2240 5704 2357 5776 (23)
2391 5702 2622 5781 Καῖἔςςι.
2655 5710 2738 5761 Ita
2765 5702 3174 5781 decemltegg.
3214 5726 3312 5766 sex
3342 5710 3523 5778 Colb.,
3549 5713 3694 5780 εει,
3716 5718 3796 5767 Ur

2173 5776 2223 5843 1,
2250 5775 2314 5832 et
2343 5781 2507 5835 Pass.
2542 5778 2669 5835 Par.
2701 5781 2792 5835 ed.
2827 5777 2917 5831 καὶ
2949 5777 2994 5833 εί
3026 5775 3127 5836 δεῖ.
