4152 6286
316 415 436 476 479

1554 416 1620 478 S.
1669 416 2039 479 GREGORII
2089 417 2484 479 THEOLOGI

3608 406 3731 468 480

399 546 557 603 LXX.
592 546 732 602 Mihi
765 564 895 603 vero
926 547 1197 604 timorem
1231 549 1523 604 incutiunt
1553 549 1727 605 etiam
1761 549 1964 605 Phari-

2152 554 2221 602 O'.
2256 549 2389 621 Ἐμέ
2439 546 2493 603 δὲ
2546 542 2772 624 φοϐοὖσι
2840 545 2929 600 καὶ
2993 541 3383 615 ὀνειδιζόμενοι
3439 544 3729 615 Φαρισαῖοι

330 637 425 694 saei
454 637 679 709 probris
703 637 1009 707 onerati,et
1030 637 1231 694 scribas
1256 640 1571 710 redarguti:
1600 640 1814 711 quibus
1839 655 1971 693 cum

327 743 432 783 nos
464 726 676 780 virtute
707 726 877 798 longe
898 727 1227 797 superiores
1253 745 1378 783 esse
1402 728 1739 797 debeamus,
1768 744 1971 800 quem-

332 816 650 871 admodum
685 815 847 870 nobis
882 834 1238 889 put-rapum
1270 822 1378 883 est,
1413 820 1461 873 si
1493 818 1664 874 modo
1696 818 1971 873 caelorum

332 921 576 976 regnum
610 905 888 977 consequi
920 906 1208 977 cupimus,
1241 911 1408 979 turpe
1440 909 1693 980 profecto
1727 906 1973 973 fuerit,si

333 994 478 1066 ipsis
511 993 684 1049 etiam
720 995 945 1066 pejores
977 994 1381 1064 inveniamur;
1416 998 1557 1053 adeo
1591 1002 1654 1051 ut
1687 997 1796 1068 ipsi
1830 1012 1973 1066 quo-

333 1100 467 1155 que,
509 1089 805 1154 serpentes
837 1083 1219 1156 appellamur,
1242 1093 1297 1141 et
1315 1086 1615 1158 genimina
1644 1087 1974 1157 viperarum

333 1176 390 1229 et
419 1174 597 1229 duces
626 1174 777 1241 caeci,
812 1174 1057 1229 culicem
1079 1174 1359 1244 celantes,
1383 1182 1440 1231 et
1462 1175 1750 1231 camelum
1782 1174 1973 1246 deglu-

331 1261 563 1328 tientcs,
597 1266 651 1317 et
681 1262 951 1335 sepulcra
1005 1270 1237 1320 externe
1295 1266 1533 1337 quidem
1594 1265 1856 1337 pulchra,
1893 1265 1975 1318 in—

332 1353 495 1407 terne
525 1354 719 1407 autem
742 1354 995 1423 sordida,
1020 1359 1077 1410 et
1097 1355 1435 1427 paropsides
1454 1355 1513 1410 in
1535 1356 1787 1426 speciem
1814 1371 1975 1409 mun-

337 1443 421 1496 dae
452 1440 515 1509 ⁷⁵,
551 1439 781 1513 aliaque
813 1444 1029 1514 omnia,
1055 1461 1181 1515 quas
1204 1444 1288 1499 illi
1323 1450 1378 1499 et
1418 1450 1558 1499 sunt
1589 1449 1645 1499 et
1675 1445 1976 1499 nominan-

336 1532 451 1585 tur.

410 1619 595 1673 LXXI.
632 1623 694 1674 In
727 1620 818 1675 his
854 1637 957 1692 ego
988 1622 1443 1692 cogitationibus
1494 1624 1618 1678 dies
1663 1626 1980 1693 noctesque

335 1724 537 1762 versor
564 1724 575 1761 :
610 1707 738 1763 Haec
771 1709 1057 1765 medullas
1090 1711 1266 1766 etiam
1293 1728 1450 1767 meas
1476 1712 1757 1783 eliquant,
1787 1714 1838 1767 et
1862 1728 1981 1767 car-

339 1812 443 1851 nes
466 1796 913 1867 couliciunt,nec
937 1816 1028 1853 me
1052 1800 1330 1855 audacem
1355 1817 1481 1856 esse
1512 1801 1734 1867 sinunt,
1761 1817 1827 1855 ac
1848 1802 1981 1856 sub-

2080 637 2169 692 xui
2216 642 2559 712 γραμματεῖς
2627 634 3003 712 ἐλεγχόμενοιο
3052 635 3124 687 ὧν
3172 631 3421 707 αἰσχρὸν,
3479 629 3523 683 εἶ
3586 626 3730 683 πολὺ

2082 732 2347 801 περιεῖναι
2392 724 2507 781 δέον
2559 727 2655 794 τὴν
2725 725 2944 798 ἀρετὴν,
2986 724 3058 784 ὡς
3127 720 3537 796 διατετάγμεθα,
3588 714 3642 772 εἷ’
3678 739 3729 772 τι

2084 813 2334 888 δεοίμεθα
2388 823 2487 885 τῆς
2532 820 2635 868 τῶν
2694 813 2933 889 οὐρανῶν
3003 809 3303 887 βασιλείας,
3353 807 3442 862 καὶ
3499 808 3598 877 τὴν
3642 829 3733 861 κα-

2081 903 2199 958 κίαν
2252 903 2572 982 φαινοίμεθα
2614 906 2725 977 (24)
2770 902 3013 977 χείρους’
3050 900 3187 955 ὥστε
3235 899 3325 953 xui
3384 893 3532 974 ὄφεις
3594 895 3733 951 εἰκό-

2082 1014 2188 1054 τως
2240 992 2299 1047 ἂν
2354 995 2466 1067 (25)
2526 993 2769 1062 ἀκοῦσαι,
2828 992 2917 1045 καὶ
2973 991 3284 1067 γεννήματα
3336 983 3591 1061 ἐχιδνῶν,
3641 985 3730 1039 καὶ

2085 1080 2275 1158 ὁδηγοῖ
2350 1080 2570 1159 τυφλοὶ,
2614 1082 2705 1136 τὸν
2780 1081 3017 1135 κώνωπα
3076 1075 3435 1148 διυλίζοντες,
3495 1075 3583 1129 καὶ
3628 1076 3728 1144 τήν

2082 1171 2328 1244 κάμηλον
2378 1171 2781 1239 καταπίνοντες,
2825 1169 2915 1223 καὶ
2955 1167 3113 1246 τάφοι
3168 1166 3398 1243 ῥυπαροὶ
3440 1166 3506 1219 τὰ
3557 1160 3731 1234 ἔνδον,

2089 1262 2203 1333 μετ’
2233 1260 2549 1337 εὐπρεπείας
2608 1266 2704 1330 τῆς
2757 1257 2943 1332 ἔξωθεν
3005 1257 3094 1312 καὶ
3151 1253 3449 1332 παροψίδες
3503 1254 3735 1330 καθαραὶ

2082 1351 2145 1405 τὸ
2203 1350 2547 1426 φαινόμενον,
2580 1349 2669 1405 καὶ
2724 1347 2903 1404 τᾶλλα
2959 1345 3056 1401 ὅσα
3112 1347 3305 1401 ἐκεῖνοι
3348 1344 3436 1400 xui
3495 1343 3597 1399 εἰσί
3646 1342 3735 1397 καὶ

2085 1438 2360 1497 ἀκούουσι.

2160 1623 2280 1674 ΟΑ’.
2332 1616 2555 1680 Τούτοις
2628 1616 2737 1692 ἐγὼ
2796 1617 3008 1688 σύνειμι
3064 1614 3153 1669 καὶ
3209 1612 3421 1689 νύκτωρ
3649 1612 3739 1666 καὶ

2093 1708 2207 1782 μεθ’
2257 1708 2465 1780 ἡμέραν
2539 1711 2657 1768 τοῖς
2726 1703 3042 1780 λογισμοῖς·
3102 1701 3268 1757 ταῦτά
3328 1723 3421 1775 μοι
3477 1703 3589 1775 (27)
3644 1700 3735 1754 τὸν

2094 1796 2290 1871 μυελὸν
2352 1797 2588 1866 ἐκτήκει,
2642 1794 2732 1850 καὶ
2792 1792 3001 1862 δαπανᾷ
3052 1794 3144 1853 τὰς
3221 1793 3439 1867 σάρκας,
3494 1790 3583 1844 καὶ
3641 1788 3740 1843 οὐκ

338 1884 457 1939 lata
489 1886 631 1940 facie
662 1884 945 1942 incedere.
981 1888 1108 1944 Ηωο
1140 1890 1403 1943 animum
1436 1908 1633 1945 meum
1674 1891 1977 1959 dejiciunt,

2109 1893 2150 1957 ιᾷ
2203 1886 2397 1961 θρασὺν
2456 1886 2587 1939 εἶναι
2646 1888 2735 1940 καί
2792 1882 2903 1938 ἄνω
2966 1880 3237 1956 βλέποντα
3270 1883 3404 1954 (28)*
3437 1877 3605 1933 ταῦτά
3647 1898 3739 1950 μοι

2316 1980 2338 1987 ω
2429 1975 2441 1987 ι
2542 1977 2551 1987 ι
2659 1975 2671 1987 ι
2840 1972 2853 1987 \
2942 1973 2955 1987 κ
3106 1974 3131 1984 -
3354 1967 3432 1987 V“
3623 1966 3637 1985 ἵ
3709 1968 3737 1979 ⁸⁸

339 1978 396 2030 et
417 1980 672 2029 mentem
692 1976 1063 2045 contrahunt,
1083 1982 1139 2033 et
1160 1978 1373 2049 linguas
1395 1979 1690 2034 vinculum
1713 1979 1986 2049 injiciunt

338 2063 698 2135 faciuntque,
731 2070 794 2120 ut
827 2082 939 2120 non
973 2067 1043 2120 de
1076 2067 1557 2138 praefectura,nec
1588 2070 1658 2123 de
1697 2068 1985 2140 corrigen-

341 2153 432 2207 dis
462 2160 520 2207 et
563 2155 960 2226 gubernandis
1015 2156 1143 2211 aliis
1199 2157 1468 2230 cogitem,
1502 2158 1559 2211 id
1592 2158 1744 2228 quod
1778 2159 1985 2213 exube-

342 2241 528 2297 rantis
556 2243 863 2312 cujusdam
897 2243 1192 2300 facultatis
1224 2251 1348 2314 est;
1390 2247 1489 2301 sed
1543 2246 1831 2315 quomodo
1866 2247 1987 2316 ipse

343 2332 670 2386 venientem
703 2332 849 2386 iram
912 2334 1184 2405 elfugere,
1218 2340 1392 2406 atque
1448 2353 1480 2390 a
1537 2334 1661 2391 vitii
1720 2335 1988 2406 rubigine

346 2419 614 2476 nonnihil
648 2421 939 2492 meipsum
972 2423 1251 2479 abradere
1283 2441 1516 2495 queam.
1550 2424 1793 2495 Purgari
1826 2424 1987 2495 prius

351 2513 599 2581 oportet,
634 2510 839 2564 deinde
875 2528 1159 2582 purgare:
1212 2512 1499 2583 sapientia
1548 2512 1782 2584 instrui,
1816 2517 1990 2584 atque

348 2599 431 2653 ita
460 2597 698 2652 demum
730 2597 874 2652 alios
908 2599 1192 2669 sapientia
1239 2600 1567 2668 instruere;
1618 2601 1718 2657 lux
1757 2601 1904 2668 ﬁeri,
1936 2605 1993 2656 et

346 2685 492 2741 alios
523 2684 893 2749 illuminare;
949 2688 1016 2742 ad
1070 2688 1251 2744 Deum
1304 2690 1792 2762 appropinquare,
1826 2696 1883 2746 et
1912 2691 1993 2747 ita

348 2775 492 2831 alios
523 2775 809 2833 adducere
834 2801 846 2844 ;
880 2777 1254 2847 sanctiﬁcari,
1284 2783 1339 2834 et
1359 2784 1561 2851 postea
1590 2780 1987 2849 sanctificare;

348 2880 478 2920 cum
514 2865 787 2921 manibus
848 2866 1083 2935 ducere,
1140 2884 1273 2923 cum
1313 2870 1626 2940 prudentia
1681 2869 1992 2926 consilium

348 2955 505 3009 dare.

419 3043 629 3099 LXXII.
662 3045 902 3109 Quando
932 3044 1113 3117 igitur
1141 3045 1263 3102 haec
1283 3051 1475 3114 erunt,
1506 3047 1773 3120 inquient
1803 3047 1991 3103 homi-

349 3148 452 3187 nes
483 3133 554 3187 ad
585 3133 782 3188 omnia
813 3132 1049 3200 celeres,
1084 3151 1189 3190 nec
1218 3136 1361 3191 satis
1393 3137 1572 3207 cauti,
1606 3137 1775 3193 facile
1813 3138 1992 3193 aedifi-

351 3226 569 3291 cantes,
596 3227 651 3276 et
673 3221 974 3278 diruentes
997 3224 1024 3278 ?
1048 3224 1289 3287 Quando
1313 3226 1552 3282 lucerna
1582 3244 1761 3298 supra
1782 3227 1991 3282 cande-

350 3309 584 3365 labrum
619 3312 662 3345 ⁷⁵
685 3310 712 3365 Ῡ
740 3311 845 3366 Ubi
879 3312 1165 3368 talentum
1197 3316 1239 3348 ⁷⁷
1264 3318 1286 3369 Ρ
1316 3315 1400 3372 sic
1429 3316 1585 3371 enim
1618 3316 1866 3388 gratiam
1895 3333 1991 3372 vo-

354 3405 507 3454 cant.
532 3399 661 3454 Haec
684 3399 852 3470 ii,qui
878 3402 1133 3457 amicitia
1154 3420 1332 3474 quam
1356 3404 1634 3477 religione
1656 3406 1995 3461 fervidiores

354 3493 511 3545 sunt.
545 3488 785 3553 Quando
842 3490 962 3545 haec
1020 3497 1210 3559 erunt,
1272 3498 1329 3548 et
1386 3511 1512 3564 quas
1548 3511 1677 3549 mea
1706 3500 1795 3550 est
1827 3495 1994 3566 ratio,

355 3578 637 3650 quaeritis,
666 3578 772 3633 viri
805 3579 1155 3635 fortissimi?
1176 3581 1255 3636 Ne
1281 3587 1541 3638 extrema
1563 3583 1799 3653 quidem
1833 3601 1997 3639 sene-

354 3671 483 3722 ctus
508 3666 644 3721 huic
676 3667 755 3722 rei
814 3670 1162 3738 praastituta,
1205 3670 1446 3741 longum
1495 3677 1727 3744 tempus
1777 3673 1998 3728 censeri

357 3757 543 3813 debet.
571 3757 852 3812 Senectus
887 3757 1043 3812 enim
1062 3776 1196 3813 cum
1219 3761 1528 3831 prudentia
1562 3762 1875 3832 conjuncta
1896 3762 1997 3816 im-

355 3844 550 3917 peritaa
575 3846 868 3915 juventuti
900 3852 1160 3918 praestat,
1219 3854 1274 3903 et
1330 3849 1697 3905 considerata
1753 3851 1999 3906 tarditas

353 3933 701 3990 inconsultae
730 3936 1065 4003 temeritati,
1098 3941 1154 3992 et
1202 3938 1371 3994 breve
1410 3956 1676 4011 regnum,
1710 3939 1999 3994 diuturnae

356 4024 687 4096 tyrannidi;
713 4026 1211 4095 quemadmodum
1234 4033 1289 4082 et
1310 4027 1517 4100 exigua
1544 4030 1730 4099 portio
1762 4029 1999 4084 maximi

360 4113 552 4185 pretii,
577 4113 781 4169 multis
800 4113 1016 4170 vilibus
1033 4120 1089 4171 et
1108 4116 1448 4187 periculosis
1466 4118 1695 4189 opibus,
1716 4122 1773 4173 et
1794 4134 2002 4190 parum

360 4202 487 4256 auri
519 4201 724 4257 multis
754 4203 980 4274 plumbi
1012 4204 1197 4272 libris,
1221 4210 1278 4261 et
1302 4223 1478 4278 parva
1500 4208 1600 4263 lux
1630 4207 2001 4263 densissimis

360 4290 643 4347 tenebris.

432 4379 685 4436 LXXIII.
725 4380 955 4453 Alioqui
986 4385 1301 4439 verendum
1362 4389 1469 4454 est,
1503 4402 1574 4441 ne
1629 4384 1853 4441 lubrica
1883 4387 2003 4441 haec

362 4466 645 4539 celeritas,
678 4485 1050 4543 praacepsque
1079 4473 1367 4545 studium,
1400 4474 1722 4531 seminibus
1748 4474 1864 4547 illis
1888 4491 2002 4529 non

2090 1980 2338 2031 ταπεινοῖ
2384 1975 2483 2043 τὴν
2530 1975 2735 2050 ψυχὴν,
2767 1972 2855 2027 καὶ
2903 1973 2994 2026 τὸν
3042 1974 3163 2024 νοῦν
3216 1967 3520 2036 συστέλλει,
3551 1966 3639 2020 καὶ
3672 1968 3740 2039 τῇ

2091 2064 2312 2140 γλώσσῃ
2362 2061 2554 2135 δεσμὸν
2599 2062 2869 2130 ἐπιτίθησι
2900 2062 3034 2133 (29),
3090 2059 3179 2113 xui
3231 2058 3291 2113 οὐ
3341 2057 3464 2132 περὶ
3514 2076 3745 2130 προστα-

2095 2153 2210 2214 σίας
2261 2153 2391 2207 εἶναι
2442 2158 2590 2207 ποιεῖ
2636 2153 2724 2205 τὸν
2780 2150 2969 2225 λόγον,
3003 2146 3128 2203 οὐδὲ
3180 2152 3277 2202 τοῦ
3316 2148 3610 2223 κατορθοῦν
3635 2146 3746 2218 (30)

2097 2241 2299 2304 ἄλλους
2347 2242 2435 2296 καὶ
2488 2239 2799 2311 διευθύνειν,
2854 2240 2882 2293 ὃ
2930 2239 3151 2307 ποΛὶῆς
3200 2237 3307 2291 ἐστι
3384 2243 3483 2304 τῆς
3533 2255 3747 2309 περιου-

2098 2331 2230 2393 σίας·
2266 2330 2393 2385 αΛλ’
2420 2330 2569 2393 ὅπως
2616 2331 2674 2385 ἂν
2726 2329 2885 2391 αὐτὸς
2930 2330 3028 2397 τὴν
3081 2326 3386 2403 ἐρχομένην
3438 2325 3602 2400 ὀργὴν
3637 2325 3748 2395 (31)

2100 2419 2444 2500 διαφύγοιμι,
2476 2420 2565 2474 καὶ
2616 2417 2805 2493 μικρόν
2852 2438 2901 2471 τι
2950 2421 3051 2470 τοῦ
3098 2416 3185 2470 ἰοὖ
3210 2422 3310 2485 τῆς
3360 2412 3547 2475 κακίας
3580 2412 3750 2485 ἐμαυι

2098 2510 2189 2566 τὸν
2251 2507 2593 2582 ἀποξέσαιμι.
2665 2508 3005 2583 Καθαρθῆναι
3052 2506 3164 2579 (32)
3216 2502 3297 2560 δεῖ
3356 2507 3595 2580 πρῶτον,
3641 2501 3751 2555 εἶτα

2100 2605 2346 2676 καθᾶραι·
2417 2599 2758 2676 σοφισθῆναι,
2833 2596 2920 2651 καὶ
2998 2593 3140 2649 οὕτω
3217 2592 3452 2667 σοφίσαι·
3504 2591 3750 2666 γενέσθαι

2102 2694 2236 2767 φῶς,
2295 2687 2382 2742 καὶ
2443 2688 2693 2765 φωτίσαι*
2755 2683 2962 2761 ἐγγίσαι
3034 2686 3170 2755 Θεῷ,
3227 2683 3316 2737 καὶ
3390 2683 3747 2757 προσαγαγεῖν

2103 2777 2325 2839 ἄλλους·
2374 2776 2705 2852 ἀγιασθῆναι,
2751 2774 2840 2830 καὶ
2884 2774 3119 2849 ἁγιάσαι·
3173 2772 3583 2847 χειραγωγῆσαι
3631 2768 3744 2837 (33)

2105 2867 2237 2942 μετά
2265 2870 2487 2941 χειρῶν,
2522 2858 2923 2937 συμϐουλεῦσαι
2959 2863 3092 2937 μετᾶ
3121 2859 3398 2921 συνέσεως.

2174 3052 2275 3102 OB.
2331 3044 2469 3099 Πότε
2529 3065 2618 3099 ουν
2680 3064 2824 3098 εσται
2878 3046 3070 3114 ταῦτα,
3126 3038 3283 3119 φασὶν
3347 3038 3399 3092 οἱ
3457 3039 3646 3112 ταχεῖς
3695 3031 3761 3088 τὰ

2102 3137 2293 3203 πάντα,
2343 3135 2430 3189 καὶ
2488 3133 2586 3188 οὐκ
2634 3131 2917 3209 ἀσφαλεῖς,
2965 3131 3015 3185 οἱ
3068 3127 3267 3205 ῥᾳδίως
3318 3124 3759 3199 οἰκοδομοῦντες,

2103 3224 2193 3279 καὶ
2238 3220 2765 3291 καταλύοντες;Καὶ
2808 3218 3010 3290 πηνίκα
3060 3220 3087 3274 ὁ
3137 3217 3343 3293 λύχνος
3396 3215 3481 3271 ἐπὶ
3533 3215 3631 3283 τὴν
3664 3212 3757 3267 λυ-

2104 3313 2297 3390 χνίαν;
2358 3312 2455 3367 Καὶ
2533 3316 2637 3366 ποῦ
2692 3310 2755 3365 τὸ
2828 3308 3139 3376 τάλαντον;
3195 3305 3337 3361 οὕτω
3390 3304 3453 3358 τὸ
3505 3303 3755 3377 χάρισμα

2107 3386 2377 3477 λέγοντες.
2410 3406 2585 3455 Ταῦτα
2632 3401 2683 3455 οἱ
2734 3397 3051 3472 θερμότεροι
3092 3396 3190 3463 τήν
3238 3392 3420 3471 φιλίαν
3516 3391 3614 3477 τὴν
3666 3386 3749 3442 εύ-

2108 3475 2351 3548 λάϐειαν.
2388 3490 2523 3545 Πότε
2571 3494 2755 3559 ταῦτα,
2789 3486 2877 3541 καὶ
2925 3484 3005 3546 τίς
3057 3484 3084 3537 ὁ
3134 3482 3263 3555 ἐμὸς
3312 3479 3503 3555 λόγος,
3545 3475 3589 3531 ὦ
3637 3496 3753 3552 γεν-

2107 3580 2416 3648 ναιότατοι;
2477 3577 2548 3631 Ού
2628 3576 2808 3650 μακρὰ
2878 3570 3200 3649 προθεσμία,
3270 3566 3396 3623 οὐδὲ
3468 3569 3639 3641 γῆρας
3688 3564 3751 3619 τὸ

2110 3668 2360 3745 ἔσχατον.
2424 3666 2695 3742 Κρείσσων
2782 3664 2885 3737 γαρ
2971 3659 3141 3715 πολιὰ
3229 3658 3364 3731 μετὰ.
3437 3657 3751 3745 φρονήσεως

2109 3743 2431 3813 ἀπαιδεύτου
2508 3754 2781 3823 νεότητος,
2859 3751 2947 3805 xui
3024 3748 3386 3825 λελογισμένη
3478 3743 3753 3820 βραδύτης

2108 3845 2312 3923 τάχους
2397 3843 2807 3919 ἀπερισκέπτου”
2864 3841 2954 3895 xui
3035 3837 3422 3916 ὀλιγοχρόνιος
3503 3831 3755 3923 βασιλεία

2114 3919 2319 4012 μακρᾶς
2346 3930 2679 4009 τυραννίδος·
2714 3932 2786 3992 ὡς
2815 3929 2904 3985 καὶ
2941 3927 3100 4004 ὀλίγη
3140 3928 3290 4002 μερὶς
3330 3922 3489 3998 τιμία
3533 3919 3755 4012 πολλῇς

2109 4009 2352 4095 κτήσεως
2402 4024 2515 4095 (34)
2560 4019 2754 4093 ἀτίμου
2803 4020 2891 4073 xui
2942 4022 3212 4094 σφαλερᾶς
3412 4012 3500 4068 καὶ
3550 4009 3753 4087 χρυσὸς

2111 4113 2298 4189 ὀλίγος
2342 4094 2620 4185 μολύϐδου
2670 4105 3105 4178 πολυταλάντου,
3136 4105 3225 4160 καὶ
3267 4100 3483 4158 πολλοῦ
3532 4094 3758 4157 σκότους

2111 4202 2300 4277 ὀλίγον
2334 4205 2471 4279 φῶς.

2184 4385 2297 4436 ΟΓ’.
2328 4378 2398 4432 Τὸ
2429 4374 2485 4431 δὲ
2514 4375 2654 4452 ταχὺ
2683 4379 2842 4430 τοῦτο
2880 4371 2967 4428 καὶ
3013 4369 3302 4450 σφαλερὸν,
3334 4368 3423 4423 καὶ
3472 4364 3594 4421 λίαν
3641 4385 3763 4419 κατ-

2115 4466 2543 4541 εσπουδασμένον
2577 4467 2711 4537 (36),
2749 4465 2823 4539 μὴ
2882 4466 2990 4519 τῶν
3031 4461 3352 4537 σπερμάτων
3395 4455 3618 4517 ἐκείνοις
3651 4454 3766 4528 (37)

433 4614 477 4648 ⁷⁵
506 4613 708 4669 Matth.
742 4630 903 4681 xxm,
951 4616 1145 4671 23-25.
1196 4618 1239 4652 ⁷⁸
1272 4617 1474 4674 Matth.
1511 4637 1565 4687 ν,
1589 4620 1680 4675 15.
1720 4620 1763 4653 ⁷⁷
1796 4618 1999 4674 Matth.
2042 4632 2171 4687 xxv,
2206 4615 2292 4670 45.

435 4766 547 4841 (24)
606 4764 961 4841 φαινοίμεθα.
1022 4767 1111 4821 Sic
1172 4769 1331 4841 Regii
1401 4770 1699 4837 undecim,
1762 4769 2086 4841 quatuorD

362 4836 545 4905 Colb.,
603 4839 717 4893 .les.
778 4838 872 4893 Or.
936 4840 986 4909 1,
1046 4843 1209 4896 Pass.
1258 4836 1324 4897 at
1397 4842 1598 4897 Comb.
1660 4836 2006 4916 Edfeawd-

412 4919 524 4970 εθα.

368 4930 547 5103 liii?)
606 4978 845 5041 Εἰκότως
906 4978 987 5035 ἄν.
1046 4984 1129 5038 Ita
1186 4985 1323 5057 Reg.
1385 4989 1441 5040 et
1496 4983 1656 5040 Colb.
1718 4984 1780 5037 In
1822 4983 1911 5037 ed.
1946 4980 2003 5034 av

368 5072 446 5103 εικ
482 5071 610 5103 τως.

366 5071 559 5106 εικοτω
569 5071 610 5110 ς.

435 5126 548 5198 (26)
581 5121 682 5198 Kui
708 5120 937 5198 νύκτωρ.
964 5125 1056 5198 ,lta
1088 5132 1214 5181 octo
1246 5129 1420 5198 Regg.
1455 5144 1555 5183 sex
1604 5125 1787 5191 Colb.,
1824 5125 1919 5180 Or.
1954 5127 2009 5194 1,

364 5200 474 5252 etc.
510 5191 681 5249 Deest
709 5191 797 5247 καί
824 5191 897 5250 ἱιί
912 5196 1003 5252 ed.

436 5268 549 5337 (27)
581 5265 759 5337 Ταῦτά
792 5279 909 5335 μοι.
935 5268 1073 5337 Alii,
1111 5288 1235 5337 μου.

438 5335 549 5410 (28)
583 5335 731 5418 Εἶναι
764 5338 851 5418 καὶ
879 5335 1045 5418 Πᾶνωῌ
1084 5335 1375 5418 βλέποντα.
1406 5340 1523 5418 _Sic
1554 5338 1767 5418 legitur
1795 5338 2010 5418 inmocto

366 5406 777 5481 Reg.,'septem
800 5410 983 5480 Colb.,
1016 5406 1156 5477 Jes.,
1181 5412 1276 5466 Or.
1310 5414 1498 5477 l,etc.,
1526 5406 1897 5474 omisso,o'33‘e
1916 5429 2013 5481 ποέ

370 5482 632 5556 ρεύεσθαι.
666 5481 893 5537 Ηᾶοετιῐ
952 5489 1144 5540 tamen
1203 5489 1337 5556 Reg.
1376 5484 1411 5551 Ι,
1442 5488 1485 5547 t,
1519 5486 1573 5535 et
1603 5481 1762 5538 Colb.
1798 5500 1878 5551 m,
1922 5480 2011 5533 xui

367 5551 688 5624 πορεύεσθαι
722 5572 852 5624 ανω.

586 5623 906 5700 Ἐπιτίθησι.
942 5627 1061 5698 Reg
1115 5645 1166 5700 δ’,
1202 5626 1459 5693 ἐντίθησι.

464 5625 532 5678 29
586 5625 906 5691 Ἐπιτίθησι.
942 5627 1061 5698 Reg
1115 5645 1166 5700 δ’,
1202 5626 1459 5693 ἐντίθησι.

439 5625 562 5770 (30)Δ
585 5694 906 5769 Κατορθοῦν.
935 5700 1132 5755 Comb.
1168 5722 1195 5750 ‹‹
1228 5701 1301 5755 ad
1348 5700 1621 5753 virtutem
1668 5711 2014 5770 componere

368 5772 425 5825 et
450 5767 735 5842 dirigere.
759 5788 789 5818 ›)

2211 4763 2300 4837 31)
2335 4758 2811 4837 Ὀργήγ-Βοειὲν
2845 4754 3140 4837 ῥομφαία»,
3258 4821 3269 4837 ,
3406 4825 3419 4837 .

2211 4778 2300 4845 :51)
2336 4778 2734 4849 'Opvnvznog.
2770 4778 2811 4826 1,
2845 4778 3131 4883 purgemus.
3258 4821 3269 4841 ’
3523 4820 3533 4833 .
3571 4821 3581 4832 .

2211 4832 2686 4906 32)71\u0upﬂr,vui.
2738 4830 2882 4906 Bsg.
2939 4829 3150 4906 ,addlt
3206 4844 3332 4906 γαρἐ
3392 4823 3757 4906 AddltLq‘ne-

2118 4891 2390 4975 cessaris,
2425 4891 2636 4974 si'po'st
2665 4891 3009 4975 xuOupﬁﬁvur
3042 4891 3351 4975 legas'ﬁ'a'i,
3400 4911 3534 4975 cum
3566 4891 3755 4975 liillio,

2118 4980 2268 5047 Par.,
2293 4965 2436 5032 Gab.
2468 4965 2696 5047 etimss.
2751 4965 2963 5047 Regiis
2997 4965 3127 5047 bm;
3159 4970 3198 5038 l,
3231 4973 3283 5047 ι,
3305 4985 3360 5036 x,
3393 4965 3550 5047 Cplb.
3579 4965 3635 5047 7,
3678 4980 3754 5020 ιη.

2117 5038 2388 5119 Alioquin
2416 5046 2617 5119 hiulca
2649 5046 2792 5119 foret
2822 5038 3024 5099 oratio.
3051 5042 3160 5119 _Sin
3193 5043 3386 5119 autem
3429 5038 3640 5109 legeris
3672 5054 3763 5089 κα-

2119 5109 2377 5195 θαρθῆναι
2408 5115 2631 5195 _8é_cu_m
2668 5118 2792 5195 Ba_s.
2848 5132 3016 5182 mss.,
3050 5115 3277 5195 R_eg._a,
3311 5109 3414 5174 hu,
3448 5126 3506 5177 n,
3541 5127 3588 5181 r,
3621 5124 3681 5178 ιι,
3711 5124 3764 5177 z,

2118 5188 2278 5252 Colb.
2313 5194 2364 5257 3,
2396 5192 2446 5259 4,
2480 5190 2537 5256 b,
2569 5190 2610 5259 i,
2643 5196 2699 5245 et
2732 5191 2913 5253 Pass.,
2945 5188 3237 5242 constabit
3266 5198 3498 5259 sensus.

2189 5266 2299 5336 (33)
2355 5252 2791 5337 Χιίραγωγῇσαι.
2850 5252 2991 5314 Gab.
3061 5277 3082 5305 ι
3126 5254 3400 5312 manibus
3456 5252 3765 5317 deducere,

2120 5334 2840 5408 prudentiaVCOnsuleren»

2193 5408 2305 5477 (34)
2340 5407 2610 5477 κτήσεως.
2642 5408 2705 5457 In
2737 5396 3103 5477 (ἰὼ-κτίσεως,
3138 5412 3328 5470 prave.

2340 5471 2643 5551 Σφαλερᾶς.
2680 5496 2714 5551 (ξ
2741 5471 3146 5551 Ἐᾶἰίᾶοὶῠυε.)

2198 5541 2307 5619 (36)
2397 5541 2975 5615 ¹Κατεσπουδασμένον.
3080 5542 3283 5597 Comb.

2128 5641 2241 5673 νον.

2192 5692 2304 5763 (37)
2444 5692 2547 5763 τῷν
2574 5687 2895 5763 σπερμάτων
2920 5682 3168 5763 ἐκείνοις,
3191 5684 3523 5763 Sic_nqyem
3553 5680 3762 5763 R‘eggz,

2126 5750 2228 5821 sei:
2263 5750 2448 5833 ᾱοιδζ,
2472 5762 2568 5818 Or.
2613 5750 2686 5832 1,’
2711 5750 2830 5817 llas.
2880 5761 2936 5816 et
2978 5757 3109 5815 Pas.
3146 5757 3209 5816 In
3240 5756 3333 5814 od.
3374 5753 3503 5812 Par.
3540 5750 3621 5827 μὴ
3648 5750 3768 5808 τοῖς

3378 5554 3777 5607 κατεσπευσμε-
