4152 6286
381 301 500 365 483

1620 297 1686 360 8.
1738 293 2110 358 GREGORII
2155 292 2551 360 THEOLOGI

3672 302 3793 367 εει

382 434 683 491 inventum
706 436 812 503 est,
846 448 1019 504 quam
1046 427 1343 498 molestiae,
1367 427 1423 485 id
1461 429 1616 501 quod
1640 428 1843 501 effugit
1867 442 1879 483 :
1907 442 2004 499 qui

2140 424 2444 501 εὑρεθέντος
2486 428 2599 500 (45)
2645 427 2682 497 ἢ
2730 425 2982 492 ἀνιῶντος
3028 431 3127 485 τοῦ
3176 425 3584 509 διαφεύγοντος.
3632 430 3789 510 ὅπερ,

384 523 580 589 modo,
613 522 704 591 iis,
743 525 804 575 ut
847 522 1071 593 Opinor,
1122 537 1230 574 usu
1282 520 1475 574 venire
1524 518 1690 584 solet,
1724 516 1845 589 qui,
1890 531 2023 570 cum

382 612 572 668 adhuc
605 611 699 667 siti
726 611 1007 678 laborent,
1032 611 1103 665 ab
1126 608 1293 681 aquis
1322 608 1774 673 abstrahuntur;
1802 608 1902 660 aut
1924 603 2024 676 qui

380 702 438 756 id
471 701 624 772 quod
660 717 720 755 se
750 699 963 755 habere
995 699 1350 767 existimant,
1383 698 1655 753 manibus
1699 702 1895 750 tenere
1927 709 2025 747 ne-

379 794 638 861 queunt;
672 794 772 845 aut
792 806 936 860 quos
960 787 1192 861 fulgelri
1216 786 1526 860 splendore
1558 785 1897 859 perstrictos
1926 782 2026 838 lux

380 878 580 935 statim
613 878 886 935 deseruit.

454 968 682 1024 LXXVI.
721 969 833 1024 Hoc
865 983 955 1023 me
988 964 1245 1023 inferiori
1270 965 1395 1021 loco
1426 964 1681 1030 tenebat,
1716 962 2026 1018 humilem-

381 1075 493 1131 que
522 1057 821 1129 reddebat,
854 1057 913 1111 in
945 1072 1189 1128 eamque
1247 1060 1501 1111 mentem
1560 1051 1916 1124 impellebat,
1962 1055 2027 1106 ut

381 1147 590 1204 melius
611 1164 739 1203 esse
761 1164 1057 1202 censerem
1082 1145 1272 1201 laudis
1305 1160 1500 1200 vocem
1535 1140 1735 1197 audire
1754 1142 1819 1208 89,
1846 1158 2022 1212 quam

375 1255 576 1294 earum
610 1254 826 1304 rerum,
851 1254 976 1308 quae
1000 1236 1147 1291 vires
1174 1252 1332 1290 ineas
1364 1235 1730 1306 superarent,
1754 1229 2023 1302 explana-

372 1332 558 1384 torem
593 1344 682 1381 me
732 1325 1026 1397 profiteri:
1074 1339 1284 1395 nempe
1328 1324 1630 1393 majestas,
1661 1324 1719 1375 et
1750 1320 2019 1391 altitudo,

372 1421 428 1473 et
460 1417 739 1489 dignitas,
783 1418 840 1470 et
895 1431 1053 1486 purae
1112 1418 1356 1479 naturae,
1388 1411 1483 1468 vix
1513 1409 1615 1466 Dei
1648 1409 2018 1481 splendorem

371 1506 689 1578 capientes,
746 1519 919 1576 quem
956 1505 1204 1575 abyssus
1252 1501 1437 1573 operit
1468 1502 1531 1568 9°,
1566 1502 1739 1569 cujus
1768 1499 2017 1554 tenebras

370 1594 683 1650 latibulum
718 1597 856 1648 sunt
888 1594 960 1661 9‘,
993 1596 1187 1663 utpote
1208 1591 1450 1646 luminis
1475 1588 1775 1661 purissimi
1804 1604 1867 1643 ac
1891 1586 2016 1659 ple-

372 1685 569 1756 risque
598 1682 879 1738 inaccessi
906 1700 919 1749 ;
953 1682 1051 1753 qui
1093 1688 1149 1736 et
1197 1680 1253 1734 in
1290 1680 1580 1745 universo,
1610 1682 1665 1734 et
1695 1682 1855 1733 extra
1886 1676 2014 1733 uni»

372 1789 604 1828 versum
638 1777 727 1827 est
751 1790 763 1840 ;
800 1771 897 1843 qui
929 1775 986 1825 et
1015 1768 1389 1841 pulchritudo
1411 1768 1602 1824 omnis
1625 1772 1734 1835 est,
1760 1771 1816 1822 et
1837 1784 2014 1838 supra

368 1877 601 1917 omnem
638 1859 1131 1933 pulchritudinem
1161 1877 1173 1926 ;
1207 1858 1305 1931 qui
1337 1862 1591 1913 mentem
1618 1856 1931 1924 illuminat,
1955 1859 2013 1911 et

368 1951 580 2007 mentis
612 1950 963 2005 celeritatem
992 1965 1057 2003 ac
1087 1946 1511 2003 sublimitatem
1542 1945 1781 2017 effugit;
1829 1962 2009 2015 quan-

362 2043 606 2110 tumque
628 2036 963 2109 percipitur,
989 2036 1353 2091 tantumdem
1380 2052 1612 2106 semper
1643 2052 1703 2089 se
1736 2032 2011 2089 subducit

361 2135 743 2199 amantesque
775 2126 885 2196 sui,
919 2143 987 2181 ex
1042 2142 1107 2181 eo
1165 2126 1320 2195 quod
1381 2124 1546 2195 fugit,
1606 2140 1671 2177 ac
1707 2122 1860 2177 velut
1882 2123 2007 2194 jam

365 2216 828 2289 comprehensus
860 2232 921 2270 se
952 2213 1218 2286 proripit,
1256 2213 1326 2267 ad
1361 2229 1613 2284 superna
1644 2211 1832 2267 illicit.

437 2304 699 2361 LXXVII.
736 2308 815 2359 Ac
867 2307 1094 2358 tantum
1149 2301 1385 2373 quidem
1418 2306 1473 2357 et
1504 2300 1616 2356 tale
1647 2305 1734 2356 est
1766 2301 1824 2357 id
1853 2301 2005 2372 quod

363 2394 711 2465 expetimus,
743 2398 799 2449 et
830 2394 983 2464 quod
1014 2391 1287 2462 consequi
1330 2392 1638 2446 studemus
1664 2408 1677 2459 ;
1712 2389 2007 2462 talemque

362 2500 490 2538 esse
520 2487 747 2553 oportet
777 2482 1108 2537 animarum
1154 2479 1629 2552 nymphagogum
1678 2495 1742 2534 ac
1788 2496 2006 2550 pronu-

360 2573 525 2626 bum.
556 2571 695 2626 Mihi
725 2588 855 2626 vero
884 2569 1203 2643 periculum
1230 2576 1338 2633 est,
1364 2586 1435 2624 ne
1458 2568 1631 2623 etiam
1657 2567 1929 2623 manibus
1951 2569 2008 2621 et

358 2660 608 2732 pedibus
638 2660 847 2714 vinctis
878 2676 912 2714 a
945 2658 1198 2713 thalamo
1230 2658 1527 2727 extrudar,
1548 2656 1732 2729 utqui
1755 2655 2005 2727 nuptiali

355 2756 512 2806 veste
530 2749 988 2821 haudquaquam
1015 2749 1252 2803 indutus
1271 2748 1458 2815 sim",
1478 2763 1680 2802 verum
1699 2746 2004 2818 impuden-

360 2842 448 2894 ter
473 2838 762 2910 meipsum
798 2838 869 2893 iis
893 2838 988 2909 qui
1007 2836 1124 2892 illic
1148 2837 1520 2905 recumbunt,
1551 2835 1996 2890 immiscuerim.

358 2928 705 3000 Quanquam
732 2928 804 2983 ab
845 2928 972 3000 ipsa
1018 2928 1324 2998 juventule
1382 2924 1602 2980 accitus
1655 2940 1826 2992 sum;
1861 2922 2003 2979 libet

357 3018 512 3072 enim
546 3016 764 3089 aliquid
799 3015 1000 3071 multis
1048 3015 1409 3086 incognitum
1451 3014 1671 3081 efferre,
1724 3017 1897 3085 atque
1927 3012 1999 3068 ad

360 3110 536 3160 Deum
571 3106 672 3162 50
705 3123 737 3160 a
767 3104 936 3159 vulva
961 3103 1089 3176 ipsa
1120 3104 1412 3176 proiectus
1444 3103 1507 3170 ⁰³,
1554 3108 1611 3158 et
1640 3116 1707 3157 ex
1738 3106 2001 3157 materna

2137 514 2312 587 οἶμαι,
2362 513 2512 593 φιλεῖ
2558 511 2871 591 συμϐαίνειν
2921 524 3039 582 τοῖς
3099 516 3177 575 ἔτι
3234 517 3462 594 διψῶσιν
3525 522 3785 577 ἀποσπω-

2137 604 2319 677 μένοις
2379 602 2593 669 ὕδατοςο
2646 608 2680 676 ἢ
2740 614 2953 682 κρατεῖν
3010 630 3059 662 τι
3121 608 3183 663 οὐ
3245 606 3583 684 δυναμένοις,
3637 608 3784 686 ἔχειν

2132 694 2469 766 νομίζουσιν·
2520 696 2555 765 ἢ
2626 696 2715 758 οὓς
2783 695 3018 767 ἀπῆλθεν
3090 698 3242 761 εὐθὺς
3315 700 3562 775 ἀστραπὴ
3629 721 3782 778 περι-

2134 781 2413 858 λάμψασα.

2204 965 2312 1032 Οζ’.
2343 962 2511 1019 Τοῦτό
2549 961 2779 1037 μελιστη
2802 961 2971 1037 κάτω,
3004 985 3092 1020 και
3138 966 3388 1021 ταπεινὸν
3438 966 3610 1023 ἐποίει
3643 972 3778 1045 (46),

2131 1050 2220 1107 καί
2277 1052 2405 1107 εἶναι
2468 1050 2683 1128 βέλτιον
2740 1053 2943 1110 ἔπειθεν
2990 1053 3201 1110 ἀκούειν
3248 1058 3455 1134 φωνὴν,
3499 1057 3774 1129 αἰνέσεως,

2131 1141 2466 1216 ἣέξηγητὴν
2501 1144 2631 1198 εἶναι
2679 1148 2786 1199 τῶν
2836 1144 2966 1220 ὑπὲρ
3027 1139 3270 1220 δύναμιν·
3305 1149 3339 1215 ἡ
3392 1144 3774 1223 μεγαλειότης,

2130 1232 2217 1286 καὶ
2272 1233 2334 1287 τὸ
2385 1232 2540 1307 ὕψος,
2574 1233 2662 1288 καὶ
2712 1234 2775 1289 τὸ
2824 1234 3056 1307 ἀξίωμα,
3087 1234 3176 1291 καὶ
3217 1236 3272 1290 αἱ
3323 1236 3551 1312 καθαραὶ
3593 1236 3778 1315 φύσεις

2133 1320 2295 1395 μόλις
2346 1326 2623 1397 χωροῦσαι
2675 1327 2807 1377 Θεοῦ
2857 1323 3240 1400 λαμπρότητα,
3289 1325 3347 1379 ὃν
3397 1321 3627 1390 ἄϐυσσος
3675 1348 3777 1383 κα-

2128 1406 2341 1483 λύπτει,
2382 1410 2443 1465 οὗ
2504 1410 2693 1474 σκότος
2743 1413 3052 1490 ἀποκρυφὴ,
3104 1414 3284 1490 φωτὸς
3331 1408 3484 1477 ὄντος
3534 1419 3630 1471 τοῦ
3678 1436 3772 1471 κα-

2128 1498 2440 1575 θαρωτάτου
2496 1501 2586 1555 καὶ
2646 1501 2938 1576 ἀπροσίτου
2992 1507 3108 1565 τοῖς
3155 1500 3419 1558 πλείοσινο
3470 1504 3527 1566 ὃς
3580 1505 3631 1559 ἐν
3695 1510 3773 1579 τῷ

2126 1586 2283 1643 παντὶ
2341 1586 2497 1661 τῷδε,
2557 1590 2646 1643 καὶ
2698 1592 2794 1643 τοῦ
2847 1590 3044 1653 παντός
3104 1589 3240 1646 ἐστιν
3302 1589 3428 1663 ἔξω·
3489 1594 3549 1656 ὃς
3607 1593 3773 1649 καλόν

2127 1676 2267 1731 ἐστιν
2326 1678 2461 1732 ἅπαν
2524 1679 2655 1752 (47),
2718 1678 2805 1733 καὶ
2864 1679 2973 1734 ἄνω
3031 1680 3230 1743 παντὸς
3280 1683 3471 1737 καλοῦ⁶
3532 1682 3590 1745 ὃς
3641 1687 3767 1739 νοῦν

2124 1766 2365 1843 φωτίζει,
2422 1767 2510 1822 καὶ
2554 1765 2830 1844 διαφεύγει
2887 1773 2981 1822 νοῦ
3035 1770 3203 1844 τάχος
3257 1770 3346 1825 καὶ
3420 1770 3574 1845 ὕψος,
3634 1772 3768 1827 ὑπο-

2121 1860 2318 1932 χωρῶν
2374 1856 2454 1911 ἀεὶ
2512 1861 2787 1926 τοσοῦτον,
2835 1855 2958 1912 ὅσον
2997 1854 3492 1933 καταλαμϐάνεται,
3524 1862 3612 1915 καὶ
3666 1861 3765 1916 ὑπ-

2122 1946 2266 2020 άγων
2318 1946 2455 2021 πρὸς
2500 1946 2567 2000 τὰ
2618 1942 2724 2000 ἅνω
2772 1948 2860 2001 τὸν
2914 1946 3139 2022 ἐραστὴν
3180 1952 3258 2021 τῷ
3289 1947 3526 2027 φεύγειν,
3560 1951 3649 2005 καὶ
3687 1955 3767 2024 τῷ

2120 2034 2237 2089 οἷον
2265 2034 2631 2111 κρατούμενος
2663 2034 2983 2091 κλέπτεσθαι
3018 2038 3151 2111 (48).

2190 2214 2301 2268 OZ'.
2335 2218 2597 2268 Τοσοῦτον
2636 2214 2729 2285 μὲν
2766 2211 2833 2283 δὴ
2865 2213 2953 2269 καὶ
2982 2218 3227 2269 τοιοῦτον
3267 2217 3401 2287 ἡμῖν
3452 2215 3515 2271 τὸ
3562 2217 3762 2281 ποθού-

2120 2322 2277 2375 μενον
2309 2301 2397 2357 καὶ
2431 2299 2886 2375 σπουδαζόμενον’
2928 2308 3176 2359 τοιοῦτον
3227 2301 3284 2359 δὲ
3335 2306 3466 2360 εἶναι
3518 2307 3629 2382 χρή
3674 2308 3762 2363 τὸν

2115 2392 2481 2468 νυμφαγωγὸν
2534 2396 2642 2446 τῶν
2689 2395 2882 2467 ψυχῶν
2926 2393 3014 2446 καὶ
3077 2396 3483 2469 προμνήστορα.
3534 2397 3762 2474 Ἔμοιγε

2119 2480 2226 2552 μήν
2277 2477 2397 2542 δέος
2428 2482 2560 2554 (49),
2600 2482 2673 2552 μὴ
2722 2482 2812 2535 καὶ
2861 2485 2959 2535 τοῦ
3006 2487 3295 2559 νυμφῶνος
3344 2479 3444 2553 ἔξω
3487 2483 3628 2563 ῥιφῶ
3673 2483 3761 2541 δε-

2114 2568 2221 2630 θεὶς
2283 2574 2473 2646 χεῖρας
2522 2568 2611 2623 καί
2657 2566 2852 2642 πόδας,
2884 2571 2957 2633 ὡς
3009 2570 3106 2625 οὐκ
3153 2569 3498 2645 ἐνδεδυμένος
3557 2571 3760 2647 ἔνδυμα

2112 2658 2312 2733 γάμου,
2390 2657 2536 2713 ἀλλᾶ
2602 2658 2901 2733 τολμηρῶς
2969 2658 3285 2733 παρενείρας
3363 2660 3758 2735 ἐμαυτὸν

2109 2752 2225 2809 τοῖς
2285 2746 2455 2801 ἐκεῖσε
2512 2747 2900 2821 ἀνακειμένοις·
2955 2746 3129 2801 καίτοι
3206 2747 3586 2822 προσεκλήθην
3657 2750 3753 2821 μὲν

2112 2837 2171 2891 ἐκ
2210 2836 2486 2907 νεότητος,
2513 2834 2582 2890 ’ἶν’
2637 2834 2772 2891 εἶ’πω
2818 2856 2869 2891 τι
2917 2840 3025 2891 τῶν
3067 2840 3180 2898 τοῖς
3231 2834 3464 2897 πολλοῖς
3523 2838 3751 2912 ἀγνοου-

2115 2927 2308 2998 μένων,
2361 2926 2449 2980 καὶ
2527 2926 2608 2980 ἐπ’
2667 2925 2822 2981 αὐτὸν
2903 2924 3188 3003 ἐπερῥίφην
3251 2924 3309 2980 ἐκ
3381 2928 3613 3000 μήτρας,
3662 2926 3749 2982 καὶ

2110 3012 2300 3087 ἐδόθην
2335 3013 2487 3077 δοτὸς
2518 3018 2629 3089 (51)
2660 3015 2717 3071 ὲκ
2759 3021 3028 3089 μητρικῆς
3081 3015 3449 3089 ὑποσχέσεως,
3481 3015 3569 3070 καὶ
3622 3016 3757 3090 μετᾶ

2108 3109 2270 3161 τοῦτο
2324 3110 2443 3162 τοῖς
2501 3102 2769 3165 κινδύνοις
2820 3098 3173 3173 ἐϐεϐαιώθην·
3225 3103 3312 3157 καὶ
3358 3105 3385 3159 ὁ
3435 3104 3599 3167 πόθος
3638 3108 3754 3179 (52)

354 3192 775 3266 pollicitatione
798 3195 1066 3260 donatus,
1089 3210 1153 3247 ac
1171 3197 1373 3264 postea
1390 3190 1664 3263 periculis
1686 3191 1995 3246 confirma-

2121 3195 2437 3269 τυνηυξήθη,
2497 3194 2586 3249 καὶ
2646 3194 2672 3249 ὁ
2731 3192 2993 3268 λογισμὸς
3053 3189 3368 3266 συνέδραμε,
3426 3194 3514 3248 καὶ
3584 3193 3757 3250 πάντα

354 3287 485 3351 tus;
521 3283 809 3354 simulque
837 3281 1189 3337 desiderium
1216 3280 1409 3349 crevit,
1435 3284 1491 3336 et
1516 3279 1661 3336 ratio
1683 3280 1996 3347 concurrit,

353 3373 669 3446 omniaque
696 3371 770 3438 ei,
804 3371 901 3442 qui
937 3388 1028 3426 me
1060 3370 1116 3424 in
1146 3374 1362 3425 sortem
1388 3369 1627 3441 accepit,
1654 3373 1709 3425 et
1732 3367 1997 3436 servavit,

351 3464 502 3518 dono
534 3462 687 3531 dedi,
722 3477 882 3534 opes,
916 3460 1298 3531 Splendorem,
1330 3458 1744 3527 valetudinem,
1777 3473 1997 3513 sermo-

354 3568 457 3607 nes
488 3551 667 3624 ipsos,
701 3567 769 3605 ex
801 3550 1015 3621 quibus
1047 3548 1203 3604 hunc
1247 3549 1527 3603 duntaxat
1568 3548 1822 3602 fructum
1850 3545 1995 3617 cepi,

353 3641 507 3713 quod
531 3658 628 3696 eas
656 3639 1000 3710 contempsi,
1028 3653 1092 3693 ac
1111 3638 1377 3709 quaedam
1403 3636 1581 3693 habui
1601 3636 1817 3707 quibus
1840 3633 1998 3690 Chri-

352 3736 508 3786 stum
533 3735 965 3803 anteponerem.
990 3729 1066 3783 Ac
1092 3727 1274 3782 dulcia
1293 3726 1435 3781 mihi
1451 3729 1599 3798 facta
1617 3730 1743 3781 sunt
1765 3723 1997 3797 eloquia

344 3819 463 3889 Dei,
495 3828 554 3876 ut
580 3826 740 3891 favus
770 3818 950 3874 mellis
980 3818 1058 3871 m:
1114 3825 1169 3871 et
1218 3816 1574 3888 prudentiam
1617 3815 1898 3881 advocavi,
1930 3830 1995 3869 ac

342 3912 636 3982 sapientiae
664 3909 789 3965 dedi
816 3924 999 3964 vocem
1030 3923 1210 3963 meam
1243 3907 1305 3961 95.
1340 3904 1583 3976 Altaque
1639 3904 1812 3961 etiam
1872 3903 1993 3959 haec

343 3998 606 4072 adjungi,
634 4015 841 4071 nempe
865 3998 959 4052 ira:
986 3994 1566 4066 moderari,linguam
1593 3994 1991 4065 frenare,ocu-

343 4087 466 4143 lum
499 4104 779 4158 coercere,
839 4092 1099 4142 ventrem
1160 4101 1377 4157 regere,
1429 4083 1792 4155 gloriamque
1821 4082 1989 4138 humi

344 4181 679 4233 manentem
711 4176 954 4233 calcare.
980 4173 1328 4247 Insipienter
1347 4172 1455 4229 hoc
1487 4172 1747 4244 quidem,
1770 4173 1870 4228 sed
1906 4177 1989 4227 ta-

343 4284 479 4324 men
502 4267 691 4323 dicam
719 4292 733 4337 ;
764 4267 860 4324 his
882 4267 1053 4322 rebus
1076 4263 1367 4337 plerisque
1391 4263 1635 4319 fortasse
1662 4262 1817 4318 haud
1839 4263 1989 4320 dete-

340 4357 452 4413 rior
482 4357 671 4412 factus
701 4372 851 4412 sum.

2108 3280 2283 3339 ἔδωκα
2331 3284 2505 3360 φέρων
2556 3288 2634 3355 τῷ
2682 3282 2907 3357 λαχόντι
2956 3279 3043 3336 καί
3093 3282 3345 3353 σώσαντι,
3398 3290 3610 3353 κτῆσιν,
3657 3305 3751 3339 πε-

2111 3376 2407 3451 ριφάνειαν,
2461 3372 2659 3442 εὐεξίαν
2736 3374 2869 3445 (53),
2924 3370 3050 3433 τοὺς
3130 3370 3331 3446 λόγους
3406 3371 3618 3443 αὐτοὺς,
3678 3374 3749 3428 ὧν

2104 3468 2267 3517 τοῦτο
2319 3461 2608 3533 ἀπήλαυσα
2664 3463 2776 3532 (54)
2836 3459 3023 3533 μόνον,
3055 3460 3116 3513 τὸ
3164 3458 3409 3537 παριδεῖν
3457 3460 3547 3517 καί
3584 3461 3751 3537 ἐσχη-

2106 3551 2248 3606 κέναι
2305 3553 2379 3605 ὧν
2436 3550 2663 3623 Χριστὸν
2717 3547 3079 3624 προετίμησα.
3141 3550 3239 3603 Καὶ
3286 3548 3493 3620 ἡδόνθη
3545 3572 3636 3623 μοι
3684 3551 3751 3605 τὰ

2102 3644 2198 3696 τοῦ
2255 3643 2387 3695 Θεοῦ
2445 3638 2630 3713 λόγια,
2666 3638 2738 3699 ὡς
2794 3637 2957 3713 κηρία
3021 3637 3260 3711 μέλιτος
3323 3640 3411 3693 καὶ
3470 3640 3569 3708 τὴν
3627 3639 3747 3694 σόν-

2105 3751 2212 3785 εσιν
2288 3726 2720 3801 ἐπεκαλεσάμην,
2779 3727 2868 3782 καὶ
2941 3728 3011 3799 τῇ
3082 3728 3244 3805 σοφίᾳ
3315 3724 3490 3783 ἔδωκα
3559 3730 3741 3808 φωνήν

2107 3840 2231 3892 μου.
2266 3818 2366 3875 Καὶ
2396 3816 2571 3873 τᾶλλα
2601 3814 2666 3885 δὴ
2698 3821 2865 3871 ταῦτα
2895 3819 3027 3891 (55),
3061 3818 3177 3872 οἷον
3228 3818 3394 3891 θυμὸν
3458 3824 3741 3894 μετρῆσαι,

2102 3907 2188 3963 καὶ
2246 3906 2492 3983 γλῶσσαν
2544 3906 2872 3983 χαλινῶσαι,
2913 3907 3001 3961 καὶ
3055 3904 3337 3985 ὀφθαλμὸν
3390 3906 3741 3984 σωφρονίσαι,

2099 3996 2187 4051 καὶ
2236 3995 2468 4071 γαστέρα
2524 3993 2963 4071 παιδαγωγῆσαι,
3014 3996 3100 4051 καὶ
3147 3994 3298 4067 δόξαν
3357 4004 3591 4066 πατῆσαι
3641 3997 3740 4066 τὴν

2097 4085 2243 4141 κάτω
2305 4086 2585 4159 μένουσαν.
2644 4089 3008 4162 Παραφρονῶν
3072 4083 3219 4159 λέγω
3277 4088 3411 4158 (56),
3462 4083 3589 4141 ἀλλ’
3650 4082 3740 4141 οὖν

2097 4172 2387 4250 εἰρήσεται·
2419 4178 2585 4229 ταῦτα
2617 4174 2711 4247 μὲν
2746 4173 2806 4229 οὗ
2843 4178 2951 4228 τῶν
3003 4170 3226 4228 πολλῶν
3285 4170 3416 4237 ἴσως
3474 4172 3740 4249 ἐγενόμην

2095 4262 2448 4342 φαυλότερος.

414 4444 707 4502 LXXVIII.
737 4447 811 4500 At
865 4460 997 4500 vero
1056 4441 1164 4498 hoc
1222 4440 1644 4513 philosophari,
1677 4442 1870 4514 majus
1900 4446 1986 4497 est

2164 4443 2288 4497 OH'.
2335 4445 2503 4497 Τοῦτο
2563 4438 2620 4495 δὲ
2667 4443 2779 4515 (57)
2830 4439 3200 4519 φιλοσοφῆσαι
3249 4443 3491 4517 κρεῖττον
3537 4440 3572 4510 ἢ
3621 4442 3743 4505 καθ’

405 4614 451 4650 ⁸ο
480 4612 633 4668 Psal.
667 4629 796 4679 xxv,
826 4611 881 4667 7.
914 4612 957 4646 9°
1024 4610 1172 4666 Psal.
1209 4627 1327 4676 cm,
1359 4612 1410 4666 6.
1481 4610 1523 4647 ⁰¹
1575 4610 1719 4683 Psal.
1768 4628 1907 4681 xvu,
1960 4612 2004 4669 li

2121 4613 2133 4646 '
2167 4612 2372 4667 Matth.
2405 4629 2544 4683 xxii,
2578 4613 2664 4667 13.
2722 4613 2766 4647 ⁹³
2796 4612 2947 4668 Psal.
2997 4630 3113 4683 xxx,
3146 4612 3235 4667 M.
3282 4613 3327 4648 9‘
3358 4611 3508 4669 Psal.
3542 4628 3736 4683 cxvm,

339 4687 474 4755 103;
502 4703 666 4752 xvm,
700 4687 762 4740 11
793 4702 806 4747 ;
839 4684 1001 4739 Prov.
1034 4700 1147 4754 xvr,
1181 4684 1270 4737 24.
1304 4683 1347 4717 π
1378 4686 1542 4738 Prov.
1573 4698 1635 4752 ιι,
1668 4681 1721 4737 3.

409 4864 525 4937 (45),
552 4860 896 4937 Εῷρεθέντος.
929 4864 1019 4919 Sic
1055 4868 1193 4934 Reg.
1248 4861 1289 4929 l,
1348 4866 1390 4929 t,
1451 4865 1508 4917 et
1551 4860 1711 4916 Colb.
1746 4879 1825 4917 m.
1860 4860 1987 4918 Cm-

341 4936 448 4991 teri
480 4935 808 5006 αἱρεθέντος.

410 5002 804 5087 (46)“’Ταπεινὸν
839 5003 1031 5061 ἐποίει.
1070 5008 1151 5060 [ta
1180 5005 1321 5076 Reg.
1376 5002 1417 5073 1,
1449 5007 1491 5069 t,
1524 5020 1582 5070 x,
1614 5002 1769 5058 Colb.
1807 5021 1883 5059 m.
1920 5006 1983 5059 In

334 5076 467 5134 aliis
499 5076 729 5134 desunt.

407 5150 521 5223 (47)
549 5150 644 5223 ’Ὡς
700 5145 866 5205 καλόν
928 5147 1066 5201 ἐστιν
1124 5145 1280 5223 ἅπαν.
1341 5144 1510 5211 «Qui
1567 5147 1657 5200 est
1685 5162 1853 5202 omne
1883 5146 1983 5202 b0-

335 5218 512 5276 nu'mC
534 5244 561 5271 ››
596 5222 669 5276 Ut
699 5223 873 5279 Exod.
906 5238 1100 5276 χχχιιι.
1143 5218 1222 5272 19.

405 5294 513 5365 (48)
570 5290 1079 5365 Κλὲπτεσθαιᾈηα
1157 5286 1422 5365 codicum
1466 5303 1619 5365 _pars
1705 5287 1982 5344 maxima.

334 5355 549 5439 Re‘ggl,
582 5363 927 5439 κρύπτεσθαι.
958 5363 1094 5418 Bas.
1130 5360 1220 5439 e_d_.
1235 5355 1570 5439 ,βλεπεσθξαμ

404 5424 696 5506 (49)’Δέὃς.
731 5424 981 5493 Additur
1012 5432 1167 5506 apud
1200 5424 1454 5506 Montac.
1486 5424 1683 5506 geratur.

405 5500 517 5578 (50)
548 5507 832 5578 Ἐμαυτὸν.
872 5510 1010 5578 Reg.
1043 5500 1147 5568 hu,
1180 5520 1241 5567 n,
1274 5501 1479 5578 et_J_ee.
1516 5500 1725 5578 ἑαυτόν.
1793 5551 1800 5557 .

549 5572 943 5653 ᾼοτόῆδρυᾱ
958 5572 1225 5653 'ljioutac.
1257 5572 1495 5629 additur
1521 5575 1599 5644 τῷ
1629 5578 1763 5653 Θεξρ.

427 5580 492 5633 51
549 5580 736 5641 Δοτός.
770 5580 943 5653 Apud
976 5580 1223 5634 Montac.
1257 5580 1495 5629 additur
1521 5580 1599 5644 τῷ
1629 5580 1763 5631 Θε”.

406 5580 519 5726 (52)
550 5648 604 5704 Ὀ
662 5649 849 5717 πόθος.
909 5674 938 5703 ‹‹
970 5645 1355 5719 Desiderium,
1416 5660 1600 5703 amor.
1632 5668 1660 5696 »
1692 5596 1816 5703 ﬁcu
1852 5649 1984 5722 apte

501 5510 519 5726 ἒ

2095 4859 2324 4925 Billius,
2357 4882 2387 4931 ι(
2418 4860 2731 4931 cupiditas.
2762 4883 2790 4913 ι)

2167 4932 2279 5006 (53>
2310 4928 2551 5006 Eéeste-
2586 4933 2725 5005 Reg.
2759 4950 2816 5006 ες,
2849 4930 3016 5001 ἀξίαν.

2166 4999 2279 5074 (54)
2329 4999 2700 5076 ’ᾼπήλαυσαί
2738 4999 2824 5061 1ἷὰ
2866 4999 3002 5076 Reg.
3055 5007 3175 5072 bm,
3238 5006 3393 5062 Colb.
3446 5023 3528 5076 ω,
3578 5005 3633 5072 4,
3681 5003 3740 5071 5,

2096 5075 2238 5131 Gab.
2274 5074 2500 5131 Billius.
2533 5077 2643 5130 Alii
2676 5094 2805 5133 vero
2836 5074 3131 5133 ἀπέλαυσα.

2166 5148 2278 5218 (55)
2335 5145 2437 5201 Καὶ
2495 5145 2673 5220 τᾶλλα
2731 5145 2796 5215 δὴ
2836 5152 3021 5203 ταῦτα.
3076 5172 3104 5199 ι(
3151 5151 3339 5220 Atque
3391 5149 3513 5203 haec
3563 5146 3740 5203 etiam

2095 5217 2229 5287 alia,
2263 5217 2473 5290 nempe
2529 5218 2687 5274 hunc
2751 5222 3008 5276 fructum
3067 5220 3211 5293 cepi,
3245 5217 3312 5276 ut
3342 5220 3440 5275 irae
3472 5219 3740 5275 modera-

2304 5298 2674 5486 ἒξροὲφδρονῶν
2710 5357 2872 5435 λέγω.
2901 5383 2929 5413 ι(
2954 5362 3025 5419 Ut
3056 5363 3255 5419 minus
3286 5361 3519 5433 sapiens
3551 5361 3741 5417 dico.»

2133 5449 2617 5583 ἱξὲἲτῖἓτῗδὲ,
2667 5506 2776 5583 etc.
2816 5505 2942 5583 «‘At
2998 5520 3153 5583 vero_
3180 5505 3606 5583 majus,_q_uam
3634 5518 3743 5583 pro

2093 5574 2315 5721 ἒξέἓιέε
2373 5574 2615 5646 nostris,
2673 5580 2763 5633 est
2818 5575 3065 5635 alterum
3139 5574 3297 5638 istud
3355 5574 3742 5651 philosophia

2287 5687 2300 5701 .
2335 5666 2363 5697 >)
