4152 6286
384 347 502 412 485

384 484 550 553 ἡμᾶς,
603 476 849 551 δέξασθαι
905 476 1097 553 ψυχῶν
1148 476 1443 551 ἠγεμονίαν
1520 477 1607 531 καὶ

385 569 472 625 καὶ
509 570 678 642 μήπω
715 565 854 641 μηδὲ
885 565 1260 639 ποιμαίνεσθαι
1308 567 1492 629 καλῶς
1547 566 1811 639 μαθόντας
1866 570 2034 640 ἡμᾶς,

508 659 523 678 \
817 656 825 674 I
1053 657 1066 674 ε
1247 676 1261 685 _
1302 656 1316 674 ε
1450 655 1458 671 ι
1650 654 1686 683 ’ν
1857 652 1880 676 )I
1975 677 2001 691 ρ

393 656 534 733 μηδε
590 658 950 732 καθαρθεντας
1007 678 1106 725 την
1171 659 1354 731 ψυχην
1429 658 1550 710 ὁσον
1629 656 1792 726 ὰςιον,
1856 676 2039 711 amna

390 748 628 821 ποίμνης
678 745 982 800 ἐπιστατεῖν
1030 750 1400 813 πιστευθῆναι·
1448 744 1535 799 καὶ
1584 750 1750 800 ταῦτα
1802 744 1852 800 ὲν
1912 766 2038 799 κατ-

393 842 504 914 ροῖς
532 834 828 903 τοιούτοις,
863 833 913 888 ἐν
948 834 1031 895 οῖς
1082 834 1359 907 ἀγαπητὸν
1413 835 1622 907 ὁρῶντα
1664 835 1793 897 τοὺς
1839 832 2042 897 ἄλλους

393 924 503 980 ἄνω
549 924 639 980 καὶ
687 926 834 978 κάτω
883 923 1279 998 στρεφομένους
1321 925 1432 996 (58)
1463 944 1519 977 τε
1570 925 1659 978 καὶ
1704 920 2040 997 ταρασσομέ-

393 1036 541 1081 νους,
575 1013 814 1091 φυγόντα
862 1014 1006 1089 φυγῇ
1057 1010 1116 1065 ix
1160 1015 1257 1066 τοῦ
1310 1012 1476 1085 μὲσου
1507 1015 1641 1087 (59),
1684 1013 1786 1067 ὑπὸ
1838 1011 2041 1083 σκὲπην

396 1105 838 1179 ἀναχωρήσαντα,
893 1098 1075 1164 λαθεῖν
1120 1103 1235 1173 (60)
1288 1106 1385 1156 τοῦ
1437 1107 1680 1176 πονηροῦ
1729 1104 1827 1171 τήν
1877 1100 2045 1172 ζάλην

395 1192 486 1248 καὶ
531 1193 629 1261 τήν
673 1190 1053 1263 σκοτόμαιναν·
1104 1190 1267 1259 ἡνίκα
1313 1190 1548 1264 πολεμεῖ
1608 1191 1700 1265 μὲν
1768 1190 2043 1262 ἀλλήλοις

396 1282 463 1338 τὰ
506 1280 667 1356 μέλη,
702 1278 912 1357 οἷίχεται
944 1277 1001 1334 δὲ
1047 1283 1144 1348 τῆς
1176 1280 1414 1356 ἀγάπης,
1439 1281 1484 1335 εἰ
1533 1280 1622 1335 καί
1652 1302 1704 1335 τι
1748 1285 1814 1350 ἦν
1860 1280 2045 1354 λείψα-

396 1392 505 1443 νον,
539 1366 711 1444 ὄνομα
762 1368 818 1425 δὲ
864 1369 1015 1423 κενὸν
1068 1366 1253 1431 ἄλλως
1284 1369 1311 1422 ὁ
1363 1369 1552 1445 ἱερεὺς,
1587 1369 1907 1446 ἐκχυθείσης
1964 1368 2046 1424 ἐπ’

397 1458 668 1535 ἄρχοντας
702 1455 1123 1530 ἐξουδενώσεως,
1156 1456 1336 1529 ὥσπερ
1369 1454 1599 1533 εἶ’ρηται.

474 1728 595 1784 ΟΘ’.
637 1726 734 1780 Καὶ
789 1724 894 1780 εἷ’θε
946 1724 1096 1779 κενόν
1152 1726 1283 1799 (61)·
1345 1724 1457 1778 νυνὶ
1515 1722 1571 1778 δὲ
1624 1724 1879 1795 τρέποιτο

1527 346 1820 410 ORATIO
1864 346 1941 408 ΙΙ.
1975 380 2052 391 -
2079 344 2623 411 APOLOGETICA

3679 352 3801 416 486

1685 477 2032 553 προστασίαν,

2167 496 2329 552 {nam
2362 484 2425 535 ut
2455 481 2567 551 ipsi
2600 484 2875 553 prsestare
2909 480 3223 553 possimus,
3256 483 3536 541 nimirum
3570 486 3798 542 anima-

2146 586 2277 624 rum
2307 569 2621 641 imperium
2657 587 2719 625 ac
2752 571 3156 643 praefecturam
3213 574 3493 645 accipere,
3545 592 3797 649 cumque

2149 675 2218 713 ne
2251 663 2400 713 recte
2432 659 2663 728 quidem
2700 660 2857 732 pasci
2891 660 3080 716 adhuc
3132 663 3409 733 sciamus,
3444 681 3548 720 nec
3578 665 3795 736 animo,

2151 752 2435 819 quantum
2467 766 2569 820 par
2599 754 2704 816 est,
2739 750 2971 823 purgati
3005 750 3381 824 simus,gregi
3415 753 3796 826 gubernando

2151 837 2393 909 praeﬁci:
2431 837 2607 909 idque
2656 837 2997 909 hujusmodi
3046 841 3431 913 temporibus,
3473 842 3531 898 in
3582 843 3803 914 quibus

2154 924 2426 997 praeclare
2456 942 2590 981 cum
2625 943 2690 981 eo
2722 928 3041 1000 agitur,qui
3073 930 3218 985 alios
3241 948 3477 987 sursum
3502 934 3804 988 deorsum-

2157 1030 2266 1085 que
2291 1014 2499 1083 jactari
2524 1032 2589 1070 ac
2624 1016 2952 1086 perturbari
2987 1019 3375 1091 conspiciens,
3410 1021 3592 1077 effuso
3624 1038 3800 1077 cursu

2154 1103 2223 1158 de
2255 1103 2443 1158 medio
2476 1103 2679 1175 fugiat,
2714 1121 2779 1159 ac
2812 1106 2921 1161 sub
2954 1104 3147 1162 locum
3181 1109 3436 1181 aliquem
3476 1128 3507 1165 ιι
3539 1110 3797 1183 periculo

2153 1195 2346 1247 tutum
2380 1193 2677 1262 secedens,
2703 1194 2862 1265 pravi
2893 1194 3050 1252 illius
3082 1200 3489 1269 tempestatem
3521 1204 3578 1255 et
3608 1199 3806 1273 caligi-

2156 1297 2289 1337 nem
2320 1281 2473 1336 vitet.
2514 1286 2651 1350 Hoc,
2688 1283 2954 1355 inquam,
2982 1290 3262 1357 tempore,
3289 1304 3402 1359 quo
3427 1290 3688 1344 membra
3720 1290 3805 1345 in-

2154 1373 2242 1425 ter
2273 1385 2332 1424 se
2361 1375 2645 1442 pugnant,
2671 1375 2727 1426 et
2749 1372 2794 1427 si
2819 1373 2957 1443 quid
2987 1374 3288 1431 charitatis
3308 1382 3627 1449 supererat,
3662 1379 3797 1434 abs-

2157 1457 2329 1526 cedit,
2364 1462 2537 1530 atque
2569 1461 2738 1516 inane
2761 1461 2888 1531 jam
2922 1479 3134 1519 nomen
3168 1469 3255 1520 est
3293 1467 3585 1535 sacerdos,
3618 1468 3803 1524 effusa

2156 1546 2439 1616 videlicet,
2474 1551 2538 1603 ut
2567 1548 2875 1619 Scripturaa
2906 1552 3095 1607 verbis
3127 1557 3277 1623 utar,
3296 1554 3351 1608 in
3384 1556 3543 1627 ipsos
3577 1572 3809 1629 quoque

2158 1635 2449 1707 principes
2483 1638 2914 1709 contemptione
2938 1640 2998 1691 9°.

2230 1724 2465 1780 LXXIX.
2510 1727 2698 1797 Atque
2760 1727 2979 1783 utinam
3029 1729 3201 1785 inane
3253 1737 3445 1801 esset;
3479 1749 3633 1788 nunc
3674 1750 3808 1791 vero

405 1818 477 1879 εἰς
535 1815 774 1891 κεφαλὰς
831 1815 998 1869 ἀθέων
1054 1817 1090 1884 ἡ
1155 1813 1493 1891 βλασφημία.
1554 1812 1737 1919 Φόξος
1794 1812 1850 1868 δὲ
1908 1814 2045 1919 dimi:

2167 1818 2415 1869 vertatur
2441 1814 2498 1868 in
2533 1814 2849 1885 impiorum
2883 1818 3071 1888 cupita
3105 1818 3487 1891 blasphemia.
3519 1825 3800 1880 Caeterum

405 1906 685 1982 ἐξώρισται
767 1908 872 1959 τῶν
956 1906 1164 1979 ψυχῶν·
1225 1903 1566 1973 ἀντεισῆκται
1646 1900 1701 1957 δὲ
1775 1900 2040 1958 ἀναίδεια·

400 2001 497 2051 τοῦ
560 1993 902 2070 βουλομένου
932 1996 1045 2064 (63)
1079 1989 1135 2046 δὲ
1189 1994 1224 2061 ἡ
1276 1996 1492 2068 γνῶσις,
1524 1990 1612 2045 καί
1670 1992 1736 2045 τά
1784 1991 1920 2067 βάθη
1953 1996 2050 2047 τοῦ

408 2084 747 2157 Πνεύματος·
787 2081 979 2143 πάντες
1036 2078 1092 2135 δέ.
1151 2080 1307 2153 ἐσμεν
1367 2083 1477 2153 (64)
1538 2076 1772 2143 εὐσεϐεῖς
1829 2081 1879 2151 ἐξ
1937 2082 2049 2143 ἑνὸς

406 2175 574 2246 μόνου
651 2176 749 2227 τοῦ
818 2172 1238 2244 καταγινώσκειν
1326 2168 1510 2224 ἄλλων
1585 2172 1697 2243 (65)
1784 2165 2049 2226 ἀσέϐειαν.

402 2263 670 2340 Χρώμεθα
712 2259 768 2315 δὲ
817 2258 1091 2321 δικασταῖς
1139 2264 1257 2320 τοῖς
1305 2258 1481 2321 ἀθέοις
1532 2261 1664 2334 (66),
1697 2257 1785 2313 καὶ
1829 2257 2051 2334 ῥιπτοῦ-

407 2374 503 2427 μεν
560 2350 627 2406 τὰ
682 2351 806 2427 ἅγια
851 2354 967 2411 τοῖς
1016 2349 1158 2417 κυσὶ,
1209 2347 1297 2403 καὶ
1344 2345 1623 2423 βάλλομεν
1666 2346 1791 2410 τοὺς
1849 2368 2055 2424 μαργα-

406 2439 556 2515 ρίτας
618 2437 923 2515 ἔμπροσθεν
978 2443 1084 2493 τῶν
1144 2437 1370 2514 χοίρων,
1407 2432 1666 2513 βεϐήλοις
1724 2439 1909 2501 ἀκοαῖς
1962 2436 2052 2493 καὶ

404 2531 608 2605 ψυχαῖς
661 2528 728 2583 τά
786 2529 902 2583 θεῖα
962 2526 1399 2601 δημοσιεύοντες·
1432 2528 1522 2581 καὶ
1576 2527 1670 2589 τάς
1700 2532 1807 2582 τῶν
1838 2526 2050 2604 ἐχθρῶν

407 2617 571 2693 εὐχὰς
634 2616 913 2691 ἐπιμελῶς
973 2614 1354 2692 ἐκπληροῦμεν
1404 2616 1453 2671 οἱ
1504 2614 1754 2685 δείλαιοι,
1786 2616 1875 2672 καὶ
1924 2638 2056 2690 πορ-

406 2706 643 2770 νεύοντες
697 2707 749 2764 ἐν
800 2711 917 2769 τοῖς
969 2703 1390 2779 ἐπιτηδεύμασιν
1440 2708 1599 2778 ἡμῶν
1651 2706 1750 2761 οὐκ
1797 2706 2054 2783 αἰσχυνό-

413 2798 563 2870 μεθα.
599 2790 890 2853 Μωαϐῖται
950 2792 1008 2849 δὲ
1064 2796 1153 2849 καὶ
1212 2795 1563 2867 Ἀμμανῖται,
1624 2796 1702 2858 οἷς
1763 2794 1877 2849 οὐδ’
1935 2795 2053 2866 ἐξῆν

410 2886 655 2963 παριέναι
731 2886 843 2959 (67)
918 2884 994 2946 εἰς
1073 2881 1393 2954 Ἐκκλησίαν
1473 2883 1670 2959 Κυρίου
1729 2886 1862 2958 (68),
1937 2890 2053 2947 τοῖς

412 2976 732 3050 ἁγιωτάτοις
778 2977 935 3046 ἡμῶν
988 2968 1391 3045 ἐμϐατεόουσιν.
1428 2973 1741 3046 Ἠνοίξαμεν
1792 2971 1850 3028 δὲ
1898 2980 2054 3028 πᾶσιν

415 3065 477 3117 οὐ
530 3062 703 3124 πύλας
752 3060 1115 3134 δικαιοσύνης,
1150 3060 1295 3115 ἀλλά
1345 3061 1507 3137 θύρας
1554 3060 1838 3139 λοιδορίας
1867 3085 1925 3118 τε
1966 3064 2056 3118 καὶ

2161 1910 2353 1958 metus
2379 1903 2570 1958 omnis
2591 1918 2659 1957 ex
2676 1904 2888 1959 animis
2909 1906 3116 1975 pulsus
3144 1908 3316 1974 est,in
3339 1910 3583 1981 ejusque
3606 1910 3799 1968 locum

2160 1992 2476 2063 subrogata
2502 1992 2905 2063 impudentia:
2941 2000 3146 2067 estque
3176 1998 3441 2067 cujusvis
3475 1999 3805 2068 scientia,et

2162 2081 2451 2152 profunda
2483 2080 2735 2152 Spiritus
2766 2082 2845 2136 ’7:
2880 2087 3054 2155 atque
3084 2101 3288 2141 omnes
3320 2102 3388 2140 ex
3437 2086 3544 2142 hoc
3576 2105 3692 2143 uno
3726 2089 3807 2161 pii

2162 2186 2396 2236 sumus,
2420 2169 2573 2239 quod
2601 2169 2745 2224 alios
2768 2172 3089 2227 im'iietatis
3112 2175 3483 2230 damnamus.
3505 2176 3813 2234 Judicibus

2161 2275 2330 2329 porro
2363 2258 2434 2312 iis
2456 2257 2678 2313 utimur
2698 2258 2762 2325 9⁸,
2787 2260 2884 2331 qui
2916 2265 3023 2315 Deo
3045 2260 3261 2317 bellum
3283 2263 3635 2336 indixerunt,
3651 2265 3810 2321 cani-

2162 2346 2390 2419 busque
2413 2351 2614 2402 sancta
2635 2347 3180 2422 projicimus,atque
3203 2353 3273 2407 ad
3301 2370 3607 2424 porcorum
3633 2356 3809 2428 pedes

2164 2436 2514 2508 margaritas
2546 2436 2836 2493 mittimus
2867 2439 2929 2509 9°,
2956 2440 3215 2510 profanis
3248 2442 3493 2499 auribus
3516 2448 3572 2498 et
3592 2444 3807 2501 animis

2163 2525 2419 2580 divinam
2451 2525 2776 2580 doctrinam
2800 2526 3139 2598 evulgantes
3165 2547 3177 2584 :
3204 2535 3375 2601 atque
3397 2531 3655 2586 hostium
3676 2539 3808 2589 vota

2164 2614 2364 2670 miseri
2397 2614 2600 2670 sedulo
2632 2615 2955 2687 explemus,
2988 2622 3045 2672 et
3075 2618 3132 2672 in
3167 2620 3680 2677 adinventionibus
3712 2638 3812 2679 no-

2165 2704 2303 2760 stris
2321 2703 2441 2759 sine
2462 2702 2579 2759 ullo
2597 2704 2815 2775 pudore
2837 2707 2932 2761 51
2961 2705 3320 2763 fornicamur
3345 2709 3656 2764 1.Moabitae
3680 2727 3809 2767 vero

2164 2797 2220 2848 et
2249 2792 2618 2861 Ammonitaa,
2654 2792 2870 2864 quibus
2892 2811 2960 2850 ne
2988 2796 3210 2850 Domini
3237 2798 3470 2868 quidem
3492 2799 3808 2855 Ecclesiam

2164 2882 2390 2954 ingredi
2422 2882 2631 2938 licebat
2652 2883 2693 2953 9,
2728 2883 2785 2936 in
2819 2899 2887 2938 ea
2943 2901 3065 2955 quse
3108 2887 3261 2957 apud
3299 2904 3403 2941 nos
3437 2888 3812 2944 sanctissima

2166 2976 2323 3039 sunt,
2347 2971 2700 3043 irrumpunt.
2721 2974 2799 3027 Ac
2823 2989 2928 3028 nos
2952 2973 3246 3045 omnibus,
3279 2992 3392 3031 non
3414 2977 3659 3047 justitim
3683 2994 3809 3049 por-

2165 3064 2256 3115 tas
2273 3060 2315 3124 3,
2339 3060 2437 3115 sed
2474 3060 2912 3126 maledicentiaa,
2939 3066 3270 3135 mutuasque
3302 3065 3358 3119 in
3394 3082 3497 3121 nos
3528 3066 3688 3137 ipsos
3710 3083 3810 3122 au-

409 3158 513 3221 τῆς
565 3152 682 3205 κατ’
729 3149 987 3222 ἀλλήλων
1050 3149 1406 3227 θρασύτητος·
1468 3151 1554 3205 καὶ
1624 3151 1779 3214 οὗτος
1842 3148 2049 3227 ἄριστος

2167 3149 2341 3203 (Ιειοιω
2364 3149 2579 3219 januas
2610 3149 2966 3219 aperuimus.
3006 3156 3189 3223 Atque
3222 3153 3315 3208 hic
3342 3155 3494 3224 apud
3525 3172 3628 3210 uos
3655 3157 3811 3228 opti-

405 3242 568 3311 ἡμῖν,
622 3240 727 3315 οὐχ
782 3240 837 3301 ὃς
898 3239 956 3294 ἃν
1180 3237 1319 3312 μηδὲ
1378 3239 1529 3315 ῥῆμα
1599 3241 1831 3316 πρόηται
1881 3226 2049 3316 ἀργὸν

2170 3256 2297 3293 inus
2327 3237 2593 3308 habetur,
2632 3255 2743 3292 non
2778 3239 2900 3310 qui,
2936 3241 3029 3295 Dei
3067 3247 3222 3297 metu
3257 3244 3553 3314 praditus,
3588 3261 3658 3300 ne
3688 3226 3813 3301 ver-

405 3324 562 3405 φόϐῳ
610 3333 761 3400 Θεοῦ,
812 3327 938 3384 ἀλλ’
983 3329 1039 3391 ὃς
1093 3328 1151 3383 ἂν
1205 3327 1348 3405 τύχῃ
1395 3328 1625 3384 πλεῖστα
1674 3329 1765 3384 τὸν
1817 3330 2053 3400 πλησίον

406 3417 573 3472 εἰπὼν
650 3422 850 3489 κακῶς,
901 3418 935 3486 ἢ
1013 3415 1334 3494 διαρῥήδην,
1383 3419 1417 3487 ἢ
1476 3417 1526 3472 ἐν
1605 3417 1905 3494 αἰνίγμασι·
1964 3420 2054 3474 καὶ

409 3506 512 3561 ὑπὸ
566 3508 667 3577 τήν
717 3506 966 3583 γλῶσσαν
1014 3507 1177 3562 αὐτοῦ
1228 3506 1467 3584 στρέφων
1509 3507 1676 3562 κόπον
1727 3509 1815 3563 καὶ
1865 3508 2051 3581 πόνον,

409 3596 443 3665 ἣ
480 3596 556 3652 ἰὸν
591 3594 855 3665 ἀσπίδων,
890 3596 1057 3651 εἰπεῖν
1092 3596 1440 3672 οἰκειότερον.

483 3689 869 3762 Π’.Τηροῦμεν
922 3684 979 3739 δὲ
1026 3687 1119 3746 τὰς
1168 3684 1432 3756 ἀλλήλων
1485 3685 1770 3759 ἁμαρτίας,
1819 3686 1923 3765 οὐχ
1965 3685 2057 3742 ’ίνα

414 3776 798 3847 θρηνήσωμεν,
833 3772 959 3829 ἀλλ’
982 3772 1073 3829 ἵνα
1117 3772 1488 3847 ὀνειδίσωμεν·
1522 3773 1635 3829 οὐδ’
1663 3773 1753 3841 ἵνα
1804 3775 2058 3848 θεραπεύ-

410 3884 609 3935 σωμεν,
641 3862 765 3918 ἀλλ’
807 3862 899 3917 ’ίνα
946 3861 1384 3940 προσπλήξωμεν
1434 3866 1566 3937 (70),
1616 3863 1705 3918 καὶ
1754 3864 2056 3939 ἀπολογίαν

409 3946 625 4025 ἔχωμεν
671 3954 784 4025 (71)
826 3955 936 4005 τῶν
991 3951 1274 4028 ἡμετέρων
1331 3957 1507 4006 κακῶν
1561 3952 1627 4007 τά
1674 3956 1780 4007 τῶν
1826 3952 2059 4023 πλησίον

404 4040 706 4116 τραύματα.
740 4040 948 4103 Κακοὺς
988 4038 1045 4095 δὶ
1087 4041 1175 4095 καὶ
1216 4040 1451 4116 ἀγαθοὺς
1484 4040 1590 4117 οὐχ
1621 4042 1648 4096 ὁ
1680 4041 1898 4117 τρόπος,
1935 4041 2059 4099 ἀλλ’

406 4130 440 4197 ἡ
475 4125 748 4192 διάστασις
786 4128 875 4183 καὶ
915 4131 949 4199 ἡ
982 4127 1139 4207 φιλία
1170 4132 1281 4203 (72)
1332 4130 1740 4205 χαρακτηρίζει·
1776 4131 1866 4185 καὶ
1899 4131 1932 4184 ἃ
1961 4133 2057 4202 σή-

2165 3328 2305 3381 bum
2366 3327 2601 3396 quidem
2655 3327 2909 3384 otiosum
2966 3329 3241 3402 plurimis
3314 3332 3665 3401 maledictis,
3725 3334 3813 3391 vel

2165 3420 2379 3487 aperte,
2412 3415 2503 3471 vel
2536 3416 2759 3473 occulte
2792 3417 3013 3488 ﬁxerit;
3045 3437 3109 3475 ac
3159 3420 3269 3476 sub
3322 3420 3524 3494 lingua
3554 3422 3811 3480 laborem

2164 3510 2221 3561 et
2248 3507 2506 3561 dolorem
2540 3508 2581 3573 ‘,
2616 3511 2736 3575 aut,
2772 3512 2834 3563 ut
2864 3509 3056 3580 aptius
3084 3509 3310 3582 loquar,
3342 3528 3629 3567 venenum
3654 3513 3811 3585 aspi«

2165 3594 2304 3648 dum
2329 3592 2349 3625 ⁵
2379 3594 2708 3649 versaverit.

2238 3682 2443 3737 LXXX.
2482 3683 2599 3736 Huc
2630 3684 2871 3751 accedit,
2931 3688 3083 3756 quod
3144 3686 3240 3741 alii
3298 3688 3543 3744 aliorum
3579 3694 3811 3762 peccata

2167 3771 2569 3839 observamus,
2595 3788 2710 3826 non
2740 3777 2799 3826 ut
2831 3773 3160 3844 lugeamus,
3182 3777 3280 3831 sed
3307 3782 3371 3832 ut
3391 3780 3812 3849 exprobremus

2168 3877 2356 3932 neque
2387 3864 2451 3914 ut
2483 3860 2831 3915 medicinam
2868 3861 3205 3931 alleramus,
3230 3867 3329 3920 sed
3366 3870 3429 3920 ut
3458 3884 3671 3922 novum
3694 3868 3814 3925 vul-

2170 3967 2281 4005 nus
2329 3949 2687 4021 inﬂigamus,
2740 3954 2909 4019 atque
2949 3968 2982 4005 a
3031 3954 3427 4024 proximorum
3474 3956 3818 4015 vulneribus

2168 4038 2600 4095 excusationem
2632 4036 2790 4092 vitiis
2826 4039 3041 4095 nostris
3066 4044 3501 4111 petamus.Jam
3534 4062 3666 4101 vero
3698 4063 3817 4103 ma-

2168 4130 2255 4185 los
2286 4136 2342 4183 et
2374 4129 2575 4194 bonos,
2612 4142 2723 4181 non
2760 4128 2893 4196 vita,
2926 4131 3026 4184 sed
3060 4130 3369 4200 dissensio,
3400 4132 3488 4188 vel
3530 4135 3811 4204 amicitia,

474 4276 517 4351 f‘
547 4276 701 4351 Ifsal.
735 4278 962 4351 cvr,_40.
989 4278 1039 4351 ξτ
1068 4277 1248 4351 I_Cor.
1281 4294 1343 4351 ιι,
1374 4279 1459 4333 10.
1527 4279 1570 4314 ’⁸
1603 4278 1795 4351 17001}.
1828 4297 1902 4347 v1,
1937 4279 2049 4351 1,77

2167 4278 2197 4311 ὀ
2229 4274 2460 4351 Mattb._
2493 4290 2593 4340 vn,
2645 4273 2699 4325 6.
2736 4276 2751 4307 ι
2785 4274 2942 4330 Psal.
3010 4292 3097 4344 cv,
3148 4278 3235 4331 39.
3282 4279 3303 4312 ²
3333 4278 3502 4335 Deut.
3556 4297 3718 4351 χχιιι,
3751 4283 3805 4339 3.

402 4347 424 4381 ³
456 4346 603 4403 Psal.
635 4365 783 4415 cxvn,
819 4348 901 4403 19.
937 4350 957 4383 ὀ
989 4347 1145 4405 Psal.
1196 4366 1251 4419 ιι,
1304 4350 1336 4400 7
1390 4366 1553 4422 seqq.
1587 4350 1607 4384 ⁵
1646 4350 1795 4406 Psal.
1831 4368 1908 4406 xu
1938 4393 1952 4419 ,
1985 4350 2039 4420 3,
2081 4353 2138 4404 et
2169 4364 2391 4415 LXXXIX,
2437 4347 2489 4401 4.

476 4489 586 4572 (56)
619 4489 1047 4572 ξτρεςε-ομέγους,
1095 4490 1179 4572 Ita
1211 4490 1349 4572 1105.
1385 4490 1678 4572 undecim,
1701 4495 1827 4572 octo
1858 4491 2043 4563 Colb.,
2076 4495 2121 4557 Ι)

407 4557 503 4612 Or.
539 4557 588 4628 1’,
619 4557 734 4616 Jes.
767 4557 984 4619 Cboisl.
1018 4564 1066 4628 1,
1091 4568 1197 4618 etc.
1224 4557 1369 4617 Edit.
1400 4578 1534 4617 vero
1566 4557 1694 4620 Bas.
1720 4571 1776 4620 et
1798 4569 1925 4620 Par.
1950 4557 2041 4639 φιξ

409 4628 689 4680 Ωομὲνους.

444 4648 689 4691 ομενους.

409 4646 473 4702 ρο
523 4646 689 4691 ενους.

615 4702 705 4756 Ἐκ
733 4707 826 4757 τοῦ
862 4703 1046 4775 μέσου.
1082 4703 1219 4776 Reg.
1246 4720 1298 4775 8.,
1331 4700 1389 4756 ἐκ
1421 4704 1606 4775 μὲσου.

472 4774 585 4854 (60)
640 4774 884 4854 κὶαθεῖνᾲ
911 4777 973 4854 In
1026 4774 1332 4854 AoralReg.
1395 4777 1515 4854 bin,
1570 4776 1912 4854 appingitur
1938 4798 2041 4854 φυ-

398 4847 529 4967 γεξν.
568 4848 628 4901 [ιι
659 4846 817 4903 Colb.
849 4849 904 4914 7,
954 4849 1109 4903 intra
1164 4844 1348 4902 lineas
1404 4848 1583 4903 veteri
1610 4844 1842 4920 Tnan'u,
1875 4850 1908 4916 ἢ
1943 4844 2040 4926 ('90-

398 4935 456 4967 γε
482 4937 530 4967 ν.

433 4935 530 4968 ειν.

606 4985 705 5041 Καὶ
747 4984 854 5041 εἷ’θε
880 4988 1051 5044 κενόν.
1085 4988 1397 5062 Gregorius
1436 4987 1542 5062 sic,
1568 4988 1849 5060 loquitur,
1874 4992 2043 5062 juxta

402 5057 606 5127 Eliam,
638 5076 708 5115 eo
736 5062 890 5131 quod
926 5057 1230 5133 principes
1248 5079 1312 5116 ac
1353 5057 1677 5133 pontiﬁces,
1710 5057 1857 5132 quos
1874 5057 2039 5118 inse-

398 5135 605 5203 ctatur,
642 5149 757 5186 non
792 5134 961 5188 modo
995 5132 1154 5190 omni
1185 5134 1395 5190 virtute
1423 5132 1708 5203 destituti,
1743 5135 1842 5189 sed
1887 5134 2041 5190 vitiis

395 5202 671 5257 omnibus
706 5205 900 5259 referti
931 5210 1151 5261 essent.

464 5274 578 5343 (62)
607 5272 891 5345 Τρέποιτο,
951 5280 1060 5331 etc.
1119 5274 1321 5331 Comb.
1394 5297 1415 5323 ι
1450 5276 1652 5330 Vertat
1692 5279 1838 5332 Deus
1868 5290 2039 5331 omen

395 5341 451 5396 in
486 5341 681 5418 capita
704 5341 1041 5418 impiorum.
1076 5368 1106 5418 ξ)

464 5413 576 5487 (63)
594 5413 967 5489 βουλομένου.
1011 5442 1039 5469 ‹‹
1079 5416 1353 5489 Veientis,
1386 5416 1705 5489 cujuslibet
1732 5422 1822 5475 est
1850 5417 2038 5474 scien-

394 5483 492 5561 tia.
527 5483 564 5536 ››’
594 5487 677 5561 Ita
706 5483 888 5561 supra
910 5508 1073 5548 num.
1094 5490 1185 5555 50,
1213 5510 1241 5540 ι(
1265 5486 1433 5544 nobis
1459 5483 1609 5544 satis
1638 5493 1728 5547 est
1759 5490 2036 5558 voluisse,

394 5556 479 5629 ad
501 5556 874 5629 sapientiam.
908 5585 938 5611 ››

485 5626 809 5707 equam.
853 5630 909 5689 δι
937 5631 1119 5707 ἐσμεν.
1167 5631 1280 5691 Alii
1335 5629 1602 5690 scribunt
1630 5626 1890 5706 Siccae.
1921 5632 2037 5691 Alii

392 5691 444 5755 δ’
471 5691 652 5781 ἀσμέν.

2224 4490 2336 4561 (65)
2369 4485 2610 4563 ᾊλλῳν,
2643 4491 2805 4548 Pass.
2838 4494 2909 4547 ad
2965 4509 3143 4563 marg.
3180 4488 3468 4562 ἀλλήλων.
3502 4494 3594 4550 Sic
3646 4496 3786 4562 Bas.

2154 4564 2245 4617 ed.
2279 4568 2334 4616 et
2380 4561 2743 4619 Gabrielius:
2814 4585 2841 4616 σι
2870 4563 3018 4619 alter
3074 4561 3315 4621 alterius
3354 4566 3729 4624 damnamus.
3769 4561 3791 4621 ί.

2223 4634 2335 4707 (66)
2369 4630 2681 4707 Ἀθὲογιςηιι
2716 4634 2967 4707 Impiis,
2998 4636 3213 4707 quibus
3270 4653 3373 4691 nec
3422 4638 3575 4695 Deus
3632 4642 3730 4695 sit.
3762 4662 3792 4693 »

2151 4705 2409 4782 Uomb._«
2442 4704 3051 4782 i_nﬁdelibus,'impiis,
3085 4706 3316 4778 Graecis,
3349 4714 3413 4764 ut
3442 4711 3587 4766 bene
3620 4712 3795 4782 Elias,

2156 4796 2183 4829 α
2214 4775 2642 4847 provinciarum
2684 4775 3023 4834 rectoribus.
3054 4800 3083 4829 n

2223 4849 2333 4919 (67)
2358 4847 2631 4922 Παριὲναι.
2659 4854 2743 4905 lta
2758 4857 2981 4921 septem
3004 4853 3205 4922 Regg.,
3228 4849 3792 4922 Colb.omncs.,Jes.,

2151 4923 2319 5004 Iisrv.
2354 4919 2465 4974 Alii
2496 4937 2626 4976 vero
2658 4919 2907 4993 quatuor
2928 4919 3111 4993 Regg;
3132 4919 3535 4980 6Comb.Coisl.
3581 4925 3628 4994 1,
3651 4919 3792 4997 «ap;

2152 5010 2305 5042 ειναι.

2223 5064 2332 5136 (66)
2365 5059 2786 5136 _K_upi_ou._PaSS.
2816 5065 2893 5136 ad
2925 5080 3110 5136 marg.
3147 5066 3299 5117 Θεοῦ.

2222 5134 2330 5203 (69)
2363 5130 2463 5193 Ὃς
2492 5130 2572 5203 ἂν,
2608 5134 2780 5190 Deest
2810 5135 2868 5190 in
2900 5137 2991 5191 ed.
3025 5130 3106 5189 ἄν.

2220 5200 2830 5279 (70)]ἶ1ροσπλήξωμεν.
2883 5206 3206 5263 Gabrielius
3261 5205 3451 5275 vertit,
3509 5229 3537 5257 ‹‹
3570 5207 3794 5265 exulce-

2150 5292 2365 5331 remus.
2400 5298 2427 5326 ))

2150 5414 2173 5436 ν
2223 5348 2332 5417 (71)
2378 5348 2658 5422 ”Εχωμεν.
2713 5348 2806 5405 Sic
2845 5366 3047 5405 omnes
3097 5364 3243 5422 pene
3293 5348 3541 5404 codices.
3595 5350 3790 5421 Pauci,

2149 5414 2560 5564 aggesta,
2605 5493 2865 5564 _Septem
2925 5492 3131 5564 Regg.,
3191 5496 3340 5564 octo;
3374 5489 3559 5562 Colb.,
3617 5492 3790 5553 Cois].

2148 5557 2367 5639 patient
2422 5557 3129 5639 6u08ogia,'_«_eonsen§io
3188 5557 3555 5639 Opinionum:
3590 5587 3617 5639 ii
3665 5566 3794 5639 ipse

2149 5632 2349 5713 βιιιιυε
2378 5635 2657 5706 expunxit
2687 5632 2841 5713 φιλία
2872 5637 2930 5691 in
2963 5637 3054 5696 ed.
3087 5632 3243 5709 Βεεᾴ
3300 5640 3358 5693 et
3395 5635 3631 5712 scripsit
3661 5632 3795 5713 ὁμο-

2148 5700 2315 5780 δοξία.
