4152 6286
402 334 520 395 487

1627 326 1690 389 S.
1740 328 2110 392 GREGORII
2156 331 2578 396 THEOLOGI.

3693 341 3814 401 488

398 470 680 538 tanquam
706 464 857 519 notis
880 460 1235 534 quibusdam
1252 460 1607 533 insigniunt:
1638 464 1835 535 etquae
1857 461 2014 518 hodi:

2159 464 2319 537 μερὸν
2376 463 2720 539 ἐπαινοῦμεν,
2782 462 2966 541 αὔριον
3038 464 3375 541 έκακίσαμεν*
3436 468 3525 524 καὶ
3591 469 3623 524 ἃ
3682 474 3815 547 παρ’

399 554 940 622 laudamus,oadem
962 552 1215 607 crastino
1244 551 1335 606 die
1368 551 1767 622 vituperamus
1796 568 1807 607 :
1842 556 2042 623 etquae

400 646 552 718 apud
587 643 731 698 alios
754 640 999 697 infamia
1021 641 1524 709 notantur,cadem
1551 640 1704 712 apud
1730 658 1835 696 nos
1861 642 2045 696 admi-

396 734 606 790 rationi
640 736 814 789 sunt:
847 731 1159 802 omniaque
1193 730 1410 800 ﬂagitia
1440 729 1800 801 impietatem
1833 730 2043 801 ample-

393 823 685 879 ctentibus
718 820 883 877 facile
916 821 1339 875 condonantur.
1381 820 1565 889 Usque
1616 820 1757 877 adeo
1796 820 1855 874 in
1903 820 2040 876 vitio

394 910 754 985 magnanimi
789 927 996 966 sumus
1024 909 1035 962 ι

463 1000 703 1057 LXXXI.
732 1001 903 1056 Facta
935 998 1185 1070 denique
1234 998 1433 1053 omnia
1483 1002 1623 1053 sunt
1653 1002 1716 1053 ut
1745 1000 1815 1054 ab
1848 998 2035 1067 initio,

390 1105 524 1147 cum
557 1091 816 1146 nondum
843 1089 1098 1144 mundus
1120 1092 1261 1156 erat,
1284 1105 1387 1143 nec
1411 1087 1653 1159 pulchra
1673 1104 1739 1143 ea
1760 1088 2036 1143 constitu-

386 1181 467 1237 tio
500 1185 555 1237 et
586 1178 873 1245 formatio,
908 1195 1079 1250 quam
1131 1194 1284 1232 nunc
1330 1176 1662 1232 cernimus:
1709 1177 1807 1231 sed
1841 1177 2037 1232 omnia

385 1271 629 1327 confusa
658 1274 713 1324 et
742 1268 1039 1325 incondita
1067 1266 1455 1322 formatriccm
1482 1283 1721 1321 manum
1748 1270 1803 1320 et
1834 1271 2033 1337 poten-

384 1361 527 1416 tiam
563 1359 963 1429 requirebant.
1002 1359 1127 1424 Aut,
1162 1356 1209 1411 si
1263 1355 1468 1421 mavis,
1512 1372 1625 1409 non
1662 1371 1829 1410 secus
1860 1358 2033 1426 atque

386 1450 445 1505 in
467 1454 748 1504 nocturna
770 1444 1380 1518 pugna,obscurisque
1402 1444 1552 1498 lunae
1573 1444 1750 1499 radiis
1771 1443 2028 1499 hostium

386 1544 441 1594 et
472 1539 790 1593 amicorum
826 1537 1022 1590 vultus
1063 1550 1176 1588 non
1228 1533 1728 1601 internoscentes;
1760 1533 1847 1588 vel
1880 1533 2031 1588 sicut

384 1629 443 1682 in
474 1625 660 1681 navali
694 1624 965 1680 conflictu
1001 1628 1057 1677 et
1084 1626 1449 1694 tempestate,
1486 1639 1550 1677 ac
1581 1626 1883 1677 ventorum
1917 1624 2028 1677 im-

383 1715 807 1788 pressionihus,
824 1717 879 1767 et
899 1712 1202 1769 stridentis
1228 1712 1392 1765 undae
1416 1712 1723 1778 fervore,ac
1742 1712 2025 1766 fluctuum

2154 549 2350 614 ἄλλοις
2426 553 2820 628 στηλιτεύεται,
2880 562 3003 632 παρ’
3061 559 3196 630 ἡμῖν
3260 560 3373 631 (73)
3450 557 3804 632 θαυμάζεται·

2151 641 2239 694 καὶ
2298 644 2470 698 πάντα
2527 650 2886 721 συγχωρεῖται
2948 646 3249 721 προθύμως
3301 652 3377 718 τῷ
3425 643 3634 702 ἀσεϐεῖν
3669 651 3804 724 (74).

2152 730 2309 789 Οὕτω
2340 733 2436 801 τὴν
2468 733 2655 789 κακίαν
2685 736 2795 809 (75)
2827 734 2985 807 ἐσμὲν
3026 734 3444 811 μεγαλόψυχοιί

2220 1002 2348 1055 HA’.
2384 1000 2570 1075 Γέγονε
2601 997 2658 1054 δὲ
2688 997 2857 1055 πάντα
2886 1002 3003 1075 (76)
3030 1002 3105 1063 ὡς
3143 1001 3206 1056 τὸ
3255 1000 3533 1078 ἀπαρχῆς,
3567 1002 3656 1058 ὅτε
3709 1002 3800 1059 οὔ·

2146 1108 2232 1141 πω
2288 1088 2492 1161 κόσμος
2556 1090 2639 1161 ἦν,
2684 1088 2809 1145 οὐδὲ
2856 1092 2890 1159 ἡ
2939 1094 3029 1145 νῦν
3083 1090 3295 1161 εὐταξία
3336 1092 3427 1146 καὶ
3491 1092 3796 1171 μόρςρωσις⁸

2144 1174 2289 1230 ἀλλὰ
2322 1176 2721 1253 συγκεχυμένον
2748 1178 2810 1234 τὸ
2842 1184 2944 1234 πᾶν
2985 1178 3074 1233 καὶ
3130 1179 3425 1253 ἀνώμαλον
3477 1178 3648 1235 ἐδεῖτο
3695 1188 3797 1252 τῆς

2144 1261 2420 1319 εἷδοποιοῦ
2449 1267 2634 1343 χειρὸς
2673 1268 2760 1322 καὶ
2813 1265 3112 1342 δυνάμεως.
3150 1268 3209 1323 Εἰ
3269 1268 3457 1344 βούλει
3512 1266 3590 1343 δὲ,
3623 1271 3699 1332 ὡς
3747 1269 3799 1326 έν

2142 1354 2480 1430 νυκτομαχίᾳ
2534 1356 2623 1409 καὶ
2700 1355 2936 1427 σελήνης
3001 1354 3268 1432 ἀμυδροῖς
3350 1358 3597 1434 φέγγεσιν
3666 1359 3795 1433 (77),

2143 1439 2353 1517 ἐχθρῶν
2401 1443 2436 1511 ἢ
2488 1443 2660 1521 φίλων
2713 1440 2864 1518 ὄψεις
2926 1445 2988 1499 οὐ
3031 1442 3499 1521 διαγινώσκοντες’
3533 1447 3568 1515 ἢ
3616 1447 3690 1509 ὡς
3743 1446 3793 1501 έν

2138 1532 2414 1606 ναυμαχίᾳ
2468 1534 2557 1586 καὶ
2614 1533 2769 1607 ζάλῃ,
2799 1534 2888 1588 καὶ
2949 1534 3270 1608 πνευμάτων
3329 1538 3441 1609 (78)
3502 1531 3789 1609 ἐμϐολαῖς,

2140 1620 2225 1673 καὶ
2259 1620 2426 1695 ῥοθίῳ
2461 1620 2652 1690 ζέοντι,
2684 1622 2771 1677 καὶ
2804 1622 3057 1696 κυμάτων
3121 1622 3467 1699 ἐπιδρομαῖς,
3499 1625 3587 1679 καὶ
3647 1629 3792 1695 νηῶν

2138 1709 2430 1785 ἀραγμοῖς⁷
2461 1712 2549 1765 καὶ
2618 1716 2821 1766 κοντῶν
2882 1712 3168 1786 ὠθισμοῖς,
3202 1714 3290 1767 καὶ
3339 1712 3642 1769 κελευστῶν
3675 1736 3793 1792 φω-

379 1803 837 1871 incursionibus,
881 1806 936 1857 et
994 1817 1229 1856 navmm
1262 1800 1684 1863 collisionibus,
1719 1804 2014 1856 contorum

2135 1804 2273 1870 ναῖς,
2304 1799 2393 1853 καὶ
2423 1800 2732 1855 πιπτόντων
2785 1800 3059 1877 οἷ’μωγαῖς
3109 1802 3556 1879 ὑπερηχοόμενοί
3588 1805 3699 1877 (79)
3728 1824 3788 1858 τε

380 1893 735 1966 impulsibus
766 1896 823 1944 et
867 1890 1253 1945 celeustarum
1292 1889 1551 1957 vocibus,
1586 1893 1643 1943 et
1688 1889 2022 1945 cadentium

377 1981 695 2053 gemitibus
727 1980 984 2050 undique
1006 1983 1409 2051 personantes,
1435 1983 1610 2050 atque
1632 1978 1860 2033 consilii
1897 1979 2023 2035 ino-

376 2070 474 2142 pia
504 2069 787 2141 oppressi,
823 2085 927 2123 nec
964 2068 1198 2123 virtutis
1242 2068 1603 2122 declaranda:
1651 2072 1885 2138 tempus
1916 2068 2022 2124 ha-

376 2159 582 2215 bentes
613 2158 747 2230 (heu
771 2174 1002 2230 gravem
1026 2156 1414 2212 calamitatem
1442 2156 1479 2225 l)
1504 2156 1653 2211 inter
1676 2174 1779 2212 nos
1812 2157 2023 2213 incidi-

376 2264 531 2315 mus,
560 2252 735 2318 atque
767 2264 797 2300 a
830 2245 996 2300 nobis
1029 2245 1173 2317 ipsis
1201 2251 1406 2300 mutuo
1439 2245 1802 2301 conﬁcimur.

445 2336 708 2392 LXXXII.
742 2336 856 2391 Nec
887 2352 1019 2391 vero
1052 2335 1303 2407 populus
1337 2335 1571 2405 quidem
1616 2335 1696 2390 ita
1726 2351 1788 2390 se
1819 2335 2015 2405 habet,

370 2442 574 2482 verum
607 2424 770 2481 aliter
796 2425 1087 2480 sacerdos.
1122 2424 1269 2489 Quin
1303 2424 1494 2496 potius
1526 2423 1669 2478 illud
1697 2440 1850 2479 nunc
1875 2424 2019 2480 mihi

374 2532 616 2587 prorsus
647 2514 859 2585 expleri
891 2513 1139 2581 videtur,
1165 2513 1318 2584 quod
1351 2512 1409 2567 in
1443 2511 1847 2568 maledictione
1878 2513 2017 2570 olim

373 2604 713 2659 dicebatur:
749 2602 847 2659 52
881 2604 1071 2657 Factus
1127 2606 1207 2657 est
1254 2602 1498 2657 sacerdos
1545 2604 1683 2657 sicut
1710 2604 1944 2674 populus
1973 2604 2014 2659 °.

374 2692 489 2748 Nec
521 2707 753 2747 rursum
784 2690 993 2763 vulgus
1025 2689 1263 2762 quidem
1300 2690 1383 2744 ita
1413 2706 1473 2744 se
1505 2691 1654 2761 gerit
1683 2690 1882 2763 populi
1914 2709 2016 2747 au-

2132 1888 2221 1943 καὶ
2253 1889 2638 1965 ἀπορούμενοι,
2672 1890 2760 1944 καὶ
2793 1898 2892 1960 τῆς
2942 1889 3187 1967 ἀνδρείας
3249 1892 3437 1967 καιρὸν
3489 1891 3587 1946 οὐκ
3631 1891 3786 1968 ἕχον-

2131 1998 2236 2050 τες,
2295 1983 2390 2055 φεῦ
2444 1983 2537 2033 τοῦ
2593 1981 2823 2044 πάθουςί
2885 1978 3158 2051 ἀλλήλοις
3218 1980 3613 2055 περιπίπτομεν
3647 1983 3781 2056 (80),

2130 2067 2219 2121 καὶ
2252 2069 2339 2122 ὑπ’
2370 2066 2633 2138 ἀλλήλων
2668 2066 3091 2142 ἀναλισκόμεθα.

2200 2338 2319 2392 ΠΒ’·
2354 2334 2456 2392 Καὶ
2490 2334 2595 2411 οὐχ
2624 2336 2652 2390 6
2685 2333 2815 2396 λαὸς
2853 2336 2946 2407 μὲν
2979 2335 3182 2405 οὕτως,
3214 2337 3241 2390 6
3274 2334 3330 2391 δὲ
3360 2337 3536 2413 ἱερεὺς
3581 2338 3746 2412 ἑτέρω

2128 2423 2272 2480 ἀλλά
2333 2445 2426 2496 μοι
2483 2428 2569 2477 νῦν
2632 2425 2802 2480 έκεῖνο
2834 2422 3176 2499 πληροῦσθαι
3211 2422 3361 2479 δοκεῖ
3388 2428 3659 2499 καθαρῶς,
3691 2427 3773 2484 τὸ.

2128 2513 2347 2588 Γέγονεν
2406 2514 2434 2567 6
2490 2511 2664 2587 ἱερεὺς
2731 2513 2907 2574 καθὼς
2964 2514 2991 2568 6
3043 2512 3196 2586 λαὸς,
3255 2513 3307 2568 ἐν
3387 2517 3593 2590 κατάρᾳ
3662 2517 3774 2589 (81)

2125 2600 2293 2657 πάλαι
2327 2600 2642 2677 λεγόμενον.
2678 2603 2777 2659 Καὶ
2810 2601 2917 2677 οὐχ
2947 2603 2998 2656 οἱ
3029 2601 3232 2657 πολλοὶ
3269 2603 3361 2677 μὲν
3405 2604 3598 2675 οὕτως,
3636 2605 3687 2659 οἱ
3718 2601 3774 2658 δὲ

2127 2689 2282 2767 ἀδροί
2337 2689 2434 2745 τοῦ
2478 2690 2613 2745 λαοῦ
2648 2693 2753 2763 (82)
2785 2690 2873 2744 καὶ
2933 2691 3261 2767 προέχοντες
3316 2691 3592 2753 ἐναντίως·
3643 2691 3772 2747 ἀλλ’

372 2786 492 2837 tem
524 2781 861 2852 optimates,
894 2796 957 2835 ac
989 2778 1262 2859 praesides
1294 2778 1583 2833 contrario
1616 2780 1820 2835 modo:
1873 2782 2014 2853 quin

2135 2780 2276 2835 οὗτοί
2304 2802 2364 2857 γε
2393 2781 2481 2834 καὶ
2514 2784 2756 2854 φανερῶς
2788 2777 3091 2853 πολεμοῦσι
3120 2785 3236 2841 τοῖς
3278 2781 3523 2855 ἱερεῦσιν,
3557 2778 3769 2857 ἐφόδιον

371 2869 563 2943 potius
595 2870 654 2924 hi
686 2874 881 2941 aperte
911 2884 1142 2940 quoque
1172 2867 1389 2923 bellum
1432 2869 1837 2924 sacerdotibus
1869 2869 2014 2925 infe-

2135 2870 2344 2946 ἔχοντες
2395 2869 2469 2931 εἰς
2518 2870 2685 2923 πειθὼ
2726 2869 2824 2937 τὴν
2873 2864 3139 2924 εὐσέϐειαν
3189 2872 3321 2943 (83)’
3372 2868 3461 2923 καὶ
3506 2868 3621 2923 ὅσοι
3671 2869 3764 2941 μὲν

368 2964 505 3015 runt
530 2960 861 3015 subsidium
895 2960 965 3013 ad
999 2958 1469 3031 persuadendum
1504 2958 1785 3015 habentes
1833 2961 2014 3032 pieta-

2135 2959 2246 3035 περὶ
2277 2959 2507 3020 πίστεως
2538 2957 2698 3012 τοῦτο
2751 2958 3073 3033 πασχόντων
3103 2960 3235 3031 (84),
3268 2956 3355 3011 καὶ
3404 2961 3511 3011 τῶν
3561 2955 3764 3012 ἀνωτά-

364 3055 503 3105 tem.
538 3050 880 3120 Quanquam
916 3047 954 3101 ii
987 3047 1217 3119 quidem
1253 3046 1346 3117 qui
1380 3048 1449 3103 de
1484 3048 1595 3103 ﬁde
1625 3065 1691 3103 ac
1723 3050 2014 3122 supremis

2135 3070 2199 3103 τω
2230 3052 2342 3122 (85)
2376 3045 2703 3121 ζητημάτων
2752 3047 2840 3101 καὶ
2891 3048 3123 3123 πρώτων
3171 3044 3283 3100 οὐδ’
3313 3046 3422 3121 ἐγὼ
3623 3047 3767 3119 μέμ-

365 3142 421 3192 et
442 3138 735 3209 primariis
759 3136 1179 3209 quaestionibus
1203 3136 1577 3208 pugnant,ita
1597 3154 1736 3193 sane
1756 3138 2009 3195 afﬁcian-

2135 3160 2314 3215 ρομαι,
2374 3136 2500 3191 ἀλλ’
2542 3136 2586 3190 εἰ
2636 3134 2718 3190 δεῖ
2761 3136 2995 3205 τάληθὲς
3048 3136 3234 3207 εἶπεῖν,
3282 3135 3371 3190 καὶ
3420 3139 3766 3209 προσεπαινῶ

364 3230 496 3281 tur:
530 3243 635 3281 nec
667 3208 1186 3298 egoireprehendo,
1220 3228 1357 3292 imo,
1394 3226 1440 3279 si
1474 3242 1603 3282 vere
1642 3226 2002 3298 loquendum

2135 3227 2204 3281 ιαὶ
2255 3224 2575 3299 συνήδομαι.
2610 3224 2708 3279 Καὶ
2754 3224 2960 3279 τούτων
3010 3227 3087 3286 εἷς
3149 3222 3264 3294 εἷῆν
3320 3228 3425 3278 τῶν
3462 3225 3592 3300 ὑπὲρ
3625 3223 3763 3294 ἀλη-

366 3319 476 3385 est,
509 3317 751 3387 insuper
798 3315 972 3369 etiam
1025 3314 1217 3383 laudo,
1278 3314 1466 3386 iisque
1510 3314 1791 3387 gratulor.
1820 3320 2006 3389 Atque

2135 3317 2255 3378 ista;
2288 3313 2701 3391 ἀγωνιζομένων
2734 3316 2845 3387 (87)
2876 3315 2963 3368 καὶ
2995 3319 3103 3368 τῶν
3137 3312 3592 3388 ἀπεχθανομένων
3627 3314 3761 3386 (88)⁹

362 3407 588 3463 utinam
620 3425 687 3463 ex
706 3424 905 3463 eorum
940 3423 1185 3462 numero
1221 3406 1356 3474 sim,
1390 3406 1488 3477 qui
1518 3424 1620 3479 pro
1642 3409 1881 3465 veritate
1911 3410 2006 3466 de-

2135 3404 2330 3461 ιᾶλλον
2383 3402 2439 3459 δὲ
2495 3404 2582 3458 καὶ
2670 3406 2804 3458 εἶναι
2874 3405 3253 3479 καυχήσομαι.
3322 3401 3588 3474 Κρείττων
3660 3403 3760 3478 γὰρ

357 3502 599 3564 certant,
633 3501 802 3567 atque
832 3496 889 3551 in
922 3496 1302 3551 offensionem
1336 3500 1393 3551 et
1436 3496 1636 3552 odium
1671 3497 1999 3569 incurrunt,

2146 3495 2384 3555 παινετὸς
2414 3492 2660 3566 πόλεμος
2693 3493 2912 3568 εἰρήνης
2943 3488 3293 3568 χωριζοῦσης
3343 3495 3496 3547 Θεοῦ·
3531 3491 3620 3545 καὶ
3672 3488 3760 3545 διὰ

355 3588 475 3642 imo
516 3587 690 3641 etiam
746 3586 804 3640 in
851 3586 958 3640 hoc
1008 3602 1252 3641 numero
1284 3601 1412 3640 esse
1444 3584 1756 3657 gloriabor.
1792 3587 2000 3645 Melius

2135 3590 2266 3639 οὗτο
2297 3584 2387 3638 τὸν
2420 3582 2590 3656 πραὺν
2623 3582 2878 3656 μαχητήν
2932 3579 3145 3650 ὁπλίζει
3174 3581 3236 3635 τὸ
3276 3584 3513 3653 Πνεῦμα,
3547 3579 3620 3641 ὡς
3666 3600 3759 3634 κα-

354 3676 508 3732 enim
544 3680 631 3731 est
658 3673 952 3731 laudabile
987 3674 1223 3744 bellum,
1249 3690 1388 3746 pace
1410 3691 1443 3729 a
1468 3679 1578 3731 Deo
1601 3676 1996 3749 disjungente:

2135 3679 2221 3736 ,ῶς
2253 3671 2513 3745 πολεμεῖν
2547 3668 2861 3745 δυνάμενον.

351 3765 424 3821 ob
456 3781 703 3837 eamque
729 3780 966 3821 causam
996 3762 1186 3819 lenem
1223 3768 1279 3819 et
1319 3771 1692 3821 mansuetum
1726 3766 2026 3824 hominem
2066 3766 2321 3839 Spiritus
2349 3764 2421 3819 ad
2452 3778 2711 3835 pugnam
2743 3765 2954 3829 armat,
2981 3764 3046 3817 ut
3086 3760 3185 3832 qui
3236 3759 3456 3816 bellum
3488 3761 3641 3815 recte
3661 3773 3756 3830 ge-

351 3871 475 3912 rere
507 3859 700 3928 queat.

420 3981 441 4015 °
470 3986 584 4037 Isa.
618 3995 767 4051 xxxv,
797 3982 832 4033 2
858 3998 872 4047 ;
905 3978 1036 4037 Ose.
1071 3996 1145 4046 1v,
1176 3979 1231 4034 9.

444 4122 535 4191 73)
565 4123 743 4193 Ἡμῖν.
780 4122 1010 4190 Septem
1055 4119 1233 4193 Regg.
1266 4122 1448 4191 ἡμῶν.

442 4195 661 4316 7_4)&TF%
688 4191 915 4278 ἀσεοεῖν.
952 4193 1047 4247 Sic
1085 4191 1290 4248 omnes
1342 4194 1521 4247 ferme
1572 4194 1816 4251 codices.
1855 4200 1991 4269 Reg.

442 4284 502 4316 τω
570 4283 625 4316 σε
669 4283 735 4316 ει.

351 4274 391 4320 t.
422 4267 502 4320 τῶ
534 4267 735 4318 ἀσεόεῖ.

377 4311 391 4336 ,
422 4286 502 4332 τῳ
534 4286 735 4318 ασεοει.

377 4335 740 4417 ’(7ξ5)-Τὴν“
762 4331 978 4417 κακίαν..
1040 4333 1129 4417 Sic
1188 4335 1326 4417 ἷξες.
1413 4334 1676 4417 plerique
1732 4342 1788 4393 et
1833 4338 1990 4394 Colb.

349 4402 528 4462 Coill.
562 4408 585 4460 1
621 4415 676 4461 et
705 4411 867 4462 Pass.
906 4407 1005 4461 Ed.
1040 4405 1167 4460 Par.
1211 4402 1513 4471 S'Kxaxiav.

366 4478 530 4549 -(76)
580 4476 784 4551 Γέγονε
849 4474 1180 4551 πάντα.
1257 4481 1377 4551 Non
1462 4479 1648 4548 pauci,
1717 4478 1782 4531 τὰ
1856 4481 1992 4533 πάν-

344 4547 432 4603 τας
466 4547 527 4605 In
561 4547 790 4605 duobus
836 4549 995 4605 Colb.
1047 4554 1103 4602 et
1134 4547 1228 4602 Or.
1283 4550 1332 4615 1,
1383 4547 1568 4605 exstat
1616 4551 1904 4607 scholium
1934 4553 1992 4607 in

2173 4122 2287 4245 (82)
2318 4119 2485 4175 AaoB.
2514 4120 2751 4176 Addunt
2782 4117 3047 4174 nonnulli
3078 4117 3329 4185 codices,
3353 4120 3409 4171 et
3432 4115 3573 4171 editi
3595 4114 3757 4184 libri,

2206 4194 2279 4245 ὼς
2320 4189 2551 4245 εἶόηται.
2596 4208 2723 4245 qua
2753 4208 2885 4245 cum
2946 4192 3159 4245 desunt
3204 4190 3261 4243 in
3294 4204 3500 4243 novem
3534 4187 3753 4245 Regiis.

2102 4213 2169 4248 κα

2206 4187 2279 4253 ὼς
2320 4189 2551 4267 εἶ’ρηται,
2588 4208 2899 4267 quaecum
2946 4192 3159 4245 desunt
3204 4190 3261 4267 in
3294 4204 3500 4267 novem
3534 4187 3753 4267 Regiis,

2103 4266 2265 4321 Colb.
2300 4259 2545 4336 septem,
2577 4259 2692 4319 Jes.
2727 4263 2848 4329 Or.,
2880 4265 2933 4329 1,
2967 4262 3284 4317 resecanda
3312 4276 3441 4316 esse
3466 4259 3758 4329 judicavi-

2344 4402 2436 4465 Εἷς
2488 4402 2814 4477 πειθὼ-τήν
2876 4398 3409 4477 εὐσέϐειανη-Μυηα
3467 4400 3561 4456 hic
3592 4399 3757 4477 addit

2106 4471 2352 4534 Ruﬁnus
2384 4477 2442 4531 in
2469 4475 2880 4544 monachos,de
2902 4476 3118 4547 quibus
3143 4473 3310 4547 nihil,
3333 4476 3527 4543 aperte
3545 4471 3754 4547 saltem

2106 4549 2436 4622 Gregorius.
2474 4548 2594 4622 Iino
2625 4564 2757 4601 cum
2804 4544 3097 4622 monachi,
3130 4546 3260 4599 fidei
3293 4561 3491 4622 causa,
3525 4544 3756 4622 a_Patro

345 4637 460 4691 quo
492 4621 806 4695 quaeritur;
846 4645 863 4669 ι
901 4621 1200 4695 Quomodo
1226 4626 1361 4675 ante
1380 4622 1678 4695 conditum
1706 4625 1991 4679 mundum
2026 4632 2071 4695 D
2103 4614 2475 4695 diss‘iderent,
2507 4618 2763 4695 hosﬂnon
2796 4620 2982 4689 potuit
3025 4618 3363 4695 (vituperare
3402 4614 3748 4695 Theologus,

344 4708 478 4746 cum
510 4692 653 4747 nihil
685 4697 861 4758 esset,
896 4692 1149 4762 potuerit
1195 4708 1321 4746 esse
1371 4693 1633 4747 confusio
1683 4711 1877 4749 rerum
1921 4696 1991 4750 de

344 4781 462 4834 qua
492 4764 587 4835 hic
609 4764 972 4835 Theologus;
995 4785 1023 4835 _»
1049 4768 1104 4817 et
1124 4763 1215 4818 his
1240 4764 1429 4835 verbis
1448 4766 1868 4835 respondetur:
1887 4764 1991 4818 Τά-

370 4830 419 4907 ία.
455 4834 661 4907 κόσμον
696 4830 918 4888 ένταῦθα
949 4831 1095 4907 λέγει
1126 4835 1224 4901 τήν
1277 4830 1563 4887 τελείωσιν
1604 4840 1709 4888 τῶν
1766 4837 1881 4889 κατ’
1914 4836 1989 4889 εἷ-

370 4856 419 4907 ,α
455 4853 661 4905 κοσμον
696 4853 918 4888 ενταυυα
950 4853 1095 4905 Λεγει
1126 4855 1224 4901 την
1277 4853 1556 4887 τελειωσιν
1604 4856 1709 4888 των
1766 4853 1878 4889 κατ’
1914 4853 1989 4889 ει-

342 4853 437 4966 ἔος
465 4906 790 4980 γεγονότων.
822 4928 848 4957 ‹‹
870 4907 973 4963 Hic
997 4906 1245 4961 fortasse
1264 4907 1403 4960 dicit
1427 4908 1841 4977 perfectionem
1865 4925 1994 4963 eam

345 4995 522 5048 quam
546 4980 715 5048 juxta
761 4979 1014 5050 speciem
1069 4995 1237 5033 suam
1278 4983 1479 5032 creatae
1521 4995 1613 5033 res
1666 4984 1992 5035 consecuta

345 5053 869 5193 angi)”'<bé7~{eetv.
930 5123 1020 5176 Sic
1082 5135 1285 5174 omnes
1351 5119 1597 5175 codices.
1650 5120 1779 5175 Par.
1834 5119 1992 5196 σφέγ-

384 5211 510 5247 εσιν.

562 5261 658 5316 Καὶ
690 5259 1031 5334 πνευμάτων.
1087 5263 1256 5316 Deest
1285 5258 1374 5312 καί
1422 5260 1481 5314 in
1526 5260 1841 5333 plerisque.
1873 5264 1991 5319 Ha-

344 5335 481 5390 bent
510 5333 702 5391 tamen
741 5333 1027 5390 nonnulli.

558 5405 1028 5480 Υπερηχούμενοι.
1066 5404 1285 5480 Beg._r,
1320 5399 1719 5480 {innxo'ﬁusvon

410 5472 521 5552 (80)
557 5472 979 5552 Πεῴπὶτὶτόμηί
1020 5500 1055 5552 a_
1079 5472 1364 5552 Irr'uimus
1394 5472 1932 5552 alter'inalterum.
1956 5497 1984 5531 ιι

411 5544 521 5618 (81)
553 5544 642 5622 Ἐν
669 5544 1122 5622 κατάραηνθπὺει
1167 5544 1584 5622 prophetarum
1636 5547 1864 5605 inverso
1894 5568 1987 5606 or-

342 5617 473 5693 dine
492 5621 667 5677 refert
690 5617 1021 5693 Gregorius;
1047 5617 1363 5691 minusque
1386 5618 1762 5693 verba,quam
1782 5627 1988 5680 natum

340 5692 559 5767 profert
590 5692 987 5768 proverbium.

2104 4692 2202 4747 ubi
2233 4692 2413 4747 laicos
2462 4706 2563 4762 pro
2614 4690 2727 4745 fide
2775 4688 3104 4762 pugnantes
3151 4688 3372 4756 laudat,
3406 4692 3463 4743 et
3496 4702 3648 4741 unus
3681 4700 3751 4739 ex

2102 4764 2399 4838 ipsisesse
2430 4761 2611 4838 cupit.
2726 4832 2747 4838 _
2874 4761 2881 4762 ί
3010 4832 3044 4838 _
3378 4828 3451 4838 Η
3697 4819 3709 4838 ,

2173 4835 2285 4905 (84)
2316 4828 2667 4905 Πασχόίιτῳν.
2726 4832 2790 4887 In
2816 4902 2825 4905 _
2850 4848 2952 4905 ora
3010 4832 3149 4903 Reg.
3192 4848 3239 4898 r,
3270 4828 3601 4905 scriptum,
3641 4828 3745 4874 πά-

2173 4852 2285 4905 (δίι)
2316 4852 2445 4886 ιιασ’
2479 4852 2667 4885 οντων.
2726 4852 2790 4887 ω
2850 4852 2952 4886 ora
3012 4852 3149 4903 neg.
3192 4852 3239 4898 r,
3280 4852 3582 4898 SUFIPLUIu,
3641 4852 3745 4874 -ιιυι-

2104 4924 2311 4979 σχοιεν.
2345 4852 2472 4960 δορί(
2491 4902 2783 4979 vulgatam
2815 4902 3448 4979 lectionemconﬁrmat
3478 4894 3747 4979 codicum

2103 4967 2425 5033 consensus
2451 4992 2466 5043 ;
2489 4981 2544 5030 et
2568 4967 2623 5028 in
2647 4975 2977 5046 marg.Reg.
3010 4992 3067 5039 u,
3091 4974 3299 5029 Glossa
3320 4984 3605 5046 sequens:
3634 4967 3753 5046 Ἀν-

2101 5048 2152 5102 τὶ
2186 5035 2539 5121 πασχέτωσαν
2568 5035 2861 5121 ξΑττικᾱῗῖς.Δ
2914 5035 2971 5100 id
3027 5035 3135 5113 est,
3203 5066 3224 5093 ur
3258 5035 3449 5107 attice,
3484 5062 3512 5091 ››
3543 5035 3753 5113 πασχέ-

2099 5116 2461 5174 τωσανίΤίΙΙ.
2501 5141 2521 5167 αι
2560 5118 2703 5173 forte
2737 5142 2757 5191 α
2794 5116 3083 5191 πάσχουσι.

2172 5194 2282 5263 (85)
2337 5191 2649 5245 Ἀνωτατω.
2704 5190 2795 5244 Sic
2854 5179 3059 5245 omnes
3115 5186 3365 5244 codices.
3426 5183 3557 5238 Par.
3609 5179 3749 5233 ἀνω-

2098 5260 2294 5406 τά-ίὲἓί).
2318 5326 2441 5406 Οὐδ’
2474 5328 2603 5406 ἐγώ.
2638 5332 2732 5406 Sic
2765 5330 3035 5386 meliores
3067 5333 3213 5406 nota;
3244 5322 3619 5406 exemplaria.

2171 5394 2283 5476 (87)
2342 5394 2811 5485 ’A‘rwv't'touévwv:
2857 5424 2900 5483 ,α
2960 5394 3480 5485 ξονὶοΙίὶαῐιὶμΓὶςυ

2100 5464 2506 5555 hahc'passive
2537 5464 2629 5527 hic
2681 5473 3144 5555 accipiendam,“
3166 5470 3321 5553 quod
3375 5464 3753 5524 Demostheni

2100 5544 2388 5602 familiare
2420 5549 2527 5611 est,
2564 5544 2863 5600 contendit
2890 5544 3301 5601 Combelisius.

2314 5613 2409 5694 Ιςαὶ
2439 5618 2547 5694 τῶν
2576 5614 3086 5694 ἀπεχθανομένων.
3144 5615 3271 5673 Non
3329 5610 3503 5670 habet
3532 5612 3671 5683 Reg.
3703 5610 3747 5665 t.

2098 5687 2271 5747 Deest
2296 5691 2402 5743 τῶν
2435 5688 2495 5744 in
2526 5687 2617 5748 ed.
