4152 6286
366 336 487 398 489

1509 334 1804 397 ORATIO
1849 330 1924 392 II.
1956 363 2034 377 -
2063 332 2633 394 APOLOGETICA.

3666 333 3785 398 490

440 466 541 520 III“
571 470 677 518 Νῦν
740 462 797 519 δὲ
855 463 954 519 εἰσί
999 485 1135 525 τινες
1194 466 1245 519 οἱ
1294 466 1383 519 καὶ
1429 466 1553 537 περὶ
1605 470 1811 539 μικρῶν
1845 460 2012 517 πολε-

2201 464 2482 521 LXXXIII.
2517 466 2683 520 Nunc
2715 470 2912 521 autem
2943 465 3213 521 nonnulli
3246 470 3404 534 sunt,
3427 467 3526 537 qui
3556 467 3627 522 de
3658 483 3784 539 par-

372 559 620 627 μοῦντες,
650 554 739 607 καὶ
791 553 867 615 εἷς
917 553 1068 608 οὐδὲν
1121 550 1343 631 ὄφελος,
1377 554 1465 609 καὶ
1514 552 1830 622 κοινωνοὺς,
1866 550 2024 613 ὅσους

370 643 426 698 ἂν
461 641 750 713 δύνωνται,
800 645 894 695 τοῦ
942 648 1109 697 κακοῦ
1159 637 1699 718 προσλαμϐάνοντες,
1735 639 1853 695 λίαν
1888 642 2023 714 ἀμα-

371 737 477 796 θῶς
520 733 608 786 καὶ
661 733 917 807 Θρασὲως.
970 732 1099 785 Εἶτα
1150 734 1261 805 (89)
1311 732 1397 785 ἐπὶ
1429 738 1588 786 πᾶσιν
1617 733 1651 799 ἡ
1695 730 1896 797 πίστις,
1932 729 2020 783 καὶ

367 818 528 876 τοῦτο
585 822 649 874 τὸ
697 821 887 892 σεμνὸν
939 817 1115 893 ὄνομα
1168 822 1281 893 (90)
1324 826 1441 880 ταῖς
1494 817 1657 880 ἰδίαις
1707 818 1882 873 αὐτῶν
1932 840 2020 895 φι-

372 908 666 970 λονεικίαις
716 908 1321 985 παρασυρόμενον.“Ἐκ
1370 905 1427 962 δὲ
1473 908 1704 975 τούτων,
1735 908 1809 969 ὡς
1858 907 1920 961 τὸ
1953 907 2023 960 εἷ-

369 1000 486 1071 κὸς,
522 997 825 1072 μισούμεθα
877 998 969 1071 μὲν
1022 996 1072 1052 ἐν
1126 1002 1240 1059 τοῖς
1290 996 1477 1068 ἔθνεσι,
1513 997 1602 1052 καὶ
1634 999 1663 1051 '6
1692 996 1885 1051 τούτου
1918 1016 2020 1071 χα-

372 1087 704 1163 λεπώτερον,
751 1083 874 1140 οὐδὲ
924 1086 1091 1141 εἰπεῖν
1139 1085 1365 1161 ἔχομεν.
1398 1087 1470 1148 ὡς
1505 1086 1566 1140 οὐ
1616 1082 1859 1147 δικαίως
1904 1084 2019 1139 δια-

372 1170 690 1247 ϐεϐλήμεθα
722 1173 777 1229 δὲ
806 1174 894 1228 καὶ
942 1179 1049 1229 τῶν
1102 1174 1383 1250 ἡμετέρων
1433 1180 1549 1235 τοῖς
1582 1172 2016 1247 ἐπιεικεστέροις-

374 1262 526 1318 οὐδέν
558 1265 654 1339 γὰρ
685 1262 988 1336 θαυμαστὸν
1023 1262 1067 1317 εἴ
1115 1268 1231 1325 τοῖς
1281 1262 1553 1334 πλείοσιν,
1588 1262 1639 1315 οἳ
1673 1261 1834 1334 μόλις
1876 1260 1934 1315 ἄν
1968 1282 2019 1315 τι

372 1354 461 1407 καὶ
490 1358 593 1407 τῶν
627 1350 806 1407 καλῶν
839 1349 1201 1428 ἀποδέχοιντο
1235 1355 1367 1425 (91).

445 1619 914 1674 11Δ¹Τεκταίνουσι
963 1617 1020 1673 δὲ
1066 1618 1152 1673 ἐπὶ
1196 1624 1303 1673 τῶν
1356 1620 1545 1673 νώτων
1759 1622 1918 1692 ἡμῶν
1971 1620 2023 1673 οἱ

377 1708 730 1782 ἁμαρτωλοί·
780 1709 867 1762 καὶ
920 1708 953 1761 ἃ
993 1709 1106 1763 κατ’
1156 1706 1422 1778 ἀλλήλων
1471 1707 1795 1780 ἐπινοοῦμεν
1828 1755 1840 1779 ,
1890 1708 2024 1762 κατά

375 1800 587 1853 πάντων
639 1795 847 1873 ἔχουσι·
898 1797 988 1851 καὶ
1043 1796 1341 1871 γεγόναμεν
1395 1796 1613 1872 θέατρον
1658 1797 1839 1851 καινὸν
1888 1799 2022 1870 (93),
2055 1837 2100 1901 Β

415 1888 429 1901 .
512 1888 525 1901 ς
624 1886 655 1901 ,κ
880 1885 892 1901 ς
953 1887 966 1901 η
1008 1888 1031 1901 η
1096 1887 1106 1901 ,
1336 1888 1357 1901 ν
1453 1886 1465 1901 ρ
1700 1886 1711 1901 ι
1948 1890 1976 1901 η.

375 1888 472 1942 οὐκ
502 1886 757 1963 ἀγγέλοις
804 1885 892 1940 καί
943 1887 1267 1959 ἀνθρώποις,
1302 1888 1416 1940 οἷον
1447 1886 1473 1938 6
1504 1886 1875 1960 γενναιότατος
1911 1890 2017 1940 τῶν

374 1974 621 2045 ἀθλητῶν
651 1977 761 2048 (94)
804 1972 1040 2040 Παῦλος,
1087 1974 1221 2049 πρὸς
1270 1974 1365 2035 τὰς
1410 1974 1585 2049 ἀρχὰς
1633 1975 1721 2028 καὶ
1752 1976 1845 2036 τὰς
1880 1974 2022 2044 ἐξου-

371 2064 485 2126 σίας
514 2063 937 2140 ἀγωνιζόμενος,
990 2063 1134 2119 ἀλλά
1180 2068 1310 2116 πᾶσι
1358 2068 1555 2138 μικροῦ
1586 2069 1699 2124 τοῖς
1730 2069 2019 2140 πονηροῖς,

368 2154 457 2208 καὶ
488 2153 576 2208 ἐπὶ
608 2154 805 2213 παντὸς
843 2157 1033 2228 καιροῦ
1083 2152 1173 2206 καὶ
1222 2152 1415 2225 τόπου,
1465 2152 1514 2205 ἐν
1564 2152 1809 2227 ἀγοραῖς,
1842 2152 1893 2207 ἐν
1920 2153 2019 2208 πό-

370 2264 484 2303 τοις
514 2244 649 2315 (95),
706 2242 757 2295 ἐν
813 2241 1188 2319 εὐφροσύναις,
1224 2240 1274 2295 ἐν
1309 2240 1573 2296 πένθεσιν.
1626 2239 1768 2306 "Han
1804 2239 1860 2295 δὲ
1889 2262 2020 2317 προ-

370 2330 610 2404 ἤλθομεν
641 2330 729 2384 καὶ
770 2330 933 2405 μέχρι
964 2337 1063 2398 τῆς
1098 2337 1326 2399 σκηνῆς,
1353 2331 1380 2384 ὃ
1418 2328 1615 2405 μικροῦ
1663 2330 1749 2384 καὶ
1803 2329 2018 2405 δακρύω

372 2418 546 2494 λέγων
576 2420 711 2491 (96),
745 2419 833 2472 καὶ
892 2419 1022 2490 μετὰ
1072 2422 1179 2472 τῶν
1231 2416 1631 2494 ἀσελγεστάτων
1683 2417 1973 2494 γελώμεθα
2002 2440 2016 2453 ·

369 2508 457 2563 καὶ
492 2504 644 2562 οὐδὲν
677 2506 818 2561 οὕτω
861 2508 1086 2582 τερπνὸν
1136 2512 1242 2561 τῶν
1293 2507 1648 2581 ἀκουσμάτων
1699 2508 1787 2562 καὶ
1820 2508 2019 2581 θεαμά-

368 2619 498 2665 των,
533 2598 605 2658 ὡς
642 2596 955 2673 Χριστιανὸς
987 2593 1448 2668 κωμῳδούμενος.

440 2692 541 2740 HE’
591 2690 767 2739 Ταῦτα
818 2687 931 2758 (97)
974 2686 1108 2755 ἡμῖν
1156 2686 1183 2738 6
1232 2686 1366 2760 πρὸς
1416 2682 1702 2755 ἀλλήλους
1748 2683 2013 2758 πόλεμος’

372 2780 534 2829 ταῦτα
562 2776 676 2847 (98)
726 2775 777 2827 oi
826 2771 946 2827 λίαν
999 2774 1127 2848 ὑπὲρ
1177 2777 1272 2827 τοῦ
1321 2773 1519 2848 ἀγαθοῦ
1568 2774 1655 2827 καὶ
1705 2774 1880 2848 πράου
1916 2796 2015 2847 μα-

372 2863 622 2940 χόμενοι·
672 2868 839 2917 ταῦτα
890 2863 939 2916 οἱ
990 2860 1155 2916 πλέον
1188 2864 1302 2935 (99)
1353 2863 1662 2937 ἀγαπῶντες
1700 2863 1791 2916 τὸν
1825 2864 1951 2917 Θεὸν
1979 2863 2013 2931 ἢ

374 2954 496 3007 ὅσον
531 2954 806 3030 συμφέρει·
841 2951 930 3005 καὶ
980 2950 1231 3006 παλαίειν
1281 2952 1373 3025 μὲν
1424 2951 1523 3006 οὐκ
1554 2951 1749 3021 ἔξεστιν
1780 2949 1883 3021 ἔξω
1912 2957 2017 3007 τῶν

374 3043 791 3113 νενομισμὲνων,
832 3037 944 3095 οὐδ’
992 3037 1132 3094 ἄλλο
1180 3061 1232 3092 τι
1266 3040 1633 3115 ἀγωνίζεσθαι·
1669 3041 1702 3109 ἢ
1746 3035 2017 3111 καταϐοή-

376 3149 523 3183 σεται
552 3130 629 3201 (1)
676 3127 764 3182 καὶ
811 3128 1255 3201 ἀτιμασθήσεται,
1304 3129 1392 3182 καὶ
1424 3126 1621 3182 ἀπολεῖ
1668 3130 1766 3198 τὴν
1799 3130 1955 3199 νίκην
1986 3131 2013 3183 ὁ

2131 554 2217 609 vis
2248 554 2424 609 etiam
2457 557 2650 624 rebus,
2686 571 2789 610 nec
2821 554 3138 627 quidquam
3183 554 3451 609 utilitatis
3495 555 3783 611 afferenti-

2132 643 2267 708 bus,
2286 643 2702 713 digladientur,
2722 644 3027 715 sociosque
3050 644 3211 713 mali,
3236 660 3615 715 quoscunque
3649 662 3781 715 pos-

2133 732 2253 786 sint
2284 734 2601 787 admodum
2636 733 2905 804 imperite
2938 750 3003 788 ac
3032 736 3247 788 temere
3278 732 3585 789 asciscant.
3620 738 3781 788 Post-

2131 837 2310 892 eaque
2343 822 2435 876 his
2465 822 2740 877 omnibus
2773 822 2917 877 ﬁdes
2949 823 3477 893 praatexitur,alque
3508 827 3779 877 sanctum

2131 914 2187 964 et
2217 912 2610 965 venerandum
2642 911 2750 966 hoc
2782 928 2993 966 nomen
3029 912 3269 983 privatis
3299 928 3500 967 eorum
3543 915 3781 967 conten-

2131 999 2391 1055 tionibus
2424 999 2790 1055 distrahitur.
2824 1002 2898 1054 Ac
2929 1000 3195 1072 proinde,
3228 1006 3293 1055 ut
3323 1005 3779 1057 consentaneum

2130 1092 2238 1157 est,
2269 1089 2400 1143 odio
2428 1088 2662 1159 quidem
2695 1091 2847 1161 apud
2881 1094 3084 1161 gentes
3116 1090 3481 1162 ﬂzagramus,
3507 1092 3782 1162 quodque

2130 1175 2365 1247 gravius
2394 1181 2500 1243 est,
2535 1194 2772 1232 causam
2801 1177 3021 1232 nullam
3055 1178 3258 1234 afferre
3290 1196 3623 1250 possumus,
3639 1180 3778 1249 quin

2123 1265 2257 1335 jure
2289 1282 2353 1320 ac
2386 1267 2607 1322 merito.
2644 1267 2812 1338 Apud
2846 1271 3076 1322 nostros
3108 1272 3323 1335 autem,
3347 1268 3521 1323 etiam
3554 1268 3781 1340 probio-

2132 1370 2226 1408 res
2266 1358 2322 1409 et
2353 1354 2638 1410 faci.iores
2668 1355 2912 1409 infamia
2940 1355 3294 1411 laboramus.
3330 1357 3453 1411 Non
3485 1357 3638 1412 enim
3670 1358 3778 1411 mi-

2132 1459 2286 1508 rum,
2318 1444 2368 1497 si
2398 1445 2551 1515 apud
2588 1443 3049 1512 multitudinem,
3081 1462 3207 1516 qua
3260 1446 3354 1500 vix
3392 1444 3610 1516 aliquid
3644 1446 3781 1501 boni

2132 1531 2413 1601 probarit.

2208 1619 2489 1674 LXXXIV.
2524 1622 2713 1692 Supra
2746 1621 2916 1677 dorsa
2949 1626 3146 1677 nostra
3185 1622 3470 1678 fabricant
3519 1626 3781 1695 peccato-

2134 1725 2224 1764 res
2254 1710 2295 1779 ⁷,
2331 1714 2385 1765 et
2414 1726 2539 1781 quae
2573 1709 2671 1765 alii
2702 1712 2761 1765 in
2793 1710 2941 1766 alios
2972 1712 3473 1784 excogitamus,ea
3502 1713 3784 1769 adversus

2133 1813 2338 1852 omnes
2368 1797 2619 1854 habent:
2646 1816 2709 1853 ac
2733 1799 3135 1870 spectaculum
3159 1816 3370 1857 novum
3394 1802 3526 1857 facti
3551 1818 3782 1869 sumus,

2131 1902 2246 1941 non
2280 1886 2502 1957 angelis
2533 1892 2589 1942 et
2618 1887 2957 1944 hominibus
2987 1890 3028 1960 ⁸,
3058 1895 3123 1943 ut
3152 1890 3249 1945 ille
3276 1890 3629 1946 athletarum
3665 1891 3781 1946 for-

2131 1975 2400 2031 tissimus
2432 1976 2953 2043 Paulus,adversus
2981 1979 3341 2049 principatus
3372 1984 3431 2034 et
3462 1984 3780 2051 potestates

2131 2065 2151 2098 9
2181 2069 2442 2131 certans;
2481 2065 2581 2120 sed
2631 2066 2902 2121 omnibus
2932 2069 3358 2138 propemodum
3388 2069 3695 2139 improbis,
3728 2072 3784 2123 et

2131 2154 2288 2208 omni
2321 2158 2581 2226 tempore
2611 2171 2676 2209 ac
2708 2154 2851 2221 loco,
2887 2155 2945 2209 in
2978 2156 3139 2222 foris,
3184 2156 3240 2210 in
3273 2156 3571 2222 conviviis,
3603 2157 3663 2211 in
3694 2174 3785 2213 vo-

2131 2242 2470 2313 luptalibus,
2505 2243 2563 2296 in
2595 2242 2873 2298 luctibus.
2906 2244 3036 2298 Jam
3087 2248 3283 2299 autem
3331 2244 3505 2299 etiam
3551 2246 3623 2301 ad
3656 2262 3780 2301 sce-

2131 2348 2265 2386 nam
2301 2348 2484 2402 usque
2516 2331 2859 2402 prodiimus,
2907 2334 3063 2403 quod
3096 2348 3239 2403 pene
3270 2333 3600 2406 lacrymans
3630 2335 3780 2397 dico,

2131 2426 2186 2476 et
2215 2437 2347 2476 cum
2379 2421 2867 2492 impudicissimis
2899 2421 3159 2477 ridemur
3210 2441 3222 2477 :
3275 2439 3380 2477 nec
3430 2423 3615 2478 ullum
3656 2428 3778 2479 tam

2122 2510 2455 2579 jucundum
2516 2526 2808 2579 acroama,
2872 2515 2929 2565 et
2984 2511 3384 2581 spectaculum
3443 2515 3552 2582 est,
3603 2528 3782 2584 quam

2130 2596 2496 2653 Christianus
2528 2598 2767 2653 comicis
2798 2597 3019 2653 cavillis
3052 2599 3387 2655 incessitur.

2200 2686 2301 2741 53
2339 2685 2584 2740 LXXXV.
2619 2686 2748 2741 Haec
2781 2686 2948 2741 nobis
3006 2686 3354 2742 intestinum
3385 2686 3605 2743 bellum
3640 2691 3787 2743 attu-

2134 2774 2195 2828 lit
2218 2790 2230 2829 :
2252 2774 2371 2827 haec
2402 2774 2438 2827 ii
2474 2774 2569 2845 qui
2603 2791 2706 2846 pro
2739 2776 2884 2830 bono
2912 2774 3011 2830 illo
3043 2780 3099 2830 et
3130 2781 3436 2832 mansueto
3468 2776 3781 2831 immodice

2129 2872 2426 2934 pugnant:
2453 2862 2573 2917 haec
2603 2864 2641 2917 ii
2674 2864 2774 2935 qui
2806 2869 2985 2918 Deum
3018 2864 3151 2935 plus
3184 2870 3402 2933 amant,
3429 2882 3604 2936 quam
3636 2864 3781 2919 utile

2129 2952 2224 3006 sit-
2259 2952 2324 3005 Et
2356 2952 2593 3022 quidem
2626 2959 2830 3023 praeter
2860 2970 2927 3008 ea
2956 2970 3082 3025 quae
3115 2953 3344 3025 legibus
3375 2958 3595 3009 statuta
3616 2958 3776 3019 sunt,

2128 3039 2359 3110 luctari,
2392 3039 2480 3095 vel
2522 3041 2677 3095 aliud
2711 3043 3007 3114 quoddam
3038 3044 3376 3098 certaminis
3408 3059 3594 3114 genus
3623 3043 3785 3097 obire

2128 3146 2243 3183 non
2277 3129 2410 3185 licet
2436 3148 2448 3197 ;
2484 3136 2585 3184 aut
2609 3130 2821 3200 alioqui
2854 3131 3116 3186 omnium
3138 3131 3492 3186 clamoribus
3522 3132 3784 3203 exagita-

371 3214 683 3271 ἐκπαλαίων
707 3218 801 3289 (2),
883 3214 1022 3272 ἄλλο
1044 3238 1095 3271 τι
1125 3217 1199 3290 μὴ
1229 3215 1411 3279 καλῶς
1434 3215 2012 3292 ἀγωνιζόμενος,μηδὲ

2140 3219 2303 3285 nitur,
2340 3218 2775 3291 ignominiaque
2807 3220 3184 3289 afﬁcietur,ac
3214 3222 3467 3277 victoriae
3489 3222 3783 3290 jacturam

365 3309 502 3362 κατὰ
532 3309 613 3380 (3)
657 3306 781 3367 τοὺς
824 3308 1107 3379 κειμένους
1154 3305 1314 3382 ὅρους
1364 3314 1464 3375 τῆς
1516 3307 1767 3381 ἀγωνίας,
1810 3307 1903 3361 κᾶν
1942 3310 2019 3382 (4)

365 3397 447 3451 ὅτι
480 3401 724 3471 γενναῖος
858 3396 947 3449 καὶ
999 3396 1422 3470 τεχνικώτατοςο
1477 3396 1609 3469 ὑπὲρ
1661 3402 1895 3473 Χριστοῦ
1944 3400 2019 3471 (5)

366 3483 422 3540 δὲ
479 3484 789 3559 ἀγωνιεῖταί
859 3505 942 3545 τις
1018 3484 1078 3538 οὐ
1146 3486 1280 3540 κατά
1336 3486 1615 3561 Χριστὸν,
1680 3484 1862 3539 ἔπειτα
1920 3506 2019 3561 χα-

362 3580 556 3647 ριεῖται
597 3577 674 3648 (6)
724 3576 793 3647 τῇ
847 3572 1056 3648 εἰρήνη,
1106 3574 1367 3647 πολεμῶν
1423 3575 1553 3649 ὑπὲρ
1602 3574 1770 3644 αὐτῆς
1813 3576 1888 3636 ὼς
1922 3574 2020 3629 οὐκ

364 3661 532 3735 ἔξεστι
567 3682 581 3733 ;

434 3930 525 3998 Πζ’
556 3928 653 3985 Καὶ
716 3929 767 3983 οἱ
829 3930 923 4002 μὲν
984 3925 1234 4001 δαίμονες
1288 3928 1593 4007 φρίττουσιν
1654 3928 1730 3990 εἷς
1790 3926 1867 3982 ἔτι
1925 3927 2014 3982 καί

359 4023 452 4073 νῦν
512 4020 747 4094 Χριστοῦ
796 4016 1159 4089 καλουμένου,
1208 4018 1297 4072 καὶ
1351 4016 1476 4073 οὑδὲ
1524 4018 1626 4072 ὑπὸ
1664 4020 1764 4087 τῆς
1823 4017 2012 4081 κακίας

361 4109 520 4180 ἡμῶν
555 4106 801 4178 ἐξίτηλος
855 4108 1071 4183 γέγονεν
1104 4110 1138 4176 ἡ
1169 4112 1266 4162 τοῦ
1318 4107 1584 4181 ὀνόματος
1624 4107 1818 4162 τούτου
1852 4106 2011 4161 δύνα-

2134 3308 2322 3378 faciet,
2349 3309 2447 3379 qui
2480 3324 2776 3380 perperam
2801 3308 3055 3363 luctatus
3080 3308 3379 3377 fuerit,aut
3410 3308 3566 3364 aliud
3590 3310 3774 3379 quod-

2132 3397 2266 3451 dam
2299 3397 2632 3452 certaminis
2666 3414 2851 3469 genus
2884 3415 2997 3452 non
3042 3404 3191 3455 recte
3222 3398 3450 3466 obierit,
3485 3415 3589 3453 nec
3610 3400 3782 3468 juxta

2132 3486 2479 3541 constitutas
2511 3487 2846 3542 certaminis
2880 3489 3129 3556 regulas,
3152 3486 3529 3558 quantumvis
3558 3485 3785 3557 alioqui

2130 3576 2293 3630 fortis
2317 3576 2410 3642 sit,
2436 3576 2694 3646 artisque
2715 3576 3108 3646 peritissimus
3134 3594 3144 3631 :
3166 3593 3268 3647 pro
3301 3575 3527 3631 Christo
3559 3579 3782 3641 autem,

2130 3682 2244 3719 non
2280 3670 2341 3719 ut
2369 3664 2596 3721 Christo
2627 3668 2858 3736 gratum
2892 3669 2998 3733 est,
3034 3664 3328 3737 quispiam
3361 3665 3665 3736 pugnabit,
3708 3681 3773 3720 ac

2129 3753 2342 3809 doinde
2372 3758 2603 3825 gratum
2636 3754 2763 3825 paci
2816 3753 3010 3823 faciet,
3060 3770 3163 3825 pro
3207 3771 3294 3820 ea,
3348 3771 3463 3809 non
3514 3758 3578 3808 ut
3616 3752 3772 3820 licet,

2126 3843 2342 3898 bellum
2376 3858 2578 3913 gerens
2609 3842 2636 3895 τ

2195 3931 2467 3986 LXXXVI.
2498 3933 2576 3985 Ac
2606 3931 2898 3985 daemones
2928 3930 3165 4001 quidem
3199 3931 3523 3987 etiamnum
3569 3933 3770 3986 vocato

2122 4019 2347 4076 Christo
2378 4019 3025 4086 contremiscuntg'mec
3047 4019 3119 4073 ob
3153 4024 3412 4075 nostram
3436 4018 3773 4091 improbita-

2122 4114 2237 4165 tem
2271 4108 2447 4177 hujus
2480 4107 2735 4162 nominis
2768 4107 2854 4162 vis
2892 4107 3205 4163 imminuta
3234 4114 3289 4164 et
3318 4108 3601 4164 exstincta
3632 4112 3723 4164 est
3758 4124 3770 4164 :

434 4207 582 4262 Psal.
615 4223 850 4275 CXXVIII,
879 4208 931 4262 3.
1008 4207 1027 4241 ³
1062 4209 1080 4262 Ι
1111 4211 1236 4262 Cor.
1268 4224 1343 4277 Iv,
1374 4208 1428 4261 9.
1503 4208 1526 4242 ⁰
1556 4208 1766 4279 Ephes.
1800 4224 1876 4274 v1,
1914 4207 1997 4261 12.
2077 4209 2121 4242 9"
2153 4208 2273 4262 Jac.
2308 4223 2369 4275 II,
2403 4204 2491 4259 49.

439 4305 548 4377 (89)
580 4304 738 4359 Εἶτα.
770 4303 901 4377 sill,
936 4304 995 4377 in

368 4378 775 4448 postmodum.
804 4398 833 4424 »
866 4376 933 4448 Et
963 4376 1019 4429 in
1043 4376 1184 4443 Elia,
1214 4395 1241 4428 α
1270 4380 1327 4448 et
1354 4379 1488 4447 post
1515 4377 1636 4448 haec
1667 4377 1883 4448 omnia.
1922 4398 1949 4425 ››

458 4448 547 4518 90)
578 4447 805 4518 Ὀνομα.
839 4447 1081 4515 Nomen,
1133 4471 1160 4497 «
1194 4446 1410 4514 fidei,»
1445 4446 1552 4515 vel,
1587 4452 1652 4502 ut
1679 4447 1806 4503 vult
1838 4448 2010 4515 Elias,

367 4539 397 4566 ‹‹
430 4517 762 4591 Christiani,
798 4541 826 4591 ξ)
858 4520 998 4591 dum
1039 4535 1100 4575 se
1132 4518 1380 4591 quisque
1427 4518 1783 4591 Catholicam
1807 4520 2011 4591 jactrat,

364 4588 459 4643 vel
490 4589 666 4661 etiam
702 4612 727 4661 ι(
757 4590 990 4658 Christi,
1027 4612 1053 4638 »
1109 4588 1175 4645 ut
1221 4588 1435 4645 diserte
1466 4607 1521 4644 n.
1572 4590 1661 4644 86.
1688 4590 1790 4645 Vel
1812 4588 2014 4661 potius

370 4660 766 4733 «sacerdotis,
793 4662 1004 4732 njuxta
1030 4678 1193 4716 num.
1217 4663 1305 4729 78,
1329 4661 1505 4732 idque
1532 4662 1730 4733 forsan
1763 4660 2012 4733 sequen-

368 4731 451 4787 tia
480 4731 798 4803 postulant,
821 4731 953 4787 cum
988 4733 1061 4788 iis
1084 4731 1502 4788 moderatiores
1531 4731 1705 4787 laicos
1738 4731 2012 4804 Opponat.

365 4826 394 4887 ξ(
411 4804 589 4887 ,ξειυά
622 4820 1001 4887 ΘῙᾙΟΠΠΟΙρΘΠ
1032 4805 1428 4887 ἀὶριοτᾳμθιυιι
1448 4821 1512 4884 ac
1536 4811 1886 4887 praepostere
1904 4810 2017 4887 tr‘a-

363 4874 543 4945 hitur,
578 4898 606 4924 ››
640 4874 721 4929 ait
751 4877 972 4942 Comb.,
1006 4899 1032 4926 «
1068 4874 1381 4946 dum_illud
1412 4874 1672 4946 quisque
1692 4875 1804 4931 sibi
1836 4876 2019 4931 vindi-

366 4940 768 5022 cat,_nominis
800 4940 1032 5022 probro,
1062 4940 1544 5022 καθυϐριζόμεῖιος,
1567 4940 1653 5002 ἰιι
1692 4948 1814 5019 ipse
1857 4953 2017 5021 post-

366 5018 957 5103 modum‘Gregorius
987 5018 1254 5103 espl‘i‘cat'.
1292 5042 1318 5068 ››

460 5090 551 5174 91?
581 5085 989 5174 ῖὲπρδέιοινῖο·
1029 5085 1300 5174 (ΜΡ-Ψ»
1331 5085 1733 5174 911:0st-

457 5162 547 5232 92)
581 5159 701 5213 Ἐπὶ
733 5159 847 5232 ,τῶν
872 5161 1073 5215 νώτων.
1114 5161 1285 5217 Coisl.
1323 5162 1374 5231 1,
1408 5159 1707 5215 τὸννῶτον.

438 5230 550 5304 (93)
583 5230 795 5287 Καινόν.
848 5231 1026 5304 Regg.
1076 5232 1294 5303 plures,
1325 5230 1506 5287 κοινόν
1565 5255 1585 5282 α
1624 5247 1957 5301 commune,
1994 5253 2015 5282 ι»

367 5304 521 5375 quod
552 5304 1012 5376 praefert_Comb.

442 5372 570 5447 (94)
583 5378 699 5428 Τῶν
722 5372 991 5447 ἀθλητῶν.
1016 5378 1185 5447 Deest
1214 5373 1272 5431 in
1307 5375 1445 5447 Reg.
1484 5377 1532 5447 1,.

440 5443 553 5518 (95)
584 5447 669 5501 Ἔν
719 5445 933 5508 πότοις.
999 5446 1227 5501 Habent
1302 5443 1570 5503 nonnulli
1626 5443 1840 5506 τόποις.
1913 5445 2024 5501 Sed

370 5534 568 5671 ῗΐῗὲἕ).
589 5588 842 5671 Δαωξρύωἒ
878 5588 989 5671 Alii
1021 5584 1286 5671 ξακρύων.
1307 5589 1413 5671 §ic
1444 5588 1757 5671 Apostolus
1787 5589 1857 5647 ad
1891 5588 2024 5644 Phi-

375 5657 642 5737 lippm,
668 5657 756 5739 18,
787 5659 992 5717 κλαίων
1030 5657 1200 5735 λέγω,
1236 5683 1264 5712 ‹‹
1302 5660 1448 5719 ﬂens
1478 5657 1625 5719 dico.
1662 5685 1684 5717 ι

698 5788 958 5852 ΡΑτιιοι..
1011 5788 1119 5852 GR.
1170 5786 1409 5850 XXXV.

1078 4304 1225 4360 rima
1261 4304 1352 4359 ed.
1410 4326 1437 4354 «
1489 4304 1699 4376 hisque
1746 4304 2021 4360 omnibus
2052 4308 2098 4371 D

2200 4304 2312 4374 (97)
2341 4305 2516 4354 Ταῦτα
2550 4302 2705 4375 ἡμῖν.
2738 4302 2942 4375 Comb,
2973 4303 3127 4375 Ταῦθ’
3152 4306 3310 4375 ἡμῖν.

2201 4373 2307 4445 (es)
2349 4377 2523 4445 Ταῦτα
2554 4373 2625 4427 oi.
2658 4375 2764 4429 Alii
2796 4374 2944 4445 ταῡθξ
2976 4374 3047 4429 οι.

2340 4444 2534 4499 [Ιλὲον.
2562 4446 2697 4518 Reg.
2734 4446 2854 4513 bm,
2886 4442 3099 4499 πλεῖον.

2197 4517 2374 4593 (DLH-
2406 4517 3044 4593 κ-αταοοήσεταιάιὶθεε,
3066 4534 3123 4593 g,
3146 4517 3184 4586 Ι,
3216 4522 3276 4593 et_
3302 4518 3460 4593 Colb.
3492 4537 3569 4585 In,
3600 4519 3637 4587 ἢ
3672 4521 3773 4593 γὰρ

2197 4534 2271 4587 (1)
2330 4534 2374 4572 r1
2406 4534 2822 4585 καταοοησεται.
2857 4534 3032 4590 uegg.
3057 4534 3123 4643 ἕ,
3148 4534 3184 4586 l,
3216 4534 3272 4573 et
3302 4534 3460 4574 UOID.
3492 4537 3569 4585 In,
3600 4534 3637 4587 ἡ
3672 4539 3773 4593 γαρ

2124 4582 2617 4662 καταϐλήθήσετᾳι.
2652 4590 2744 4643 Sic
2775 4591 2949 4644 etiam
2998 4592 3049 4643 vi
3096 4598 3243 4662 etur_
3263 4591 3469 4662 legisse
3500 4594 3641 4647 Gab.
3676 4593 3777 4662 qui

2124 4661 2313 4729 vertit,
2352 4685 2370 4709 σι
2426 4661 2785 4732 explodetur.
2841 4684 2867 4709 ››
2910 4662 3051 4716 Item
3099 4660 3268 4717 Coisl.
3322 4660 3370 4729 Ι,
3420 4668 3475 4717 et
3524 4660 3778 4719 Passfin

2127 4749 2313 4787 mare.

2196 4749 2672 4873 giamaiazm.
2734 4804 2934 4859 Comb.
3000 4821 3021 4850 σ
3081 4803 3181 4874 qui
3231 4803 3397 4859 aliter
3425 4802 3683 4859 luctatur
3713 4820 3779 4858 ac

2128 4876 2502 4947 gymnastica:
2534 4874 2689 4946 leges
2722 4875 3088 4946 permittunt.
3143 4898 3171 4925 »
3220 4879 3307 4929 Ita
3345 4874 3568 4940 Heins.,
3603 4873 3779 4939 Elias,

2129 4947 2465 5088 Θὶὲῗιίιίτβὲ
2496 5015 2648 5069 κατά.
2682 5017 2825 5088 Male
2860 5017 2985 5071 Par.
3020 5017 3108 5071 ed.
3145 5021 3345 5073 contra
3384 5016 3649 5074 omnium
3682 5034 3783 5073 co-

2131 5087 2325 5143 dicum
2358 5088 2552 5158 fidem,
2591 5087 2742 5158 μετά.

2204 5160 2278 5230 (4)
2312 5156 2414 5234 ῌᾶν
2446 5157 2527 5211 ὅτι
2558 5156 2817 5234 γενναῖος.
2867 5158 3046 5231 Regg.
3102 5158 3381 5231 quinque,
3431 5160 3587 5215 Colb.
3644 5176 3761 5231 qua

2132 5236 2286 5298 tuor,
2320 5230 2347 5283 6
2376 5230 2641 5303 γενναῖος.

2205 5304 2281 5373 (5)
2366 5302 2521 5377 Ὑπὲρ
2601 5304 2853 5375 Χριστοῦ.

2137 5377 2290 5442 Θεοῦ,

2207 5445 2282 5517 (6)
2331 5444 2605 5519 Χαριεῖται
2638 5443 2993 5519 λτῇψᾼείρήνῃ,
3036 5467 3083 5519 ‹‹Δ
3115 5444 3359 5519 Gratum
3415 5444 3587 5519 faciet
3635 5444 3783 5518 paci.

2136 5515 2392 5587 Hoc'est,
2417 5515 2451 5567 ἠ
2486 5516 2678 5588 inquit
2700 5515 2878 5585 Elias,
2916 5515 3088 5590 «ipsi
3118 5517 3368 5590 Christo,
3400 5518 3500 5593 qui
3546 5515 3655 5575 est
3679 5531 3792 5591 pax

2139 5593 2354 5647 nostra.

2945 5302 3121 5374 Regg.
3190 5320 3249 5373 n,
3334 5312 3388 5359 et
3450 5304 3570 5360 Jes.
3651 5300 3784 5375 ὑπὲρ

3395 5790 3471 5857 16
