4152 6286
399 371 513 436 491

1641 367 1704 428 S.
1759 366 2130 432 GBEGORII
2176 365 2574 433 THEOLOGI

3695 371 3813 441 492

400 523 506 562 nos
537 519 666 561 vero
697 519 818 558 rem
851 515 1178 572 nomenque
1230 498 1372 554 adeo
1423 501 1814 556 venerandum
1846 504 2047 556 contu-

2183 521 2276 563 ιις·
2325 503 2486 574 ἡμεῖς
2539 499 2596 556 δὲ
2640 501 2737 558 οὐκ
2783 503 3150 580 αἶσχυνόμεθα
3196 503 3259 561 τὸ
3303 508 3496 582 σεμνὸν
3543 507 3688 562 οὕτω
3716 509 3809 564 καὶ

401 595 577 650 melia
606 593 834 648 afﬁcere
857 608 971 647 non
992 605 1257 646 veremur
1277 588 1685 661 ideoque,cum
1709 595 1905 662 aperte
1928 608 2055 662 pro-

400 684 716 757 pemodum
741 698 804 737 ac
826 679 1075 752 singulis
1093 679 1301 734 diebus
1324 678 1675 735 clamantem
1695 696 1827 734 eum
1857 679 2056 734 audia-

402 790 537 829 mus
561 789 574 827 :
599 773 806 828 Nomen
825 785 1010 826 meum
1027 780 1254 840 propter
1282 785 1374 824 vos
1403 770 1555 824 inter
1583 775 1774 837 gentes
1808 770 2052 840 blasphe-

403 867 609 919 matur.
646 862 708 915 1°.

481 949 791 1008 LXXXVII.
819 953 935 1004 Nec
957 964 1088 1004 vero
1119 950 1443 1003 extremum
1475 946 1693 1002 bellum
1727 952 2056 1018 metuo,nee

407 1042 591 1099 feram
622 1039 805 1108 illam,
827 1056 953 1111 quae
985 1054 1140 1094 nunc
1162 1038 1440 1093 adversus
1470 1036 1756 1092 Ecclesiae
1787 1042 1843 1093 ct
1872 1037 2054 1108 impe-

409 1136 536 1187 tum
586 1129 740 1198 fecit,
775 1145 840 1185 ac
883 1127 1096 1184 diaboli
1149 1125 1667 1198 complementum,
1697 1125 1830 1181 licet
1861 1126 2056 1199 ignem

412 1221 682 1288 minetur,
711 1217 848 1273 licet
879 1216 1115 1289 gladios,
1134 1215 1270 1271 licet
1301 1214 1472 1283 feras,
1498 1214 1632 1270 licet
1661 1214 1982 1287 praecipitia
2002 1221 2061 1273 et

407 1309 734 1383 voragines,
758 1307 896 1362 licet
911 1305 1252 1376 omnes,qui
1286 1321 1547 1376 unquam
1580 1304 1771 1359 furore
1802 1304 2060 1377 praecipi-

406 1406 494 1456 tes
518 1397 629 1456 acti
655 1395 1043 1463 sunt,sa3vitia
1067 1399 1124 1450 et
1143 1392 1484 1450 crudelitate
1514 1397 1768 1465 superet,
1784 1393 1917 1449 licet
1933 1395 2055 1465 jam

406 1489 658 1545 inventis
689 1485 990 1558 suppliciis
1037 1483 1337 1540 acerbiora
1382 1482 1498 1537 alia
1555 1483 2053 1539 comminiscetur.

406 1579 602 1634 Unum
635 1577 911 1631 adversus
929 1573 1051 1628 haec
1075 1573 1272 1628 omnia
1301 1572 1626 1628 remedium
1658 1572 2058 1638 habeo,unum

407 1669 477 1723 ad
509 1665 807 1721 victoriam
839 1662 950 1718 iter
981 1681 994 1718 :
1028 1663 1091 1718 In
1123 1661 1334 1717 Christo
1367 1660 1655 1730 gloriabor
1687 1665 1753 1730 “,
1778 1660 2057 1717 nimirum

409 1761 472 1811 ut
503 1771 607 1829 pro
639 1753 866 1809 Christo
897 1755 1143 1807 mortem
1175 1754 1471 1823 oppetam.

478 1843 815 1901 LXXXVIII.
839 1840 1000 1904 Quod
1021 1843 1217 1940 autem
1248 1841 1556 1945 ad‘me'um
1569 1839 1796 1940 bellum
1825 1841 2052 1940 attinet,
2085 1881 2132 1945 B

411 1951 525 2008 quo
556 1949 649 1988 me
680 1935 920 1999 vertam,
947 1928 1162 2000 nescio,
1186 1929 1341 2000 quod
1360 1929 1686 1984 subsidium
1711 1930 2052 2002 excogitem,

411 2039 587 2096 quam
620 2021 939 2094 sapientem
971 2017 1316 2081 orationem,
1341 2035 1517 2090 quam
1549 2018 1950 2091 gratium,qua
1971 2037 2057 2075 ar-

415 2119 644 2168 matura
671 2110 949 2166 adversus
978 2107 1142 2179 pravi
1173 2105 1332 2162 illius
1364 2111 1526 2162 astus
1558 2109 1815 2164 instruar
1848 2107 2057 2172 “.Quis

414 2203 602 2258 Moses
635 2200 791 2255 hunc
819 2197 1103 2265 devincet,
1140 2213 1352 2251 manus
1400 2197 1459 2252 in
1493 2201 1684 2252 mente
1715 2198 2055 2265 extendens,

415 2295 477 2348 ut
505 2307 646 2348 crux
683 2288 1005 2358 eﬁ‘ormata,
1037 2289 1094 2342 et
1120 2292 1252 2342 ante
1301 2285 1576 2354 indicata,
1619 2286 1877 2358 palmam
1909 2286 2057 2342 obti-

411 2384 547 2436 neat
570 2377 661 2433 ‘3?
692 2376 833 2443 Quis
860 2379 1033 2430 Josue
1064 2378 1196 2447 post
1224 2390 1528 2446 eum,cum
1561 2375 1739 2430 divini
1770 2376 2059 2432 exercitus

408 2469 758 2540 imperatore
779 2463 956 2521 simul
987 2464 1048 2518 in
1079 2464 1263 2519 aciem
1287 2464 1561 2536 prodiens
1586 2464 1660 2518 “‘t
1683 2465 1823 2530 Quis
1853 2465 2057 2534 David,

408 2557 497 2613 vel
526 2554 784 2628 psallens
818 2554 881 2623 ιδ,
928 2551 1016 2608 vel
1066 2553 1245 2607 funda
1275 2569 1546 2625 pugnans
1579 2555 1641 2623 1⁸,
1687 2555 2059 2626 potentiaque

411 2647 483 2702 ad
506 2643 726 2700 bellum
749 2659 783 2698 a
802 2642 917 2697 Dco
940 2641 1233 2697 accinctus
1256 2641 1572 2714 digitisque
1585 2643 1655 2697 ad
1671 2643 1773 2699 54
1795 2643 2057 2715 praelium

410 2733 758 2791 exercitatus
790 2731 879 2785 ‘7‘?
909 2730 1049 2794 Quis
1082 2730 1339 2799 Samuel,
1374 2748 1476 2802 pro
1527 2731 1742 2803 populo
1774 2750 1947 2788 orans
2006 2737 2062 2788 et

413 2823 751 2881 sacrificans
783 2820 1169 2892 eumque,qui
1202 2819 1498 2874 victoriam
1524 2821 1767 2892 adipisci
1814 2827 2059 2894 poterat,

416 2915 472 2970 in
503 2928 697 2984 regem
729 2926 956 2983 ungens
989 2911 1030 2943 ¹⁸
1053 2909 1080 2963 ?
1110 2909 1254 2972 Quis
1281 2909 1558 2964 Jeremias
1583 2909 1703 2965 haec
1733 2928 1837 2982 pro
1868 2912 2063 2983 digni-

415 3008 536 3060 tate
583 2999 930 3073 deplorabit,
981 2997 1428 3055 lamentationes
1477 3016 1582 3070 pro
1631 2999 1807 3056 Israel
1855 3000 2065 3056 litteris

421 3091 710 3148 mandans
743 3090 830 3142 ‘9?

494 3179 775 3236 LXXXIX.
808 3178 948 3244 Quis
995 3176 1274 3232 clamabit
1313 3194 1326 3232 ε
1360 3178 1548 3246 Parce,
1594 3177 1839 3234 Domme.
1871 3181 2067 3250 populo

419 3274 533 3340 tuo,
561 3274 614 3325 et
642 3284 710 3324 ne
749 3267 841 3324 des
869 3266 1245 3324 hereditatem
1282 3269 1435 3320 tuam
1481 3267 1541 3320 in
1586 3268 1961 3338 opprobrium,
2008 3277 2067 3324 ut

417 3359 771 3417 dominentur
796 3359 876 3412 eis
905 3358 1150 3412 nationes
1166 3357 1211 3390 ²⁰
1230 3356 1256 3409 Ί
1286 3355 1426 3418 Quis
1459 3355 1575 3413 Noe
1605 3373 1708 3428 pro
1743 3357 1909 3412 nobis
1942 3375 2067 3414 ora-

419 3449 522 3517 bit,
553 3451 611 3505 et
637 3446 768 3516 Job,
796 3450 854 3502 et
887 3445 1104 3512 Daniel,
1138 3443 1240 3512 illi,
1272 3443 1536 3516 inquam,
1557 3445 1656 3515 qui
1689 3445 1867 3501 simul
1899 3451 2067 3502 orant

415 3556 479 3595 ac
511 3540 896 3594 numerantur
927 3536 969 3569 ²¹
1006 3552 1019 3590 :
1056 3537 1120 3588 ut
1167 3533 1385 3589 bellum
1431 3533 1597 3588 nobis
1646 3534 1884 3604 paulum
1936 3553 2067 3590 con-

415 3628 700 3700 quiescat,
725 3629 788 3680 ut
819 3624 889 3680 ad
921 3622 1188 3695 nosipsos
1218 3624 1620 3691 redeamus,ut
1638 3622 1735 3678 alii
1767 3623 1912 3679 alios
1935 3629 2064 3680 tan-

419 3719 551 3772 dem
585 3731 998 3788 agnoscamus,
1034 3719 1098 3768 ut
1127 3730 1230 3784 pro
1265 3730 1378 3768 uno
1411 3712 1642 3777 lsraele,
1667 3730 1780 3767 non
1810 3713 2064 3786 amplius

412 3807 596 3862 Judas
628 3809 686 3861 et
717 3803 895 3860 Israel
928 3802 1116 3858 simus
1149 3819 1262 3857 non
1294 3801 1546 3872 amplius
1581 3801 1839 3856 Roboam
1870 3802 2066 3858 etHie-

414 3896 671 3960 robeam,
703 3910 820 3949 non
851 3891 1106 3965 amplius
1145 3890 1506 3947 Hierusalem
1533 3896 1590 3944 et
1620 3891 1908 3959 Samaria,
1937 3909 2062 3963 quas

410 3984 668 4039 vicissim
701 3995 934 4054 propter
964 3985 1198 4054 peccata
1227 3980 1495 4036 hostibus
1525 3980 1856 4049 traduntur,
1891 3997 1956 4036 ac
1985 3983 2062 4036 vi-

413 4072 612 4128 cissim
643 4069 1071 4143 deplorentur?

483 4179 525 4213 ¹⁰
574 4177 685 4232 Isa.
741 4195 824 4244 ιιι,
871 4179 945 4244 5;
1008 4177 1172 4230 Rom.
1218 4193 1280 4243 ιι,
1325 4176 1412 4228 24.
1495 4176 1532 4210 ¹¹
1593 4175 1844 4246 Philipp.
1895 4195 1977 4242 ιιι,
2027 4179 2082 4232 3.

416 4250 457 4285 ¹⁵
486 4249 508 4305 Ι
536 4249 674 4375 Rei.
708 4266 821 4313 XVI,
857 4249 939 4300 l6.
1020 4249 1062 4282 1⁸
1095 4253 1114 4300 1
1145 4253 1280 4316 Reg.
1318 4263 1449 4300 xvn.
1487 4247 1572 4300 49.
1653 4248 1694 4281 ³⁷
1729 4244 1879 4303 Psal.
1903 4267 2062 4304 cxun

416 4324 455 4357 ²¹
491 4323 633 4375 Ezec
685 4362 696 4373 .
729 4336 844 4375 xxv.
883 4320 968 4375 14.
997 4319 1085 4371 20.

2257 4247 2299 4280 ¹⁸
2333 4248 2351 4300 1
2387 4246 2521 4317 Heg.
2559 4261 2653 4316 νιι,
2686 4244 2740 4298 5.

412 4324 455 4357 ²¹
491 4319 696 4376 Ezech.
729 4336 844 4387 xxv,
883 4320 968 4386 14,
997 4319 1085 4371 20.

480 4427 559 4498 (7)
592 4424 690 4498 Καὶ
721 4422 1097 4498 καθ’ἑκάστην
1130 4422 1372 4498 ἡμέραν..
1412 4427 1543 4479 Haec
1574 4425 1788 4480 desunt
1817 4425 1874 4480 in
1918 4426 2059 4498 Reg.
2095 4428 2138 4492 D

409 4499 446 4553 Ι.
482 4491 551 4552 Ῐιί
577 4496 736 4553 Colb.
769 4496 802 4551 3
833 4495 996 4551 deest
1024 4491 1253 4552 tantum
1283 4491 1393 4550 καί.

416 4639 429 4654 '
478 4570 556 4654 (β)
588 4567 1023 4645 Βλασφημεῖται.
1060 4571 1122 4622 In
1181 4567 1360 4640 Regg.
1422 4565 1462 4633 l,
1508 4570 1550 4634 t,
1604 4569 1939 4639 praecedunt
1993 4565 2066 4621 δι’

412 4659 754 4795 υμῷῗβηρα.
787 4711 1020 4767 Codices
1051 4726 1196 4782 pene
1244 4726 1445 4766 omnes
1493 4711 1563 4766 ad
1615 4726 1799 4782 marg.
1843 4711 2062 4767 habent

410 4807 437 4833 (ί
472 4786 797 4840 Julianum.
833 4806 862 4832 »

475 4856 588 4926 (10)
618 4856 1022 4926 Τοῦ-πονηροῦ,
1057 4853 1228 4910 Coisl.
1263 4855 1314 4919 1,
1343 4855 1439 4905 τοῦ
1472 4844 1754 4926 διαϐόλου.

475 4857 567 4914 (10
618 4858 722 4908 Τοῦ
753 4857 1022 4926 πονηροῦ,
1057 4857 1228 4910 Coisl.
1263 4857 1314 4919 1,
1343 4857 1439 4905 τοῦ
1472 4857 1754 4906 διαὸόλου.

475 4857 588 4999 (11)
621 4923 986 4997 Ὀπλίσωμαι.
1038 4927 1130 4981 Sic
1166 4927 1301 4997 Reg.
1358 4942 1403 4991 ι’,
1453 4930 1510 4978 0t
1560 4924 1681 4978 Jes.
1734 4925 1835 4978 Ed.
1892 4921 2056 4977 ὁπλί-

404 5015 590 5141 σοΐῗὲ)
644 5067 736 5129 Τίς
790 5071 995 5138 νικήσει
1050 5070 1239 5121 τοῦτον
1307 5068 1560 5141 Μωυσῆς.
1611 5065 1740 5141 Bas.
1809 5065 1896 5141 ed.
1965 5065 2056 5128 Τίς

405 5136 613 5208 νικήσει
666 5145 859 5194 τοῦτον
886 5136 908 5206 ;“
933 5145 1189 5206 Μωυσῆς,
1223 5141 1384 5208 etc._«
1436 5138 1576 5202 Quis
1624 5136 1813 5191 vincet
1843 5137 2000 5193 hunc
2030 5141 2057 5194 ?

401 5205 650 5286 Moyses,
683 5235 709 5263 ››
744 5221 852 5286 βω.
885 5205 1025 5286 lieg.
1059 5228 1109 5286 a_.
1148 5211 1246 5286 hu,
1287 5205 1378 5267 Τίς
1427 5208 1635 5275 νικήσει
1665 5211 1872 5286 ⁵τουτον
1920 5215 2056 5262 Μω-

403 5279 520 5352 σῆςῖ
555 5279 755 5341 Ceteri
788 5279 998 5340 melius
1033 5283 1101 5336 ad
1135 5284 1535 5352 “nemusque
1559 5279 1776 5352 oeriodi
1808 5281 2055 5336 interro-

398 5349 652 5428 gationis
707 5360 903 5412 notam
964 5350 1431 5428 di1[e_runt._Non
1474 5349 1809 5428 disciplicet
1843 5358 2054 5428 tamen

399 5421 603 5484 Comb.
645 5428 692 5483 si
743 5427 963 5499 legatur
996 5444 1007 5480 :
1044 5423 1140 5484 Τίς
1163 5421 1378 5499 νικήσει
1407 5424 1598 5499 τοῦτον
1627 5421 1652 5491 ;ί
1684 5445 1709 5472 ‹‹
1747 5424 2053 5499 Qu_is_eu_m

398 5493 922 5570 vincet?_Moy§es,
956 5521 981 5548 ››
1020 5500 1127 5553 etc.
1162 5494 1296 5570 Ruf.
1331 5509 1442 5548 non
1479 5493 1648 5570 male,
1675 5517 1702 5544 «
1737 5495 1870 5567 quis
1903 5496 2057 5570 bella

398 5572 512 5623 ista
541 5563 826 5637 cohibeat,
863 5593 890 5618 ››
909 5563 1178 5626 referens
1205 5568 1395 5620 τοῦτον
1429 5565 1499 5620 ad
1532 5563 1800 5638 πόλεμον,
1833 5585 1945 5624 non
1981 5569 2051 5624 ad

403 5638 978 5810 ποᾷηόῧόνέφενδόναις.
1030 5712 1169 5786 Reg.
1218 5727 1267 5782 z,
1319 5707 1509 5784 prima
1557 5725 1734 5766 manu
1775 5707 2052 5796 σφενδόνῃ.

2163 594 2391 666 πρᾶγμα
2419 589 2507 645 καὶ
2540 586 2710 666 ὄνομα
2755 588 3189 670 καθυϐρίζοντες’
3236 595 3325 650 καὶ
3377 595 3609 670 μονονοὺ
3654 617 3813 675 φανε-

2165 683 2273 754 ρῶς
2322 679 2486 734 αὐτοῦ
2538 682 2777 753 βοῶντος
2823 681 3106 746 ἀκούοντες
3155 684 3243 739 καὶ
3290 687 3408 750 καθ’
3456 686 3685 756 ἑκάστην
3737 689 3813 760 (7)

2165 769 2405 845 ἡμέραν⁹
2465 771 2533 823 Τὸ
2582 770 2684 847 γὰρ
2744 767 2918 845 ὄνομά
2976 795 3080 848 μου
3141 772 3549 851 βλασφημεῖται
3609 778 3687 848 (8)
3741 773 3811 830 δι’

2168 857 2305 931 ὑμᾶς
2340 857 2390 911 έν
2421 864 2537 920 τοῖς
2570 857 2764 918 ἔθνεσι.

2239 948 2335 1000 11Ζ¹
2367 946 2462 1000 Καὶ
2493 949 2584 1003 τὸν
2636 949 2728 1022 μὲν
2779 944 2969 1020 ἔξωθεν
3019 951 3079 1005 οὐ
3114 949 3331 1007 δέδοικα
3378 950 3650 1026 πόλεμον,
3684 950 3810 1008 οὐδὲ

2165 1032 2256 1089 τὸν
2304 1040 2393 1089 νῦν
2445 1035 2808 1093 ἐπαναστάντα
2859 1045 2998 1115 θῆρα
3047 1043 3123 1113 (9)
3170 1046 3288 1104 ταῖς
3339 1041 3678 1113 ἐκκλησίαις,
3723 1044 3811 1097 καὶ

2164 1129 2260 1178 τοῦ
2292 1131 2537 1199 πονηροῦ
2566 1127 2627 1180 τὸ
2657 1125 2959 1204 πλήρωμα,
3009 1130 3104 1184 κᾶν
3152 1135 3258 1207 πῦρ
3308 1131 3534 1206 ἀπειλῇ,
3586 1130 3682 1187 κᾶν
3734 1132 3810 1202 ξί-

2169 1236 2264 1290 φη,
2321 1214 2415 1268 κᾶν
2464 1217 2652 1290 Θῆρας,
2713 1215 2807 1271 κᾶν
2868 1219 3170 1293 κρημνοὺς,
3228 1219 3322 1274 κᾶν
3389 1221 3661 1297 βάραθρα,
3718 1221 3813 1276 κᾶν

2167 1305 2381 1357 πάντων
2428 1307 2645 1380 γένηται
2693 1311 2798 1360 τῶν
2852 1307 3072 1363 πώποτε
3125 1313 3397 1382 μανέντων
3447 1310 3811 1387 ἀπανθρωπό-

2165 1414 2344 1462 τατος,
2390 1393 2485 1447 κᾶν
2527 1400 2644 1456 ταῖς
2695 1395 2879 1456 οὔσαις
2934 1397 3225 1472 τιμωρίαις
3270 1399 3600 1474 προσεξεύρῃ
3642 1399 3811 1477 χαλε-

2167 1483 2431 1558 πωτέρας.
2465 1485 2556 1538 Ἓν
2605 1481 2717 1558 ἔχω
2764 1485 2899 1560 πρὸς
2949 1485 3121 1541 πάντα
3169 1489 3476 1565 φάρμακον,
3532 1489 3656 1562 μίαν
3688 1487 3813 1544 ὁδὸν

2168 1571 2242 1634 εἰς
2274 1571 2449 1642 νίκην⁶
2484 1573 2568 1627 Ἐν
2601 1574 2816 1649 Χριστῷ
2835 1577 3210 1650 καυχήσομαι,
3251 1577 3343 1631 τὸν
3391 1578 3522 1654 ὑπὲρ
3578 1580 3815 1654 Χριστοῦ

2169 1659 2417 1718 θάνατον.

2237 1840 2345 1893 Illl'
2376 1839 2518 1913 Πρὸς
2552 1836 2609 1894 δὲ
2636 1840 2728 1895 τὸν
2782 1839 2913 1915 ἐμὸν
2954 1839 3200 1915 πόλεμον
3244 1843 3342 1898 οὐκ
3390 1840 3504 1920 ἔχω
3532 1843 3616 1907 τίς
3645 1846 3814 1921 γένω-

2169 1951 2294 2001 μαι,
2342 1928 2458 1982 τίνα
2507 1930 2822 2005 συμμαχίαν
2874 1930 3090 2007 ἐξεύρω,
3141 1932 3255 1986 τίνα
3307 1931 3469 2009 λόγον
3521 1934 3732 2011 σοφίας,
3762 1933 3816 1989 τί

2166 2020 2432 2094 χάρισμα,
2484 2018 2615 2090 ποίᾳ
2655 2016 2927 2091 πανοπλίᾳ
2975 2022 3111 2096 πρὸς
3155 2022 3250 2083 τὰς
3282 2026 3378 2076 τοῦ
3422 2023 3669 2098 πὸνηροῦ
3701 2026 3816 2096 (10)

2171 2104 2446 2180 μεθοδείας
2491 2105 2790 2180 ὁπλίσομαι
2847 2111 2977 2182 (11).
3037 2109 3128 2172 Τίς
3185 2111 3397 2180 νικήσει
3454 2113 3568 2183 (42)
3623 2116 3814 2166 τοῦτον

2168 2203 2401 2264 Μωυσῆς
2435 2196 2669 2258 ἐκτείνας
2700 2199 2795 2259 τὰς
2828 2203 3017 2274 χεῖρας
3050 2197 3138 2253 ἐπὶ
3166 2203 3264 2253 τοῦ
3286 2194 3470 2272 ὅρους,
3497 2198 3570 2254 τίν’
3600 2201 3627 2254 ὁ
3661 2221 3817 2256 σταυ-

2169 2286 2258 2360 ρὸς
2294 2285 2489 2360 ἰσχύσῃ
2517 2285 2852 2358 τυπούμενος
2899 2286 2988 2340 καὶ
3039 2283 3496 2361 προμηνυόμενος
3530 2309 3544 2358 ἓ
3578 2289 3666 2350 Τίς
3707 2291 3815 2359 Ἰη⁹

2170 2379 2293 2437 σοῧς
2329 2376 2462 2447 μετὰ
2490 2379 2704 2443 τοῦτον,
2749 2371 2829 2446 τῷ
2879 2375 3299 2452 ἀρχιστρατήγῳ
3345 2381 3454 2432 τῶν
3509 2377 3667 2441 θείων
3711 2399 3818 2432 πα-

2170 2463 2434 2540 ρατάξεων
2485 2464 3068 2538 συμπαραταττόμενος
3106 2483 3118 2532 ;
3153 2465 3241 2526 Τίς
3274 2460 3462 2536 Δαϐὶδ,
3495 2465 3530 2534 ἥ
3565 2466 3817 2540 ψάλλων,

2230 2550 2488 2624 πολεμῶν
2523 2552 2572 2604 ἐν
2604 2548 2912 2629 σφενδόναις
2944 2555 3077 2627 (13),
3109 2553 3197 2608 καὶ
3232 2552 3332 2608 ὑπὸ
3361 2559 3458 2609 τοῦ
3498 2561 3631 2611 Θεοῦ
3662 2576 3819 2632 περι-

2170 2641 2472 2713 ιζωσμένος
2503 2639 2728 2713 δύναμιν
2759 2640 2832 2702 εἷς
2874 2639 3142 2714 πόλεμον,
3188 2643 3277 2696 καὶ
3306 2641 3432 2705 τοὺς
3473 2645 3586 2717 (14)
3619 2642 3814 2700 δακτύ-

2172 2730 2301 2791 λους
2331 2729 2405 2791 εἷς
2436 2729 2727 2804 παράταξιν
2772 2730 3183 2804 γυμναζόμενος
3220 2751 3232 2801 ;
3264 2731 3355 2794 Τίς
3407 2732 3695 2805 Σαμουὴλ,
3723 2735 3815 2788 καὶ

2170 2819 2610 2896 προσευχόμενος
2658 2821 2772 2892 (15)
2816 2824 2910 2873 τοῦ
2961 2819 3095 2874 λαοῦ
3141 2821 3235 2874 καῖ’
3275 2821 3646 2896 προθυόμενος
3677 2824 3814 2894 (16),

2172 2908 2261 2962 καὶ
2293 2908 2466 2982 χρίων
2501 2907 2574 2969 εἰς
2612 2906 2838 2982 βασιλέα
2889 2909 2975 2962 τὸν
3013 2913 3159 2979 νικᾷν
3193 2907 3480 2982 δυνάμενον
3516 2908 3642 2977 ;Τίς
3677 2910 3810 2984 θρη-

2173 2999 2325 3067 νήσει
2374 3001 2541 3052 ταῦτα
2588 2998 2722 3071 πρὸς
2768 2996 2913 3070 ἀξίαν
2975 2999 3258 3074 Ἱερεμίας,
3318 3001 3547 3073 θρήνους
3595 2999 3814 3075 γράφων

2177 3087 2309 3162 ὑπὲρ
2338 3091 2434 3140 τοῦ
2469 3083 2687 3160 Ἰσραήλ
2715 3105 2728 3154 ;

2250 3177 2352 3230 ΠΘ¹
2384 3174 2475 3237 Τίς
2529 3175 2785 3250 βοήσεται
2838 3177 2974 3248 (ᾁ7),
3027 3181 3238 3248 Φεῖσαι,
3292 3176 3494 3251 Κύριε,
3540 3181 3638 3230 τοῦ
3687 3173 3825 3251 λαοῦ

2179 3285 2294 3335 σου,
2353 3265 2442 3319 καὶ
2507 3265 2583 3337 μή
2645 3261 2753 3335 δῷς
2810 3265 2909 3332 τήν
2962 3263 3334 3340 κληρονομίαν
3397 3287 3492 3320 σου
3550 3266 3627 3328 εἷς
3684 3250 3824 3320 ὄνει-

2179 3352 2292 3424 δος,
2323 3358 2421 3407 τοῦ
2474 3352 2726 3428 κατάρξαι
2776 3352 2948 3407 αὐτῶν
2995 3357 3106 3427 (18)
3151 3353 3274 3425 ἔθνη
3310 3375 3324 3424 ;
3354 3355 3446 3417 Τίς
3495 3356 3618 3431 περί
3666 3357 3827 3428 ἡμῶν

2177 3440 2521 3518 προσεύξεται
2569 3442 2713 3509 Νῶε,
2764 3439 2852 3493 καὶ
2903 3435 3046 3510 Ἰὼϐ,
3105 3441 3194 3494 καὶ
3245 3440 3486 3510 Δανιὴλ,
3533 3443 3585 3495 οἱ
3638 3463 3822 3496 συνευ-

2174 3531 2405 3608 χόμενοι
2437 3530 2524 3584 καὶ
2555 3529 3062 3606 συναριθμούμενοι,
3092 3526 3183 3583 ’ίνα
3221 3531 3432 3603 κοπάσῃ
3468 3531 3657 3604 μικρὸν
3690 3532 3827 3603 ἡμῖν

2176 3622 2203 3674 ὁ
2259 3618 2542 3692 πόλεμος,
2582 3616 2674 3672 ⁰ίνα
2719 3619 2997 3693 γενώμεθα
3044 3621 3204 3691 ἡμῶν
3248 3618 3423 3673 αὐτῶν
3461 3663 3474 3689 ,
3518 3618 3592 3673 ¹ίν’
3642 3617 3823 3689 ἀλλή-

2177 3709 2304 3771 λους
2364 3711 2476 3782 (19)
2523 3708 2655 3761 ποτὲ
2707 3706 3088 3782 γνωρίσωμεν,
3133 3705 3220 3762 ’ίνα
3277 3709 3474 3781 μηκέτι
3504 3710 3650 3782 ὦμεν
3710 3709 3824 3763 ἀνθ’

2174 3799 2286 3860 eve;
2333 3801 2430 3852 τοῦ
2480 3797 2700 3870 Ἰσραὴλ
2753 3798 2866 3869 (20)
2915 3793 3120 3857 Ἰούδας
3170 3795 3259 3850 καὶ
3317 3795 3573 3871 Ἰσραὴλ,
3626 3796 3824 3869 μηκέτι

2170 3883 2408 3960 ιΡοϐοᾶιμ
2454 3886 2541 3940 καὶ
2585 3879 2889 3960 Ἱεροϐοάμ,
2943 3884 3135 3957 μηκέτι
3179 3884 3541 3962 Ἰερουσαλὴμ
3587 3886 3676 3941 καὶ
3720 3893 3828 3942 Σα-

2177 3978 2394 4053 μάρεια,
2427 3975 2480 4029 αἱ
2514 3973 2565 4029 έν
2603 3972 2752 4049 μέρει
2785 3974 2895 4046 (21)
2945 3971 3033 4027 διὰ
3078 3976 3170 4036 τὰς
3217 3975 3482 4052 ἁμαρτίας
3527 3973 3830 4052 παραδιδό-

2177 4087 2353 4140 μεναι,
2380 4066 2471 4119 καὶ
2503 4063 2553 4118 έν
2591 4063 2741 4138 μέρει
2773 4062 3137 4138 θρηνούμεναι
3175 4082 3188 4132 ;

2183 4178 2225 4211 ¹²
2275 4173 2476 4244 Ephes.
2509 4189 2585 4237 vr,
2629 4173 2713 4245 11.
2795 4173 2838 4206 ¹³
2869 4171 3055 4245 Exod.
3088 4189 3222 4241 xvn,
3257 4173 3342 4228 11.
3421 4173 3464 4208 ¹⁴
3491 4172 3614 4228 Jos.
3646 4190 3700 4245 v,
3735 4175 3828 4232 14.

2840 4244 2883 4278 ¹⁹
2915 4244 3128 4300 Thren.
3162 4261 3269 4299 x-v.
3363 4245 3407 4279 ²⁰
3447 4245 3571 4301 Joel
3628 4261 3691 4318 ιι,
3737 4247 3825 4328 17..

2243 4423 2363 4512 (14)
2420 4419 2517 4475 Καὶ
2573 4418 2721 4482 τούς.
2796 4422 2889 4477 Sic
2942 4422 3190 4478 codices.
3262 4421 3408 4479 Male
3465 4422 3525 4477 in
3587 4423 3714 4478 Par.
3794 4423 3828 4490 ἢ

2171 4515 2321 4556 τους.

2245 4565 2356 4640 (15)
2386 4560 2860 4640 Προσευχόμενος.
2903 4563 3081 4640 Regg.
3132 4565 3254 4631 bm,
3305 4581 3361 4632 x,
3393 4565 3538 4632 Jes.,
3571 4564 3732 4620 Colb.
3765 4566 3827 4635 h,

2177 4655 2254 4694 m.
2289 4635 2378 4694 ed.
2413 4635 2544 4710 Bas,
2577 4635 2690 4710 etc.
2713 4635 3147 4710 προευχόμενος.

2245 4710 2359 4779 (16)
2390 4705 2784 4782 Προθυόμενος.
2825 4705 3026 4782 Quini),
3060 4707 3230 4782 legit,
3261 4706 3731 4782 προθυμούμενος,
3767 4712 3826 4762 et

2166 4783 2360 4862 vertit,
2395 4779 2624 4862 {eique
2653 4779 2912 4862 (populo)
2943 4779 3219 4862 studens.
3243 4802 3272 4829 ››

2400 4845 2991 4962 ξδὲίήιᾶεἷῗιᾲῃξὲιᾮίξὶῐ
3049 4851 3192 4906 Gab.
3243 4851 3572 4907 addendum
3624 4845 3820 4918 Ἰωήλ.

2174 4946 2194 4973 ι
2230 4921 2368 4978 Quis
2396 4921 2524 4977 Joel
2554 4921 2880 4977 clamabit?
2913 4943 2941 4973 »

2238 4996 2350 5061 (18)
2382 4991 2586 5048 Αὐτῶν.
2621 4991 2917 5060 Nonnulli,
2949 4992 3135 5061 αὐτῆς.

2237 5061 2347 5137 (19)
2378 5065 2471 5118 "lv’
2501 5061 2807 5138 ἀλλήλους.
2855 5066 2988 5138 Reg.
3025 5084 3076 5136 a,
3112 5071 3156 5132 t,
3187 5083 3243 5132 x,
3296 5065 3457 5121 Pass.
3506 5065 3578 5120 ad
3632 5080 3822 5135 marg.

2165 5134 2268 5193 Edi.
2305 5139 2434 5193 Bas.
2461 5136 2549 5189 καὶ
2582 5134 2887 5205 ἀλλήλους.

2236 5211 2348 5281 (20)
2381 5205 2821 5288 ’1σραήλ.“Α(1(111
2849 5208 3026 5288 editio
3060 5209 3184 5263 Par.
3217 5205 3327 5274 xui,
3389 5207 3544 5277 quod
3574 5223 3825 5288 expun-

2165 5280 2358 5336 ximus
2390 5296 2595 5335 novem
2627 5280 2804 5350 Regg.
2858 5280 3218 5349 aliorumque
3258 5295 3402 5334 mss.
3455 5280 3823 5350 auctoritate.

2163 5357 2341 5432 ξέοι-[ιο
2388 5350 2518 5432 guis
2565 5349 2642 5430 sit
2684 5348 2895 5432 horum
2945 5348 3250 5432 verborum
3297 5367 3528 5418 sensus,
3569 5366 3639 5432 ex
3688 5348 3821 5432 aliis

2165 5421 2423 5494 Gregorii
2472 5421 2617 5494 locis
2665 5421 2968 5476 discimus.
3016 5423 3174 5477 Orat.
3227 5438 3305 5489 v1,
3354 5437 3518 5477 num.
3572 5423 3626 5491 7,
3670 5425 3817 5476 orat.

2165 5492 2343 5558 xxxii,
2377 5509 2539 5547 num.
2572 5492 2624 5544 4.

2238 5567 2349 5637 (21)
2419 5564 2502 5637 Ἑν
2581 5559 2754 5636 μέρει.
2818 5565 3029 5637 ίΟοιιὼ.
3074 5587 3101 5615 ‹‹
3171 5579 3273 5636 per
3335 5563 3510 5637 vices.
3551 5584 3581 5613 «
3625 5579 3822 5637 Asepa:

2166 5633 2360 5709 ratim.
2395 5661 2416 5709 ε
2459 5633 2660 5709 Nonne
2689 5636 2924 5703 rectius,
2958 5659 2985 5686 «
3021 5633 3250 5709 partiin.
3290 5657 3326 5709 3;
3360 5635 3499 5691 Vult
3542 5633 3736 5704 enim,
3759 5633 3825 5689 ni

2165 5707 2351 5780 fallor,
2385 5707 2698 5781 Gregorius
2730 5724 2843 5764 non
2868 5707 3092 5780 omnes,
3122 5708 3222 5764 sed
3254 5707 3506 5782 aliquos,
3529 5712 3586 5763 et
3614 5721 3822 5766 eorum
