4152 6286
383 446 500 505 493

1511 446 1804 510 ORATIO
1857 446 1932 506 Il.
1969 477 2045 490 —-
2073 443 2639 506 APOLOGETICA.

3683 447 3802 506 494

449 579 515 656 ῑί.
553 579 694 651 Ἐγὼ
748 578 841 649 μὲν
893 578 992 652 γὰρ
1043 576 1410 650 ἀσθενέστερος
1460 581 1593 632 εἶναι
1641 583 1738 632 105
1782 577 2031 650 πολέμου

2220 583 2325 633 XC.
2361 580 2586 634 Etenim
2644 595 2748 650 ego
2804 578 2939 633 huic
2991 577 3141 633 bello
3201 579 3488 650 imparem
3547 593 3640 634 me
3670 594 3800 635 esse

378 666 574 721 τούτου
608 665 898 741 ὁμολογῶ,
933 667 1022 720 καὶ
1059 665 1146 720 διὰ
1184 671 1344 720 τοῦτο
1393 663 1571 720 ἔδωκα
1614 667 1680 720 τὰ
1725 671 1869 721 νῶτα
1901 667 2037 740 (22),

381 755 630 829 καλύψας
661 758 774 828 (23)
803 757 866 810 τὸ
914 755 1206 829 πρόσωπον
1261 756 1312 809 ἐν
1365 760 1564 828 τροπῇ,
1596 757 1684 810 καὶ
1733 757 2040 828 καταμόνας

381 847 726 916 καθεσθῆναι,
788 846 869 897 ὅτι
943 844 1159 918 πικρίας
1218 843 1571 914 ἐνεπλήσθην,
1634 845 1873 915 ἐζήτησα
1948 845 2037 898 καὶ

383 941 678 1003 σιωπῆσαι,
729 935 919 986 συνιὼν
972 936 1106 1004 (24),
1163 933 1244 986 ὅτι
1280 935 1306 986 ὁ
1352 935 1538 1008 καιρὸς
1584 934 1823 1008 πονηρός
1873 934 2033 988 ἐστιν·

384 1023 463 1076 ὅτι
527 1021 884 1076 ἀπελάκτισαν
930 1023 981 1074 οἱ
1032 1022 1405 1095 ἠγαπημένοι,
1441 1022 1523 1076 ὅτι
1582 1025 1870 1097 γεγόναμεν
1929 1022 2035 1076 υἱοί

384 1111 766 1188 ἀφεστηκότες,
797 1114 830 1178 ἡ
867 1111 1113 1183 ἄμπελος
1164 1113 1197 1178 ἡ
1251 1110 1689 1184 εὖκληματοῦσα,
1723 1115 1756 1179 ἡ
1790 1110 2036 1182 ἄμπελος

400 1205 435 1270 ἡ
497 1199 754 1270 ἀληθινὴ,
805 1206 946 1253 πᾶσα
1000 1199 1368 1276 καρποφόρος,
1405 1200 1580 1274 ὡραία
1635 1206 1798 1269 πᾶσα,
1858 1200 2038 1262 καλῶς

391 1296 511 1350 ταῖς
582 1288 794 1364 σταγόσι
871 1295 988 1348 ταῖς
1067 1289 1263 1342 ἄνωθεν
1345 1288 1707 1343 ἀνατέλλουσα
1765 1293 1896 1362 (25)⁶
1955 1291 2036 1344 ὅτι

389 1377 620 1454 ἐστράφη
654 1381 765 1448 (26)
799 1379 874 1439 εἰς
906 1376 1126 1448 ἀτιμίαν
1183 1377 1304 1449 ἐμοὶ
1356 1380 1417 1432 τὸ
1465 1375 1710 1448 διάδημα
1757 1383 1852 1431 τοῦ
1899 1378 2038 1433 κάλ-

386 1465 517 1527 λους
548 1471 680 1540 (Z7),
720 1468 782 1520 τὸ
839 1467 1262 1543 ἀποσφράγισμα
1309 1471 1404 1534 τῆς
1449 1467 1584 1538 ἐμῆς
1635 1465 1814 1537 δόξης,
1867 1469 1894 1519 ὁ
1938 1474 2036 1536 τῆς

382 1558 705 1630 καυχήσεως
739 1557 1015 1632 στέφανος·
1061 1555 1104 1608 εἰ
1139 1553 1193 1608 δέ
1237 1576 1316 1616 τις
1360 1555 1495 1629 πρὸς
1540 1561 1707 1610 ταῦτα
1753 1556 2038 1630 τολμηρὸς

381 1646 469 1698 καὶ
517 1651 781 1719 γενναῖος,
819 1645 1083 1718 μακάριος
1141 1645 1302 1705 οὗτος
1361 1644 1483 1717 ἐμοὶ
1531 1650 1627 1698 105
1671 1645 1901 1720 θάρσους
1949 1647 2036 1699 καὶ

385 1739 485 1800 τῆς
511 1732 912 1807 γενναιότητος.

458 1821 572 1897 ιβ’.
612 1821 712 1876 Καὶ
742 1817 892 1873 οὔπω
927 1819 1068 1894 λέγω
1099 1821 1189 1874 τὸν
1225 1817 1373 1874 ἔνδον
1407 1821 1520 1892 (28)
1553 1822 1641 1874 καὶ
1677 1821 1726 1875 ἐν
1761 1824 1896 1893 ἡμῖν
1943 1821 2036 1875 αὖ·

382 1915 521 1980 τοῖς,
552 1910 642 1964 τὸν
676 1908 728 1964 ἐν
755 1916 871 1970 τοῖς
907 1910 1093 1972 πάθεσι
1128 1908 1395 1981 πόλεμον,
1431 1910 1487 1962 ὃν
1522 1908 1914 1983 πολεμούμεθα
1944 1933 2034 1965 νυ-

383 2000 508 2060 κτὸς
549 1999 636 2051 καὶ
688 1999 896 2070 ἡμέρας
933 1999 1033 2051 ὑπὸ
1063 2003 1158 2051 105
1196 2005 1293 2066 τῆς
1325 1999 1700 2060 ταπεινώσεως
1753 2001 2030 2071 σώματος,

380 2088 447 2141 τὰ
497 2088 589 2157 μὲν
641 2082 906 2161 κρύϐδην,
957 2087 1022 2140 τὰ
1071 2085 1128 2140 δὲ
1177 2092 1440 2161 φανερῶς⁹
1491 2087 1578 2140 καὶ
1637 2094 1734 2155 τῆς
1786 2089 1896 2141 ἀνω
1945 2088 2032 2142 καὶ

383 2175 529 2230 κάτω
561 2177 930 2247 κυμαινούσης
990 2179 1136 2247 ἡμᾶς
1183 2176 1270 2229 καὶ
1323 2172 1680 2251 προδούσης,
1716 2174 1804 2229 δια
1852 2199 1909 2230 τε
1949 2177 2032 2230 αἷ-

384 2267 625 2334 σθήσεως
659 2269 770 2336 (29)
802 2266 890 2318 καὶ
922 2270 1025 2318 τῶν
1063 2263 1247 2317 αλλων
1278 2269 1518 2338 τερπνῶν
1553 2270 1647 2317 105
1686 2266 1803 2338 βίου
1835 2267 2029 2319 τούτου

379 2361 676 2430 περιφορᾶς
707 2358 839 2425 (30),
874 2357 967 2405 τοῦ
1012 2373 1068 2405 τε
1116 2352 1296 2420 πηλοῦ
1337 2359 1434 2420 τῆς
1487 2352 1662 2422 ἰλύος,
1698 2355 1741 2424 ᾧ
1791 2353 2031 2424 ἐμπεπη-

379 2455 577 2516 γμεθα,
610 2443 697 2496 καὶ
755 2447 852 2494 105
910 2441 1078 2513 νόμου
1129 2449 1226 2509 τῆς
1258 2441 1521 2515 ἁμαρτίας
1556 2442 2032 2516 ἀντιστρατευομέ-

376 2552 469 2584 νου
499 2537 577 2602 τῷ
610 2531 767 2603 νόμῳ
796 2534 892 2584 105
936 2530 1261 2601 πνεύματος,
1296 2529 1383 2583 καῖ
1437 2528 1763 2606 διαφθείρειν
1817 2531 2026 2606 ἐπιχει-

379 2625 596 2695 ροῦντος
628 2622 739 2690 (31)
770 2621 868 2687 τὴν
915 2618 1200 2692 βασιλικὴν
1245 2618 1295 2672 ἐν
1343 2621 1476 2689 ἡμῖν
1532 2620 1731 2686 εἰκόνα,
1765 2621 1853 2674 καὶ
1905 2621 2027 2674 ὅσον

379 2712 475 2776 τῆς
522 2709 664 2769 θεῖας
715 2711 827 2780 (32)
858 2708 1152 2783 ἀπορροίας
1202 2711 1334 2781 ἡμῖν
1377 2703 1910 2782 συγκαταϐἐϐληταισ
1952 2711 2027 2772 ὡς

382 2795 538 2868 μόλις
579 2797 638 2850 ἄν
686 2819 769 2857 τις
815 2797 997 2850 ἑαυτὸν
1105 2802 1282 2871 μακρᾷ
1333 2795 1629 2874 φιλοσοφίᾳ
1679 2796 2028 2872 παιδαγωγή-

381 2907 491 2952 σας,
524 2887 609 2940 καὶ
642 2884 991 2960 ἀπορῥηγνῦς
1022 2887 1156 2940 κατᾶ
1201 2887 1390 2960 μικρὸν
1438 2887 1497 2939 τὸ
1548 2890 1646 2954 τῆς
1697 2891 1881 2961 ψυχῆς
1916 2891 2028 2961 (33)

383 2975 585 3048 εὐγενὲς
654 2975 742 3027 καὶ
797 2971 1088 3051 φωτοειδὲς
1146 2979 1242 3027 105
1294 2980 1547 3028 ταπεινοῦ
1613 2975 1700 3028 καὶ
1765 2981 1841 3047 τῷ
1910 2976 2030 3030 σκό-

383 3082 463 3114 τει
514 3065 625 3132 (31)
673 3063 1110 3137 συνεζευγμένου,
1144 3063 1177 3131 ἢ
1221 3069 1354 3117 Θεοῦ
1421 3066 1603 3138 τυχὼν
1647 3063 1807 3130 (ίλεω,
1858 3068 1890 3132 ἢ
1938 3065 2026 3119 καὶ

390 3149 558 3226 ἄμφω
603 3155 786 3218 ταῦτα,
826 3153 908 3205 καὶ
974 3153 1205 3225 μελέτην
1258 3152 1338 3207 ὅτι
1403 3151 1637 3224 μάλιστα
1699 3154 2026 3225 ποιούμενος

383 3239 489 3293 ἅνω
545 3238 761 3314 βλέπειν
813 3248 912 3308 τῆς
965 3242 1326 3310 κατασπώσης
1377 3241 1514 3312 ὕλης
1573 3245 1686 3314 (35)
1736 3242 2027 3316 ἐπικρατή-

2148 669 2350 734 fateor,
2386 686 2450 723 ac
2505 673 2809 740 propterea
2863 673 3028 739 terga
3083 668 3236 740 dedi,
3297 669 3642 740 obtectoque
3685 686 3800 740 prae

2148 759 2368 827 pudore
2400 758 2560 812 vultu
2598 775 2688 812 me
2742 758 2799 812 in
2847 758 3046 829 fugam
3098 759 3378 827 converti,
3412 763 3469 813 et
3502 758 3798 812 solitarius

2148 848 2346 902 sedere
2369 848 2432 916 ³³,
2467 847 2606 917 quia
2637 846 3028 902 amaritudine
3061 846 3342 918 impletus
3375 865 3506 902 sum
3540 849 3606 914 ’3,
3629 864 3693 902 ac
3719 847 3799 902 si-

2147 935 2264 989 lere
2295 936 2555 1005 quaesivi,
2588 941 2821 1006 tempus
2874 935 3095 989 malum
3147 951 3275 990 esse
3323 952 3678 1008 cognoscens
3710 938 3796 994 2‘:

2148 1024 2426 1094 quoniam
2461 1023 2836 1078 calcitrarunt
2865 1024 3057 1079 dilecti
3087 1025 3149 1091 2⁵,
3179 1026 3456 1097 quoniam
3481 1026 3584 1079 filii
3608 1026 3802 1081 deser-

2147 1116 2301 1166 tores
2335 1113 2466 1166 facti
2502 1130 2708 1167 sumus
2758 1114 2821 1178 ’6,
2873 1130 2995 1174 nos.
3041 1114 3310 1184 inquam,
3341 1116 3508 1170 vinea
3535 1115 3636 1171 illa
3667 1115 3799 1186 pul-

2147 1200 2303 1255 chris
2362 1201 2702 1271 palmitibus
2760 1203 3000 1272 praedita
3059 1204 3123 1267 2",
3184 1202 3346 1258 vinea
3386 1220 3521 1259 vera
3552 1205 3617 1273 ²⁸,
3677 1207 3800 1259 tota

2150 1290 2468 1359 fructifera,
2503 1294 2622 1345 tota
2653 1291 2916 1362 speciosa
2967 1292 3030 1354 ’9,
3086 1296 3140 1345 et
3189 1295 3461 1362 supernis
3506 1293 3798 1348 imbribus

2150 1376 2385 1447 pulchre
2420 1377 2683 1432 exoriens
2714 1377 2794 1429 θοι
2833 1377 3111 1447 quoniam
3145 1378 3200 1432 iu
3236 1379 3617 1450 ignominiam
3652 1380 3798 1434 mihi

2147 1481 2492 1520 conversum
2525 1471 2611 1520 est
2643 1466 2911 1521 diadema
2942 1467 3166 1521 decoris
3187 1468 3256 1533 δι,
3279 1467 3647 1539 signaculum
3673 1467 3799 1540 glo—

2149 1554 2246 1609 riae
2280 1571 2418 1608 meae
2451 1556 2514 1623 3’,
2550 1554 2912 1625 gloriationis
2945 1571 3156 1609 corona
3186 1557 3249 1608 ³³.
3284 1558 3445 1618 Quod
3479 1558 3526 1611 si
3559 1557 3692 1627 quis
3723 1557 3795 1610 ad

2149 1642 2268 1696 haec
2300 1644 2490 1697 audax
2520 1648 2574 1697 et
2604 1644 2770 1697 fortis
2817 1649 2925 1710 est,
2979 1645 3131 1698 hunc
3170 1661 3275 1715 ego
3327 1648 3698 1716 praefidentiae
3733 1666 3797 1704 ac

2149 1730 2509 1785 fortitudinis
2543 1733 2778 1786 nomine
2810 1732 3045 1786 beatum
3076 1749 3203 1787 esse
3235 1749 3462 1789 censeo.

2223 1818 2356 1872 XCI.
2390 1818 2660 1872 Nondum
2693 1820 2763 1872 de
2802 1819 3029 1872 interno
3083 1819 3251 1889 bello,
3304 1827 3478 1892 atque
3510 1823 3568 1876 in
3602 1823 3799 1880 nobis-

2148 1906 2292 1975 ipsis
2326 1914 2381 1960 et
2411 1906 2467 1959 in
2500 1906 2804 1962 affectibus
2837 1908 2966 1974 sito,
3000 1909 3175 1962 verba
3207 1910 3374 1975 facio,
3406 1927 3518 1980 quo
3543 1918 3711 1968 nocte
3732 1929 3797 1967 ac

2147 1994 2258 2060 die,
2293 1997 2504 2065 partim
2545 1997 2770 2050 occulte
2821 1996 3031 2066 partim
3077 2003 3273 2066 aperte
3324 1999 3395 2052 ab
3445 2000 3797 2056 humilitatis

2143 2085 2441 2153 corpore“
2471 2086 2810 2138 divexamur
2841 2102 2853 2151 ;
2885 2090 2940 2138 et
2971 2085 3042 2138 ab
3065 2102 3130 2138 ea
3163 2102 3284 2154 quae
3310 2103 3414 2141 nos
3437 2103 3538 2156 per
3561 2105 3795 2154 sensus,

2142 2177 2316 2242 atque
2347 2172 2460 2227 alia
2499 2171 2677 2242 hujus
2709 2172 2834 2226 vitae
2885 2173 3329 2242 oblectamenta,
3365 2192 3600 2230 sursum
3633 2176 3800 2231 deor-

2142 2277 2390 2330 sumque
2439 2268 2645 2327 versat,
2703 2261 3041 2330 jactatione,
3099 2267 3269 2331 atque
3302 2280 3334 2318 a
3370 2264 3486 2318 luto
3538 2265 3693 2320 faecis
3725 2267 3790 2337 ³⁵,

2142 2346 2232 2401 cui
2287 2347 2444 2399 infixi
2479 2364 2686 2401 sumus
2717 2347 2780 2410 ³6,
2815 2351 2870 2400 et
2901 2365 2934 2401 a
2964 2350 3181 2418 peccati
3232 2348 3354 2419 lege
3408 2349 3650 2420 spiritus
3683 2350 3794 2422 legi

2141 2441 2502 2507 repugnante
2533 2437 2594 2503 ³⁷,
2659 2437 2995 2507 regiamque
3055 2437 3114 2490 in
3170 2438 3339 2492 nobis
3371 2439 3707 2510 imaginem,
3741 2446 3797 2495 et

2142 2525 2428 2594 quidquid
2462 2525 2667 2577 divinae
2702 2524 3050 2578 defluxionis
3098 2526 3265 2580 nobis
3318 2527 3652 2598 inspersum
3683 2537 3788 2596 est,

2140 2632 2512 2684 corrumpere
2543 2621 2808 2669 conante.
2843 2617 2938 2671 55
2978 2616 3082 2669 Vix
3111 2633 3281 2687 porro
3316 2619 3654 2688 quisquam,
3687 2636 3790 2674 nec

2140 2707 2252 2760 nisi
2287 2706 2567 2760 diuturna
2598 2706 2968 2777 philosophia
3001 2707 3261 2777 seipsum
3285 2710 3595 2774 domuerit,
3616 2717 3792 2782 atque

2138 2798 2345 2850 animae
2379 2796 2741 2852 nobilitatem
2767 2801 2821 2851 et
2843 2797 3164 2852 claritatem
3190 2800 3259 2851 ab
3287 2816 3351 2853 eo
3385 2802 3538 2869 quod
3571 2801 3792 2856 humile

2139 2894 2227 2943 est
2251 2894 2306 2942 et
2337 2905 2469 2942 cum
2515 2889 2770 2942 tenebris
2820 2890 3222 2957 coniunctum,
3282 2891 3560 2962 paulatim
3613 2893 3787 2947 abru-

2140 2979 2306 3048 perit,
2340 2977 2426 3030 vel
2490 2978 2666 3030 Deum
2731 2977 3047 3046 prepitium
3108 2985 3312 3033 nactus
3355 2981 3448 3047 sit,
3484 2987 3584 3035 aut
3614 2982 3788 3036 etiam

2139 3065 2309 3118 ambo
2336 3064 2455 3117 haec
2481 3064 2769 3130 habuerit,
2793 3070 2964 3134 atque
2988 3066 3057 3119 ad
3084 3067 3280 3121 oculos
3304 3084 3539 3123 sursum
3562 3069 3790 3140 erigen-

2139 3154 2244 3208 dos
2275 3168 2448 3222 quam
2483 3151 2731 3206 maxime
2789 3168 2914 3207 sese
2974 3154 3313 3224 exercuerit,
3363 3157 3789 3228 deprimentem

2140 3243 2441 3295 materiam
2479 3257 2753 3311 superare
2785 3246 2976 3310 queat.
3019 3243 3182 3297 Prius
3213 3248 3406 3299 autem
3457 3263 3628 3314 quam
3663 3263 3790 3302 eam

382 3350 508 3384 σειε.
545 3328 676 3399 Πρίν
735 3326 789 3383 δὲ
833 3331 1032 3400 ταύτην
1069 3331 1356 3405 ὑπερσχεῖν
1391 3330 1487 3399 ὅση
1537 3329 1762 3403 δύναμις
1792 3332 1879 3385 καὶ
1914 3331 2030 3386 ἀνα-

2156 3348 2244 3402 pro
2298 3329 2448 3383 virili
2509 3347 2616 3384 sua
2671 3331 2966 3401 quispiam
3027 3333 3333 3403 superarit,
3396 3341 3790 3406 mentemque,

375 3421 601 3491 καθᾶραι
661 3420 852 3480 ἱκανῶς
883 3421 978 3486 τὴν
1032 3417 1291 3491 διάνοιαν,
1347 3421 1475 3494 ὑπὲρ
1522 3441 1579 3474 τε
1635 3420 1760 3482 τοὺς
1821 3419 2025 3482 ἄλλους

392 3511 580 3582 μακρῴ
635 3509 874 3583 γενέσθαι
933 3512 1001 3581 τῇ
1060 3511 1193 3583 πρὸς
1249 3509 1376 3564 Θεὸν
1418 3509 1693 3584 ἐγγύτητι,
1747 3511 1781 3579 ἢ
1842 3513 2034 3584 ψυχῶν

377 3597 706 3671 προστασίαν
761 3595 1001 3666 δέξασθαι
1036 3602 1168 3669 (36),
1213 3600 1246 3666 ἢ
1313 3599 1577 3670 μεσιτείαν
1630 3605 1762 3653 Θεοῦ
1807 3601 1893 3652 καὶ
1950 3601 2034 3654 ἀν-

383 3686 612 3760 Θρώπων
647 3688 829 3758 (10510
861 3686 960 3760 γὰρ
995 3684 1122 3747 ἴσως
1155 3687 1181 3740 ὁ
1213 3686 1430 3760 ἱερεὺς),
1465 3686 1563 3741 οὐκ
1611 3687 1846 3763 ἀσφαλὲς
1900 3689 2028 3740 εἶναι

382 3775 651 3849 γινώσκω.

453 3863 563 3939 ἔπΒἈ
601 3863 695 3916 Καὶ
748 3862 867 3924 ὅθεν
913 3863 988 3924 εἰς
1034 3868 1192 3918 10510
1241 3865 1494 3939 ὑπήχθην
1530 3866 1591 3919 τὸ
1625 3862 1745 3926 δέος
1771 3883 1782 3932 ;
1812 3863 1901 3918 ’ἕνα
1955 3867 2027 3937 μή

389 3973 455 4026 με
501 3956 597 4005 105
647 3954 758 4024 (37)
791 3950 1005 4013 δέοντος
1056 3950 1361 4029 δειλότερον
1413 3950 1856 4026 ὑπολαμϐάνητε,
1892 3953 2032 4008 ἀλλὰ

2138 3425 2420 3491 quantum
2456 3424 2547 3473 sat
2593 3420 2687 3487 sit,
2735 3422 3083 3490 repurgarit,
3119 3422 3402 3492 longeque
3437 3441 3617 3494 supra
3647 3425 3792 3479 alios

2145 3510 2214 3563 ad
2246 3509 2426 3563 Deum
2463 3508 2964 3579 appropinquant,
2999 3511 3329 3565 animarum
3365 3529 3564 3567 curam
3597 3519 3651 3567 et
3679 3513 3791 3567 im-

2146 3599 2371 3669 perium
2423 3598 2739 3667 suscipere,
2793 3615 2856 3652 ac
2909 3600 3284 3654 mediatorem
3334 3602 3485 3656 inter
3525 3603 3706 3657 Deum
3737 3609 3793 3659 et

2145 3687 2410 3742 homines
2444 3703 2612 3757 agere
2664 3687 2794 3756 (hoc
2848 3688 3005 3741 enim
3065 3689 3309 3744 fortasse
3358 3693 3629 3746 sacerdos
3682 3696 3790 3762 est)

2144 3775 2384 3830 minime
2404 3780 2597 3828 tutum
2626 3791 2750 3828 esse
2777 3790 3002 3829 censeo.

2215 3865 2374 3918 XCll.
2405 3864 2559 3918 Unde
2583 3868 2773 3916 autem
2800 3864 2857 3916 in
2882 3865 3034 3918 hunc
3067 3870 3286 3919 metum
3317 3866 3590 3922 inductus
3615 3874 3794 3924 sum?

2143 3971 2214 4007 ne
2249 3967 2338 4006 me
2370 3949 2724 4004 timidiorem
2758 3968 2933 4020 quam
2966 3969 3069 4022 par
3126 3953 3220 4018 sit,
3280 3954 3649 4021 existimetis,
3685 3958 3786 4011 sed

452 4055 736 4109 2‘Thren.
772 4072 857 4124 ιιι,
902 4056 990 4108 28.
1050 4057 1094 4090 ’3
1143 4056 1356 4110 'l‘hren.
1423 4074 1460 4121 ι,
1519 4059 1608 4110 20.
1672 4058 1717 4090 2‘
1749 4057 1921 4110 Mich.
1983 4074 2043 4125 ιι,
2102 4056 2154 4110 3.
2217 4054 2259 4086 ²⁵
2298 4054 2456 4125 [)eut.
2520 4053 2818 4125 xxxn,__15.
2851 4052 2926 4125 -εδ
2984 4052 3197 4107 Jerem.
3235 4070 3316 4117 ιιι,
3349 4056 3436 4109 14.
3493 4057 3535 4089 ²⁷
3568 4057 3697 4112 Ose.
3731 4075 3787 4125 x,

384 4129 434 4180 1.
471 4127 516 4160 ²⁸
544 4126 758 4182 Jerem.
795 4122 855 4193 II,
885 4128 973 4180 21.
1011 4129 1056 4162 9°
1084 4128 1296 4183 Jerem.
1330 4146 1408 4192 ιιι,
1471 4130 1553 4182 16.
1618 4129 1661 4162 ³ο
1721 4130 1873 4183 Psal.
1918 4122 2034 4183 um"

2158 4129 2226 4199 Or;
2290 4123 2429 4199 (ξειιὶ
2495 4122 2889 4199 ain/11,319.?1
2939 4124 3069 4199 (_)_se.
3133 4142 3207 4199 1_v,
3266 4128 3341 4192 7;
3404 4127 3538 4199 Sap.
3593 4146 3644 4192 ν,
3702 4122 3788 4185 17.

383 4200 428 4232 ³³
463 4199 483 4252 Ι
514 4202 636 4254 Cor.
699 4215 772 4266 ix,
831 4200 884 4253 2.

380 4286 484 4333 vu,
515 4270 603 4323 23.

383 4370 609 4440 partem
644 4365 985 4440 tradendam
1021 4367 1583 4440 deplorandamque,
1618 4374 1718 4424 aut
1749 4387 1888 4424 sane
1919 4372 2033 4423 tra-

387 4438 609 4502 ditam;
645 4439 860 4508 quippe
884 4438 981 4509 qui
1015 4456 1176 4495 num.
1205 4441 1273 4493 83
1295 4439 1438 4494 dixit
1463 4438 1482 4495 ἶ
1510 4464 1533 4489 α
1563 4441 1874 4496 nonnullos
1908 4445 2033 4495 tan-

389 4514 515 4562 tum
550 4510 628 4562 ita
657 4509 890 4564 affectos
922 4527 1065 4564 esse.
1107 4533 1132 4558 ››

466 4580 574 4653 (22)
606 4578 678 4630 Τὰ
705 4584 865 4653 νῶτα.
905 4582 1075 4636 Abest
1104 4582 1169 4634 τά
1201 4600 1232 4636 a
1265 4582 1555 4653 pluribus.

467 4651 579 4720 (23)
640 4647 910 4724 Καλύψας.
973 4677 999 4702 ‹‹
1060 4647 1340 4724 Operiens
1425 4655 1763 4710 confusione
1832 4655 2032 4709 faciem

395 4738 609 4777 meam.
646 4747 665 4774 ι
702 4723 854 4777 Psal.
890 4742 1080 4791 vam,
1111 4723 1166 4779 8.

464 4793 837 4869 (24)1ξυνιῴν.
872 4796 1042 4851 Deest
1072 4798 1128 4851 in
1184 4796 1320 4867 Reg.
1373 4814 1424 4851 a.
1482 4798 1542 4850 In
1590 4796 1719 4852 aliis
1753 4797 2044 4869 plerisque

395 4864 894 4921 circumflectitur.

467 4937 574 5004 ('35)
632 4935 1050 4991 ’Δνατὲλλουσα.

400 5006 544 5061 Oliv.
587 5029 610 5060 ιι
642 5009 1031 5064 efflorescens.
1071 5033 1096 5057 »

470 5079 584 5166 (ξὸ)
627 5079 924 5156 Ἐστράφη.
987 5081 1070 5136 Ita
1129 5099 1271 5137 mss.
1332 5097 1554 5137 omnes.
1627 5084 1685 5137 In
1760 5083 1850 5139 ed.
1920 5080 2050 5135 εἰσε-

399 5170 631 5224 στραφη.

469 5179 478 5186 ’
504 5179 631 5206 ἉΨΓ.

468 5179 717 5293 Τ2Ῠ)¹Τοῦ
751 5219 1012 5296 κάλλους.
1073 5224 1456 5296 Ιιαριθιιίειυθ
1506 5225 1774 5296 codices,_
1800 5227 2052 5296 exceptis

1127 4961 1156 4989 «
1217 4938 1539 5007 Pullulans,
1598 4941 1954 5011 germinans.
2018 4962 2045 4989 ››

946 4200 990 4233 ³³
1051 4200 1072 4254 Ι
1129 4199 1331 4254 Thess.
1391 4216 1452 4268 ιι,
1517 4201 1600 4254 19.
1650 4201 1694 4232 3‘
1734 4200 1981 4271 Philipp.

2159 4198 2248 4251 21.
2307 4196 2350 4228 ³⁵
2397 4194 2545 4248 Psal.
2597 4211 2784 4256 XXXIX,
2835 4195 2886 4247 3.
2942 4196 2984 4228 ³⁸
3032 4196 3185 4250 Psal.
3235 4213 3430 4268 vam,
3463 4194 3514 4254 3.
3550 4202 3590 4233 '3“
3622 4201 3789 4256 Rom.

2224 4366 2232 4380 Ι

2219 4365 2328 4435 (31)
2388 4363 2830 4435 Ἐπιχειροῦντος
2914 4365 3048 4435 Reg.
3129 4383 3184 4433 y,
3277 4368 3331 4421 in

2151 4440 2398 4506 ειοῦντος.

2219 4510 2326 4574 (32)
2358 4509 2461 4572 Τῆς
2492 4502 2784 4578 Beia:.Sic
2811 4523 3014 4560 omnes
3046 4523 3190 4578 pene
3222 4509 3468 4566 codices.
3507 4515 3589 4569 Ita
3619 4517 3793 4573 etiam

2152 4581 2241 4634 ed.
2279 4585 2404 4632 Bas.
2441 4583 2494 4631 et
2523 4577 2720 4631 Comb.
2757 4578 2927 4632 Deest
2956 4577 3056 4645 τῆς
3082 4580 3139 4634 in
3175 4584 3302 4634 Par.
3339 4584 3427 4637 ed.

2223 4652 2336 4726 (33)
2364 4648 2430 4726 Ίῖὸ
2478 4654 2578 4726 τῆς
2628 4651 2832 4726 ψυχῆς.
2890 4651 2992 4726 Ιιθ.
3025 4652 3180 4726 Regii
3234 4659 3290 4726 et
3335 4655 3493 4709 Colb.
3543 4659 3790 4726 codices,

2152 4721 2532 4800 paucissimis
2548 4721 2826 4800 exceptis,
2849 4739 2941 4800 _0r.
2977 4721 3188 4800 1,
3225 4724 3316 4778 Sic
3347 4726 3569 4800 '1‘illem.
3602 4721 3794 4800 legen;

2155 4797 2292 4848 dum
2327 4793 2582 4863 conjicit,
2616 4798 2671 4845 et
2704 4794 2902 4847 Comb.
2967 4795 3174 4861 reddit,
3225 4816 3249 4845 (ι
3281 4797 3486 4850 animae
3540 4793 3794 4856 nobilem

2159 4870 2377 4937 partem
2415 4883 2478 4920 ac
2510 4864 2761 4918 lucidam
2799 4865 3146 4936 paulatim,»
3185 4871 3290 4921 etc.
3325 4869 3500 4922 Abest
3526 4869 3635 4925 16a
3667 4873 3793 4928 Par.

2157 4939 2247 4992 ed.

2369 5011 2453 5085 Τῇ)
2486 5005 2682 5060 σκότει.
2719 5009 2779 5062 In
2814 5007 3168 5078 quibusdam
3218 5010 3380 5064 deest
3408 5008 3504 5081 τῷ.
3549 5013 3610 5068 In
3645 5014 3796 5085 aliis,

2158 5083 2273 5148 τοῦ,
2308 5079 2539 5150 legitur.

2234 5148 2586 5226 (35)"1115.
2645 5155 2956 5226 Terrenum
2987 5156 3075 5226 _et
3109 5168 3392 5226 crassum
3440 5171 3650 5226 corpus
3694 5163 3798 5213 est.

2162 5222 2332 5276 Juvat
2366 5221 2456 5275 hic
2489 5224 2894 5296 0bservare,ab
2921 5223 3082 5278 initio
3107 5223 3283 5293 hujus
3317 5221 3564 5296 numeri,
3591 5230 3660 5283 ad
3686 5230 3804 5284 haec

3419 4386 3540 4438 ora,
3617 4370 3800 4426 ἐπιθυ-

402 5293 633 5366 duobus
691 5295 888 5366 Regiis
922 5303 974 5348 et
1011 5312 1121 5350 uno
1155 5293 1312 5350 Gelb.
1348 5295 1474 5350 Par.
1509 5298 1598 5351 ed.
1632 5293 1726 5348 105
1761 5293 1894 5366 ἐμοῦ
1924 5293 2054 5349 κάλ-

402 5293 633 5350 duobus
691 5295 888 5366 Regiis
922 5303 974 5348 et
1011 5312 1121 5350 uno
1155 5293 1312 5350 Gelb.
1348 5295 1474 5350 Par.
1509 5298 1598 5351 ed.
1632 5293 1726 5348 105
1761 5293 1894 5366 ἐμοῦ
1924 5293 2054 5349 κάλ-
2165 5309 2372 5364 usque,
2407 5297 2602 5348 omnia
2644 5293 3057 5365 Augustinum,
3107 5310 3174 5348 ex
3223 5297 3411 5350 Rufini
3462 5293 3806 5371 interpreta—

402 5361 555 5416 λους.
2167 5365 2340 5416 tione.
2374 5364 2627 5416 intexere
2675 5365 2771 5416 lib.
2819 5374 3004 5416 contra
3052 5368 3257 5416 Julian.
3307 5384 3432 5416 ean.
3481 5371 3527 5416 3,
3569 5389 3624 5416 n_
3659 5375 3692 5416 7
3749 5390 3782 5416 n

423 5385 555 5425 .ους.

2167 5365 2341 5444 εἰριιο,
2374 5364 2627 5444 intexere
2675 5364 2771 5420 lib.
2819 5374 3004 5444 caetra
3052 5368 3257 5444 Julian.
3307 5384 3432 5439 cap.
3481 5371 3534 5444 3,
3569 5364 3711 5438 ιιῖ7,
3749 5390 3804 5444 p.

474 5438 583 5508 (28)
643 5432 855 5492 Ἔνδον,
920 5437 1079 5509 Regii
1169 5454 1226 5503 ιι,
1287 5454 1355 5504 x;
1417 5455 1497 5492 or.
1592 5441 1638 5507 1,
1695 5439 1854 5495 Pass.
1917 5435 2056 5492 ἔνδο-
2163 5438 2504 5514 530eti)31_.
2546 5437 3169 5514 [teruniquelil).i“01‘).
3204 5432 3808 5514 i1n13.,_'n.69,p.911;

404 5507 582 5585 Begu;
1009 5507 1079 5585 ζ
1282 5578 1294 5585 _
1401 5584 1404 5585 ν
1537 5584 1541 5585 ν
1631 5583 1646 5585 _
1761 5583 1772 5585 _
2170 5525 2235 5564 ac
2265 5509 2462 5585 tertio,
2490 5508 2527 5561 1.
2565 5526 2638 5573 Vl,
2676 5527 2730 5562 n.
2781 5511 2862 5576 ιιι,
2907 5526 2962 5580 p.
3019 5507 3172 5585 1310,
3224 5507 3319 5566 ubi
3347 5507 3694 5585 Gregorihm
3723 5507 3813 5572 big

481 5580 590 5652 (29)
638 5579 978 5648 Δίσθήσεως,
1049 5580 1224 5651 Regg.
1282 5578 1321 5646 Ι,
1391 5584 1433 5646 t,
1496 5584 1552 5635 et
1617 5583 1814 5637 Comb.
1868 5581 2022 5650 αἶσθή

2174 5597 2206 5635 a
2239 5579 2629 5654 seilaudatum
2664 5578 3083 5636 commemorat
3109 5578 3496 5654 Augustinus".

409 5651 578 5706 aewv.
727 5721 738 5738 ’
1511 5723 1522 5738 ‘

2173 5727 2205 5738 ﬂ
2240 5652 2350 5738 (3(5)
2385 5651 2948 5738 aéguglqzi.nouatuor
2997 5651 3229 5726 Regg,
3249 5655 3408 5713 Colb.
3444 5675 3526 5730 m,
3557 5660 3728 5718 Coisl.
3764 5661 3812 5738 1,

2169 5720 2364 5779 Comi).
2402 5720 2765 5793 ἀναδέξασθαι.

475 5721 845 5798 (30)-Τορτου
898 5726 1216 5798 περιφορᾶς.
1267 5723 1325 5778 In
1377 5723 1548 5780 Coisl.
1608 5726 1658 5792 1,
1710 5730 1766 5782 et
1823 5727 1880 5782 in
1943 5743 2059 5783 uno

2243 5796 2352 5870 (37)
2383 5797 2469 5869 Μή
2509 5815 2574 5869 με
2601 5796 2698 5852 τοὸ
2733 5796 2871 5869 Reg.
2908 5812 3032 5865 un.,
3071 5797 3210 5871 μήτε
3239 5802 3353 5859 τοῦ.

400 5794 582 5871 Regio
615 5795 847 5870 legitur,
881 5794 977 5849 καῖ
1000 5794 1108 5865 τῆς
1129 5794 1276 5848 κάτω
1316 5800 1635 5874 περιφορᾶς.
