4152 6286
376 403 495 467 495

1618 403 1680 463 S.
1732 400 2104 464 GHEGOBII
2149 396 2546 464 THEOLOGI

3668 399 3788 463 496

376 536 688 594 consilium
723 535 918 609 potius
950 549 1144 592 meum
1179 539 1236 590 et
1262 535 1637 608 prudentiam
1673 551 2023 608 magnOpere

2161 531 2222 588 ιαῖ
2284 529 2492 612 σφόδρα
2549 533 2803 603 ἑπαινῆτε
3061 535 3164 601 τῆς
3242 531 3586 608 προμηθείας

375 625 653 700 probetis.
687 625 874 680 Audio
905 626 1141 697 quidem
1168 641 1233 678 ex
1256 625 1381 698 ipso
1405 630 1578 693 Mose,
1615 643 1730 698 quo
1760 629 2023 698 tempore

375 721 526 771 Deus
555 714 667 787 ipsi
694 714 928 770 oracula
950 715 1175 786 edebat,
1200 716 1354 786 quod
1379 732 1510 771 cum
1536 714 1736 787 plures
1758 717 1828 771 ad
1857 732 2020 771 mon-

373 810 490 862 tem
523 804 688 861 acciti
725 803 994 873 fuissent,
1045 804 1196 860 inter
1245 821 1392 876 quos
1438 810 1630 860 Aaron
1670 805 1844 860 etiam
1879 809 2024 874 erat,

374 894 601 952 duobus
634 893 790 964 filiis,
825 894 1014 966 iisque
1045 894 1469 962 sacerdotibus,
1497 894 1835 961 comitatus,
1857 897 1914 949 et
1943 910 2027 950 se-

373 983 684 1057 ptuaginta
704 983 964 1039 seniores
985 987 1226 1038 senatus
1245 983 1310 1051 33,
1336 984 1523 1039 caeteri
1554 984 1790 1055 quidem
1823 1000 2027 1039 omnes

376 1089 406 1129 e
438 1071 758 1145 longinquo
790 1072 1031 1128 adorare
1055 1072 1210 1143 jussi
1240 1077 1397 1142 sunt,
1422 1073 1614 1128 Moses
1637 1078 1833 1129 autem
1867 1073 2027 1128 solus

379 1158 886 1232 appropinquavit,
922 1157 1088 1231 plebs
1144 1175 1276 1215 vero
1336 1159 1509 1214 simul
1571 1177 1685 1215 non
1727 1161 2023 1217 ascendit:

378 1254 660 1321 tanquam
691 1247 960 1304 videlicet
990 1264 1106 1303 non
1138 1248 1400 1304 omnium
1433 1253 1588 1304 esset
1615 1249 1684 1304 ad
1718 1249 1900 1306 Deum
1935 1266 2030 1320 ap-

381 1338 797 1411 propinquare,
830 1337 930 1392 sed
955 1353 1157 1393 eorum
1183 1337 1488 1406 duntaxat,
1512 1337 1612 1408 qui
1637 1339 1742 1394 Dei
1758 1337 2028 1410 gloriam,

382 1427 561 1484 Mosis
593 1426 798 1494 instar,
830 1441 1034 1496 capere
1067 1431 1318 1498 possent.
1347 1429 1535 1496 Atque
1555 1426 1732 1482 etiam
1755 1431 1889 1482 ante
1910 1426 2031 1481 haec

384 1532 518 1570 cum
551 1514 808 1588 primum
840 1513 932 1569 lex
961 1513 1384 1584 ferretur,alios
1416 1514 1651 1586 quidem
1681 1516 2034 1581 buccinae,et

380 1605 638 1675 iulgura,
671 1608 726 1658 et
755 1603 1034 1671 tonitrua,
1067 1607 1123 1658 et
1150 1602 1338 1675 caligo
1371 1620 1436 1658 ac
1468 1621 1636 1659 mons
1668 1609 1830 1660 totus
1873 1606 2032 1659 fumo

387 1694 800 1763 circumfusus,
832 1696 888 1747 et
933 1691 1233 1747 horrenda:
1265 1692 1440 1746 minae
1470 1694 1537 1762 3°,
1570 1693 1744 1748 etiam
1777 1695 1828 1748 si
1859 1695 2035 1749 bestia

386 1791 628 1838 montem
655 1782 918 1852 tetigerit,
953 1781 1225 1853 lapidibus
1255 1784 1593 1853 apprimetur
1623 1783 1687 1851 ‘0,
1722 1785 1896 1853 atque
1935 1781 2033 1837 alii

393 1870 734 1942 hujusmodi
758 1874 1006 1926 terrores
1028 1870 1289 1926 inferiori
1315 1870 1437 1927 loco
1461 1872 1767 1937 sistebant,
1785 1872 2040 1926 abunde-

395 1921 734 1942 --τμη-η-
764 1921 864 1926 η--
884 1921 930 1925 __
951 1921 1003 1925 η
1186 1921 1289 1925 η--
1315 1921 1433 1927 --η
1462 1921 1767 1937 -__--_--_-,
1787 1921 2011 1926 αππ-

395 1977 508 2032 que
541 1959 803 2032 amplum
834 1959 979 2032 ipsis
999 1963 1124 2014 erat
1143 1959 1230 2014 vel
1256 1959 1440 2016 solam
1467 1961 1564 2017 Dei
1586 1977 1785 2017 vocem
1814 1961 2037 2033 audire,
2070 1921 2118 1986 B

393 2051 573 2121 idque
603 2065 735 2104 cum
771 2048 1034 2120 apprime
1074 2047 1299 2120 seipsos
1347 2049 1797 2122 purificassent:
1852 2051 2042 2107 Moses

391 2142 584 2193 autem
618 2144 672 2193 et
701 2138 986 2205 ascendit,
1019 2142 1076 2193 et
1109 2139 1324 2193 nubem
1357 2139 1774 2211 ingreditur“,
1798 2143 1854 2195 et
1883 2139 2041 2213 leges

388 2242 454 2282 ac
474 2225 706 2282 tabulas
728 2225 938 2297 accipit
961 2243 972 2280 :
999 2226 1170 2298 vulgo
1193 2227 1450 2298 quidem,
1475 2227 1680 2283 litteras
1710 2247 1721 2297 ;
1749 2229 1820 2284 iis
1843 2231 2039 2284 autem

390 2315 490 2387 qui
521 2331 701 2387 supra
729 2313 940 2387 vulgus
970 2320 1308 2387 assurgunt,
1343 2317 1586 2388 spiritus
1613 2318 1680 2372 ⁴².

458 2405 646 2460 XCIII.
681 2403 866 2460 Audio
897 2404 1038 2459 item
1071 2405 1140 2460 de
1169 2405 1370 2461 Nadab
1393 2411 1451 2461 et
1471 2406 1684 2474 Abiud,
1717 2407 1872 2480 quod
1905 2422 2039 2462 cum

395 2493 587 2549 solum
611 2492 798 2549 alieno
822 2493 954 2564 igne
977 2493 1147 2548 thura
1174 2493 1581 2559 adolevissent,
1599 2495 1787 2550 alieno
1809 2512 2040 2568 quoque

393 2584 528 2655 igne
560 2583 848 2654 assumpti
881 2582 1092 2638 fuerint
1121 2584 1187 2649 ⁸³,
1221 2599 1322 2656 per
1352 2585 1408 2638 id
1443 2584 1744 2655 nimirum,
1779 2603 1892 2656 quo
1930 2587 2037 2641 im-

400 2673 563 2744 pium
595 2673 821 2728 facinus
852 2673 953 2729 56
985 2676 1407 2744 perpetrarent,
1441 2675 1652 2746 puniti,
1681 2680 1855 2747 atque
1886 2675 2040 2730 idem

395 2761 552 2817 exitii
609 2763 762 2833 quod
805 2766 862 2818 et
902 2762 1241 2834 impietatis,
1275 2767 1508 2834 tempus
1541 2780 1604 2818 ac
1637 2763 1828 2818 locum
1863 2765 2036 2821 nacti.

393 2855 473 2907 Ac
503 2867 575 2908 ne
602 2856 766 2924 pater
790 2851 1028 2924 quidem
1075 2854 1284 2922 Aaron,
1320 2853 1416 2924 qui
1453 2853 1778 2908 secundum
1819 2855 2039 2910 Mosem

392 2942 614 3014 primas
645 2941 800 3013 apud
833 2941 1016 2996 Deum
1044 2940 1364 3007 obtinebat,
1395 2941 1568 2997 saluti
1601 2942 1747 3014 ipsis
1780 2960 1907 2999 esse
1938 2961 2039 3016 po-

392 3030 526 3086 tuit.
560 3032 709 3097 Quin
735 3029 877 3084 illud
912 3033 1276 3102 compertum
1309 3030 1514 3098 habeo,
1535 3035 1590 3086 et
1619 3031 1742 3088 Heli
1775 3027 2041 3089 sacerdo-

393 3128 533 3188 tem,
552 3124 607 3175 et
625 3120 939 3192 aliquando
958 3123 1160 3192 postea
1181 3117 1353 3175 Ozam
1377 3146 1390 3188 ;
1415 3119 1578 3175 illum
1604 3122 1842 3193 quidem
1865 3121 2042 3178 scele-

395 3209 476 3263 ris
499 3207 772 3275 ﬁliorum,
795 3209 947 3280 quod
973 3209 1250 3263 adversus
1270 3209 1558 3264 sacriﬁcia
1578 3211 2039 3276 committebant,

2137 625 2349 679 ’Δκούω
2401 625 2496 697 μὶν
2547 623 2710 678 αὐτοῦ
2755 620 2990 683 Μωσέως
3038 623 3168 695 (40),
3213 620 3375 690 ἡνίκα
3418 620 3784 698 ἐχρημάτιζεν

2133 712 2278 785 αὖτῷ
2326 715 2353 768 6
2395 713 2546 783 Θεὸς,
2580 712 2685 779 ὅτι,
2716 709 2986 766 πλειόνων
3033 709 3109 773 εἷς
3156 711 3219 765 τὸ
3265 706 3389 785 ὄρος
3437 712 3786 786 προσκεκλη-

2139 802 2334 876 μένων,
2364 803 2436 855 ὧν
2471 804 2546 863 εἷς
2576 803 2641 870 ἦν
2676 801 2764 856 καὶ
2797 802 3006 877 Ἀαρὼν
3037 800 3126 854 σὺν
3159 805 3276 862 τοῖς
3321 800 3476 855 παισὶ
3523 807 3639 864 τοῖς
3691 799 3787 857 δύο

2135 897 2250 952 τοῖς
2301 893 2522 966 ἱερεῦσι,
2561 891 2650 945 καὶ
2703 885 3083 963 ἑϐδομήκοντα
3131 884 3506 966 πρεσϐυτέρων
3552 897 3654 960 τῆς
3699 912 3790 966 γε-

2138 979 2354 1054 ρουσίας
2388 982 2522 1052 (41),
2559 981 2609 1034 οἱ
2676 980 2768 1053 μὶν
2828 977 3017 1034 λοιποὶ
3073 986 3444 1054 προσκυνῆσαι
3503 979 3785 1056 πόρῥωθεν

2138 1067 2550 1141 ἐκελεύσθησαν,
2594 1069 2798 1145 ἐγγίσαι
2850 1066 2906 1123 δὲ
2960 1074 3163 1138 Μωσῆς
3216 1067 3400 1141 μόνος,
3451 1068 3513 1123 οὐ
3565 1090 3788 1124 συνανα-

2139 1153 2295 1226 ϐἦναι
2330 1155 2387 1211 δὲ
2418 1158 2445 1210 ὁ
2479 1156 2607 1219 λαὸς
2642 1159 2715 1219 ὡς
2767 1157 2829 1211 οὐ
2879 1156 3090 1213 πάντων
3143 1153 3295 1219 ὄντος
3325 1160 3437 1231 (42)
3467 1163 3602 1213 Θεοῦ
3649 1159 3791 1233 γενὲ-

2141 1259 2258 1309 σθαι
2291 1245 2550 1319 πλησίον,
2586 1246 2732 1316 πλὴν
2773 1246 2825 1300 εἷ¹
2863 1269 2946 1308 τις
2994 1248 3128 1301 κατὰ
3171 1248 3367 1301 Μωσέα
3414 1252 3548 1302 Θεοῦ
3596 1254 3789 1324 χωρῆ-

2141 1357 2226 1390 σαι
2273 1333 2426 1406 δόξαν
2499 1333 2812 1410 δυνάμενος⁸
2861 1335 2951 1390 καὶ
3011 1333 3087 1390 ἔτι
3132 1337 3237 1410 πρὸ
3285 1335 3490 1391 τούτων
3540 1336 3591 1391 ἐν
3639 1336 3788 1412 ἀρχῇ

2139 1431 2240 1494 τῆς
2298 1424 2642 1498 νομοθεσίας,
2699 1424 2832 1486 τοὺς
2893 1426 2987 1498 μὲν
3062 1423 3263 1487 ἄλλους
3326 1423 3642 1500 σάλπιγγες,
3701 1425 3790 1480 καὶ

2144 1514 2434 1588 ἀστραπαὶ,
2464 1513 2552 1567 καὶ
2606 1514 2848 1588 βρονταὶ,
2897 1513 2984 1568 καὶ
3027 1512 3248 1590 γνόφος,
3282 1514 3373 1568 καὶ
3422 1512 3555 1568 ὅλον
3605 1535 3794 1569 καπνι-

2148 1603 2372 1675 ζὸμενον
2399 1603 2462 1657 τὸ
2511 1596 2661 1677 ὅρος,
2694 1602 2784 1657 καὶ
2833 1602 3052 1658 ἀπειλαὶ
3105 1600 3424 1680 φρικώδεις,
3455 1602 3549 1658 κᾶν
3605 1604 3794 1680 θηρίον

2147 1691 2272 1766 θίγῃ
2317 1696 2412 1746 τοῦ
2461 1691 2643 1767 ὅρους,
2676 1687 3192 1764 λιθοϐοληθήσεται,
3226 1691 3314 1746 καὶ
3374 1689 3518 1747 ἄλλα
3574 1696 3800 1748 τοιαῦτα

2149 1778 2375 1854 δείματα
2417 1780 2544 1852 ’ίστη
2595 1783 2763 1852 κάτω,
2798 1782 2886 1836 καὶ
2941 1780 3078 1856 μέγα
3123 1782 3191 1851 ἦν
3241 1781 3448 1851 αὐτοῖς,
3479 1782 3649 1854 μόνης
3682 1784 3796 1852 (43)

2149 1871 2368 1924 ἀκοῦσαι
2408 1877 2510 1940 τῆς
2540 1874 2635 1924 τοῦ
2675 1874 2807 1925 Θεοῦ
2857 1876 3060 1947 φωνῆς,
3094 1867 3150 1923 εὖ
3202 1869 3350 1942 μάλα
3392 1869 3793 1944 ἀγνισαμένοις·

2150 1965 2352 2028 Μωσῆς
2403 1957 2458 2014 δὲ
2506 1961 2594 2014 καὶ
2635 1957 2821 2028 ἄνεισι,
2849 1960 2938 2013 καὶ
2984 1966 3084 2029 τῆς
3136 1957 3366 2036 νεφέλης
3420 1957 3548 2014 εἷ’σω
3597 1965 3795 2036 χωρεῖ,

2149 2049 2237 2103 καὶ
2269 2050 2661 2121 νομοθετεῖται,
2692 2047 2782 2103 καὶ
2815 2045 3029 2124 δέχεται
3079 2047 3314 2111 πλάκας·
3346 2054 3463 2111 τοῖς
3512 2050 3606 2122 μὲν
3655 2049 3795 2105 πολ-

2151 2137 2270 2199 λοῖς
2298 2139 2393 2200 τὰς
2423 2143 2518 2192 τοῦ
2553 2135 2895 2214 γράμματος,
2926 2143 3044 2200 τοῖς
3096 2136 3152 2192 δὲ
3202 2139 3333 2214 ὑπὲρ
3370 2139 3500 2199 τοὺς
3550 2135 3797 2200 πολλοὺς

2148 2226 2242 2289 τας
2273 2231 2367 2281 τοῦ
2399 2227 2728 2300 πνεύματος.

2223 2404 2332 2481 ιιιν.
2365 2406 2574 2462 Ἀκούω
2605 2402 2662 2460 δὲ
2693 2401 2875 2460 Ναδάϐ
2925 2406 3014 2460 καὶ
3065 2400 3309 2477 Ἀϐιοὺδ,
3342 2403 3447 2477 δτι,
3481 2407 3616 2479 ξένῳ
3671 2407 3801 2482 πυρὶ

2149 2493 2501 2567 θυμιάσαντες
2556 2494 2741 2566 μόνον,
2794 2493 2925 2567 ξένῳ
2978 2496 3089 2569 (44)
3136 2495 3226 2549 καὶ
3286 2493 3650 2566 ἀνηλώθησαν
3713 2517 3803 2550 κο-

2151 2582 2183 2638 λ
2256 2583 2307 2637 θί
2494 2581 2557 2609 “’
2619 2585 2644 2603 “
2744 2585 2758 2604 ’
3138 2583 3151 2602 ⁸
3242 2584 3256 2604 ‘
3393 2583 3405 2602 ’
3454 2585 3468 2602 ‘
3778 2606 3799 2618 -

2189 2605 2252 2637 ασ
2291 2605 2429 2645 ιντες
2490 2599 2538 2638 οι
2606 2607 2678 2639 ων
2731 2578 3023 2653 ησὲϐησαν,
3065 2605 3154 2639 και
3202 2606 3293 2639 τον
3347 2605 3507 2638 αυτον
3555 2583 3799 2659 εὑρόντες

2148 2681 2249 2741 τῆς
2282 2671 2580 2741 ἀπωλείας,
2613 2675 2671 2728 ’ὀν
2714 2673 2802 2728 καὶ
2851 2681 2950 2743 τῆς
3000 2668 3242 2736 ἀσεϐείας
3274 2674 3462 2749 καιρὸν
3491 2674 3580 2728 καὶ
3610 2673 3795 2728 τόπον⁸

2149 2762 2237 2816 καὶ
2279 2760 2404 2816 οὐδὲ
2441 2764 2646 2835 Ἀαρὼν
2676 2761 2871 2838 ἤρκεσε
2919 2763 3054 2836 πρὸς
3103 2764 3373 2840 σωτηρίαν
3419 2763 3604 2824 αὐτοῖς
3638 2763 3666 2815 6
3698 2783 3798 2815 πα-

2148 2853 2274 2927 τὴρ,
2309 2853 2336 2905 ὁ
2371 2851 2608 2914 Μωσέως
2657 2852 2802 2928 παρά
2832 2851 2947 2924 Θεῷ
2992 2850 3261 2927 δεύτερος.
3300 2853 3549 2906 Γινώσκω
3599 2848 3655 2905 δὲ
3703 2850 3794 2905 καὶ

2147 2940 2294 2996 Ἠλεὶ
2327 2944 2439 3013 (45)
2469 2943 2559 2995 τὸν
2607 2939 2772 3016 ἱερέα,
2823 2941 2910 2996 καὶ
2965 2941 3154 3018 μικρὸν
3206 2941 3423 3018 ὕστερον
3475 2941 3652 3008 Ὀζᾶν,
3701 2940 3793 2995 τὸν

2155 3031 2247 3101 μὲν
2312 3029 2442 3104 ὑπὲρ
2498 3033 2596 3098 τῆς
2651 3034 2758 3084 τῶν
2817 3027 3024 3084 παίδων
3067 3030 3406 3104 παρανομίας
3440 3029 3801 3099 ἀπαιτηθὲντα

2153 3115 2330 3190 δίκην,
2364 3119 2424 3186 ἣν
2457 3116 2706 3192 ἐτόλμων
2741 3120 2875 3172 κατά
2905 3123 3008 3173 τῶν
3052 3121 3246 3173 θυσιῶν
3296 3119 3402 3195 πρὸ
3451 3123 3643 3190 καιροῦ
3690 3123 3798 3173 τῶν

2154 3202 2401 3279 λεϐήτων
2447 3208 2821 3283 ἀπαρχόμενοι
2869 3211 3002 3280 (46),
3035 3207 3124 3262 καὶ
3172 3212 3338 3262 ταῦτα
3387 3207 3485 3262 οὐκ
3527 3205 3803 3282 ἀποδεχό-

395 3295 541 3352 ollas
572 3301 706 3352 ante
726 3302 958 3368 tempus
979 3297 1325 3368 delibantes,
1350 3315 1550 3369 pmnas
1572 3299 1936 3370 pependisse,
1958 3301 2041 3355 id-

2161 3317 2317 3369 μενον
2350 3296 2524 3352 αὐτῶν
2569 3298 2667 3365 τήν
2700 3292 2966 3368 ἀσέϐειαν,
3002 3295 3147 3352 ἀλλὰ
3178 3295 3360 3352 πολλᾶ
3391 3299 3502 3370 (47)
3533 3295 3803 3358 πολλάκις

398 3401 511 3458 que
532 3402 663 3442 cum
688 3401 888 3442 eorum
910 3385 1271 3458 impietatem
1297 3404 1410 3442 non
1429 3388 1601 3444 modo
1621 3405 1735 3444 non
1755 3389 2047 3460 probaret,

398 3477 497 3531 sed
523 3476 696 3531 etiam
722 3492 977 3547 persaepe
999 3476 1158 3547 ipsos
1180 3475 1550 3548 objurgasset
1571 3478 1615 3511 “
1639 3497 1650 3533 :
1674 3477 1829 3532 hunc
1852 3483 2046 3534 autem

401 3565 557 3638 quod
590 3581 784 3620 arcam
818 3581 850 3619 α
877 3566 1021 3620 bove
1049 3565 1390 3620 distractam
1425 3569 1831 3622 tantummodo
1862 3569 2046 3623 conti-

401 3656 606 3727 gisset,
631 3671 754 3710 eam
781 3654 1017 3727 quidem
1042 3671 1327 3725 servasse,
1353 3655 1545 3726 ipsum
1569 3661 1764 3711 autem
1785 3657 2048 3728 periisse,

401 3746 516 3800 Deo
543 3743 824 3800 nimirum
884 3743 992 3799 hac
1049 3745 1270 3800 ratione
1327 3761 1474 3800 arcte
1531 3761 1648 3800 suae
1695 3747 2051 3802 venerationi

405 3832 747 3890 consulente
776 3834 840 3888 ‘5.

475 3923 658 3980 XCIV.
695 3923 844 3979 Illud
875 3923 1114 3994 insuper
1161 3923 1300 3990 scio,
1352 3939 1422 3978 ne
1471 3939 1776 3995 corporum
1811 3925 2048 3996 quidem

402 4011 564 4068 labes
594 4012 654 4067 in
686 4012 1107 4080 sacerdotibus,
1139 4016 1240 4066 aut
1267 4011 1588 4081 sacriﬁciis,
1614 4030 1645 4067 a
1665 4029 1911 4070 censura
1940 4015 2048 4069 im-

409 4117 617 4157 munes
641 4101 1160 4169 exstitisse,verum
1183 4100 1411 4172 legibus
1434 4101 1512 4155 ita
1559 4103 1848 4158 sancitum
1870 4104 2050 4160 fuisse

409 4196 471 4246 ut
502 4192 735 4263 perfecti
768 4191 1022 4262 perfecta
1069 4190 1345 4245 otI'errent
1376 4192 1438 4259 ‘5,
1473 4190 1544 4244 ad
1578 4191 2048 4263 signiﬁcandam,

409 4285 469 4335 ut
493 4280 717 4352 opinor,
751 4281 960 4336 anima
994 4279 1408 4350 integritatem.
1469 4282 1583 4334 Nec
1633 4281 2050 4336 sacerdotalem

404 4371 638 4440 stolam,
670 4374 772 4425 aut
800 4386 899 4425 vas
929 4368 1164 4439 aliquod
1195 4383 1426 4422 sacrum
1459 4365 1638 4422 cuivis
1670 4369 1952 4442 attingere
1982 4369 2049 4424 li-

406 4459 618 4514 cuisse.
651 4458 765 4514 Nec
795 4456 1080 4514 sacriﬁcia
1111 4455 1241 4528 ipsa
1297 4472 1330 4510 a
1387 4456 1624 4528 quibus,
1657 4461 1713 4513 et
1758 4475 1872 4530 quo
1904 4463 2049 4515 tem-

2161 3386 2578 3458 ἐπιτιμήσαντα
2632 3386 2723 3440 τὸν
2795 3383 2870 3455 δὲ,
2932 3385 3034 3457 ὅτι,
3112 3385 3314 3460 ψαύσας
3389 3394 3490 3454 τῆς
3567 3381 3807 3441 κιϐωτοῦ

2164 3475 2319 3547 μένον
2370 3474 2816 3550 περισπασθείσης
2844 3479 2954 3548 (48)
2987 3476 3088 3529 ὑπὸ
3139 3479 3234 3529 τοῦ
3286 3475 3520 3551 μόσχου,
3562 3478 3660 3544 τὴν
3711 3477 3806 3548 μὲν

2159 3565 2550 3640 περιεσώσατο,
2614 3563 2774 3626 αὐτὸς
2837 3561 2895 3618 δὲ
2948 3563 3224 3633 ἀπώλετο,
3274 3561 3640 3643 φυλάσσοντος
3709 3569 3809 3619 τοῦ

2162 3658 2295 3708 Θεοῦ
2322 3657 2390 3728 τῇ
2420 3648 2640 3725 κιϐωτῷ
2670 3654 2731 3708 τὸ
2764 3648 3077 3728 σεϐάσμιον.

2235 3918 2492 3998 ι,Δ’.οῖδα
2512 3917 2558 3974 δ’
2580 3917 2750 3996 ἔγωγε
2783 3918 2923 3992 μηδέ
2951 3920 3076 3976 τοὺς
3109 3919 3159 3976 ἐν
3188 3926 3302 3983 τοῖς
3335 3922 3546 3994 σώμασι
3583 3923 3818 3995 μώμους

2163 4015 2268 4065 τῶν
2317 4010 2526 4086 ἱερὲων,
2567 4009 2601 4078 ἢ
2647 4014 2750 4063 τῶν
2798 4011 3050 4083 θυμάτων
3101 4010 3475 4081 ἀνεξετάστους
3531 4011 3818 4084 μένοντας,

2164 4099 2309 4155 ἀλλᾶ
2337 4098 2580 4160 τελείους
2610 4096 2793 4154 τὲλεια
2822 4101 3113 4174 προσάγειν
3144 4101 3660 4175 (49)νενομισμὲνον
3678 4103 3819 4175 (50),

2166 4183 2468 4261 σύμϐολον,
2504 4189 2679 4260 οἶμαι,
2712 4192 2871 4242 τοῦτο
2901 4196 3002 4258 τῆς
3049 4190 3185 4245 κατὰ
3232 4191 3417 4264 ψυχὴν
3466 4189 3815 4265 ἀρτιότητος·

2168 4277 2309 4353 μηδὲ
2364 4273 2566 4345 στολῆς
2624 4282 2723 4346 τῆς
2800 4278 3099 4352 ἱερατικῆς,
3147 4277 3183 4347 ἢ
3243 4277 3466 4339 σκεύους
3519 4279 3663 4340 τινὸς
3710 4283 3821 4334 τῶν

2167 4367 2330 4444 ἁγίων
2390 4365 2576 4439 ψαύειν
2637 4366 2794 4420 παντῖ
2863 4369 3078 4440 θεμιτὸν
3139 4365 3221 4422 ὅν*
3285 4364 3426 4441 μηδὲ
3479 4367 3576 4430 τὰς
3637 4368 3822 4430 θυσίας

2166 4457 2350 4526 αὐτὰς,
2382 4456 2466 4532 ὑφ’
2498 4455 2591 4527 ὧν,
2623 4455 2712 4510 καὶ
2771 4455 2881 4525 ὅτε,
2911 4457 3001 4511 καὶ
3055 4457 3116 4511 οὗ
3169 4457 3244 4530 μή
3288 4459 3399 4531 (51)
3446 4463 3686 4526 καθῆκον
3730 4459 3818 4526 ἦν,

478 4560 521 4592 ³⁸
556 4557 731 4612 Exod.
765 4573 914 4624 xxw,
966 4555 1080 4609 1-9.
1138 4555 1183 4588 3°
1235 4554 1408 4609 Exod.
1468 4572 1582 4624 XIX,
1650 4557 1749 4624 16;
1806 4557 1974 4612 Hebr.
2036 4575 2136 4624 xu,
2199 4558 2282 4610 18.
2344 4557 2387 4590 ⁴⁰
2437 4555 2612 4609 Exod.
2671 4557 2908 4623 xix,12,
2946 4557 3044 4622 13;
3091 4557 3263 4612 Hebr.
3296 4573 3400 4620 xu,
3429 4558 3520 4611 20.
3553 4557 3600 4592 ⁴¹
3635 4557 3814 4612 Exod.

408 4647 561 4700 xxw,
621 4630 808 4683 15-18.
867 4628 911 4662 "
966 4631 1014 4679 ll
1072 4625 1211 4700 Cor._
1257 4642 1340 4690 Ill,
1398 4627 1624 4700 6-8:“
1679 4627 1810 4684 Lev.
1867 4646 1922 4695 χ,
1986 4630 2036 4700 1,
2089 4632 2144 4686 2.

406 4703 451 4737 ⁴⁶
484 4697 662 4757 Levit.
695 4716 811 4764 xxx,
848 4700 950 4766 17;
984 4715 1120 4764 χχιι,
1153 4697 1218 4752 18
1249 4704 1306 4753 et
1338 4714 1458 4769 seq.
1486 4716 1499 4765 ;
1535 4698 1699 4754 Deut.
1733 4717 1889 4766 XVIII,
1916 4701 2002 4755 13.

479 4800 592 4867 (38)
619 4796 928 4863 Ἐπαινῆτε.
961 4796 1105 4864 Jes.,
1133 4795 1288 4851 Colb.
1326 4813 1405 4861 ω,
1439 4793 1721 4851 ἐπαινεῖτε.

480 4870 596 4943 (39)
624 4867 990 4943 Προμηθείας.
1025 4870 1120 4922 0r.
1158 4870 1206 4935 1,
1248 4873 1337 4943 et“
1361 4869 1476 4922 duo
1531 4869 1668 4943 Reg.
1722 4868 2053 4943 προθυμίας,

412 4939 683 5016 ln'_(‘.o_isl.'
714 4939 764 5008 1⁷,
797 4941 1044 5016 aliisque
1077 4939 1399 5016 nonnullis,
1431 4942 1714 5016 sequitur,
1749 4939 1935 5016 φράσω
1967 4939 2055 5016 καὶ

409 5013 545 5086 πρὸς
577 5011 735 5082 ὑμᾶς,
769 5037 793 5061 «ι
813 5011 1073 5086 indicare
1101 5013 1270 5086 vobis
1299 5012 1498 5086 debeo.
1527 5033 1563 5086 ξ).
1587 5011 1865 5083 AgnoSeit
1897 5013 2054 5069 Ruti-

410 5081 544 5152 niis,
581 5081 785 5156 recipit
815 5085 1034 5151 Comb.,
1071 5084 1293 5155 respuit
1314 5081 1662 5156 Gabrieliusi.

481 5151 587 5227 (’10)
621 5151 884 5227 Μώσέιυς.
923 5158 1061 5211 Mss.
1099 5151 1354 5220 Μωσῆς,
1385 5158 1441 5227 et
1471 5151 1765 5227 Μ’ωϋσέως.

481 5222 1022 5301 (41)1]ρεσϐυτέριι›ν
1066 5233 1166 5292 τῆς
1223 5223 1528 5301 γερουσίας.
1591 5225 1752 5296 LXX,
1817 5226 2054 5282 «Senes

408 5298 870 5369 de'senioribus;
901 5298 933 5350 ἆ)
964 5299 1108 5369 Oliv.
1143 5321 1168 5347 ‹‹
1203 5298 1501 5369 θ’βουειυ.
1531 5318 1558 5346 ››

479 5375 589 5444 (42)
649 5370 726 5427 Οὐ
773 5363 1009 5444 πάντων-
1041 5363 1213 5444 ὄντος.
1250 5367 1498 5444 Reg.__a,
1559 5365 1620 5420 οὐ
1677 5367 1890 5444 πάντων
1926 5365 2052 5421 οἵων

409 5436 761 5499 ὕνιὲων’Θεοῦ,
797 5445 936 5516 Reg.
997 5441 1037 5508 1,
1096 5441 1294 5516 πάντας
1339 5436 1458 5491 οἶόν
1517 5457 1576 5516 τε
1633 5443 1786 5516 Θεοῦ.
1837 5441 1976 5512 Reg.
2012 5446 2053 5507 t,

413 5516 628 5584 pariter
656 5516 847 5587 prima
883 5511 1103 5587 "manu,
1162 5517 1218 5568 et
1273 5512 1329 5587 i_n
1381 5511 1643 5587 margine
1693 5511 1805 5565 οἷόν
1835 5511 2054 5567 τεξὸθ-

409 5581 601 5643 ὸιιῐιόθ,
628 5581 763 5642 v'ero
794 5603 971 5642 manu
1005 5581 1133 5638 o'iwv
1165 5602 1242 5637 τε.
1277 5583 1416 5655 Reg.
1450 5601 1498 5653 z,
1525 5581 1700 5647 ὅντως
1734 5587 1887 5638 Θεοῦ.

475 5659 588 5727 (43)
620 5657 822 5728 Μάνης.
853 5660 996 5714 Tres
1026 5655 1186 5728 Golb.
1225 5653 1431 5728 μόνοῖς.

481 5725 591 5818 iéé)
621 5725 1056 5818 sea-“Rem
1090 5725 1271 5818 εὲνωςς

479 5798 586 5889 (45)
624 5801 718 5863 Καὶ
749 5798 939 5863 Ἦλεέξ
968 5804 1028 5884 In
1085 5801 1356 5880 pluribus
1414 5801 1577 5861 deest
1605 5799 1714 5858 καί.
1754 5800 1891 5877 Reg.
1927 5799 2048 5858 bm.

2204 4629 2250 4662 “
2307 4628 2326 4681 Ι
2384 4627 2522 4698 Reg.
2586 4644 2649 4692 ιι,
2711 4628 2796 4694 12,
2857 4628 2947 4699 44,
2999 4630 3070 4682 23
3147 4629 3192 4662 ‘5
3249 4628 3298 4684 II
3366 4628 3504 4700 Reg.
3566 4646 3641 4697 v1,
3691 4628 3819 4682 6-8.

2087 4803 2132 4867 D
2166 4814 2215 4865 r,
2249 4791 2307 4848 δὲ
2336 4791 2482 4850 Ἦλί.
2515 4795 2690 4867 Gabr.
2721 4793 2849 4849 Ἠλε

2239 4868 2346 4938 (46)
2377 4865 2804 4941 ῘΑπαρχόμενοι.
2843 4868 2980 4940 Reg.
3025 4886 3072 4936 r,
3126 4866 3444 4940 ἁπτόμενοι.
3479 4890 3508 4919 ‹‹
3537 4867 3820 4925 Carnium

2167 4939 2474 5012 primitias
2492 4939 2911 5012 praeripientes.
2948 4962 2972 4988 ››

2238 5007 2587 5084 (47(Πολλά.
2652 5007 2825 5084 Deest
2887 5013 2943 5065 in
3006 5012 3184 5084 Regg.
3247 5017 3396 5084 ιλιι,
3442 5010 3561 5084 Jes.
3623 5013 3822 5084 et__ed.

2164 5079 2295 5139 Bas.
2333 5079 2497 5155 'Reg.
2561 5099 2691 5137 vero
2748 5082 2786 5152 1,
2848 5087 2906 5137 et
2963 5079 3160 5139 Comi)".
3222 5079 3408 5137 πολλὰ
3458 5081 3549 5135 καὶ
3607 5079 3826 5136 πολλά-

2163 5175 2343 5300 x“2:18)
2376 5221 2858 5297 ΙΙερισπασθείσης.
2922 5225 3062 5296 Reg.
3119 5225 3159 5292 1,
3217 5230 3273 5282 et,
3328 5225 3529 5281 Comb,
3563 5243 3823 5300 περιτρα-

2163 5296 2696 5439 “saginanam.
2718 5365 2811 5421 Sic
2833 5367 2910 5422 Re
2957 5367 2995 5421 ii
3024 5367 3317 5434 undecim,
3341 5367 3568 5441 caeteriq
3581 5383 3650 5423 ue
3673 5383 3826 5439 pene

2165 5456 2368 5494 omnes
2399 5436 2562 5492 codd.
2605 5439 2689 5492 lta
2718 5439 2896 5494 etiam
2917 5384 3088 5494 ᾔδεε.
3122 5447 3230 5494 etc.
3265 5441 3330 5494 In
3361 5441 3453 5494 ed.
3483 5440 3610 5494 Par.
3644 5458 3826 5494 ποοσ-

2165 5436 2368 5523 omnes
2399 5436 2689 5492 cedd.'lta
2718 5439 2896 5495 etiam
2922 5436 3088 5496 Pass.
3122 5447 3230 5496 etc.
3265 5441 3330 5496 In
3361 5441 3453 5496 ed.
3483 5436 3610 5496 Par.
3644 5436 3826 5514 προσ-

2165 5530 2819 5654 αγῗέὄ)ν.Νενομισμένον.
2887 5601 2908 5630 ι
2963 5583 3288 5640 Sancitum.
3327 5606 3355 5633 »
3401 5581 3629 5649 Billius,
3664 5598 3824 5639 ϐοω-

2167 5658 2474 5728 paratum._
2492 5674 2519 5702 ››

2239 5726 2347 5799 (51)
2382 5721 2478 5777 Καὶ
2511 5721 2573 5799 οῦ
2607 5725 2729 5799 μήζ
2767 5724 2855 5780 Sic
2908 5741 3060 5799 mss,
3116 5742 3343 5799 omnes,
3394 5726 3642 5799 ipsaque
3687 5725 3820 5788 Bilii

2166 5794 2354 5856 νει-δίο
2383 5794 2660 5874 postulat.
2695 5794 2819 5855 Par.
2855 5797 2944 5854 ed.
2978 5795 3066 5853 καὶ
3099 5796 3160 5854 οὐ
3195 5797 3297 5876 μή.
