4152 6286
337 377 459 439 499

1579 378 1640 440 S.
1694 379 2064 442 GREGORII
2109 379 2503 442 THEOLOGI

3628 380 3754 444 500

331 508 578 582 justitiaa
608 524 773 565 arma
801 508 845 543 δ”
874 508 1078 565 elfscta
1126 511 1396 578 fuissent,
1441 527 1797 584 omnemque
1841 510 2256 569 mortalitatem
2307 511 2676 585 abjccissent,
2729 529 2763 568 a
2802 511 2920 568 vita
2967 512 3188 569 scilicet
3219 512 3557 587 absorptam
3589 513 3653 582 ⁸⁵,
3687 530 3754 570 ac

343 599 573 671 spiritui
607 599 907 654 cedentem
929 598 957 652 Ἰ

413 688 591 743 XCVI.
627 687 839 758 Ecquis
870 704 1062 758 porro,
1094 705 1227 743 cum
1263 689 1525 744 nondum
1557 689 1735 746 castis
1768 696 1824 746 et
1852 691 1986 763 igne
2014 691 2068 758 Α

341 775 688 832 examinatis
719 776 819 832 Dei
850 776 1100 848 eloquiis
1128 778 1172 811 ⁶⁶
1205 777 1377 832 corde
1417 779 1692 835 incensus
1725 780 1820 847 sit,
1844 781 1986 835 dum

350 866 670 936 Scripturae
721 865 833 938 ipsi
863 867 1207 937 aperiuntur
1235 868 1299 937 ⁵⁷,
1335 884 1440 922 nec
1483 886 1552 924 ea
1579 886 1757 940 super
1787 869 1985 924 latitu-

347 955 542 1009 dinem
603 955 795 1010 cordis
847 955 1160 1027 tripliciter
1208 956 1603 1028 descripserit,
1665 963 1729 1012 ut
1775 958 1987 1014 Christi

340 1048 598 1099 mentem
628 1044 842 1099 habeat
865 1046 1040 1113 68,nec
1062 1045 1118 1098 in
1144 1045 1451 1101 thesauros
1473 1046 1841 1102 multitudini
1863 1048 1990 1103 abs-

340 1133 1038 1204 conditos,et_invisibiles
1062 1150 1127 1189 ac
1152 1135 1492 1190 tenebrosos
1521 1135 1824 1208 ingressus
1847 1137 1988 1202 sit”,

342 1227 408 1277 ut
441 1237 581 1294 opes
611 1222 669 1277 in
704 1221 847 1294 ipsis
873 1223 1162 1292 conditas,
1213 1227 1452 1295 spectet,
1504 1225 1763 1296 aliosque
1806 1226 1992 1282 ditare

345 1316 542 1382 queat,
575 1310 908 1382 spiritualia
937 1311 1344 1384 spiritualibus
1376 1330 1724 1386 comparans
1755 1316 1818 1368 ⁷ο.

415 1491 618 1551 XCVII.
667 1491 900 1563 Ecquis,
949 1508 1086 1547 cum
1142 1493 1374 1548 Domini
1440 1493 1797 1566 voluptatem
1848 1511 1991 1550 non-

345 1583 509 1648 dum,
543 1587 608 1636 ut
635 1581 830 1637 videre
876 1581 1122 1652 dignum
1154 1587 1263 1647 est,
1317 1583 1546 1650 viderit,
1590 1582 1994 1655 templumque

342 1671 533 1742 ipsius
563 1669 883 1725 visitaverit
910 1670 977 1737 θι,
1011 1670 1095 1724 vel
1132 1670 1323 1740 potius
1353 1671 1543 1726 vivum
1574 1670 1669 1727 Dei
1703 1672 1814 1726 vivi
1845 1677 1993 1726 tem-

345 1758 508 1830 plum
540 1758 727 1813 factus
761 1757 836 1813 sit
864 1758 930 1818 ⁷³.
963 1758 1296 1829 Christique
1337 1758 1393 1813 in
1430 1759 1639 1830 spiritu
1689 1760 1991 1815 habitacu-

344 1848 468 1903 lum
494 1847 559 1900 ⁷³.
584 1847 958 1917 Ecquis,cum
991 1847 1311 1918 ﬁgurarum
1333 1851 1389 1902 et
1409 1848 1671 1904 veritatis
1690 1848 1992 1920 cognatio-

348 1953 482 1992 nem
512 1939 568 1991 et
597 1935 912 1991 discrimen
946 1935 1208 1990 nondum
1232 1936 1548 2007 agnoverit,
1570 1941 1744 2008 atque
1773 1938 1845 1992 ab
1878 1937 1994 1993 illis

2172 690 2250 765 [ιζ’
2278 689 2366 750 Τίς
2423 691 2592 762 μήπω
2640 695 2754 751 τοῖς
2813 691 3000 764 ἁγνοῖς
3059 689 3148 743 καὶ
3188 688 3604 765 πεπυρωμένοις
3655 693 3752 744 τοῦ

2098 783 2231 832 Θεοῦ
2263 777 2469 854 λογίοις
2502 782 2614 852 (66)
2646 779 2795 840 καεὶς
2845 779 2942 847 τὴν
2997 778 3215 854 καροίαν
3270 778 3321 832 έν
3371 783 3449 850 τῷ
3479 775 3758 854 διανοιγῆ-

2096 888 2178 921 ναι
2237 867 2381 939 αὖτῴ
2438 868 2532 929 τὰς
2597 869 2840 945 Γραφάς’
2907 866 3047 940 μηδὲ
3105 865 3563 942 ἀπογραψάμενος
3621 867 3757 924 αὖτᾶ

2097 961 2329 1032 τρισσῶς
2389 957 2501 1029 (67)
2565 955 2651 1010 ἐπὶ
2709 956 2918 1018 πλάτος
2978 963 3077 1026 τῆς
3133 954 3378 1030 καρδίας,
3437 955 3576 1011 ὥστε
3630 961 3754 1011 νοῦν

2100 1041 2244 1121 ἔχειν
2298 1047 2552 1121 Χριστοῦ·
2620 1043 2760 1118 μηδὲ
2814 1050 2921 1100 τῶν
2970 1051 3088 1107 τοῖς
3136 1045 3371 1109 πολλοῖς
3425 1044 3752 1123 ἀποκρόφων

2100 1134 2188 1188 καὶ
2240 1134 2484 1209 ἀοράτων
2543 1134 2634 1188 καὶ
2687 1139 2972 1188 σκοτεινῶν
3022 1136 3305 1208 θησαυρῶν
3355 1131 3481 1188 εἴσω
3529 1133 3758 1209 γενόμε-

2099 1243 2209 1293 νος,
2262 1221 2399 1277 ὥστε
2448 1222 2535 1276 τὸν
2584 1222 2634 1276 ἐν
2687 1222 2870 1284 αὐτοῖς
2921 1227 3276 1277 κατοπτεῦσαι
3335 1221 3573 1278 πλοῦτον
3604 1268 3619 1295 ,
3665 1221 3756 1276 καὶ

2102 1309 2306 1372 ἄλλους
2365 1310 2675 1380 πλουτίζειν
2727 1309 3003 1381 δύνασθαι,
3061 1313 3398 1385 πνευματικὰ
3453 1309 3752 1386 συγκρίνων

2101 1405 2488 1472 πνευματικοῖς
2525 1419 2537 1468 ;

2175 1489 2261 1565 ιβ’
2292 1489 2379 1550 Τίς
2439 1491 2610 1562 μήπω
2666 1491 2966 1566 θεωρήσας,
3027 1490 3103 1551 ὡς
3155 1490 3375 1564 θεωρεῖν
3425 1488 3606 1559 ἄξιον,
3654 1490 3754 1558 τήν

2101 1578 2438 1653 τερπνότητα
2486 1578 2705 1654 Κυρίου,
2758 1581 2847 1634 καὶ
2899 1579 3320 1653 ἐπισκεψάμενος
3362 1579 3452 1633 τὸν
3484 1581 3609 1633 ναὸν

2103 1666 2307 1738 αὐτοῦ,
2356 1665 2567 1739 μᾶλλον
2617 1665 2676 1721 δὲ
2722 1669 2846 1729 ναὸς
2895 1668 3179 1744 γενόμενος
3232 1671 3365 1723 Θεοῦ
3419 1672 3623 1736 ζῶντος
3668 1667 3759 1721 καὶ

2108 1761 2209 1824 ζῶν
2269 1759 2691 1830 κατοικητήριον
2747 1759 2981 1825 Χριστοῦ
3041 1759 3150 1829 (69)
3203 1756 3253 1811 ἐν
3309 1756 3572 1829 πνεύματι
3617 1775 3631 1827 ;
3674 1757 3754 1818 τίς

2107 1848 2276 1918 μήπω
2314 1844 2498 1899 τόπων
2549 1846 2638 1899 καὶ
2687 1844 2949 1914 ἀληθείας
3001 1845 3254 1920 ἐπιγνοὺς
3288 1847 3589 1922 συγγένειαν
3643 1849 3756 1919 (70)

2103 1934 2192 1988 καὶ
2225 1932 2510 2008 διάκρισιν,
2543 1933 2633 1987 καὶ
2683 1939 2789 1988 τῶν
2845 1935 2939 2008 μὲν
2973 1935 3357 2010 ἀναχωρήσας,
3397 1939 3466 2008 τῇ
3502 1932 3558 1988 δὲ
3587 1955 3754 2009 προσ-

349 2025 588 2096 quidem
639 2025 967 2094 secesserit,
1001 2024 1136 2079 huic
1167 2029 1362 2080 autem
1395 2041 1521 2080 sese
1544 2026 1893 2096 adjunxerit,
1930 2030 1994 2080 ut

2125 2021 2471 2096 ίέμενος,’ίνα
2499 2024 2597 2092 τὴν
2630 2028 2730 2077 τοῦ
2782 2025 3106 2098 γράμματος
3159 2025 3338 2101 φυγὼν
3386 2021 3754 2094 παλαιότητα,

2144 2116 2169 2125 τ-
2368 2112 2380 2128 ι
2594 2110 2617 2128 α
2692 2110 2711 2128 κ
2770 2111 2782 2128 ρ
2995 2117 3019 2126 ..
3214 2113 3226 2128 ι
3587 2111 3600 2128 ς

352 2113 556 2169 litterae
580 2117 929 2169 vetustatem
958 2113 1184 2184 fugiens
1207 2112 1450 2184 spiritus
1475 2113 1712 2169 novitati
1739 2115 1997 2171 serviat“

350 2219 613 2275 pureque
645 2202 713 2256 ad
747 2201 995 2273 gratiam
1044 2219 1078 2256 a
1117 2202 1241 2274 lege
1288 2207 1567 2271 transeat,
1614 2203 1999 2275 spiritualiter

349 2290 593 2364 impleta
622 2291 678 2346 in
713 2291 974 2361 corporis
1007 2290 1400 2348 evacuatione.

420 2468 655 2524 XCVIII.
698 2469 934 2540 Ecquis,
981 2485 1115 2523 cum
1169 2470 1451 2535 nondum,
1483 2473 1540 2524 et
1571 2485 1742 2542 opere
1788 2471 1889 2528 58
1947 2475 2005 2526 et

351 2557 861 2627 contemplatione,
886 2573 989 2628 per
1009 2573 1214 2613 omnes
1246 2557 1465 2613 Christi
1496 2558 1918 2630 appellationes
1949 2565 2005 2616 et

352 2647 598 2701 virtutes
631 2645 966 2716 porrexerit,
1023 2649 1140 2700 tam
1194 2645 1570 2702 sublimiores
1620 2646 1749 2703 illas
1788 2665 1855 2702 ac
1890 2649 2002 2719 pri-

357 2751 509 2801 mas,
541 2751 714 2804 quam
747 2733 1092 2789 humiliores
1125 2740 1363 2806 propter
1395 2752 1502 2790 nos
1527 2739 1584 2790 et
1613 2735 1885 2792 ultimas:
1913 2738 2004 2791 ni-

363 2823 582 2878 mirum
619 2824 735 2890 Dei,
768 2822 916 2889 Filii,
957 2823 1253 2894 lmaginis,
1288 2823 1482 2890 Verbi,
1527 2825 1857 2896 Sapientiae,
1892 2830 2000 2881 Ve-

363 2913 575 2982 ritatis,
611 2911 805 2970 Lucis.
838 2912 1001 2982 Vita),
1033 2911 1298 2983 Virtutis,
1330 2912 1594 2984 Vaporis,
1630 2915 2006 2971 Deﬂuxionis.

365 3001 724 3072 Splendoris,
758 3001 1034 3067 Factoris,
1079 3002 1274 3074 Regis,
1318 3002 1558 3074 Capitis,
1613 3004 1802 3076 Legis,
1843 3004 2008 3075 Vitae,

372 3089 537 3156 Ostii,
570 3091 978 3156 Fundamenti,
1016 3090 1214 3157 Petrae,
1244 3091 1590 3162 Margarita,
1614 3093 1801 3163 Pacis,
1829 3095 2010 3148 Justi-

369 3180 483 3248 tiae,
508 3179 1022 3245 Sanctiticationis,
1044 3179 1504 3250 Redemptionis,
1527 3181 1808 3250 Hominis,
1829 3182 2010 3254 Servi,

371 3268 648 3335 Pastoris,
673 3269 842 3340 Agni,
865 3268 1184 3333 Pontiﬁcis,
1214 3269 1445 3340 Hostiae,
1473 3269 1850 3341 Primogeniti
1879 3276 2016 3326 ante

366 3374 458 3412 res
490 3357 775 3424 conditas,
809 3357 1185 3429 Primogeniti
1218 3375 1282 3413 ex
1318 3359 1586 3425 mortuis,
1621 3359 2013 3415 Resurrectio-

2104 2116 2172 2185 τῇ
2229 2112 2509 2181 καινότητι
2590 2110 2856 2185 δουλεύσῃ
2928 2117 3024 2166 τοῦ
3099 2113 3405 2186 πνεύματος
3441 2158 3456 2183 ,
3512 2111 3600 2167 καί
3662 2135 3756 2186 με-

2105 2195 2245 2274 ταϐῇ
2274 2203 2520 2276 καθαρῶς
2555 2199 2641 2254 ἐπὶ
2669 2203 2767 2270 τὴν
2822 2203 2982 2277 χάριν
3037 2201 3143 2256 ἀπὸ
3182 2206 3278 2256 τοῦ
3307 2201 3480 2274 νόμου
3511 2200 3761 2277 πληρου-

2113 2289 2278 2361 μένου
2337 2295 2712 2363 πνευματικῶς
2779 2289 2829 2345 ἐν
2885 2295 2954 2364 τῇ
3024 2293 3356 2366 καταργήσει
3423 2295 3520 2346 τοῦ
3575 2291 3761 2363 σώμα-

2108 2399 2201 2442 τος
2236 2381 2346 2452 (71)
2382 2399 2395 2448 ;

2185 2468 2283 2545 L_H'
2311 2468 2402 2530 Τίς
2465 2470 2634 2541 μήπω
2694 2467 2782 2523 διὰ
2838 2473 3022 2524 πασῶν
3085 2466 3310 2531 ὁδεύσας
3359 2472 3472 2543 (72)
3516 2473 3624 2524 τῶν
3673 2472 3770 2523 τοῦ

2113 2561 2348 2632 Χριστοῦ
2393 2562 2778 2632 προσηγοριῶν
2843 2558 2932 2612 καὶ
2983 2555 3289 2631 δυνάμεων,
3339 2557 3427 2612 καὶ
3489 2557 3631 2634 ἔργῳ
3678 2557 3769 2612 καὶ

2116 2646 2334 2721 θεωρίᾳ,
2365 2651 2469 2700 τῶν
2502 2668 2559 2701 τε
2611 2645 2966 2723 ὑψηλοτέρων
3013 2647 3102 2701 καὶ
3150 2648 3407 2722 πρώτων,
3440 2645 3526 2700 καί
3554 2651 3661 2700 τῶν
3699 2643 3771 2699 δι’

2115 2737 2262 2807 ἡμᾶς
2311 2737 2704 2812 ταπεινοτέρων
2761 2736 2853 2790 καὶ
2909 2735 3259 2804 τελευταίων,
3318 2739 3412 2788 τοῦ
3463 2739 3617 2801 Θεοῦ,
3674 2739 3771 2787 τοῦ

2117 2826 2265 2896 Υἱοῦ,
2299 2828 2395 2893 τῆς
2428 2825 2673 2897 Εἷκόνος,
2701 2829 2798 2879 τοῦ
2830 2824 3030 2899 Λόγου,
3061 2831 3159 2893 τῆς
3196 2823 3416 2900 Σοφίας,
3460 2829 3559 2892 τῆς
3590 2821 3768 2891 Ἀλη-

2118 2913 2279 2988 θείας,
2310 2920 2407 2969 τοῦ
2441 2915 2632 2977 Φωτὸς
2663 2918 2796 2989 (73),
2825 2918 2923 2984 τῆς
2973 2919 3147 2984 Ζωῆς,
3189 2919 3290 2981 τῆς
3322 2912 3630 2983 Δυνάμεως,
3656 2917 3768 2978 τῆς

2120 3001 2400 3076 Ἀτμίδος,
2451 3011 2552 3073 τῆς
2603 3003 2952 3080 Ἀπορῥοίας,
3003 3005 3100 3056 τοῦ
3151 2999 3626 3075 Ἀπαυγάσματος,
3671 3004 3769 3052 τοῦ

2123 3097 2384 3165 Ποιητοῦ,
2427 3097 2524 3148 τοῦ
2571 3092 2868 3162 Βασιλέως,
2919 3098 3016 3161 τῆς
3067 3088 3344 3168 Κεφαλῆς,
3391 3093 3488 3144 τοῦ
3540 3087 3728 3160 Νόμου
3757 3132 3770 3157 ,

2120 3189 2221 3251 τῆς
2266 3179 2446 3252 Ὁδοῦ,
2495 3189 2596 3251 τῆς
2644 3181 2840 3257 Θύρας,
2894 3184 2990 3235 τοῦ
3046 3177 3337 3253 Θεμελίου,
3393 3185 3489 3247 τῆς
3545 3177 3771 3245 Πέτθας,

2121 3275 2218 3326 τοῦ
2249 3271 2614 3346 Μαργαρίτου,
2660 3278 2759 3339 τῆς
2810 3271 3072 3346 Εἰρήνης,
3121 3276 3219 3337 τῆς
3267 3266 3648 3336 Δικαιοσύνης,
3677 3270 3773 3320 τοῦ

2125 3362 2430 3434 Ἀγιασμοῦ
2488 3363 2621 3434 (74),
2679 3367 2778 3429 τῆς
2836 3357 3343 3433 ’Δπολυτρώσεως,
3391 3360 3487 3411 τοῦ
3545 3355 3776 3430 Ἀνθρώ-

361 3447 500 3501 nis:
535 3445 757 3517 ecquis,
809 3447 1078 3518 inquam,
1110 3447 1231 3502 hac
1278 3447 1518 3503 nomina
1566 3452 1624 3502 et
1673 3463 1765 3504 res
1814 3449 2003 3505 inc’as-

2125 3471 2250 3520 που,
2308 3454 2404 3503 τοῦ
2465 3447 2696 3518 Δούλου,
2756 3452 2853 3502 τοῦ
2913 3448 3206 3519 Ποιμένος,
3255 3450 3352 3500 τοῦ
3405 3446 3629 3518 Ἀμνοῦ,
3679 3447 3775 3497 τοῦ

358 3552 492 3591 sum
538 3536 802 3602 audiens,
855 3536 1106 3590 necdum
1151 3535 1333 3592 ullam
1383 3554 1516 3592 cum
1567 3537 1757 3593 Verbo
1806 3544 2009 3594 nactus

359 3623 974 3692 communicationem,
1044 3641 1147 3680 nec
1221 3625 1411 3697 ipsius
1467 3631 1757 3697 quatenus
1824 3644 2008 3683 unum

358 3713 637 3783 quodque
688 3711 922 3780 horum,
973 3717 1031 3768 et
1080 3718 1187 3784 est,
1221 3719 1278 3769 et
1327 3713 1673 3786 appellatur,
1719 3715 2010 3787 particeps

359 3801 568 3856 factus.

430 4069 593 4124 XCX.
649 4069 876 4140 Ecquis,
930 4087 1064 4125 cum
1115 4070 1378 4125 nondum
1429 4070 1736 4136 vacaverit,
1791 4087 1856 4126 ac
1906 4071 2007 4127 Dei

360 4157 710 4228 sapientiam
744 4160 801 4213 in
835 4159 1110 4231 mysterio
1142 4159 1573 4227 absconditam,
1606 4158 1765 4230 loqui
1795 4159 2007 4215 didice-

359 4247 438 4300 rit
467 4247 530 4313 ⁷⁵,
555 4249 653 4302 sed
690 4247 968 4319 parvulus
1000 4246 1189 4302 adhuc
1222 4248 1317 4317 sit,
1350 4247 1544 4302 adhuc
1567 4247 1717 4303 lacte
1749 4247 2005 4315 alatur“,

357 4335 551 4391 adhuc
582 4353 650 4392 ex
679 4337 749 4391 iis
783 4336 859 4391 sit
890 4336 990 4406 qui
1027 4336 1179 4390 inter
1208 4336 1505 4392 Israelitas
1537 4353 1649 4391 non
1686 4353 2006 4392 numeran-

424 4456 470 4489 ⁶⁴
500 4454 666 4508 Rom.
694 4471 772 4512 v1.
809 4453 894 4507 13.
971 4453 1015 4487 ⁸⁵
1047 4452 1096 4506 II
1128 4452 1254 4507 Cor.
1290 4469 1346 4521 ν,
1377 4454 1427 4507 4.
1469 4454 1513 4487 (⁵⁵
1573 4453 1723 4508 Psal.
1755 4471 1831 4517 x1,
1881 4457 1935 4509 7.

354 4530 444 4583 22.
522 4527 564 4560 7°
598 4525 618 4579 Ι
653 4525 780 4580 Cor.
814 4541 875 4592 ιι,
916 4526 1000 4578 13.
1095 4525 1136 4558 τί
1191 4523 1337 4579 Psal.
1394 4541 1542 4592 xxv1,
1579 4526 1630 4579 4.

368 4617 432 4667 ιι,
462 4600 514 4653 7.
594 4597 637 4630 76
669 4601 689 4650 l
721 4597 832 4651 Cor
862 4613 946 4664 ιιι,
977 4597 1031 4649 2.

427 4713 542 4784 (66)
577 4711 818 4786 Λογίοις.
854 4708 1153 4786 Nonnulli,
1187 4706 1395 4786 λόγοις.

428 4781 539 4857 (67)
572 4781 837 4865 Τρίσσῶς.
874 4783 1182 4865 advertere
1207 4781 1376 4906 ‘iuvat
1418 4799 1451 4836 a
1481 4781 1756 4863 Gregorio
1788 4781 2008 4836 dictum

429 4860 607 4906 ισσῶς-
641 4872 781 4906 auia
831 4853 924 4906 his
963 4871 1021 4906 ιιι
1067 4853 1201 4906 tabu
1233 4869 1280 4906 IS
1327 4853 1416 4906 lex
1445 4859 1663 4906 scribta
1692 4857 1800 4906 est.
1830 4854 2008 4906 semel

1233 4852 1280 4908 is
1327 4853 1416 4908 lex
1445 4852 1663 4925 scripta
1692 4857 1800 4920 est,
1830 4854 2008 4908 semel

354 4853 607 4932 τρισσῶς,
624 4853 809 4932 'quia_
831 4853 924 4909 his
963 4855 1045 4932 in_
1067 4853 1201 4932 tabi]

357 4925 553 4984 autem
586 4925 849 4982 incorde
870 4943 981 5050 per
1013 4925 1309 4994 Spiritum.

427 5001 539 5050 (68)
622 4998 720 5050 Τὸν
802 5017 865 5049 να
902 5019 949 5050 ν.
1035 5004 1153 5050 Ι)υο
1243 4997 1366 5050 codi

384 5001 539 5080 ‘(68)
622 4998 720 5050 Τὸν
802 4997 949 5050 ναόν.
1035 5004 1153 5052 Duo
1243 4997 1472 5052 codices
1565 4997 1819 5061 addunt,

591 5142 845 5214 Χριστοῦ.
902 5144 1160 5206 Quatuor
1210 5138 1395 5210 Regii,
1446 5155 1528 5193 or.
1596 5139 1645 5202 1,
1705 5135 1864 5192 Colb.
1925 5154 2004 5202 m,

351 5218 504 5277 Θεοῦ,
537 5218 656 5268 Jes.
689 5215 921 5283 Χριστοῦ
954 5214 1108 5265 Θεοῦ.

383 5286 533 5370 ,(70)
567 5279 906 5358 Συγγὲνειαν.
941 5307 967 5333 ‹‹
1001 5283 1440 5355 Cognationem.
1503 5302 1522 5328 η
1579 5280 1680 5334 Ed.
1730 5302 1755 5328 ‹‹
1809 5279 2006 5351 cogni-

355 5365 858 5518 ιιᾝῗῗιὲόθματος.
893 5425 1053 5498 Regii
1082 5425 1360 5496 quinque,
1393 5423 1507 5476 duo
1539 5421 1723 5487 Colb.,
1757 5421 1847 5478 ed.
1879 5425 2005 5477 Bas.

359 5517 703 5574 γράμματος.
1532 5565 1541 5574 _

436 5572 546 5640 (27)
578 5565 854 5627 Ὀδεύσας.
907 5567 1050 5640 Gab.
1101 5588 1131 5619 »
1183 5569 1593 5640 peragraverit.
1629 5587 1648 5615 α
1686 5566 1860 5620 Porro
1905 5563 2009 5640 hoe

369 5637 494 5697 rum
527 5637 743 5696 Christi
784 5639 1088 5694 nominum
1135 5637 1280 5697 bene
1327 5637 1589 5694 omnium
1641 5643 1921 5692 rationem
1955 5639 2011 5688 et

367 5712 870 5777 commentarium,
923 5710 1047 5782 ipso
1093 5707 1383 5782 Theologo
1427 5709 1763 5782 interprete,
1809 5707 2006 5774 habes,

1912 4993 2002 5049 τὸν

2029 4455 2072 4488 ⁸⁷
2119 4454 2255 4508 Luc.
2301 4471 2454 4522 xxxv,
2504 4454 2594 4508 32.

1706 4526 1750 4559 7’
1782 4525 1830 4580 ll
1877 4526 2002 4581 Cor.
2053 4543 2129 4580 v1.
2182 4527 2267 4579 16.

2120 3539 2476 3614 Ἀρχιερέως,
2528 3541 2626 3591 τοῦ
2675 3535 2944 3609 Θόματος,
2995 3539 3090 3590 τοῦ
3124 3534 3481 3610 Πρωτοτόκου
3529 3533 3634 3608 πρὸ
3664 3531 3777 3585 κτί-

2121 3648 2253 3688 σεως
2303 3630 2452 3699 (75),
2506 3624 2865 3702 Πρωτοτόκου
2917 3624 2976 3679 ἐκ
3021 3628 3127 3678 τῶν
3180 3627 3420 3699 νεκρῶν,
3470 3629 3569 3692 τῆς
3623 3622 3777 3676 Ἀνα-

2121 3716 2378 3776 στάσεωςο
2411 3713 2489 3775 τίς
2538 3713 2743 3768 τούτων
2793 3718 2897 3769 τῶν
2949 3712 3230 3786 ὀνομάτων
3269 3733 3328 3767 τε
3372 3710 3461 3765 καὶ
3515 3711 3775 3784 πραγμά-

2117 3824 2223 3856 των
2255 3801 2532 3856 ἐπακούων
2569 3803 2682 3875 (76)
2733 3800 2874 3873 εἰκῆ,
2922 3801 3011 3856 καὶ
3069 3802 3237 3873 μήπω
3287 3800 3626 3868 κοινωνήσας
3665 3799 3777 3870 (77)

2119 3891 2196 3964 τῷ
2250 3892 2435 3966 Λόγῳ,
2490 3887 2631 3964 μηδὲ
2692 3885 3012 3960 μεταλαϐὼν
3075 3888 3260 3956 αὐτοῦ,
3319 3888 3438 3950 καθ’
3494 3887 3523 3941 ὃ
3570 3884 3778 3940 τούτων

2116 3977 2339 4035 ἕκαστόν
2367 3979 2478 4034 ἐστί
2507 4001 2564 4034 τε
2594 3980 2683 4033 καὶ
2713 3977 2973 4049 κέκληται
3010 3997 3022 4046 ;

2191 4070 2281 4146 ιβ’
2310 4069 2429 4134 Τίς,
2465 4071 2634 4142 μήπω
2683 4067 2983 4143 σχολάσας,
3033 4064 3173 4139 μηδὲ
3220 4065 3406 4138 μαθὼν
3441 4063 3628 4119 λαλεῖν
3663 4064 3778 4136 (78)

2117 4163 2250 4213 Θεοῦ
2300 4158 2489 4236 σοφίαν
2540 4157 2591 4212 ἐν
2643 4157 2930 4232 μυστηρίῳ
2981 4157 3077 4223 τὴν
3126 4153 3640 4227 ἀποκεκρυμμένην,
3693 4147 3771 4206 ἔτι

2114 4251 2314 4318 νήπιος
2347 4245 2442 4319 ὢν,
2478 4246 2556 4302 ἔτι
2585 4247 2917 4324 τρεφόμενος
2949 4241 3203 4319 γάλακτι,
3237 4241 3314 4296 ἔτι
3345 4245 3453 4294 τῶν
3485 4240 3586 4295 οὐκ
3617 4239 3769 4316 ἀριθ-

2121 4335 2402 4410 μουμένων
2438 4336 2487 4390 έν
2519 4341 2597 4408 τῷ
2628 4339 2739 4408 (79)
2772 4332 3013 4410 Ἰσραὴλ,
3046 4331 3170 4386 οὐδέ
3200 4329 3657 4404 καταλεγομένων
3691 4327 3770 4390 εἷς

3263 4449 3309 4484 ⁸9
3356 4447 3494 4504 Job.
3544 4463 3778 4513 xxxvm,

2962 4523 3006 4555 7‘
3038 4521 3204 4576 Rom.
3247 4537 3346 4588 v11,
3378 4521 3432 4575 6.
3513 4520 3557 4555 ⁷⁵
3589 4521 3610 4574 I
3642 4521 3770 4574 Cor.

2669 4452 2764 4506 ⁵⁸1
2813 4453 2942 4506 Cor.
2977 4468 3037 4517 ιι,
3087 4450 3176 4504 16.

2359 4527 2401 4560 ⁷³
2445 4525 2654 4596 Ephes.
2706 4541 2766 4591 ιι,
2795 4524 2886 4577 22.

2041 4722 2088 4786 1)
2119 4713 2275 4786 orat:
2299 4725 2579 4786 xquuae
2603 4712 2689 4786 est
2721 4707 2981 4786 secunda
3005 4707 3077 4763 de
3107 4705 3276 4786 Ij‘ilio,
3311 4720 3471 4760 num.
3503 4704 3658 4786 21_et

2192 4782 2305 4852 (73)
2360 4769 2489 4837 Τόἷ
2532 4778 2732 4854 φωτός,
2788 4779 3062 4850 Sequitur
3120 4777 3179 4832 in
3230 4769 3373 4849 Reg.
3431 4792 3479 4840 r,
3531 4777 3631 4838 τῆς
3675 4769 3774 4823 Δό-

2148 4872 2232 4911 τις.

2120 4854 2302 4994 ξηῗῆνίι)
2332 4921 2648 4994 Ἀγιασμοῦ.
2683 4919 2843 4994 Οοῌ).
2879 4919 2919 4985 ἱ,
2949 4915 3333 4994 ⁸Δγιάσμᾳτος.

2188 4989 2300 5065 (75)
2337 4989 2447 5064 Πρὸ
2489 4989 2732 5065 κτίσεως.
2769 4993 2908 5065 Reg.
2944 5008 2995 5059 a,
3029 4989 3091 5043 έκ
3120 4989 3365 5065 κτίσεως.
3515 5057 3528 5065 _
3710 5054 3744 5065 Α

2187 5057 2299 5135 (76)
2331 5057 2665 5135 Ἐ’πακούων.
2692 5057 3066 5135 ,Reg._‘hu,’et
3119 5061 3277 5135 Colb.
3312 5061 3365 5135 3,
3415 5057 3588 5114 ambo
3627 5057 3778 5128 opti-

2116 5131 2203 5193 me
2237 5131 2403 5204 notae,
2454 5132 2533 5189 ἔτι
2571 5131 2967 5202 ἀκούωνέἰκῆ,
3001 5156 3027 5182 ‹‹
3083 5133 3277 5188 adhuc
3319 5131 3620 5186 incassum
3677 5144 3780 5182 au-

2118 5210 2303 5265 diens.
2341 5231 2368 5257 ››

2187 5282 2299 5349 (77)
2331 5279 2510 5346 Μήπω
2541 5277 2898 5349 κοινωνήσας,
2935 5279 3041 5349 etc.
3082 5297 3102 5319 α
3135 5271 3613 5349 Necdum__ullam
3644 5284 3780 5325 cum

2117 5343 2304 5407 Verbo
2338 5343 2544 5405 nactus
2581 5343 3198 5405 communicationem.
3253 5367 3280 5394 »
3319 5343 3548 5414 Billius,
3590 5362 3617 5396 α
3647 5355 3782 5398 nec-

2119 5424 2260 5478 dum
2290 5420 2637 5477 commercio
2670 5419 2786 5474 ullo
2819 5435 2951 5474 cum
2985 5418 3173 5473 Verbo
3205 5416 3426 5472 habito.
3465 5437 3492 5465 η

2191 5477 2299 5565 (78)
2333 5488 2558 5565 Λαλεῖνε
2589 5492 2683 5546 Sic
2732 5507 2933 5565 omnes
2983 5488 3452 5565 codicem-Male,
3499 5477 3685 5565 λαϐεῖν
3717 5481 3778 5542 in

2119 5556 2210 5620 ed'.
2248 5556 2425 5619 Paris.
2457 5567 2513 5616 et
2544 5561 2696 5629 Bas.,
2737 5563 2796 5617 in
2823 5579 2938 5633 qua
2967 5565 3164 5616 tamen
3198 5559 3398 5616 Billius
3429 5556 3776 5615 emendave-

2121 5640 2230 5691 rat.

2191 5707 2302 5776 (79)
2335 5705 2419 5759 ’Ev
2448 5702 2545 5776 τῷ.
2581 5704 2753 5763 Deest
2779 5703 2832 5758 ὶν
2869 5704 2928 5759 in
2959 5703 3098 5775 Reg.
3131 5702 3232 5758 hu.
