4152 6286
334 394 444 456 501
1481 391 1773 455 ORATIO
1816 389 1896 453 Π.
1927 416 1982 438 -

2105 391 2598 459 POLOGETICA.
3622 412 3740 474 502

336 530 471 583 Θεοῦ
502 524 813 601 παράταξιν,
849 527 1017 600 μήπω
1048 526 1141 581 τὸν
1170 531 1400 602 Χριστου
1448 524 1671 599 σταυρὸν
1719 521 1795 584 ὡς
1843 523 1979 598 ἀνὴρ

2105 529 2190 583 tur
2219 528 2300 595 77,-
2332 545 2435 586 nec
2467 533 2525 587 in
2558 532 2655 589 Dei
2686 535 2894 591 castris
2925 542 3321 609 recensentur,
3354 544 3615 601 nondum
3639 546 3737 602 de-

337 613 506 691 α’ίρειν
530 612 851 688 δυνάμενος,
869 618 1039 689 μήπω
1066 612 1327 688 μηδὶ(80)
1342 613 1480 669 ἄλλο
1497 634 1547 667 τι
1571 611 1736 685 μέλος
1760 609 1985 674 ὢνῖσως

336 711 439 760 τῶν
527 706 899 780 τιμιωτέρων,
956 704 1139 759 ἔπειτα
1213 703 1289 764 εἷς
1358 701 1600 779 κεφαλὴν
1658 707 1983 769 καταστῆναι

340 799 580 869 Χριστοῦ
612 792 989 868 πληρώματος
1032 791 1230 865 δέξεται
1281 790 1491 867 χαίρων
1537 790 1627 844 καὶ
1671 790 1985 865 προθυμού-

342 902 540 957 μενος;
576 882 690 939 Οὐκ
744 879 937 957 ἔμοιγε
986 885 1145 955 κριτῇ
1204 881 1293 934 καὶ
1353 874 1654 951 συμϐούλῳ
1695 879 1826 951 (81)·
1860 875 1985 933 ἀλλ’

338 974 496 1033 οὗτος
529 974 557 1026 ὁ
598 966 780 1049 φόϐων
847 970 1123 1045 μέγιστος,
1154 969 1311 1030 οὗτος
1367 969 1394 1022 ὁ
1443 964 1704 1021 κινδύνων
1756 962 1985 1041 ἔσχατος

337 1062 496 1116 παντὶ
536 1065 614 1131 τῷ
646 1059 870 1115 συνιέντι
902 1060 990 1114 καὶ
1020 1064 1115 1113 τοῦ
1162 1054 1595 1132 κατορθουμένου
1632 1057 1695 1111 τὸ
1740 1056 1985 1132 μέγεθος,

337 1150 427 1205 καὶ
457 1157 555 1219 τῆς
584 1146 904 1223 διαμαρτίας
933 1148 1021 1202 τὸν
1057 1146 1298 1222 ὄλεθρον.

413 1420 481 1473 Ρ’.
514 1417 721 1478 ’Ἄλλος
775 1418 867 1488 μὶν
911 1414 1000 1470 οὖν
1051 1414 1257 1470 πλείτω
1298 1415 1417 1468 κατ’
1448 1411 1733 1488 ἐμπορίαν,
1775 1406 1984 1487 ἔλεγον,

340 1508 427 1561 καὶ
460 1509 576 1579 (82)
606 1508 671 1560 τὰ
732 1505 911 1577 μακρὰ
964 1502 1394 1577 διαπεραιοῦσθω
1442 1501 1677 1575 πελάγη,
1708 1501 1798 1555 καὶ
1847 1521 1985 1571 συμ-

341 1598 581 1673 φερὲσθω
638 1600 753 1655 τοῖς
813 1592 1033 1666 ἀνέμοις
1094 1593 1174 1646 ἀεὶ
1231 1591 1320 1645 καὶ
1378 1595 1495 1652 τοῖς
1538 1588 1741 1662 κύμασι
1777 1585 1987 1663 μεγάλα

342 1684 430 1738 καὶ
460 1682 763 1759 κερδήσων,
799 1682 856 1736 ἂν
886 1682 1028 1737 οὕτω
1081 1680 1243 1755 τύχῃ,
1275 1680 1365 1734 καὶ
1424 1676 1803 1745 κινδυνεύσῶν,
1838 1676 1983 1738 ὅστις

339 1770 808 1831 πλευστικώτατος
857 1771 893 1839 ἢ
944 1769 1389 1845 ἐμπορικώτατος
1626 1767 1747 1837 ἐμοὶ
1801 1764 1846 1820 δ’
1894 1764 1985 1820 οὖν

337 1863 688 1937 αἱρετώτερον
736 1859 821 1914 ἐπὶ
870 1866 970 1935 γῆς
1014 1859 1263 1933 ἀνέχοντι
1297 1859 1431 1930 (84),
1468 1858 1726 1931 βραχεῖαν
1777 1852 1985 1960 αὔλακα
2017 1897 2062 1960 Β

333 1950 582 2022 τέμνοντι
622 1949 710 2003 καὶ
759 1948 1034 2023 γλυκεῖαν,
1068 1945 1347 2021 πόρρωθεν
1405 1944 1764 2015 ἀσπαζομένῳ
1815 1942 1977 2018 κέρδη

334 2040 422 2093 καὶ
454 2040 752 2104 θάΛασσαν,
790 2041 882 2111 ζῇν
917 2036 1087 2097 οὕτως
1119 2034 1268 2096 ὅπως
1297 2035 1355 2087 ἂν
1389 2032 1636 2105 δόνωμαι
1677 2034 1766 2087 σὺν
1823 2031 1985 2107 ὀλίγῃ

333 2127 420 2182 καὶ
484 2131 655 2201 μικρᾷ
709 2130 778 2198 τῇ
844 2126 1004 2198 μάζῃ,
1064 2124 1153 2178 καὶ
1211 2122 1327 2199 βίον
1383 2119 1561 2176 ἕλκειν
1622 2120 1835 2198 ἀσφαλῆ
1894 2121 1983 2175 καὶ

334 2215 635 2288 ἀκύμαντον
682 2216 817 2287 (85),
856 2216 890 2282 ἢ
945 2214 1147 2289 μακρὸν
1194 2211 1538 2287 ἀναρριπτεῖν
1589 2213 1702 2284 (86)
1746 2210 1833 2264 καὶ
1889 2211 1982 2281 μὲ-

334 2326 428 2381 γαν
457 2304 544 2359 ἐπὶ
579 2302 835 2379 μεγάλοις
867 2301 1077 2378 κέρδεσι
1103 2298 1367 2355 κίνδυνον.

411 2498 529 2553 ΡΑ’.
562 2494 788 2569 Ὑψηλῷ
821 2496 915 2568 μὲν
947 2494 1050 2569 γὰρ
1087 2494 1257 2567 ζημία
1300 2496 1362 2547 τὸ
1423 2496 1496 2566 μή
1552 2493 1816 2567 ἐγχειρεῖν
1866 2490 1984 2563 μεί-

340 2590 474 2655 ζοσι,
517 2582 656 2657 μηδὲ
687 2586 800 2657 (87)
860 2583 935 2644 εἷς
992 2582 1213 2643 πλείους
1276 2581 1553 2636 διατείνειν
1612 2582 1709 2649 τὴν
1768 2581 1983 2655 ἀρετὴν,

339 2672 462 2728 ἀλλ’
494 2674 580 2727 ἐπὶ
615 2676 824 2747 μικρῶν
852 2670 1123 2740 ’ίστασθαι,
1159 2672 1271 2725 οἷον
1330 2669 1552 2746 μεγάλῳ
1602 2671 1741 2747 φωτὶ
1795 2669 1984 2743 μικρὸν

339 2762 483 2815 οἶκον
513 2760 882 2835 αὐγάζοντα,ἢ
909 2760 1188 2830 πανοπλίᾳ
1208 2764 1422 2832 νεανικῇ
1446 2764 1604 2830 σῶμα
1625 2755 1873 2812 παιδικὸν
1897 2778 1988 2811 πε-

335 2850 672 2924 ρισκὲποντα·
696 2853 876 2922 μικρῷ
914 2846 971 2903 δὲ
994 2851 1104 2920 (88)
1128 2846 1395 2925 ἀσφάλεια
1421 2848 1588 2921 μικρά
1622 2847 1985 2923 φορτίζεσθαι,

335 2936 480 2993 ἀλλὰ
515 2940 613 3010 μὴ,
643 2943 758 2999 τοῖς
807 2938 936 3011 ὑπὲρ
989 2934 1214 3009 δύναμιν
1267 2937 1451 2990 ἑαυτὸν
1505 2934 1823 2999 ὑποτιθέντα
1852 2938 1984 3006 (89),

345 3024 563 3098 γέλωτά
607 3046 664 3079 τε
719 3023 1059 3100 ὀφλισκάνειν
1121 3026 1284 3097 ὁμοῦ,
1344 3024 1430 3079 καὶ
1497 3022 1839 3099 προστιθέναι
1896 3023 1984 3076 τὸν

344 3110 603 3167 κίνδυνον*
635 3113 809 3187 ὥσπερ
863 3134 923 3189 γε
979 3115 1068 3167 καὶ
1115 3113 1322 3189 πύργον
1359 3111 1668 3185 οἰκοδομεῖν
1702 3113 1801 3166 οὐκ
1830 3110 1987 3183 ἄλλῳ

334 3202 439 3257 τινὶ
471 3208 739 3275 προσῆκεν
915 3203 949 3271 ἢ
984 3204 1041 3265 ὃς
1071 3199 1187 3278 ἔχει
1218 3205 1284 3257 τὰ
1331 3203 1465 3277 πρὸς
1515 3202 1875 3277 ἀπαρτισμὸν,
1908 3201 1981 3263 ὡς

335 3290 666 3364 ἠκούσαμεν.

410 3559 532 3613 AB'.
568 3564 767 3633 Ἔχετε
813 3559 912 3625 τὴν
954 3555 1254 3632 ἀπολογίαν
1311 3558 1409 3625 τήν
1456 3556 1590 3631 ὀπὶρ
1635 3563 1736 3625 τῆς
1785 3563 1982 3634 φυγῆς,

330 3647 420 3700 καὶ
476 3644 603 3708 ἴσως
654 3646 715 3701 οὐ
761 3646 1003 3720 μετρίαν.
1036 3652 1101 3700 *Α
1137 3646 1230 3718 μὶν
1285 3644 1375 3700 οὗν
1431 3666 1498 3718 με
1535 3647 1622 3723 ἀφ’
1657 3647 1805 3718 ὑμῶν
1841 3646 1983 3715 ἀπή-

334 3755 509 3808 γαγεν,
547 3736 592 3788 ὦ
643 3720 932 3812 φίλοιλκαὶ
982 3731 1229 3810 ἀδελφοὶ,
1265 3733 1525 3808 λυπηρῶς
1577 3720 1669 3806 μὲν
1720 3734 1842 3806 ἐμοὶ
1894 3733 1982 3787 καὶ

339 3823 467 3894 ὑμῖν
522 3820 674 3890 ἴσως,
709 3822 1007 3899 ἀναγκαίως
1058 3820 1104 3876 δ’
1154 3821 1267 3893 οὖν,
1303 3822 1378 3884 ὡς
1426 3827 1556 3896 γοῦν
1602 3823 1820 3894 ἐμαυτῷ
1862 3823 1983 3877 τότε

333 3909 582 3981 ἐδόκουν,
614 3915 785 3967 ταῦτά
832 3912 994 3966 ιστιν·
1050 3910 1357 3986 ἐπανήγαγε
1398 3910 1454 3967 δέ
1505 3933 1571 3984 με
1600 3914 1712 3985 (94)
1749 3910 1984 3984 μάλιστα

337 4001 430 4072 μὲν
465 4002 493 4054 ὁ
526 4002 664 4076 πρὸς
698 4001 838 4075 ὑμᾶς
871 4001 1065 4071 πόθος,
1094 3999 1183 4055 καί
1212 4001 1274 4055 τὸ
1316 4000 1744 4055 ἀντιποθοόντων
1796 4001 1978 4063 αἰσθά-

332 4088 720 4144 νεσθαι-οὐδὲν
788 4090 890 4165 γὰρ
950 4090 1122 4152 οὕτως
1183 4089 1403 4164 ἰσχυρὸν
1464 4090 1598 4164 πρὸς
1645 4089 1876 4165 ἀγάπην,
1908 4090 1981 4150 ὠς

332 4175 715 4251 ἀντιδιδομένη
750 4176 1005 4242 διάθεσις.

404 4451 514 4499 Pl'".
550 4445 806 4519 Δεύτερον
842 4442 899 4499 δὶ
928 4446 963 4513 ἡ
1003 4444 1110 4517 ἐμὴ
1166 4444 1406 4522 φροντὶς,
1438 4445 1501 4499 τὸ
1550 4442 1678 4516 ἐμὸν
1732 4444 1911 4521 ἔργον,
1942 4448 1976 4514 ἡ

330 4537 440 4587 τῶν
471 4534 630 4608 ἱερῶν
662 4535 865 4609 γονέων
897 4533 1068 4589 πολιὰ
1096 4533 1185 4587 καὶ
1235 4534 1495 4603 ἀσθένεια,
1530 4532 1608 4587 ἐπ’
1640 4534 1762 4606 ἐμοὶ
1810 4532 1975 4588 πλέον

2096 615 2273 688 nique
2300 618 2509 675 Christi
2543 638 2771 678 crucem
2812 628 3093 696 tanquam
3124 629 3212 683 vir
3248 630 3397 687 ferre
3447 637 3640 703 queat,
3674 651 3739 691 ac

2096 721 2168 760 ne
2198 705 2354 762 aliud
2387 711 2683 779 quoddam
2717 714 2963 770 fortasse
2995 720 3370 786 praestantius
3403 723 3736 779 membrum

2094 793 2189 861 sit,
2222 795 2349 851 laeto
2380 802 2574 854 tamen
2606 803 2901 873 alacrique
2933 805 3128 860 animo
3161 824 3222 861 se
3262 809 3587 867 Christiano
3620 830 3737 868 cce-

2092 884 2179 937 tui
2210 890 2387 957 caput
2414 889 2691 944 constitui
2725 892 3023 961 patietur?
3054 895 3177 950 Non
3211 898 3486 967 profecto,
3520 901 3567 955 si
3607 902 3737 972 qui-

2095 973 2226 1027 dem
2260 975 2502 1031 consilio
2544 994 2671 1033 meo
2703 981 3016 1049 acjudicio
3048 985 3323 1040 standum
3356 989 3603 1058 putabit.
3641 992 3742 1045 Est

2095 1062 2311 1134 quippe
2332 1063 2425 1118 hic
2450 1070 2637 1121 metus
2658 1069 2921 1123 omnium
2945 1072 3259 1137 maximus,
3284 1074 3391 1130 hoc
3414 1076 3739 1147 periculum

2095 1151 2360 1205 omnium
2414 1154 2849 1227 gravissimum,
2898 1159 3036 1216 huic
3067 1162 3299 1232 quidem
3346 1169 3521 1235 certe,
3553 1168 3651 1237 qui
3683 1172 3739 1223 et

2095 1255 2279 1309 operae
2314 1241 2585 1313 praeclare
2616 1251 2838 1303 navatae
2865 1250 3351 1321 magnitudinem,
3386 1258 3442 1309 et
3479 1257 3561 1311 rei
3593 1255 3739 1313 infe-

2093 1328 2283 1385 liciter
2310 1334 2484 1402 gestae
2518 1334 2835 1404 perniciem
2866 1336 3160 1411 intelligit.

2166 1417 2225 1473 C.
2261 1419 2422 1476 Alius
2453 1421 2650 1493 igitur,
2683 1440 2912 1480 mecum
2944 1427 3070 1498 ipse
3096 1430 3381 1499 dicebam,
3402 1438 3741 1493 mercaturae

2095 1522 2274 1562 causa
2304 1510 2619 1581 naviget,et
2646 1511 2821 1585 longa
2852 1517 3037 1571 maria
3066 1519 3341 1589 trajiciat,
3371 1525 3427 1575 et
3456 1538 3590 1577 cum
3609 1539 3744 1579 ven-

2094 1592 2171 1647 tis
2204 1610 2267 1648 ac
2300 1594 2573 1652 fluctibus
2604 1604 2881 1669 perpetuo
2914 1603 3430 1679 conﬂigat,magna
3461 1612 3548 1665 vel
3579 1610 3743 1667 lucra

2097 1681 2249 1736 factu
2262 1701 2379 1749 rus,
2401 1686 2447 1740 si
2484 1685 2563 1740 ita
2584 1704 2756 1743 casus
2778 1690 2997 1757 tulerit,
3015 1693 3101 1748 vel
3126 1695 3384 1765 pericula
3414 1699 3740 1767 subiturus,

2096 1771 2367 1842 quisquis
2398 1774 2677 1830 nimirum
2709 1778 2795 1833 vel
2830 1780 3139 1851 navigandi
3184 1785 3409 1855 peritia,
3442 1786 3529 1842 vel
3561 1804 3741 1860 nego-

2091 1859 2275 1915 tiandi
2308 1868 2429 1918 arte
2459 1865 2684 1919 excellit
2716 1882 2728 1919 :
2762 1868 2907 1923 mihi
2936 1886 3035 1925 ver
3081 1872 3274 1942 potius
3308 1879 3479 1946 atque
3513 1859 3741 1948 optabi-

2093 1948 2208 2004 lius
2242 1954 2347 2016 est,
2382 1952 2440 2006 in
2472 1957 2624 2009 terra
2653 1955 2904 2027 degenti,
2934 1962 3107 2029 atque
3141 1962 3417 2033 exiguum
3451 1981 3654 2021 arvum
3685 1970 3742 2022 et

2094 2039 2263 2095 dulce
2292 2040 2564 2109 sulcanti,
2599 2060 2665 2098 ac
2715 2044 2879 2100 lucra
2916 2050 2972 2101 et
3003 2064 3161 2104 mare
3200 2053 3400 2122 procul
3432 2052 3737 2123 salutanti,

2093 2130 2281 2185 vivere
2312 2134 2376 2185 ut
2400 2136 2596 2201 potero
2628 2150 2758 2188 cum
2784 2151 2967 2205 pauca
2996 2141 3051 2193 et
3079 2140 3287 2211 exigua
3320 2157 3501 2208 maza,
3534 2143 3739 2198 vitam-

2095 2235 2207 2290 que
2235 2224 2422 2274 tutam
2455 2226 2513 2275 at
2544 2223 2924 2293 tranquillam
2957 2227 3189 2293 ducere,
3222 2245 3397 2298 quam
3434 2233 3505 2285 ob
3537 2231 3742 2304 ingen-

2094 2313 2184 2363 tes
2217 2314 2478 2380 quaestus
2508 2326 2680 2382 grave
2707 2329 2772 2367 ac
2803 2312 3150 2371 diuturnum
3194 2318 3517 2389 periculum
3550 2321 3742 2377 susci-

2094 2413 2250 2469 pere.

2166 2486 2253 2541 Cl.
2278 2487 2502 2543 Etenim
2523 2489 2761 2544 sublimi
2790 2491 3026 2561 quidem
3047 2493 3167 2548 viro
3190 2496 3607 2553 detrimentum
3634 2503 3743 2566 est,

2097 2578 2196 2634 59
2220 2594 2312 2632 res
2344 2593 2589 2649 magnas
2612 2596 2725 2633 non
2760 2581 3018 2651 aggredi,
3045 2600 3148 2637 nec
3178 2584 3449 2639 virtutem
3487 2588 3554 2642 ad
3592 2588 3745 2643 mul-

2096 2671 2186 2721 tos
2213 2681 2552 2738 prOpagare,
2588 2669 2689 2722 sed
2722 2669 2778 2723 in
2813 2669 3007 2740 parvis
3052 2673 3369 2729 consistere
3418 2693 3533 2731 non
3574 2692 3746 2734 secus

2099 2773 2163 2811 ac
2188 2756 2235 2810 si
2268 2772 2479 2827 magno
2510 2755 2732 2812 lumine
2786 2775 3020 2828 parvam
3053 2761 3293 2817 domum
3338 2762 3612 2836 illustrat,
3647 2772 3747 2821 aut

2096 2845 2365 2899 virilibus
2398 2845 2579 2901 armis
2601 2846 2821 2917 puerlle
2842 2864 3053 2919 corpus
3085 2850 3524 2921 obtegat.Parvo
3547 2859 3741 2910 autem

2098 2931 2261 2986 salus
2293 2932 2351 2985 in
2384 2948 2449 2986 eo
2482 2932 2772 3000 consistit,
2807 2937 2872 2987 ut
2921 2952 3163 3006 parvum
3197 2954 3347 2993 onus
3379 2940 3605 3011 subeat,
3638 2959 3743 2998 nec

2098 3020 2171 3075 iis
2202 3020 2376 3075 rebus
2406 3037 2532 3092 quae
2560 3022 2711 3076 vires
2734 3021 2921 3094 ipsius
2943 3026 3246 3081 excedunt.
3273 3029 3531 3099 seipsum
3566 3032 3743 3101 subji-

2097 3110 2277 3174 ciens,
2312 3108 2488 3164 simul
2533 3114 2589 3165 et
2636 3110 2819 3166 risum
2870 3118 3116 3176 moveat,
3161 3116 3484 3186 periculum
3536 3121 3742 3190 adjun-

2097 3202 2215 3269 gat.
2248 3198 2747 3260 Quemadmodum
2778 3199 3000 3256 scilicet
3043 3218 3147 3258 nec
3179 3204 3274 3259 alii
3309 3206 3587 3278 cuiquam
3620 3212 3743 3264 tur-

2096 3286 2206 3341 rim
2238 3287 2525 3342 aedificare
2555 3288 2825 3342 convenit
2872 3289 2936 3358 ⁷⁸,
2985 3307 3160 3360 quam
3209 3292 3259 3347 ei
3306 3293 3405 3363 qui
3437 3309 3505 3349 ea
3535 3295 3747 3353 habeat

2095 3392 2221 3446 qua
2257 3377 2328 3431 ad
2361 3375 2779 3447 perficiendum
2812 3378 3207 3449 requiruntur,
3244 3386 3307 3436 ut
3337 3400 3404 3437 ex
3447 3385 3747 3457 Scriptura

2095 3465 2447 3522 audivimus.

2166 3552 2279 3607 CII.
2316 3552 2552 3607 Habetis
2600 3556 2863 3609 nostram
2909 3554 2982 3609 de
3032 3555 3172 3627 fuga
3221 3559 3649 3629 purgationem,
3677 3578 3744 3616 ac

2094 3641 2342 3696 fortasse
2373 3640 2507 3712 plus
2539 3658 2703 3713 aequo
2735 3643 3039 3713 prolixam.
3075 3645 3202 3700 Haec
3231 3653 3388 3714 sunt,
3422 3665 3453 3703 ο
3487 3650 3659 3704 amici
3687 3654 3745 3705 et

2094 3731 2323 3793 fratres,
2358 3746 2484 3800 quae
2534 3747 2647 3800 me,
2698 3731 2842 3785 mihi
2891 3732 3127 3803 quidem
3176 3735 3439 3802 moleste,
3471 3754 3537 3792 ac
3576 3739 3740 3794 vobis

2094 3818 2266 3873 etiam
2302 3819 2570 3888 fortasse,
2622 3820 2722 3874 sed
2768 3824 2966 3875 tamen
3018 3823 3363 3887 necessario,
3413 3829 3477 3878 ut
3529 3825 3737 3881 saltem

2095 3907 2238 3961 mihi
2269 3911 2395 3962 tum
2428 3908 2711 3979 temporis
2739 3907 3065 3976 videbatur,
3088 3928 3119 3965 a
3149 3911 3315 3966 vobis
3347 3913 3734 3973 abduxerunt.

2091 3998 2161 4051 At
2189 4012 2323 4051 vero
2372 4012 2466 4051 me
2511 3998 2582 4051 ad
2632 3997 2881 4051 reditum
2930 3997 3293 4069 impulerunt
3326 4003 3575 4058 maxime
3606 4006 3735 4076 qui-

2091 4086 2225 4141 dem
2256 4086 2433 4140 vestri
2466 4084 2844 4152 desiderium,
2877 4090 2933 4141 et
2963 4088 3104 4158 quia
3130 4106 3232 4144 vos
3265 4095 3471 4147 mutuo
3504 4094 3617 4148 mei
3649 4097 3742 4150 de-

2092 4176 2306 4231 siderio
2336 4174 2520 4229 teneri
2549 4175 2875 4229 sentiebam
2922 4193 2934 4229 :
2987 4192 3176 4247 neque
3226 4179 3381 4233 enim
3416 4181 3738 4252 quidquam

2091 4266 2162 4321 ad
2196 4279 2455 4319 amorem
2480 4263 2562 4318 ita
2583 4262 2820 4317 ﬁrmum
2845 4280 2910 4318 ac
2936 4265 3242 4321 robustum
3265 4273 3372 4333 est,
3402 4275 3465 4323 ut
3495 4276 3739 4327 mutuus

2089 4354 2351 4410 affectus.

2160 4443 2274 4498 CII.
2308 4442 2526 4497 Deinde
2564 4457 2692 4496 mea
2722 4440 2844 4497 hac
2874 4458 3033 4510 cura,
3067 4459 3234 4499 meus
3288 4446 3380 4500 hic
3412 4446 3597 4513 labor,
3631 4449 3739 4504 hoc

2089 4537 2195 4600 est,
2248 4535 2583 4586 sanctorum
2634 4535 2943 4600 parentum
2992 4534 3234 4588 canities
3296 4540 3351 4589 et
3402 4536 3736 4609 inﬁrmitas,

333 4621 368 4689 ἤ
401 4623 481 4692 τῷ
515 4620 700 4696 χρόνῳ
731 4622 1068 4695 καμνόντων,
1098 4616 1350 4697 Ἀϐραὰμ
1376 4618 1536 4676 τοῦδε
1564 4625 1658 4675 τοῦ
1707 4624 1973 4697 πατριάρ-

2105 4638 2215 4677 nea
2245 4636 2425 4675 causa
2472 4618 2660 4690 magis
2710 4634 2887 4689 quam
2945 4626 3261 4689 senectute,
3316 4623 3733 4690 laborantium,

330 4730 457 4785 χου,
490 4712 590 4778 τῆς
632 4711 817 4783 τιμίας
862 4711 986 4785 ἐμοὶ
1027 4710 1271 4787 κεφαλῆς
1319 4710 1409 4764 καὶ
1445 4711 1562 4782 μετ’
1594 4709 1839 4786 ἀγγέλων
1874 4714 1985 4785 (92)

399 4830 441 4863 ⁷⁷
472 4828 646 4885 Num.
680 4845 720 4895 ι,
752 4829 805 4885 3.
882 4829 925 4863 ⁷⁸
955 4829 1094 4885 Luc.
1124 4844 1239 4898 xw,
1265 4828 1353 4883 28.

401 4945 512 5016 (80)
543 4940 715 5016 mea
749 4944 861 5016 Alii
896 4941 1040 5016 μηδ’.

400 5009 512 5089 (81)
546 5009 1095 5089 ΣυμϐούλῳᾙΗθεε.
1128 5033 1173 5071 r.
1209 5014 1387 5071 Addit
1416 5015 1730 5089 χρώμενος,
1755 5017 1857 5072 sed
1888 5032 1980 5071 re-

328 5088 571 5145 centiori
605 5105 809 5143 manu.

395 5161 509 5230 (82)
542 5158 659 5231 Καί.
696 5163 867 5231 Deest
897 5159 955 5213 in
988 5163 1164 5231 Begg,
1198 5163 1241 5231 ι,
1269 5177 1318 5227 z,
1354 5162 1410 5213 et
1438 5158 1595 5231 Colb.
1634 5160 1687 5227 3,
1720 5176 1798 5212 m.

396 5228 1019 5304 (83))Illwa1mnb1a1oc
1078 5228 1169 5304 καὶ
1225 5228 1688 5304 ἐμπορικώτατος.
1750 5229 1978 5283 Mallem

328 5302 410 5357 sic
440 5303 683 5357 reddere
717 5319 729 5357 :
765 5324 794 5352 ‹‹
827 5302 1151 5373 Navigandi
1204 5308 1262 5356 et
1308 5302 1585 5356 faeiendaa
1635 5306 1977 5373 mercatura;

330 5374 621 5429 desiderio
653 5378 928 5444 ﬂagrans.
958 5372 999 5423 »ί
1018 5373 1141 5444 Non
1174 5374 1330 5427 enim
1362 5377 1431 5428 de
1462 5373 1686 5444 peritis,
1722 5377 1786 5427 ut
1816 5372 1976 5427 vide-

329 5451 451 5527 tur1
470 5446 583 5527 sed
612 5446 683 5527 d'e
711 5443 1040 5527 temerariis
1069 5443 1331 5527 loquitpr
1368 5443 1721 5527 Theo‘logus.

400 5518 512 5589 (84)
541 5515 843 5604 Ἀνὶχοντι.
872 5515 1126 5604 ΟΟΙΙΞ).ΙΡ,
1148 5513 1218 5604 ἃς)
1264 5513 1469 5604 ἔχῆντξ,
1499 5513 1759 5604 ,ἀξνῖείσλ

402 5583 516 5658 (85)
547 5583 902 5658 Ἀκόμαντον.
962 5586 1121 5643 Colb.
1186 5588 1248 5653 h,
1279 5583 1367 5639 καί
1423 5583 1720 5642 ἀκίνδυνον.
1761 5588 1972 5641 Forsan

372 5658 643 5715 lossema.

331 5675 935 5806 Βιῖἓῗξῗαρῥιπτεῖν.
990 5728 1148 5786 Colb.
1221 5745 1301 5798 m,
1378 5730 1438 5785 in
1508 5729 1790 5803 margine,
1850 5727 1972 5782 ἀνα-

2096 4712 2295 4782 hujus,
2319 4709 2583 4778 inquam,
2606 4706 2946 4778 patriarchae
2976 4710 3559 4778 Abrahae,venerandi
3593 4716 3735 4769 mihi

2093 4935 2409 5013 λαμϐάνειν.
2442 4942 2550 5015 Sed
2580 4940 2791 5015 prima
2838 4958 2945 5015 vox
2991 4942 3297 4999 retinenda
3344 4948 3401 5000 et
3440 4948 3731 5015 vertenda,

2093 5038 2121 5065 ‹‹
2157 5012 2250 5070 me
2282 5016 2341 5069 in
2375 5012 2701 5085 periculum
2734 5012 3038 5085 conjicere.
3065 5036 3093 5063 ››

2164 5086 2277 5159 (87)
2308 5081 2478 5153 Μηδὲ.
2514 5085 2711 5159 (ξιφῐιψ.
2751 5081 2899 5159 μηδ’.

2308 5160 2503 5230 Μικρῷ
2627 5152 2826 5211 Comb.
2854 5158 3045 5230 pupr
3067 5152 3136 5230 δ’.

2162 5223 2272 5299 (89)
2302 5223 2657 5303 Ὑποτιθέντα.
2711 5223 2909 5303 (30ml).
2939 5223 3123 5303 degit,
3188 5223 3517 5303 t3n01t0év10r
3559 5233 3736 5303 χρεώ-

2092 5321 2243 5368 στην,
2261 5305 2318 5355 et
2339 5300 2569 5363 vertit,«
2592 5315 2719 5354 sese
2741 5299 3057 5354 obnoxium
3092 5300 3263 5353 faciat
3294 5317 3357 5353 ac
3391 5299 3684 5370 subjiCiat.
3705 5328 3731 5351 »

2164 5374 2277 5441 (90(
2308 5376 2606 5445 ῌροσῆκεν.
2668 5371 2801 5440 Reg.
2860 5371 2984 5440 bm,
3042 5376 3097 5425 et
3156 5372 3353 5425 Comb.
3411 5376 3728 5445 προσήκειν.

2084 5444 2209 5498 Non
2244 5443 2412 5498 male.

2157 5514 2267 5587 (9i)
2302 5514 2639 5587 Ἐπανήγαγε
2670 5508 2844 5587 Seps.
2883 5533 2909 5561 ‹‹
2942 5512 3031 5587 Me
3063 5518 3257 5587 autem
3288 5514 3662 5574 reduxerunt.
3698 5541 3725 5566 ››

2086 5586 2179 5642 Sic
2212 5586 2408 5653 plures
2442 5584 2781 5657 Reg_._'oodd.
2816 5586 2878 5657 In
2910 5584 2998 5638 ed.
3039 5604 3109 5657 με
3135 5585 3313 5639 deest.

2154 5657 2268 5729 (92)
2299 5657 2425 5712 Μετ’
2448 5654 2716 5731 ἀγγέλων.
2738 5656 2869 5714 Ruf.
2890 5679 2917 5707 ‹‹
2935 5656 3137 5729 Angeli
3170 5658 3358 5713 instar
3384 5665 3725 5730 aspectus.»

3940 5930 4116 6175 β
