4152 6286
375 396 496 457 503

1627 397 1692 459 S.
1739 397 2110 460 GREGORII
2154 397 2550 463 THEOLOGI

3679 404 3789 464 504

378 529 610 602 capitis,
633 533 804 600 alque
822 543 956 582 cum
980 527 1202 600 angelis
1225 529 1596 598 numerandi,
1623 535 1678 585 et
1708 531 2028 597 Sarrae,nos

2173 533 2572 607 ηριθμουμὲνης,
2621 534 2709 586 καὶ
2772 530 3006 608 Σάρῥας,
3052 535 3150 601 τῆς
3197 532 3284 587 καὶ
3336 534 3448 606 (93)
3499 521 3791 607 πνευματι-

378 619 438 674 in
471 617 601 674 fidei
635 617 902 674 doctrina
931 616 1315 690 spiritualiter
1337 619 1756 690 parturientis:
1782 637 2032 692 quorum

382 708 662 764 senectuti
693 707 940 763 baculus
971 723 1118 778 esse,
1145 711 1320 779 atque
1353 707 1752 764 inﬁrmitatem
1785 726 1892 781 ope
1925 709 2034 764 ful-

385 797 522 866 cire,
579 813 713 852 cum
764 796 914 852 inter
971 797 1160 868 prima
1190 798 1477 853 vovissem
1513 797 1688 869 idque
1719 799 1892 854 etiam
1934 815 2036 870 pro

383 885 534 941 virili
566 902 695 942 mea
726 886 1150 958 praestitissem,
1175 887 1318 941 adeo
1349 890 1412 940 ut
1439 887 1867 958 philosophiam
1901 905 2040 959 quo-

387 993 496 1047 que
518 975 732 1047 ipsam,
755 991 870 1045 qua
892 992 998 1030 nec
1028 975 1321 1046 possessio
1341 975 1596 1043 ulla,nec
1617 993 1830 1031 nomen
1849 977 2037 1031 ullum

389 1065 532 1120 mihi
567 1065 801 1119 charius
826 1069 936 1132 est,
969 1064 1445 1135 contempserim,
1487 1064 1596 1132 vel,
1626 1070 1688 1120 ut
1718 1066 1912 1120 verius
1955 1066 2038 1121 lo-

391 1175 559 1229 quar,
594 1157 649 1213 id
701 1156 993 1229 imprimis
1025 1156 1492 1229 philosophatus,
1527 1175 1598 1213 ne
1637 1158 2040 1230 philosophari

389 1246 636 1313 viderer,
657 1262 772 1300 non
805 1246 935 1310 tuli,
969 1247 1040 1301 ob
1068 1262 1250 1300 unum
1284 1245 1411 1300 vitae
1435 1247 1798 1318 propositum
1826 1247 2043 1302 laboris

394 1336 508 1390 mei
559 1336 815 1389 fructum
863 1333 1007 1388 mihi
1056 1335 1424 1402 intercidere,
1475 1351 1539 1390 ac
1584 1335 2043 1390 benedictionem

393 1424 908 1496 exstingui,quam
942 1423 1116 1478 etiam
1150 1427 1390 1478 sanctus
1418 1423 1654 1495 quidam
1689 1423 1824 1479 olim
1859 1424 2046 1479 subri-

393 1513 594 1586 puisse
623 1512 856 1579 dicitur,
881 1517 1040 1584 patre
1073 1528 1172 1583 per
1202 1512 1396 1566 cibum
1423 1530 1488 1568 ac
1517 1513 1768 1584 pilorum
1801 1513 2044 1585 ﬁgmen-

394 1607 522 1658 tum
554 1602 970 1670 circumvento,
1005 1619 1070 1657 ac
1104 1618 1163 1657 re
1196 1602 1363 1669 bona,
1398 1619 1512 1656 non
1564 1603 1728 1670 bene,
1765 1619 1864 1674 per
1903 1603 2048 1658 insi-

400 1691 528 1747 dias
558 1695 788 1763 captata
818 1691 881 1744 7°.
905 1694 984 1744 Ac
1015 1691 1162 1744 duas
1193 1691 1431 1762 quidem
1465 1689 1572 1746 has
1605 1707 1814 1746 causas
1844 1690 2045 1746 habui.

402 1797 507 1835 cur
537 1796 750 1834 manus
781 1780 1012 1834 tandem
1059 1779 1280 1845 darem,
1313 1779 1620 1849 leuemque
1651 1785 1707 1834 et
1754 1779 2048 1850 placidum

404 1886 496 1925 me
528 1869 864 1940 praeberem.
896 1867 1010 1922 Nec
1053 1868 1299 1922 fortasse
1343 1868 1666 1922 absurdum
1699 1868 1829 1935 fuit,
1875 1868 2048 1923 ratio-
2081 1904 2128 1968 B

405 1975 539 2013 nem
569 1958 757 2030 ipsam
790 1957 1019 2012 duabus
1049 1956 1140 2011 his
1189 1957 1382 2012 causis
1430 1958 1631 2012 cedere
1679 1957 2048 2028 quandoqui-

404 2049 534 2102 dem
565 2046 805 2102 cedendi
839 2061 1072 2117 quoque
1101 2051 1335 2116 tempus
1365 2048 1473 2109 est,
1512 2049 1578 2099 ut
1609 2045 1757 2100 alius
1789 2046 2050 2117 cujusvis

395 2137 477 2192 rei
515 2154 525 2190 :
563 2139 913 2208 praestatque
947 2135 1048 2188 60
1079 2134 1289 2189 honest
1318 2134 1492 2202 vinci,
1519 2151 1691 2204 quam
1726 2134 2050 2206 periculose

393 2231 450 2281 et
480 2225 700 2281 nefarie
730 2223 982 2278 vincere.

465 2315 602 2371 CIV.
636 2313 895 2370 Accessit
924 2317 981 2368 et
1037 2311 1152 2367 alia
1191 2327 1390 2380 causa,
1421 2328 1606 2384 eaque
1651 2311 1893 2367 maximi
1927 2329 2049 2368 mo-

397 2403 600 2470 menti,
620 2419 796 2473 quam
831 2417 962 2456 cum
994 2401 1183 2455 adhuc
1207 2416 1547 2472 exposuero,
1567 2399 1824 2471 reliquas
1846 2418 2050 2457 omnes

397 2492 631 2547 silentio
665 2489 988 2563 praeteribo.
1023 2490 1222 2544 Memor
1247 2491 1337 2559 fui
1367 2489 1586 2545 dierum
1614 2490 1964 2560 antiquorum
1984 2491 2048 2558 ⁸ο,

395 2586 572 2652 atque
591 2580 660 2636 ad
675 2585 928 2635 veterem
949 2579 1267 2649 quamdam
1283 2577 1588 2633 historiam
1606 2578 2054 2644 ascendi,illinc-

399 2686 511 2741 que
544 2669 686 2723 mihi
721 2668 832 2739 ipsi
877 2666 1186 2722 consilium
1245 2667 1315 2721 ad
1369 2683 1461 2721 res
1519 2672 1833 2736 praesentes
1881 2669 2046 2722 traxi.

397 2759 596 2829 Neque
644 2756 797 2811 enim
851 2755 1021 2810 nobis
1069 2755 1128 2809 in
1163 2758 1418 2809 mentem
1449 2753 1663 2821 veniat,
1696 2755 2050 2824 existimare,

393 2864 462 2902 ea
519 2851 738 2902 temere
788 2841 1115 2899 litterarum
1178 2842 1577 2898 monumentis
1649 2846 2056 2900 commendata

393 2935 598 3003 fuisse,
619 2938 794 3005 atque
827 2933 1059 2988 inanem
1095 2933 1414 3002 quamdam
1443 2947 1638 2987 rerum
1660 2935 1716 2986 et
1745 2933 2052 2988 verborum

395 3025 628 3080 turbam
662 3039 812 3090 esse,
869 3023 938 3077 ad
987 3021 1365 3077 oblectandos
1413 3020 1778 3076 audientium
1825 3021 2054 3077 animos

399 3112 883 3183 compositam,ac
912 3110 1071 3165 velut
1091 3111 1408 3181 quamdam
1433 3109 1664 3164 aurium
1696 3109 2052 3178 illecebram,

401 3201 558 3256 ultra
586 3200 946 3271 voluptatem
978 3199 1134 3254 haud
1160 3215 1287 3254 sese
1319 3198 1730 3270 porrigentem.
1758 3199 1883 3253 Illaec
1916 3216 2055 3255 sane

403 3289 616 3345 ludant
665 3287 895 3355 fabulae,
931 3293 986 3342 et
1015 3287 1262 3360 gentiles
1291 3305 1303 3355 ;
1338 3286 1436 3358 qui
1469 3288 1539 3342 de
1575 3287 1819 3342 veritate
1853 3305 2057 3360 parum
2091 3273 2133 3339 C

2143 623 2256 682 κῶς
2287 619 2591 691 ὠδινούσης
2618 624 2767 694 ἡμᾶς
2809 620 2859 675 ἐν
2911 626 2979 696 τῇ
3031 619 3354 694 διδασκαλίᾳ
3381 626 3479 691 τῆς
3537 622 3787 694 πίστεως,

2145 710 2219 762 ὧν
2275 709 2518 783 γενέσθαι
2571 709 2837 786 βακτηρία
2884 715 2962 782 τῷ
3006 713 3171 787 γήρᾳ,
3204 711 3292 765 καὶ
3345 709 3641 787 ὑπερείδειν
3694 714 3789 782 τὴν

2147 799 2439 870 ἀσθὲνειαν,
2469 803 2576 852 τῶν
2619 800 2852 874 πρώτων
2910 799 3079 876 εὐχὴν
3127 799 3436 872 εὐξάμενος,
3470 802 3560 855 καὶ
3612 804 3792 875 μέντοι

2146 886 2234 939 καὶ
2291 885 2592 960 πληρώσας
2644 886 2844 956 ταύτην
2879 890 3011 960 (94),
3047 888 3220 958 ὁπόση
3282 885 3526 961 δύναμις’
3580 890 3654 952 ὡς
3701 891 3787 945 καὶ

2148 973 2471 1052 φιλοσοφίας
2505 973 2774 1048 ὑπεριδεῖν
2804 976 2992 1048 αὐτῆς,
3026 982 3122 1031 τοῦ
3152 977 3366 1032 πάντων
3423 978 3547 1051 ἐμοὶ
3594 1000 3796 1052 τιμιω-

2146 1065 2314 1118 τάτου
2371 1065 2648 1137 κτήματος
2707 1065 2796 1119 καὶ
2861 1066 3148 1140 ὀνόματος,
3179 1067 3213 1136 ἢ
3245 1067 3306 1122 τό
3348 1089 3408 1142 γε
3438 1066 3796 1144 ἀληθέστερον

2151 1152 2342 1225 εἰπεῖν,
2372 1153 2435 1207 τὸ
2473 1155 2546 1223 μὴ
2609 1153 2927 1231 φιλοσοφεῖν
2957 1157 3069 1229 (95)
3101 1153 3246 1226 δόξαι
3297 1161 3513 1231 πρῶτον
3568 1156 3794 1233 φιλοσο-

2153 1243 2347 1318 φήσας⁵
2385 1241 2484 1296 ούκ
2513 1240 2714 1318 ἤνεγκα
2747 1241 3015 1298 διαπεσεῖν
3053 1266 3143 1316 μοι
3180 1246 3269 1299 τὸν
3306 1245 3515 1320 μόχθον
3565 1245 3624 1301 ἐκ
3676 1252 3799 1320 μιᾶς

2154 1331 2474 1402 ὑποθέσεως,
2535 1331 2659 1386 ούδὶ
2713 1330 3080 1402 καταλυθῆναι
3134 1336 3234 1403 τὴν
3291 1334 3567 1410 εὐλογίαν,
3600 1337 3662 1404 ἣν
3715 1335 3802 1390 καὶ

2153 1418 2350 1492 κλέψαι
2379 1441 2460 1481 τις
2489 1417 2598 1490 ἤδη
2652 1425 2758 1475 τῶν
2818 1420 2987 1476 πάλαι
3165 1423 3326 1476 ὁσίων
3385 1422 3617 1499 λέγεται,
3657 1425 3803 1499 βρώ-

2160 1530 2287 1580 ματι
2341 1511 2431 1562 τὸν
2492 1511 2694 1585 πατέρα
2752 1510 2840 1564 καὶ
2871 1516 3077 1586 τριχῶν
3109 1510 3388 1583 πλάσματι
3422 1515 3802 1590 σοφισάμενος,

2156 1597 2244 1652 καὶ
2275 1599 2336 1652 τὸ
2384 1598 2550 1653 καλὸν
2585 1599 2645 1652 οὐ
2676 1597 2858 1661 καλῶς
2890 1602 3000 1672 (97)
3034 1599 3104 1653 δι’
3144 1595 3444 1669 ἐπιϐουλῆς
3497 1601 3808 1675 θηρασάμε-

2157 1708 2268 1748 νος.
2300 1686 2402 1740 Δύο
2442 1689 2536 1760 μὲν
2573 1685 2639 1756 δὴ
2671 1692 2837 1742 ταῦτα
2866 1696 2965 1758 τῆς
2997 1687 3133 1761 ἐμῆς
3167 1688 3338 1759 ἥττης
3392 1691 3480 1743 καὶ
3530 1690 3808 1766 ἡμερότη-

2156 1797 2248 1837 τος
2310 1772 2473 1832 αἷίτια.
2511 1777 2606 1830 Καὶ
2668 1775 2796 1838 ἴσως
2849 1777 2947 1832 οὐκ
3001 1777 3221 1849 ἄτοπον,
3280 1778 3612 1856 ἀμφοτέροις
3669 1779 3802 1834 ὲκεί-

2158 1886 2273 1926 νοις
2308 1868 2420 1935 (98)
2452 1865 2583 1934 εἶξαι
2614 1867 2702 1920 καὶ
2749 1867 3111 1941 ὑποχωρῆσαι
3155 1866 3281 1928 τοὺς
3333 1865 3658 1943 λογισμοὺς,
3691 1867 3807 1923 lusi

2159 1954 2248 2008 καὶ
2295 1957 2390 2008 τοῦ
2438 1955 2681 2008 νικᾶσθαι
2720 1955 2905 2029 καιρὸς
2939 1958 3070 2028 (99),
3104 1956 3283 2027 ὥσπερ
3333 1956 3486 2028 οἶμαι
3537 1958 3624 2010 καὶ
3674 1977 3804 2011 παν-

2157 2044 2248 2104 τὸς
2300 2044 2618 2119 πράγματος
2649 2046 2746 2116 (1)⁹
2779 2045 2868 2098 καὶ
2917 2049 3160 2120 κρεῖττον
3219 2046 3477 2113 ἡττᾶσθαι
3535 2049 3719 2108 καλῶς
3769 2046 3802 2115 ἢ

2158 2137 2308 2203 νικᾷν
2338 2130 2653 2209 ἐπισφαλῶς
2685 2133 2773 2186 καὶ
2806 2129 3078 2205 ἀθέσμως.

2235 2311 2345 2365 ΡΔ’.
2377 2309 2564 2383 Τρίτον
2600 2307 2657 2363 δὲ
2685 2310 2714 2363 ὃ
2745 2309 2833 2364 καὶ
2869 2310 3145 2383 μέγιστον,
3177 2309 3265 2364 καὶ
3317 2308 3383 2378 δὴ
3432 2315 3593 2366 τοῦτο
3644 2311 3808 2365 εἰπὼν

2168 2394 2268 2468 ἔτι,
2352 2398 2417 2452 τὰ
2503 2396 2674 2452 λοιπὰ
2760 2401 3132 2472 σιωπήσομαι.
3199 2401 3510 2473 Ἐμνήσθην
3593 2402 3812 2476 ἡμερῶν

2164 2486 2432 2563 ἀρχαίων,
2466 2487 2555 2541 καὶ
2586 2486 2722 2562 πρός
2754 2509 2870 2541 τινα
2918 2492 3025 2541 τῶν
3085 2486 3331 2542 παλαιῶν
3383 2489 3636 2561 ἱστοριῶν
3685 2488 3814 2543 ἀνα-

2164 2574 2411 2651 δραμὼν,
2470 2575 2666 2629 ἒκεῖθεν
2747 2573 2967 2630 ἐίλκυσα
3045 2571 3368 2648 συμϐουλὴν
3443 2580 3520 2651 (2)
3602 2577 3819 2650 ἐμαυτῷ

2165 2665 2300 2741 πρὸς
2361 2665 2427 2719 τὰ
2483 2665 2743 2740 παρόντα⁶
2803 2666 2876 2738 μή
2931 2666 3030 2741 γὰρ
3093 2666 3214 2735 εἰκῆ
3288 2671 3452 2720 ταῦτα
3529 2667 3817 2741 συγγεγρά·

2165 2755 2290 2830 φθαι
2320 2756 2397 2828 (3)
2429 2753 2764 2826 νομίζωμεν,
2801 2751 2941 2825 μηδὲ
2990 2749 3163 2829 ὄχλον
3215 2751 3400 2814 ἄλλως
3452 2754 3583 2807 εἶναι
3636 2754 3816 2828 ῥημά-

2162 2865 2269 2898 των
2347 2864 2404 2897 τε
2480 2842 2571 2896 καὶ
2646 2841 2997 2919 πραγμάτων,
3053 2843 3408 2919 ψυχαγωγίας
3482 2839 3633 2896 τἑνεκα
3706 2847 3815 2896 τῶν

2166 2931 2472 2987 ἀκουόντων
2546 2932 2880 3007 συγκείμενα,
2939 2934 3028 2986 καὶ
3099 2933 3212 2986 οἷον
3287 2931 3456 3000 ἀκοῆς
3513 2953 3566 2984 τι
3623 2928 3814 3007 δέλεαρ

2172 3020 2334 3096 μέχρι
2363 3027 2461 3090 τῆς
2505 3019 2708 3090 ἡδονῆς
2743 3020 3043 3094 ἱστάμενον.
3077 3025 3252 3075 Ταῦτα
3281 3021 3374 3092 μὶν
3404 3019 3705 3088 παιζόντων
3739 3022 3817 3093 (4)

2170 3113 2330 3184 μῦθοι
2383 3111 2471 3164 καὶ
2501 3109 2797 3183 Ἕλληνες,
2831 3111 2904 3180 οἳ,
2931 3117 3031 3180 τῆς
3079 3108 3338 3180 ἀληθείας
3391 3108 3553 3184 ὀλίγα
3602 3109 3818 3186 φροντί-

2170 3204 2349 3268 ζοντες
2381 3204 2459 3271 τῷ
2489 3203 2690 3272 κομψῷ
2718 3203 2825 3254 τῶν
2859 3197 3191 3271 πλασμάτων
3235 3198 3324 3253 καὶ
3374 3202 3454 3270 τῷ
3505 3197 3683 3273 λίχνῳ
3714 3201 3818 3252 τῶν

2173 3285 2367 3358 λέξεων
2400 3287 2486 3342 καὶ
2522 3287 2689 3356 ἀκοὴν
2722 3288 2810 3342 καὶ
2841 3288 3026 3363 ψυχήν
3061 3285 3438 3362 γοητεύουσιν.

404 3376 665 3444 solliciti,
695 3377 1107 3447 ﬁgmentorum
1142 3379 1464 3443 venustate,
1497 3391 1564 3429 ac
1602 3376 1908 3430 verborum
1956 3374 2242 3432 lenocinio
2296 3378 2462 3449 quasi
2517 3376 2846 3449 praestigias
2879 3377 3166 3449 quasdam
3213 3376 3458 3432 auribus
3506 3379 3681 3447 atque
3708 3374 3829 3430 ani-

407 3465 520 3523 mis
553 3466 886 3522 offundunt.

478 3555 590 3610 CV.
624 3556 696 3610 At
747 3570 876 3624 nos,
932 3553 1030 3624 qui
1064 3553 1307 3624 spiritus
1357 3553 1724 3626 diligentiam
1758 3553 1842 3609 vel
1878 3571 2061 3625 usque

408 3644 477 3701 ad
504 3643 686 3700 levem
718 3643 942 3714 apicem
968 3645 1024 3697 et
1053 3642 1268 3697 lineam
1293 3642 1608 3707 trahimus,
1632 3659 2071 3713 nunquam,nec

409 3732 567 3788 enim
605 3732 689 3787 fas
721 3736 830 3799 est,
864 3747 935 3786 ne
970 3731 1244 3786 minimas
1275 3731 1513 3801 quidem
1548 3730 1804 3785 actiones
1832 3732 1903 3786 ab
1933 3732 2006 3787 iis
2038 3750 2071 3787 a

411 3822 631 3893 quibus
663 3819 960 3876 memoriae
993 3819 1236 3891 proditae
1268 3823 1430 3887 sunt,
1464 3823 1680 3874 temere
1712 3822 2069 3892 perscriptas

410 3915 468 3967 et
528 3911 873 3976 elaboratas,
908 3908 1308 3980 memoriaque
1341 3910 1410 3964 ad
1455 3908 1576 3963 haec
1623 3925 1808 3980 usque
1851 3914 2070 3982 tempo-

414 4020 479 4059 ra
509 4005 879 4057 conservatas
932 4015 1061 4054 esse
1105 3998 1492 4054 concedemus
1546 4016 1558 4053 :
1611 4013 1814 4053 verum
1865 4003 1929 4054 ut
1963 4015 2067 4054 nos

411 4090 884 4148 submonitiones
943 4093 1001 4143 et
1060 4088 1414 4143 documenta
1456 4087 1515 4141 in
1547 4092 1820 4159 promptu
1855 4088 2066 4144 habea-

479 4202 523 4236 79
553 4199 697 4256 Gen.
730 4214 904 4262 xxvn,
932 4197 996 4249 21
1035 4211 1197 4266 seqq.
1275 4195 1320 4228 ⁸ο
1351 4193 1503 4249 Psal.
1536 4194 1702 4263 exui,
1733 4195 1784 4249 5.

490 4325 603 4408 (93)
633 4327 745 4408 Τῇε
776 4318 883 4374 καί.
921 4319 1025 4408 εἰσ.
1046 4318 1515 4408 Itegg.quinque
1534 4317 1874 4408 sttotidem
1907 4318 2068 4408 Colb.

417 4389 654 4468 aliique.
690 4393 782 4468 Bis
814 4409 882 4468 ex_
902 4389 1328 4468 _matre,’c’arn_e
1359 4389 1589 4468 scilicet
1611 4393 1666 4444 et
1695 4390 1929 4468 spiritu,
1973 4407 2069 4463 ge-

417 4460 607 4526 nitu-m
641 4482 704 4522 se
723 4464 1027 4549 'signif‘i‘cat
1059 4461 1394 4549 Gregorius.
1429 4461 1600 4518 Deest
1630 4460 1806 4516 xai’in
1842 4462 1969 4518 Par.

512 4540 603 4609 94)
633 4533 864 4609 Ταύτην.
897 4534 1033 4609 Ρῳς.
1070 4539 1113 4603 t,
1147 4533 1332 4601 αὐτήν.

512 4546 603 4609 94)
633 4546 864 4603 Ταύτην.
897 4546 1033 4604 ﬂeg.
1070 4546 1113 4603 ῐ,
1147 4546 1332 4601 αυτην.

490 4546 602 4684 (95)
630 4608 699 4662 Τὸ
735 4608 809 4684 μὴ
862 4603 1198 4684 φιλοσοφεῖν,
1255 4610 1342 4660 etc
1402 4604 1747 4684 g_Ostendit
1796 4604 1887 4658 hic
1927 4603 2070 4684 “(ire-

419 4674 642 4757 goriu's,
682 4703 701 4757 ιγ
736 4674 932 4757 inquit
957 4674 1288 4757 Gab'r.,«_se
1320 4674 2071 4757 quidemnunquamlitte:

421 4746 866 4812 rarum'studii—s
905 4765 1137 4820 operam
1189 4746 1352 4803 darei
1375 4747 1692 4820 destitisse,
1729 4748 1831 4820 sed
1882 4747 1964 4801 ita
2012 4746 2068 4799 id

420 4827 631 4910 egissez
667 4829 730 4878 ut
762 4817 1120 4910 aliud—agere
1151 4821 1520 4910 videretur,»
1554 4819 1711 4910 (Jolb.
1743 4820 1796 4882 7,
1821 4817 1876 4870 in
1916 4833 2068 4910 (nar:

423 4887 556 4968 gius
586 4887 683 4968 sic_
701 4893 936 4968 exponit
967 4887 1179 4947 ε’Τοῦτο
1212 4894 1426 4966 πρῶτον
1461 4888 1853 4966 ἐφιλοσόφησα,
1886 4887 1947 4941 τὸ
1994 4887 2067 4958 μή

426 4961 602 5026 δοκεῖν
636 4961 1118 5040 εῖναι-φιλόσοφος.

497 4987 602 5021 κειν
636 4983 766 5019 ειναι
800 4983 995 5040 φιλοσο
1041 4983 1118 5023 ος.

497 5040 610 5109 (96)
641 5041 755 5109 Τῷν
785 5033 974 5109 παλαι.
1001 4983 1148 5109 (ἕως.
1188 5036 1228 5103 Ι,
1259 5037 1366 5086 τῶν
1398 5031 1666 5109 παλαιῶν)

499 5101 613 5180 (97)
642 5107 718 5166 Οὐ
752 5105 954 5168 καλῶς.
992 5109 1052 5163 In
1089 5101 1226 5180 Reg.
1249 5123 1319 5180 .u,
1355 5111 1407 5158 et
1439 5104 1596 5180 Colb.
1631 5107 1774 5180 3,‘e_t
1805 5119 1884 5180 ml,
1915 5101 2070 5180 istud

425 5171 715 5242 scholium
747 5180 961 5253 legitur
994 5196 1005 5233 :
1034 5171 1272 5253 >K11'_¢‘1v':‘0
1304 5174 1649 5253 φαινόμενον.
1679 5171 1924 5253 δηλονότι
1973 5175 2069 5225 τοῦ

427 5241 771 5330 γράμματος,
802 5241 862 5305 ξύ
921 5251 1055 5304 κατᾶ
1110 5248 1172 5302 τὸ
1228 5241 1520 5316 νοούμενον
1565 5244 1653 5299 καὶ
1701 5241 2072 5329 κρυπτόμενον

423 5305 895 5397 ὲὲῖῖ¹”τὲἑέέῦξλ’ἐιτος.
943 5325 1063 5386 Quo
1114 5305 1496 5397 significatur
1534 5319 1603 5372 de
1663 5305 1860 5374 Jacobi
1915 5305 2069 5397 laeto

428 5390 806 5457 statuendum
833 5398 913 5451 ita
934 5411 1082 5462 esse,
1101 5414 1128 5439 ‹‹
1143 5390 1336 5462 specie
1360 5390 1631 5462 nimirum
1658 5407 1724 5446 ac
1747 5391 2069 5462 secundum

427 5473 700 5536 litteram,
735 5485 848 5523 non
896 5461 1090 5521 autem
1125 5461 1451 5536 secundum
1482 5461 1775 5536 spiritum,
1809 5461 2072 5532 illudque

432 5543 585 5614 quod
632 5532 981 5614 intelligitur
1028 5553 1091 5614 ac
1140 5533 1297 5614 latet.
1331 5554 1357 5581 »
1401 5532 1483 5614 .Ut
1523 5532 1595 5588 ut
1644 5534 1740 5614 sit,
1775 5539 2005 5614 «patet,
2041 5554 2068 5581 ››

431 5605 622 5686 inquit
650 5605 932 5686 Comb'ei},
966 5633 991 5658 (ι
1015 5605 1302 5686 _Gregori_o
1335 5605 1574 5660 minime
1605 5608 1908 5686 probatam
1943 5621 2071 5686 esse

434 5677 583 5758 patri
599 5683 808 5758 factam
827 5679 1089 5758 aJacobo
1111 5677 1397 5758 fraudem,
1412 5693 1587 5748 quam
1608 5677 1699 5733 isti
1720 5677 2066 5758 scho‘liastae,

434 5748 744 5826 Augustini
781 5750 1038 5822 vestigiis
1069 5749 1438 5821 inhaerentes,
1470 5765 1742 5805 excusare
1781 5748 2000 5803 volunt.
2038 5769 2064 5796 »

2100 4541 2146 4603 D
2184 4606 2201 4617 ς
2225 4531 2361 4617 ”(99)
2396 4534 2653 4586 Νικᾶσθαι
2734 4531 2942 4607 καιρός.

2243 3555 2356 3610 PE'.
2391 3557 2578 3626 Ἡμεῖς
2607 3551 2684 3624 δὲ,
2718 3554 2768 3607 οἱ
2799 3553 2887 3608 καὶ
2944 3555 3108 3629 μέχρι
3144 3555 3220 3626 (5)
3251 3559 3352 3621 τῆς
3404 3550 3683 3626 τυχούσης
3739 3571 3828 3604 κε-

2183 3643 2333 3718 ραίας
2412 3643 2501 3697 καὶ
2567 3645 2828 3719 γραμμῆς
2887 3645 2960 3716 (6)
3013 3647 3108 3696 τοῦ
3163 3640 3471 3714 πνεύματος
3527 3641 3625 3708 τὴν
3685 3639 3835 3713 ἀκρί-

2180 3727 2326 3786 ϐειαν
2356 3735 2433 3804 (7)
2461 3729 2731 3798 ἕλκοντες,
2764 3728 2962 3786 οὔποτε
3013 3729 3290 3803 δεξόμεθα,
3325 3730 3386 3784 οὗ
3417 3731 3521 3804 γὰρ
3554 3731 3630 3802 (8)
3661 3728 3834 3796 ὅσιον,

2179 3819 2304 3876 οὐδὲ
2351 3822 2447 3882 τὰς
2507 3821 2796 3897 ἐλαχίστας
2841 3822 3058 3897 πράξεις
3110 3819 3230 3889 είκῆ
3264 3815 3661 3888 σπουδασθῆναι
3709 3823 3832 3880 τοῖς

2178 3909 2530 3986 ἀναγράψασι,
2565 3911 2653 3965 καὶ
2690 3911 2855 3985 μέχρι
2903 3910 2999 3964 τοῦ
3058 3908 3320 3982 παρόντος
3382 3909 3571 3981 μνήμῃ
3624 3904 3834 3960 διασω-

2177 4002 2353 4068 θῆναι⁸
2408 3997 2534 4053 ἀλλ’
2585 3999 2656 4054 ’ίν’
2706 4000 2869 4071 ἡμεῖς
2913 4002 2988 4071 (9)
3040 3994 3255 4074 ἔχωμεν
3318 3997 3689 4069 ὑπομνήματα
3738 3995 3832 4049 καὶ

2176 4084 2517 4158 παιδεύματα
2564 4094 2665 4156 τῆς
2709 4092 2814 4141 τῶν
2855 4086 3087 4159 ὁμοίων,
3124 4082 3178 4139 εἷ’
3221 4104 3352 4138 ποτε
3405 4082 3671 4156 συμπὲσοι
3720 4102 3842 4136 και-

2255 4319 2369 4390 (98)
2400 4317 2673 4378 Ἑκείνοις.
2705 4319 2794 4373 Sic
2846 4319 2986 4390 Reg.
3022 4319 3065 4386 Ι,
3115 4316 3285 4390 Coisl.
3335 4317 3394 4390 2,
3441 4319 3497 4370 et
3545 4313 3704 4370 Colb.
3758 4331 3848 4390 m,

2183 4386 2283 4480 qui
2339 4386 2397 4444 in
2447 4391 2687 4447 modum
2739 4386 2959 4462 glossaew
2998 4389 3288 4445 ascribit:
3341 4386 3702 4460 ὑποχωρῆσαι
3749 4387 3848 4438 καὶ

2180 4465 2366 4603 κυῒὲἒί)
2396 4534 2653 4586 Νικᾶσθαι
2734 4531 2942 4603 καιρός.
3034 4532 3190 4603 Reg.
3279 4531 3342 4597 Ι,
3424 4533 3666 4590 νικᾶσθαι
3745 4547 3847 4580 κα-

2184 4606 2329 4745 uti.)
2364 4676 2565 4734 Παντὸς
2661 4673 2996 4748 πράγματος.
3086 4673 3289 4729 Coisl.‘
3350 4673 3403 4738 4,
3469 4669 3625 4725 παντὶ
3697 4667 3846 4740 πρά-

2179 4767 2722 4889 γμέῗέυμϐουλήν.
2765 4817 2903 4889 Reg.
2937 4835 2992 4889 y,
3025 4811 3371 4889 συμπλοκήν.

2362 4885 2792 4966 Συγγεγράφθαι.
2852 4885 3004 4961 Ἠθξ.
3071 4885 3123 4959 a,
3173 4892 3232 4943 et
3295 4886 3454 4943 Colb.
3500 4889 3544 4954 Ι,
3593 4899 3844 4956 συγγρα-

2182 4971 2691 5101 φεῗίῖῗῇαιζόντων.
2743 5032 2948 5098 Attice,
2999 5047 3122 5103 pr0_
3157 5027 3513 5103 παιζὲτωσαν.
3549 5025 3654 5103 _Sic

2182 5093 2320 5173 lius,
2352 5123 2416 5161 ac
2447 5093 2599 5160 certe
2645 5103 2897 5159 Basilius
2919 5093 2946 5171 ;’
2966 5093 3284 5170 παιζόντων
3317 5097 3435 5153 ἀντὶ
3484 5101 3579 5150 τοῦ
3635 5093 3839 5162 παιζὲ-

2179 5195 2419 5335 τῗὲῗνὸὶ
2453 5244 2540 5300 καί
2579 5246 2764 5319 μεχρι.
2807 5247 2942 5316 Reg.
2995 5245 3037 5315 Ι,
3071 5243 3232 5300 Colb.
3287 5259 3367 5314 m,
3423 5241 3474 5294 οἱ
3531 5238 3696 5312 μέχρι
3746 5235 3851 5291 καὶ

2179 5340 2328 5462 τηῖθ)
2361 5393 2652 5462 Γραμμῆς.
2683 5387 2896 5462 Malim
2935 5386 3175 5462 reddere
3215 5408 3240 5433 «
3296 5383 3636 5452 litterulam,
3670 5403 3697 5430 ››
3747 5379 3852 5436 vel

2182 5457 2320 5517 cum
2350 5457 2657 5526 Gabri'elio,
2700 5479 2720 5507 ι
2757 5459 3058 5514 minimam
3093 5457 3370 5512 litteram.
3407 5478 3435 5504 »

2252 5533 2328 5603 (7)
2360 5523 2688 5603 Ἀκρίϐειαν.
2723 5531 2850 5585 Bill.
2885 5554 2910 5581 ‹‹
2947 5529 3366 5603 sinceritatem.
3402 5551 3428 5577 ››

2233 5589 2621 5688 jejoe'yap.
2691 5603 2831 5675 Reg.
2896 5604 2938 5669 1,
3017 5601 3174 5656 Colb.
3255 5616 3335 5666 m,
3411 5597 3611 5653 Comh.
3687 5589 3846 5652 om

2180 5693 2302 5746 γαρ-

2250 5695 2325 5821 ἴέ)
2358 5700 2515 5800 Ἄλλ⁹
2538 5741 2610 5797 ἵν’
2639 5745 2821 5817 ἡμεῖς.
2855 5743 2944 5801 Sic
2974 5747 3152 5816 Regg.
3187 5744 3430 5815 septem,
3462 5744 3570 5796 etc.
