4152 6286
437 379 556 440 505
1593 381 1883 444 ORATIO
1928 381 2005 442 ll.
2036 415 2113 426 —
2141 379 2701 443 APOLOGETICA.
3731 371 3849 436 506

441 510 554 586 ρὸς,
588 505 938 581 διασκέψεως·
977 507 1115 563 ὥστε
1165 508 1231 563 τά
1282 510 1374 581 μὲν
1434 509 1665 587 φεύγειν,
1698 510 1764 564 τὰ
1813 507 1869 564 δὲ
1918 511 2081 585 αἱρεῖ-

2205 527 2358 582 mus,
2417 511 2633 583 quibus
2690 513 2760 567 de
2811 511 3021 566 iisdem
3100 509 3296 581 rebus,
3356 508 3405 565 si
3474 507 3556 564 ita
3609 512 3845 578 tempus

444 611 589 666 σθαι,
622 599 736 652 οἷον
771 597 956 652 κανόσι
988 597 1098 651 τισὶ
1150 598 1239 652 καὶ
1291 598 1501 670 τύποις,
1549 604 1664 660 τοῖς
1722 595 2084 675 προλαὸοὖσιν

2207 600 2420 668 tulerit,
2481 601 2921 668 consultemus;
2981 603 3154 670 atque
3213 598 3329 654 alia
3384 597 3705 670 fugiamus,
3733 596 3847 652 alia

444 687 704 760 ἑπόμενοι
738 684 1164 762 παραδείγμασι.

2205 689 2648 762 amplectamur,
2725 689 2919 760 priora
3000 686 3267 742 videlicet
3350 686 3634 758 exempla,
3731 703 3845 741 non

2203 796 2373 835 secus
2403 796 2470 834 ac
2528 795 2781 835 canones
2837 778 3124 849 quosdam
3191 781 3248 832 et
3313 775 3566 848 regulas,
3599 789 3846 846 sequen-

2201 871 2310 924 tes.

516 956 626 1022 Κζ’.
657 954 744 1015 Τίς
805 952 895 1006 οὖν
953 955 987 1022 ἡ
1049 952 1258 1028 ἱστορία
1311 953 1400 1007 καὶ
1454 953 1613 1017 πόθεν
1664 957 1698 1023 ἡ
1759 949 2090 1027 συμϐουλή;

2274 960 2412 1014 CVI.
2447 961 2581 1024 Quae
2609 960 2788 1032 igitur
2826 959 2946 1015 haec
2996 958 3241 1014 historia
3293 962 3402 1027 est,
3452 961 3509 1014 et
3557 958 3711 1013 unde
3739 955 3848 1011 hoc

448 1041 574 1097 οὐδὲ
629 1042 730 1118 γὰρ
790 1047 977 1116 χεῖρον
1037 1041 1163 1102 ἴσως
1223 1041 1516 1118 ἀσφαλείας
1570 1045 1682 1116 (10)
1734 1041 1906 1098 ἕνεκεν
1983 1049 2088 1099 τῶν

2211 1048 2512 1104 consilium
2535 1049 2563 1103 ?
2592 1064 2779 1120 neque
2806 1048 2959 1103 enim
2994 1049 3430 1104 incommodum
3463 1047 3708 1102 fortasse
3732 1047 3851 1101 fue-

447 1130 676 1186 πολλῶν
732 1128 982 1192 διελθεῖν.
1017 1135 1242 1206 ’Έφευγε
1290 1131 1378 1184 καὶ
1421 1131 1604 1193 Ἰωνᾶς
1649 1131 1755 1185 ἀπὸ
1794 1133 2087 1204 προσώπου

2209 1137 2297 1206 rit,
2332 1137 2460 1203 hoc,
2501 1142 2565 1192 ut
2595 1137 2987 1208 complurium
3020 1137 3319 1192 securitati
3343 1135 3703 1201 consulatur,
3728 1151 3849 1190 ora-

449 1225 548 1275 ’ὶοὖ
625 1223 773 1291 Θεοῦ,
839 1216 1051 1292 μᾶλλον
1111 1216 1169 1272 δὲ
1233 1209 1447 1295 φεύγειν
1502 1215 1657 1290 ᾤετο·
1719 1219 1864 1275 ἀλλὰ
1935 1242 2089 1275 κατε-

2208 1223 2360 1278 tione
2411 1222 2740 1295 complecti.
2804 1223 3081 1295 Fugiebat
3138 1239 3368 1295 quoque
3418 1223 3598 1278 Jonas
3631 1239 3665 1277 a
3703 1221 3848 1277 facie

453 1307 632 1383 λήφθη
665 1310 778 1380 (11)
836 1305 1081 1382 πελάγει,
1115 1304 1207 1360 λαὶ
1267 1311 1525 1381 χειμῶνι,
1582 1309 1671 1360 καὶ
1728 1307 1944 1384 κλήρῳ,
2003 1309 2092 1363 καὶ

2207 1310 2455 1376 Domini,
2486 1311 2575 1366 vel
2609 1312 2802 1383 potius
2835 1312 3031 1384 fugere
3064 1312 3338 1382 putabat;
3377 1328 3579 1366 verum
3611 1329 3644 1365 a
3678 1310 3847 1380 mari,

447 1397 637 1472 γαστρὶ
694 1399 920 1466 κήτους,
970 1397 1058 1450 καὶ
1108 1396 1394 1470 τριημέρῳ
1447 1397 1609 1473 ταφῇ,
1668 1397 1835 1451 τύπον
1891 1396 2087 1472 ἐχούσῃ

2211 1404 2260 1455 et
2289 1403 2657 1471 tempestate,
2691 1417 2756 1454 ac
2787 1405 2961 1470 sorte,
3013 1400 3239 1471 cetique
3286 1405 3504 1471 ventre,
3537 1404 3711 1470 atque
3739 1400 3851 1454 tri-

453 1485 750 1560 μυστηρίου
788 1485 1052 1557 μείζονος.
1088 1482 1248 1539 Ἀλλ’
1302 1484 1506 1546 ἐκεῖνος
1569 1487 1684 1558 μὲν,
1725 1483 1818 1540 ’ίνα
1869 1488 1942 1558 μὴ
1961 1488 2089 1555 ,τήν

2207 1489 2397 1544 duana
2420 1490 2743 1560 sepultura,
2771 1489 3010 1559 majoris
3036 1488 3293 1560 mysterii
3320 1489 3568 1561 ﬁguram
3589 1493 3847 1560 gerente,

451 1576 772 1650 σκυθρωπὴν
828 1574 916 1628 καὶ
969 1571 1168 1628 ἄτοπον
1222 1571 1483 1648 ἀγγελίαν
1533 1572 1760 1649 ἀγγείλῃ
1807 1577 1919 1648 (12)
1974 1581 2091 1637 τοῖς

2211 1577 2664 1649 comprehensus
2687 1583 2774 1633 est
2789 1579 2828 1612 ⁸¹
2844 1621 2854 1632 .
2872 1578 3003 1633 Haec
3028 1595 3196 1648 porro
3220 1578 3486 1632 ineundae
3512 1578 3656 1649 fugae
3673 1593 3851 1632 causa

449 1661 806 1734 Νινευίτατις,
837 1662 922 1716 κατ
988 1664 1120 1734 μετά
1170 1667 1330 1716 τοῦτο
1362 1662 1596 1735 ψεύστης
1653 1663 1793 1734 ἀλῶ,
1826 1663 2089 1733 σωθείσης

2209 1666 2312 1738 ipsi
2346 1671 2492 1733 erat,
2525 1667 2679 1738 quod
2714 1671 3026 1735 vereretur,
3075 1683 3146 1720 ne
3195 1682 3326 1719 cum
3359 1666 3588 1720 tristem
3622 1669 3679 1721 et
3708 1682 3849 1737 prae—

446 1757 514 1826 τῇ
576 1752 831 1824 μετανοίᾳ
883 1753 979 1819 τῆς
1033 1750 1270 1812 πόλεως·
1307 1751 1367 1805 οὐ
1412 1752 1515 1826 γὰρ
1571 1755 1639 1826 τῇ
1691 1751 1933 1825 σωτηρίᾳ
1981 1754 2086 1826 (13)

2210 1761 2498 1826 posterum
2531 1755 2804 1810 Ninivitis
2838 1755 3109 1810 nuntium
3128 1753 3378 1820 tulisset,
3405 1753 3661 1824 periculo
3692 1757 3850 1825 post-

446 1845 552 1894 τῶν
612 1845 869 1915 πονηρῶν
927 1837 1326 1915 ἐδυσχέραινεν,
1360 1837 1505 1894 ἀλλὰ
1562 1842 1660 1909 τήν
1697 1837 1965 1895 διακονίαν
1995 1845 2086 1894 τοῦ

2209 1861 2269 1900 ea
2299 1859 2401 1915 per
2433 1844 2833 1915 pmnitentiam
2889 1843 3134 1898 liberata
3186 1843 3438 1908 civitate,
3482 1843 3732 1897 mendax
3762 1842 3849 1898 iu-

458 1887 547 1894 ’“”’
619 1887 862 1915 ’⁷⁷⁷⁷⁸1⁷⁷⁷⁷
928 1887 1326 1915 ""l\.‘l"‘"")
1362 1887 1505 1894 "nu"
1574 1887 1656 1909 ’⁷⁸⁷
1700 1887 1960 1895 ’”“’“”””’
2007 1887 2085 1894 ’ν’

445 1927 678 2003 ψεύδους
719 1928 1010 2004 ᾐσχύνετο,
1042 1928 1131 1982 καὶ
1187 1929 1300 1981 οἷον
1352 1927 1676 1998 ἐζηλοτύπει
1724 1936 1822 1999 τῆς
1874 1949 2085 2005 προφη-

2211 1887 2269 1900 ....
2299 1887 2390 1915 τε..
2433 1887 2833 1915 ,w.-...,..........
2889 1887 3134 1898 “se...”
3187 1887 3438 1908 .,...-..--,
3484 1887 3732 1897 ...νη-κ

2211 1931 2647 1988 veniretur.Non
2673 1932 2829 1987 enim
2853 1932 3252 2002 improborum
3272 1931 3579 1986 hominum
3603 1929 3851 1987 salutem

440 2018 584 2080 τείας
615 2019 676 2073 τὸ
721 2018 1053 2089 ἀξιόπιστον,
1087 2017 1219 2092 ὅπερ
1268 2017 1320 2071 ἐν
1367 2016 1513 2088 αὐτῷ
1560 2016 1926 2087 καταλυθῆναι
1981 2022 2080 2090 (14]

2211 2037 2351 2092 agre
2382 2021 2619 2090 ferebat,
2653 2021 2752 2075 sed
2788 2020 3076 2075 mendacii
3120 2019 3514 2075 ministerium
3547 2019 3708 2076 obire
3735 2037 3851 2093 pra:

441 2105 687 2168 κίνδυνος
720 2110 808 2175 ἦν,
843 2107 905 2161 οὐ
944 2105 1249 2179 δυναμένων
1279 2110 1386 2160 τῶν
1437 2105 1662 2162 πολλῶν
1716 2105 1942 2162 συνιδεῖν
1991 2114 2081 2177 τῆς

2211 2110 2424 2180 pudore
2455 2126 2571 2164 non
2603 2110 2954 2177 sustinebat,
2990 2126 3054 2164 ac
3102 2108 3416 2180 prophetia:
3454 2109 3628 2164 ﬁdem
3660 2113 3718 2164 et
3748 2125 3851 2164 au-

439 2199 537 2249 τοῦ
569 2199 702 2250 Θεοῦ
732 2195 854 2272 περὶ
885 2199 1052 2249 ταῦτα
1081 2194 1402 2267 οἰκονομίας
1429 2196 1490 2249 τὸ
1525 2196 1708 2270 βάθος.

2209 2198 2527 2253 ctoritatem
2575 2198 2733 2253 velut
2761 2198 3043 2268 zelotypia
3087 2199 3337 2268 quadam
3368 2198 3849 2269 prosequebatur,

442 2302 569 2357 quae
600 2286 857 2357 quidem,
892 2303 963 2341 ne
995 2287 1052 2340 in
1084 2285 1211 2357 ipso
1244 2285 1735 2358 exstingueretur,
1787 2286 2114 2358 periculum
2162 2291 2304 2354 erat,
2357 2287 2636 2341 nimirum
2677 2287 2948 2358 imperita
2996 2285 3371 2341 multitudine
3421 2303 3547 2357 quae
3583 2285 3761 2342 divini
3791 2287 3851 2342 in

443 2373 785 2445 bujusmodi
823 2375 996 2430 rebus
1028 2374 1257 2430 consilii
1289 2374 1658 2431 altitudinem
1691 2375 2016 2447 perspicere
2048 2392 2163 2431 non
2183 2374 2355 2430 valet.
3905 2425 3907 2427 ,

519 2463 626 2518 ΡΖ’.
663 2463 750 2523 Ὠς
810 2458 868 2516 δὶ
924 2461 1033 2536 ἐγώ
1092 2464 1204 2534 (15)
1251 2482 1398 2522 τινος
1455 2458 1662 2529 ἤκουσα
1733 2464 1901 2536 σοφοῦ
1974 2461 2096 2536 περὶ

2275 2464 2368 2516 61
2408 2461 2569 2517 CVII.
2603 2461 2674 2516 Ut
2721 2467 2915 2516 autem
2949 2479 2981 2516 a
3007 2463 3127 2518 viro
3177 2464 3431 2534 quodam
3463 2462 3521 2516 in
3553 2461 3644 2517 his
3676 2463 3851 2519 rebus

443 2554 611 2604 ταῦτα
642 2548 858 2626 ἀνδρὸς,
892 2551 991 2604 οὐκ
1018 2551 1232 2611 ἀτόπως
1281 2551 1607 2626 βοηθοῦντος
1655 2554 1733 2621 τῷ
1790 2551 2083 2626 φαινομὲνᾳ

2211 2551 2428 2606 erudito
2461 2551 2676 2620 accepi,
2709 2550 3056 2605 absurditati
3080 2551 3151 2618 ei,
3178 2567 3354 2622 quam
3375 2550 3624 2606 historia
3652 2567 3766 2622 pra
3789 2567 3851 2607 se

445 2641 542 2707 τῆς
601 2639 842 2713 ἱστορίας
900 2638 1109 2711 ἀτόπῳ,
1158 2640 1248 2692 καὶ
1298 2640 1482 2693 ἰκανοῦ
1529 2633 1852 2692 καταλαϐεῖν
1902 2636 2085 2712 ἀνδρὸς

2210 2639 2440 2708 ferebat,
2477 2655 2591 2694 non
2619 2639 2872 2694 absurde
2895 2645 3290 2706 succurrente,
3318 2643 3491 2711 atque
3514 2641 3581 2694 ad
3608 2639 3850 2697 intimos

447 2729 734 2804 προφήτου
797 2725 1092 2801 βαθύτητά,
1125 2724 1250 2781 οὐδὲ
1305 2731 1471 2781 ταῦτα
1516 2729 1580 2794 ἦν
1611 2726 1644 2780 ’ἀ
1681 2728 1768 2780 τὸν
1834 2726 2087 2802 μακάριον

2214 2727 2496 2798 prophetae
2528 2742 2738 2781 sensus
2772 2727 3174 2799 percipiendos
3199 2729 3431 2796 idoneo,
3464 2745 3534 2784 ne
3564 2729 3684 2784 haec
3717 2731 3854 2801 qui-

449 2818 630 2870 Ἰωνᾶν
690 2815 858 2870 ἐποίει
922 2813 1154 2893 φυγάδα,
1211 2817 1300 2870 καὶ
1359 2817 1437 2878 εἷς
1495 2815 1718 2885 Ἰόππην
1779 2813 1971 2892 ἤγαγε,
2003 2817 2089 2870 καὶ

2209 2817 2334 2871 dem
2369 2833 2548 2871 causa
2579 2817 2807 2871 beatum
2866 2817 3074 2871 Jonam
3127 2817 3186 2870 in
3247 2817 3444 2888 fugam
3485 2817 3849 2888 conjiciebat,

451 2904 502 2973 ἐξ
558 2904 785 2976 Ἰόππης
845 2905 1110 2980 ἀνήγαγεν
1176 2904 1262 2959 ἐπὶ
1321 2905 1562 2979 Θαρσεὶς,
1594 2902 1815 2980 πελάγει
1875 2905 2090 2960 πιστεύ-

2211 2910 2378 2976 atque
2405 2905 2464 2959 in
2492 2905 2760 2976 J0ppem,
2797 2910 2853 2960 et
2892 2922 2959 2960 ex
2987 2906 3172 2976 Joppe
3221 2921 3454 2961 rursum
3487 2905 3544 2959 in
3577 2905 3851 2961 Tharseis

454 3012 616 3046 σαντα
643 2994 739 3060 τὴν
767 2994 956 3048 ἑαυτοῦ
999 2995 1214 3062 κλοπήν
1249 2995 1378 3066 (16)·
1414 2990 1537 3048 οὔτε
1586 2995 1685 3068 γὰρ
1740 2993 1944 3068 ἀγνοεῖν
1998 2999 2090 3048 τοῦ

2210 2994 2468 3063 ducebat,
2494 2993 2582 3048 sui
2608 2995 2794 3065 ipsius
2819 2995 3036 3048 furtum
3061 2994 3207 3048 mari
3234 2994 3717 3050 committentem.
3740 2994 3850 3050 Ne-

456 3084 592 3135 Θεοῦ
646 3082 743 3149 τὴν
795 3081 1052 3152 ἐπίνοιαν,
1088 3083 1376 3158 προφήτην
1431 3102 1494 3154 γε
1550 3078 1698 3152 ὄντα,
1741 3082 1884 3144 εἰκὸς
1931 3082 2089 3136 αὐτὸν

2211 3099 2315 3154 que
2344 3083 2498 3137 enim
2529 3082 2845 3138 verisimile
2878 3088 2984 3153 est,
3018 3099 3172 3152 eum,
3206 3100 3340 3138 cum
3364 3083 3649 3155 propheta
3678 3087 3851 3149 esset,

452 3170 540 3237 ἦν·
579 3167 660 3224 ὅτι
695 3167 782 3224 διὰ
804 3177 901 3239 τῆς
941 3170 1194 3240 ἀπειλῆς,
1221 3171 1283 3225 τὸ
1318 3171 1393 3243 μὴ
1443 3171 1630 3224 παθεῖν
1686 3173 1752 3224 τὰ
1793 3177 1893 3240 τῆς
1938 3171 2090 3225 ἀπει-

2212 3172 2300 3226 Dei
2335 3171 2645 3226 consilium
2679 3171 3020 3242 ignorasse;
3053 3189 3154 3242 pro
3187 3171 3408 3243 ingenti
3432 3170 3712 3227 nimirum
3743 3188 3852 3228 sua

452 3257 556 3327 λῆς
617 3258 914 3322 Νινευΐταις
1001 3259 1434 3334 ἐπραγματεύετο
1492 3259 1628 3314 κατὰ
1681 3261 1780 3328 τήν
1846 3257 2089 3334 μεγάλην

2211 3260 2508 3331 sapientia,
2530 3265 2586 3314 et
2616 3260 3098 3315 inscrutabilibus
3123 3261 3364 3330 judiciis
3391 3260 3614 3332 viisque
3639 3261 3851 3334 imper-

447 3347 614 3402 αὐτοῦ
659 3348 847 3422 σοφίαν
877 3351 1012 3421 (47),
1042 3349 1131 3403 καὶ
1189 3349 1324 3403 κατὰ
1377 3349 1443 3401 τὰ
1502 3347 1882 3420 ἀνεξερεύνητα
1928 3348 2087 3404 αὐτοῦ

2213 3323 2644 3421 vestigabilibus
2671 3354 2844 3418 utque
2865 3323 3560 3421 incompr-ehensibilibus
3580 3351 3647 3416 ⁸³,
3670 3323 3853 3421 ἱέρει-

448 3435 708 3511 κρίματα,
735 3437 824 3491 καὶ
856 3441 962 3492 τῶν
997 3435 1135 3492 ὁδῶν
1168 3437 1332 3492 αὐτοῦ
1359 3438 1421 3492 τὸ
1452 3437 1852 3512 ἀνεξιχνίαστόν
1901 3459 1958 3492 τε
2004 3438 2088 3492 καὶ

2213 3439 2398 3493 minas
2428 3438 2673 3510 agentis,
2711 3443 2773 3492 ut
2804 3453 2874 3491 ne
2918 3455 3004 3507 ea,
3057 3455 3183 3508 qua
3238 3439 3407 3492 minae
3443 3439 3728 3504 ferebant,
3757 3439 3853 3494 Ni-

449 3525 855 3595 ἆκατάληπτον·
937 3522 1067 3596 οὔτ’,
1147 3524 1294 3599 εἷ’περ
1371 3527 1655 3596 ἠπίστατο,
1726 3529 1802 3600 μή
1872 3525 2089 3582 ἀκολου-

2211 3527 2398 3583 nivitls
2432 3532 2805 3598 paterentur:
2843 3544 2964 3592 nec,
3000 3528 3046 3581 si
3080 3527 3315 3598 quidem
3343 3527 3450 3582 hoc
3481 3531 3851 3599 perspectum

455 3621 613 3683 θῆσαι
647 3619 782 3688 Θεῷ,
816 3612 884 3668 δι’
918 3615 979 3668 οὗ
1008 3636 1108 3690 περ
1142 3610 1400 3670 ἐϐούλετο
1429 3616 1636 3690 τρόπου
1665 3618 1763 3685 τήν
1827 3615 2095 3691 σωτηρίαν

2209 3617 2478 3681 habebat,
2515 3619 2622 3670 Deo
2656 3616 2896 3686 obsequi
2924 3633 3244 3682 recusasse,
3272 3633 3384 3687 quo
3411 3616 3636 3671 volebat
3658 3615 3849 3686 modo,

452 3703 671 3764 ἐκείνοις
723 3704 1112 3778 μηχανωμένῳ
1153 3705 1290 3777 (18).
1333 3707 1402 3758 Τὸ
1434 3702 1491 3759 δὲ
1521 3702 1585 3772 δὴ
1620 3706 1708 3758 καί
1759 3704 1986 3773 οἷέσθαι,
2021 3704 2092 3765 ὡς

2211 3705 2453 3761 salutem
2487 3704 2603 3758 illis
2627 3705 2977 3775 procuranti.
3009 3705 3155 3760 Illud
3181 3723 3352 3777 porro
3374 3705 3726 3773 existimare,
3753 3705 3851 3762 Jo-

449 3791 781 3868 ἀποκρύψειν
834 3795 947 3866 (19)
981 3793 1163 3848 ἑαυτὸν
1223 3791 1303 3866 τῷ
1358 3791 1578 3868 πελάγει
1628 3791 1858 3861 ἤλπισεν
1889 3795 2089 3859 Ἰωνᾶς,

2213 3810 2344 3848 nam
2376 3793 2434 3846 in
2467 3809 2630 3863 spem
2663 3793 2972 3848 inductum
3025 3794 3225 3861 fuisse,
3262 3795 3401 3859 fore,
3445 3797 3508 3847 ut
3547 3793 3694 3848 mari
3726 3809 3853 3850 sese

449 3881 538 3936 καὶ
590 3883 678 3936 τὸν
733 3882 900 3956 μὲγαν
954 3881 1234 3956 ὀφθαλμὸν
1288 3886 1384 3937 τοῦ
1439 3886 1571 3937 Θεοῦ
1631 3880 1981 3952 διαλήσεσθαι
2030 3886 2089 3955 τῇ

2211 3883 2608 3950 absconderet,
2647 3898 3044 3953 magnumque
3077 3882 3173 3936 Dei
3227 3881 3462 3937 oculum
3495 3881 3743 3951 falleret,
3778 3899 3851 3938 an

450 3969 610 4047 φυγῇ,
649 3971 724 4042 μή
775 3971 863 4024 καὶ
921 3969 1202 4032 παντελῶς
1263 3969 1460 4025 ἄτοπον
1509 3970 1546 4045 ᾖ
1604 3971 1694 4026 καὶ
1753 3968 2090 4041 ἀπαίδευτον¹

2213 3989 2326 4027 non
2378 3972 2641 4041 ineptum
2693 3987 2932 4041 prorsus
2981 3975 3037 4024 et
3088 3971 3410 4025 absurdum
3451 3971 3641 4038 fuerit,
3676 3975 3853 4042 atque

447 4059 536 4114 καὶ
587 4059 694 4134 οὐχ
743 4059 892 4121 ὅπως
963 4060 1084 4136 περὶ
1135 4062 1419 4136 προφήτου
1476 4059 1816 4115 πιστεύεσθαι
1862 4062 1973 4133 (20)
2025 4058 2087 4114 δί-

2210 4061 2538 4130 indignum,
2573 4059 2727 4128 quod
2762 4075 2874 4112 non
2907 4058 3098 4113 dicam
3126 4060 3195 4113 de
3228 4059 3529 4130 propheta,
3561 4059 3850 4124 credatur,

447 4167 625 4217 καιον,
660 4147 788 4203 ἀλλ’
839 4146 965 4204 οὐδὲ
995 4149 1117 4225 περὶ
1151 4147 1328 4204 ἄλλου
1357 4150 1501 4211 τινὸς
1532 4154 1636 4204 τῶν
1679 4155 1804 4204 νοῦν
1833 4147 2087 4224 ἐχόντων1

2213 4149 2307 4204 sed
2340 4163 2410 4203 ne
2442 4147 2511 4201 de
2544 4145 2654 4202 alio
2688 4147 2924 4217 quidem
2959 4146 3078 4202 ullo
3103 4151 3296 4203 mente
3321 4147 3583 4220 praedito,
3617 4165 3682 4204 ac
3706 4149 3853 4204 divi-

518 4317 560 4352 ⁸¹
594 4316 725 4373 Jon.
759 4335 797 4386 ι,
830 4319 864 4372 3
890 4323 946 4374 et
968 4334 1132 4391 seqq.
1164 4319 1211 4353 ⁸²
1237 4323 1401 4375 Rom.
1434 4336 1512 4386 x1,
1545 4318 1636 4374 33.

522 4485 633 4562 (10)
663 4483 1006 4562 ’ᾼσφαλείαφ
1064 4487 1315 4562 Exponit
1362 4486 1554 4542 Elias:
1615 4509 1643 4536 ‹‹
1682 4487 1780 4562 ΔΝο
1829 4486 2090 4558 plerique

2209 4487 2381 4562 Colb.,
2415 4491 2521 4541 etc.
2560 4485 2809 4562 Basilius
2859 4501 2990 4562 vero
3042 4490 3114 4562 et
3150 4485 3303 4562 Elias
3339 4486 3504 4562 hunc
3535 4487 3723 4562 virum
3757 4503 3849 4542 sa-

452 4561 662 4630 errent,
687 4557 835 4630 fugae
872 4575 1034 4623 meae,
1062 4557 1395 4614 vel’reditus
1418 4575 1656 4614 causam
1681 4557 2035 4630 ignorantes.
2063 4580 2090 4606 ››
2203 4559 2456 4628 pientem
2485 4576 2613 4613 esse
2651 4557 3010 4630 Methodium
3062 4558 3204 4630 Tyri
3261 4559 3600 4629 episcopum
3633 4557 3850 4613 diserte

519 4626 630 4704 (ll)
656 4626 999 4704 Κατἐλήφθη.
1022 4630 1081 4684 In
1111 4630 1261 4686 hanc
1282 4645 1478 4685 vocem
1502 4632 1689 4700 major
1706 4626 1802 4704 Bst
1823 4629 2086 4684 codicum
2202 4626 2633 4704 at'firmantsitjlx
2665 4629 2879 4704 quibus
2914 4626 3427 4704 manifestumfest,
3455 4626 3568 4700 quo
3592 4634 3853 4704 tempore

447 4699 913 4782 et‘in'terpreturn
939 4717 1294 4782 consensus,
1312 4717 1502 4782 .quam
1527 4699 1979 4756 ut’retineamus
1999 4720 2094 4753 κα·
2125 4719 2173 4782 ι)
2205 4702 2498 4782 scribebat
2532 4700 3026 4782 Ellam-exstitisse
3057 4701 3333 4782 Methodii
3361 4699 3852 4782 commentarium

443 4767 724 4852 τελείφθή,
757 4774 911 4852 quod
939 4773 1158 4852 habent
1184 4767 1356 4852 editi.-
1410 4843 1441 4852 η
1545 4844 1559 4852 _
1704 4847 1733 4852 _
1776 4842 1810 4852 η
1945 4840 1958 4852 ἱ
2125 4767 2171 4782 ’⁷
2293 4773 2525 4852 lanam,
2577 4771 2879 4852 siquidem.
2920 4771 3069 4852 hanc
3117 4773 3652 4852 interpretatipnem
3686 4773 3847 4852 sein

512 4840 629 4966 512')
689 4840 964 4917 Ἀγγείλῃ.
1054 4845 1198 4900 Tres
1283 4843 1468 4916 Regii,
1528 4844 1643 4898 duo
1697 4842 1855 4898 Colb.
1934 4840 2094 4916 ἀναγ-

567 4933 622 4969 η.

2210 4845 2475 4899 Methodii
2501 4840 2919 4898 commentario
2944 4843 3155 4913 legisse
3176 4840 3441 4898 testatur.
3466 4843 3850 4898 Combefisius

2210 4932 2314 4969 nec
2343 4917 2675 4969 Origenem.
2698 4931 2800 4968 nec
2833 4915 3191 4969 Methodium
3225 4932 3256 4968 a
3291 4915 3568 4969 Gregorio
3597 4913 3846 4969 intelligi

681 4987 756 5057 Τῇ
817 4985 1078 5061 σωτηρίᾳ.
1135 4987 1271 5059 Reg.
1333 5003 1389 5040 n.
1478 4986 1537 5041 in
1625 5002 1746 5054 ora,
1829 4984 1928 5051 τήν
1989 5003 2083 5036 σω-

2211 4932 2314 4970 nec
2343 4917 2675 4985 Origenem,
2698 4931 2800 4968 nec
2833 4917 3191 4969 Methodium
3225 4932 3256 4968 a
3291 4917 3568 4984 Gregorio
3597 4917 3846 4986 intelligi

2211 4991 2399 5061 putat,
2421 4986 2737 5061 sodalium
2769 4986 2958 5061 ipsius
2991 4986 3267 5061 temporis
3303 4987 3784 5061 virumdoctum,
3818 5003 3851 5040 a

443 5055 703 5130 Inpiav.“
734 5055 740 5057 ⁷
813 5125 826 5130 _
973 5055 981 5061 ’
1044 5055 1048 5056 ⁷
1219 5055 1245 5059 ⁷
1444 5128 1453 5130 ᾉ
1501 5129 1510 5130 7
1584 5129 1597 5130 γ
2049 5127 2059 5130 _
2205 5055 2319 5130 quo
2351 5060 2404 5114 id
2441 5059 2724 5130 audierat,
2748 5057 2867 5110 sive
2901 5059 2947 5110 is
2976 5057 3064 5111 vir
3093 5055 3299 5111 doctus
3333 5057 3390 5110 in
3423 5057 3668 5128 Origene
3696 5057 3849 5128 lege-

515 5074 1056 5252 flzl’karplvoﬁvm.
1098 5147 1119 5177 ι
1152 5131 1286 5195 Quae
1326 5144 1396 5184 ne
1441 5128 1907 5194 labefactaretur,
1943 5127 2092 5199 peri-

543 5216 641 5252 um
673 5216 771 5252 era
804 5243 816 5252 .
855 5223 880 5249 ))

2205 5075 2319 5130 quo
2351 5074 2404 5114 ιι]
2441 5074 2724 5125 audierat,
2748 5074 2867 5110 sive
2901 5074 2947 5110 IS

1326 5144 1396 5184 ne
1441 5128 1907 5194 labefactaretur,
1943 5127 2092 5199 peri-
2204 5135 2315 5194 rat,
2351 5134 2467 5186 sive
2499 5131 2623 5201 ipse
2652 5129 2966 5183 invenerat.

2274 5203 2387 5252 (16)
2449 5198 2691 5252 Κλοπγίν.
2752 5204 2886 5252 Heg.
2932 5217 2966 5252 V

442 5195 641 5254 culum
672 5206 880 5272 erat.»
912 5195 945 5272 ξ
1260 5271 1277 5272 7
1700 5270 1710 5272 _
1944 5195 1960 5199 _
1988 5269 1999 5272 _

2274 5203 2387 5272 (16)
2449 5195 2691 5268 κλοπήν.
2752 5204 2886 5270 Heg.
2932 5217 2966 5270 γ
3011 5197 3302 5270 σωτηρίαν,
3336 5208 3384 5254 et
3420 5201 3489 5254 ad
3524 5216 3684 5254 oram
3717 5195 3847 5251 κλο-

513 5267 865 5364 (1Δ5)1Ὠςιδέ
909 5271 1038 5364 ἐγιέ),
1089 5275 1197 5364 etc.
1259 5271 1319 5325 ln
1379 5272 1634 5364 quodam
1683 5270 1878 5326 Graeco
1922 5269 2090 5360 scho:
2199 5267 2325 5364 mﬁl'v‘.

446 5337 616 5418 [insta
644 5341 898 5418 legi_tur:_
949 5337 1223 5418 Ὠριγένην
1282 5337 1464 5418 σαφῶς
1521 5340 1829 5418 αἰνίττεται,
1879 5339 1949 5418 ,οὗ
2001 5339 2086 5418 κα)

2266 5337 2384 5413 ’(17)
2465 5341 2606 5394 Κατά
2688 5341 2786 5407 τήν
2877 5337 3116 5414 μεγάλην
3200 5340 3364 5418 αύτοῦ
3424 5341 3633 5414 σοφίαν.
3725 5341 3848 5394 Haec

445 5411 1438 5490 ἐξήγησιν-ἐττιιφὲρειί-εὗρισκομὲνην
1485 5417 1668 5490 σαφῶς
1716 5411 1766 5464 ἐν
1812 5416 1928 5490 τοῖς
1959 5412 2085 5490 κατᾶ

1723 5411 1766 5464 ἐν
1812 5416 1928 5490 τοῖς
1959 5412 2093 5490 κατὰ
2201 5411 2413 5490 desunt
2444 5415 2503 5467 in
2539 5415 2723 5490 Regg,
2752 5411 2965 5490 Πόνε-ιη’
2989 5418 3044 5490 et
3075 5429 3169 5490 sex
3205 5414 3363 5468 Colb.

451 5482 756 5540 τὸνἽωνᾶν
799 5482 1180 5558 ἐξηγημένοις.
1209 5507 1237 5558 ιι
1281 5482 1479 5540 Palam
1526 5482 1832 5557 O'rigenem
1866 5484 2091 5554 signiﬁ-

1944 5485 2091 5554 gniﬁ-
2273 5487 2384 5554 (18)
2411 5484 3033 5558 Μηχανωμὲνῳζίῇοἱει.
3073 5487 3120 5544 1,
3134 5556 3142 5558 Ξ
3158 5482 3584 5558 μηχανωμένου.

444 5561 534 5630 cat
547 5603 569 5630 ,_
584 5559 758 5630 cujus
781 5554 955 5630 etiam
979 5554 1401 5628 expositionem
1427 5554 1718 5630 adjung—it,
1740 5561 2084 5630 qugaperte

1872 5561 2091 5630 _aperte
2273 5559 2385 5626 (19)
2417 5554 2799 5630 Ἀποκρύψειν.
2837 5556 3014 5630 R_egg.
3050 5563 3088 5630 t_,
3123 5554 3509 5630 ἀποκρύπτειν.

446 5629 502 5681 in
534 5626 695 5684 illius
727 5629 786 5683 in
815 5629 1026 5685 Jonam
1051 5626 1476 5684 commentario
1500 5626 1773 5684 occurrit:
1795 5650 1821 5677 »
1845 5628 1974 5683 Haec
1995 5644 2086 5683 ea-

2274 5630 2382 5698 (20)
2445 5626 2810 5689 Πιστεύεσθαι.
2872 5627 3010 5698 Reg.
3072 5628 3110 5682 1.
3171 5634 3227 5683 ct
3270 5626 3494 5684 'Comb.
3555 5626 3846 5694 πιστευθῆ-

444 5699 577 5755 dem
608 5699 826 5775 habent
854 5700 951 5759 alii
984 5699 1180 5773 plures
1212 5698 1537 5757 scholiastae
1569 5700 1628 5755 in
1661 5700 1828 5756 codd.
1872 5699 2088 5771 Regiis,
2197 5717 2305 5752 ναι.
