4152 6286
319 342 437 406 80⁸1

1556 350 1619 413 S.
1669 345 2044 412 GREGORII
2087 348 2478 413 THEOLOGI

3602 351 3721 416 508

323 496 459 536 nam
494 497 668 553 super
698 481 893 538 omnia
915 483 1230 553 potentiam
1255 484 1623 543 mediocriter
1645 502 1963 559 agnoscen-

2083 483 2166 537 xui
2221 483 2455 559 μετρίως
2509 482 2907 556 αἰσθανομένων
2952 488 3084 540 Θεοῦ
3134 487 3249 559 (21)
3296 484 3387 540 καὶ
3435 490 3535 555 τῆς
3588 486 3719 564 ὑπὶρ

323 574 400 625 te.

394 659 583 715 CVIII.
616 659 794 714 Norat
825 661 1079 731 profecto
1106 662 1308 731 Jonas,
1368 669 1425 719 et
1477 665 1712 736 quidem
1772 665 1961 736 magis

317 764 492 812 quam
527 748 717 818 quivis
744 748 915 813 alius,
950 751 1141 806 aiebat
1171 753 1257 805 vir
1286 752 1402 820 ille,
1437 754 1535 825 qui
1570 754 1674 809 hoc
1710 754 1957 819 dicebat,

320 836 582 907 mihique
613 838 787 892 Iidem
823 839 1087 906 faciebat,
1132 858 1241 910 quo
1276 843 1602 913 praedicatio
1644 844 1762 897 haec
1794 842 1961 897 Nini-

312 925 446 979 vitis
480 926 773 992 tenderet;
809 929 1081 999 quodque
1115 931 1425 985 consilium
1461 931 1843 1002 fugaeiniens,
1877 930 1959 985 lo-

310 1031 439 1069 cum
476 1016 711 1085 quidem
747 1022 1020 1084 mutaret,
1058 1023 1237 1074 Deum
1271 1025 1465 1075 autem
1499 1020 1956 1091 haudquaquam

308 1104 607 1175 effugeret,
644 1121 780 1159 nam
814 1123 917 1161 nec
950 1108 1286 1163 mortalium
1311 1108 1467 1164 ullus
1490 1109 1639 1166 alius
1664 1110 1718 1164 id
1748 1113 1955 1181 potest,

308 1193 429 1248 sive
462 1194 520 1247 in
552 1198 720 1248 terrae
752 1194 990 1261 ﬁnibus,
1025 1202 1125 1251 aut
1156 1198 1333 1252 maris
1367 1198 1655 1269 profundo
1679 1215 1739 1253 se
1762 1196 1956 1253 occul-

309 1284 428 1347 tet;
461 1282 578 1337 sive
611 1284 838 1353 pennis,
891 1284 939 1339 si
988 1302 1106 1354 qua
1153 1292 1276 1341 arte
1318 1286 1376 1340 id
1428 1286 1705 1358 consequi
1750 1288 1954 1359 possit,

310 1370 664 1435 sublevetur,
698 1377 867 1442 atque
899 1374 954 1428 in
989 1374 1198 1429 caelum
1220 1375 1423 1442 evolet,
1452 1376 1569 1431 sive
1591 1376 1662 1431 ad
1689 1377 1838 1432 imas
1868 1375 1959 1431 in-

312 1460 456 1515 ferni
492 1466 683 1530 partes
714 1477 776 1515 se
806 1463 1086 1529 conferat,
1111 1463 1230 1518 sive
1252 1481 1450 1520 crassa
1478 1466 1632 1519 nube
1664 1482 1724 1520 se
1756 1469 1954 1520 conte-

308 1554 426 1619 gat,
464 1550 581 1604 sive
611 1549 862 1621 denique
914 1551 1145 1621 quidvis
1204 1553 1362 1608 aliud
1404 1554 1475 1608 ad
1508 1555 1703 1625 fugam
1738 1555 1795 1608 in
1830 1558 1955 1609 tuto

309 1638 708 1693 collocandam
734 1640 929 1694 animo
954 1641 1133 1711 agitet
1154 1643 1219 1695 ⁸³.
1245 1641 1415 1698 Solus
1440 1642 1655 1715 quippe
1678 1660 1745 1697 ex
1766 1644 1954 1697 omni-

310 1726 421 1780 bus
446 1728 616 1781 rebus
637 1727 790 1781 Deus
812 1732 919 1793 est,
944 1728 1043 1799 qui
1068 1746 1168 1784 nec
1192 1730 1327 1802 fuga
1348 1731 1537 1797 vitari,
1563 1731 1952 1803 necgsuperari

310 1818 523 1885 potest,
557 1831 689 1869 cum
736 1815 983 1895 aliquem
1032 1818 1306 1889 arripere,
1358 1836 1423 1873 ac
1472 1820 1581 1875 sub
1628 1837 1869 1874 manum
1898 1825 2032 1917 etB

310 1907 659 1975 potestatem
712 1905 972 1977 redigere
1027 1906 1287 1962 voluerit.
1351 1909 1577 1965 Celeres
1626 1910 1954 1977 antevertit,

312 1994 629 2064 prudentes
662 1994 892 2064 decipit,
928 1995 1103 2051 fortes
1148 1998 1449 2066 subvertit,
1502 1998 1785 2054 sublimes
1818 2016 1954 2054 cou-

308 2081 510 2151 trahit,
545 2082 847 2137 audaciam
882 2084 1130 2157 mitigat,
1164 2086 1480 2155 potentiam
1514 2088 1742 2159 premit.

386 2171 486 2225 62
519 2170 654 2226 CIX.
687 2175 809 2225 Non
845 2188 980 2243 ergo
1013 2178 1303 2243 potentem
1338 2175 1437 2231 Dei
1482 2193 1745 2246 manum,
1779 2195 1956 2249 quam

311 2258 441 2314 aliis
491 2261 981 2327 comminabatur,
1028 2263 1208 2318 Jonas
1255 2263 1579 2336 ignorabat,
1626 2282 1730 2320 nec
1761 2267 1867 2321 hoc
1898 2267 1955 2321 in

310 2350 573 2404 animum
598 2349 934 2415 inducebat,
959 2351 1099 2417 fore,
1117 2357 1181 2405 ut
1202 2352 1461 2407 divinum
1482 2371 1699 2409 numen
1721 2372 1957 2426 prorsus

309 2438 587 2510 effugeret
612 2456 624 2501 ;
659 2439 813 2494 absit
835 2457 867 2494 a
890 2439 1058 2495 nobis
1081 2441 1199 2495 haec
1224 2442 1525 2513 persuasio
1552 2460 1564 2496 ε
1588 2460 1787 2498 verum
1821 2445 1956 2514 quia

310 2526 541 2581 Israelis
564 2526 993 2597 prolapsionem
1020 2532 1802 2604 perspiciebat,gratiamque
1825 2550 1955 2602 pro-

314 2614 604 2687 pheticam
633 2615 702 2669 ad
726 2620 928 2685 gentes
954 2616 1204 2687 migrare
1234 2620 1541 2686 sentiebat,
1573 2620 1789 2675 idcirco
1814 2639 1956 2693 pras-

313 2702 663 2757 dicationem
695 2704 936 2775 defugit,
971 2708 1139 2775 atque
1184 2706 1469 2777 imperata
1502 2710 1685 2763 facere
1716 2716 1957 2765 cuncta-

310 2794 445 2858 tur;
480 2808 544 2845 ac
576 2792 774 2862 gaudii
831 2793 1067 2864 specula
1122 2794 1344 2862 relicta,
1405 2814 1538 2851 nam
1588 2798 1771 2869 Joppe
1802 2800 1955 2869 apud

312 2881 580 2936 Hebraeos
632 2881 738 2936 hoc
785 2881 1097 2952 signiﬁcat,
1148 2882 1204 2937 id
1257 2888 1345 2938 est
1392 2887 1569 2940 veteri
1632 2888 1861 2957 fastigio
1904 2893 1960 2942 et

309 2969 613 3040 dignitate,
651 2970 708 3024 in
744 2971 1278 3043 moeroris‘pelagus
1324 2988 1385 3028 se
1432 2974 1680 3044 projicit.
1717 2982 1795 3030 Ac
1829 2992 1957 3046 pro-

308 3063 505 3130 pterea
532 3064 880 3131 tempestate
920 3061 1199 3130 jactatur,
1242 3066 1297 3116 et
1336 3063 1572 3130 dormit,
1624 3069 1680 3119 et
1720 3064 1957 3118 naufra-

312 3147 473 3219 gium
507 3148 744 3218 patitur,
779 3164 808 3203 e
840 3165 1065 3204 sommo
1110 3151 1411 3217 excitatur,
1443 3157 1499 3207 et
1528 3156 1682 3207 sorte
1711 3154 1957 3224 capitur,

2071 572 2243 626 πάντα
2276 570 2576 645 δυνάμεως.

2145 664 2261 719 PH'.
2297 662 2450 717 Ἀλλ’
2483 659 2601 735 ᾔδει
2642 663 2733 733 μὶν
2762 666 2921 717 τοῦτο
2955 663 3151 723 παντὸς
3200 661 3411 735 μᾶλλον
3447 664 3474 718 6
3508 666 3715 738 Ἰωνᾶς,

2070 750 2231 826 φησὶν
2258 752 2284 803 6
2313 751 2402 804 τὸν
2438 749 2603 825 λόγον
2637 751 2799 804 εἰπὼν
2842 754 2974 821 (22),
3007 751 3097 805 καὶ
3139 750 3248 826 ὶγὼ
3294 752 3550 824 πείθομαι
3584 758 3716 829 (23),

2070 838 2144 899 εἰς
2175 838 2204 892 ὅ
2248 859 2298 892 τι
2350 836 2501 916 ἔφερε
2533 842 2791 911 τοῖς
2853 838 3154 902 Νινευίταις
3204 842 3264 894 τὸ
3323 844 3599 918 κήρυγμα,
3627 844 3719 898 xui

2068 926 2174 994 ὅτι,
2205 928 2293 981 τὸν
2346 925 2582 1002 δρασμὸν
2636 926 2934 1003 βουλεύων,
2966 928 3131 982 τόπον
3188 930 3283 1000 μὶν
3331 926 3550 1003 ἤμειϐε,
3586 934 3715 989 Θεὸν

2070 1012 2126 1069 δὲ
2172 1015 2269 1069 οὐκ
2316 1014 2551 1092 ἔφευγεν·
2605 1014 2729 1070 οὐδὲ
2776 1017 2879 1091 γὰρ
2929 1015 3099 1079 ἄλλος
3156 1039 3238 1080 τις
3290 1018 3612 1094 ἀνθρώπων,
3654 1021 3715 1076 οὐ

2066 1111 2170 1178 γῆς
2205 1104 2389 1158 ἑαυτὸν
2448 1105 2792 1179 κατακρύψας
2845 1105 3095 1173 κόλποις,
3132 1105 3193 1160 οὐ
3242 1106 3514 1178 θαλάσσης
3566 1108 3719 1183 βάθε-

2066 1214 2169 1264 σιν,
2202 1193 2263 1247 ού
2312 1199 2533 1268 πτεροῖς
2580 1193 2907 1270 κουφισθεὶς,
2943 1192 2996 1249 εἷ’
3036 1216 3119 1257 τις
3179 1194 3408 1269 ἐπίνοια,
3456 1198 3545 1251 καὶ
3595 1199 3716 1252 ἀνα-

2066 1279 2286 1355 δραμὼν
2320 1283 2393 1344 εἷς
2428 1284 2576 1358 ἄέρα,
2605 1282 2712 1357 οὐχ
2742 1278 2872 1352 ᾅδου
2918 1289 3035 1345 τοῖς
3085 1286 3378 1339 κατωτάτω
3548 1306 3715 1361 προσ-

2064 1370 2359 1443 ομιλήσας,
2393 1371 2453 1425 ού
2511 1373 2703 1449 νέφους
2754 1371 3045 1447 παχύτητα
3095 1368 3528 1449 περιϐαλόμενος
3576 1377 3712 1447 (26),

2065 1460 2164 1514 οὐκ
2194 1458 2333 1514 ἄλλο
2363 1465 2469 1515 τῶν
2503 1460 2751 1515 ἁπάντων
2788 1459 2941 1516 οὐδὲν
2969 1461 3042 1522 εἷς
3092 1461 3384 1539 ἀσφάλειαν
3431 1467 3529 1517 τοῦ
3580 1460 3709 1534 δρα-

2064 1549 2211 1621 σμοῦ
2242 1547 2693 1623 βουλευσάμενος·
2728 1547 2873 1604 ἀλλὰ
2924 1554 3086 1605 τοῦτο
3144 1550 3306 1622 μόνον
3356 1556 3460 1605 τῶν
3503 1551 3715 1607 πάντων

2065 1637 2455 1714 ἀφευκτότατόν
2508 1658 2563 1692 τε
2617 1641 2727 1710 (27)
2776 1637 2864 1691 καὶ
2931 1639 3294 1713 ἀμαχώτατον
3347 1640 3494 1708 Θεὸς,
3557 1661 3715 1694 κατα-

2064 1732 2214 1801 σχεῖν
2242 1727 2330 1779 καὶ
2364 1727 2465 1780 ὑπὸ
2496 1732 2655 1801 χεῖρα
2706 1721 2892 1780 λαϐεῖν
2940 1725 3196 1797 θελήσας,
3226 1729 3409 1805 φθάνει
3444 1732 3560 1800 (28)
3587 1729 3715 1791 τοὺς

2064 1821 2274 1889 ταχεῖς,
2354 1813 2583 1889 σφάλλει
2660 1816 2787 1875 τοὺς
2864 1814 3137 1879 συνετοὺς,
3199 1816 3509 1891 περιτρέπει
3584 1816 3713 1878 τοὺς

2069 1902 2349 1977 ἰσχυροὺς,
2399 1902 2679 1958 συστέλλει
2739 1903 2866 1965 τοὺς
2919 1901 3187 1976 ὑψηλοὺς,
3240 1907 3444 1980 ἡμεροῖ
3492 1904 3713 1981 θράσος,

2066 1991 2235 2060 πιέζει
2269 1989 2511 2064 δύναμιν.

2142 2171 2253 2225 ΡΘ’.
2283 2169 2355 2223 Ού
2386 2168 2561 2224 τοίνυν
2596 2170 2779 2246 ἡγνόει
2810 2176 2905 2224 τοῦ
2937 2174 3068 2225 Θεοῦ
3102 2172 3199 2239 τήν
3248 2174 3502 2247 κραταιὰν
3554 2178 3715 2249 χεῖρα

2068 2260 2095 2313 6
2125 2265 2239 2321 τοῖς
2280 2258 2472 2320 ἄλλοις
2504 2262 2614 2332 (29)
2644 2258 2843 2327 ταύτην
2894 2259 3131 2315 ἀπειλῶν
3204 2262 3412 2332 Ἰωνᾶς,
3465 2259 3590 2316 οὐδὲ
3638 2262 3713 2323 ὡς

2068 2348 2390 2425 φευξόμενος
2449 2347 2525 2409 εἰς
2582 2349 2716 2402 ἅπαν
2771 2346 3027 2402 διενοεῖτο
3086 2350 3149 2403 τὸ
3209 2350 3372 2421 θεῖον,
3431 2351 3505 2423 μὴ
3554 2355 3715 2404 τοῦτο

2066 2436 2437 2509 πιστεύσωμεν
2495 2440 2626 2506 (3Ο)’
2678 2436 2805 2492 ἀλλ’
2845 2435 3031 2506 ἐπειδὴ
3092 2439 3190 2506 τὴν
3248 2434 3512 2493 ἔκπτωσιν
3574 2438 3717 2513 ἐώρα

2064 2530 2161 2580 τοῦ
2232 2526 2472 2599 Ἰσραὴλ,
2522 2524 2609 2579 καὶ
2668 2521 3085 2597 μεταϐαίνουσαν
3159 2526 3233 2588 εἰς
3290 2529 3357 2581 τὰ
3422 2524 3548 2597 ἔθνη
3617 2529 3716 2595 τήν

2067 2616 2412 2691 προφητικὴν
2442 2614 2599 2689 χάριν
2651 2613 2929 2687 ᾐσθάνετο,
2962 2612 3048 2668 διὰ
3096 2613 3257 2669 τοῦτο
3310 2616 3592 2691 ὑποχωρεῖ
3641 2621 3720 2688 τῷ

2068 2703 2398 2778 κηρύγματι,
2457 2702 2544 2756 καὶ
2606 2697 2967 2758 ἀναϐάλλεται
3014 2704 3076 2756 τὸ
3140 2702 3433 2777 ἐπίταγμα·
3483 2704 3571 2756 xui
3620 2706 3720 2771 τὴν

2068 2793 2413 2859 κατασκοπήν
2469 2798 2566 2860 τῆς
2626 2797 2800 2866 χαρᾶς
2854 2792 3027 2867 ἀφεὶς,
3059 2796 3219 2845 τοῦτο
3278 2793 3381 2865 γὰρ
3444 2786 3713 2865 Ἑϐραίοις

2070 2882 2104 2947 ἡ
2141 2880 2330 2948 Ἰόππη
2366 2877 2602 2947 δύναται,
2633 2880 2695 2933 τὸ
2725 2877 2955 2934 παλαιὸν
3008 2880 3140 2952 ὕψος
3193 2876 3339 2954 λέγω
3372 2882 3484 2953 (31)
3513 2879 3601 2932 xui
3653 2880 3713 2932 τὸ

2070 2968 2301 3041 ἀξίωμα,
2335 2968 2408 3029 εἷς
2463 2969 2525 3021 τὸ
2575 2974 2672 3036 τῆς
2734 2966 2914 3038 λύπης
2972 2968 3155 3022 ἑαυτὸν
3216 2964 3402 3044 ἔρῥιψε
3456 2965 3709 3042 πάλαγοςο

2068 3058 2157 3111 καὶ
2190 3054 2278 3110 διὰ
2319 3061 2479 3111 τοῦτο
2535 3056 2873 3132 χειμάζεται,
2906 3055 2994 3110 καὶ
3043 3053 3307 3127 καθεύδει,
3339 3056 3428 3110 καὶ
3476 3060 3713 3131 ναυαγεῖ,

2070 3147 2158 3200 καὶ
2211 3145 2562 3218 ἐξυπνίζεται,
2612 3145 2699 3199 καὶ
2758 3142 3082 3220 κληροῦται,
3136 3146 3225 3199 καὶ
3293 3143 3559 3219 ὁμολογεῖ
3620 3146 3718 3214 τὴν

314 3215 372 3291 et
402 3215 601 3307 fugam
634 3236 867 3305 fatetur,
900 3242 957 3293 et
986 3238 1042 3292 in
1101 3255 1260 3295 mare
1315 3215 1693 3312 demergitur,
1727 3215 1899 3313 atque
1930 3215 1963 3297 a

2083 3256 2269 3313 ρυγην,
2310 3235 2399 3288 καὶ
2449 3234 2909 3303 καταποντίζεται,
2942 3234 3029 3288 xui
3080 3235 3182 3288 ὑπὸ
3228 3239 3324 3288 τοῦ
3372 3237 3575 3304 κήτους
3623 3254 3716 3287 κα-

317 3328 443 3378 ceto
467 3324 810 3378 absorbetur
831 3326 1093 3395 quidem,
1118 3328 1219 3382 sed
1243 3345 1355 3383 non
1374 3328 1703 3383 absumitur
1727 3348 1740 3397 ;
1765 3346 1963 3384 verum

322 3411 419 3465 Dei
453 3428 619 3482 opem
654 3411 770 3466 illic
800 3412 1091 3485 implorat,
1126 3416 1422 3489 simulque
1454 3435 1588 3473 cum
1618 3419 1964 3486 Cbristo,res

321 3500 499 3554 mira!
559 3500 615 3554 di
667 3500 835 3556 tertio
893 3504 1178 3559 educitur.
1240 3506 1454 3561 Verum
1515 3508 1633 3561 haec
1696 3509 1766 3563 de
1818 3509 1966 3562 Jona

315 3589 499 3643 oratio
532 3588 639 3644 hoc
668 3589 793 3645 loco
823 3597 1134 3662 exspectet,
1170 3596 1498 3650 accuratius
1532 3596 1709 3663 brevi,
1738 3597 1786 3651 si
1813 3596 1965 3651 Deus

319 3678 516 3744 donet,
552 3695 584 3732 a
614 3679 781 3734 nobis
812 3679 1153 3751 expolienda
1184 3688 1240 3737 et
1271 3685 1697 3753 pertractanda.

391 3768 495 3821 CX.
532 3767 695 3825 Nunc
726 3772 942 3837 autem,
987 3775 1051 3823 ut
1108 3772 1179 3825 ad
1238 3772 1577 3828 institutum
1636 3790 1965 3829 sermonem

322 3855 577 3923 redeam,
613 3857 848 3912 subibat
879 3858 1143 3913 animum
1186 3860 1305 3915 haec
1355 3862 1667 3933 cogitatio;
1698 3863 1854 3933 quod
1885 3862 1967 3917 illi

323 3944 559 4015 quidem
596 3946 860 4001 nonnihil
896 3948 1141 4003 fortasse
1179 3949 1355 4004 venite
1406 3950 1781 4005 tribuendum
1823 3956 1964 4018 erat,

322 4033 395 4088 ob
428 4050 579 4100 eam,
611 4051 789 4106 quam
831 4036 1023 4101 attuli,
1072 4054 1330 4103 causam,
1386 4039 1751 4110 prophetiam
1781 4042 1968 4095 detre-

322 4123 500 4176 ctanti
528 4140 541 4177 :
575 4123 719 4178 mihi
750 4141 882 4179 vero
906 4142 1171 4197 quanam
1195 4127 1433 4181 tandem
1467 4128 1672 4194 oratio,
1705 4134 1805 4184 aut
1836 4130 1968 4199 quis

320 4209 677 4265 defensionis
706 4210 869 4267 locus
908 4212 1169 4284 reliquus
1217 4214 1381 4283 foret,
1416 4214 1463 4267 si
1496 4216 1718 4271 diutius
1748 4218 1817 4271 ad
1853 4218 1968 4273 fre-

320 4314 463 4352 num
498 4303 813 4354 contumax
843 4317 1055 4367 essem,
1081 4307 1254 4372 atque
1276 4302 1383 4357 hoc
1409 4303 1966 4375 ministeriijugum,

320 4385 448 4441 leve
478 4404 549 4441 an
580 4404 752 4458 grave
782 4388 973 4445 dicere
1004 4394 1286 4460 oporteat,
1310 4389 1527 4455 nescio,
1556 4393 1699 4446 mihi
1731 4394 1967 4464 quidem

325 4480 479 4530 certe
512 4476 853 4547 impositum
887 4494 1216 4533 recusarem
1239 4476 1267 4530 7

396 4574 441 4607 ⁸³
470 4572 625 4628 Psal.
658 4590 923 4641 cxxxvm,
956 4576 988 4628 8
1019 4580 1076 4630 et
1102 4591 1223 4645 seq.

402 4662 509 4740 (21)
568 4660 834 4740 Μετρίωνῌ
870 4660 1269 4740 αῗσθανομένων
1325 4668 1476 4717 Θεοῦ.
1540 4688 1566 4715 ‹‹
1601 4667 1705 4731 Qui
1757 4670 1967 4740 sapiat,

328 4751 393 4811 ac
424 4732 511 4787 vel
546 4732 773 4811 modice
809 4736 985 4811 DLeum
1031 4732 1497 4811 ejusque__super
1540 4740 1740 4811 omnia
1772 4732 1973 4811 poten;

324 4807 465 4859 tiam
500 4806 731 4860 sentiat.
767 4828 795 4855 »
827 4806 1028 4862 Comb.
1068 4829 1095 4857 ‹‹
1126 4806 1419 4863 tantillum
1454 4809 1551 4865 Dei
1597 4806 1837 4867 sensum
1872 4814 1973 4868 ha-

322 4877 511 4932 bente.
550 4899 577 4925 »
800 4910 811 4919 κ

397 4950 511 5017 (22)
565 4948 662 5025 Τον
700 4945 884 5025 ’λόγον
946 4949 1133 5025 εἷπῴν.
1195 4951 1324 5025 Haec
1372 4954 1556 5025 verba
1630 4960 1973 5025 argumento

325 5025 483 5085 sunt,
518 5021 813 5096 audivisse
842 5022 1182 5096 Gregorium
1208 5024 1265 5079 in
1299 5024 1588 5096 colloquio
1620 5021 1745 5096 quae
1778 5032 1975 5082 narrat

326 5108 393 5219 ﬁ:
425 5091 663 5216 pgoiinde
693 5092 881 5148 virum
910 5091 1148 5149 doctum
1179 5113 1293 5151 non
1340 5091 1483 5153 esse'
1514 5091 1842 5168 Origenem,
1868 5115 1971 5153 nec

390 5170 441 5217 et
492 5180 522 5217 0
570 5179 713 5217 lum.

390 5170 713 5217 ethodium.

402 5236 513 5305 (23)
548 5232 641 5309 Καὶ
677 5232 785 5309 ἐγὼ
816 5234 1095 5309 πείθομαι.
1157 5258 1182 5309 ιι
1212 5239 1281 5292 Et
1325 5254 1669 5309 persuasum
1706 5239 1908 5294 habeo.
1946 5261 1972 5287 »

329 5306 457 5361 Haec
488 5308 663 5380 verba
693 5306 1120 5365 videntur'esse
1152 5306 1341 5380 ipsius
1359 5308 1462 5363 viri
1488 5310 1660 5377 docti,
1696 5328 1809 5366 non
1841 5328 1973 5367 vero

330 5379 611 5449 Gregorii,
648 5385 710 5433 ut
743 5381 992 5436 Basilius
1024 5379 1457 5451 interpretatur.

540 5451 972 5527 "E',aspe._Coisl:
1010 5453 1030 5507 i
1070 5451 1304 5527 φέρεται.

419 5524 505 5587 25)
568 5521 889 5595 κατωτάτω.
945 5521 1234 5595 Ηρξζςξῐι.
1288 5528 1343 5578 et
1386 5527 1425 5578 ι.
1474 5521 1825 5584 κατωτάτοις.
1891 5526 1974 5580 Ita

325 5591 383 5645 in
419 5609 602 5665 marg.
638 5594 797 5665 qub.
833 5612 913 5649 m.

397 5660 992 5741 (2§)ui‘]eptealdpev04
1038 5668 1180 5723 Tres
1229 5668 1408 5740 Regg.
1461 5665 1620 5723 Colb.
1689 5668 1970 5741 quinque,

325 5728 818 5811 περιϐαλλόμενος.

2071 3323 2343 3378 ταπίνεται
2406 3324 2527 3395 μὲν,
2585 3323 2684 3377 οὐκ
2745 3322 3088 3377 ἀναλίσκεται
3144 3321 3220 3378 δέ·
3282 3322 3409 3378 ἀλλ’
3465 3322 3575 3377 ἐκεῖ
3627 3323 3717 3377 τὸν

2075 3412 2202 3467 Θεὸν
2248 3410 2605 3482 ἐπικαλεῖται,
2657 3410 2768 3479 xui,
2807 3413 2869 3465 τὸ
2920 3413 3118 3483 θαῦμα,
3153 3416 3376 3485 Χριστῷ
3423 3414 3721 3487 τριήμερος

2076 3498 2463 3555 συνεκδίδοται.
2499 3498 2647 3556 Ἀλλ’
2679 3500 2706 3553 6
2742 3500 2835 3571 μὲν
2869 3500 2993 3573 περὶ
3041 3499 3237 3555 τούτου
3284 3500 3448 3575 λόγος
3498 3501 3718 3573 ἀναμει-

2073 3589 2238 3656 νάτώ,
2289 3590 2478 3662 μικρὸν
2525 3588 2743 3664 ὕστερον
2797 3592 2933 3661 (32),
2988 3588 3045 3642 ἂν
3098 3586 3232 3661 διδῷ
3281 3589 3430 3657 Θεὸς,
3482 3588 3725 3667 φιλοπο-

2075 3679 2307 3753 νώτερον
2344 3676 2887 3752 ἐξεργασθησόμενος.

2150 3774 2245 3823 Pl'.
2288 3770 2392 3819 Νῦν
2451 3764 2507 3819 δὶ
2557 3768 2670 3838 (33)
2716 3764 2745 3819 ὅ
2797 3786 2890 3837 μοι
2942 3764 3120 3839 λέγειν
3169 3767 3196 3820 6
3248 3763 3413 3840 λόγος
3461 3766 3722 3839 ὡρμήθη,

2078 3860 2294 3910 σκοπεῖν
2352 3854 2522 3909 ἔπεισί
2608 3876 2698 3926 μοι
2756 3853 2845 3907 xui
2906 3849 3333 3927 ὑπολαμϐάνειν,
3393 3855 3477 3908 ὅτι
3537 3853 3724 3925 ἐκείνῳ

2082 3947 2174 4017 μὲν
2224 3946 2367 4018 τάχα
2408 3965 2458 3996 τι
2508 3944 2597 3997 καὶ
2647 3944 2981 4017 συγγνώμης
3012 3944 3097 4014 ἦν,
3134 3941 3203 3997 δι’
3243 3946 3303 4011 ἢν
3355 3943 3502 3998 εἶπον
3547 3941 3721 3997 αἰτίαν

2080 4032 2326 4086 ὀκνοῦντι
2376 4033 2473 4098 τὴν
2532 4030 2887 4108 προφητείαν·
2925 4030 3049 4104 ἐμοὶ
3099 4029 3156 4085 δὲ
3201 4030 3287 4093 τίς
3334 4029 3435 4107 ἄρα
3467 4029 3719 4107 λόγος,

2075 4121 2155 4183 τίς
2191 4119 2491 4194 ἀπολογίας
2523 4117 2845 4173 ὑπελείπετο
2880 4121 2990 4192 (34)
3021 4120 3190 4182 τόπος
3230 4119 3318 4174 ἐπὶ
3368 4118 3539 4175 πλέον
3590 4121 3726 4198 ἀφη-

2076 4211 2331 4278 νιάζοντι,
2365 4208 2454 4262 καὶ
2484 4209 2575 4262 τὸν
2610 4206 2709 4262 οὐκ
2762 4205 2863 4262 οἶδ’
2893 4210 3005 4281 (35)
3038 4206 3133 4262 εἴτ’
3185 4206 3417 4282 ἐλαφρὸν
3478 4208 3583 4263 εἴτε
3635 4210 3728 4284 βα-

2080 4298 2171 4375 ρὺν
2204 4297 2370 4351 εἰπεῖν
2400 4298 2535 4372 χρὴ,
2570 4294 2714 4351 ἀλλὰ
2742 4296 2833 4350 τόν
2884 4318 2944 4371 γε
2992 4299 3206 4352 τεθέντα
3258 4296 3416 4371 ζυγόν
3466 4305 3566 4367 τῆς
3619 4296 3730 4352 λει-

2077 4387 2335 4463 τουργίας
2367 4385 2704 4459 ἀναινομὲνῳ
2738 4388 2851 4458 (36)
2879 4404 2893 4455 ;

2151 4666 2265 4739 (27)
2295 4660 2830 4739 ίΑφευκτότατόχ-τε.
2889 4668 3088 4739 Decem
3150 4662 3367 4739 Begg.,_
3414 4676 3511 4739 sex
3546 4659 3725 4739 Colb.,

2085 4725 2167 4797 or:
2206 4725 2263 4803 I,
2288 4725 2405 4809 Jes.
2442 4736 2642 4791 Comb.
2678 4732 3201 4809 Βριιὶυεηᾷφευκτόν
3233 4725 3311 4805 ἕξ
3342 4725 3589 4788 habent.

2177 4811 2267 4878 28)
2300 4808 2515 4878 Φθανει.
2553 4812 2673 4860 Duo
2707 4803 3212 4878 Regg._§c'¢0uv2t.

2177 4812 2245 4863 ‘28
2300 4811 2515 4861 Φθανει.
2553 4812 2673 4860 Duo
2707 4811 2883 4878 Regg.
2918 4811 2976 4865 ὅς
3010 4811 3212 4877 φθάνει.

2156 4811 2267 4951 (29)
2296 4874 2547 4953 "Alica.
2586 4878 2724 4949 Reg.
2824 4874 3084 4937 πολλοῖς.
3184 4946 3192 4953 1
3334 4946 3369 4953 ﬁ
3458 4943 3491 4953 n

2154 4942 2263 5023 (30)
2297 4942 2701 5023 Πιστεύσωμενῖ
2762 4949 2899 5023 Reg.
2960 4966 3008 5017 Ζ,
3066 4946 3297 5018 νομίσω.
3333 4943 3495 5023 Regii
3527 4942 3726 4997 itidem

2082 5043 2138 5081 χ.
2163 5016 2225 5096 ’γ.
2252 5018 2523 5092 Itemque
2554 5016 2691 5093 Reg.
2726 5038 2783 5087 u,
2817 5016 2875 5075 in
2927 5016 3112 5091 marg.
3138 5016 3281 5074 cum
3322 5016 3493 5072 solito
3522 5032 3609 5088 γρ.
3640 5033 3726 5065 νο-

2137 5096 2227 5147 ἷσω
2239 5112 2330 5147 ιιεν
2343 5136 2353 5147 .

2088 5116 2353 5169 μισωμεν.

2155 5168 2268 5236 (31)
2300 5164 2477 5237 Λέγω.
2514 5164 2691 5237 Abest
2713 5179 2746 5217 a
2778 5164 2912 5237 Reg.
2968 5162 3019 5237 ζ,
3053 5165 3108 5216 et
3136 5160 3295 5237 Golb.
3331 5176 3410 5213 m.

2156 5231 2263 5311 (3'2)
2299 5231 2501 5311 Mtxpov
2550 5231 2914 5311 ᾗπερ-ονκ-ῑά
2973 5232 3330 5311 Gregorium
3373 5231 3716 5311 praestitisse

2085 5302 2169 5365 ait
2196 5311 2367 5379 Elias,
2401 5302 2427 5357 (ἒ
2464 5307 2522 5361 in
2556 5302 2874 5361 Ezechielis
2920 5302 3215 5377 prophetae
3274 5302 3544 5370 historia,
3576 5321 3604 5350 »
3637 5315 3698 5355 se

2085 5382 2253 5437 nobis
2286 5397 2400 5437 non
2434 5381 2639 5434 exstat.

2156 5456 2267 5523 (33)
2303 5446 2511 5523 N5v_3é_.
2538 5452 2677 5519 Reg.
2694 5464 2763 5523 ρ.
2796 5443 2910 5523 vov_i
2945 5439 3002 5496 δὲ

2158 5511 2265 5591 (34)
2294 5511 2658 5574 Ὑπελείπετᾶ
2694 5519 2837 5574 Tres
2869 5517 3049 5590 Regg.
3100 5520 3158 5573 et
3212 5532 3367 5573 unus
3397 5513 3558 5572 Colb.
3593 5511 3729 5568 ὑπο-

2086 5594 2349 5649 λείπεται.

2178 5668 2267 5739 35)
2298 5662 2411 5739 Ούκ
2442 5656 2575 5739 οἶδ’..
2598 5660 2801 5739 Plures
2834 5662 3012 5739 Regg.
3038 5657 3138 5712 οὐκ
3168 5654 3287 5739 οἶδα
3322 5653 3445 5714 εἰπε.

2178 5669 2267 5739 35)
2298 5669 2411 5720 Ούκ
2442 5669 2562 5717 οἷδ’.
2598 5669 2801 5717 Plures
2836 5669 3012 5788 Regi.
3038 5669 3138 5712 οὐκ
3168 5669 3287 5711 οἰδα
3322 5669 3386 5711 εῖτ

2154 5669 2271 5812 (36)
2300 5732 2681 5807 Ἀναινομὲνῳ.
2716 5734 2855 5806 Reg.
2888 5751 2922 5791 α
2986 5728 3386 5805 παναινομὲνῳ.
