4152 6286
379 317 498 382 509

1520 321 1816 386 ORATIO
1859 319 1937 382 II.
1972 352 2048 366 —
2075 321 2646 385 APOLOGETlCA.

3669 321 3790 383 ΜΟ

452 451 598 507 PIA'.
631 449 695 506 Εἰ
755 451 940 526 γὰρ,’ὸ
1001 449 1164 524 μόνον
1221 451 1272 507 έν
1331 452 1544 514 τούτοις
1603 452 1825 528 ἰσχυρόν
1891 451 2030 508 ἐστιν

2217 456 2352 513 GXI.
2386 457 2445 513 Si
2475 455 2655 522 enim,
2686 456 2842 528 quod
2874 472 3060 513 unum
3091 456 3151 512 in
3183 455 3275 512 his
3323 457 3498 514 rebus
3545 455 3786 514 ﬁrmum

379 538 545 594 εἰπεῖν
577 544 737 594 τοῦτο
775 536 894 607 δοίη
932 561 1036 607 τις,
1053 541 1134 594 ὅτι
1159 540 1355 613 πολΛῷ
1377 543 1667 616 κατωτέρω
1692 542 1916 614 κείμεθα
1935 545 2031 596 τοῦ

379 628 667 702 ἱερατεύειν
719 631 832 701 (37)
882 634 1020 700 θεῷ,
1071 630 1158 684 καὶ
1220 629 1300 684 ὅτ,
1350 638 1450 699 τῆς
1502 630 1824 701 Έκκλησίῢις
1887 628 2030 701 ἄξιον

384 717 510 772 εἶναι
571 719 686 792 χρὴ
745 723 985 790 πρῶτον,
1049 718 1162 772 εἶτα
1215 724 1309 772 τοῦ
1372 720 1640 793 βήματος,
1691 721 1782 774 καὶ
1837 721 2032 775 τούτου

382 811 616 880 πρῶτον,
653 806 768 862 εἶτα
799 809 911 877 (38)
969 814 1067 876 τῆς
1119 805 1433 883 προεδρίας’
1465 808 1607 883 τάχα
1652 805 1834 884 ἕτερος
1883 811 2032 882 ἡμᾶς

382 896 478 950 οὐκ
523 896 718 973 ἀφήσει
763 901 859 950 τού
909 902 1007 964 τῆς
1056 896 1327 958 ἀπειθείας
1377 897 1742 972 ἐγκλήματος.
1779 901 1934 967 Δεινὴ
1977 896 2035 953 δὲ

382 985 653 1040 ἀπειθείας
687 984 888 1052 ἀπειλὴ
922 987 1056 1057 (39),
1089 985 1177 1039 καὶ
1211 983 1356 1041 δεινά
1404 987 1608 1056 ταύτης
1654 989 1720 1041 τὰ
1764 988 2030 1060 ἐπιτίμια,

381 1072 563 1146 ὥσπερ
620 1095 679 1148 γε
726 1073 815 1127 καί
874 1081 969 1142 τῆς
1046 1074 1227 1149 ἑτέρας
1298 1072 1537 1150 μερίδος,
1604 1074 1764 1148 μηδὲν
1838 1077 2032 1148 ὀκνεῖν,

387 1160 528 1233 μηδέ
576 1159 906 1229 ἀναδύεσθαι,
949 1159 1112 1233 μηδὲ,
1145 1161 1323 1236 ὥσπερ
1351 1163 1378 1216 ὁ
1429 1162 1610 1218 Σαοὺλ
1661 1164 1882 1236 ἐκεῖνος,
1912 1171 2032 1228 τοῖς

386 1250 620 1304 σκεύεσιν
708 1250 1139 1324 ὑποκρύπτεσθαι
1208 1257 1324 1313 τοῖς
1405 1258 1688 1327 πατρικοῖς
1749 1257 1882 1326 (40),
1941 1255 2036 1308 κᾶν

379 1339 515 1412 πρὸς
574 1337 762 1412 ὀλίγον
810 1337 1148 1411 καλούμενον
1213 1343 1324 1412 (41)
1385 1339 1472 1395 ἐπὶ
1531 1342 1874 1416 προστασίαν,
1908 1343 2037 1398 ἀλλ’

383 1427 458 1489 ὡς
509 1427 596 1482 ἐπί
645 1448 696 1483 τι
746 1435 970 1503 πρᾶγμα
1017 1433 1216 1506 κοῦφον
1264 1428 1350 1483 καί
1401 1429 1591 1504 ῥᾷστον
1644 1436 1846 1506 χωρεῖν
1897 1433 2033 1486 ετοί-

386 1537 527 1589 μως,
561 1517 622 1570 οὗ
674 1514 815 1589 μηδὲ
863 1517 1177 1590 μεταθέσθαι
1228 1517 1463 1595 ἀσφαλὲς
1495 1521 1626 1593 (42),
1663 1518 1803 1592 μηδὲ
1856 1520 2030 1596 βουλῇ

383 1603 605 1682 δευτέρᾳ
635 1608 954 1681 θεραπεῦσαι
985 1608 1085 1675 τὴν
1113 1603 1522 1681 προλαϐοῦσαν.

457 1880 591 1930 PlB'.
628 1876 725 1928 Διά
756 1878 915 1928 τοῦτο
941 1871 1172 1947 ἔκαμνον
1215 1875 1318 1951 ἐγὼ
1349 1881 1465 1937 τοῖς
1498 1877 1789 1951 λογισμοῖς
1822 1879 1882 1931 τὸ
1914 1875 2030 1932 δέον

393 1965 842 2040 ἀνερευνώμενος,
876 1964 964 2018 καὶ
1012 1964 1174 2036 μέσος
1221 1961 1316 2018 δύο
1366 1959 1547 2041 φόὅων
1602 1967 1910 2039 ἱστάμενος,
1941 1972 2038 2020 τοῦ

387 2073 444 2106 τε
473 2056 854 2113 κατασπῶντος
881 2051 970 2106 καὶ
1000 2057 1096 2107 τοῦ
1146 2054 1456 2127 ἀνάγοντος.
1494 2054 1589 2108 Καὶ
1641 2054 1726 2108 ἐπὶ
1783 2052 2038 2109 πλεῖστον

389 2140 602 2201 τούτοις
668 2142 1024 2215 ἐναπορήσας,
1069 2141 1158 2196 καὶ
1211 2142 1594 2219 ἀμφοτέρωθεν
1656 2143 1883 2216 ἐμαυτὸν
1943 2166 2035 2198 τα-

388 2225 702 2296 λαντεύσας,
753 2230 789 2298 ἢ
841 2229 1021 2305 ὥσπερ
1081 2230 1254 2306 ῥεῦμα
1301 2231 1550 2292 ἀστάτοις
1601 2232 1868 2304 πνεύμασι
1900 2236 2034 2304 (43),

383 2315 513 2391 τῇδε
555 2317 770 2372 κάκεῖσε
823 2318 1187 2390 μετακλιθεὶς,
1237 2320 1396 2382 τέλος
1447 2321 1705 2397 ἐγενόμην
1761 2326 1856 2376 τοῦ
1903 2343 2034 2399 σφο-

384 2404 666 2482 δροτέρου,
698 2407 788 2461 καί
846 2429 912 2480 με
968 2410 1210 2478 νικήσας,
1245 2407 1359 2485 ἔχει
1417 2409 1727 2487 παρασύρας
1787 2413 1814 2465 ὁ
1866 2406 2035 2487 φόϐος

379 2503 480 2565 τῆς
510 2496 804 2558 ἀπειθείας.
841 2497 938 2550 Καὶ
997 2503 1248 2552 σκοπεῖτε
1304 2499 1377 2560 ὡς
1431 2498 1601 2571 ὀρθῶς
1664 2500 1752 2554 καὶ
1813 2497 2036 2560 δικαίως

382 2583 572 2640 διαιτῶ
598 2589 713 2658 (44)
743 2591 858 2647 τοῖς
917 2582 1130 2663 φόϐοις,
1165 2590 1303 2660 μήτε
1350 2594 1444 2656 τῆς
1491 2587 1552 2642 ού
1600 2586 1892 2661 διδομένης
1920 2592 2033 2661 (45)

380 2674 617 2753 ἐφίεσθαι
669 2673 1022 2750 προστασίας,
1081 2679 1220 2748 μήτε
1275 2677 1606 2741 ἀπωθεῖσθαι
1654 2680 1751 2746 τὴν
1808 2676 2032 2749 διδομέ-

380 2765 595 2832 νην.Τὸ
641 2764 738 2835 μὲν
784 2765 886 2839 γὰρ
938 2764 1071 2818 εἶναι
1122 2765 1384 2840 θρασέων,
1417 2765 1478 2819 τὸ
1528 2763 1583 2819 δὲ
1634 2766 1893 2836 ἀπειθῶν,
1944 2764 2031 2819 καὶ

386 2849 717 2906 ἀπαιδεύτων
753 2851 1050 2928 ἀμφότερα.
1089 2853 1186 2906 Καὶ
1220 2853 1382 2925 μέσος
1415 2853 1528 2926 εἰμί
1561 2875 1641 2915 τις
1672 2858 1779 2908 τῶν
1811 2875 1868 2908 τε
1900 2853 2030 2928 ἄγαν

383 2938 680 3014 τολμηρῶν
712 2941 799 2995 καὶ
829 2945 935 2995 τῶν
969 2940 1090 2996 λίαν
1126 2939 1341 2996 δειλῶν·
1373 2947 1480 2996 τῶν
1529 2943 1620 3015 μὲν
1672 2943 1866 3004 πάσαις
1916 2942 2031 2997 ἐπι-

391 3024 690 3096 πηδώντων
758 3027 1088 3104 δειλότερος,
1149 3035 1252 3084 τῶν
1332 3029 1388 3084 δὲ
1468 3031 1774 3108 φευγόντων
1860 3033 2031 3093 πάσας

385 3114 837 3192 θαρσαλεώτερος.
873 3118 1056 3180 Οὕτως
1089 3118 1192 3194 ἐγὼ
1224 3121 1346 3195 περὶ
1375 3119 1581 3174 τούτων
1615 3122 1885 3195 γινώσκω.

2064 1828 2112 1892 Β

2143 549 2199 601 et
2228 546 2483 602 validum
2512 545 2756 617 proferri
2778 550 2992 618 potest,
3026 545 3134 602 hoc
3166 546 3459 618 quispiam
3479 562 3784 602 concesse-

2142 634 2237 700 rit,
2266 652 2369 690 nos
2394 636 2576 690 multo
2593 635 2836 691 inferius
2858 636 3003 690 sitos
3025 651 3358 706 esse,quam
3382 639 3446 689 ut
3466 635 3786 690 sacerdotio

2143 725 2295 794 apud
2312 724 2490 778 Deum
2517 724 2926 796 fungamur;ac
2949 723 3112 796 prius
3127 728 3391 794 oportere
3416 723 3786 794 utquispiam

2142 811 2400 868 Ecclesia
2428 813 2642 882 dignus
2671 812 2768 879 sit,
2803 829 2868 867 ac
2908 813 3118 866 deinde
3161 813 3452 879 sacrario;
3508 813 3789 884 priusque

2143 901 2274 967 hoc,
2309 918 2374 956 ac
2407 907 2608 972 postea
2638 901 2794 956 sedis
2827 901 3192 972 principatu;
3226 901 3373 955 alter
3404 901 3653 958 fortasse
3683 919 3789 958 nos

2145 990 2551 1046 inobedientias
2603 989 2846 1045 crimine
2906 989 3146 1045 minime
3202 988 3496 1044 liberabit.
3574 990 3788 1046 Graves

2150 1095 2323 1150 porro
2355 1078 2526 1132 minas
2557 1095 2880 1150 gravesque
2908 1095 3090 1150 paenae
3122 1079 3401 1134 adversus
3444 1079 3787 1135 inobedien-

2145 1168 2288 1222 tiam
2321 1168 2747 1234 intenduntur;
2782 1167 3275 1238 quemadmodum
3311 1167 3534 1223 scilicet
3563 1168 3618 1222 in
3645 1168 3790 1224 alte-

2146 1273 2270 1312 ram
2305 1272 2535 1327 quoque
2567 1263 2814 1327 partem,
2846 1255 2956 1312 hoc
2987 1259 3075 1311 est
3102 1273 3304 1311 eorum
3354 1256 3455 1328 qui
3499 1256 3646 1312 nihil
3699 1274 3788 1312 re-

2145 1344 2401 1416 fugiunt,
2431 1361 2498 1400 ac
2529 1349 2821 1412 recusant,
2853 1361 2959 1400 nec
2990 1349 3054 1399 ut
3082 1343 3216 1400 Saul
3247 1343 3365 1414 ille,
3398 1346 3506 1400 sub
3531 1345 3787 1416 paternis

2146 1434 2302 1488 vasis
2334 1433 2572 1505 paulum
2606 1433 2814 1488 saltem
2846 1451 2907 1489 se
2937 1433 3230 1488 occultant
3257 1434 3322 1504 3‘,
3355 1451 3489 1489 cum
3531 1436 3602 1489 ad
3645 1451 3787 1506 pras-

2145 1523 2431 1578 fecturam
2463 1528 2785 1591 vocantur;
2818 1539 3017 1578 verum
3053 1524 3153 1578 63
3186 1529 3464 1594 tanquam
3500 1524 3569 1578 ad
3601 1523 3786 1581 levem

2144 1612 2463 1682 quamdam
2495 1628 2615 1666 rem
2659 1616 2716 1667 et
2759 1611 3118 1682 perfacilem,
3168 1616 3438 1683 prompto
3481 1612 3675 1667 animo
3727 1629 3790 1668 se

2143 1701 2470 1770 conferunt,
2507 1717 2683 1772 quam
2716 1716 2787 1755 ne
2817 1701 3108 1771 deponere
3139 1700 3375 1770 quidem
3427 1704 3623 1755 tutum
3676 1705 3785 1770 est,

2143 1806 2249 1846 nec
2281 1789 2598 1860 posteriore
2630 1789 2874 1844 consilio
2907 1790 3085 1860 priori
3109 1789 3460 1844 medicinam
3493 1789 3716 1844 afferre.

2219 1878 2382 1933 CXII.
2417 1879 2492 1932 Ac
2524 1878 2767 1950 proinde
2798 1879 2924 1948 ipse
2953 1878 3129 1933 variis
3162 1877 3612 1949 cogitationibus
3634 1877 3790 1933 labo-

2149 1968 2374 2031 rabam,
2398 1967 2537 2038 quid
2567 1967 2716 2021 facto
2738 1983 2883 2038 opus
2909 1972 3063 2022 esset
3084 1968 3416 2039 exquirens;
3442 1967 3792 2037 mediusque

2147 2056 2298 2112 inter
2328 2056 2476 2112 duos
2505 2057 2746 2111 timores
2778 2055 3023 2118 haerens,
3066 2072 3316 2127 quorum
3348 2055 3495 2111 alter
3550 2073 3643 2110 me
3693 2056 3793 2111 de-

2147 2146 2462 2217 primebat,
2497 2144 2648 2200 alter
2676 2145 2955 2216 erigebat.
2990 2145 3253 2215 Cumque
3283 2145 3383 2198 diu
3412 2145 3472 2198 in
3502 2144 3592 2198 his
3614 2144 3791 2200 dubio

2147 2240 2203 2290 et
2233 2232 2474 2305 ancipiti
2510 2232 2706 2288 animo
2737 2233 3005 2298 fuissem,
3038 2233 3295 2304 atquein
3321 2239 3633 2304 utramque
3658 2249 3790 2304 par-

2147 2329 2264 2379 tem
2301 2322 2590 2393 meipsum
2624 2320 2955 2391 librassem,
2989 2328 3093 2376 aut
3124 2321 3388 2376 ﬂuminis
3437 2322 3499 2375 in
3547 2321 3789 2376 modum

2148 2412 2346 2467 dubiis
2376 2410 2567 2464 ventis
2599 2409 2712 2464 huc
2751 2414 2924 2478 atque
2971 2409 3111 2465 illuc
3157 2408 3474 2465 inclinatus
3521 2409 3788 2478 fuissem,

2148 2501 2385 2555 tandem
2419 2497 2840 2553 vehementiori
2872 2499 3044 2568 cessi,
3078 2515 3288 2569 meque
3316 2498 3534 2553 victum
3565 2503 3624 2553 et
3667 2498 3793 2553 abs-

2143 2593 2398 2645 tractum
2430 2591 2587 2642 tenet
2616 2587 3020 2642 inobedientize
3054 2597 3266 2642 metus.
3295 2589 3374 2642 Ac
3397 2585 3791 2658 videte,quam

2145 2684 2298 2734 recte
2325 2692 2621 2747 quamque
2637 2677 2796 2745 juste
2821 2676 2971 2730 inter
2989 2680 3305 2747 utrumque
3325 2676 3593 2730 timorem
3614 2689 3791 2744 nego-

2144 2766 2295 2820 tium
2325 2765 2672 2836 transigam,
2707 2763 2985 2818 nimirum
3018 2769 3081 2818 ut
3114 2780 3219 2818 nec
3250 2764 3493 2820 minime
3533 2762 3789 2819 oblatam

2145 2855 2545 2926 prafecturam
2579 2859 2874 2924 appetam,
2900 2869 3002 2907 nec
3023 2852 3280 2908 oblatam
3306 2851 3791 2924 repudiem.lllud

2144 2943 2301 2998 enim
2332 2941 2780 2997 temerariorum
2814 2941 3121 2996 hominum
3154 2946 3262 3009 est,
3296 2941 3406 2996 hoc
3450 2941 3790 2996 inobedien-

2142 3033 2316 3096 tium,
2349 3034 2668 3101 utrumque
2714 3035 2908 3085 autem
2963 3029 3388 3099 imperitorum.
3437 3031 3625 3101 Atque
3665 3029 3792 3101 ipse

2142 3120 2295 3175 inter
2327 3119 2503 3174 nimis
2527 3119 2799 3185 audaces,
2827 3124 2880 3171 ct
2900 3117 3076 3172 nimis
3093 3119 3332 3173 timidos
3355 3118 3790 3188 quodammodo

385 3207 725 3276 interjectus
751 3224 913 3276 sum;
951 3225 1160 3281 nempe
1191 3214 1248 3266 et
1279 3211 1371 3266 his
1403 3210 1502 3281 qui
1534 3211 1604 3265 ad
1639 3212 2013 3283 praefecturas
2045 3225 2250 3266 omnes
2281 3206 2615 3280 prosiliunt,
2649 3205 2930 3274 timidior,
2981 3210 3037 3261 et
3068 3206 3139 3262 iis
3186 3223 3392 3262 rursus
3441 3206 3540 3278 qui
3591 3222 3790 3261 omnes

381 3297 636 3369 fugiunt,
670 3297 963 3353 audacior.
998 3299 1128 3354 Haec
1162 3301 1232 3354 de
1264 3300 1356 3355 his
1377 3301 1552 3356 rebus
1577 3318 1706 3356 mea
1737 3310 1822 3357 est
1853 3300 2164 3356 sententia.

449 3383 589 3438 PII".
625 3381 742 3451 Καὶ,
777 3379 852 3437 ἔτι
886 3381 1154 3448 διελέσθαι
1200 3386 1520 3463 σαφέστερον
1577 3391 1656 3457 τῷ
1717 3387 1810 3460 μὶν
1873 3381 2028 3463 φόϐῳ

2150 3385 2333 3441 CXIII.
2360 3389 2570 3454 Atque,
2597 3388 2660 3437 ut
2683 3380 3003 3439 dilucidius
3030 3383 3218 3439 adhuc
3235 3383 3356 3439 hmo
3407 3383 3793 3455 distinguam,

376 3476 474 3538 τῆς
506 3470 857 3546 προστασίας,
888 3473 1033 3547 τάχα
1063 3472 1121 3526 ἂν
1164 3475 1457 3548 βοηθήσειε
1498 3475 1586 3528 καὶ
1640 3476 1667 3528 ὁ
1716 3475 1882 3548 νόμος
1926 3482 2026 3544 τῆς

380 3559 698 3628 εὐπειθείας,
754 3566 851 3615 τοῦ
907 3566 1041 3615 Θεοῦ
1099 3564 1197 3630 τήν
1252 3564 1428 3617 πίστιν
1491 3566 1602 3637 (46)
1660 3559 2027 3637 ἀμειϐομένου

382 3643 472 3701 διὰ
497 3655 598 3716 τῆς
646 3649 838 3703 ἑαυτοῦ
886 3649 1284 3725 χρηστότητος,
1318 3651 1407 3705 καὶ
1458 3651 1533 3713 εἰς
1583 3653 1894 3728 προστάτην
1943 3652 2028 3706 τέ·

452 3746 496 3789 8‘
527 3747 548 3802 Ι
582 3748 714 3819 Reg.
739 3765 796 3818 ι,
826 3749 915 3802 22.

452 3845 564 3915 (37)
615 3839 720 3897 Τδῦ
778 3844 1092 3919 ἱερατεύειν.
1159 3869 1186 3898 (ι
1218 3846 1402 3910 Quam
1463 3851 1527 3903 ut
1559 3849 1670 3904 Deo
1711 3848 2033 3905 sacerdotio

383 3915 718 3986 fungamur.
756 3938 784 3966 ››

596 3987 748 4078 Εἶτα,
798 3992 906 4044 etc.
934 3988 1273 4078 ~Si’cplures
1317 3989 1500 4078 Regii.
1555 3990 1666 4078 Alii
1726 4007 1840 4078 non
1889 4007 2030 4062 pau-

384 4058 610 4134 ciores:
679 4058 810 4134 Εἶτα
867 4061 963 4112 τοῦ
1005 4058 1274 4134 *βῆματος
1335 4058 1517 4115 τούτο.
1576 4060 1687 4134 εἶτα
1741 4068 1842 4129 τῆς
1889 4058 2032 4134 προ-

384 4125 583 4205 εδρίας.
621 4155 651 4205 ιι,
679 4131 850 4205 Prius
900 4125 1164 4199 ecclesia,
1226 4137 1351 4187 tum
1403 4133 1677 4203 sacrario,
1712 4125 1806 4188 ac'
1836 4125 2035 4205 postea

381 4201 917 4278 sedisprincipatu.
945 4225 974 4252 »
999 4205 1392 4278 Quaagui‘dem
1417 4205 1595 4259 simul
1631 4201 2032 4278 presbyterum

380 4273 806 4354 et_episcopufn
830 4279 1114 4354 spectant.
1140 4273 1396 4331 Ecclesia
1417 4281 1474 4331 et
1503 4273 1824 4354 sacrarium
1856 4278 2032 4354 etiam

382 4343 791 4422 ministrorum
849 4343 1007 4422 Sunt.
1065 4349 1338 4422 Hancque
1385 4364 1562 4402 unam
1585 4345 1884 4422 _1rpoa$piav
1941 4347 2033 4422 καὶ

381 4415 701 4489 προστασίαν
735 4417 1048 4489 Gregorius
1101 4415 1381 4474 tota—hac
1451 4415 1712 4474 oratione
1760 4415 2030 4475 intendit.

383 4488 671 4567 Adeoque
701 4488 1009 4567 ab_ipsius
1054 4495 1260 4567 mente
1325 4491 1752 4567 aberrant,_qui
1775 4508 1902 4547 eam
1943 4493 2034 4567 _d_e

384 4561 718 4635 episcopatu
761 4561 1272 4635 interpretantur.
1326 4563 1393 4635 In
1447 4561 1745 4635 sacerdote
1795 4563 2038 4635 requirit

380 4629 681 4705 pr_imo,’ut
704 4653 731 4682 «
761 4629 1016 4705 Ecclesia
1039 4655 1066 4681 »
1099 4634 1314 4705 dignus
1349 4632 1443 4699 sit,
1477 4634 1533 4688 id
1563 4638 1650 4689 est
1683 4638 1745 4688 ut
1775 4635 1847 4690 iis
1874 4629 2030 4690 ὀω-

381 4701 556 4757 nibus
591 4704 803 4773 pastori
824 4701 1192 4760 necessariis'
1225 4705 1460 4759 dotibus
1491 4721 1556 4760 ac
1585 4706 1902 4762 virtutibus
1955 4707 2030 4762 sit

380 4774 692 4848 praeditus:
727 4775 936 4848 deinde
967 4777 1181 4848 dignus
1211 4796 1231 4823 α
1256 4775 1544 4845 Sacrario,
1567 4798 1593 4824 ι)
1628 4794 1751 4844 seu,
1785 4777 2026 4834 utElias

379 4846 636 4919 exponit,
669 4846 906 4919 «instar
934 4846 1124 4919 angeli
1151 4849 1210 4902 in
1260 4864 1499 4918 corpore
1532 4848 1796 4910 mortali;
1855 4871 1881 4898 ι)
1923 4849 2023 4904 de-

378 4917 557 5002 nique
585 4940 604 4964 ιι
631 4917 795 5002 sedis.
812 4917 1309 5002 principatu,.>>.id
1329 4917 1417 4974 est
1436 4924 1500 4973 ut
1519 4936 1618 5002 eos
1646 4921 1863 5002 quibus
1880 4937 2024 5002 pre-

376 4993 804 5062 est,summaet
818 4989 1109 5061 singulari
1139 4990 1350 5046 virtute
1370 4997 1626 5062 superet.
1654 4989 1682 5041 (ἱ
1707 4992 1776 5048 Ut
1801 4989 1952 5047 enim
1978 5014 2027 5046 .››

373 5061 566 5131 inquit
594 5059 774 5128 Elias,
801 5084 826 5110 u
859 5059 1270 5134 armentarius,
1331 5059 1688 5134 aut—pastor,
1732 5081 1836 5119 nec
1883 5063 2026 5131 ovis,

378 5149 480 5187 nec
503 5134 607 5188 bos
636 5137 745 5206 est,
794 5133 894 5188 sed
936 5133 1302 5206 sublimioris
1334 5151 1396 5188 ac
1451 5133 1868 5206 praestantioris
1929 5152 2028 5190 na-

374 5211 514 5258 tura
542 5222 555 5260 ε
579 5204 782 5277 eodem
815 5205 1010 5270 modo,
1045 5207 1145 5276 qui
1196 5204 1536 5262 hominibus
1567 5213 1793 5277 praeest,
1841 5223 2027 5277 quan-

375 5283 499 5351 tum
522 5276 606 5351 _ad
639 5276 913 5351 virtutem
943 5281 999 5351 et
1029 5278 1498 5348 coniunctionem
1532 5276 1666 5333 cum
1687 5276 1821 5348 Deo,
1854 5276 2034 5351 supra

378 5346 677 5402 hominem
712 5363 841 5403 esse
877 5348 1068 5403 debet.
1106 5370 1134 5398 »

446 5416 818 5544 (39)Ἀπει)ξή.
856 5419 1032 5530 Regg.
1060 5437 1112 5489 a,
1146 5419 1186 5490 l,
1214 5436 1294 5486 m,
1354 5420 1433 5476 hu
1465 5421 1498 5488 ἡ
1561 5415 1785 5490 ἀπειλή.
1847 5423 2035 5475 Antea

446 5491 536 5544 ιὶ).
575 5507 654 5544 In.
688 5486 737 5543 δι
787 5489 1083 5544 diminuam.

379 5486 551 5545 Colb.
575 5507 654 5560 m,
688 5486 755 5543 δι’
786 5486 1083 5553 ἀπειθείας.

450 5563 569 5636 (40),
591 5565 904 5636 Πατρικοξίς..
941 5562 1088 5619 Male
1118 5563 1365 5636 ed._Bas.
1398 5567 1802 5636 πνευματικοῖς.

465 5630 742 5710 “Milph;
803 5630 984 5710 ὀλίγον
1061 5630 1419 5710 καλούμενον.
1501 5630 1646 5710 Reg,
1721 5634 1761 5710 Ι,
1846 5631 2035 5687 ἐπικαο

392 5679 674 5777 λούμείιοδ.
701 5679 848 5778 Reg.
880 5679 920 5778 1:
966 5679 1469 5779 προσκαλοᾜμενον.
1501 5679 1684 5762 Βίιῗιῖε
1739 5679 1860 5761 haec
1911 5722 2032 5762 ver-

2137 3473 2336 3530 timori
2368 3472 2606 3544 quidem
2639 3470 3027 3542 suscipiendae
3064 3473 3416 3543 prefecturaa
3448 3471 3537 3528 lex
3561 3488 3794 3543 quoque

2146 3561 2494 3619 obedientia
2527 3563 2773 3615 fortasse
2805 3577 2972 3631 opem
3024 3561 3171 3616 ferre
3220 3567 3418 3633 queat,
3465 3567 3579 3616 Deo
3632 3561 3794 3616 vide-

2140 3649 2276 3706 licet
2319 3665 2422 3721 pro
2454 3665 2562 3704 sua
2592 3647 2952 3718 benignitate
2983 3649 3158 3703 ﬁdem
3182 3654 3614 3716 remunerante,
3639 3665 3799 3704 eum-

2145 3846 2356 3918 tendo,‘
2405 3858 2520 3918 non
2571 3841 2986 3918 animadvertit
3037 3844 3232 3918 Graeca
3261 3845 3434 3918 verba
3472 3845 3607 3918 πρὸς
3673 3841 3792 3897 ὀλί-

2143 3936 2257 3992 γον,
2291 3915 2572 3992 acl_bre_ve
2631 3913 2824 3992 Saulis
2870 3915 3202 3992 imperiunr
3231 3913 3564 3992 pertinere._
3594 3918 3795 3986 Itaque

2146 3984 2230 4044 sic
2262 3985 2574 4051 reddenda,
2627 4006 2656 4060 ε(
2710 3984 2886 4038 etiam
2920 3984 3015 4060 ad
3052 3984 3285 4060 modici
3318 3988 3600 4060 temporis
3651 3984 3790 4057 prae—

2145 4062 2427 4132 fecturam
2457 4054 2848 4132 postulentur,
2882 4078 2909 4132 (ξ
2945 4056 3191 4132 etiamsi
3221 4059 3291 4112 ad
3343 4054 3587 4132 tempus
3635 4054 3789 4128 quod

2145 4131 2311 4187 latuit
2369 4127 2528 4195 Saul,
2592 4127 2692 4181 sed
2751 4127 2906 4197 quod
2963 4129 3242 4200 regnavit,
3303 4127 3510 4186 alludit
3588 4127 3794 4201 Grego-

2144 4220 2288 4258 I‘lUS.

2216 4272 2328 4397 (42)
2386 4267 2458 4322 Οὗ
2517 4263 2656 4342 μηδὲ
2719 4269 3059 4352 μεταθέσθαι.
3102 4268 3340 4354 ἀσφαλες
3392 4274 3522 4330 Haec
3579 4280 3794 4337 desunt

2234 4350 2307 4397 Co
2339 4345 2390 4397 b.
2417 4342 2469 4395 5.
2504 4343 2576 4396 At
2605 4356 2737 4395 vero
2770 4357 2884 4396 non
2917 4358 3000 4395 suc
3046 4344 3448 4397 intelligenda.
3503 4364 3567 4397 ac
3591 4351 3638 4397 ai
3700 4357 3790 4397 tn-

2143 4346 2201 4400 in
2224 4341 2390 4400 'Colb.
2417 4342 2576 4416 5._At
2605 4356 2737 4416 vero
2770 4357 2884 4396 non
2917 4341 3000 4395 sic
3046 4341 3448 4416 intelligenda,
3503 4364 3567 4402 ac
3591 4351 3641 4405 si
3700 4357 3790 4407 tu-

2144 4421 2272 4472 tum
2309 4431 2418 4488 nen
2453 4413 2530 4468 sit
2566 4411 2904 4488 praelatum:
2936 4430 3085 4488 onus
3115 4411 3442 4488 deponere,
3476 4436 3590 4476 non
3622 4440 3687 4478 ea
3709 4431 3797 4478 est

2145 4505 2312 4544 mens
2342 4484 2622 4556 Gregorii.
2657 4484 2767 4556 Sed
2790 4484 3119 4556 Theologus
3149 4484 3209 4542 id
3239 4488 3383 4554 vult,
3445 4507 3543 4546 eos
3567 4510 3636 4549 ne
3693 4495 3796 4550 de-

2145 4561 2335 4633 posita
2363 4555 2601 4628 quidem
2623 4555 2949 4633 praelatum,
2967 4555 3034 4633 in
3061 4563 3187 4633 tuto
3205 4575 3349 4615 esse.
3377 4561 3546 4619 «Una
3563 4565 3740 4633 enim,
3768 4588 3786 4615 ιο

2145 4626 2227 4688 ait
2254 4626 2430 4697 Elias,
2457 4651 2490 4703 _«
2526 4626 2816 4703 medicina
2845 4635 2935 4703 est
2963 4628 3058 4698 iis,
3092 4632 3192 4701 qui
3225 4633 3295 4686 ad
3328 4633 3670 4703 hujusmodi
3700 4626 3785 4692 di-

2137 4705 2421 4777 gnitatem
2453 4698 2691 4769 indigne
2724 4700 3055 4777 prosiliunt,
3083 4698 3161 4777 ab
3219 4719 3286 4758 ea
3328 4698 3677 4777 abscedere,
3727 4726 3791 4764 ac

2137 4772 2241 4850 per
2261 4775 2600 4850 diuturnam
2633 4772 3056 4850 paenitentiam,
3083 4774 3276 4850 Deum
3290 4774 3537 4850 placare.
3558 4799 3590 4850 ί»
3618 4772 3697 4834 De
3723 4781 3790 4834 iis

2137 4841 2313 4903 ctiam
2349 4842 2610 4913 loquitur
2639 4841 2972 4920 Gregorius,
3005 4866 3031 4893 ‹‹
3071 4845 3168 4915 qui
3200 4841 3345 4900 nihil
3385 4849 3682 4920 refugiunt
3726 4869 3791 4906 ac

2136 4921 2428 4994 recusant,
2460 4929 2593 4970 cum
2623 4913 2692 4967 ad
2711 4913 3127 4994 “praefecturam
3147 4923 3448 4989 vocantur,
3473 4913 3570 4975 85d
3597 4939 3790 4994 prom-

2139 4996 2253 5064 pto
2270 4990 2481 5064 animo.
2501 4999 2562 5039 se
2593 4985 2919 5064 conferunt,
2958 5008 2986 5064 η

2232 5061 2318 5134 43)
2352 5056 2486 5111 Πνεύ
2497 5073 2646 5134 μασι,
2680 5055 3150 5134 Οοιρηηκύμασι.

2236 5129 2324 5204 lui")
2380 5129 2596 5183 Διαιτῶ.
2634 5147 2662 5174 ››
2722 5130 3018 5184 Arbitrum
3081 5145 3272 5202 agam,
3316 5147 3553 5190 causam
3642 5136 3794 5192 deci-

2141 5206 2295 5261 dam.
2348 5224 2376 5252 »

2212 5275 2325 5347 (45)
2368 5269 2669 5347 Διδομένης
2706 5317 2718 5328 .
2780 5273 2916 5343 Reg.
2970 5270 3103 5347 h_u,_
3136 5267 3457 5344 δεδομένης.
3492 5298 3520 5324 ‹‹
3543 5276 3648 5341 Qui
3683 5278 3792 5332 mi-

2143 5342 2317 5402 nime
2354 5342 2633 5402 oblat'ain'
2661 5360 2772 5401 non
2828 5342 3188 5415 appetierim,
3249 5342 3304 5399 et
3335 5363 3489 5400 nunc
3539 5347 3788 5405 delatam

2141 5436 2255 5474 non
2281 5418 2579 5492 repudiem
2612 5418 3034 5490 praefecturam.
3057 5437 3100 5492 _»
3129 5415 3350 5488 Billius,
3384 5441 3410 5466 ‹‹
3446 5425 3739 5492 appetam,
3766 5445 3791 5470 ››

2146 5491 2312 5562 quasi
2347 5486 2417 5562 de
2440 5486 2771 5562 episcopatu
2789 5486 3116 5562 sermosit.

2216 5562 2328 5633 (46)
2356 5558 2489 5628 Tini
2520 5558 2722 5616 πίστιν.
2786 5561 2958 5633 Deest
3000 5558 3080 5633 in_
3110 5558 3247 5630 Reg.
3291 5559 3329 5623 l,
3378 5582 3397 5609 α
3438 5564 3548 5618 Deo
3606 5581 3796 5620 remu-

2145 5629 2406 5704 nerante,
2441 5654 2468 5683 ››
2493 5650 2702 5706 nempe
2737 5651 2763 5685 α
2793 5629 3217 5688 obedientiam;
3242 5652 3270 5680 »
