4152 6286
375 355 488 416 5H

1613 358 1679 419 S.
1728 356 2097 418 GREGORII
2147 356 2540 420 THEOLOGI

3665 349 3789 414 812

377 503 490 558 quo
521 487 579 543 in
614 486 932 560 perfectum
964 504 1030 544 ac
1063 486 1323 544 numeris
1362 489 1636 544 omnibus
1685 489 2019 545 absolutum

2148 490 2281 542 λειον
2309 489 2738 562 καταρτίζοντος.
2772 490 2860 542 τὸν
2900 484 3045 559 αὑτῷ
3076 485 3436 563 θαρῥήσαντα,
3469 482 3558 540 καὶ
3607 485 3780 549 πάσας

381 577 712 633 Antistitem
738 583 1140 649 componente,
1166 579 1263 649 qui
1281 578 1554 634 fiduciam
1579 579 1636 633 in
1653 579 1781 651 ipso
1803 595 1868 635 ac
1890 596 2022 650 spes

379 683 519 722 suas
551 683 754 722 omnes
786 667 1007 739 positas
1037 667 1308 722 habuerit
1337 684 1350 722 :
1385 673 1444 723 at
1473 668 1880 724 inobedientiae
1925 686 2022 741 pe-

377 755 562 811 riculo
595 757 750 811 haud
783 757 902 812 scio
948 757 1224 828 quisnam
1273 756 1544 828 opitulari
1605 762 1704 813 aut
1751 775 2020 830 quaenam

378 845 526 901 ratio
557 846 629 900 ad
659 845 933 900 fiduciam
966 845 1184 901 hortari
1235 847 1438 916 possit.
1491 846 1824 902 Verendum
1866 847 2020 902 enim

380 939 484 1001 est,
521 950 592 988 ne
624 935 694 990 de
721 934 795 990 iis
827 935 926 1005 qui
955 934 1086 990 fidei
1123 939 1331 990 nostra:
1363 935 1664 991 commissi
1698 941 1857 1002 sunt,
1913 936 2021 991 hoc

379 1024 691 1079 audiamus
717 1041 729 1078 :
765 1025 989 1079 Animas
1016 1040 1203 1079 eorum
1232 1025 1302 1079 de
1323 1025 1584 1080 manibus
1614 1028 1812 1080 vestris
1833 1028 2018 1096 requi-

381 1129 503 1168 ram
521 1113 585 1166 ⁸⁵.
617 1113 725 1168 Et:
764 1111 1228 1180 Quemadmodum
1258 1114 1540 1184 repulistis
1568 1130 1675 1181 me,
1727 1131 1796 1168 ne
1836 1115 2026 1185 populi

381 1203 496 1256 mei
510 1202 670 1257 duces
711 1209 760 1256 et
776 1203 1055 1273 principes
1077 1205 1280 1272 essetis,
1305 1204 1382 1257 ita
1403 1211 1453 1257 et
1473 1219 1568 1271 ego
1602 1203 1874 1271 repellam
1914 1219 2023 1272 vos,

379 1308 451 1345 ne
480 1292 585 1346 sim
610 1291 755 1346 vobis
783 1293 841 1344 in
861 1307 1041 1360 regem
1070 1292 1133 1342 ⁸⁸.
1169 1297 1246 1346 Αο
1276 1306 1518 1346 rursus:
1565 1291 2027 1359 Quemadmodum

377 1396 491 1434 non
521 1379 810 1435 audivistis
840 1395 1021 1435 vocem
1046 1395 1242 1449 meam,
1276 1380 1369 1434 sed
1406 1379 1627 1435 dedistis
1672 1389 1882 1450 tergum
1919 1381 2024 1435 du-

383 1486 532 1536 rum,
561 1477 612 1524 et
639 1467 1003 1524 inobedientes
1033 1469 1260 1539 fuistis:
1290 1470 1370 1523 sic
1388 1470 1516 1534 erit,
1537 1485 1659 1523 cum
1681 1462 2026 1523 invocaveri-

377 1561 447 1613 tis
475 1574 563 1613 me
589 1574 682 1629 ego
713 1562 896 1613 autem
950 1574 1057 1613 non
1105 1559 1398 1629 respiciam
1451 1557 1520 1612 ad
1580 1559 1884 1613 orationem
1933 1574 2024 1612 ve-

379 1652 555 1702 stram
585 1663 683 1702 nec
730 1646 1048 1702 exaudiam.
1109 1646 1276 1701 Absit
1326 1650 1389 1700 ut
1436 1646 1522 1701 hae
1571 1662 1740 1701 voces
1791 1646 1960 1701 nobis
1992 1663 2025 1700 a

373 1736 536 1805 justo
562 1735 767 1790 Judice
795 1735 1048 1804 veniant,
1109 1735 1200 1790 cui
1243 1735 1512 1806 quamvis
1560 1734 2023 1790 misericordiam

2133 579 2354 651 θέμενον
2402 578 2482 633 ἐπ’
2531 579 2688 633 αὐτὸν
2734 579 2828 640 τὰς
2881 574 3123 638 ἐλπίδας·
3155 580 3235 648 τῷ
3286 574 3344 630 δὲ
3392 573 3624 648 κινδύνῳ
3679 582 3781 646 τῆς

2131 667 2421 739 ἀπειθείας,
2480 669 2580 723 ούκ
2635 666 2755 722 οἶδα
2811 667 2892 730 τίς
2954 666 3101 721 ἔσται
3159 666 3186 720 ὁ
3250 666 3495 741 βοηθῶν,
3536 665 3572 734 ἢ
3624 665 3703 726 τίς
3753 666 3783 719 ὁ

2130 756 2344 832 θαρῥεῖν
2403 755 2856 830 διακελευόμενος
2913 755 3075 831 λόγος
3135 757 3268 828 (47).
3303 748 3487 816 Φόϐος
3545 754 3648 829 γὰρ
3702 757 3778 828 μὴ

2129 845 2290 900 τοῦτό
2336 867 2396 921 γε
2453 845 2768 918 ἀκούσωμεν
2800 847 2913 919 (48)
2943 843 3065 920 περὶ
3117 845 3190 898 ὧν
3245 843 3662 916 ἐπιστεύθημεν,
3696 843 3782 898 ὅτι

2129 935 2223 997 τὰς
2278 935 2598 1010 ψυχάςμ9)
2631 934 2806 989 αὐτῶν
2867 934 2926 987 ἐκ
2981 938 3087 987 τῶν
3143 937 3344 1009 χειρῶν
3408 932 3560 1005 ὑμῶν
3621 932 3783 1002 ἐκζη-

2129 1027 2301 1094 τήσω·
2365 1025 2455 1078 καὶ
2540 1025 2728 1087 Καθὼς
2815 1023 3104 1085 ἀπώσασθὲ
3191 1043 3256 1094 με
3329 1025 3426 1076 τοῦ
3505 1021 3637 1076 εἶναι
3706 1021 3786 1076 εἷς

2131 1112 2475 1187 ἡγουμένους
2560 1117 2656 1167 τοῦ
2734 1112 2868 1167 λαοῦ
2947 1131 3051 1184 μου
3126 1112 3216 1165 καὶ
3293 1108 3586 1186 ἄρχοντας,
3640 1110 3785 1166 οὕτω

2131 1202 2285 1276 κάγὼ
2343 1202 2635 1274 ἀπώσομαι
2695 1201 2834 1273 ὑμᾶς
2892 1205 2988 1256 τοῦ
3047 1200 3182 1254 εἶναι
3233 1200 3359 1272 ὑμῖν
3411 1199 3485 1262 εἷς
3536 1197 3786 1274 βασιλὲα’

2133 1289 2246 1361 καὶ,
2318 1291 2506 1352 Καθὼς
2592 1290 2692 1344 οὑκ
2775 1288 3126 1360 εἰσηκούσατε
3204 1291 3304 1357 τῆς
3388 1295 3575 1365 φωνῆς
3655 1309 3784 1360 μου,

2134 1376 2261 1432 ἀλλ’
2345 1377 2582 1433 ἐδώκατε
2650 1382 2820 1433 νῶτον
2907 1377 3170 1452 σκληρὸν,
3256 1377 3345 1431 καὶ
3427 1378 3781 1447 ἠπειθήσατε·

2136 1467 2309 1529 οὕτως
2368 1464 2534 1538 ἔσται,
2592 1467 2715 1521 ὅταν
2787 1465 3177 1536 ἐπικαλέσησθὲ
3237 1485 3322 1539 με’
3385 1465 3495 1540 ἐγὼ
3572 1463 3628 1519 δὲ
3685 1465 3785 1520 οὐκ

2135 1552 2416 1630 ἐπιϐλέψω
2505 1556 2588 1610 ἐπὶ
2673 1558 2770 1626 τὴν
2856 1557 3170 1630 προσευχήν
3229 1556 3402 1627 ὑμῶν,
3465 1551 3579 1608 οὐδ’
3637 1553 3781 1609 είσα-

2134 1645 2424 1718 κούσομαι.
2455 1645 2658 1708 Ταύτας
2691 1647 2765 1718 μὴ
2811 1645 3024 1719 γένοιτο
3077 1643 3248 1699 ἐλθεῖν
3300 1647 3437 1714 ἡμῖν
3491 1643 3638 1717 παρὰ
3684 1648 3781 1698 τοῦ

2137 1733 2346 1790 δικαίου
2403 1739 2591 1810 κριτοῦ
2646 1736 2739 1795 τὰς
2797 1735 3002 1810 φωνὰς,
3154 1737 3265 1806 (50)
3323 1732 3418 1787 κᾶν
3480 1732 3569 1787 τὸν
3628 1731 3779 1788 ἔλεον

380 1830 705 1890 cantemus,
740 1829 936 1879 tamen
961 1824 1252 1895 judicium
1313 1839 1546 1895 quoque
1596 1824 1795 1896 procul
1847 1824 2023 1879 dubio

2148 1822 2374 1897 ἔδωμεν,
2429 1823 2571 1879 ἀλλὰ
2628 1823 2717 1878 καὶ
2776 1825 2874 1892 τὴν
2933 1822 3106 1898 κρίσιν
3165 1843 3229 1898 γε
3283 1823 3499 1883 πάντως
3559 1819 3781 1892 συνᾴδο-

381 1913 560 1970 simul
594 1913 862 1969 canimus
891 1915 933 1949 ⁸⁷
964 1917 973 1969 l

453 2002 636 2058 CXIV.
671 2007 744 2056 At
775 2002 928 2058 enim
963 2020 1171 2058 rursus
1222 2004 1292 2058 ad
1345 2002 1650 2058 historiam
1707 2003 1878 2074 feror,
1927 2004 2029 2058 64

383 2109 449 2148 ac
481 2095 737 2149 veterum
771 2092 1215 2164 probatissimos
1247 2109 1511 2164 quosque
1527 2092 2029 2159 considerans,eos

384 2198 609 2249 omnes,
641 2197 789 2251 quos
819 2179 1017 2236 divina
1053 2181 1260 2254 gratia,
1313 2181 1397 2237 vel
1453 2182 1524 2236 ad
1584 2181 2026 2252 gubernandum

382 2269 637 2342 plebem,
668 2269 758 2324 vel
787 2271 856 2325 ad
891 2270 1207 2342 prophetiae
1250 2287 1468 2325 munus
1521 2286 1784 2342 unquam
1833 2269 2028 2341 elegit,

382 2358 597 2431 partim
643 2359 819 2414 alacri
871 2360 1066 2414 animo
1124 2359 1412 2415 vocationi
1471 2359 1758 2430 paruisse,
1813 2358 2027 2431 partim

383 2448 587 2503 oblatae
621 2447 817 2520 gratiae
851 2464 1072 2503 moram
1126 2448 1398 2519 injecisse
1447 2447 1710 2520 reperio;
1764 2463 1890 2516 nec,
1940 2446 2029 2502 vel

383 2552 610 2602 eorum,
645 2535 745 2606 qui
778 2537 984 2606 pedem
1017 2537 1446 2602 subduxerunt,
1478 2535 1831 2608 culpandum
1864 2536 2031 2590 timi-

385 2624 646 2694 ditatem,
679 2625 765 2678 vel
799 2640 1024 2690 eorum,
1060 2625 1158 2695 qui
1195 2625 1266 2680 ad
1300 2624 1641 2695 impositum
1676 2623 1786 2678 sibi
1814 2640 2030 2679 munus

387 2713 722 2768 obeundum
757 2712 1004 2784 impigre
1037 2729 1097 2769 se
1148 2713 1547 2779 accinxerunt,
1602 2713 2028 2784 reprehenden-

387 2803 518 2857 dam
553 2801 936 2878 alacritatem.
971 2801 1058 2856 Illi
1090 2803 1306 2874 quippe
1339 2801 1648 2856 ministerii
1675 2801 2030 2873 magnitudi-

386 2907 519 2946 nem
552 2892 968 2959 extimuerunt,
1015 2892 1074 2948 hi
1126 2897 1326 2946 contra
1370 2891 1633 2946 vocantis
1682 2907 1789 2962 ope
1825 2891 2030 2945 confisi

387 2984 726 3053 paruerunt.
761 2985 952 3036 Aaron
982 2975 1288 3053 promptus
1321 2984 1462 3049 erat,
1495 2983 1682 3035 Moses
1713 2984 1906 3034 autem
1948 2996 2033 3034 re-

388 3070 707 3142 pugnabat.
755 3069 938 3126 Isaias
995 3069 1243 3142 impigre
1301 3069 1589 3136 obedivit;
1649 3073 1709 3124 at
1751 3069 2033 3124 Jeremias

379 3157 700 3229 juvenilem
725 3163 951 3214 aetatem
986 3161 1302 3230 metuebat,
1336 3175 1441 3214 nec
1473 3157 1786 3230 prophetiae
1814 3175 2032 3213 munus

2143 1935 2236 1987 μεν
2247 1959 2258 1970 .

2211 2003 2348 2059 ΡῐΔ’.
2383 2000 2558 2059 Ἀλλὰ
2586 2002 2688 2077 γὰρ
2720 2001 2883 2057 πάλιν
2943 2001 3030 2056 ἐπὶ
3077 2002 3176 2070 τήν
3239 2000 3472 2078 ἱστορίαν
3529 1999 3787 2078 φέρομαι,

2137 2092 2226 2146 καὶ
2280 2096 2388 2146 τῶν
2444 2091 2689 2146 παλαιῶν
2748 2091 2875 2154 τοὺς
2925 2089 3394 2165 εὐδοκιμωτάτους
3444 2092 3785 2163 ἀνασκοπῶν,

2140 2180 2369 2256 εὑρίσκω
2401 2180 2566 2242 ὅσους
2613 2181 2836 2235 πώποτε
2894 2179 2968 2241 εἷς
3016 2179 3322 2234 ἐπιστασίαν
3367 2181 3403 2248 ἢ
3454 2180 3786 2256 προφητείαν

2137 2270 2174 2339 ἢ
2221 2273 2382 2346 χάρις
2431 2265 2774 2346 προύϐάλετο
2803 2272 2934 2343 (51),
2964 2268 3088 2331 τοὺς
3144 2271 3237 2342 μὲν
3296 2266 3536 2342 εἴξαντας
3590 2268 3789 2344 προθύ-

2143 2379 2258 2430 μως
2305 2361 2374 2429 τῇ
2422 2357 2617 2428 κλήσει
2649 2361 2782 2431 (52),
2832 2357 2960 2420 τοὺς
3011 2359 3066 2412 δὲ
3114 2353 3554 2431 ἀναϐαλομένους
3584 2359 3694 2432 (53)
3723 2359 3785 2412 τὸ

2138 2447 2405 2523 χάρισμιΓ
2464 2447 2553 2501 καὶ
2612 2444 2906 2522 οὐδετέρων
2968 2449 3079 2521 (54)
3141 2448 3420 2519 μεμπτὴν,
3479 2444 3603 2501 οὔτε
3675 2451 3782 2502 τῶν

2142 2537 2617 2611 ὑποχωρησάντων
2651 2537 2750 2605 τήν
2777 2533 3140 2604 δειλίαν,οὕτε
3158 2541 3263 2591 τῶν
3296 2534 3654 2611 ὁρμησάντων
3683 2537 3782 2604 τὴν

2139 2626 2470 2700 προθυμίαν.
2503 2627 2565 2680 Οἱ
2600 2625 2693 2698 μὶν
2722 2625 2824 2700 γὰρ
2999 2633 3099 2694 τῆς
3131 2623 3404 2686 διακονίας
3449 2626 3511 2680 τὸ
3560 2623 3786 2700 μὲγεθος

2139 2709 2552 2784 ηὐλαϐήθησαν·
2579 2715 2630 2768 οἱ
2664 2711 2721 2768 δὲ
2750 2719 2826 2786 τῷ
2856 2714 3113 2770 καλοῦντι
3145 2713 3520 2774 πιστεύσαντες
3550 2713 3788 2781 ἠκολού-

2140 2805 2328 2869 θησαν.
2365 2803 2648 2878 Πρόθυμος
2677 2804 2743 2872 ἦν
2777 2804 3006 2879 Ἀαρών·
3043 2802 3188 2858 ἀλλά
3209 2804 3411 2869 Μωσῆς
3444 2800 3790 2874 ἀπεμάχετο·

2143 2893 2445 2962 ὑπήκουσεν
2486 2890 2706 2954 Ἠσαίας
2767 2892 3022 2964 ἑτοίμως·
3071 2888 3198 2944 ἀλλ’
3254 2887 3509 2944 ἐδεδοίκει
3566 2890 3628 2944 τὸ
3668 2891 3783 2943 νὲον

2139 2981 2418 3055 Ἱερεμίας,
2470 2980 2559 3035 καὶ
2617 2981 2678 3035 οὑ
2728 2980 3131 3056 πρότεροντὴν
3181 2978 3511 3056 προφητείαν
3570 2976 3791 3054 ἐθάρρη-

2141 3090 2250 3140 σεν,
2281 3069 2314 3139 ἢ
2344 3070 2488 3145 παρὰ
2544 3074 2677 3125 Θεοῦ
2737 3064 2922 3124 λαϐεῖν
2976 3069 3064 3123 καὶ
3110 3067 3401 3143 ὑπόσχεσιν
3441 3067 3530 3122 καὶ
3562 3065 3788 3140 δύναμιν

2139 3164 2238 3227 τῆς
2272 3156 2494 3228 ἡλικίας
2525 3158 2824 3235 κρείττονα.

389 3248 553 3318 prius
582 3247 778 3303 subire
799 3264 980 3304 ausus
1002 3252 1110 3316 est,
1144 3264 1322 3320 quam
1353 3252 1410 3303 et
1442 3245 1945 3319 pollicitationem,
1977 3249 2034 3301 et
2060 3247 2176 3304 vim
2211 3265 2276 3304 ac
2307 3249 2643 3305 facultatem
2676 3253 2843 3304 estate
2899 3248 3362 3320 praestantiorem
3411 3264 3446 3302 a
3480 3248 3590 3302 Deo
3635 3260 3792 3302 acce-

388 3335 588 3407 pisset.

459 3423 616 3479 CXV.
654 3423 752 3479 His
785 3424 1112 3480 rationibus
1143 3425 1433 3496 meipsum
1463 3425 1719 3490 incanto,
1769 3440 1836 3479 ac
1887 3423 2028 3479 mihi
2063 3427 2105 3492 ρ

391 3512 626 3568 animus
658 3513 792 3568 ferri
825 3513 1010 3568 instar
1040 3513 1320 3583 paulatim
1353 3513 1501 3568 cedit
1532 3511 1901 3568 etemollitur
1925 3530 1937 3568 :
1964 3529 2029 3567 ac

388 3607 623 3673 tempus
655 3603 948 3658 rationum
983 3604 1206 3659 socium
1229 3620 1487 3668 assumo,
1518 3607 1575 3658 et
1598 3602 1909 3658 consilium
1932 3602 2028 3657 Dei

387 3690 841 3762 justificationes
873 3691 937 3759 ⁸⁸,
975 3692 1190 3764 quibus
1231 3692 1563 3747 universam
1614 3708 1804 3746 meam
1852 3691 2033 3745 vitam

393 3779 682 3836 commisi.
716 3784 1030 3852 Propterea
1061 3798 1174 3836 non
1208 3797 1388 3837 renuo
1421 3796 1608 3852 neque
1639 3779 1972 3835 contradico
1989 3780 2032 3822 ⁸ο

393 3874 459 3925 ut
485 3869 567 3924 ait
597 3869 881 3925 Dominus
912 3887 1098 3938 meus,
1133 3887 1266 3926 cum
1339 3887 1452 3925 non
1509 3870 1580 3924 ad
1632 3869 2032 3941 praefecturam

389 3964 717 4028 vocaretur,
750 3960 849 4014 sed
875 3963 1153 4030 tanquam
1175 3959 1298 4015 ovis
1330 3961 1400 4015 ad
1424 3959 1772 4015 occisionem
1797 3958 2033 4012 ducere-

393 4051 492 4102 tur
520 4049 599 4114 θος
631 4063 831 4102 verum
865 4055 918 4106 et
948 4049 1185 4120 procido
1217 4054 1276 4104 et
1303 4049 1413 4104 sub
1444 4047 1666 4120 potenti
1704 4046 1804 4102 Dei
1857 4063 2034 4101 manu

393 4133 674 4191 humilior
694 4137 762 4204 ⁹¹,
796 4153 861 4191 ac
892 4136 1152 4208 pristinae
1185 4137 1462 4193 socordia;
1493 4141 1548 4191 et
1604 4135 2034 4202 inobedientiae,

396 4223 447 4278 si
480 4223 618 4295 quid
652 4224 760 4279 hac
805 4223 864 4280 in
917 4240 975 4280 re
1013 4225 1278 4281 criminis
1322 4224 1556 4290 admisi,
1605 4222 1834 4296 veniam
1884 4228 2034 4294 peto.

396 4312 595 4379 Tacui,
631 4313 730 4368 sed
762 4329 876 4368 non
929 4330 1160 4386 semper
1207 4315 1430 4369 tacebo.
1480 4311 1740 4368 Subduxi
1789 4327 1880 4366 me
1925 4311 2036 4367 ali-

397 4401 762 4473 quantisper,
793 4407 859 4456 ut
887 4402 1083 4474 ipsum
1118 4403 1488 4474 inspicerem,
1525 4419 1592 4456 ac
1624 4401 1854 4456 maerori
1887 4401 2037 4456 sola-

395 4491 544 4546 tium
577 4492 867 4558 atferrem,
903 4492 1004 4547 sed
1037 4508 1191 4547 nunc
1234 4491 1292 4546 in
1325 4490 1580 4548 Ecclesia
1613 4489 1798 4562 plebis
1844 4490 2038 4562 ipsum

467 4590 512 4624 ⁸⁵
566 4588 771 4643 Ezech.
852 4606 932 4655 ιιι,
984 4590 1070 4643 18.
1127 4591 1170 4625 ⁸⁵
1227 4591 1357 4646 Ose.
1392 4607 1466 4656 ιν,
1527 4591 1579 4645 6.
1629 4591 1689 4644 ⁸⁷.

393 4662 435 4698 ⁰¹
474 4661 496 4717 Ι
530 4660 677 4716 Petr.
712 4677 767 4726 v,
798 4661 852 4714 6.

2217 3426 2358 3479 PIE'.
2391 3423 2613 3486 Τούτοις
2670 3423 2900 3497 ἐμαυτὸν
2960 3423 3065 3500 ἐγὼ
3121 3420 3408 3494 κατεπᾴδω
3462 3427 3579 3484 τοῖς
3633 3419 3787 3496 λογι-

2140 3518 2322 3585 σμοῖς,
2353 3513 2444 3568 καί
2506 3534 2597 3586 μοι
2651 3515 2786 3568 κατά
2849 3514 3039 3588 μικρὸν
3068 3509 3196 3567 εἴκει
3226 3533 3284 3567 τε
3312 3512 3400 3566 καὶ
3437 3510 3786 3583 μαλάσσεται,

2140 3599 2320 3676 ὥσπερ
2353 3599 2597 3676 σίδηρος,
2630 3604 2664 3670 ἡ
2698 3604 2875 3676 ψυχή’
2911 3601 3000 3656 καὶ
3043 3601 3298 3676 συνεργὸν
3357 3594 3624 3671 λαμϐάνω
3678 3602 3784 3652 τῶν

2145 3688 2422 3765 λογισμῶν
2455 3692 2544 3744 τὸν
2570 3689 2896 3766 χρόνον,καί
2927 3685 3269 3763 συμϐουλίαν
3302 3690 3368 3742 τὰ
3396 3692 3492 3742 τοῦ
3523 3691 3656 3742 Θεοῦ
3681 3687 3790 3759 (56)

2145 3775 2506 3851 δικαιώματα,
2552 3780 2634 3840 οἷς
2681 3786 2851 3834 πᾶσαν
2911 3779 3010 3846 τὴν
3071 3777 3307 3851 ἐμαυτοῦ
3369 3778 3512 3844 ζωὴν
3574 3774 3792 3830 κατεπί-

2145 3887 2353 3924 στευσα.
2389 3867 2486 3921 Διὰ
2514 3872 2674 3922 τοῦτο
2723 3867 2823 3921 οὐκ
2868 3866 3093 3937 ἀπειθῶ,
3127 3863 3252 3920 οὐδὲ
3311 3863 3596 3938 ἀντιλέγω,
3633 3863 3791 3941 φησὶν

2146 3957 2172 4010 ὁ
2204 3955 2335 4028 ἐμὸς
2384 3956 2660 4027 Δεσπότης
2692 3959 2826 4029 (57),
2861 3955 2960 4010 οὑκ
2991 3954 3077 4009 ἐπὶ
3134 3954 3461 4030 προστασίαν
3518 3951 3796 4025 καλούμε-

2144 4066 2256 4116 νος,
2288 4043 2412 4099 ἀλλ’
2469 4045 2542 4107 ὡς
2598 4040 2870 4120 πρόϐατον
2927 4043 3015 4098 ἐπὶ
3065 4045 3276 4120 σφαγὴν
3331 4037 3618 4118 ἀγόμενος⁹
3653 4039 3800 4096 ἀλλὰ

2144 4135 2233 4188 καὶ
2292 4134 2616 4209 προσπίπτω
2685 4134 2775 4188 καὶ
2830 4137 3189 4205 ταπεινοῦμαι
3225 4133 3328 4187 ὑπὸ
3384 4133 3485 4201 τὴν
3539 4131 3796 4206 κραταιὰν

2145 4227 2241 4278 τοῦ
2300 4227 2433 4278 Θεοῦ
2463 4224 2576 4296 (58)
2623 4227 2804 4299 χεῖρα,
2862 4222 2952 4277 καὶ
3005 4222 3336 4298 συγγνώμην
3396 4221 3653 4293 αἰτοῦμαι
3697 4225 3799 4287 τῆς

2147 4311 2272 4388 πρὶν
2306 4311 2495 4388 ἀργίας
2525 4313 2614 4366 καὶ
2643 4309 2935 4380 ἀπειθείας,
2971 4307 3098 4364 εἷ’τί
3152 4330 3244 4382 μοι
3300 4313 3462 4364 τοῦτο
3522 4304 3799 4382 ἔγκλημα.

2149 4403 2460 4471 Ἐσιώπησα
2511 4401 2624 4473 μὲν,
2674 4397 2802 4454 ἀλλ’
2843 4399 2942 4455 οὐκ
2998 4399 3078 4454 ἀεὶ
3136 4399 3509 4470 σιωπήσομαι.
3555 4395 3800 4470 Ὑπεχώ-

2151 4510 2290 4565 ρησα
2343 4491 2435 4563 μὲν
2467 4509 2518 4544 τι
2553 4488 2767 4562 μικρὸν,
2809 4487 2931 4544 ὅσον
2988 4488 3217 4561 ἐμαυτὸν
3279 4485 3683 4561 ἐπισκέψασθαι,
3715 4482 3806 4538 καὶ

1753 4587 1882 4644 Psal
1939 4605 1992 4654 c,

2169 4589 2212 4624 ⁸⁸
2246 4589 2394 4646 Psal.
2451 4606 2641 4660 cxvm,
2689 4589 2778 4643 24.
2829 4590 2875 4625 ⁸⁹
2935 4591 3047 4644 lsa.
3109 4605 3160 4656 ι,
3217 4589 3269 4645 5.
3331 4589 3376 4622 ⁹⁰
3437 4591 3530 4642 lsa
3604 4584 3808 4651 1,111,7-

467 4757 579 4841 (47)
636 4757 692 4808 Ὀ
787 4755 1000 4841 θαρρεῖν
1097 4756 1569 4841 διακελευόμενοςΛ
1596 4757 1812 4841 ιλόγος.
1887 4758 2042 4841 βαι).
2077 4762 2122 4825 D
2375 4756 2598 4841 Κλησεὲ
2625 4757 2780 4841 ltiale
2811 4759 2902 4812 ed.
2927 4753 3257 4841 Pentadio-Et.

395 4854 422 4881 ‹‹
456 4829 906 4904 Quasnamratio
938 4829 1814 4904 succurrere,qu’idvefiduci‘am
1847 4833 1903 4884 et
1925 4829 2043 4884 ala-

394 4904 658 4957 critatem
693 4901 898 4973 afferre
922 4905 1128 4973 possit.
1163 4927 1191 4954 ››

464 4975 574 5050 (Α4β)
633 4971 808 5050 Τοῦτό
841 4971 1297 5050 γξάκούσωμεν,
1356 4977 1529 5050 Deest
1577 4996 1635 5050 γε
1667 4976 1725 5030 in
1775 4972 2043 5050 pluribus

391 5045 560 5100 codd-
638 5045 739 5116 qui
819 5041 995 5102 etiam
1062 5041 1294 5104 habent
1344 5041 1626 5120 ἀκούωμεν
1687 5041 1792 5121 prd
1846 5041 2039 5096 ἀκούσ-

393 5135 563 5187 ιυμεν.

464 5186 717 5262 (49)-Ἱξᾲς-
753 5188 950 5262 ψυχάς,
985 5211 1012 5238 α
1047 5191 1310 5262 Animas.
1349 5214 1377 5242 »
1406 5195 1467 5248 In
1501 5192 1702 5247 Ezech.
1735 5208 1785 5246 c.
1819 5209 1905 5262 ιιι,
1954 5195 2040 5260 18,

381 5261 555 5335 juxta
582 5259 718 5335 LXX
754 5259 1002 5335 legitur:
1029 5260 1090 5315 οὗ
1120 5263 1181 5316 τὸ
1213 5264 1366 5335 αἷμα,
1420 5287 1446 5313 ‹‹
1482 5263 1850 5335 sanguinem.
1882 5259 1907 5315 ἡ
1931 5266 2041 5321 Sed

394 5331 487 5406 hic
519 5331 698 5386 semel
731 5333 1186 5401 observandum,
1209 5331 1531 5406 szepissime
1558 5331 1669 5388 non
1693 5341 1810 5390 tam
1872 5338 2045 5392 verba

393 5404 849 5477 Scripturarmu,
876 5422 1051 5476 quam
1083 5404 1318 5461 sensum
1361 5425 1394 5460 a
1441 5407 1716 5477 Gregorio
1774 5409 2040 5476 proferri,

395 5482 458 5528 ut
491 5476 580 5529 hic
605 5480 866 5545 apparet.

464 5548 579 5618 (50)
611 5551 667 5612 ἦ.
700 5547 973 5618 Colb._m,
1006 5547 1206 5603 Comb.
1231 5547 1480 5618 etCoisl,
1508 5550 1558 5618 1,
1582 5545 1665 5603 οῦ.

398 5613 1011 5741 1⁵6((ῗζῌρούϐιιὶλετο.
1067 5620 1206 5693 Reg.
1268 5637 1314 5687 r,
1364 5613 1769 5695 προύϐάλλετο,
1802 5645 1830 5672 (ι
1886 5627 2039 5681 Prm-

421 5701 553 5742 θοιι.
588 5708 619 5738 ιο

2225 4817 2339 4901 (33)
2424 4817 2912 4901 Ἀ’ναϐαλομὲνους.
2973 4830 3112 4884 Tres
3180 4829 3357 4901 Regg.
3421 4817 3803 4890 ἀναϐαλλομέ-

2150 4921 2294 4961 νους.

2225 4974 2334 5044 (54(
2364 4969 2692 5046 Οὑδετέρων.
2716 4971 2850 5046 Duo
2881 4965 3208 5046 Regg._968'
3236 4970 3485 5046 §_'§épwV_._
3698 5035 3708 5046 ,
3763 5035 3773 5046 ,

2223 5041 2334 5118 (55)
2395 5044 2456 5098 Οἳ
2520 5041 2611 5116 μέν
2654 5043 2792 5118 (γὰρ,
2853 5041 3033 5118 etcf-—
3057 5042 3202 5097 Nam
3235 5041 3586 5118 illi_'quidem
3633 5041 3808 5118 mini-

2153 5111 2327 5173 sterio
2360 5111 2944 5190 magnitudinempie
2988 5119 3127 5190 sunt
3157 5111 3406 5183 reveriti,
3453 5111 3552 5168 isti
3609 5113 3808 5165 autem

2151 5189 2380 5245 vocanti
2407 5187 2764 5245 confidentes
2795 5187 3055 5242 obsecuti
3087 5189 3245 5242 sunt.
3275 5207 3295 5236 ι

2229 5263 2340 5331 (56)
2369 5261 2444 5314 Τὰ
2473 5264 2569 5334 τοῦ
2600 5263 2753 5334 Θεοῦ,
2794 5261 2853 5334 ln
2887 5258 3059 5314 Cnisl.
3083 5260 3138 5334 _i,
3167 5257 3234 5312 τὰ
3262 5257 3551 5334 τοιαῦταο-
3669 5323 3680 5334 .

2225 5325 2335 5404 (57)
2400 5333 2572 5399 Φησίν
2632 5332 2659 5384 ὁ
2730 5330 2861 5404 ἐμὸς
2923 5325 3217 5397 Δεσπότης.
3311 5327 3461 5404 «Ait
3515 5325 3812 5404 Dominus

2155 5398 2342 5471 meus,
2377 5398 2490 5460 non
2523 5404 2595 5458 ad
2628 5398 3032 5474 praefecturam
3064 5407 3326 5466 vocatus,
3358 5400 3458 5474 sed
3503 5398 3656 5474 sicut
3687 5398 3811 5450 ovis

2152 5477 2223 5530 ad
2248 5470 2598 5530 ocCisionem
2629 5470 2864 5529 ductus.
2899 5495 2926 5522 »
2961 5473 3085 5529 Non
3118 5489 3185 5528 ea
3217 5471 3480 5544 protulit,
3527 5470 3627 5524 sed
3683 5482 3812 5538 per-

2153 5548 2306 5613 fecit,
2331 5548 2564 5616 quando
2583 5546 2654 5599 ad
2689 5552 2934 5616 mortem
2959 5545 3171 5616 ductus
3201 5542 3292 5600 est
3319 5542 3612 5598 Christus.

2223 5615 2462 5689 (58)Τοῦ
2493 5619 2646 5672 Θεοῦ.
2672 5617 2736 5673 Ιιι
2757 5615 2960 5689 paucis
3000 5615 3388 5674 desideratur.
