4152 6286
377 342 497 410 513

1527 338 1823 405 ORATIO
1866 337 1943 404 ΙῙ.
1973 369 2053 389 -—
2080 337 2648 405 APOLOGETICA.

3670 340 3793 409 514

378 481 447 552 τῇ
480 474 628 550 λύπῃ
658 472 845 528 δοῦναι
895 470 1258 549 παράκλησιν·
1294 470 1440 528 ἀλλὰ
1493 476 1580 528 νῦν
1641 473 1807 548 ὑψοῦν
1875 473 2031 528 αὐτὸν

2168 475 2416 542 :xaltare,
2448 479 2506 530 et
2535 475 2592 529 in
2626 475 2904 530 cathedra
2950 472 3249 532 seniorum
3298 476 3537 534 laudare
3567 479 3632 544 9’,
3667 480 3792 534 ani-

383 566 434 620 ἒν
468 563 768 634 Ἐκκλησία
816 563 971 635 λαοῦ,
998 561 1088 616 καὶ
1137 562 1188 616 ἐν
1233 561 1468 638 καθέδρᾳ
1515 558 1894 639 πρεσϐυτὲρων
1921 564 2034 635 (59)

385 655 548 709 αἶ’νεῖν
609 650 895 726 ἐδεξάμην.
956 651 1020 705 Εἰ
1079 649 1254 705 ἐκεῖνα
1311 651 1668 728 κατηγορίας,
1701 655 1864 706 ταῦτα
1912 672 2036 725 συγ-

383 745 612 822 γνώμης
647 739 786 812 ἄξια.

457 832 586 901 ΡΙζ’.
619 830 680 884 Τί
714 827 795 885 δεῖ
848 830 1195 906 μακροτέρων
1249 827 1378 902 ἣμῖν
1429 834 1535 884 τῶν
1586 826 1767 904 λόγων
1798 848 1811 899 ;
1843 830 2037 903 Ἔχετε

384 925 552 996 ἡμᾶς,
587 923 632 974 ὦ
662 920 919 993 ποιμένες
946 917 1035 973 καί
1066 921 1454 992 συμποιμὲνες·
1491 917 1664 994 ἔχετε,
1699 920 1743 972 ὧ
1780 918 2035 992 ποίμνιον

385 1012 529 1088 ἱερὸν
587 1009 675 1064 καί
733 1012 966 1083 Χριστοῦ
1022 1011 1120 1061 τοῦ
1179 1007 1563 1082 ἀρξιποιμένος
1595 1007 1756 1078 ἄξιοψ
1793 1007 2037 1082 ἔχεις,ὦ

387 1100 580 1175 πάτερ,
631 1098 705 1159 εἷς
762 1097 934 1152 πάντα
987 1097 1361 1168 νενικημένον,
1422 1096 1510 1151 καὶ
1566 1098 1702 1152 κατά
1757 1097 1884 1158 τοὺς
1941 1101 2036 1151 τοῦ

391 1188 764 1262 Χριστοῦ
794 1185 998 1257 νόμους
1059 1183 1226 1240 πλέον
1280 1185 1316 1253 ἢ
1374 1184 1499 1246 τοὺς
1539 1183 1730 1255 ἔξωθεν
1763 1189 1876 1259 (61)
1909 1186 2035 1239 ὑπε-

395 1276 619 1348 ξοῦσιον.
652 1277 833 1349 Ἔχεις
861 1276 959 1342 τὴν
994 1274 1316 1341 εὐπείθείαν,
1349 1273 1549 1336 ἀπόδος
1601 1276 1700 1344 τὴν
1760 1273 2035 1350 εὐλογίαν.

390 1366 808 1440 Χειραγώγησον
839 1364 928 1419 καὶ
961 1363 1023 1417 σὺ
1053 1369 1170 1425 ταῖς
1202 1363 1410 1438 εὐχαῖς,
1445 1361 1720 1438 ὁδήγησον
1746 1368 1825 1435 τῷ
1865 1362 2036 1438 λόγῳ,

388 1459 467 1527 τῷ
495 1453 759 1526 πνεύματι
793 1454 1047 1528 στήρισον
1081 1454 1214 1526 (62).
1252 1450 1490 1527 Εὐλογία
1537 1452 1740 1529 πατρὸς
1797 1452 2036 1526 στηρίξει

393 1541 576 1606 οῗειους
606 1542 825 1597 τέκνων·
859 1541 949 1596 καὶ
1003 1541 1434 1616 στηριχθείημεν
1481 1539 1586 1617 ἐγώ
1615 1562 1674 1596 τε
1701 1541 1790 1596 καὶ
1821 1541 1848 1594 ὁ
1879 1563 2037 1596 πνευ-

399 1633 620 1708 ματικὸς
650 1631 798 1693 οἶκος
830 1631 986 1693 οὗτος
1018 1632 1153 1704 (63),
1187 1631 1244 1685 ὃν
1277 1630 1638 1705 ᾐρετισάμην,
1693 1629 1749 1685 δν
1805 1652 1895 1704 μοι
1949 1630 2037 1686 καὶ

394 1722 637 1798 γενέσθαι
696 1719 1022 1775 κατάπαυσιν
1084 1719 1160 1780 εἰς
1207 1719 1372 1773 αἰῶνα
1402 1719 1600 1782 αἰῶνος
1635 1716 1868 1796 εὔχομαι
1903 1723 2037 1794 (64),

2147 580 2308 618 mum
2359 565 2580 618 induxi.
2633 564 2691 619 Si
2735 563 2838 618 illa
2886 565 3419 636 reprehensionem,
3473 566 3591 623 haec
3640 573 3793 625 certe

2144 651 2373 708 veniam
2405 659 2828 725 promerentur.

2219 829 2406 884 CXVI.
2462 830 2608 896 Quid
2652 829 2900 902 longiori
2953 832 3214 888 oratione
3259 832 3428 890 nobis
3477 851 3622 905 opus
3651 837 3796 892 est?

2154 920 2392 974 Habetis
2424 937 2552 988 nos,
2585 937 2617 974 o
2665 925 2924 990 pastores
2982 926 3037 976 et
3079 920 3313 995 collegas
3346 939 3359 977 :
3396 923 3576 980 habes
3610 942 3738 996 nos,
3763 943 3795 982 ο

2153 1025 2290 1081 grex
2321 1012 2540 1078 sancte,
2563 1025 2628 1064 ac
2645 1008 2872 1064 Christo
2903 1010 3166 1082 principe
3195 1016 3498 1083 pastorum
3520 1013 3565 1048 ³⁸
3587 1014 3794 1087 digne:

2149 1097 2353 1164 habes,
2381 1115 2412 1151 ο
2445 1098 2627 1163 Paler,
2652 1098 2720 1152 ad
2755 1099 2953 1153 omnia
2983 1099 3221 1166 victum,
3247 1101 3553 1174 magisque
3585 1120 3799 1159 secun-

2148 1187 2288 1240 dum
2337 1186 2547 1242 Christi
2597 1187 2755 1257 leges
2804 1204 2982 1258 quam
3031 1194 3319 1258 externas,
3360 1195 3474 1245 tuas
3524 1193 3800 1264 potestati

2150 1276 2502 1345 subjectum.
2562 1274 2967 1330 Obedientiam
3025 1276 3207 1333 habes
3259 1296 3271 1345 ;
3333 1279 3796 1336 benedictionem

2150 1365 2343 1420 redde.
2369 1363 2489 1417 Duc
2522 1369 2584 1418 tu
2619 1379 2848 1435 quoque
2881 1365 3151 1435 precibus
3181 1367 3322 1438 tuis,
3349 1369 3483 1440 praei
3507 1385 3798 1435 sermone,

2149 1453 2283 1508 falci
2319 1452 2550 1524 spiritu.
2581 1453 2909 1508 Benedictio
2940 1455 3096 1510 enim
3128 1457 3315 1514 Patris
3371 1458 3565 1514 ﬁrmat
3592 1461 3799 1514 domos

2148 1542 2403 1597 filiorum
2436 1543 2498 1595 9".
2523 1544 2709 1613 Atque
2743 1542 2965 1598 utinam
3001 1543 3324 1615 ﬁrmemur,
3346 1551 3464 1602 tam
3490 1563 3594 1619 ego
3619 1563 3797 1618 quam

2149 1630 2471 1703 spiritualis
2536 1630 2655 1686 haec
2715 1632 2926 1686 domus
2981 1633 3044 1699 95,
3078 1649 3256 1705 quam
3313 1635 3482 1708 elegi,
3516 1651 3801 1707 quamque

2152 1720 2293 1775 mihi
2319 1720 2578 1791 requiem
2610 1721 2704 1777 65
2742 1721 2800 1774 in
2853 1721 3134 1778 saeculum
3159 1724 3354 1779 saeculi
3388 1725 3432 1759 95
3485 1725 3610 1780 ﬁeri
3642 1733 3798 1798 opto,

396 1812 500 1867 ἀπὸ
555 1817 655 1879 τῆς
715 1809 951 1873 ἐντεῦθεν
1003 1806 1326 1878 Ἐκκλησίας
1390 1807 1476 1863 ἐπὶ
1528 1811 1628 1878 τὴν
1681 1809 1876 1864 ἐκεῖθεν
1928 1813 2036 1883 (65)

2168 1811 2221 1865 ιι)
2254 1809 2362 1864 hac
2394 1808 2649 1865 Ecclesia
2680 1810 2750 1864 ad
2783 1809 3076 1866 cmlestom
3108 1813 3486 1886 transmisso,
3521 1819 3697 1886 atque
3729 1815 3798 1870 ad

395 1898 858 1978 παραπεμφθέντι,
910 1897 999 1952 καὶ
1057 1900 1357 1974 πανήγυριν
1415 1898 1779 1973 πρωτοτόκων
1839 1898 2041 1976 ἀπογε-

396 1989 641 2067 γραμμέν
651 2010 723 2042 ων
756 1987 807 2041 ἐν
837 1987 1102 2062 οὐρανοῖς.

471 2080 604 2134 PlZ'.
639 2079 700 2131 ’Π
756 2077 847 2150 μὶν
900 2073 966 2144 δὴ
1000 2077 1112 2148 (66)
1141 2070 1395 2150 πρεσϐεία
1442 2077 1702 2148 τοσαύτη,
1733 2076 1821 2132 καί
1871 2079 2043 2140 οὕτως

398 2165 621 2244 εὔλογος
653 2169 784 2240 (67)-
821 2166 848 2218 6
900 2162 957 2218 δὲ
1015 2165 1144 2226 Θεὸς
1187 2165 1287 2233 τῆς
1330 2164 1572 2236 εἰρήνης,
1619 2168 1646 2220 ὁ
1686 2169 1920 2238 ποιήσας
1976 2169 2043 2222 τὰ

393 2257 674 2335 ἀμφότερα
695 2255 776 2321 ἓν,
806 2255 895 2309 καὶ
933 2250 1169 2315 ἀποδοὺς
1217 2256 1365 2326 ἡμᾶς
1420 2253 1716 2327 ἀλλήλοις,
1751 2257 1778 2310 6
1810 2257 2043 2326 καθίζων

395 2344 639 2421 βασιλεῖς
671 2347 781 2420 (68)
813 2343 900 2399 ἐπὶ
933 2343 1162 2420 θρόνων,
1195 2346 1284 2398 καὶ
1318 2345 1422 2399 ἀπὸ
1473 2351 1575 2420 γῆς
1623 2344 1842 2423 ἐγείρων
1893 2369 2040 2402 πτω-

390 2436 515 2510 χὸν,
544 2435 634 2489 καὶ
667 2434 772 2489 ἀπὸ
801 2433 1032 2509 κοπρίας
1088 2433 1301 2507 ἀνυψῶν
1357 2433 1580 2504 πένητα·
1615 2435 1643 2489 6
1687 2434 2040 2509 ἐκλεξάμενος

392 2519 556 2579 Δαϐὶδ
586 2525 676 2579 τὸν
710 2521 908 2578 δοῦλον
942 2521 1230 2592 αὐτοῦ,καί
1252 2519 1536 2578 ἀναλαϐὼν
1561 2523 1620 2578 ἐκ
1640 2529 1745 2578 τῶν
1769 2525 2042 2599 ποιμνίων

388 2617 495 2668 τῶν
556 2607 873 2686 προϐάτων,
907 2609 1198 2684 ἐλάχιστον
1257 2610 1380 2666 ὅτνα
1430 2611 1481 2666 ἐν
1526 2618 1643 2675 τοῖς
1675 2614 1815 2675 υἱοῖς
1848 2615 2040 2670 Ἰεσσαὶ

390 2703 480 2757 καὶ
534 2703 820 2756 νεώτατον·
859 2702 887 2755 6
917 2697 1099 2763 διδοὺς
1158 2700 1308 2776 ῥῆμα
1359 2706 1476 2763 τοῖς
1527 2701 2039 2776 εὐαγγελιζομένοις

397 2789 616 2865 δυνάμει
647 2789 836 2864 πολλῇ
867 2790 1004 2862 πρὸς
1039 2791 1138 2859 τὴν
1195 2794 1293 2845 τοῦ
1348 2790 1685 2865 Εὐαγγελίου
1740 2789 2040 2861 τελείωσιν,

401 2881 560 2942 αὒτὸς
613 2881 898 2954 κρατήσειε
953 2885 1054 2943 τῆς
1112 2880 1302 2955 χειρὸς
1331 2881 1443 2952 (69)
1475 2881 1634 2953 ἡμῶν
1689 2889 1788 2950 τῆς
1845 2878 2039 2954 δεξιᾶς,

406 2969 496 3022 καὶ
552 2967 602 3022 ἒν
633 2973 700 3041 τῇ
754 2965 929 3042 βουλῇ
988 2967 1150 3022 αὐτοῦ
1205 2965 1522 3043 ὁδηγήσειε,
1553 2971 1642 3023 καὶ
1705 2971 1838 3042 μετὰ
1883 2968 2043 3041 δόξης

407 3051 795 3132 προσλάϐοιτο,
877 3057 1182 3130 ποιμαίνων
1269 3057 1659 3130 ποιμαίνοντας
1742 3062 1876 3132 (70),
1952 3061 2042 3115 καὶ

405 3143 618 3221 ὁδηγῶν
651 3143 998 3220 ὁδηγοῦντας·
1031 3147 1106 3209 ὡς
1139 3146 1198 3200 ἂν
1231 3147 1616 3220 ποιμαίνοιμεν
1672 3148 1735 3202 τὸ
1786 3149 2038 3222 ποίμνιον

2153 1899 2439 1954 celebrem
2487 1899 2587 1953 illa
2649 1899 3076 1970 primitivorum
3128 1901 3537 1973 frequentiam,
3593 1903 3694 1975 qui
3741 1903 3802 1959 in

2154 1988 2314 2045 caelis
2353 1988 2628 2059 descripti
2663 1992 2802 2043 sunt
2834 1990 2925 2057 9⁷.-

2224 2077 2442 2133 CXVII.
2475 2077 2632 2132 Talis
2665 2077 2902 2147 quidem
2927 2079 3255 2149 deprecatio
3289 2086 3490 2136 nostra
3521 2087 3627 2152 est,
3654 2087 3801 2138 tam-

2153 2182 2266 2238 que
2293 2183 2457 2239 asqua
2489 2170 2544 2222 et
2576 2167 2858 2234 honesta;
2905 2169 3052 2221 Deus
3084 2173 3276 2224 autem
3311 2170 3472 2242 pacis
3493 2171 3556 2238 98,
3591 2172 3691 2242 qui
3725 2171 3801 2225 fe-

2152 2257 2229 2311 cit
2252 2261 2497 2327 utraque
2521 2271 2704 2310 unum
2727 2256 2792 2321 99,
2818 2272 3042 2327 nosque
3065 2256 3233 2312 nobis
3256 2258 3501 2314 invicem
3526 2259 3797 2329 reddidit,

2153 2345 2252 2417 qui
2285 2361 2448 2417 reges
2477 2344 2536 2398 in
2578 2344 2804 2400 thronis
2849 2343 3112 2416 collocat,
3144 2350 3200 2400 et
3244 2363 3528 2420 pauperes
3569 2365 3603 2404 a
3649 2353 3803 2404 terra

2152 2434 2558 2504 excitat,atque
2581 2433 2783 2504 inopes
2805 2450 2835 2487 ο
2856 2437 3109 2489 stercore
3132 2435 3300 2506 erigit
3324 2439 3364 2503 ¹;
3381 2436 3478 2506 qui
3503 2435 3678 2509 elegit
3697 2437 3804 2492 Da-

2151 2523 2243 2577 vid
2269 2539 2500 2578 servum
2534 2539 2730 2588 suum,
2763 2527 2820 2577 et
2849 2524 2919 2578 de
2943 2525 3220 2595 gregibus
3251 2525 3446 2580 ovium
3493 2526 3737 2581 sustulit
3756 2528 3798 2594 ³,

2153 2629 2288 2668 cum
2321 2613 2474 2667 inter
2507 2611 2652 2667 filios
2674 2612 2838 2667 Jesse
2866 2612 3147 2667 minimus
3173 2618 3311 2668 natu
3343 2618 3498 2669 esset
3517 2617 3539 2648 ²
3565 2640 3578 2681 ;
3603 2615 3698 2687 qui
3727 2616 3796 2671 ad

2157 2701 2442 2772 Evangelii
2468 2700 2874 2772 perfectionem
2896 2701 2995 2755 dat
3011 2701 3250 2756 verbum
3269 2703 3800 2775 evangelizantibns

2152 2793 2360 2847 virtute
2393 2789 2580 2844 multa
2601 2792 2644 2856 ‘,
2665 2788 2790 2860 ipse
2820 2789 3116 2844 dexteram
3151 2796 3409 2845 nostram
3442 2808 3682 2848 manum
3714 2798 3797 2848 te-

2155 2887 2307 2948 neat,
2339 2885 2397 2935 et
2424 2878 2720 2933 voluntate
2749 2895 2856 2933 sua
2884 2878 3152 2946 deducat,
3187 2883 3243 2932 et
3288 2896 3420 2934 cum
3451 2879 3637 2952 gloria
3667 2898 3802 2936 sus-

2153 2969 2332 3042 cipiat
2374 2969 2414 3036 5,
2444 2970 2706 3039 pastores
2740 2982 3004 3037 pascens,
3038 2971 3095 3020 et
3138 2967 3407 3022 ductores
3439 2969 3659 3024 ducens
3693 2988 3706 3037 ;
3739 2973 3802 3024 ut

2152 3059 2342 3132 ipsius
2371 3072 2601 3127 gregem
2636 3056 2777 3110 scite
2809 3071 3141 3125 pascamus,
3168 3073 3280 3110 non
3315 3061 3506 3112 autem
3557 3057 3615 3113 in
3646 3059 3801 3114 vasis

2152 3147 2403 3219 imperiti
2429 3145 2731 3217 pastorias,
2758 3159 3002 3213 quorum
3024 3144 3270 3200 alterum
3295 3147 3354 3200 in
3377 3147 3797 3218 benedictione,

402 3233 567 3289 αὐτοῦ
601 3236 716 3306 μετ’
743 3233 1073 3308 ἐπιστήμης,
1106 3233 1252 3290 ἀλλὰ
1312 3237 1388 3308 μή
1440 3235 1490 3290 ἐν
1542 3236 1746 3292 σκεύεσι
1780 3241 2042 3312 ποιμένος

2168 3213 2399 3294 λΙιεπυω
2426 3213 2483 3288 in
2509 3231 2915 3288 maledictione
2939 3233 3091 3304 apud
3126 3238 3342 3290 veteres
3363 3235 3616 3305 positum
3639 3213 3800 3294 erat

401 3322 646 3400 ἀπείρου,
698 3325 760 3378 τὸ
821 3324 914 3397 μὶν
966 3322 1018 3378 ἐν
1078 3323 1306 3400 εὐλογίᾳ
1335 3328 1468 3399 (71),
1499 3326 1562 3381 τὸ
1622 3325 1680 3381 δὲ
1735 3326 1786 3383 ἐν
1841 3331 2045 3406 κατάρᾳ

395 3420 513 3475 τοῖς
573 3410 744 3468 πάλαι
795 3413 1062 3486 κείμενον
1121 3413 1281 3475 αὐτὸς
1342 3411 1461 3484 δοίη
1518 3417 1628 3486 (72)
1681 3413 1903 3488 δύναμιν
1957 3419 2044 3472 καὶ

396 3502 720 3575 κραταίωσιν
774 3506 854 3574 τῷ
911 3506 1030 3574 Ααῷ
1099 3502 1289 3558 αὐτοῦ’
1341 3504 1432 3558 καὶ
1499 3507 1887 3579 παραστήσειεν
1960 3507 2050 3562 αὐ-

399 3591 488 3652 τὸς
518 3593 630 3664 (73)
665 3590 837 3663 ἑαυτῷ
894 3588 1150 3664 λαμπρὰν
1195 3592 1293 3661 τὴν
1343 3592 1580 3666 ποίμνην
1643 3594 1732 3648 καὶ
1794 3593 2046 3666 ἄσπιλον,

399 3680 490 3734 καὶ
544 3681 644 3751 τῆς
700 3677 813 3735 ἄνω
875 3678 1108 3756 μάνδρας
1165 3680 1338 3752 ἀξίαν,
1398 3680 1448 3736 ἐν
1509 3686 1577 3755 τῇ
1637 3684 1888 3756 κατοικία
1940 3691 2047 3741 τῶν

405 3769 866 3848 εὐφραινομένων,
917 3769 970 3825 ἐν
1019 3774 1088 3844 τῇ
1143 3775 1251 3825 τῶν
1311 3770 1480 3847 ἁγίων
1543 3771 1913 3848 λαμπρότητι·
1977 3777 2050 3839 ὡς

407 3859 465 3914 ἂν
500 3859 657 3932 ἐντῷ
712 3864 822 3932 ναῷ
879 3858 1042 3913 αὐτοῦ
1101 3861 1292 3922 πάντες
1352 3858 1600 3935 λέγωμεν
1637 3859 1812 3935 δόξαν,
1846 3864 2051 3937 ποίμνη

2151 3328 2278 3400 ipse
2308 3327 2403 3380 det
2449 3322 2722 3378 virtutem
2775 3325 2833 3378 et
2883 3321 3284 3378 fortitudinem
3345 3323 3497 3395 plebi
3530 3341 3648 3381 suae
3673 3327 3713 3394 7,
3747 3332 3805 3382 et

2155 3416 2426 3471 exhibeat
2475 3413 2584 3469 sibi
2641 3411 3015 3484 splendidum
3075 3428 3331 3485 gregem,
3363 3417 3420 3469 et
3470 3413 3809 3472 immacula-

2157 3511 2282 3562 tum
2313 3506 2353 3576 ⁸,
2387 3521 2452 3560 ac
2478 3501 2696 3559 caelesti
2731 3499 2898 3557 caula
2944 3501 3206 3574 dignum,
3241 3503 3298 3556 in
3348 3502 3670 3560 laetantium
3703 3505 3804 3560 ha-

2158 3594 2440 3651 bitatione
2461 3595 2502 3659 9,
2527 3592 2586 3647 in
2609 3594 2944 3647 sanctorum
2969 3590 3341 3663 splendore10
3367 3608 3378 3646 ;
3406 3596 3468 3647 ut
3500 3592 3558 3647 in
3585 3592 3805 3666 templo

2159 3686 2288 3757 ejus
2320 3699 2522 3740 omnes
2554 3682 2819 3737 dicamus
2848 3680 3092 3752 gloriam
3126 3682 3189 3748 “,
3218 3696 3357 3753 grex
3392 3682 3566 3737 simul
3599 3700 3666 3738 ao
3705 3700 3806 3754 pa-

2163 3778 2371 3842 stores,
2404 3773 2463 3827 in
2496 3769 2728 3827 Christo
2758 3769 2899 3825 Jesu
2946 3769 3193 3824 Domino
3236 3775 3456 3836 nostro,
3493 3771 3584 3826 cui
3615 3772 3809 3829 omnis

2164 3864 2351 3937 gloria
2382 3862 2441 3916 in
2475 3859 2670 3916 secula
2699 3857 3064 3914 saeculorum.
3102 3862 3306 3914 Amen.

413 3971 470 4005 τε
500 3950 642 4022 ὁμοῦ
695 3949 784 4004 καὶ
813 3948 1092 4022 ποιμένες,
1152 3949 1204 4004 ἐν
1263 3951 1477 4026 Χριστῷ
1518 3953 1693 4022 Ἰησοῦ
1744 3958 1820 4008 τῶ
1874 3955 2054 4030 Κυρίῳ
2107 3957 2268 4029 ἡμῶν
2300 3953 2414 4024 (74)
2447 3968 2458 3980 ’
2502 3949 2547 4018 ᾦ
2578 3953 2722 4000 πᾶσι
2753 3944 2877 4015 δόξα
2910 3943 2986 4006 εἷς
3007 3944 3134 4006 τοὺς
3165 3945 3367 4008 αἷῶνας
3397 3950 3505 4000 τῶν
3567 3947 3799 4004 αῗώνων.

408 4038 466 4092 ’Δ
478 4039 608 4112 μήν.

476 4167 521 4200 ν²
563 4164 716 4220 Psal.
749 4182 860 4233 CVI,
890 4165 980 4220 32.
1059 4165 1077 4219 Ι
1111 4170 1261 4221 Petr.
1296 4183 1349 4232 ν,
1383 4167 1434 4222 4.
1514 4169 1557 4202 ⁹⁴
1589 4169 1759 4224 Eccli.
1812 4188 1897 4237 ιιι,
1957 4172 2044 4228 Η.

2206 4169 2412 4223 lPetr.
2476 4182 2538 4230 II,
2597 4165 2654 4229 5,
2730 4161 2974 4237 θδᾼΡεειΙᾎ
3014 4179 3204 4237 cxxx1,
3275 4162 3356 4218 14.
3434 4164 3476 4198 9"
3507 4164 3679 4220 Hebr.
3712 4182 3816 4232 xu,

406 4239 495 4302 22,
524 4239 628 4314 23._
657 4309 667 4314 _
692 4239 736 4272 “3
792 4237 959 4314 Rom,
990 4254 1082 4306 xv,
1140 4239 1226 4291 33.
1305 4238 1350 4314 f9
1380 4239 1685 4314 Ephesi”,
1722 4243 1808 4296 14.
1885 4234 1904 4278 ’ί
1940 4243 1959 4297 l
1992 4249 2128 4314 Reg.
2164 4241 2334 4314 11,78;
2391 4237 2539 4314 Psal.
2601 4252 2734 4314 dxi},
2895 4235 2914 4266 ²
2946 4234 3489 4314 Psal.MLxxyu,_7Q.
3567 4238 3588 4270 ³
3618 4243 3640 4290 l
3673 4237 3815 4314 Reg.

404 4325 544 4381 xvu,
570 4378 580 4381 _
611 4309 696 4362 14.
775 4308 970 4365 ‘Psal.
1032 4325 1228 4381 vau,_
1269 4310 1349 4363 12.
1428 4308 1448 4343 ⁵
1483 4311 1631 4366 Psal.
1696 4331 1866 4381 LXXII,
1899 4317 1988 4369 24.

484 4503 704 4580 (69)Ἐν
786 4499 1019 4575 καθέδρᾳ
1092 4500 1492 4580 πρεσϐυτέρων.
1550 4529 1578 4556 ‹‹
1641 4512 1704 4563 In
1782 4509 2059 4565 cathedra

416 4573 728 4645 seniorum,
763 4573 1014 4650 quorum
1067 4573 1177 4641 est,
1210 4600 1240 4627 ››
1282 4573 1475 4650 inquit
1523 4580 1802 4650 Combef.,
1857 4604 1882 4629 ‹‹
1934 4580 2056 4635 σύν-

415 4655 608 4720 θρονος
639 4662 769 4702 cum
800 4649 1073 4719 episcopo
1106 4666 1228 4704 suo.
1268 4673 1296 4700 ››

449 4718 728 4844 ((60)Τοῦ
773 4718 1018 4794 χριστοῦ.
1065 4727 1236 4777 Deest
1274 4724 1371 4773 τοῦ
1438 4722 1497 4775 in
1558 4719 1854 4793 plerisque
1901 4722 2057 4778 codi-

449 4806 462 4844 ι
512 4807 599 4844 us.

413 4806 599 4846 ClDUS.

483 4863 595 4931 (61)
627 4857 760 4933 Τοὺς
815 4857 1024 4930 ἔξωθεν.
1068 4884 1092 4914 α
1124 4862 1403 4917 Externas
1461 4862 1640 4933 leges.
1694 4888 1716 4915 ι
1781 4864 2061 4920 Observat

412 4932 505 5006 hic
536 4934 709 4988 Gabr.
725 4931 1068 5006 Gregorium
1099 4935 1182 4989 sic
1212 4950 1417 4989 vocare
1449 4931 1605 5006 leges
1634 4934 1852 5001 civiles,
1870 4959 1897 4986 ‹‹
1933 4953 2058 5006 quas

410 5009 468 5059 et
497 5005 657 5074 ipsas,
690 5021 758 5058 ex
789 5004 1183 5061 Romanorum
1215 5004 1863 5074 institutofdecernunt
1911 5004 2059 5062 ﬁlios

410 5093 479 5130 ex
521 5077 706 5147 justis
765 5077 987 5147 nuptiis
1040 5083 1347 5149 susceptos
1394 5077 1454 5132 in
1505 5078 1688 5149 patris
1733 5095 1862 5134 esse
1897 5084 2058 5150 pote-

406 5153 574 5202 state.
614 5169 642 5196 »

478 5220 592 5291 (62)
628 5219 918 5291 Στήρισον.
952 5218 1046 5274 Sic
1079 5219 1255 5291 Regg.
1290 5220 1410 5289 bm,
1463 5219 1567 5289 hu,
1601 5219 1860 5277 melioris
1911 5223 2060 5276 nota

409 5290 656 5358 codices,
678 5296 736 5345 et
768 5306 868 5346 sex
897 5290 1056 5346 Colb.
1089 5290 1364 5347 Nonnulli
1395 5296 1594 5347 tamen
1629 5308 1762 5347 cum
1794 5296 1922 5347 Par.
1956 5292 2058 5348 ha-

410 5362 550 5416 bent
579 5360 853 5429 στήριξον.

487 5380 550 5416 nt
579 5380 853 5485 στηριξον.
1238 5434 1248 5444 ⁸
1939 5434 1950 5446 .

485 5433 794 5508 (613)0ch
858 5431 1034 5508 οὗτος.
1114 5433 1544 5491 Naz1anzenum
1629 5434 2060 5508 presbyterium

415 5503 693 5578 intelligit
699 5505 1055 5578 Gregorius.

488 5572 910 5653 (64)”Εὔχομᾶι.
944 5576 1082 5650 Reg.
1116 5576 1217 5650 hu,
1249 5575 1584 5653 απεύχομαι.

2065 4305 2287 4370 6'Zach.
2324 4305 2544 4378 111,15.
2621 4309 2638 4340 ⁷
2671 4305 2822 4361 Psal.
2877 4323 3043 4373 vau,
3103 4307 3192 4361 36.
3270 4307 3289 4340 ⁸
3349 4306 3560 4379 Ephes.
3613 4325 3670 4375 v,
3721 4305 3812 4365 27.

405 4380 428 4413 ⁸
457 4378 606 4434 Psal.
641 4396 860 4448 LXXXVI,
892 4381 947 4434 7.
1029 4383 1072 4414 ¹⁰
1106 4379 1255 4435 Psal.
1289 4397 1400 4450 crx,
1431 4383 1485 4436 3.
1567 4387 1608 4418 ¹¹
1646 4385 1791 4441 Psal.
1826 4378 2022 4454 nxvm,
2055 4387 2108 4440 9.

2261 4507 2351 4573 65)
2382 4503 2635 4573 Ἐκεῖθεν.
2668 4503 2759 4558 Sic
2792 4500 3050 4573 plerique
3081 4502 3257 4573 codd,
3283 4502 3387 4557 Ed.
3423 4501 3612 4560 ἐκεῖσε.

2261 4508 2330 4560 65
2382 4508 2635 4557 Ἐκεῖθεν.
2668 4508 2759 4558 Sic
2792 4508 3050 4573 plerique
3081 4508 3250 4557 codd.
3284 4508 3312 4557 li

2238 4508 2351 4649 (66)
2382 4575 2576 4649 ’ῌμμέν
2609 4570 2699 4643 δή.
2734 4573 2873 4649 Beg.
2902 4574 3034 4649 1,,Ἠ
3071 4572 3164 4644 μὲν
3199 4569 3312 4628 οὖν.

2237 4643 2351 4718 (67)
2379 4643 2646 4718 Εὕλο-γος.
2687 4643 2972 4718 ςΡιειῑὶρῐιί
3003 4650 3415 4718 consentanea.
3448 4666 3477 4698 υ

2239 4713 2352 4792 (68)
2381 4713 2650 4777 Βασιλεῖς.
2685 4717 2826 4772 Tres
2877 4717 3054 4788 Regg.
3107 4713 3384 4777 δυνάστας.
3420 4717 3553 4774 Ruf.
3593 4717 3764 4773 vertit
3797 4734 3810 4774 :

2169 4814 2198 4843 ι(
2231 4796 2512 4846 potentes.
2551 4810 2578 4838 »

2231 4809 2512 4864 pctentes.
2551 4810 2578 4838 »

2239 4863 2350 4934 (69)
2378 4866 2485 4929 Τῆς
2533 4858 2743 4934 χειρός,
2794 4862 2902 4914 etc.
2955 4859 3092 4930 Reg.
3129 4858 3150 4914 Ι
3183 4863 3238 4914 et
3266 4859 3424 4915 Colb.
3460 4875 3540 4929 m,
3577 4864 3678 4927 τῆς
3727 4855 3812 4912 δε-

2169 4930 2280 5003 ξιάς
2315 4930 2472 5004 ἡμῶν
2509 4930 2718 5006 χέθρὸςο

2241 4997 2801 5077 (70)ἸΙοιμαίνοντας.
2835 5002 2969 5071 Reg.
3006 5017 3048 5068 r,
3079 4997 3206 5060 τοὺς
3252 4999 3663 5073 ποιμαίνοντας,
3699 5019 3814 5058 non

2171 5078 2342 5133 male.

2241 5151 2352 5220 (71)
2388 5143 2649 5220 Ἐὐλογίιμ
2682 5145 2861 5217 Regg.
2899 5145 2943 5212 Ι,
2975 5147 3018 5209 ι,
3050 5142 3209 5199 Colb.
3246 5160 3325 5212 In,
3360 5148 3417 5199 et
3471 5144 3673 5201 Gomb.
3709 5145 3820 5201 ad-

2171 5216 2343 5285 dunt,
2373 5222 2488 5278 τοῖς
2521 5216 2712 5272 πάλαι.

2264 5281 2355 5362 72)
2387 5288 2538 5362 Acin.
2577 5290 2714 5362 Reg.
2750 5305 2804 5360 y,
2837 5286 3116 5362 ill-marg.
3153 5285 3348 5356 habet,
3382 5281 3564 5340 δώσει.

2264 5355 2355 5430 73)
2387 5355 2582 5421 Αὐτός.
2618 5355 2768 5430 Pl.ng
2791 5355 2832 5424 ι,
2865 5355 3081 5417 αὐτούς.

2243 5422 2353 5505 (74)
2387 5430 2568 5505 Κυρίῳ
2816 5422 2961 5505 Reg.
3004 5435 3060 5505 __t,
3107 5427 3268 5505 addit
3300 5427 3475 5505 :_Ma§’
3515 5425 3577 5505 o6
3622 5422 3815 5505 πρέπει

2169 5496 2258 5591 sui);
2285 5496 2737 5591 Πατρὶτιμήξκαὶ
2764 5496 2958 5578 κράτος
2994 5502 3106 5575 ἅμα
3131 5497 3212 5573 τῷ
3239 5499 3380 5574 ἁγίῳ
3420 5496 3694 5572 Πνεύματι
3743 5496 3818 5562 εἷς

2169 5575 2297 5639 τοὺς
2331 5575 2552 5643 αἰῶνας,
2587 5581 2696 5633 etc.

2036 5732 2227 5758 ﬂ
