4152 6286
386 410 506 474 515
1727 404 2026 465 GREGOll

2153 404 2562 468 I‘HEOLOGI.
3673 400 3793 470 516

1160 676 1261 730 ⁸⁸
1319 686 1874 775 ΜΟΝΙΤΠΜ
1932 686 2047 772 ΙΝ
2108 685 2796 776 ΟΗΑΤΙΟΝΕΜ
2852 690 3001 773 III.

1883 842 2253 854 ψ..-

457 943 506 1001 I.
567 943 654 1000 De
710 938 829 998 hac
884 939 1167 998 oratione
1224 936 1679 996 Leuvenklaius
1736 936 1800 995 in
1859 936 2125 1015 epistola
2181 938 2644 1015 nuncupatoria
2679 985 2692 1010 ,
2755 957 2865 998 seu
2916 938 3262 1016 prooemio,
3321 942 3387 998 ut
3434 943 3675 1015 vocat,
3724 939 3789 998 in

381 1019 663 1099 Gregorii
720 1036 937 1097 opera,
994 1019 1129 1078 haec
1189 1017 1375 1076 habet
1426 1017 1739 1099 :_l{atione
1795 1017 2096 1099 temporis
2131 1063 2144 1089 ,
2203 1017 2538 1096 siquidem
2596 1020 2745 1079 Eliee
2802 1019 3079 1079 Cretensi
3154 1024 3216 1078 et
3263 1018 3495 1078 Nicetas
3554 1020 3784 1079 Serro-

382 1103 485 1162 nio
512 1096 873 1173 'credimus,
926 1118 1059 1159 esse
1114 1098 1318 1176 prima
1372 1096 1641 1157 debebat
1697 1098 1922 1171 oratio,
1982 1116 2107 1157 non
2165 1114 2260 1168 ea,
2322 1117 2447 1175 qua
2503 1099 2716 1176 fugam
2761 1100 2825 1159 in
2874 1102 3143 1160 Pontum
3200 1099 3443 1177 prolixe
3501 1106 3780 1177 purgat;

384 1182 491 1243 sed
548 1182 748 1241 altera
804 1179 983 1257 cujus
1030 1178 1351 1255 inscriptio
1409 1184 1583 1237 notat
1654 1177 1936 1237 habitam
1990 1178 2178 1237 fuisse
2232 1177 2310 1237 ad
2365 1178 2527 1248 illos,
2588 1181 2694 1258 qui
2750 1180 2957 1258 ipsum
3013 1178 3191 1238 initio
3250 1180 3622 1253 acciverani,
3670 1198 3783 1239 nec

384 1268 720 1341 postquam
752 1258 877 1337 (Ἶὸ)
906 1258 1170 1341 senioris
1204 1275 1430 1341 munus
1455 1259 1515 1341 ei
1545 1258 1950 1341 commissum
1980 1258 2220 1329 fuisset,
2255 1266 2573 1317 venerant.
2614 1283 2644 1313 ››

462 1337 565 1403 ΙΙ(
599 1342 770 1402 Licet
826 1358 901 1399 ea
956 1340 1037 1399 sit
1092 1337 1495 1398 Leuvenklaii
1544 1358 1738 1408 mens,
1800 1338 1956 1396 nihil
2015 1344 2226 1399 tamen
2277 1357 2526 1398 necesse
2584 1345 2677 1399 est
2750 1340 3034 1399 ordinem
3069 1386 3083 1410 ,
3147 1357 3332 1417 quem
3410 1338 3473 1398 in
3527 1339 3782 1398 monitis

383 1427 442 1482 1ο
501 1428 563 1482 ct
618 1425 681 1480 2³
734 1420 1088 1492 statuimus,
1149 1419 1507 1477 immutare.
1558 1422 1770 1496 Longe
1827 1418 1992 1477 enim
2025 1418 2215 1478 aliam
2256 1438 2386 1478 esse
2444 1419 2672 1480 Nicetas
2734 1426 3029 1491 mentem,
3064 1419 3128 1477 in
3175 1420 3413 1479 monito
3473 1420 3668 1496 priori
3699 1420 3785 1479 vi-

383 1504 609 1562 dimus.
663 1502 843 1573 Quod
898 1501 1098 1560 Eliam
1169 1504 1429 1578 spectat,
1494 1498 1785 1570 fatemur,
1818 1500 1984 1558 favet
2029 1498 2475 1559 Leuvenklaio.
2509 1501 2577 1559 In
2634 1502 2920 1560 eamdem
2978 1501 3165 1559 etiam
3223 1499 3595 1560 sententiam
3656 1500 3789 1577 ipse

384 1582 667 1642 concedit
708 1581 924 1641 Billius
953 1579 1188 1641 ultimis
1218 1579 1573 1657 argumenti
1603 1578 1805 1639 verbis
1833 1579 1897 1638 in
1926 1578 2367 1658 Apolcgetz'cum
2400 1598 2700 1659 magnum.
2735 1580 2857 1641 Sed
2916 1599 3103 1658 quem
3158 1578 3273 1639 iste
3330 1580 3480 1639 citat
3538 1586 3785 1653 testem,

384 1664 596 1722 nullus
653 1667 747 1721 est
792 1679 805 1734 ;
870 1679 982 1721 nec
1037 1661 1203 1721 enim
1262 1659 1626 1742 huiusmodi
1663 1660 2031 1742 quidquam
2088 1660 2259 1738 apud
2308 1661 2675 1737 Gregorium
2733 1660 3167 1742 presbyterum
3226 1660 3522 1742 reperias.
3588 1660 3783 1720 Eliam

383 1744 594 1802 forsan
653 1742 858 1801 dicere
914 1759 1055 1801 cum
1115 1740 1531 1801 Leuvenklaio
1581 1740 1778 1800 voluit
1835 1739 2074 1799 Billius.
2107 1744 2362 1812 Verum,
2413 1742 2562 1819 quid
2621 1760 2697 1801 ex
2734 1739 2886 1805 Elia
2940 1747 3158 1801 contra
3216 1741 3580 1818 Gregorium
3633 1759 3785 1800 con-

385 1824 487 1882 fici
543 1823 787 1900 possit?
844 1822 1150 1881 Nimirum
1210 1822 1562 1904 Gregorius,
1622 1820 1805 1904 utin
1876 1822 2114 1881 monito
2175 1827 2388 1904 nostro
2446 1825 2915 1904 primoAlegere
2973 1827 3097 1904 est,
3156 1821 3526 1904 orationem,
3591 1839 3783 1904 quam

388 1904 657 1981 primam
717 1904 1060 1981 posuimus,
1127 1925 1157 1957 «
1214 1902 1485 1961 faustum
1542 1901 1944 1983 principium!
1980 1922 2039 1983 »_
2074 1902 2375 1981 appellat,
2433 1900 2609 1983 ἀρχὴν
2671 1900 2841 1983 δεξιᾶν
2904 1901 3285 1983 exhibetque
3344 1902 3596 1983 tandem
3651 1903 3779 1983 Na-

386 1980 921 2060 iianzenae’plebi
977 2003 1006 2039 ‹‹
1061 2000 1399 2053 sermones,
1450 1999 1721 2059 quorum
1778 1981 2084 2042 desiderio
2135 1980 2478 2058 tantopere
2521 1980 2896 2057 flagrabant.
2962 2006 2990 2036 »
3043 1982 3203 2051 Quin
3262 1987 3323 2042 et
3378 1982 3443 2041 in
3496 1981 3616 2041 hac
3645 1981 3783 2059 ipsa

384 2064 667 2123 oratione
699 2067 902 2137 tertia,
937 2062 1208 2139 priorem
1240 2080 1277 2122 a
1332 2080 1396 2121 se
1444 2062 1577 2139 jam
1639 2068 1827 2120 antea
1880 2061 2109 2121 dictam
2165 2071 2381 2140 aperte
2434 2061 2769 2140 significat.
2831 2062 2955 2139 (76)
3018 2084 3045 2118 α
3111 2062 3348 2139 Ecquid
3408 2080 3612 2121 causae
3666 2069 3780 2135 cst,

384 2144 611 2222 inquit,
672 2160 803 2213 cur,
866 2142 1378 2222 quodaccipere
1431 2142 1801 2219 cupiebatis,
1859 2141 1923 2200 id
1964 2143 2098 2219 jam
2158 2139 2487 2222 acceptum
2546 2139 2906 2222 negligitls?
2966 2164 2997 2197 »
3065 2142 3397 2202 Sermones
3456 2142 3779 2215 nimirum,

384 2220 738 2302 de'quibus,
801 2222 865 2302 in
923 2221 1206 2283 oratione
1242 2220 1465 2300 prima
1522 2222 1740 2281 iisdem
1799 2223 2055 2282 omnino
2113 2223 2336 2282 verbis.
2401 2221 2670 2299 Moxque
2708 2220 2875 2302 17(77)
2916 2223 3131 2302 «AiNec
3180 2229 3247 2282 ut
3303 2241 3533 2282 novum
3594 2241 3784 2299 nego-

386 2300 541 2395 tiuni
599 2301 1423 2395 aggredientibusnmanum
1481 2302 1868 2395 porrexisotis.
1931 2304 2241 2395 (“.78)‘Ho_c
2289 2308 2381 2395 est
2414 2346 2436 2394 η
2475 2301 2785 2395 ⁵»ληειυίι
2841 2300 3104 2361 Basilius
3159 2303 3533 2382 paraphrasi
3590 2303 3784 2381 expli-

384 2384 612 2457 cando,
643 2406 672 2438 ‹‹
703 2383 830 2443 sive
874 2382 1198 2461 dignitatis
1228 2401 1300 2442 ac
1333 2383 1694 2460 magisterii,
1729 2384 1857 2442 sive
1892 2381 2215 2443 ministerii
2246 2383 2441 2443 nostri
2472 2381 2649 2442 initia
2678 2399 2817 2441 cum
2850 2400 3248 2460 poneremus.
3280 2407 3310 2439 »

464 2465 567 2525 Ill.
633 2462 869 2543 Clarius
930 2463 1137 2524 adhuc
1196 2464 1361 2523 circa
1420 2462 1716 2538 medium,
1765 2463 1897 2541 jam
1950 2464 2421 2543 pronuntiatam
2481 2481 2517 2521 a
2575 2481 2640 2522 se
2695 2462 3041 2523 orationem
3089 2463 3183 2523 his
3240 2462 3445 2524 verbis
3502 2463 3785 2524 declarat

386 2543 721 2621 Gregorius
780 2560 795 2603 :
848 2542 972 2621 (79)
1039 2570 1067 2599 ‹‹
1120 2543 1411 2621 Nihilque
1464 2544 1722 2622 propius
1800 2545 2036 2603 factum
2104 2550 2217 2617 est,
2265 2561 2454 2621 quam
2514 2548 2583 2601 ut
2640 2561 3017 2614 sermonem,
3068 2562 3255 2622 quem
3314 2544 3453 2605 loco
3508 2544 3785 2603 muneris

387 2624 685 2703 nuptialis
739 2623 963 2683 offerre
1021 2624 1465 2684 constitueram
1523 2624 1690 2703 apud
1742 2641 1839 2683 me
1895 2626 2280 2685 continerem
2317 2669 2331 2684 .
2388 2646 2417 2677 »
2482 2623 2597 2694 Qui
2654 2624 2742 2683 sic
2816 2624 3095 2701 loquitur
3131 2671 3144 2695 ,
3196 2630 3461 2683 testatur
3533 2643 3597 2684 se
3658 2643 3781 2681 non

387 2704 766 2763 continuisse
802 2749 815 2771 ,
877 2704 983 2761 sed
1040 2705 1390 2763 orationem
1464 2704 2006 2781 babuisse,quam
2060 2723 2281 2782 parum
2316 2704 2515 2763 abfuit
2572 2704 2718 2782 quin
2808 2705 3201 2764 contineret.
3258 2705 3364 2763 His
3421 2703 3581 2763 adde
3639 2723 3782 2780 quae

388 2783 665 2844 carmine
724 2783 809 2843 De
878 2784 1007 2843 Vita
1051 2803 1177 2856 sua,
1213 2803 1371 2843 vers.
1435 2786 1550 2843 345
1610 2784 1689 2843 ad
1746 2785 1882 2856 360,
1944 2786 2166 2844 cecinit
2224 2784 2577 2862 Gregorius,
2643 2784 3063 2853 ordinatione,
3122 2802 3228 2843 seu
3264 2808 3291 2837 ‹‹
3357 2782 3708 2860 tyrannide,
3746 2807 3775 2836 ››

388 2871 458 2923 ut
486 2870 690 2935 vocat,
718 2864 876 2923 adeo
936 2865 1240 2942 percitum
1298 2872 1362 2924 et
1416 2864 1853 2942 perturbatum
1909 2866 2121 2925 animo
2179 2884 2242 2925 se
2301 2866 2512 2935 fuisse,
2547 2871 2614 2922 ut
2674 2888 2703 2919 «
2749 2866 2919 2925 velut
2973 2864 3109 2922 asili
3159 2862 3400 2942 spiculo
3456 2863 3775 2929 incitatus,

390 2964 536 3005 mox
565 2944 697 3004 sine
744 2941 1276 3023 mora’parentes,
1312 2941 1726 3023 propinquos,
1787 2944 2055 3018 sodales,
2089 2946 2356 3024 patriam
2417 2944 2807 3018 deseruerit;
2846 2967 2897 3024 γ»
2957 2945 3034 3003 de
3088 2941 3375 3004 sermone
3434 2941 3724 3024 habendo
3761 2960 3775 3024 ;

384 3027 459 3084 de
498 3024 907 3095 «festivitate,
940 3048 970 3079 »
1024 3025 1099 3085 de
1164 3047 1191 3082 (ί
1251 3025 1489 3104 nuptiis
1544 3025 2017 3099 celebrandis,»
2083 3023 2624 3104 quemadmodum
2684 3024 2785 3083 hic
2838 3023 2945 3083 ille
3003 3024 3284 3103 loquitur
3340 3023 3496 3082 nihil
3554 3023 3777 3101 procul

381 3106 573 3167 dubio
603 3105 909 3182 cogitans.

460 3186 557 3247 IV.
595 3185 750 3256 Quid
775 3184 945 3263 quod
1004 3184 1067 3243 in
1124 3184 1261 3265 ipso
1319 3184 1624 3245 Paschate
1681 3190 1742 3245 et
1796 3184 2028 3245 dictam
2086 3203 2217 3246 esse
2274 3185 2648 3257 orationem,
2691 3190 2752 3244 et
2834 3203 2962 3255 eos,
2997 3182 3106 3263 qui
3175 3182 3276 3244 hic
3333 3182 3780 3265 objurgantur,

385 3284 515 3325 non
545 3265 911 3339 occurrisse,
936 3283 1129 3325 manu
1160 3264 1425 3326 exarati
1472 3265 1719 3326 codices
1774 3267 2031 3343 passim,
2079 3272 2147 3326 ut
2197 3266 2382 3326 modo
2440 3265 2813 3337 videbimus,
2873 3265 3195 3324 affirmant
3246 3282 3259 3336 ;
3303 3264 3783 3342 expressiusque

383 3345 691 3406 scholium
714 3351 891 3405 vetus
922 3345 1002 3405 ad
1028 3364 1202 3406 oram
1236 3346 1414 3424 Regii
1444 3346 1675 3406 codicis
1731 3348 1889 3407 2308
1946 3345 2334 3407 conﬁrmat?
2366 3352 2501 3427 ϐτί
2534 3346 2659 3427 (80)
2695 3369 2725 3400 «
2764 3345 3123 3427 Orationem
3162 3345 3347 3427 hanc
3405 3344 3585 3427 dixit,
3617 3350 3784 3427 post-

381 3444 571 3505 quam
629 3427 957 3505 presbyter
1026 3428 1227 3487 factus
1275 3433 1390 3489 est.
1450 3427 1671 3487 Adhuc
1731 3429 1895 3487 enim
1967 3429 2343 3487 monachum
2402 3424 2680 3499 indutus,
2736 3426 3025 3485 Nazianzi
3079 3426 3374 3503 primum,
3437 3425 3615 3503 cujus
3659 3424 3783 3505 epi-

379 3504 605 3586 scopus
662 3504 1031 3585 tum’pater
1085 3514 1267 3577 erat,
1331 3525 1627 3567 manuum
1686 3507 2086 3585 impositione
2134 3509 2503 3586 (presbyter)
2554 3513 3000 3567 consecratur.
3039 3506 3151 3565 Ille
3208 3524 3356 3565 vero
3412 3505 3475 3565 in
3536 3504 3782 3564 Arianzi

382 3607 568 3666 pago,
630 3589 793 3648 unde
847 3596 909 3646 et
965 3593 1139 3646 ortus
1185 3595 1342 3662 erat,
1402 3588 1676 3647 solitarie
1732 3589 2020 3665 degebat.
2077 3592 2354 3665 Rogatus
2413 3594 2622 3647 autem
2685 3606 2721 3646 a
2780 3586 3185 3645 Nazianzenis
3243 3586 3508 3660 clericis,
3541 3592 3612 3645 ut
3660 3588 3777 3644 Pa-

377 3669 610 3727 schatis
640 3668 737 3727 die
770 3670 997 3726 festum
1057 3687 1181 3727 una
1211 3686 1423 3727 secum
1480 3675 1715 3744 ageret,
1743 3671 1946 3727 adluit
2002 3668 2107 3728 ille
2165 3670 2441 3746 quidem,
2476 3668 2566 3726 illi
2625 3685 2770 3726 vero
2830 3668 3247 3726 defuerunt.»
3312 3667 3491 3727 Unde
3551 3674 3779 3743 praeter

376 3756 602 3808 caetera
650 3748 967 3822 discimus,
1029 3750 1295 3808 necdum
1348 3748 1475 3807 ullo
1537 3747 1881 3827 presbyteri
1936 3748 2145 3808 officio
2201 3752 2484 3808 functum
2544 3746 2938 3823 Gregorium,
2987 3747 3216 3806 nedum
3277 3753 3421 3806 ante
3453 3748 3777 3805 Paschatis

372 3829 563 3902 diem,
599 3846 724 3905 quo
756 3829 1023 3907 primam
1081 3830 1430 3889 orationem
1488 3828 1730 3902 habuit,
1792 3829 2039 3907 publice
2086 3830 2370 3889 docuerit
2427 3846 2439 3886 :
2492 3828 2719 3887 deinde
2778 3846 3129 3887 sermonem
3190 3828 3359 3886 hunc
3406 3828 3633 3907 ipsum,
3699 3846 3774 3886 ex

376 3906 774 3987 paschalibus
830 3908 1050 3969 diebus
1109 3927 1231 3970 uno
1286 3908 1499 3987 aliquo
1558 3909 1681 3981 die,
1718 3910 1768 3988 ἐν
1802 3906 1904 3977 ίτῷ
1962 3912 2158 3985 Πάσχα
2196 3912 2384 3988 paulo
2434 3916 2575 3987 post
2632 3908 2923 3981 alterum,
2958 3908 3176 3967 eodem
3234 3925 3401 3966 anno
3433 3954 3447 3980 ,
3486 3906 3771 3988 habitum

372 3986 526 4050 esse.
589 3989 705 4060 Qui
761 3989 1038 4066 quidem,
1099 3990 1149 4049 si
1208 3986 1619 4068 prior’foret,
1680 3987 1883 4048 dictus
1929 3986 2279 4068 necessario
2334 3989 2568 4060 fuisset,
2632 3990 2729 4048 vel
2788 3989 2852 4046 in
2911 3987 3117 4048 Natali
3174 3988 3448 4062 Domini,
3499 4006 3624 4065 quo
3674 3986 3773 4046 die

373 4071 619 4131 Nicetas
668 4072 1026 4129 ordinatum
1088 4066 1454 4148 Gregorium
1515 4076 1750 4142 censet,
1782 4075 1842 4129 et
1899 4066 2151 4147 quidem
2200 4071 2421 4129 merito
2475 4088 2489 4141 ;
2548 4069 2645 4128 vel
2703 4074 2873 4148 certe
2927 4076 3070 4128 ante
3120 4069 3452 4127 Luminum
3513 4071 3774 4140 festum,

372 4169 498 4224 quo
550 4150 738 4225 juxta
793 4151 1081 4210 eumdem
1136 4147 1442 4222 Nicetam,
1503 4150 1759 4210 recessit
1815 4149 2168 4227 Gregorius,
2238 4149 2555 4210 Paschalis
2603 4148 2700 4207 die
2752 4147 3086 4208 rediturus.
3123 4151 3335 4226 Neque
3394 4155 3523 4208 tum
3558 4148 3773 4208 abesse

373 4230 739 4308 potuissent,
774 4232 880 4307 qui
925 4250 1066 4289 eum
1099 4232 1177 4289 ad
1209 4232 1543 4290 sacerdotti
1575 4236 1838 4308 gradum
1878 4254 1906 4284 ‹‹
1942 4231 2267 4308 tyrannica
2297 4255 2326 4286 »
2360 4234 2826 4308 promoverant.

451 4312 519 4368 V.
558 4313 692 4369 Duo
748 4306 1123 4381 scholiastze,
1186 4330 1348 4371 unus
1395 4312 1460 4369 in
1519 4306 1732 4370 codice
1789 4306 1979 4370 Colb.‘
2016 4312 2198 4383 2695,
2248 4322 2310 4370 et
2363 4306 2526 4370 alter
2581 4308 2761 4387 cujus
2811 4309 3232 4386 fragmentum
3290 4306 3548 4367 exhibet
3600 4311 3781 4367 Lam-

373 4391 587 4449 becius
635 4390 713 4449 ad
745 4391 1022 4451 codicem
1072 4392 1515 4461 97,afﬁ-rmant
1562 4391 1926 4469 Gregorium
1978 4390 2043 4449 in
2100 4392 2304 4451 Natali
2364 4389 2609 4451 Domini
2666 4389 3002 4449 diaconum
3034 4389 3345 4469 duntaxat
3386 4388 3772 4451 ordinatum.

372 4470 433 4529 in
489 4470 817 4529 Luminum
879 4472 1035 4531 {8:10
1096 4472 1371 4549 fugisse;
1429 4489 1501 4530 ac
1561 4468 1705 4531 non
1745 4472 1862 4530 nisi
1910 4469 2234 4531 Paschatis
2278 4472 2397 4544 die,
2462 4489 2587 4548 quo
2646 4475 2816 4530 certo
2872 4469 3102 4529 certius
3160 4468 3377 4549 habita
3425 4474 3519 4528 est
3572 4469 3777 4549 oratio

372 4550 578 4629 prima
640 4575 668 4605 ‹‹
726 4550 786 4609 in
833 4552 1077 4612 Pascha
1120 4548 1187 4611 et
1240 4550 1595 4611 tarditatem
1658 4575 1685 4605 »
1743 4552 2131 4612 sacerdotem
2189 4557 2648 4611 consecratum.
2708 4550 2857 4620 Quae
2914 4550 2965 4609 si
3021 4567 3169 4609 vera
3225 4548 3369 4623 sint,
3424 4548 3773 4609 orationem

374 4635 460 4694 De
493 4631 796 4692 Paschate
828 4639 887 4692 et
920 4633 1236 4703 tarditate,
1271 4650 1394 4691 non
1429 4634 1612 4691 modo
1645 4632 1821 4692 nulta
1853 4632 1977 4692 alia
2006 4633 2356 4704 antecessit,
2394 4632 2500 4692 sed
2532 4649 2646 4691 nec
2679 4630 2884 4709 potuit
2914 4629 3303 4690 antecedere.

454 4713 553 4772 Vl.
591 4713 939 4790 Singularis
970 4720 1062 4773 est
1110 4712 1452 4773 doctissimi
1501 4712 1615 4772 viri
1673 4715 1749 4774 de
1808 4712 1926 4773 hac
1975 4713 2259 4773 oratione
2318 4714 2500 4772 tertia
2546 4707 2928 4789 conjectura.
2972 4734 2999 4768 (ι
3028 4714 3305 4779 Putem,»
3340 4707 3547 4786 inquit
3600 4711 3778 4767 Com-

371 4792 647 4866 beﬁsius,
681 4793 847 4853 hanc
918 4796 1185 4871 primam
1238 4812 1273 4852 a
1334 4793 1630 4870 Gregorio
1690 4794 1975 4853 habitam
2032 4794 2410 4863 orationem,
2464 4792 2569 4851 ubi
2628 4791 2901 4869 primum
2964 4791 3269 4862 rediisset,
3328 4808 3516 4871 quam
3568 4794 3779 4871 secuta

374 4875 452 4934 sit
496 4875 697 4934 oratio
729 4867 1215 4951 quadragesima
1270 4867 1481 4951 prima
1532 4874 1617 4952 (id
1678 4882 1771 4933 est
1828 4874 2028 4933 oratio
2076 4892 2241 4933 nunc
2299 4872 2547 4951 prima),
2605 4867 2873 4949 utraque
2930 4871 2994 4929 in
3055 4871 3316 4952 Pascha,
3352 4868 3537 4952 paulo
3593 4867 3784 4927 latius

375 4962 633 5032 accepta
679 4950 762 5013 ea,
810 4950 1143 5020 vocefnon
1195 4950 1309 5033 pro
1354 4974 1478 5014 uno
1541 4950 1876 5014 Dominicee
1937 4950 2441 5013 ressurrectionis
2480 4953 2625 5033 rdie.
2676 4976 2705 5006 »
2772 4953 3003 5033 Verum
3065 4950 3197 5010 haec
3259 4950 3620 5033 conjectura
3669 4965 3783 5033 nec

375 5028 622 5095 cum-iis
651 5053 793 5112 quae
819 5035 951 5112 jam
1013 5028 1393 5108 dicta-sunt,
1424 5053 1539 5095 nec
1604 5052 1748 5095 cum
1807 5035 2090 5094 oratione
2138 5034 2200 5093 in
2256 5032 2559 5093 «Pascha
2616 5037 2678 5091 et
2736 5031 3120 5097 tarditatem,
3156 5053 3184 5087 n
3250 5048 3440 5109 quam
3490 5030 3629 5108 ipso
3687 5028 3789 5088 die

448 5168 561 5249 (7S)
592 5168 856 5255 Senz‘orz's.
920 5170 974 5223 Id
1037 5174 1143 5255 est,
1178 5192 1205 5217 ι(
1240 5169 1582 5255 presbyteri.
1622 5192 1641 5217 ιι
1672 5172 1820 5247 _Vox
1855 5190 1881 5216 ‹‹
1926 5168 2026 5221 Se-

2209 5168 2319 5255 (80)
2352 5164 2497 5220 Μετὰ
2540 5164 2603 5217 τὸ
2632 5163 2890 5250 ἱγενὲοθαέ
2944 5158 3306 5248 πρεσϐύτερος
3359 5158 3664 5255 λὲγιὲἿτὸν1
3694 5156 3786 5212 λό-

381 5226 561 5293 nioris
594 5261 619 5287 ››
658 5242 873 5312 usitata
902 5242 1057 5312 apud
1092 5226 1439 5312 recentiores
1485 5242 1806 5294 haereticos.
1924 5306 1938 5312 _

2145 5226 2253 5311 yov.
2290 5226 2405 5290 Ἔτι
2436 5240 2537 5312 γὰρ
2590 5226 2682 5312 “re:
2720 5226 3009 5312 μονῄαὸιῖεκὸιῖδ
3063 5226 3257 5312 exmia:
3286 5226 3785 5312 περιοεϐλῃμὲνος,

447 5266 561 5293 υιίδ
594 5266 619 5287 υ
661 5266 873 5294 usuum.
903 5266 1057 5311 dPUU
1092 5266 1439 5296 ιᾙυδυιιυιύδ
1485 5266 1806 5294 υωιύιιυυδ.
2136 5266 2253 5311 γυν.
2312 5266 2405 5290 D'H
2436 5266 2537 5312 γαί)
2590 5266 2652 5289 ἰυ
2720 5266 3009 5307 μυνιιυιηυν
3063 5266 3257 5308 υλιλμυ.
3295 5266 3577 5308 ιιιγιυιυιυ
3604 5266 3786 5302 μάρναθ’,

447 5312 561 5381 (76)
594 5313 717 5370 Πῶς
796 5310 823 5363 ὃ
900 5306 1083 5365 λαϐεῖν
1159 5310 1419 5379 ἐποθεῖτε,
1478 5312 1851 5384 περιφρονεῖτε
1924 5306 2021 5361 λα·
2136 5315 2529 5383 χειροτονεῖται
2594 5306 2695 5360 ὑπὸ
2749 5310 2845 5360 τοῦ
2915 5302 3052 5359 ἰδίου
3118 5305 3349 5429 “mortifer;
3423 5266 3786 5380 πρεσέῦτερος

447 5398 599 5429 ντιςε
2136 5387 2351 5429 nodi-tow
2424 5380 2474 5429 ἐν
2538 5382 2835 5429 Nattam).
2886 5380 2949 5429 ’ἧς
3018 5377 3106 5429 καὶ
3183 5377 3248 5429 ἐπ
3276 5397 3478 5429 σκοποί
3529 5377 3556 5429 ὁ
3608 5375 3786 5429 πατὴρ

376 5375 600 5447 ϐόύτιξς
642 5449 711 5455 ψ
764 5453 773 5455 _
862 5452 873 5455 _
1058 5452 1064 5455 _
1236 5452 1245 5455 _
1406 5375 1414 5379 ⁷
1551 5375 1577 5455 Ἀ
1621 5375 1657 5383 Η
2136 5375 2351 5455 {aprili-0v
2424 5380 2835 5455 év_N1$tav§rp,
2880 5380 2949 5455 ᾖς
3018 5377 3106 5455 irai
3183 5375 3478 5455 ἐπίσκοποά
3529 5375 3787 5455 ὁυπατήρ

446 5456 556 5523 (77)
588 5444 715 5506 Οὐδ’
745 5453 819 5536 ὼε
850 5452 1200 5529 ἀρχομένους
1232 5452 1749 5536 ξχειραγωγήσατε.’
1926 5523 1935 5536 1
2136 5444 2447 5536 ἐέύγχοενεν.
2499 5452 2554 5536 ’ρ
2604 5444 2662 5536 δξ
2707 5444 2831 5516 τήκᾶγ
2868 5448 3123 5536 ἡσυχίου(
3166 5450 3481 5536 φιλοσοφῶν
3554 5444 3685 5532 ᾤκεέ

443 5514 555 5600 (78)
584 5526 735 5600 Τοῦτ’
786 5514 961 5597 ἔστίνῖ
1004 5514 1180 5600 ἆρχὴν
1230 5514 1455 5599 ἕὶονῖεοξ
1508 5514 1607 5590 ’ἑῆς
1674 5523 2021 5598 προστασίας,
2135 5514 2307 5600 χώῄῇ
2331 5520 2616 5600 λεγομὲχῃ.
2653 5514 2941 5594 Ἀριήανζῷ,
2967 5514 3152 5600 fere;
3179 5514 3271 5600 ita}
3312 5514 3680 5600 .c'nipprj'coiTﬁ
3734 5514 3791 5600 δξ

372 5594 406 5662 ἢ
443 5588 803 5685 λειιὲουργίας.
937 5588 947 5597 ’
1039 5588 1159 5685 Ην,
1260 5588 1297 5599 Η
1460 5667 1472 5683 ς
1555 5588 1617 5685 41
1719 5588 1772 5684 ἠ
1850 5663 1871 5684 Ν
2010 5588 2017 5595 ’
2135 5588 2316 5671 ἡμέῥᾳ
2370 5588 2475 5648 ’ποῦ’
2526 5588 2727 5677 “intexet.
2775 5588 3477 5685 napéxo’rleoiv‘aptbv'ol
3530 5588 3792 5677 xlrjpmol

449 5668 537 5685 ,ηπ
592 5673 629 5685 ,ν
884 5668 896 5683 .
1030 5670 1043 5685 κ
1209 5669 1218 5685 ι
1853 5678 1861 5685 ι
2136 5674 2175 5685 ι,
2225 5673 2249 5685 .,
2343 5670 2368 5685 ν
2408 5670 2430 5678 ν
2478 5684 2491 5685 κ
2851 5683 2872 5685 ,Α
2920 5667 3025 5685 ην
3142 5684 3161 5685 η
3342 5683 3351 5685 _
3450 5681 3577 5685 in”
3628 5681 3763 5685 μμ,

445 5668 557 5735 (79)
592 5661 688 5762 [fit
743 5668 933 5762 μικρὸν
989 5670 1083 5741 μὲν
1135 5667 1365 5762 angulo.
1421 5667 1511 5722 τὸν
1555 5664 1715 5744 λόγον
1750 5667 1807 5723 ’ὃν
1846 5663 2020 5743 δωρο-
2136 5661 2434 5762 segrego?
2466 5661 2812 5762 qcveop-Ea'taau
2844 5661 3049 5725 αὐτοῖς.
3085 5664 3186 5719 Καὶ
3229 5666 3255 5719 ὁ
3291 5663 3385 5738 μὲν
3443 5661 3790 5742 παρεγέἓθετο,

377 5734 614 5818 ξρορῆάαι
645 5734 1078 5815 διιὺοοόμηνέῴ
1108 5734 1303 5819 γοὶμῳξ⁵
1637 5734 1646 5744 ’
1930 5734 1937 5743 ’
2136 5740 2185 5795 οἱ
2219 5734 2277 5796 3‘s
2307 5734 2726 5819 ἀπελείφθηοαν.
