4152 6286
403 309 522 373 519

1646 309 1711 367 S.
1760 304 2132 367 GREGORII
2176 303 2571 367 THEOLOGI

3692 306 3811 370 520

403 458 531 499 cere
560 441 731 497 licet:
762 439 928 497 Facti
954 454 1141 493 sumus
1185 437 1334 493 vobis
1370 440 1431 493 in
1487 439 1834 494 saturitatem
1880 438 1926 474 ¹²
1957 438 2272 507 antequam
2302 440 2541 508 gustum
2573 435 2761 491 ullum
2821 435 3005 492 nostri
3034 432 3447 509 specimenque
3500 437 3807 510 praebuis-

404 548 602 588 scmus
634 547 648 598 ;
680 531 831 599 quod
854 528 1018 583 valde
1048 529 1381 582 mirandum
1423 532 1531 583 est.

468 621 568 676 69
604 620 670 673 II.
704 623 816 672 Nec
839 632 973 671 vero
1004 633 1110 671 nos
1142 621 1206 669 ut
1234 615 1493 686 hospites
1509 615 1829 687 collegistis
1856 617 1921 681 1³,
1947 619 2034 670 aut

2229 614 2299 668 B'.
2338 614 2438 667 Καὶ
2482 611 2605 667 οὐδὲ
2652 614 2725 674 ὡς
2777 614 2953 685 ξένους
3015 616 3162 685 ἡμᾶς
3210 612 3572 689 συνηγάγητε,
3620 616 3656 682 ἢ
3711 636 3807 670 συ-

399 708 726 773 nobiscum,
746 715 807 761 ut
839 704 1081 776 aliquid,
1108 704 1258 775 quod
1283 705 1566 775 majorem
1590 703 2046 759 commiseratio—

398 814 532 855 nem
565 813 682 867 prae
712 812 772 850 se
792 796 958 861 ferat,
986 794 1201 859 dicam,
1225 793 1449 848 collecti
1472 794 1634 856 estis,
1657 793 1704 847 si
1749 791 1913 847 nulla
1934 791 2049 847 alia

399 905 480 956 re,
514 905 579 944 ac
609 890 761 942 certe
788 891 1074 957 praecepto
1126 885 1318 939 divino
1360 884 1672 940 commoti:
1708 900 1813 939 nec
1844 887 1907 939 ut
1933 898 2041 938 no-

397 994 535 1034 vum
566 975 862 1049 negotium
896 974 1373 1046 aggredientibus
1404 990 1646 1029 manum
1676 971 2041 1044 porrexistis,

399 1084 503 1123 nec
533 1075 596 1121 ut
617 1064 843 1120 timidis
875 1064 1141 1118 animum
1173 1062 1504 1131 addidistis,
1538 1078 1642 1117 nec
1681 1067 1745 1116 ut
1773 1062 1888 1115 vim
1913 1077 2039 1131 per-

398 1156 589 1228 pessis
619 1153 895 1209 solatium
945 1150 1260 1206 attulistis:
1310 1152 1410 1206 sed
1460 1151 1812 1215 infestivam,
1844 1165 2043 1204 vereor

397 1246 608 1313 dicere,
641 1242 739 1297 sed
772 1240 1085 1296 dicendum
1107 1245 1197 1295 est
1226 1244 1444 1309 tamen,
1472 1239 1639 1294 nobis
1667 1239 2039 1294 festivitatem

398 1331 759 1397 reddidistis,
792 1328 1207 1401 preludiisque
1239 1328 1481 1383 minime
1512 1329 1720 1382 faustis
1761 1343 1865 1381 nos
1887 1342 2044 1382 exce-

401 1422 587 1493 pistis,
611 1436 677 1475 ac
708 1418 1106 1474 celebritatem
1123 1417 1400 1472 maestitia
1416 1416 1696 1481 diluistis,
1722 1419 1921 1486 utpote
1948 1429 2044 1468 vo-

396 1510 669 1581 bis,qnod
685 1508 755 1563 ad
774 1505 1193 1562 cumulandum
1209 1505 1491 1578 gaudium
1508 1504 1741 1560 maximi
1759 1502 2043 1558 momenti

398 1605 543 1671 erat,
569 1597 887 1653 victoribus
921 1595 1087 1664 meis,
1122 1611 1235 1651 non
1262 1595 1417 1649 enim
1449 1610 1579 1649 vere
1610 1593 1852 1648 dixerim
1883 1607 2042 1646 ama-

396 1689 623 1745 toribus
675 1690 989 1742 carentem.
1022 1684 1176 1739 Adeo
1208 1684 1377 1738 facile
1418 1683 1475 1738 in
1510 1686 1911 1753 contemptum
1943 1695 2044 1735 ve-

2156 703 2400 776 νήχθητε
2435 703 2551 773 μεθ’
2576 704 2758 774 ἡμῶν,
2786 699 2858 755 τίν’
2892 700 3027 755 εἷ’πω
3069 723 3120 756 τι
3171 702 3629 779 συμπαθέστεροι,
3671 705 3809 759 ταύ-

2154 812 2277 859 την,
2312 790 2355 844 εἰ
2417 792 2489 863 μή
2549 812 2601 843 τι
2651 788 2812 858 ἄλλο,
2845 792 2944 859 τήν
3002 790 3224 859 έντολήν
3284 789 3613 854 αἰδεσθέντες
3644 796 3803 866 (82⁶)·

2152 877 2276 934 οὐδὲ
2305 880 2378 940 ὡς
2414 880 2752 953 ἀρχομένους
2788 878 3283 955 ἐχειραγωγήσατε,
3318 880 3444 935 οὐδὲ
3475 882 3549 943 ὡς
3589 879 3805 945 δειλοὺς

2152 967 2489 1043 ὲθαρσύνατε,
2541 966 2666 1023 οὐδὲ
2710 969 2785 1029 ὡς
2842 969 3154 1041 βιασθέντας
3196 970 3621 1044 παρεκαλέσατε·
3676 970 3805 1026 ἀλλ’

2151 1056 2402 1132 ἆνέορτον
2449 1060 2604 1130 ἡμῖν,
2638 1057 2779 1111 ὀκνῶ
2838 1058 2932 1129 μὶν
2992 1057 3182 1129 εἰπεῖν,
3226 1058 3460 1133 εἰρήσθω
3518 1056 3575 1113 δὲ
3628 1058 3802 1132 ὅμως,

2150 1147 2485 1215 πεποιήκατε
2512 1147 2609 1213 τὴν
2654 1146 2868 1219 έορτήν,
2900 1145 2989 1199 καὶ
3046 1146 3363 1221 προοιμίοις
3425 1145 3524 1201 οὐκ
3577 1147 3801 1221 ἀγαθοῖς

2151 1236 2296 1305 ἡμᾶς
2363 1230 2709 1303 ἐδεξιώσασθε
2777 1237 2908 1306 (83)·
2969 1235 3057 1288 καὶ
3116 1239 3183 1307 τῇ
3253 1235 3555 1310 πανηγύρει
3632 1240 3803 1307 κατή-

2152 1343 2301 1399 φειαν
2332 1321 2670 1395 κατεμίξατε,
2702 1323 2763 1376 τὸ
2808 1322 3053 1397 μέγιστον
3088 1323 3163 1385 εἷς
3194 1321 3399 1393 ἡδονὴν
3452 1324 3551 1378 οὐκ
3598 1325 3802 1400 ἐχούσῃ

2148 1410 2273 1471 τοὺς
2307 1410 2470 1482 ἐμοὺς
2500 1411 2722 1480 νικητὰς
2756 1412 2915 1482 ὑμᾶς,
2950 1412 3010 1465 οὖ
3042 1413 3142 1487 γὰρ
3174 1411 3397 1486 ἐραστὰς
3429 1413 3597 1467 εἰπεῖν
3660 1413 3801 1485 ἀλη-

2153 1500 2260 1559 θές.
2294 1500 2482 1560 Οὕτως
2515 1498 2976 1577 εὑκαταφρόνητον
3015 1500 3150 1555 ἅπαν
3201 1500 3265 1555 τὸ
3317 1498 3517 1577 ῥᾳδίως
3567 1503 3801 1575 νικώμε-

2151 1608 2260 1642 νον·
2320 1588 2408 1642 καὶ
2460 1588 2808 1660 θεραπεύεται
2859 1590 2952 1662 μὲν
3000 1591 3062 1643 τὸ
3116 1588 3352 1664 ὑψηλὸν,
3384 1591 3702 1663 ἀτιμάζεται
3744 1591 3802 1647 δὲ

2151 1677 2213 1731 τὸ
2245 1681 2359 1747 Θεῷ
2382 1676 2826 1749 ταπεινούμενον.

395 1779 482 1833 nit
542 1774 825 1847 quidquid
876 1772 1044 1828 facile
1101 1777 1412 1844 superatur
1446 1776 1655 1843 :atque
1712 1776 1779 1827 ut
1834 1770 1945 1825 coli
1975 1773 2031 1824 et
2086 1768 2378 1823 observari
2418 1767 2585 1837 solet,
2619 1768 2719 1840 qui
2751 1769 2899 1824 altos
2959 1768 3201 1840 spiritus
3259 1770 3408 1842 gerit
3441 1789 3454 1838 ;
3487 1771 3569 1827 ita
3597 1776 3802 1828 contra

394 1864 560 1922 facile
590 1862 1003 1925 contemnitur,
1036 1861 1137 1932 qui
1170 1860 1285 1917 Deo
1316 1878 1378 1916 se
1408 1859 1689 1915 humilem
1723 1875 1788 1914 ac
1819 1856 2183 1914 submissum
2216 1856 2451 1927 praebet.

469 1957 563 2011 Ill.
599 1953 747 2017 Quid
782 1950 1001 2005 vultis?
1028 1950 1334 2004 Judicione
1362 1953 1427 2004 ut
1455 1949 1756 2005 vobiscum
1802 1953 2034 2003 conten-

2220 1950 2288 1997 I".
2320 1944 2379 1996 Τί
2435 1943 2728 2018 βούλεσθε;
2763 1949 2942 2021 Κριθῶ
2991 1948 3129 2017 (83¹”)
3158 1944 3296 2020 πρὸς
3344 1946 3505 2019 ὑμᾶς,
3534 1949 3567 2015 ἣ
3604 1950 3798 2022 κριτὴς

398 2043 557 2109 dam,
585 2056 657 2094 an
694 2043 758 2093 ut
784 2040 974 2093 vester
1010 2036 1134 2108 ipse
1165 2036 1275 2090 sim
1319 2035 1502 2105 judex
1524 2036 1551 2089 ?
1582 2034 1932 2089 sententiam
1965 2040 2031 2090 ut

392 2131 596 2195 feram,
629 2146 701 2183 an
733 2131 799 2182 ut
839 2125 1168 2197 accipiam?
1198 2126 1341 2179 Nam
1401 2116 1719 2195 utrumque
1775 2124 2038 2180 futurum

390 2235 581 2291 spero,
613 2221 678 2272 ut
707 2216 827 2272 sive
856 2217 927 2269 de
952 2230 1043 2269 me
1064 2214 1354 2285 judicium
1383 2214 1626 2276 feratur,
1647 2213 1831 2267 victor
1860 2213 2042 2269 disce-

393 2309 564 2363 dam:
600 2307 718 2361 sive
748 2306 818 2359 de
849 2319 1028 2358 causa
1075 2302 1472 2373 pronuntiem,
1510 2302 1673 2371 juste
1719 2317 1784 2355 ac
1832 2302 2039 2358 merito

388 2414 491 2452 vos
518 2396 923 2451 condemnem.
958 2392 1186 2446 Crimen
1215 2395 1409 2446 autem
1445 2394 1704 2445 vestrum
1746 2389 1889 2444 illud
1930 2394 2037 2450 est.

393 2486 547 2558 quod
572 2497 934 2553 nequaquam
969 2481 1026 2534 in
1061 2495 1258 2535 amore
1290 2480 1458 2535 nobis
1504 2479 1900 2549 respondetis;
1936 2496 2041 2535 nec

395 2591 499 2645 pro
527 2588 592 2627 eo
626 2587 740 2643 quo
761 2569 925 2624 vobis
958 2584 1176 2622 morem
1228 2568 1550 2639 gessimus,
1582 2568 1752 2622 nobis
1781 2567 2038 2622 vicissim

396 2662 674 2716 honorem
706 2657 1026 2729 rependitis
1052 2675 1064 2723 ;
1091 2673 1196 2711 nec
1226 2672 1353 2711 eam
1385 2673 1540 2710 nunc
1563 2656 1893 2711 animorum
1922 2656 2039 2711 ala-

396 2750 661 2805 critatem
712 2745 1093 2816 alfertis,quze
1144 2744 1289 2799 mihi
1339 2745 1410 2799 ad
1462 2745 1607 2799 bene
1655 2745 1725 2798 de
1774 2744 1936 2799 vobis
1980 2744 2039 2798 in

396 2843 696 2911 posterum
729 2835 1085 2905 sperandum
1119 2834 1378 2905 pignoris
1411 2832 1532 2888 loco
1564 2834 1672 2889 sit:
1708 2833 1883 2904 idque
1906 2850 2038 2889 cum

396 2928 573 2983 etiam
602 2926 649 2980 si
674 2926 805 2996 ipsa
848 2923 1176 2991 accesserit,
1210 2924 1300 2976 vix
1347 2928 1541 2977 tamen
1593 2922 1735 2977 satis
1782 2921 2040 2994 locuples

2150 2033 2430 2106 γένωμαι;
2464 2031 2659 2107 ἐνέγκω
2708 2036 2913 2110 ψῆφον,
2944 2035 2978 2103 ἣ
3032 2031 3297 2106 δέξωμαι;
3344 2036 3439 2090 Καὶ
3486 2037 3589 2109 γὰρ
3639 2040 3795 2106 νικήο

2151 2141 2258 2173 σειν
2288 2119 2516 2189 ἐλπίζω,
2549 2121 2885 2196 κρινόμενος,
2920 2124 3009 2175 καὶ
3060 2125 3514 2199 καταψηφιεῖσθαι
3572 2122 3796 2187 δικαίως

2149 2208 2609 2286 ἀποφαινόμενος.
2650 2210 2728 2267 Τὸ
2760 2207 2817 2264 δὲ
2845 2208 3009 2285 ἕγκλη
3023 2231 3115 2284 μα,
3150 2210 3233 2266 ὅτι
3267 2213 3342 2284 μὴ
3373 2219 3490 2275 τοῖς
3523 2211 3662 2275 ἴσοις
3705 2215 3799 2286 μέ-

2148 2316 2297 2367 τροις
2331 2300 2443 2371 (84)
2474 2293 2761 2369 ἀμείϐεσθε
2787 2306 2887 2369 τῆς
2919 2299 3133 2375 ἀγάπης
3164 2303 3331 2373 ἡμᾶς,
3370 2300 3511 2375 μηδὲ
3555 2309 3657 2372 τῆς
3710 2303 3796 2358 εύ-

2149 2386 2388 2447 πειθείας
2416 2388 2513 2455 τὴν
2545 2389 2711 2459 τιμὴν
2746 2385 3067 2459 ἀντιδίδοτε,
3104 2387 3244 2461 μηδὲ
3294 2391 3357 2445 τὸ
3419 2390 3623 2463 μέλλον
3657 2396 3797 2466 (83')

2150 2474 2405 2550 ἰγγυᾶσθε
2452 2474 2518 2548 τῇ
2569 2480 2659 2528 νῦν
2706 2476 3004 2551 προθυμίᾳ,
3059 2477 3215 2553 μόγις
3262 2478 3351 2532 καὶ
3414 2480 3548 2552 μετὰ
3594 2480 3798 2551 ταύτης

2149 2570 2498 2632 πιστευθῆναι
2546 2560 3074 2636 δυνάμενον-έπειδὴ
3135 2567 3462 2643 θερμότερος
3513 2570 3649 2631 ἅπας
3701 2571 3795 2644 ἆρ-

2149 2651 2405 2726 χόμενος.
2451 2652 2658 2714 ’Ἄλλος
2718 2651 2775 2706 δὲ
2832 2652 2972 2708 ἄλλο
3028 2676 3078 2708 τι
3139 2656 3533 2731 προτιμότερον
3584 2656 3797 2712 τίθεσθε

2147 2740 2237 2794 καὶ
2284 2740 2378 2794 τοῦ
2427 2738 2664 2795 παλαιοῦ
2708 2741 2794 2795 καὶ
2844 2746 2940 2796 τοῦ
2987 2745 3110 2797 νέου
3147 2745 3410 2816 ποιμένος
3458 2747 3596 2816 (85),
3652 2747 3793 2815 μήτε

2146 2831 2246 2898 τήν
2293 2828 2489 2884 πολιὰν
2540 2827 2874 2903 αἰδούμενοι,
2933 2834 3071 2903 μήτε
3110 2834 3208 2901 τὴν
3255 2827 3481 2901 νεότητα
3544 2852 3785 2906 προσκα-

2152 2917 2432 2991 λούμενοι.

395 3033 645 3088 sponsor
672 3029 800 3069 esse
828 3018 1005 3083 queat
1035 3011 1211 3067 ofﬁcii
1243 3011 1302 3066 in
1335 3013 1597 3066 futurum
1645 3012 1992 3083 preestandi:
2028 3012 2304 3084 quoniam
2355 3010 2543 3064 acrior
2589 3027 2655 3066 ac
2705 3012 3016 3066 ferventior
3061 3012 3249 3082 quivis
3287 3028 3415 3067 esse
3459 3011 3625 3079 solet,
3658 3028 3794 3067 cum

394 3105 615 3177 aliquid
641 3103 1000 3174 auspicatur.
1034 3101 1181 3166 Quin
1216 3102 1410 3173 potius
1442 3101 1539 3155 alii
1571 3101 1685 3156 alia
1714 3101 1960 3170 habetis,
1995 3118 2122 3173 quae
2153 3105 2209 3156 et
2237 3100 2413 3154 veteri
2445 3105 2501 3154 et
2531 3116 2677 3154 novo
2711 3101 2963 3171 pastoris
3004 3101 3344 3172 preferatis,
3379 3117 3482 3156 nec
3523 3101 3794 3157 canitiem

394 3195 614 3249 honore
644 3194 1086 3263 prosequentes,
1119 3206 1225 3244 nec
1251 3188 1569 3260 iuvenilem
1602 3193 1828 3245 aetatem
1862 3190 2202 3245 excitantes.

466 3282 560 3336 IV.
593 3279 897 3334 Enimvero
927 3279 984 3332 in
1037 3277 1365 3348 Evangeliis
1416 3276 1576 3332 lauta
1616 3282 1673 3332 et
1721 3278 2035 3349 magniﬁca
2065 3278 2107 3344 C

394 3386 560 3425 coena
583 3373 672 3423 est
690 3369 753 3433 ¹⁴,
768 3371 820 3421 et
838 3366 1028 3421 bonus
1047 3382 1111 3421 ac
1130 3366 1369 3421 festivus
1397 3365 1818 3431 convivator,et
1841 3366 2032 3437 amici,

390 3464 448 3515 et
479 3457 830 3521 convivium,
855 3459 919 3509 ut
948 3455 1007 3509 in
1034 3454 1135 3508 filii
1172 3453 1393 3525 nuptiis
1424 3454 2029 3523 “,jucundissimum.

386 3550 787 3603 (Ionvocantur
832 3543 937 3610 illi,
984 3559 1087 3597 nec
1137 3546 1333 3597 tamen
1383 3542 1655 3596 veniunt:
1701 3558 1876 3612 quam
1911 3559 2033 3598 rem

381 3640 508 3709 ipse
538 3635 742 3691 acerbe
769 3634 1062 3701 ferens,ut
1093 3631 1165 3686 iis
1189 3648 1314 3701 quae
1340 3631 1685 3685 intermedia
1716 3635 1874 3695 sunt,
1899 3631 2034 3687 mali

384 3725 597 3781 ominis
628 3722 851 3778 vitandi
896 3737 1101 3791 causa,
1128 3719 1558 3791 praetermissis,
1594 3721 1791 3774 minus
1832 3736 2035 3791 aspere

381 3812 748 3886 loquar,a|iis
769 3810 1109 3865 hominibus
1126 3808 1453 3864 convivium
1478 3825 1649 3863 suum
1668 3808 2033 3880 implendum

385 3910 551 3960 curat
574 3904 633 3956 ³⁸.
666 3906 785 3955 Ηοο
818 3899 1052 3970 quidem
1085 3897 1310 3952 utinam
1344 3897 1498 3952 Deus
1524 3897 1737 3951 avobis
1770 3902 2029 3953 avertat:

384 3995 482 4048 sed
514 3997 732 4050 tamen,
770 3989 1064 4060 quomodo
1101 3986 1156 4064 id
1204 3986 1412 4041 leniter
1462 3986 1819 4057 proloquar?
1849 3985 2031 4041 subli-

386 4082 540 4135 mius
573 4087 672 4133 aut
705 4077 1049 4133 insolentius
1081 4091 1307 4130 mecum
1342 4074 1569 4145 egistis,
1594 4091 1769 4144 quam
1802 4072 1885 4128 illi
1908 4074 2029 4145 qui,

390 4171 488 4223 πο
511 4184 643 4223 cum
662 4166 887 4220 invitati
919 4170 1136 4233 essent,
1164 4180 1387 4219 cmnam
1409 4163 1747 4218 insultando
1769 4163 2033 4235 repudia-

384 4260 544 4322 runt,
578 4260 749 4326 atque
780 4254 1125 4308 invitantem
1158 4250 1511 4307 contumelia
1544 4251 1897 4308 affecerunt:
1932 4268 2031 4307 vos

389 4360 668 4415 namque,
703 4359 837 4397 cum
871 4358 975 4395 nec
1024 4341 1301 4409 extranei,
1335 4358 1439 4395 nec
1471 4357 1537 4394 ex
1585 4357 1808 4409 eorum,
1832 4341 1932 4412 qui
1962 4342 2033 4396 ad

386 4433 624 4506 nuptias
653 4432 1001 4497 invitantur,
1020 4445 1262 4485 numero
1285 4428 1436 4497 sitis,
1464 4430 1561 4500 qui
1587 4445 1679 4484 me
1702 4430 1897 4499 potius
1920 4431 2031 4501 ipsi

2219 3276 2288 3331 A'.
2325 3273 2544 3329 Δεῖπνόν
2608 3274 2744 3328 ἐστιν
2806 3274 2857 3328 έν
2915 3281 3032 3337 τοῖς
3099 3275 3457 3351 Εὑαγγελίοις
3519 3276 3793 3352 λαμπρὸν,

2143 3364 2233 3418 καὶ
2296 3361 2466 3433 δεξιὸς
2526 3363 2811 3440 ἑστιάτωρ,
2842 3364 2931 3418 καὶ
2992 3362 3167 3440 φίλοι,
3227 3365 3317 3419 καὶ
3373 3366 3436 3419 τὸ
3495 3365 3795 3438 συμπόσιον

2143 3450 2387 3521 ἥδιστον·
2422 3453 2541 3506 υἱοῦ
2594 3454 2695 3528 γὰρ
2744 3453 2943 3527 γάμος.
2980 3454 3135 3507 Καὶὸ
3192 3454 3285 3527 μὲν
3339 3454 3601 3528 συγκαλεῖ
3632 3457 3792 3529 (85”),

2144 3543 2197 3597 οἱ
2243 3539 2299 3596 δὲ
2350 3541 2410 3596 ού
2460 3543 2830 3617 συνέρχονται·
2874 3543 2901 3595 ὁ
2953 3539 3008 3595 8t
3058 3542 3364 3617 ἀγανακτεῖ·
3418 3543 3507 3597 καὶ
3555 3543 3794 3618 παρίημι

2141 3631 2209 3685 τὰ
2238 3630 2289 3685 ἂν
2324 3631 2470 3703 μέσῳ
2502 3628 2591 3685 διὰ
2639 3631 2700 3685 τὸ
2753 3628 3058 3707 δύσφημον·
3093 3630 3225 3686 ἀλλ’
3272 3633 3300 3685 ὃ
3354 3631 3570 3706 μέτριον
3625 3633 3791 3686 εἰπεῖν

2146 3722 2278 3793 (86),
2312 3717 2381 3772 δι’
2405 3717 2589 3774 ἄλλων
2622 3717 2834 3793 πληροῖ
2860 3720 2923 3773 τὸ
2955 3719 3279 3792 συμπόσιον.
3314 3723 3489 3776 Τοῦτο
3546 3723 3637 3792 μὲν
3700 3718 3789 3773 οὖν

2144 3808 2514 3882 ἀπευχόμεθαο
2575 3808 2730 3880 ὑμεῖς
2792 3805 2850 3862 δὲ
2906 3813 3163 3863 τοσοῦτον
3244 3808 3457 3863 ἐκείνων
3533 3809 3793 3883 γεγόνατέ

2147 3917 2238 3969 μοι
2273 3900 2413 3968 (πῶς
2464 3895 2600 3950 εἷ’πω
2650 3897 2896 3971 πράως;)
2930 3894 3262 3972 ὑψηλότεροι
3310 3901 3423 3971 (87)
3454 3899 3487 3966 ἣ
3540 3898 3795 3973 θρασύτε-

2144 4006 2250 4059 ροι,
2297 3985 2419 4040 ὅσον
2476 3985 2526 4039 οἱ
2579 3986 2673 4058 μὶν
2723 3983 3055 4057 κεκλημένοι
3103 3990 3201 4041 τοῦ
3251 3983 3474 4041 δείπνου
3522 3986 3795 4057 κατεξανί-

2143 4095 2379 4146 στανται,
2413 4074 2499 4128 καὶ
2559 4074 2693 4130 κατὰ
2740 4078 2836 4129 τοῦ
2886 4074 3222 4145 κεκληκότος
3270 4070 3603 4152 ὑϐρίζουσιν⁸
3639 4076 3793 4148 ὑμεῖς

2143 4161 2220 4232 δὲ,
2264 4163 2328 4217 ού
2376 4168 2484 4217 τῶν
2535 4161 2723 4234 ἔξωθεν
2766 4159 2939 4229 ὄντες,
2972 4161 3096 4217 οὐδὲ
3144 4168 3247 4219 τῶν
3299 4164 3653 4237 κεκλημένων
3710 4164 3796 4219 ἐπὶ

2140 4251 2268 4313 τοὺς
2317 4251 2549 4327 γάμους,
2600 4249 2727 4306 ἀλλ’
2795 4252 2947 4306 αὐτοὶ
3008 4252 3430 4327 συγκαλέσαντες
3481 4257 3650 4325 ἡμᾶς,
3704 4254 3794 4308 καὶ

2140 4344 2208 4414 τῇ
2258 4342 2377 4413 ἱερᾷ
2424 4344 2534 4414 (88)
2582 4342 2750 4413 ταύτῃ
2796 4340 3036 4416 τραπέζῃ
3088 4339 3513 4412 προσδήσαντες,
3566 4343 3655 4397 καὶ
3700 4347 3796 4397 τοῦ

2142 4434 2430 4505 νυμφῶνος
2505 4431 2602 4498 τήν
2680 4428 3043 4504 λαμπρότητα
3121 4428 3556 4507 παραδείξαντες,
3617 4428 3798 4487 ἔπειτα

462 4596 507 4631 ¹²
541 4594 650 4649 Isa.
684 4609 723 4660 ι,
756 4591 843 4647 44.
924 4590 968 4623 ¹²
1001 4589 1205 4645 Matth.
1241 4605 1367 4656 xxv,
1398 4589 1484 4644 55.
1566 4590 1610 4624 1‘
1641 4589 1779 4644 Luc.
1813 4604 1924 4654 xlv,
1971 4589 2034 4643 16

2158 4590 2177 4623 δ
2204 4589 2407 4645 Matth.
2442 4608 2582 4659 xxu,
2612 4591 2665 4645 2.
2746 4592 2789 4627 ¹⁶
2821 4590 2963 4646 ibid.
2997 4594 3080 4646 10.

456 4773 595 4857 (82⁸)
648 4767 1007 4833 Δῖδεσθέντες.
1062 4791 1088 4818 ‹‹
1143 4767 1415 4823 Divinum
1473 4772 1825 4839 prmceptum
1878 4783 2033 4823 reve-

387 4847 505 4903 riti.
543 4869 565 4898 ι

456 4918 569 4989 (83)
598 4911 997 4989 Ἐδεξιώσασθε.
1031 4912 1201 4989 Qabr.
1238 4906 1568 4979 ἐδεξιώσατε.

479 4985 609 5059 83⁵)
641 4990 841 5061 Κριθῶ,
880 4985 1195 5061 «ﬂJudicer.
1230 5004 1257 5030 ›)

479 4992 609 5059 83“)
641 4992 841 5061 Κριθῶ,
880 5010 905 5035 (ί
937 4992 1195 5039 Judicer.
1230 5004 1257 5030 ›)

457 4992 569 5184 ἓίι)
600 5059 688 5124 Μὴ
732 5062 847 5117 τοῖς
901 5053 1038 5116 ἴσοις
1092 5055 1329 5127 μέτροις.
1365 5076 1391 5102 ‹‹
1447 5053 1606 5134 Quod
1663 5069 1773 5107 non
1830 5068 2029 5123 parem

457 5162 458 5175 ι
506 5131 555 5184 is
587 5146 845 5184 amorem
880 5127 1216 5184 renendltis.
1251 5130 1373 5179 Non
1408 5141 1532 5184 pari
1564 5140 1913 5179 mensura.»

385 5125 561 5187 nobis
587 5146 859 5215 amorem‘
880 5125 1216 5215 repepdltis'.
1251 5130 1373 5179 Non
1396 5125 1532 5215 pari
1564 5140 1859 5215 mens‘ura.
1887 5142 1913 5173 η

459 5203 596 5275 (84·)
630 5197 782 5275 Μηδὲ
807 5199 869 5275 τὸ
906 5195 1141 5275 ptum,
1158 5203 1275 5275 etc.
1312 5218 1337 5245 ‹‹
1380 5199 1578 5275 Atque
1612 5195 1683 5251 de
1731 5196 1925 5275 futuro
1958 5211 2028 5275 ne

385 5266 649 5329 ea'nunc
690 5266 922 5343 quidem
969 5266 1268 5326 alacritate
1316 5266 1635 5343 spondetis,
1672 5282 1796 5337 quae
1847 5268 2027 5322 futuri

386 5348 559 5402 ﬁdem
593 5338 845 5418 velipsa
866 5360 1119 5418 praesens
1146 5338 1847 5418 praestarevix‘posset.)
1927 5350 1946 5418 ς

452 5419 564 5500 (85)
610 5415 709 5500 ιςαὲ
867 5409 883 5416 “
905 5413 1027 5468 νέου
1077 5409 1169 5500 3°."
1181 5409 1749 5500 eé‘%9<:_'*“8_-1}¢3‘?£
1763 5409 2022 5500 Raab?-

384 5480 571 5559 ﬁsius',
603 5496 658 5545 et
687 5489 953 5561 ignorare
984 5502 1045 5540 se
1074 5480 1311 5561 fatetur,
1338 5497 1411 5561 an
1454 5480 1576 5535 haec
1607 5480 1854 5561 simplici
1890 5498 2020 5553 pre—

382 5552 614 5632 sbytero
628 5552 949 5625 conveniat,
975 5575 1045 5613 an
1073 5552 1847 5632 potiusepjscopo,_quijam
1868 5552 2021 5609 com-

382 5623 662 5691 munibus
691 5632 847 5689 curis
876 5623 1009 5693 cum
1038 5623 1200 5705 p'atre
1243 5623 1556 5687 Ecclesiam
1596 5623 2019 5684 Nazianzenam

2144 4772 2385 4841 regeret,
2410 4773 2722 4840 postquam
2755 4768 3116 4824 Sazimorum
3147 4770 3455 4841 episcopus
3486 4769 3790 4825 ordinatus

2147 4840 2356 4912 fuerat.
2384 4861 2423 4912 ru
2475 4841 2737 4896 Forsitan
2789 4841 3121 4911 Gregorius,
3184 4840 3375 4912 inquit
3422 4841 3524 4912 vir!
3561 4840 3791 4905 doctus,

2146 4934 2175 4959 ‹‹
2209 4908 2428 4965 relictis
2448 4912 2715 4981 Sazimis,
2738 4912 2796 4966 in
2829 4908 3205 4968 solitudinem
3249 4908 3311 4968 se
3335 4910 3601 4978 contulit,
3628 4927 3658 4966 e
3680 4928 3794 4981 qua

2144 4999 2177 5036 ιι
2198 4986 2359 5056 patre
2381 4986 2437 5037 et
2456 4984 2661 5056 amicis
2679 4983 3091 5049 revocatus,sic
3114 4985 3172 5038 in
3196 4983 3486 5056 frequenti
3507 4988 3787 5039 conventu

2143 5055 2296 5127 apud
2338 5071 2477 5127 suos
2510 5055 3119 5127 coepitverba‘facere.
3152 5079 3177 5105 ››

2212 5126 2349 5200 (85·)
2382 5125 2478 5200 Καὶ
2512 5126 2539 5179 ὁ
2576 5123 2669 5197 μὲν
2721 5123 3002 5200 συγκαλεῖ.
3059 5150 3080 5175 ε
3258 5124 3357 5180 ille
3403 5126 3637 5200 quidem
3696 5126 3789 5181 in-

2136 5196 2297 5264 vitat,
2335 5198 2445 5269 ipsi
2479 5196 2673 5255 autem
2706 5196 2819 5254 non
2848 5199 3108 5265 veniunt,
3145 5197 3242 5253 ille
3289 5196 3487 5253 autem
3520 5199 3791 5270 indigna-

2136 5272 2253 5324 tur.
2292 5292 2318 5317 »
2349 5274 2457 5324 etc.

2349 5311 2533 5393 ν’ᾞλλ*
2588 5338 2646 5413 ὅ,
2679 5338 2890 5413 μέτριον
2954 5338 3142 5392 εἰπεῖν.
3175 5339 3376 5395 Comb.
3420 5338 3481 5392 τὸ
3544 5338 3783 5413 μέτριον,

2140 5433 2160 5458 α
2197 5413 2348 5467 quod
2380 5413 2537 5467 dictu
2572 5412 2786 5466 mitius
2807 5416 2914 5467 est.
2952 5432 2979 5460 »

2224 5479 2320 5551 87)
2364 5479 2744 5555 ἰ’ψηλότεροι,
2776 5488 2884 5538 etc.
2927 5506 2953 5533 ‹‹
3015 5481 3215 5554 Majori
3274 5482 3424 5538 facto
3482 5487 3539 5539 et
3589 5483 3774 5540 auda-

2131 5553 2237 5609 cia.
2275 5575 2302 5602 »

2203 5625 2315 5699 (88)
2343 5625 2418 5699 Τῇ
2450 5623 2587 5702 ἱερᾷ.
2623 5648 2650 5677 α
2681 5629 2864 5684 Sacrae
2894 5624 3031 5683 huic
3062 5640 3295 5684 mensae.
3332 5648 3359 5677 ››
