4152 6286
310 306 421 367 521
659 305 949 367 ORATIO
994 304 1103 364 IlI.
1134 337 1213 347 ——
1243 305 1347 364 AD
1391 305 1538 365 EOS
1583 302 1718 375 QUI
1761 298 2006 364 IPSUM
2046 298 2553 366 ACCIVERANT
2598 305 2751 367 NEC
2795 302 3399 366 OCCURRERANT.
3616 299 3733 362 522

307 434 705 496 καταλιπόντες
762 436 912 507 ἡμᾶς
963 436 1126 488 τοῦτο
1180 433 1286 509 γὰρ
1344 433 1497 507 ὑμῶν
1537 433 1602 487 τὸ
1650 431 1947 508 γενναιότα-

2088 435 2546 507 :onvooaveritis,
2574 452 2638 493 ac
2671 438 3055 492 sacrosanctae
3088 449 3303 490 mensae
3335 430 3728 489 astrinxeritis

307 548 398 583 τον
430 526 567 599 (89)·
601 526 629 579 ὁ
665 524 756 597 μὲν
791 523 879 577 ἐπὶ
908 524 997 577 τὸν
1044 521 1187 577 ’ίδιον
1238 523 1421 598 ἀγρὸν,
1456 523 1483 576 ὁ
1517 520 1573 576 δὲ
1622 521 1707 575 ἐπὶ
1755 522 1817 576 τὸ
1851 526 1947 590 ζεῢη

2092 524 2438 597 ;halamique
2468 524 2750 598 nuptialis
2771 524 3143 595 splendorem
3166 521 3540 578 ostenderitis
3564 521 3732 576 nobis

311 636 407 694 γος
436 619 543 669 τῶν
579 614 722 688 βοῶν
752 613 817 667 τὸ
846 612 1115 682 νεώνητον
1167 614 1300 685 (90),
1333 612 1360 665 ὁ
1392 609 1447 665 δὲ
1480 611 1567 665 ἐπὶ
1615 612 1714 679 τὴν
1744 617 1951 687 γυναῖκε

2089 613 2273 669 subito
2305 613 2524 670 relictis
2557 614 2687 687 (hoc
2718 613 2874 670 enim
2910 613 3137 668 facinus
3168 616 3430 667 vestrum
3464 614 3555 665 est
3585 627 3729 682 prae-

314 706 414 773 τὴν
443 703 768 779 νεόνυμφον,
802 702 830 755 ὁ
863 698 920 755 δὲ
968 698 1138 761 ἄλλος
1188 699 1273 754 ἐπ’
1319 698 1460 755 ἄλλο
1504 718 1555 754 τι
1599 703 1706 754 τῶν
1762 703 1954 775 μικρῶς

2096 701 2498 776 ιῙειιιὶεεὶωυω)
2522 720 2535 760 :
2561 701 2711 759 alius
2756 703 2829 758 ad
2874 717 3081 774 agrum
3110 716 3308 766 suum,
3342 698 3493 756 alius
3524 699 3595 755 ad
3631 715 3736 771 par

321 790 646 868 διεσπάρητε
699 791 791 845 καὶ
848 786 1255 859 ἀπεπηδησατε,
1320 789 1487 866 μικρά
1541 792 1639 844 τοῦ
1679 792 1961 867 νυμφῶνος

2095 806 2255 847 )oum
2288 807 2487 849 recens
2518 801 2804 864 emptum,
2834 789 2986 846 alius
3019 790 3090 845 ad
3124 805 3362 846 uxorem
3395 787 3735 861 nuperrime

321 882 434 957 (91)
462 880 553 935 καὶ
581 884 680 935 τοῦ
708 878 946 956 νυμφίου
977 878 1375 955 φροντίσαντες.

2094 882 2138 935 In
2172 881 2616 937 matrimonium
2648 884 2946 951 acceptam
2971 879 3035 948 ‘7,
3071 877 3224 934 alius
3254 876 3324 934 ad
3358 876 3516 933 aliud
3548 876 3734 949 quod-

312 973 469 1045 piam
498 970 643 1028 levis
673 970 948 1042 ponderis
979 969 1279 1041 negotium
1311 967 1665 1040 prosiliistis,
1699 984 1766 1024 ac
1815 966 2064 1041 dispersi
2111 966 2273 1037 estis,
2307 986 2486 1041 parva
2532 968 2758 1025 ratione
2804 967 3026 1035 habita,
3060 983 3194 1024 cum
3234 965 3480 1023 thalami
3512 980 3735 1022 connu-

314 1060 516 1129 bialis,
546 1065 675 1116 tum
707 1059 898 1132 ipsius
927 1059 1103 1115 etiam
1130 1058 1351 1130 sponsi.

386 1150 462 1205 E'.
511 1146 608 1201 Διὰ
651 1151 812 1201 τοῦτο
852 1145 1085 1218 ἀθυμίας
1136 1144 1477 1214 ἐνεπλήσθην
1524 1146 1638 1219 (92)
1687 1145 1777 1199 καὶ
1837 1145 1969 1199 ἀπο-

2152 1144 2221 1201 ν.
2250 1145 2561 1218 Propterea
2590 1161 2837 1203 mmrore
2885 1150 3064 1218 atque
3093 1144 3274 1202 animi
3307 1144 3597 1201 anxietate
3625 1144 3736 1201 im-

319 1236 460 1314 ρίας⁴
519 1236 581 1291 ού
634 1237 737 1312 γὰρ
797 1234 826 1289 ὃ
874 1235 1137 1306 πέπονθα,
1199 1236 1573 1306 σιωπήσομαιο
1626 1234 1715 1288 καὶ
1770 1237 1959 1310 μικροῦ

2094 1233 2272 1307 pletus
2303 1252 2467 1303 sum;
2502 1252 2607 1292 nec
2639 1236 2795 1291 enim
2828 1235 2968 1308 quid
3002 1235 3143 1291 mihi
3177 1234 3474 1300 acciderit,
3504 1232 3734 1291 silentio

324 1328 418 1400 μὲν
438 1325 665 1400 ἀνέσχον
692 1325 782 1379 τὸν
806 1322 993 1398 λόγον,
1025 1324 1085 1377 ὃν
1118 1321 1501 1399 δωροφορῆσαι
1535 1319 1862 1394 διενοούμην
1891 1326 1964 1395 τῷ

2097 1339 2307 1396 Legam;
2331 1323 2595 1397 nihilque
2617 1325 2859 1397 propius
2883 1325 3102 1380 factum
3119 1328 3414 1394 est,quam
3440 1329 3505 1379 ut
3522 1340 3737 1380 sermo-

317 1416 504 1491 γάμῳ,
544 1415 608 1468 τὸ
654 1411 950 1469 κάλλιστον
1002 1412 1075 1465 ὧν
1126 1413 1279 1485 εἶχον
1326 1412 1415 1464 καὶ
1466 1411 1819 1483 τιμιώτατον⁶
1878 1429 1957 1484 μι-

2093 1428 2443 1484 nem,quem
2489 1412 2611 1470 loco
2645 1414 2907 1469 muneris
2959 1412 3238 1485 nuptialis
3270 1412 3473 1469 otferre
3520 1411 3733 1469 consti-

319 1508 454 1579 κροῦ
485 1500 543 1557 δὲ
592 1502 723 1575 ὑμῖν
764 1501 1015 1579 ἐπαφῆκα
1061 1503 1178 1562 τοῖς
1229 1498 1592 1572 ποθουμένοις
1642 1501 1777 1573 (93),
1828 1498 1959 1554 ἐπει·

2096 1512 2572 1575 :ueram,quoque
2589 1519 2694 1558 nec
2716 1502 3021 1575 pulchrius
3043 1518 3147 1558 nec
3171 1502 3546 1575 praestantius
3568 1500 3736 1574 quid-

323 1589 389 1662 δή
422 1612 483 1667 γε
530 1591 667 1661 ἅπαξ
717 1585 1031 1661 ἑξεϐιάσθην
1086 1592 1221 1661 (94)·
1273 1586 1364 1643 ἅτε
1407 1588 1473 1658 δὴ
1528 1587 1783 1665 λαμπρᾶς
1830 1588 1963 1644 οὕτω

2097 1604 2263 1663 quam
2294 1590 2503 1661 habeo,
2534 1591 2691 1664 apud
2737 1608 2831 1647 me
2875 1591 3233 1648 continerem
3263 1607 3276 1647 :
3302 1590 3450 1647 nihil
3500 1606 3737 1646 rursum

320 1675 629 1754 λαϐόμενος
678 1679 1026 1748 ὑποθέσεως,
1080 1674 1170 1732 καὶ
1220 1680 1318 1732 τοῦ
1366 1676 1596 1756 φίλτρου
1642 1679 1741 1747 τήν
1792 1676 1960 1754 γλῶσ-

2099 1679 2348 1754 propius,
2380 1697 2554 1752 quam
2585 1685 2653 1737 ut
2682 1681 2950 1753 ejusdem
2994 1679 3263 1737 aculeum
3294 1678 3355 1735 in
3387 1695 3488 1736 vos
3520 1679 3739 1735 amicos

324 1786 418 1823 σαν
448 1770 739 1843 θήγοντος,
789 1768 817 1821 ὃ
864 1764 929 1835 δὴ
980 1767 1312 1843 θερμότατον
1371 1765 1451 1828 είς
1497 1765 1830 1843 κατηγορίαν
1887 1781 1964 1821 κα·

2098 1770 2519 1841 meos,quando
2541 1769 2685 1825 mihi
2707 1770 2885 1826 semel
2905 1769 2991 1826 vis
3013 1769 3192 1826 allata
3219 1775 3327 1838 est,
3354 1770 3699 1842 stringerem
3725 1786 3738 1823 :

317 1857 741 1932 εὐπορώτατον,
792 1857 918 1911 ὃταν
992 1856 1218 1931 γενηται
1279 1853 1468 1926 ζῆλος,
1529 1853 1709 1926 λύπην
1768 1854 1828 1911 ἐκ
1874 1861 1957 1926 τῆ(

2101 1858 2212 1914 tam
2242 1856 2606 1915 luculentum
2640 1858 2862 1915 scilicet
2890 1859 3172 1915 orationis
3194 1863 3608 1931 argumentum
3643 1874 3741 1913 na-

324 1944 623 2023 ὖπεροψίᾱς
652 1940 980 2020 προσλαϐὼν
1015 1946 1128 2019 (95)
1158 1942 1594 2018 ἀπροσδόκητον.
1621 1942 1695 2001 Ei’
1714 1966 1799 2008 τις
1823 1945 1964 2019 ὑμῶν

2099 1949 2235 2020 stus,
2260 1963 2327 2005 ac
2358 1948 2536 2004 simul
2569 1965 2766 2004 amore
2796 1948 3060 2022 linguam
3095 1948 3480 2020 acuente,qui
3503 1946 3739 2019 quidem

321 2033 523 2111 οἴστρῳ
571 2032 811 2109 πληγεὶς
863 2034 1179 2111 ὑπερώφθη,
1234 2033 1483 2110 γνωρίζει
1539 2034 1603 2089 τὸ
1644 2033 1836 2104 πάθος,
1880 2033 1961 2089 καῖ

2097 2035 2155 2092 ιᾶ
2196 2038 2593 2092 accusandum
2639 2038 2963 2094 acerrimus
3014 2035 3578 2110 capiosissimusque
3628 2041 3737 2103 est,

323 2125 687 2201 συγγνώσεται
731 2126 892 2178 τοῦτο
939 2125 1192 2194 παθοῦσι,
1238 2122 1328 2177 καὶ
1372 2121 1574 2193 ταύτης
1620 2122 1781 2198 ἐγγὺς
1811 2142 1963 2199 γενο-

2100 2140 2214 2182 sum
2248 2126 2320 2182 ob
2350 2142 2658 2183 maerorem
2690 2143 2758 2183 ex
2790 2127 3098 2199 inopinato
3130 2129 3469 2198 contemptu
3501 2141 3740 2197 suscep-

326 2212 510 2287 μένοις
539 2214 651 2287 (96)
681 2216 782 2281 τῆς
815 2210 1090 2273 ἀπονοίας.

2097 2228 2205 2270 :um
2230 2215 2290 2270 in
2312 2213 2656 2287 zelotypiam
2679 2216 2979 2272 exarserit.
2997 2215 3057 2272 Si
3081 2213 3213 2287 quis
3234 2220 3496 2272 vestrum
3522 2213 3737 2269 amoris

324 2308 498 2360 castro
528 2302 785 2376 percitus
815 2317 877 2357 se
907 2301 1239 2374 neglectum
1273 2302 1475 2372 sensit,
1508 2300 1557 2358 is
1589 2300 1870 2359 nimirum
1902 2300 2021 2358 vim
2050 2302 2231 2375 hujus
2282 2303 2523 2361 affectus
2553 2303 2849 2377 intelligit,
2884 2320 2950 2361 ac
2980 2305 3223 2377 proinde
3268 2303 3437 2359 nobis
3467 2303 3575 2359 hoc
3605 2317 3740 2375 pas-

325 2395 429 2461 sis,
463 2396 642 2464 atque
673 2391 733 2447 in
765 2392 917 2447 hanc
949 2390 1270 2447 amentiam
1304 2392 1420 2446 fere
1452 2391 1743 2464 prolapsis
1775 2392 2059 2465 ignoscet.

404 2480 464 2550 ζ’.
510 2478 666 2537 Ἀλλ’
714 2478 840 2553 ἐμοὶ
894 2479 989 2551 μὲν
1051 2499 1173 2533 ουτε
1220 2482 1313 2533 νῦν
1372 2474 1593 2552 θεμιτόν
1639 2479 1780 2534 ἐστιν
1831 2479 1983 2553 ὑμῶν

2171 2482 2257 2539 VI.
2291 2480 2504 2539 Verum
2536 2499 2641 2539 nec
2671 2498 2764 2539 me
2794 2484 2904 2539 hoc
2933 2488 3194 2556 tempore
3225 2481 3549 2555 quidquam
3584 2494 3746 2553 aspe-

336 2586 389 2626 τι
420 2569 777 2642 καθάψασθαι,
825 2569 952 2642 μήτ’
999 2566 1200 2623 ἄλλοτε
1248 2567 1481 2643 γένοιτο.
1518 2569 1616 2623 Καὶ
1663 2572 1829 2623 ταῦτα
1853 2567 1976 2624 ’ίσωι

2109 2569 2222 2626 rius
2254 2571 2312 2625 in
2342 2585 2444 2626 vos
2476 2570 2666 2626 dicere
2711 2573 2796 2627 fas
2830 2578 2939 2643 est,
2973 2588 3078 2628 nec
3120 2572 3266 2628 alias
3300 2587 3561 2643 unquam
3595 2569 3749 2625 acci-

347 2658 478 2735 ὁπὲρ
524 2658 586 2712 τὸ
645 2657 861 2733 μὲτριον
912 2659 1023 2730 (97)
1071 2655 1443 2731 καθηψάμην,
1501 2663 1600 2726 τῆς
1660 2657 1807 2732 ἱερᾶς
1864 2655 1987 2713 ποί-

2112 2658 2199 2715 iat
2225 2657 2416 2716 velim.
2441 2664 2631 2733 Atque
2661 2661 2836 2716 etiam
2869 2661 3002 2732 plus
3032 2677 3198 2733 aequo
3237 2661 3490 2715 fortasse
3510 2675 3611 2714 vos
3643 2656 3752 2713 hac

352 2769 491 2821 μνης
529 2749 662 2821 (98),
712 2751 821 2800 τῶν
870 2744 1157 2801 ἐπαινετῶν
1201 2748 1443 2822 Χριστοῦ
1494 2745 1843 2823 θρεμμάτων,
1889 2752 1989 2817 τῆς

2111 2748 2359 2804 aratione
2402 2749 2871 2821 perstrinximus,
2904 2766 3026 2816 vos,
3060 2750 3328 2820 inquam,
3360 2764 3593 2804 sacrum
3624 2763 3751 2820 gre-

350 2836 492 2899 θείας
520 2834 913 2910 κληρονομίας,
965 2833 1033 2890 δι’
1071 2836 1133 2904 ἦν
1178 2838 1292 2907 (99)
1340 2835 1609 2899 πλούσιος
1660 2836 1722 2891 σὺ
1754 2839 1851 2911 (1),
1894 2835 1989 2891 κᾶν

2109 2852 2254 2909 gem,
2284 2837 2592 2909 praeclaras
2614 2838 2829 2893 Christi
2860 2854 3016 2907 oves,
3045 2836 3303 2893 divinam
3330 2836 3749 2902 haereditatem,

350 2924 417 2994 ἧς
449 2922 637 2992 πένης.
694 2922 919 2977 Κάκεῖνά
968 2942 1053 2977 σοι
1101 2923 1324 2998 πρέπειν
1370 2926 1624 2998 ἡγοῦμαι
1654 2924 1722 2979 τὰ
1754 2924 1990 3000 ῥήματα·

2112 2930 2341 2998 propter
2390 2942 2567 2998 quam
2626 2926 2898 2998 copiosus
2956 2943 3018 2983 es
3075 2930 3133 2981 et
3188 2924 3472 2996 locuples,
3505 2942 3536 2981 ο
3570 2924 3752 2989 Pater,

360 3010 587 3085 Σχοινία
641 3011 859 3066 ὲπὲπεσὲ
916 3013 992 3086 (2)
1051 3031 1135 3066 σοι
1202 3011 1253 3067 ἐν
1311 3018 1427 3074 τοῖς
1492 3011 1847 3089 κρατίστοιςο
1904 3014 1994 3069 καὶ

2117 3013 2336 3071 tametsi
2383 3014 2601 3087 alioqui
2633 3014 2843 3089 Opibus
2874 3031 3092 3071 careas.
3127 3016 3203 3069 Ac
3236 3014 3412 3071 verba
3459 3014 3562 3069 illa
3608 3013 3757 3069 Scri-

356 3098 458 3175 γάρ
508 3099 542 3166 ἡ
594 3095 935 3174 κληρονομία
994 3121 1088 3154 σου
1145 3100 1402 3177 κρατίστη
1462 3101 1548 3156 σοί
1598 3100 1729 3157 ἐστι·
1788 3098 1876 3157 καὶ
1935 3102 1995 3157 ού

2118 3108 2289 3177 pturaa
2315 3102 2423 3159 tibi
2452 3102 2758 3161 convenire
2788 3104 3043 3160 arbitror
3074 3120 3086 3159 :
3120 3105 3295 3159 Funcs
3315 3103 3629 3159 ceciderunt
3658 3100 3758 3156 tibi

354 3189 589 3264 παρήσω
636 3191 756 3250 ταῖς
803 3188 1224 3265 ἀριθμουμέναις
1279 3195 1385 3244 τῶν
1432 3189 1670 3264 πόλεων,
1719 3188 1844 3246 οὐδὲ
1887 3195 1994 3246 τῶν

2122 3194 2169 3247 in
2221 3195 2511 3263 praeclaris
2545 3216 2562 3251 .-
2601 3195 2805 3249 etenim
2857 3194 3154 3251 hair-editas
3212 3201 3310 3249 tua
3362 3193 3638 3264 precium
3685 3195 3762 3246 est

361 3277 639 3350 ποιμνίων
670 3281 784 3339 τοῖς
810 3276 1173 3341 πλατυτάτοις
1206 3276 1352 3354 ἔχειν
1400 3301 1453 3334 τι
1501 3280 1667 3335 πλέον
1702 3282 1861 3355 ἡμῶν
1892 3286 1999 3336 τῶν

2120 3283 2218 3338 tibi
2240 3282 2302 3336 ³⁸.
2326 3281 2440 3338 Nec
2462 3298 2596 3338 vero
2619 3283 2957 3349 concedam,
2981 3286 3047 3337 ut
3073 3278 3453 3355 amplissimae
3476 3280 3760 3337 civitates.

368 3365 568 3442 ὀλίγων
603 3374 703 3436 τῆς
748 3366 1043 3443 ἐλαχίστης
1095 3366 1273 3446 φυλῆς
1319 3367 1371 3423 ἐν
1420 3369 1564 3432 υἱοῖς
1607 3369 1849 3446 Ἰσραὴλ,
1895 3373 2000 3426 τῶν

2123 3386 2433 3445 gregesque
2463 3369 2757 3443 latissimi,
2790 3372 2959 3429 nobis
2990 3370 3110 3427 ulla
3142 3371 3202 3426 in
3255 3387 3315 3426 re
3364 3371 3763 3443 praaferantur,

360 3454 665 3531 ὀλιγοστῶν
715 3455 764 3510 ἐν
815 3456 1058 3532 χιλιάσιν
1111 3454 1311 3526 Ἰούδα,
1356 3463 1457 3527 τῆς
1512 3465 1706 3533 μικρᾶς
1750 3456 2000 3533 Βηθλεὲμ

2128 3459 2213 3532 qui
2241 3460 2445 3533 exiguo
2473 3477 2713 3516 numero
2745 3477 2974 3527 sumus,
3000 3460 3098 3532 qui
3125 3459 3381 3515 minimae
3404 3459 3591 3514 tribus
3617 3459 3768 3514 inter

358 3543 411 3598 ἐν
459 3544 706 3613 πόλεσιν,
759 3544 810 3598 ἐν
859 3544 895 3619 ᾖ
938 3544 1175 3621 Χριστὸς
1222 3552 1493 3622 γεννᾶται,
1540 3553 1631 3601 νῦν
1678 3568 1735 3602 τε
1782 3548 1869 3603 καὶ
1917 3547 1998 3602 ἀπ²

2128 3548 2269 3605 filios
2299 3549 2496 3619 Israel,
2523 3550 2622 3621 qui
2650 3549 2992 3621 paucissimi
3024 3549 3083 3604 in
3116 3549 3378 3604 millibus
3409 3548 3565 3603 Juda
3588 3549 3650 3618 ιθ,
3669 3547 3768 3619 qui

366 3636 543 3710 ἀρχῆς
572 3632 760 3695 καλῶς
810 3636 897 3689 καὶ
939 3636 1337 3711 γινωσκόμενος
1382 3635 1472 3691 καὶ
1522 3632 1834 3710 σεϐόμενοσ’
1883 3638 2006 3713 παρ’

2125 3638 2457 3694 Bethlebem
2502 3655 2688 3709 parvae
2722 3638 2998 3703 civitatis,
3023 3638 3080 3694 in
3114 3656 3232 3710 qua
3277 3638 3545 3694 Christus
3576 3636 3765 3692 nasci-

364 3723 445 3783 οῖς
496 3724 683 3797 Πατὴρ
726 3723 997 3796 ὑψοῦται,
1050 3726 1138 3778 καὶ
1180 3725 1300 3786 Υἱὸς
1350 3724 1604 3796 ἰσάζεται,
1655 3724 1745 3780 καὶ
1796 3730 2004 3799 Πνεῦμα

2129 3730 2219 3784 tur
2235 3728 2301 3795 ²⁰,
2326 3734 2616 3799 recteque,
2640 3733 2698 3783 et
2729 3744 2905 3795 nunc,
2926 3733 2983 3783 et
3012 3746 3044 3783 a
3076 3727 3360 3799 principio
3396 3725 3769 3799 cognoscitur

366 3812 515 3887 ἅγιον
571 3808 968 3881 συνδοξάζεται·
1026 3812 1360 3888 συμψύχοις,
1389 3815 1453 3868 τὸ
1499 3814 1554 3867 ἓν
1586 3819 1864 3891 φρονοῦσι,
1902 3836 2006 3887 μη-

2130 3820 2179 3873 et
2209 3815 2458 3873 colitur:
2486 3818 2581 3871 71
2622 3818 2777 3889 apud
2799 3834 2945 3887 quos
2968 3817 3136 3872 Pater
3157 3815 3474 3883 extollitur,
3501 3818 3557 3869 et
3589 3812 3770 3870 Filius

367 3895 455 3953 δὶν
504 3903 604 3969 τῆς
652 3897 880 3976 Τριάδος
935 3900 1358 3975 ζημιουμένοις,
1420 3901 1458 3971 ἢ
1518 3901 1917 3978 ὑπερτιθεῖσιν,
1974 3904 2007 3972 ἣ

2133 3905 2362 3977 aequalis
2394 3905 2764 3978 praedicatur,
2795 3909 2851 3961 et
2885 3904 3140 3977 Spiritus
3170 3908 3412 3959 sanctus
3445 3902 3773 3976 conglorifi-

367 3986 763 4062 ἀποτέμνουσιν
795 4008 808 4021 ·
861 3989 934 4051 ὡς
984 3989 1036 4043 οἱ
1084 3990 1238 4044 κακοὶ
1284 3989 1557 4061 διαιτηταὶ
1614 3993 1704 4046 καὶ
1752 3991 2007 4068 μετρηταῖ

2134 4002 2287 4051 3alur
2320 4011 2332 4049 :
2367 3993 2466 4065 qui
2518 4010 2635 4050 uno
2693 3995 3015 4066 eodemque
3075 3992 3269 4049 animo
3324 4010 3557 4059 sumus,
3589 4008 3774 4047 unum

366 4079 443 4149 (3)
488 4079 585 4145 τῆς
638 4076 919 4149 θεότητος,
976 4074 1045 4132 δι’
1077 4079 1149 4132 ὧν
1177 4075 1232 4133 ἓν
1280 4099 1333 4133 τι
1372 4078 1565 4153 πλέον,
1592 4081 1626 4148 ἢ
1655 4078 1840 4143 καλῶς
1875 4078 2006 4155 ἔχει,

2138 4082 2399 4155 idemque
2421 4080 2790 4151 sentimus“,
2815 4097 2920 4138 nec
2943 4080 3239 4153 ullam,vel
3264 4080 3778 4153 prmponendo,vel

366 4163 733 4239 σεμνύνουσι,
794 4167 857 4221 τὸ
913 4171 1018 4221 πᾶν
1096 4165 1443 4230 ἐλαττοῦντες
1497 4167 1587 4223 καὶ
1646 4164 2006 4245 καθυϐρίζον-

2143 4171 2547 4235 ibscindendo,
2563 4169 2867 4227 Trinitatis
2880 4171 2906 4242 j
2914 4174 3175 4227 acturam
3198 4170 3446 4226 facimus
3467 4189 3479 4226 :
3505 4169 3783 4242 quemad-

370 4275 476 4318 τες·
2130 4261 2373 4317 modum
2403 4258 2575 4316 malis
2607 4260 2929 4316 divinitatis
2974 4259 3213 4316 arbitris
3243 4276 3312 4316 ac
3347 4256 3784 4315 dimensoribus

445 4371 655 4497 “2Luc.
685 4388 801 4441 xxv,
836 4373 905 4427 18
930 4389 1061 4444 sqq.
1140 4374 1183 4408 ¹⁸
1217 4372 1362 4429 Psal.
1395 4390 1487 4441 xv,
1519 4375 1573 4430 6.
1654 4374 1696 4410 ¹⁹
1728 4374 1750 4430 Ι
1782 4376 1916 4448 ΒΘΗ·
1952 4392 2018 4445 ῙΧε

378 4460 440 4497 n.
514 4484 525 4496 .

2148 4420 2162 4432 .
2240 4377 2286 4412 ²⁰
2315 4375 2487 4432 Micb.
2538 4392 2595 4443 v,
2645 4377 2709 4444 2;
2762 4374 2966 4431 Matth.
3020 4393 3082 4443 II,
3136 4376 3161 4430 1
3214 4392 3378 4447 seqq.
3457 4374 3500 4409 ²¹
3535 4371 3785 4446 Philipp.

426 4482 525 4509 ,...

456 4556 568 4627 (89)
606 4556 1022 4633 Ie~watétatov._
1050 4581 1079 4609 «
1131 4560 1387 4633 Summae
1444 4559 1828 4633 ingenuitatis
1888 4562 2032 4618 faci-
2065 4570 2111 4633 D

2239 4562 2331 4632 95)
2361 4554 2720 4634 ῌροσλαϐών·
2758 4561 2913 4634 Pass.
2953 4556 3159 4615 λαϐών·

385 4643 519 4706 n_us.
544 4648 581 4706 ξ),
606 4627 835 4706 Dictum
876 4631 1117 4706 ironice,
1146 4631 1307 4706 velut
1354 4627 1558 4688 fraud'e
1606 4633 1803 4705 potius
1854 4650 2025 4704 quam

1928 4650 2031 4690 am
2066 4627 2104 4633 ”
2359 4627 2549 4706 Ἐξίγὺς
2578 4633 2912 4706 γενομένοις.
2955 4657 2974 4681 α
3011 4632 3256 4706 Propius
3286 4631 3514 4688 delatis.
3542 4653 3568 4681 ››

385 4698 655 4776 simplici.
673 4702 865 4776 animo
900 4702 1291 4776 invitaverint.
1342 4774 1351 4776 _
1609 4698 1625 4705 ⁷
1869 4698 1889 4704 ’

1869 4698 1889 4704 ⁵
2213 4698 2325 4776 (97)
2357 4698 2610 4776 Μέ’τ’ριον’.
2643 4698 2903 4767 Quatuor
2929 4704 3093 4760 Colb.
3124 4698 3343 4776 μέτρον.

457 4712 639 4769 Πριιοι
673 4718 865 4756 animo
900 4712 1291 4759 mutaverint.

457 4770 565 4848 (90)
598 4770 977 4848 To_vzdivr,_1:0v.
1007 4774 1102 4829 Sic
1132 4774 1569 4848 melioris_notaa
1599 4776 1846 4845 codices,
1871 4776 2035 4848 quin-

2212 4712 2325 4848 (97)
2357 4712 2610 4776 Μετριον.
2643 4712 2903 4767 Quatuor
2929 4712 3093 4760 Uolb.
3127 4712 3344 4829 μὲτὲον.
3679 4772 3691 4784 ι

2235 4776 2326 4848 98)
2365 4774 2629 4846 Ποίμνης.
2666 4776 2937 4831 Subdunt
2967 4776 3117 4848 Gab.
3135 4780 3192 4831 et
3247 4775 3412 4848 omb.
3438 4773 3594 4848 quod
3617 4777 3793 4848 etiam

387 4856 499 4921 qpe
531 4843 713 4921 Regii,
748 4845 911 4901 Colb.
934 4851 1215 4921 quatuor.
1251 4852 1358 4921 etc:
1395 4846 1698 4921 Pauciores
1737 4842 2027 4902 cum-Par.

2155 4842 2416 4921 pluribus
2450 4842 2590 4921 mss.
2627 4849 3053 4921 confirmaturi:
3086 4843 3208 4900 ὅσον
3244 4844 3353 4921 ἐπὶ-
3376 4842 3473 4916 τῷ
3505 4842 3661 4921 πόθῳ
3699 4846 3795 4897 τοῦ

385 4915 492 4967 τῶν
525 4917 852 4993 γεωνήτων.
878 4938 906 4965 (ι
934 4915 1060 4993 Neu
1101 4934 1259 4989 61⁵80,
1290 4940 1310 4967 ι
1341 4918 1536 4993 inquit
1582 4919 1828 4993 Sancyg'
1854 4940 1882 4993 (ξ
1916 4924 2025 4974 tam

2157 4915 2333 4972 ἶιοινοῦ
2362 4917 2592 4993 πατρόςἶ
2613 4939 2641 4969 ‹‹
2666 4920 2910 4993 Gregem
2933 4920 3028 4992 (ad
3061 4917 3389 4993 communis
3423 4915 3608 4989 patris
3636 4932 3797 4973 amo-

389 4985 652 5062 q_u_od_se
698 4989 1083 5062 deseruerint,
1116 4985 1295 5062 quam
1320 5061 1328 5062 ί
1352 4985 1507 5060 quod
1546 4991 1634 5062 ad
1696 4985 1804 5062 res
1852 4991 2039 5046 ﬂuxas
2150 5008 2272 5047 rem
2305 4985 2725 5062 quod'attinet)
2754 4985 3022 5062 laudatas
3054 4985 3452 5062 Christigoves'.

389 5057 642 5134 abierint
670 5059 1097 5134 cupiditatibus
1123 5057 1251 5134 suis
1282 5057 1580 5134 abstracti,
1612 5061 1826 5134 arguit.
1854 5082 1884 5111 »

1708 5061 1826 5134 mit.
1854 5082 1884 5111 υ
2370 5062 2449 5134 Af
2478 5062 2563 5134 ἣν.
2597 5057 2733 5134 Reg.
2767 5064 2819 5130 1,
2852 5061 3012 5118 Colb.
3047 5077 3128 5130 m,
3161 5057 3229 5114 δι’
3259 5060 3348 5128 ἧς.

461 5065 642 5113 ierint
670 5065 1097 5132 cupiditatibus
1126 5065 1251 5116 suis
1282 5065 1580 5130 abstracti,
1612 5065 1826 5133 arguit.
1854 5082 1884 5111 »

461 5129 711 5255 (ἐξ)Τοῦ
757 5133 1068 5207 νυμφῶνος.
1120 5133 1295 5189 Deest
1349 5133 1409 5187 in
1464 5138 1690 5205 septem
1750 5132 1927 5205 Regg.
1989 5136 2045 5188 et

2243 5065 2339 5133 99)
2370 5065 2449 5115 Δι’
2478 5065 2563 5130 ἣν.
2597 5065 2733 5134 Reg.
2767 5065 2819 5130 1,
2852 5065 3012 5118 Colb.
3047 5077 3128 5130 m,
3161 5065 3229 5114 δι’
3259 5065 3349 5128 ἧς.

2224 5065 2300 5257 ξ)
2340 5130 2612 5193 Πλούσιος
2670 5131 2754 5202 σύ,
2807 5138 2914 5189 etc.
2972 5134 3115 5206 Reg.
3167 5150 3230 5199 II,
3280 5134 3340 5188 in
3401 5146 3588 5204 marg.
3643 5131 3804 5211 τοῦτο

2164 5222 2227 5257 πο
2268 5222 2293 5257 ς
2337 5205 2429 5257 τὸν
2480 5202 2683 5257 πατὲοα
2732 5203 2887 5257 tondi.
2920 5209 3030 5257 etc.
3066 5226 3095 5255 «
3149 5204 3248 5257 His
3297 5207 3520 5257 matrem
3567 5200 3804 5257 alloum-

392 5199 661 5280 Pa.§=;_._
1046 5275 1083 5280 _
1243 5274 1432 5280 __-
1530 5199 1549 5205 ’
1838 5199 2001 5280 ’.⁷-

2171 5199 2293 5278 πρὸς
2337 5205 2429 5259 τὸν
2480 5202 2683 5280 πατὲρα
2732 5199 2887 5279 φησί,
2920 5209 3030 5261 etc.
3058 5199 3095 5255 ἦ
3149 5204 3248 5261 [iis
3297 5199 3811 5277 patrem'alloqui-

484 5269 1004 5348 92)]Ενεπλήσθην.
1046 5275 1187 5347 Reg.
1233 5276 1286 5345 1,
1336 5274 1457 5331 Col.
1510 5277 1563 5348 1,
1616 5291 1698 5342 m,
1746 5279 1804 5331 et
1845 5275 2044 5332 Camb.
2156 5269 2274 5333 tur.
2302 5298 2330 5327 »

392 5337 703 5420 ἐπλήσθην.
829 5337 880 5420 ’Δ
937 5337 1023 5420 ἰ
1131 5337 1165 5347 ν
1271 5337 1281 5345 ’
1353 5418 1383 5420 Η
1548 5337 1561 5348 ’
1679 5337 1692 5342 ’

2234 5348 2313 5420 (2)
2342 5342 2618 5420 Ἐπίπεσε.
2676 5348 2854 5420 Begg.
2908 5347 3189 5420 quinque,
3238 5346 3400 5420 Colb.
3451 5344 3589 5420 duo,
3620 5346 3716 5400 Or.
3761 5343 3814 5420 1_,

612 5420 738 5494 Τοῖς
786 5416 1163 5494 ποθουμένοις.
1202 5418 1483 5494 «(Quibus
1534 5436 1649 5494 prae
1694 5432 1897 5494 amore
1944 5434 2049 5474 cu-

2174 5412 2323 5476 Pass.
2361 5415 2636 5494 ἐπέπεσον.
2674 5412 2899 5492 Ηθέῖ1,
2925 5412 3190 5473 ἶπὲπὶσόν
3231 5436 3313 5472 σοι
3365 5415 3416 5470 ἐν
3464 5418 3583 5477 τοῖς
3631 5412 3814 5491 κρατί-

399 5487 630 5564 piebam
670 5489 897 5545 adesse.
929 5487 1113 5545 n'Non
1164 5491 1309 5546 satis
1356 5487 1647 5562 expressit
1694 5490 1902 5547 Billius
1951 5507 2039 5564 pei

1228 5491 1309 5546 tis
1356 5487 1647 5562 expressit
1694 5490 1902 5547 Billius
1951 5507 2054 5564 per
2162 5509 2308 5564 στοις
2338 5511 2454 5546 σου.
2482 5490 2712 5564 Tillem.
2753 5487 2868 5563 μοι.

400 5578 429 5607 α
463 5559 765 5637 micae-2
810 5630 820 5637 .
1024 5631 1055 5637 _
1097 5630 1134 5637 -_
1214 5631 1237 5637 _
1301 5626 1356 5637 ,η
1951 5559 1971 5564 “

1951 5559 1971 5564 ’
2236 5563 2313 5636 (3)
2341 5561 2638 5637 Μετρηταί.
2674 5559 2808 5637 Reg.
2843 5581 2892 5636 r,
2928 5560 3197 5637 μερισταί.

473 5629 585 5701 (94)
616 5624 985 5702 Ἐξεϐιάσθην.
1016 5630 1178 5689 Colb.
1210 5631 1266 5700 3,
1298 5626 1581 5703 ἐϐιάσθην.

687 5758 955 5821 Panos.
986 5760 1100 5821 Gn.
1142 5756 1386 5823 XXXV.
3461 5761 3534 5818 i7
