4152 6286
466 288 585 347 523

1705 287 1773 347 S.
1822 284 2196 346 GREGORII
2240 285 2632 347 THEOLOGI

3754 285 3874 344 524

464 435 576 475 usu
618 417 790 486 venit,
837 416 938 487 qui
988 417 1131 473 dum
1182 433 1367 474 unum
1414 416 1733 489 quoddam,
1766 417 2081 490 plusquam
2128 435 2235 490 par
2284 418 2380 488 sit,
2413 417 2711 489 attollunt,
2744 415 3084 472 universum
3127 414 3515 484 imminuunt,
3545 414 3879 487 injuriaque

464 508 749 564 afﬁciunt.

530 595 651 650 VII.
682 595 800 651 Vos
831 612 964 652 vero
989 595 1035 650 si
1061 595 1201 667 quid
1228 594 1373 650 mihi
1407 596 1724 668 gratiﬁcari
1745 600 1834 652 est
1857 595 2108 664 animus,

2299 597 2367 652 Z'.
2404 597 2584 669 Ὑμεῖς
2619 593 2694 664 δὲ,
2729 593 2783 649 εἷ’
2821 615 2871 649 τι
2906 593 3191 669 χαρίζεσθέ
3242 595 3317 666 (4)
3354 614 3469 665 μοι,
3517 593 3579 647 τὸ
3628 592 3757 666 ἐμὸν
3790 614 3878 668 γε·

459 701 560 739 vos
583 684 821 755 inquam
845 684 1206 756 agricultura
1227 701 1358 740 mea
1380 684 1631 754 9’,vinea
1654 702 1785 740 mea
1804 687 1870 752 93,
1896 685 2118 741 viscera

459 789 591 828 mea
612 773 678 841 2‘,
699 779 802 829 aut
832 773 1165 830 communis
1193 773 1385 845 potius
1412 773 1680 830 Parentis
1708 776 1885 845 hujus
1908 775 2114 845 nostri,

461 879 495 916 a
512 878 627 933 quo
649 879 750 934 per
770 861 1147 935 Evangelium
1173 862 1232 917 in
1247 862 1477 918 Christo
1503 863 1684 934 geniti
1709 864 1992 929 sumus”,
2009 880 2116 919 nos

461 951 701 1022 quidem
732 952 907 1006 etiam
938 952 1097 1023 ipsos
1129 952 1303 1007 colite
1335 958 1509 1023 atque
1530 953 1860 1013 observate:
1882 968 2115 1024 aequum

462 1044 552 1096 est
580 1040 759 1107 enim,
792 1056 925 1095 cum
957 1057 1059 1096 vos
1092 1040 1366 1095 omnibus
1416 1041 1591 1096 rebus
1634 1040 2067 1112 praetulerimus
2099 1057 2159 1103 ε,

461 1146 566 1184 vos
599 1133 778 1185 testes
809 1129 970 1198 estis,
994 1136 1050 1184 et
1083 1129 1183 1200 qui
1216 1128 1323 1183 hoc
1354 1129 1476 1185 sive
1504 1129 1816 1201 imperium
1861 1129 1982 1185 sive
2014 1129 2119 1183 mi-

466 1217 777 1274 nisterium
810 1218 942 1275 ﬁdei
973 1222 1187 1274 nostrae
1219 1218 1665 1274 commiserunt.
1697 1220 1787 1286 Et,
1820 1219 1867 1274 si
1917 1219 1968 1274 ei
2015 1218 2117 1290 qui

464 1307 594 1379 plus
621 1308 859 1375 amavit,
885 1306 1019 1380 plus
1040 1307 1288 1363 debetur
1313 1308 1378 1375 95,
1404 1324 1664 1378 quanam
1688 1324 1965 1363 mensura
1983 1306 2118 1362 cha-

462 1397 697 1453 ritatem
722 1413 850 1452 eam
877 1396 1231 1467 metiar,qua
1252 1413 1352 1452 vos
1384 1396 1530 1451 mihi
1560 1396 1816 1452 Charitas
1839 1413 1968 1451 mea
1986 1402 2115 1451 tan-

461 1503 640 1557 quam
672 1502 783 1541 aare
812 1485 1003 1541 alieno
1040 1484 1338 1540 devinxit?
1368 1484 1490 1541 Imo
1520 1485 1956 1557 vobismetipsis
1987 1501 2115 1540 ma-

461 1575 575 1648 gis,
608 1575 1058 1644 commisszeque
1105 1574 1369 1646 imagini,
1395 1579 1451 1629 et
1480 1575 1531 1629 ei
1563 1575 1663 1646 qui
1713 1574 2027 1644 commisit,
2058 1580 2116 1630 et

461 1664 678 1720 Christi
727 1663 1125 1735 passionibus,
1158 1667 1215 1717 et
1245 1663 1368 1734 spei
1415 1663 1543 1718 vitae
1594 1663 1801 1718 futuras
1832 1664 2113 1719 honorem

462 1753 750 1809 habeatis.
794 1752 857 1806 Id
907 1768 1078 1823 porro
1138 1751 1546 1822 assequimini,
1599 1751 1649 1807 si
1696 1768 1822 1807 eam
1876 1753 2113 1824 quidem

462 1840 639 1896 ﬁdem
670 1840 939 1907 teneatis,
966 1856 1141 1911 quam
1190 1840 1516 1911 accepistis,
1545 1846 1602 1896 et
1629 1840 1688 1895 in
1723 1858 1838 1912 qua
1882 1841 2111 1897 educati

2227 684 2453 759 ώργιον,
2486 686 2519 753 ἣ
2545 682 2793 757 ἄμπελος
2824 686 2858 752 ἡ
2893 682 3023 756 ἐμὴ,
3055 683 3123 737 τὰ
3166 680 3272 754 ἐμὰ
3321 680 3632 757 σπλάγχνα,
3670 679 3881 753 μᾶλλον

2227 770 2284 827 δὲ
2312 778 2409 827 τοῦ
2438 777 2623 828 κοινοῦ
2646 772 2855 846 Πατρὸς
2878 771 3162 844 ἡμῶν,οὖς
3190 772 3267 843 (5)
3294 770 3452 832 οὗτος
3473 768 3523 824 ἐν
3549 774 3767 845 Χριστῷ
3794 767 3881 824 διὰ

2223 866 2320 916 τοῦ
2352 860 2685 938 Εύαγγελίου
2736 860 3027 937 ἐγέννησεν,
3082 857 3317 923 αἰδεῖσθε
3363 861 3438 931 (6)
3476 859 3568 930 μὲν
3612 859 3700 913 καὶ
3731 862 3879 931 ἡμᾶς

2227 946 2433 1003 δίκαιον
2465 950 2590 1025 γὰρ,
2643 948 2697 1004 ο’ί
2740 948 2954 1004 πάντων
3008 949 3148 1022 ὑμᾶς
3198 949 3665 1022 προετιμήσαμενο
3720 949 3876 1021 ὑμεῖς

2230 1038 2516 1113 μάρτυρες,
2562 1038 2651 1093 καὶ
2685 1039 2736 1093 οἳ
2784 1037 2985 1107 ταύτην
3034 1040 3166 1110 ἡμῖν
3212 1036 3607 1112 ἐγχειρίσαντες
3639 1038 3737 1105 τὴν
3773 1035 3877 1091 εἶτε

2222 1124 2661 1201 ἡγεμονίανβῖίτε
2693 1125 2984 1181 διακονίανο
3020 1125 3109 1180 καὶ
3143 1126 3190 1180 εἴ
3212 1130 3291 1197 τῷ
3322 1124 3514 1180 πλεῖον
3549 1127 3624 1198 (7)
3660 1126 3875 1199 ἀγαπή-

2225 1237 2373 1270 σαντι
2396 1215 2561 1272 πλέον
2591 1216 2863 1293 ὀφείλεται
2889 1217 3113 1289 (8),πῶς
3142 1216 3396 1290 μετρήσω
3425 1215 3524 1283 τὴν
3549 1215 3783 1289 ἀγάπην,
3808 1217 3875 1282 ἧς

2227 1304 2531 1379 ὑποχρέους
2566 1307 2643 1379 (9)
2678 1305 2816 1378 ὑμᾶς
2847 1302 2937 1358 διὰ
2956 1311 3057 1373 τῆς
3082 1302 3220 1376 ἐμῆς
3246 1297 3438 1358 ἔλαϐον
3468 1322 3480 1372 ;
3509 1300 3743 1357 αἰδεῖσθε
3766 1305 3876 1376 (10)

2226 1390 2283 1447 δὲ
2313 1392 2478 1449 πλέον
2531 1393 2667 1465 ὑμᾶς
2702 1392 2916 1461 αὐτοὺς,
2967 1393 3058 1447 καὶ
3102 1392 3201 1460 τὴν
3253 1392 3625 1445 πιστευθεῖσαν
3673 1390 3878 1460 εἰκόνα,

2222 1481 2310 1536 καὶ
2340 1481 2432 1535 τὸν
2483 1480 2855 1542 πιστεύσαντα,
2901 1478 2990 1534 καί
3038 1480 3105 1534 τὰ
3151 1483 3384 1553 Χριστοῦ
3427 1478 3595 1549 πάθη,
3645 1479 3735 1533 καὶ
3785 1479 3879 1541 τὰς

2223 1570 2421 1625 ἐκεῖθεν
2456 1567 2700 1643 ἐλπίδας,
2733 1570 2909 1624 πίστιν
2936 1571 3047 1643 (11)
3084 1568 3176 1642 μὲν
3198 1565 3420 1643 ἔχοντες
3450 1569 3509 1636 ἣν
3543 1566 3881 1646 παρειλήφα-

2220 1680 2298 1728 τε,
2332 1660 2421 1713 καὶ
2517 1660 2903 1737 συνετράφητε,
2932 1659 3046 1732 μεθ’
3068 1658 3133 1727 ἦς
3156 1658 3246 1712 καὶ
3286 1658 3539 1729 σώζεσθε,
3574 1657 3664 1711 καὶ
3686 1658 3876 1726 σώζειν

2223 1748 2429 1810 ἄλλους
2460 1747 2788 1803 πιστεύεσθε·
2833 1748 2893 1802 οὐ
2944 1747 3047 1823 γὰρ
3096 1743 3347 1819 πολλῶν,
3381 1744 3437 1800 εὖ
3487 1742 3619 1817 ἴστε,
3651 1746 3714 1800 τὸ
3749 1744 3878 1818 ὑμέ-

2218 1859 2372 1913 τερον
2422 1836 2707 1913 καύχημα.
2757 1839 2829 1891 Τὸ
2881 1834 2939 1890 δὲ
2987 1831 3197 1897 εὐσεϐὲς
3255 1836 3329 1908 μὴ
3380 1834 3432 1888 ἐν
3478 1839 3557 1906 τῷ
3604 1832 3877 1897 πολλάκις

463 1930 629 1997 estis,
663 1933 719 1984 et
749 1946 879 1983 cum
913 1945 1029 2000 qua
1060 1945 1176 1983 non
1222 1929 1392 1984 modo
1444 1929 1554 2000 ipsi
1586 1930 1821 1997 servari,
1847 1931 1947 1985 sed
1982 1930 2108 1985 aliis

2220 1927 2343 2003 περὶ
2376 1931 2509 1981 Θεοῦ
2560 1924 2773 1995 λαλεῖν,
2824 1924 2951 1981 ἀλλ’
2995 1925 3045 1979 έν
3092 1930 3171 1996 τῷ
3216 1925 3284 1979 τὰ
3330 1924 3507 1979 πλείω
3559 1929 3707 1999 σιγᾷν
3744 1923 3878 1978 εἶναι

2278 2015 2326 2035 nl
2504 2033 2511 2035 Α
2602 2011 2672 2035 πλη
2779 2034 2784 2035 ,
2857 2014 2927 2035 ,\_
2988 2008 3039 2035 νη
3089 2023 3205 2035 ,-_r
3265 2012 3286 2035 λ
3323 2012 3564 2035 n_,l___1
3615 2012 3679 2035 ius
3724 2010 3873 2035 ﬁll”.

464 2019 639 2074 etiam
664 2016 914 2073 salutem
939 2018 1142 2073 afferre
1164 2017 1500 2086 credimini;
1524 2034 1650 2089 qua
1673 2019 1908 2090 quidem
1926 2024 2117 2076 vestra

462 2107 593 2162 laus
619 2105 961 2177 hujusmodi
982 2110 1092 2175 est,
1116 2111 1182 2161 ut
1205 2123 1321 2161 non
1345 2105 1512 2161 multi
1535 2123 1663 2162 eam
1686 2108 1798 2162 sibi
1824 2108 2115 2164 vindicare

461 2194 711 2268 possint.
736 2198 809 2249 At
832 2212 967 2250 vero
1000 2194 1271 2265 pietatem
1318 2212 1432 2249 non
1481 2195 1538 2249 in
1590 2195 1843 2251 multum
1874 2201 1931 2251 et
1962 2213 2115 2268 saepe

460 2286 532 2340 de
561 2284 675 2339 Deo
707 2283 1021 2356 loquendo,
1042 2284 1143 2340 sed
1191 2288 1255 2338 ut
1300 2282 1625 2354 plurimum
1657 2286 1925 2355 tacendo,
1959 2285 2114 2358 posi-

458 2378 583 2429 tam
605 2390 735 2429 esse
758 2373 1037 2444 judicetis
1056 2391 1070 2441 ;
1092 2371 1297 2444 lingua
1318 2373 1497 2439 enim,
1518 2372 1629 2429 nisi
1658 2374 1880 2430 ratione
1901 2376 2114 2446 guber-

462 2466 654 2528 netur,
680 2462 740 2516 in
772 2462 1003 2533 lapsum
1046 2461 1215 2517 facile
1246 2462 1517 2517 homines
1547 2462 1816 2534 impellit,
1849 2479 2114 2534 semper-

461 2565 575 2619 que
605 2549 803 2604 minus
842 2548 1238 2620 periculosum
1288 2564 1418 2605 esse
1468 2551 1690 2617 audire,
1725 2567 1901 2622 quam
1950 2551 2111 2622 loqui

462 2636 826 2702 existimetis,
852 2654 917 2693 ac
954 2637 1195 2708 proinde
1231 2637 1529 2694 lubentius
1559 2640 1631 2694 de
1665 2640 1774 2695 Deo
1807 2640 2111 2711 quidpiam

462 2724 722 2791 discetis,
747 2742 926 2798 quam
957 2727 1216 2782 doceatis
1242 2744 1253 2781 :
1292 2744 1512 2799 vosque
1541 2728 1624 2783 ita
1652 2728 2024 2800 comparetis,
2050 2733 2113 2784 ut

463 2816 748 2871 exactiore
778 2815 990 2870 harum
1023 2832 1218 2871 rerum
1240 2816 1669 2872 examinatione
1700 2817 2115 2889 dispensatori-

460 2903 573 2959 bus
597 2903 762 2961 Verbi
784 2903 1006 2971 relicta,
1032 2896 1296 2960 sermone
1326 2905 1664 2971 minimum,
1688 2907 1964 2978 operibus
1987 2923 2109 2962 ma-

453 2993 571 3065 jori
600 3010 666 3048 ex
705 2997 867 3066 parte
916 2993 1100 3049 Deum
1132 2993 1356 3061 colatis,
1383 2995 1689 3067 magisque
1722 2995 1865 3067 legis
1912 2997 2108 3051 obser-

459 3082 708 3147 vatione,
754 3099 931 3154 quam
981 3081 1333 3153 legislatoris
1381 3082 1552 3138 laude
1597 3090 1653 3138 et
1700 3085 2107 3156 praedicatione

2221 2015 2515 2087 τιθέμενοι·
2565 2011 2788 2089 γλῶσσα
2830 2014 2935 2087 γὰρ
2985 2008 3207 2075 ὅλισθος
3259 2012 3565 2086 ἀνθρώποις
3613 2012 3687 2084 μὴ
3724 2010 3878 2085 λόγῳ

2222 2098 2602 2177 κυϐερνωμένη
2642 2122 2653 2133 ·
2713 2103 2802 2157 καὶ
2856 2099 3262 2174 ἀκινδυνοτέραν
3334 2100 3502 2168 ἀκοὴν
3564 2099 3646 2153 ἀεὶ
3706 2097 3878 2173 λόγου

2222 2192 2560 2266 νομίζοντες,
2596 2190 2734 2246 ὥστε
2765 2194 2875 2265 (12)
2904 2212 2956 2245 τι
2994 2189 3272 2263 μανθάνειν
3324 2186 3502 2258 ἥδιον,
3535 2190 3568 2256 ἢ
3608 2186 3877 2242 διδάσκειν

2222 2282 2346 2355 περὶ
2405 2286 2558 2337 Θεοῦ·
2622 2284 2719 2350 τήν
2786 2281 2879 2352 μὲν
2938 2275 3318 2355 ἀκριϐεστέραν
3379 2276 3588 2332 τούτων
3648 2277 3879 2349 ἐξέτασιν

2222 2376 2337 2433 τοῖς
2371 2370 2688 2443 οἰκονόμοις
2730 2373 2827 2423 τοῦ
2877 2367 3046 2443 λόγου
3096 2371 3571 2444 παραχωροῦντες
3618 2365 3771 2419 αὐτοὶ
3823 2363 3881 2419 δὲ

2224 2458 2379 2533 λόγῳ
2416 2460 2509 2532 μὲν
2547 2454 2888 2519 εὐσεϐοῦντες
2920 2457 3082 2531 ὀλίγα
3114 2459 3246 2530 (13),
3271 2455 3412 2531 ἔργῳ
3447 2453 3504 2510 δὲ
3534 2453 3876 2522 πλείονα,καὶ

2220 2553 2288 2622 τῇ
2340 2550 2570 2623 τηρήσει
2622 2552 2729 2601 τῶν
2778 2547 2962 2619 νόμων
3018 2544 3229 2619 μαλλον
3446 2545 3735 2617 θαυμάζειν
3786 2544 3876 2597 τὸν

2221 2636 2526 2710 νομοθέτην
2559 2640 2669 2709 (14)
2700 2637 2761 2691 τὸ
2789 2635 2913 2709 περὶ
2943 2635 3100 2690 αὐτὸν
3151 2637 3260 2708 (15)
3312 2631 3541 2710 φίλτρον
3577 2630 3882 2688 ἐπιδεικνύ-

2225 2747 2398 2799 μενοι,
2460 2726 2743 2804 φεύγοντες
2790 2723 2977 2779 κακίαν
3018 2769 3031 2794 ,
3086 2721 3374 2785 διώκοντες
3433 2723 3668 2797 ἀρετὴν,
3718 2722 3879 2776 πνεύ-

2225 2836 2354 2887 ματι
2418 2818 2612 2884 ζῶντες
2668 2816 2802 2887 (16),
2860 2811 3127 2885 πνεύματι
3181 2814 3293 2885 (17)
3344 2815 3689 2885 στοιχοῦντες
3739 2812 3876 2883 (8),

2217 2903 2397 2975 τούτῳ
2445 2903 2543 2971 τὴν
2584 2907 2779 2977 γνῶσιν
2820 2899 3095 2969 ἕλκοντες,
3149 2897 3632 2971 ἐποικοδομοῦντες
3677 2902 3757 2969 τῷ
3786 2900 3871 2952 θε-

2225 2992 2399 3065 μελίῳ
2456 2995 2552 3060 τῆς
2611 2992 2865 3063 πίστεως,
2930 2991 3005 3062 μὴ
3066 2988 3224 3062 ξύλον
3280 2992 3410 3062 (19),
3468 2985 3608 3061 μηδέ
3646 2987 3869 3062 χόρτον,

2222 3078 2361 3152 μηδὲ
2391 3079 2669 3153 καλάμην,
2723 3078 2859 3149 ὕλην
2916 3081 3108 3147 ἀσθενῆ
3156 3080 3243 3133 καὶ
3295 3076 3493 3153 ῥᾳδίως
3545 3075 3868 3149 δαπανωμέ-

457 3175 717 3225 vestrum
774 3188 912 3243 erga
968 3187 1105 3227 eum
1162 3188 1421 3227 amorem
1461 3172 1788 3243 declaretis,
1825 3174 2105 3229 nimirum

2218 3192 2331 3241 νην,
2393 3169 2554 3238 ἡνίκα
2614 3169 2671 3223 ἂν
2720 3169 2849 3245 πυρὶ
2902 3168 3150 3244 κρίνηται
3199 3168 3267 3221 τὰ
3312 3166 3572 3239 ἡμέτερα,
3605 3168 3639 3235 ἢ
3683 3166 3866 3220 καθαί-

457 3258 597 3313 vitia
644 3258 956 3330 fugientes,
996 3260 1270 3315 virtutem
1321 3267 1746 3333 consectantes,
1779 3262 1990 3333 spiritu
2020 3262 2104 3316 vi-

2218 3278 2378 3334 ρηται
2408 3261 2535 3332 (20)·
2568 3256 2713 3312 ἀλλὰ
2742 3256 2972 3332 χρυσὸν,
3008 3255 3266 3332 ἄργυρον,
3301 3253 3491 3317 λίθους
3520 3254 3765 3329 τιμίους,
3808 3255 3873 3308 τὰ

455 3351 656 3403 ventes
677 3348 741 3417 ³⁷,
764 3348 1008 3419 spiritus
1047 3347 1308 3419 vestigiis
1361 3347 1774 3420 ingredientes,
1799 3366 1983 3422 eoque
2014 3367 2107 3406 co-

2225 3348 2454 3421 μένοντα
2482 3348 2570 3401 καὶ
2602 3345 2886 3418 ἱστάμενα.

456 3436 778 3508 gnitionem
830 3436 1192 3493 attrahentes
1213 3438 1257 3471 ²³
1293 3438 1672 3494 fundamento
1702 3440 1836 3494 ﬁdei
1882 3443 2377 3510 superstruentes,
2429 3454 2542 3492 non
2592 3436 2840 3509 lignum,
2897 3453 3010 3492 non
3059 3437 3283 3506 fenum,
3331 3452 3445 3491 non
3501 3435 3780 3507 stipulam
3808 3435 3874 3497 2°,

457 3523 639 3579 levem
672 3524 981 3579 materiam
1014 3523 1299 3595 facileque
1330 3528 1814 3593 consumendam,
1844 3543 1978 3582 cum
2009 3527 2265 3583 actiones
2298 3531 2509 3582 nostris
2542 3526 2671 3596 igne
2694 3525 3141 3597 judicabuntur,
3166 3530 3268 3580 aut
3296 3524 3737 3597 purgabuntur;
3772 3523 3870 3578 sed

459 3629 693 3678 aurum,
727 3617 1059 3685 argentum,
1093 3613 1318 3684 lapides
1351 3613 1659 3686 pretiosos,
1695 3632 1787 3671 res
1818 3616 2017 3671 ﬁrmas
2052 3622 2108 3671 et
2138 3614 2401 3671 stabiles.

536 3702 633 3758 72
663 3702 810 3757 VIll.
848 3703 973 3756 Haec
1015 3700 1188 3756 velim
1244 3701 1492 3771 faciatis,
1541 3707 1714 3774 atque
1762 3703 2107 3775 hujusmodi

2290 3704 2367 3759 11‘.
2400 3706 2576 3756 Ταῦτα
2625 3700 2938 3775 πράσσοιτε,
2990 3701 3080 3755 καὶ
3129 3700 3344 3762 τούτοις
3391 3703 3537 3773 ἡμᾶς
3569 3702 3682 3773 (21)
3716 3697 3880 3770 δοξά-

462 3805 569 3844 nos
590 3788 828 3845 honoris
849 3804 1060 3861 genere
1081 3787 1573 3861 complectamini,
1600 3791 1718 3846 sive
1740 3793 2108 3848 sermonibus

2226 3795 2368 3860 ζοιτε
2397 3788 2503 3845 εἶ’τε
2550 3791 2809 3866 παρόντες
2862 3789 2969 3845 sifts
3012 3790 3270 3858 ἀπόντες,
3324 3787 3429 3844 εἷ’τε
3488 3788 3885 3863 μεταποιούμε-

463 3878 680 3935 nostris
702 3878 929 3947 adsitis,
957 3876 1079 3933 sive
1108 3877 1315 3935 abesse
1356 3877 1592 3947 malitis,
1619 3880 1740 3936 sive
1778 3882 2108 3937 orationum

2219 3900 2302 3935 νοι
2330 3884 2435 3934 τῶν
2465 3880 2745 3954 ἡμετέρων
2802 3878 3003 3954 λόγων,
3056 3876 3163 3933 εἴτε
3217 3877 3357 3934 ἄλλο
3390 3881 3501 3952 (22)
3531 3899 3582 3932 τι
3614 3872 3881 3954 προτιμό-

460 3972 796 4023 nostrarum
828 3964 1145 4037 cupiditate
1164 3966 1484 4037 duoamini,
1504 3967 1622 4023 sive
1644 3969 1786 4041 quid
1809 3969 1968 4025 aliud
2001 3970 2108 4025 hu-

451 4056 556 4125 jus
586 4055 668 4109 rei
699 4055 894 4110 studio
925 4054 1228 4126 antiquius
1259 4055 1522 4112 habeatis
1549 4075 1561 4111 :
1587 4074 1654 4112 ac
1685 4058 1791 4113 ﬁlii
1821 4061 1919 4115 Dei
1953 4060 2103 4131 puri,

458 4146 514 4197 et
543 4144 669 4198 sine
697 4142 1169 4215 reprehensione,
1192 4143 1252 4198 in
1284 4143 1476 4199 medio
1508 4161 1698 4215 pravas
1728 4162 1793 4202 ac
1825 4162 2106 4218 perversa:

2217 3989 2371 4045 τερον
2426 3970 2667 4043 ἄγοντες·
2715 3968 2803 4022 καὶ
2859 3968 3101 4042 γίνοισθε
3144 3970 3259 4041 (23)
3307 3967 3464 4022 τέκνα
3508 3971 3641 4022 Θεοῦ
3673 3966 3880 4043 καθαρά

2217 4056 2307 4111 καὶ
2334 4057 2638 4130 ἀμώμητα,
2673 4056 2724 4110 ἰν
2780 4056 2928 4129 μέσῳ
2957 4062 3140 4133 γενεᾶς
3192 4054 3415 4117 σκολιᾶς
3456 4055 3547 4110 καὶ
3580 4054 3872 4132 διεστραμ-

2221 4147 2407 4219 μένης*
2442 4146 2532 4200 καὶ
2570 4148 2643 4219 μὴ
2682 4145 3072 4222 περιπλέκοιτο
3107 4146 3231 4219 ὑμῖν
3282 4145 3350 4200 τὰ
3390 4150 3496 4199 τῶν
3544 4144 3733 4218 κύκλῳ
3784 4165 3879 4199 πε-

527 4267 571 4342 ξ²
603 4265 780 4342 I_Cor.
831 4265 1037 4342 ιιι,
1097 4264 1309 4342 "Alea.~
1332 4282 1389 4333 v,
1440 4268 1491 4321 1.
1563 4268 1612 4342 ἐξ
1642 4267 1889 4342 Philem.
1941 4272 2031 4326 12.

2260 4274 2386 4329 Cor.
2440 4288 2515 4342 ιν,
2568 4270 2653 4325 15.
2733 4271 2778 4305 ²⁶
2809 4270 2948 4326 Luc.
3001 4287 3102 4339 vn,
3154 4270 3242 4326 43.
3322 4271 3366 4305 ³⁷
3411 4270 3580 4327 Rom.
3632 4288 3733 4339 x11,
3786 4272 3872 4325 11.

455 4338 499 4373 ²⁸
530 4336 681 4393 Psal.
716 4352 911 4405 cxvm,
946 4336 1069 4390 131.
1146 4336 1192 4371 ²⁹
1224 4335 1397 4392 ICor.
1433 4354 1517 4406 ιιι,
1552 4339 1639 4405 11,
1675 4341 1762 4396 12.

526 4475 944 4558 (4.),Χαρίζισθε.
1002 4479 1143 4534 Tres
1200 4479 1376 4552 Regg.
1425 4479 1757 4555 χαρίζοισθε.
1809 4483 1970 4540 Colb.
2026 4503 2105 4554 m,

2219 4485 2303 4540 cis
2362 4501 2630 4558 sermone
2688 4483 2964 4556 pietatem
3015 4486 3332 4557 jactantes,
3364 4485 3575 4558 majori
3605 4503 3672 4542 ex
3710 4491 3876 4558 parte

457 4551 793 4628 χοιρίξεεξβαιο

520 4618 800 4697 (5)ίοῦς...
852 4618 1148 4697 ἐγέννησεν.
1184 4643 1212 4670 α
1267 4629 1306 4675 Α
1344 4641 1525 4694 quo...
1578 4625 1762 4697 geniti
1814 4643 2044 4682 sumus.
2082 4651 2108 4677 ››

451 4693 549 4769 Sic,
575 4693 830 4769 profecto
860 4693 1228 4769 vertendum,
1263 4693 1378 4749 non
1413 4693 1665 4765 verofut
1696 4697 1920 4768 Billius,
1949 4721 1977 4749 «
2008 4716 2108 4769 ge-

449 4768 556 4824 niti
575 4764 732 4840 _estis
748 4784 800 4834 ;»
823 4764 1085 4840 alioquin
1104 4787 1132 4814 «
1157 4769 1490 4840 communis
1510 4764 1726 4840 parens
1746 4791 1773 4820 »
1790 4764 1915 4825 non
1929 4764 2101 4827 esset.

539 4841 594 4894 6)
625 4834 894 4893 Αὶδεῖσθε.
929 4834 1378 4893 («’Reveremini.
1407 4862 1434 4888 ›ι

2222 4573 2394 4628 opere
2424 4557 2821 4628 praeferentes.
2848 4580 2876 4605 ››

2293 4629 2405 4700 (14)
2425 4625 2776 4700 Νομοθέτην.
2810 4628 2947 4700 Reg.
2968 4629 3034 4700 _1,
3068 4625 3255 4699 νόμον.

2318 4695 2405 4769 ὦ)
2433 4705 2470 4752 Α
2481 4695 2606 4752 ύτόν
2617 4743 2628 4754 .
2660 4695 2813 4771 Reg.
2834 4695 3094 4771 γ,ἀύτῶν
3106 4741 3118 4753 .

2318 4701 2405 4769 P5)
2433 4701 2628 4754 Αὐτόν.
2660 4701 2800 4770 Reg.
2834 4717 2888 4771 y,
2924 4701 3118 4753 αὐτῶν.

2287 4701 2398 4841 (16)
2431 4773 2657 4830 Ζῶντες.
2692 4770 2897 4826 Billius
2928 4771 2988 4825 in
3031 4786 3217 4843 marg.
3266 4772 3412 4827 forte
3446 4770 3671 4839 ζέοντες,
3701 4790 3729 4819 ι(
3754 4769 3871 4840 spi-

2218 4841 2331 4896 ritu
2366 4845 2672 4897 ferventes.
2709 4863 2730 4892 ι

544 4903 599 4967 7)
632 4908 846 4965 Πλεῖον.
879 4906 1155 4964 Nonnulli
1186 4903 1374 4962 πλέον.
1409 4911 1513 4965 Ed.
1548 4912 1675 4967 Bas.
1710 4908 1991 4966 πλεῖστον.

617 4978 940 5056 ’Θφείλεται.
974 4983 1107 5056 Duo_
1129 4979 1312 5053 Regii,
1347 4978 1613 5056 ὀφείλετε.

538 4986 570 5035 8
617 4986 940 5056 Ὀφείλεται.
974 4986 1095 5035 Duo
1129 4986 1312 5053 Regii,
1347 4986 1613 5056 ὀφείλετε.

538 4986 594 5125 9)
625 5050 977 5135 Ὑποχρὲους.
1018 5070 1041 5099 ι
1073 5052 1196 5116 Qua
1228 5069 1329 5108 vos
1378 5054 1694 5110 obstrictos
1745 5070 1874 5109 mea
1906 5055 2094 5111 chari-

443 5128 563 5180 tate
593 5128 809 5180 accepi.
836 5147 864 5173 »

511 5141 563 5180 te
593 5141 728 5180 accc
773 5142 809 5179 l.
836 5147 864 5173 ››

511 5195 625 5267 (10)
684 5141 950 5249 Δῗδεῖσθε.
1003 5214 1031 5243 ‹‹
1083 5192 1374 5250 Honorem
1447 5194 1735 5251 habeatis.
1781 5217 1808 5244 ››

439 5290 467 5318 ‹‹
495 5266 814 5324 habebitis.
841 5288 871 5318 ιι

531 5339 616 5411 11)
647 5336 850 5395 Πίστιν.
889 5359 917 5388 ‹‹
947 5336 1223 5411 Νόσαλρ
1274 5335 1480 5411 Billius
1516 5337 1695 5411 addit
1727 5353 1796 5411 ξς(
1822 5338 2089 5411 iminime

435 5407 697 5480 dubiam,
722 5432 751 5461 »
784 5427 915 5482 quae
944 5426 1079 5466 cum
1113 5426 1145 5465 ει
1177 5407 1379 5482 Graeco
1403 5408 1618 5482 absint,
1652 5408 1994 5482 delevimus.

501 5481 613 5552 (12)
644 5480 906 5552 "amfu.
938 5482 1031 5536 Sic
1062 5484 1318 5552 quatuor
1350 5480 1536 5551 Regii,
1560 5486 1618 5552 et
1648 5481 1892 5552 totidem
1924 5483 2084 5541 Colb.

430 5549 756 5624 Οοῒηῦεέῼς
785 5549 896 5606 ἔστι
933 5549 1234 5624 μανθάνειν)
1272 5552 1408 5624 Βθε.
1530 5550 1665 5605 ὥστε
1694 5551 1776 5608 τό.

499 5623 612 5694 (13)
637 5621 850 5698 Ὀλίγα.
877 5620 1015 5696 Reg.
1044 5642 1099 5696 g,
1128 5620 1322 5696 ὀλίγῳ.
1348 5620 1638 5679 Sic'vartil
1662 5624 1858 5679 Comb.
1888 5645 1910 5676 ιι
1937 5629 2082 5681 Pau-

2282 4915 2397 4986 (17)
2425 4916 2813 4987 ,Στοιχοῦντεᾳ
2837 4936 2879 4971 «η
2902 4914 3259 4983 Incedentes,
3286 4934 3314 4963 »
3353 4930 3456 4970 seu
3488 4936 3516 4965 «
3553 4911 3865 4969 ambulan-

2211 4984 2316 5040 tes.
2346 4984 2386 5033 ››⁷
2407 4984 2603 5040 Θαίδι.
2623 5001 2677 5049 ν,
2710 4986 2801 5040 25.

2305 5056 2393 5129 18)
2422 5054 2627 5129 Τούτῳ.
2663 5057 2800 5128 Reg.
2835 5073 2887 5123 a,
2920 5052 3151 5129 τούτων.

2303 5124 2387 5199 19)
2417 5124 2624 5183 Ξύλον.
2673 5124 2927 5199 septem.
2963 5127 3173 5199 Reggu
3200 5130 3451 5199 quatuor
3498 5127 3683 5195 Colb.,
3737 5126 3856 5183 Jes.

1859 5196 2091 5269 Billius,
2204 5193 2525 5267 ξύλα.’ΜοΧ
2559 5199 2633 5273 μὴ
2667 5193 2873 5273 χόρτον,
2910 5215 3013 5269 pro
3048 5193 3189 5273 ᾖῇδὲ
3219 5193 3442 5273 χόρτον.

2274 5273 2385 5345 (20)
2419 5270 2780 5345 Καθαίρηξριί,
2813 5271 2987 5345 _Abest
3022 5287 3056 5324 a
3084 5270 3229 5341 Reg.
3250 5270 3304 5345 1:

2273 5336 2385 5413 (21)
2452 5336 2994 5413 ἸΙμᾶς’δοξάζοιτε.
3066 5336 3198 5397 Ι)υό
3257 5339 3416 5398 Colb.
3488 5339 3628 5411 ὑμᾶς
3705 5336 3858 5410 δοξά-

2199 5432 2365 5467 σοιτε.

2269 5485 2381 5555 (22)
2415 5479 2824 5557 ’ᾉλλοᾷτιζὸίο
2855 5489 3115 5557 quatuor
3142 5482 3327 5556 Regii,
3362 5487 3469 5557 etc.

2267 5552 2378 5630 (25)
2410 5554 2669 5630 Γίνοισθε.
2706 5552 2957 5630 Βεε,ἰι,
3005 5555 3164 5613 Colb.
3216 5552 3320 5625 ὦ,
3346 5554 3611 5630 γένοισθε.
3648 5552 3855 5610 Billius

2192 5643 2261 5682 ex
2276 5624 2419 5683 Elia
2448 5624 2801 5698 γινώσκησθε.
