4152 6286
346 315 464 374 525

1068 313 1364 375 ORATIO
1407 313 1512 376 IV.
1547 345 1624 360 -—-
1655 310 1969 373 CONTRA
2011 306 2413 369 .IULIANUM
2455 305 2502 368 Ι.
2537 341 2614 351 -—-
2647 306 3040 370 MONITUM.

3644 311 3765 371 526

348 441 717 518 ριπατούντων
765 437 973 497 ἀσεϐῶν
1023 442 1261 518 σχοινία,
1316 441 1455 516 μηδὲ
1511 448 1712 518 σειραῖς
1759 445 1865 494 τῶν
1922 439 1999 492 ot-
2028 447 2082 512 Α
2110 437 3765 512 εθοθτειιὶοοίεεΐῐίοἱιιωὶοίθο;ηοᾳοθυηουαωὶωρὶοιιυω

345 533 502 587 κείων
535 535 650 605 (34)
672 534 950 607 ἁμαρτιῶν
977 533 1446 611 περισφίγγοισθε,
1502 530 1643 604 μηδὲ
1699 535 1813 592 ταῖς
1865 531 1997 604 βιω-

351 627 524 683 τικαῖς
570 621 858 695 μερίμναις
890 642 1251 696 συμπνιγοιτο
1286 622 1411 694 ὑμῖν
1445 621 1472 675 6
1505 619 1669 696 λόγος
1717 621 1851 691 (25),
1909 616 1998 670 καὶ

346 710 580 786 ἄκαρποι
615 709 874 784 γένοισθε·
935 709 1058 765 ἀλλ’
1090 709 1200 782 ὁδῷ
1257 710 1575 779 πορεύοισθε
1617 711 1731 783 (26)
1786 705 1998 782 βασιλι-

343 799 432 874 κῇ,
472 800 546 872 μή
580 799 912 861 ἐκκλίνοντες
947 802 1058 873 (27)
1106 799 1181 860 εἷς
1233 796 1395 868 δεξιὰ,
1451 797 1592 870 μηδὲ
1625 797 1698 858 εἷς
1725 795 1996 871 ἀριστερὰ,

344 890 431 942 καὶ
479 885 567 942 διὰ
607 891 708 956 τῆς
756 891 944 956 στενῆς
995 887 1068 949 ὡς
1119 886 1378 949 πλατείας
1432 888 1532 942 ὑπὸ
1561 891 1658 940 τοῦ
1689 885 2002 956 ΙΙνεῦματος

348 976 706 1053 ὁδηγούμενοι
743 996 755 1008 ’
808 976 896 1030 καὶ
945 977 1008 1030 τὸ
1056 977 1322 1052 ἡμέτερον
1375 976 1430 1030 εὖ
1469 972 1574 1046 ἕξει
1599 980 1690 1029 νῦν
1719 996 1776 1029 τε
1803 973 1892 1028 καὶ
1925 972 1999 1034 εἷς

2106 528 2166 583 in
2199 528 2448 583 circuitu
2493 529 2926 585 ambulantium
2968 533 3011 565 ³¹
3047 530 3289 586 funibus
3337 531 3628 603 impliciti,
3663 537 3765 588 aut

2109 622 2478 689 peccatorum
2518 624 2844 674 vestrorum
2889 619 3106 675 catenis
3138 621 3436 676 constricti
3462 622 3508 655 ³³
3559 626 3760 677 tenea-

2112 705 2276 774 mini,
2302 723 2405 760 nec
2436 706 2690 777 denique
2719 708 3124 776 committatis,
3149 713 3215 764 ut
3234 709 3410 779 hujus
3444 714 3579 766 νιιῖο
3599 711 3761 766 curis

2110 795 2343 850 divinus
2373 811 2566 851 sermo
2598 796 2938 864 suffocatur,
2970 814 3192 869 vosque
3224 798 3418 853 fructu
3449 800 3696 856 careatis
3717 801 3761 836 ³³

2110 887 2250 954 quin
2275 884 2494 955 potius,
2516 885 2610 939 via
2636 884 2794 957 regia
2823 885 3126 955 incedatis,
3150 903 3254 942 nec
3274 888 3346 942 ad
3375 887 3635 943 dextram
3654 904 3761 944 nec

2112 975 2182 1028 ad
2215 972 2514 1028 sinistram
2547 959 2922 1030 deflectentes
2954 976 3019 1043 3‘,
3054 991 3120 1030 ac
3165 992 3268 1047 per
3297 981 3615 1048 angustum
3646 982 3760 1033 tra-

345 1069 444 1135 τήν
506 1065 706 1129 ἐκεῖθεν
766 1065 1019 1136 ἐξέτασιν,
1077 1064 1130 1120 ἐν
1190 1070 1407 1139 Χριστῷ
1457 1066 1635 1135 Ἰησοῦ
1693 1069 1771 1137 τῷ
1821 1061 2002 1138 Κυρίῳ

2120 1062 2312 1117 mitem
2337 1063 2506 1134 quasi
2530 1079 2632 1134 per
2654 1062 2831 1118 latam
2859 1063 3009 1119 viam
3029 1065 3093 1132 ³⁵,
3116 1065 3265 1120 duce
3296 1065 3513 1137 Spiritu
3535 1066 3762 1139 gradia-

348 1159 524 1228 ἡμῶν·
561 1153 606 1226 ᾧ
635 1157 669 1224 ἡ
703 1152 829 1227 δόξα
862 1154 936 1216 εἷς
968 1153 1095 1217 τοὺς
1129 1155 1348 1217 αἰῶνας.
1386 1156 1582 1227 Ἀμήν.

2120 1151 2278 1206 mini.
2326 1155 2445 1207 Hoc
2492 1151 2542 1206 si
2593 1151 2864 1222 feceritis,
2895 1152 3170 1224 praeclaro
3220 1157 3377 1210 statu
3427 1171 3519 1211 res
3556 1160 3762 1212 vestra:

352 1250 543 1313 erunt,
569 1261 697 1301 cum
747 1246 808 1301 in
840 1245 948 1302 hac
978 1244 1116 1315 vita,
1148 1251 1274 1302 tum
1307 1247 1366 1302 in
1396 1245 1640 1302 alterius
1671 1243 1868 1300 saeculi
1900 1258 2167 1310 censura,
2207 1241 2266 1295 in
2317 1240 2545 1297 Christo
2595 1241 2736 1298 Jesu
2784 1242 3030 1298 Domino
3076 1247 3313 1300 nostro:
3348 1245 3440 1301 cui
3488 1243 3673 1317 gloria
3703 1245 3764 1302 in

351 1335 576 1390 saecula.
607 1336 816 1392 Amen.

416 1443 460 1476 ³ο
486 1441 739 1514 Philipp.
777 1459 838 1511 II,
874 1443 960 1498 15.
1040 1443 1080 1477 ³¹
1104 1441 1256 1498 Psal.
1287 1459 1366 1512 x1,
1388 1444 1442 1498 9.
1520 1443 1567 1478 ³³
1600 1443 1760 1498 Prov.
1790 1458 1848 1509 ν,
1869 1441 1958 1495 22.

2120 1437 2313 1494 .VIatth.
2345 1455 2467 1508 xm,
2498 1440 2587 1492 22.
2668 1439 2715 1474 ³⁴
2735 1439 2909 1495 Num.
2942 1456 3058 1511 xxr,
3080 1443 3168 1495 22.
3245 1441 3290 1476 ³³
3311 1441 3515 1497 Matth.
3539 1458 3640 1513 v11,
3671 1442 3764 1500 l3-

438 1549 528 1615 24)
559 1545 812 1620 ῌῗκείων.
842 1548 988 1620 Reg.
1025 1548 1065 1618 1,
1104 1544 1277 1603 ἴδίων.

439 1617 1030 1695 25)’1⁴μξννὸβλογ”ος.
1088 1621 1227 1695 Reg.
1289 1618 1330 1689 1,
1382 1619 1532 1693 ὑμῶν
1584 1619 1613 1672 6
1683 1618 1950 1695 Αογισμός
1985 1637 1999 1650 ·

347 1688 505 1746 Colb.
541 1688 630 1760 m,’
652 1689 780 1763 ὑμῖν
810 1689 838 1743 ὁ
873 1688 1165 1763 λογισμός.

418 1763 531 1834 (26)
572 1759 920 1836 Πορεύοισθε.
955 1759 1096 1835 Reg.
1130 1780 1190 1832 u,
1227 1761 1535 1838 πορεύεσθε

2183 1545 2295 1622 (27)
2473 1541 2832 1622 ἐκκλίνον-τες,
2884 1547 2948 1622 in
2979 1547 3146 1622 -Reg.
3205 1565 3264 1622 _u,
3296 1621 3303 1622 ί
3333 1549 3394 1622 in
3426 1565 3610 1621 marg.
3664 1568 3763 1622 γρ.

2118 1615 2193 1693 μὴ
2227 1614 2758 1693 ἐκκλίνοντες-δεξιᾷ,
2797 1615 2938 1693 {inde
2969 1614 3431 1693 ἀρισξεράξϐοη).
3463 1637 3521 1676 m
3553 1614 3635 1676 sic
3663 1614 3764 1676 lia-

2115 1687 2212 1744 bet
2241 1689 2301 1743 in
2332 1694 2514 1745 textu.
2557 1690 2696 1762 Reg.
2729 1690 2770 1759 l,
2800 1687 2838 1759 ἤ
2873 1687 3145 1765 ἀριστερά.

1059 2026 1619 2116 MONITUM
1674 2027 1790 2113 IN
1847 2024 2509 2114 ORATIONES
2563 2026 2686 2112 IV
2742 2027 2886 2110 ET
2944 2026 3056 2110 V.

2017 2212 2096 2223 -ο

434 2313 612 2372 731.
647 2314 782 2372 Non
815 2311 1120 2372 obscurus
1169 2315 1309 2386 est,
1350 2335 1378 2367 ι
1410 2316 1481 2371 ut
1510 2329 1654 2372 cum
1682 2310 1912 2372 Basilio
1967 2311 2196 2390 loquor
2253 2311 2398 2391 (28),
2437 2333 2468 2368 «
2529 2312 2794 2372 oratoris
2850 2328 3119 2390 scopus:
3157 2310 3389 2390 quippe
3445 2310 3554 2389 qui
3605 2312 3768 2388 Apo-

350 2397 540 2452 stata
580 2392 971 2470 impietatem
1027 2392 1298 2471 publice,
1363 2391 1544 2471 quasi
1598 2392 1663 2451 in
1721 2391 2015 2452 columna
2067 2393 2404 2469 sculptam,
2465 2391 2727 2452 infamia
2782 2398 2981 2452 notat.
3046 2394 3168 2451 Nec
3225 2391 3564 2469 designatis
3621 2397 3763 2450 tan-

351 2472 678 2534 tummodo
735 2473 814 2532 ab
874 2490 948 2533 eo
997 2473 1335 2533 sceleribus
1367 2472 1536 2532 hunc
1592 2472 1771 2550 petit,
1830 2473 1938 2532 sed
1994 2473 2145 2550 ipsis
2219 2472 2407 2531 etiam
2465 2473 2627 2544 ferit,
2694 2472 2922 2550 quibus
2978 2471 3083 2532 ille
3132 2471 3326 2533 veluti
3381 2471 3762 2550 quibusdam

356 2554 477 2612 alis
534 2554 613 2613 ad
673 2553 902 2613 coelum
961 2571 1159 2631 usque
1214 2552 1421 2612 efferri
1493 2551 1610 2612 sibi
1686 2553 2012 2612 videbatur
2045 2601 2059 2626 ,
2122 2552 2351 2612 fabulis
2389 2599 2402 2624 ,
2463 2552 2738 2612 historiis
2805 2552 3162 2630 dolosisque
3214 2551 3712 2631 sophismatibus
3747 2597 3761 2624 ,

365 2633 716 2712 praestigiis,
780 2633 1100 2693 sacriﬁciis
1135 2678 1152 2707 ,
1212 2632 1666 2711 fraudibusque
1723 2633 2083 2693 daemonum
2139 2638 2201 2693 et
2257 2633 2572 2707 oraculis,
2637 2652 2778 2710 quae
2813 2678 2826 2704 ,
2887 2651 3000 2712 per
3056 2651 3368 2693 summam
3425 2635 3760 2693 adversum

370 2721 573 2774 noset
628 2713 943 2773 Christum
1000 2713 1318 2792 injuriam,
1379 2713 1725 2773 eructabat.
1787 2713 2129 2774 Abundans
2185 2720 2398 2773 autem
2453 2719 2514 2773 et
2567 2714 2741 2774 varia
2779 2713 2893 2773 illa
2948 2720 3081 2774 tota
3139 2713 3404 2773 materia
3458 2731 3599 2774 cum
3659 2713 3760 2782 sit,

367 2795 611 2854 varium
668 2811 922 2872 quoque
977 2811 1049 2853 ac
1106 2793 1436 2872 multiplex
1491 2793 1739 2854 dicendi
1794 2811 1992 2871 genus
2041 2800 2102 2854 et
2157 2794 2491 2854 artificium
2549 2796 2734 2855 Pater
2791 2792 3069 2854 adhibet.
3103 2793 3492 2872 Panegyrico
3550 2793 3762 2861 modo,

369 2875 554 2934 modo
588 2872 899 2953 judiciali,
957 2878 1092 2934 tum
1150 2872 1558 2934 deliberativo
1617 2873 1866 2934 dicendi
1923 2892 2150 2953 genere
2209 2875 2574 2952 procedens,
2634 2874 2700 2933 in
2755 2892 3031 2946 omnem,
3091 2892 3282 2952 quam
3341 2891 3442 2933 ars
3499 2873 3763 2951 patitur,

369 2955 634 3014 formam
665 2973 797 3014 sese
827 2953 1035 3025 vertit,
1069 2958 1140 3014 ut
1167 2954 1444 3014 varietur
1470 2953 1694 3014 oratio.
1727 2977 1758 3007 ››

451 3033 527 3092 ll.
563 3035 905 3094 Geminas«
964 3041 1184 3095 contra
1250 3033 1566 3095 Julianam
1614 3057 1644 3088 »
1703 3033 2048 3094 invectivas
2117 3033 2335 3112 primis
2385 3033 2670 3111 pueritiae
2726 3051 2854 3093 suae
2912 3033 3301 3111 temporibus
3358 3051 3396 3092 a
3466 3030 3766 3112 Gregorio

371 3112 639 3192 scriptas
693 3115 1080 3174 Camerarius
1135 3114 1550 3186 existimavit;
1613 3114 1784 3191 quod
1841 3114 2118 3192 quidem,
2179 3121 2248 3172 ut
2304 3114 2539 3191 optime
2593 3115 2886 3174 observat
2966 3113 3208 3185 Billius,
3243 3113 3481 3192 respuit
3535 3111 3767 3172 oratio-

366 3191 465 3251 nis
522 3192 796 3270 gravitas
851 3195 1223 3273 pondusque
1279 3195 1757 3268 sententiarum,
1792 3201 1983 3272 atque
2039 3197 2228 3254 etiam
2286 3194 2630 3254 certissime
2688 3199 2944 3254 narrata
2997 3193 3232 3253 ibidem
3290 3191 3609 3272 Apostata“:
3665 3193 3765 3273 fu-

365 3277 565 3354 nesta,
606 3290 770 3333 mors
822 3271 884 3334 et
939 3271 1253 3354 exsequiae
1308 3275 1484 3354 (29).
1537 3278 1624 3334 Ac
1694 3271 1897 3333 certe,
1933 3275 2068 3353 jam
2129 3274 2388 3333 Athenis
2447 3273 2779 3350 Gregorius
2853 3292 3020 3334 anno
3078 3271 3510 3334 circiter’suaa
3570 3271 3772 3333 astatis

364 3352 703 3427 tricesimo,
763 3354 840 3414 de
891 3352 1380 3434 Juliano,quem
1416 3352 1530 3414 'ibi
1583 3352 1948 3414 versantem
1993 3360 2199 3425 norat,
2262 3361 2389 3415 tam
2444 3354 2605 3413 male
2665 3372 2854 3432 quam
2912 3371 3058 3414 vere
3113 3354 3451 3434 ominatus,
3487 3370 3767 3413 excesse-

364 3439 484 3514 rat.
519 3435 661 3494 Mox
714 3434 844 3507 illa,
882 3441 949 3495 ut
1005 3433 1285 3513 loquitur
1343 3435 1491 3514 (30),
1550 3441 1876 3512 grassante
1960 3457 1985 3489 (ι
2046 3434 2278 3505 bellua,
2340 3455 2370 3490 ι)
2434 3433 2731 3494 eximium
2795 3458 2826 3490 «
2884 3433 3391 3514 DeASacerdotio
3448 3457 3476 3489 »
3538 3434 3769 3514 librum

363 3513 730 3574 elaborabat
783 3531 799 3586 ;
853 3533 966 3575 nec
1021 3512 1170 3592 ergo
1255 3512 1463 3592 potuit
1519 3515 1632 3575 has
1690 3521 1984 3593 utrasque
2047 3515 2360 3575 orationes
2438 3515 2833 3575 conscribere
2867 3560 2882 3587 ,
2940 3512 3061 3574 nisi
3112 3521 3447 3592 postquam
3505 3513 3766 3591 ejuratae

364 3593 697 3674 religionis
739 3593 1207 3673 impietatisque
1266 3613 1484 3674 pmnas
1543 3601 1846 3674 Apostata
1905 3595 2038 3655 luit.
2098 3595 2380 3655 Mortuus
2437 3600 2531 3655 est
2569 3594 2804 3655 scilicet
2855 3613 2930 3655 ea
2984 3602 3190 3668 nocte,
3225 3613 3366 3673 quae
3423 3613 3590 3654 anno
3621 3595 3763 3665 363,

365 3673 528 3732 diem
557 3673 729 3734 Junii
762 3674 1119 3734 vicesimam
1153 3673 1392 3735 sextam
1452 3673 1611 3735 cum,
1650 3676 1946 3736 vicesima
2001 3675 2268 3753 septima
2324 3675 2778 3735 committebat.
2812 3677 2935 3735 Nec
2964 3675 3054 3734 ita
3112 3675 3311 3735 multo
3371 3681 3532 3753 post,
3568 3675 3760 3734 adeo-

365 3771 487 3831 que
538 3759 608 3814 ut
664 3755 912 3814 videtur
946 3800 959 3826 ,
1021 3755 1270 3816 labente
1326 3774 1493 3816 anno
1549 3758 1716 3829 361,
1776 3756 1947 3834 quod
2001 3755 2274 3815 ostendit
2326 3756 2477 3814 satis
2531 3755 2885 3815 Steleuticaa
2973 3754 3199 3833 prioris
3282 3755 3647 3834 exordium,
3688 3769 3760 3812 ac

366 3834 728 3910 posterioris
783 3834 1117 3908 clausula,
1180 3837 1514 3913 Gregorius
1597 3835 1662 3894 in
1745 3833 1926 3896 Pcnti
2033 3835 2437 3896 solitudinem
2514 3836 2697 3895 tertio
2790 3835 3126 3908 secedens,
3214 3834 3340 3912 (31)
3423 3853 3549 3894 non
3626 3833 3761 3910 jam

369 3937 396 3967 ‹ι
434 3914 651 3994 Augiae
681 3915 997 3975 stabulum
1030 3939 1060 3970 »
1097 3933 1222 3976 una
1269 3935 1410 3976 cum
1467 3916 1719 3986 Basilio,
1755 3934 1876 3976 non
1915 3939 1946 3972 «
1978 3915 2327 3994 plaustrum
2365 3938 2393 3970 ››
2428 3915 2671 3974 curavit
2722 3920 2833 3973 aut
2867 3939 2896 3969 ‹‹
2953 3917 3278 3993 platanum
3336 3913 3458 3994 (32)
3493 3931 3506 3985 ;
3545 3934 3574 3970 ιι
3637 3931 3764 3994 non

373 4017 401 4049 «
459 3993 699 4072 lapides
781 3995 1142 4073 quoslibet,
1205 3996 1312 4055 sed
1386 4019 1417 4052 «
1474 3995 1783 4056 herculeis
1866 3995 2292 4056 sublimiorem
2377 3995 2911 4073 insignioremque
2993 3994 3350 4054 columnam
3413 4016 3441 4051 ι)
3529 3993 3767 4072 duplici

365 4092 556 4152 scopo
589 4075 822 4136 excidit
853 4081 915 4135 et
937 4079 1206 4149 ornavit,
1241 4093 1430 4153 quam
1492 4095 1616 4138 non
1673 4076 1782 4135 uni
1837 4077 2055 4148 ﬁxam,
2093 4077 2201 4136 sed
2257 4076 2427 4136 omni
2490 4075 2784 4135 mobilem
2815 4076 2954 4134 loco
3011 4092 3085 4134 ac
3142 4080 3445 4152 tempore,
3481 4080 3543 4132 et
3596 4081 3764 4152 Apo-

365 4161 544 4215 statae
601 4155 940 4216 sceleribus
977 4203 992 4230 ,
1049 4163 1111 4217 et
1165 4162 1554 4233 posterorum
1619 4155 2037 4217 admonitioni
2092 4162 2368 4217 statuere
2425 4155 2782 4232 cogitabat.
2846 4155 2912 4213 Id
2975 4172 3248 4232 namque
3295 4155 3633 4231 Gregorius
3690 4154 3767 4212 de

367 4235 770 4315 Orationibus
855 4236 982 4296 suis
1079 4242 1452 4297 consecutus
1534 4242 1674 4308 est,
1734 4242 1805 4295 ut
1879 4236 2152 4315 explosis
2233 4236 2571 4307 laudibus,
2633 4253 2790 4313 quas
2874 4236 2937 4294 in
3019 4235 3340 4295 Julianum
3426 4234 3765 4313 Eunapius,

367 4314 711 4388 Libanius,
773 4315 1064 4376 Callistus
1099 4363 1113 4390 ,
1174 4317 1510 4394 caeterique
1568 4315 1926 4377 adulatores
1963 4314 2296 4395 iperverse
2378 4321 2867 4393 congesserant,
2929 4321 3226 4375 aeternam
3316 4315 3554 4375 nomini
3635 4315 3770 4392 ejus

367 4402 582 4454 notam
639 4396 965 4457 inureret.
1019 4399 1086 4457 ln
1138 4396 1327 4473 hujus
1394 4397 1629 4457 laboris
1687 4415 1759 4457 ac
1815 4397 2032 4475 glorias
2088 4397 2450 4458 societatem
2508 4396 2785 4474 aliquam
2846 4414 3070 4455 vocare
3118 4395 3410 4455 Basilium
3449 4440 3463 4467 ,
3495 4414 3570 4455 eo
3627 4413 3770 4454 cum

366 4475 639 4556 Baronio
671 4475 801 4556 (33)
831 4495 1120 4537 veremur
1151 4478 1375 4548 minus,
1411 4477 1600 4554 quod,
1638 4477 1850 4536 animo
1910 4484 2101 4555 atque
2159 4477 2347 4537 etiam
2406 4476 2545 4536 loco
2578 4483 2710 4536 tum
2771 4475 3108 4553 conjuncti,
3147 4475 3333 4536 ambo
3390 4476 3450 4535 in
3512 4476 3593 4556 iis
3617 4480 3773 4556 Ora-

368 4553 646 4637 tionibus
675 4553 848 4635 loqui
895 4557 1268 4617 videantur:
1308 4581 1338 4613 «
1371 4553 1506 4618 haec
1563 4557 1700 4628 tibi,
1740 4581 1767 4612 ι)
1824 4553 2029 4637 inquit
2085 4555 2230 4637 (34),
2272 4578 2301 4615 ιι
2359 4555 2624 4617 Basilius
2680 4561 2742 4616 et
2798 4557 3133 4634 Gregorius
3191 4555 3603 4637 conatusqtui
3659 4555 3770 4615 ad-

372 4633 653 4715 versarii,
687 4633 804 4695 etc.
843 4661 871 4692 »
907 4639 1188 4714 Utroque
1246 4645 1413 4698 certe
1471 4642 1617 4697 sunt
1671 4637 1877 4714 dignae
1913 4633 1966 4693 ’‹‹
2016 4633 2366 4708 Grationes,
2426 4654 2695 4715 quarum
2763 4633 3223 4707 excellentiam,
3262 4661 3289 4692 ι)
3324 4635 3529 4714 inquit
3581 4638 3776 4695 Baro-

371 4714 512 4796 nius
545 4714 701 4796 (35),,
724 4739 754 4771 «
785 4715 953 4777 haud
985 4718 1137 4778 satis
1166 4718 1356 4795 digne
1433 4725 1536 4776 ’14
1567 4717 1827 4777 laudare
1867 4725 2100 4796 queant
2145 4714 2476 4778 clarissimi
2532 4723 2854 4789 oratores;
2890 4735 3121 4795 easque
3179 4716 3454 4796 prudens
3510 4716 3776 4792 quisque

371 4795 598 4854 dixerit
670 4795 794 4856 duo
853 4797 1118 4856 fulmina
1201 4816 1429 4876 magno
1488 4816 1630 4858 cum
1687 4795 1934 4875 fragore
1993 4798 2254 4859 tonitrui
2290 4845 2303 4872 ,
2367 4797 2647 4859 veritatis
2706 4797 2846 4858 luce
2905 4815 3164 4858 corusca
3198 4842 3212 4869 ,
3271 4797 3336 4856 in
3392 4795 3774 4855 horrendum

372 4881 719 4934 monstrum
753 4876 962 4937 valido
994 4878 1232 4955 impetu
1263 4879 1510 4938 caelitus
1544 4878 1753 4938 missa.
1788 4899 1818 4934 ι)

448 4956 552 5015 llI.
614 4957 950 5018 Facessant
1004 4959 1218 5036 igitur,
1277 4964 1339 5018 et
1395 4959 1446 5017 si
1505 4959 1644 5036 quis
1701 4959 1905 5038 pudor
1938 5003 1952 5030 ,
2014 4957 2270 5018 latebris
2326 4975 2458 5018 sese
2514 4957 2830 5018 occultent
2889 4956 3201 5017 temerarii
3260 4955 3594 5033 scriptores
3628 5000 3642 5026 ,
3704 4973 3780 5014 ne

593 5084 708 5163 05x
763 5083 966 5163 ἄδηλος
1027 5088 1054 5140 ὁ
1115 5083 1336 5163 σκοπρς.
1394 5088 1502 5163 Τὴν
1528 5091 1654 5163 ⁸τοῖξ
1684 5083 2023 5163 Απαραϐάτου
2055 5094 2101 5158 Β
2129 5092 2296 5163 τικῶς
2327 5087 2560 5163 πρᾴεισι,
2589 5089 2725 5163 nataui
2753 5092 2854 5141 πᾶν
2889 5085 3030 5150 εἶδος
3068 5093 3169 5156 τῆς
3218 5085 3420 5162 τέχνης
3477 5085 3776 5163 στρεφόμε-

366 5154 700 5234 στὴλιτεύων
744 5154 1377 5234 κακξανλκαι-πολλλοξίς
1423 5154 1579 5234 αὖτὸν
1631 5154 1856 5234 βάλριῗυν
1906 5163 2020 5221 τοῖς
2055 5154 2092 5158 ἡ
2133 5161 2224 5222 νὸς
2253 5181 2312 5214 τε
2340 5154 2429 5234 καὶ
2457 5154 2907 5234 ποικιλλόμενος.

366 5225 881 5304 ἐγχειρήμασιν·ηοῦ
919 5225 1187 5304 μονον-δὲ’,
1245 5229 1391 5285 ἀλλά
1420 5230 1510 5304 καὶ
1538 5225 1653 5292 τοῖς
1696 5229 2002 5304 admit-trs-

2209 5234 2317 5304 (29)
2349 5233 2475 5287 Vita
2505 5233 2672 5304 Greg.
2709 5225 2765 5286 et
2794 5248 2974 5287 carm.
3011 5249 3050 5302 1,
3081 5248 3134 5284 v.
3168 5232 3295 5286 241.

367 5300 484 5374 PO?
511 5300 1022 5374 Karasoéséwvgok
1165 5301 1364 5374 exsilio;
1417 5301 1650 5374 ἐπήρθη,
1683 5301 1769 5356 καὶ
1807 5301 1996 5373 μΰθοις

2203 5300 2315 5374 (30)
2347 5303 2442 5359 Or.
2478 5321 2530 5372 v,
2565 5300 2762 5366 ηῘ24ς
2797 5308 2939 5358 orat.
2975 5300 3041 5372 II,
3072 5320 3127 5357 n.
3161 5304 3250 5356 87⁸

362 5371 451 5448 icui
509 5371 795 5448 lﬂopiatc,
845 5373 954 5448 tta-".-
986 5371 1281 5448 σοφίσμασι
1329 5371 1595 5448 δοΛεροῖς,
1620 5371 1921 5448 γοητείαις
1967 5393 2024 5426 τε
2347 5379 2447 5448 ΕΡ.
2481 5371 2536 5428 v.

364 5443 452 5495 καὶ
505 5440 737 5518 Θασίους,
789 5443 879 5497 καὶ
931 5440 1202 5518 δαιμξνὼν
1252 5440 1695 5518 ἀπᾴταιςῄτειαξ
1719 5440 2021 5518 χρησμοῖς,
2482 5462 2559 5500 VI.

364 5448 452 5495 καὶ
505 5448 737 5515 θυσίαις,
789 5448 879 5497 καὶ
931 5448 1202 5516 δαιμόνων
1252 5448 1479 5505 ἀπάταις
1516 5466 1573 5499 τε
1606 5448 2000 5518 καὶχρησιοῖς

363 5520 479 5576 καθ’
549 5516 713 5585 ἡμῶν
772 5535 830 5568 τε
886 5514 972 5568 καί
1030 5517 1266 5588 Χριστοῦ
1333 5511 1631 5592 ἐξυϐρίσας,
1681 5467 2001 5589 ἐπτερύξατο

365 5582 639 5638 Πλείσν-ης
676 5583 733 5638 δὲ
766 5585 898 5638 ὅσης
926 5593 1026 5638 τῆς
1059 5586 1198 5638 ὕλης
1250 5587 1630 5638 ὑποκειμένης.
1687 5585 1858 5638 πολύς
1918 5588 2002 5638 ἐστ

2348 5448 2595 5572 ἓξῇξῷ
2626 5533 2846 5572 annum
2877 5516 3004 5584 363,
3045 5519 3086 5570 t.
3125 5515 3218 5588 1v,
3252 5533 3308 5588 p.
3347 5517 3467 5570 146.

2209 5589 2299 5638 ι34
2350 5587 2444 5638 Or.
2476 5603 2532 5638 ν.
2567 5605 2624 5638 n.
2660 5588 2745 5638 40.

365 5582 639 5660 Πλείσνῂς
676 5583 898 5660 δὲ-ὅσης
926 5593 1026 5655 τῆς
1059 5582 1198 5656 ὕλης
1250 5582 1630 5660 ὑποῇειιὶένηςς
1687 5582 1858 5660 πολῦς
1888 5582 2024 5641 ’ἐστι
2209 5582 2319 5660 (34)
2350 5587 2444 5642 0r.
2476 5603 2532 5654 v,
2567 5605 2624 5643 n.
2660 5588 2745 5642 40.

362 5660 442 5726 τῷ
473 5639 639 5732 πατρῖ
665 5656 755 5743 καὶ
789 5658 816 5711 ὁ
925 5639 1196 5744 τέχνης
1228 5639 1652 5744 έχηματέσήιίόξ.
1804 5639 2002 5744 pix/35x)

2208 5639 2321 5730 (35)
2354 5639 2752 5732 riguisse};
2787 5660 2911 5716 144.

362 5726 781 5805 πανηγυρικῶς,
813 5729 888 5798 πή
926 5726 983 5783 δὲ
1014 5726 1322 5801 ὃὶἱιανικῶςς
1462 5726 1638 5784 Sami
1688 5726 2030 5803 συμϐουλεύ-
