4152 6286
357 339 475 397 527
1600 331 1662 390 S.
1714 329 2084 391 GREGORII
2131 330 2525 391 THEOLOGI
3648 334 3771 394 528

359 468 512 548 quid
565 465 856 548 acerbius
903 464 1129 548 dicam,
1191 463 1319 548 qui
1358 462 1650 548 Eunapii,
1723 461 1982 548 Zozimi,
2020 462 2259 522 Libanii
2318 462 2593 548 vestigiis
2671 462 3084 548 inhaerentes,
3146 465 3446 525 miserum
3506 466 3775 542 Aposta-

357 543 488 610 tam
532 565 658 607 non
717 546 904 606 modo
962 546 1252 604 maximis
1307 543 1621 603 Iaudimus
1677 543 1963 613 efferunt,
2000 561 2216 601 verum
2276 544 2464 603 etiam
2513 562 2649 603 eam
2716 545 3150 605 laudationem
3212 564 3354 605 cum
3416 553 3778 605 sanctorum

357 633 614 690 Patrum
670 627 1127 704 vituperatione
1185 645 1256 686 ac
1313 624 1651 685 Christiani
1708 625 1980 683 nominis
2038 623 2270 700 injuria
2305 671 2318 698 ,
2381 624 2828 702 conjungunt.
2893 626 3039 694 Quis
3099 625 3312 686 tulerit
3367 627 3622 686 Petrum
3671 628 3781 686 Cu-

359 728 571 769 nteum
604 709 728 786 (36)
793 713 1171 767 asserentem
1211 731 1240 761 ‹‹
1273 709 1437 765 viros
1467 706 1700 784 pietate
1752 705 2317 786 insignes,ﬂstudio
2378 706 2652 782 partium
2716 706 3067 766 obcaecatos
3124 712 3184 764 et
3239 725 3543 784 perquam
3605 726 3776 767 acer-

362 793 474 850 bos
507 791 736 859 fuisse;
777 814 803 842 ››
837 789 1110 866 indeque
1143 788 1462 858 accidisse,
1499 811 1526 840 «
1592 791 1662 844 ut
1717 803 1858 844 cum
1919 785 1996 843 dc
2052 785 2146 857 iis,
2185 785 2292 861 qui
2351 786 2503 844 olim
2567 786 2796 860 vixere,
2845 786 3234 863 principibus
3285 787 3597 864 judicium
3654 788 3779 848 fer-

361 879 486 945 tur,
525 871 788 929 multum
821 887 935 928 nos
991 869 1264 946 decipiat
1333 874 1612 927 veterum
1674 866 2116 944 quorumdam,
2154 883 2312 943 quos
2368 866 2432 924 in
2501 866 2775 946 Ecclesia
2833 867 2940 926 Dei
2997 867 3199 926 claros
3256 874 3446 945 atque
3504 869 3779 928 illustres

361 951 825 1040 fuissescimus,
865 945 1234 1040 auctoritas.
1273 973 1298 1003 η
1336 950 1430 1007 Me
1465 948 1701 1040 ‘pudet‘
1738 951 1966 1040 caetera
2024 947 2286 1023 posequi
2342 964 2483 1040 quae
2516 945 2578 1040 in
2641 951 2889 1040 sanctos
2946 947 3166 1007 Patres
3225 966 3336 1025 per
3390 948 3776 1040 calumniam

364 1030 617 1102 evomit,
652 1049 724 1090 ac
782 1049 921 1108 qua:
981 1031 1253 1108 gloriose
1310 1026 1612 1108 przedicat
1668 1026 1744 1085 de
1802 1026 2075 1108 .Iuliano,
2137 1043 2324 1108 quem
2385 1027 2798 1108 constantino
2853 1027 3040 1108 longe
3091 1030 3593 1106 praestantiorem
3650 1049 3778 1090 non

365 1118 613 1172 veretur
670 1106 942 1171 asse—rere
979 1106 1004 1184 ,⁷
1054 1117 1115 1170 et
1171 1129 1243 1170 eo
1304 1106 1499 1186 usque
1558 1106 2347 1186 progrediturimpietatis
2381 1153 2395 1180 ,
2451 1106 2579 1165 imo
2639 1107 2953 1178 amentiae,
3014 1113 3083 1167 ut
3143 1109 3360 1181 dicat,
3427 1134 3456 1162 «
3515 1109 3776 1170 subiisse

365 1195 646 1253 animum
705 1210 886 1252 suum
945 1191 1182 1251 Juliani
1238 1184 1818 1259 vene—rationemm
1882 1184 2000 1244 viri
2059 1186 2352 1245 nimirum
2412 1187 2592 1264 cujus
2645 1188 3028 1247 exsecranda
3086 1189 3377 1248 omnibus
3434 1195 3600 1249 retro
3659 1208 3774 1250 sae-

369 1273 526 1334 culis
556 1273 692 1345 fuit,
747 1273 984 1349 eritque
1042 1289 1290 1349 semper
1349 1270 1669 1329 memoria.
1734 1266 2004 1349 Clericus
2061 1269 2178 1349 (37)
2241 1267 2460 1349 eodem
2521 1285 2592 1326 ac
2650 1269 2914 1327 Cunaeus
2972 1268 3191 1328 delirio
3249 1276 3528 1341 vexatus,
3565 1270 3772 1330 Theo-

369 1355 514 1431 logo
578 1376 608 1406 «
665 1347 1072 1413 acerbitatem
1136 1347 1328 1412 animi
1384 1356 1445 1409 et
1493 1348 1928 1431 impotentiam
1996 1348 2368 1431 »__aftingit_
2406 1347 2541 1431 V_ox
2574 1349 2836 1431 Libanio
2876 1354 2957 1431 Aet
3024 1350 3274 1410 Zozimo
3332 1350 3543 1428 digna,
3583 1358 3775 1430 atque

366 1426 491 1506 iis',
553 1433 662 1511 qui
717 1451 755 1492 a
810 1433 1122 1493 catholica
1179 1431 1481 1507 religione
1567 1430 1973 1511 defecerunt.
2036 1428 2114 1486 Iis
2173 1426 2599 1511 sanctissimos
2635 1429 2971 1511 _Eeclesize
3003 1431 3218 1511 Patres
3276 1426 3596 1508 aspernari
3631 1426 3774 1504 ,'et

367 1507 739 1592 Apostatam
776 1512 1036 1575 laudare
1095 1530 1454 1572 concessum
1515 1516 1630 1592 est.
1665 1511 1744 1592 At
1802 1507 1986 1578 unde,
2025 1526 2262 1592 quaeso,
2321 1507 2443 1592 illis
2495 1508 2571 1592 de
2626 1509 2875 1592 Juliani
2919 1509 3252 1592 virtutibus
3309 1507 3605 1592 constat?
3636 1515 3774 1572 Non

371 1589 622 1656 aliunde
680 1595 982 1672 profecto,
1044 1594 1095 1652 si
1152 1611 1298 1652 vera
1357 1590 1538 1651 fateri
1593 1589 1806 1672 velint,
1868 1607 2056 1672 quam
2117 1607 2193 1647 ex
2249 1589 2442 1666 ipsius
2500 1589 2576 1647 de
2633 1608 2697 1672 se
2753 1589 2992 1650 Juliani
3050 1591 3406 1672 testimonio
3465 1591 3614 1670 (38),
3674 1593 3778 1652 vel

372 1674 638 1745 Libanii,
683 1668 978 1745 _Zozimi,
1041 1672 1357 1734 Ammiani
1415 1669 1778 1736 Marcellini,
1844 1668 2241 1750 ethnicorum
2300 1686 2524 1750 nempe
2577 1669 2979 1747 scriptorum,
3041 1669 3149 1748 qui
3205 1690 3320 1750 pro
3377 1668 3488 1732 suo
3548 1668 3612 1731 in
3669 1693 3772 1733 re—

370 1757 619 1834 ligionis
675 1755 1043 1814 Christiana:
1103 1754 1482 1813 desertorem
1541 1769 1755 1834 amore
1813 1756 2001 1826 atque
2052 1748 2566 1834 _inhChristianos
2605 1750 2765 1834 Aedio
2824 1769 2896 1810 ac
2954 1748 3506 1834 livore,i_plurima
3562 1754 3639 1813 de
3696 1773 3776 1813 eo

369 1827 516 1896 sunt
577 1836 864 1894 mentiti.
920 1836 1051 1905 Quo
1104 1835 1246 1910 jure
1293 1834 1322 1891 ‘I
1377 1851 1502 1910 qua
1565 1831 1861 1908 aequitate
1897 1874 1911 1900 ,
1985 1827 2250 1887 ethnicis
2333 1829 2742 1907 scriptoribus
2825 1831 3198 1890 sanctissimi
3235 1827 3353 1892 'ac
3431 1833 3777 1893 doctissimi

373 1917 661 1978 Ecclesiae
693 1917 906 1974 Patres
967 1913 1472 1993 posthabentur?
1531 1917 1623 1970 An
1683 1929 1829 1969 vero
1889 1910 2204 1993 graviores
2263 1927 2335 1968 ac
2393 1910 3037 1993 luculentiores‘sunt
3075 1913 3371 1993 veritatis
3431 1919 3615 1974 testes
3673 1916 3775 1974 Li-

374 1997 597 2056 banius
629 2001 689 2054 et
745 1990 1048 2067 Zozimus,
1113 1994 1400 2070 gentiles,
1464 2010 1653 2070 quam
1717 1990 2051 2066 Gregorius
2122 1995 2331 2070 noster
2369 1996 2430 2050 et
2487 1991 2753 2068 Cyrillus
2810 1991 3269 2052 Alexandrinus
3318 1995 3346 2051 ?
3406 1996 3553 2054 Haec
3610 1996 3772 2054 serio

374 2075 768 2156 perpendant
799 2076 889 2134 illi
947 2094 979 2134 e
1039 2069 1288 2145 nostris,
1351 2069 1974 2156 qui’inconsiderate
2033 2071 2109 2128 de
2163 2069 2415 2156 Iuliano
2475 2073 2658 2156 p|_ura
2715 2071 2979 2131 nimium
3045 2073 3337 2156 gloriose,
3371 2092 3485 2133 nec
3541 2082 3638 2134 sat
3667 2094 3776 2156 vef

373 2150 646 2217 recunde
701 2156 776 2214 de
832 2156 938 2214 SS.
997 2156 1308 2223 Patribus,
1374 2153 1643 2211 maxime
1703 2151 2018 2227 Gregorio,
2083 2150 2484 2234 scripserunt.
2533 2154 2778 2234 _Legant
2831 2155 3148 2234 Apostataa
3207 2154 3589 2229 laudatores,
3623 2155 3777 2234 quid

374 2236 693 2314 scripserit
723 2237 1108 2312 Augustinus
1137 2236 1258 2314 (39)
1292 2234 1588 2292 adversus
1622 2234 1996 2314 Donatistas,
2029 2230 2160 2307 qui,
2195 2230 2406 2314 oblato
2441 2230 2584 2314 huic
2629 2233 3000 2314 imperatori
3049 2234 3318 2311 supplici
3367 2235 3603 2307 libello,
3639 2230 3777 2313 ejus

367 2311 675 2396 justitiam
711 2311 1154 2387 laudaverant,‘
1181 2334 1256 2374 ne
1289 2314 1540 2391 quidem
1577 2331 1815 2396 passus
1979 2313 2208 2370 Doctor
2257 2311 2353 2370 vel
2387 2311 2569 2396 unius
2618 2312 2878 2396 justitias
2935 2313 3186 2373 Iaudem
3243 2315 3496 2376 Juliano
3555 2311 3770 2388 trib—ui,

371 2389 487 2458 nec
517 2397 578 2456 id
611 2396 997 2456 Christianos
1027 2397 1245 2455 decere
1277 2389 1470 2462 ratus,
1506 2389 1732 2452 acriter
1761 2389 2057 2468 objurgat
2086 2397 2274 2468 atque
2305 2392 2585 2468 exagitat
2638 2392 3017 2453 Donatistas.
3078 2396 3224 2454 Haec
3253 2413 3290 2456 a
3349 2397 3532 2456 nobis
3561 2403 3777 2458 nostra

370 2479 434 2538 in
467 2483 717 2536 sanctos
748 2479 963 2534 Patres
993 2475 1416 2547 observantia,
1449 2473 1808 2533 etdebitum
1842 2471 2128 2548 religioni
2158 2472 2432 2530 studium
2467 2472 2699 2531 elicuit.

452 2559 548 2617 IV.
611 2556 976 2615 Posthabito
1032 2556 1222 2633 igitur
1278 2553 1629 2614 adulatorio
1689 2551 2083 2635 ethnicorum
2116 2552 2568 2635 _de_Apostata
2625 2552 3036 2626 testimonio,
3095 2573 3245 2615 vera
3311 2574 3443 2616 esse
3509 2576 3649 2635 quze
3702 2558 3779 2618 de

368 2637 506 2714 ipso
564 2638 866 2714 scripsere
921 2631 1118 2695 sancti
1173 2638 1412 2706 Patres,
1472 2641 1662 2710 atque
1697 2632 2011 2714 imprimis
2061 2631 2417 2714 Theoliogus
2451 2677 2464 2704 ,
2529 2651 2968 2709 agnoscamus.
3033 2637 3175 2694 Hmc
3234 2636 3443 2710 firma,
3487 2631 3619 2697 base
3677 2637 3775 2696 in-

369 2712 1022 2787 concussaimanent;
1083 2721 1144 2774 et
1189 2715 1323 2796 jam
1383 2733 1523 2796 cum
1584 2712 1928 2796 clarissimo
1991 2736 2022 2796 «_
2066 2713 2400 2796 Annalium
2455 2714 3015 2796 ecslesiasticorum
3063 2738 3093 2770 »
3157 2725 3415 2794 parente
3475 2717 3600 2796 (40)
3659 2719 3776 2777 mi-

368 2799 492 2857 rari
548 2797 737 2865 subit,
800 2815 988 2871 quam
1045 2795 1344 2873 graphice
1401 2794 1516 2854 sub
1575 2792 1953 2852 adumbrata
2009 2792 2278 2852 hominis
2336 2799 2639 2870 apostatse
2701 2795 2936 2867 forma,
2999 2792 3193 2872 ipsius
3240 2792 3493 2857 Juliani
3526 2792 3778 2873 singula

369 2896 640 2956 qumque
702 2878 1081 2937 lineamenta
1135 2876 1433 2956 Scriptor,
1470 2873 2100 2956 sacer__expresserit
2137 2873 2599 2956 hisce_verbis:
2633 2897 2692 2956 Αα
2730 2878 2930 2935 Homo
2990 2884 3300 2954 apostata,
3357 2877 3449 2937 vir
3504 2876 3771 2951 inutilis,

374 2953 659 3036 graditur
715 2976 821 3017 ore
872 2975 1186 3034 perverso,
1248 2955 1469 3014 annuit
1523 2953 1740 3036 oculis,
1793 2953 1940 3036 terit
1987 2953 2163 3036 pede,
2218 2953 2414 3029 digito
2473 2954 2784 3036 loquitur,
2846 2953 3045 3034 pravo
3103 2958 3288 3016 corde
3371 2957 3774 3017 machinatur

373 3033 652 3109 malum,
711 3043 773 3098 et
826 3033 999 3096 omni
1053 3043 1336 3113 tempore
1387 3034 1600 3112 jurgia
1655 3033 1969 3093 seminat.
2032 3033 2186 3093 Huic
2246 3035 2565 3113 extemplo
2626 3033 3156 3115 veniet’perditio
3219 3056 3378 3113 sua,
3445 3044 3507 3098 et
3564 3038 3773 3098 subito

372 3126 749 3190 conteretur,
808 3136 917 3178 nec
948 3117 1203 3178 habebit
1235 3118 1398 3176 ultra
1431 3115 1811 3174 medicinam
1847 3118 1915 3174 ³⁸.
1944 3136 1972 3167 ››

454 3201 525 3257 V.
562 3203 626 3258 In
661 3199 860 3276 prima
892 3197 1250 3266 Steleutica,
1293 3220 1323 3251 (ι
1367 3195 1724 3267 hominis,»
1764 3199 1831 3254 ut
1857 3193 1990 3270 ipse
2019 3193 2107 3276 ait
2163 3193 2517 3276 Gregorius,
2552 3214 2622 3276 su
2676 3195 2911 3255 Juliani
2972 3219 3002 3251 «
3060 3197 3437 3274 improbitas
3493 3215 3566 3257 ac
3626 3215 3769 3276 per—

373 3279 633 3338 versitas
661 3275 909 3338 abunde
940 3278 1313 3346 ostenditur,
1351 3283 1478 3336 tam
1537 3295 1648 3353 per
1703 3293 1778 3334 ea
1827 3293 1966 3350 quae
2025 3275 2324 3356 adversus
2382 3275 2738 3335 Catholicos
2804 3284 2902 3335 75
2964 3278 3371 3356 perpetravit,
3407 3297 3598 3356 quam
3630 3275 3772 3356 iper

370 3377 448 3419 ea
503 3377 643 3436 quae
703 3360 906 3417 facere
959 3357 1244 3436 parabat.
1283 3359 1347 3416 In
1407 3359 1604 3415 altera
1640 3355 2252 3436 autemdlnvectiva,
2288 3373 2394 3414 seu
2455 3357 2738 3416 oratione
2795 3357 3016 3434 quinta
3075 3355 3221 3436 (41),
3283 3355 3567 3436 quaeest
3623 3355 3768 3436 pars

374 3434 571 3498 altera
621 3445 682 3498 et
739 3434 1054 3515 appendix
1115 3437 1303 3514 hujus
1334 3435 1784 3518 operis,ialium
1846 3434 2232 3518 sibihorator
2280 3454 2539 3512 scopum
2593 3437 2916 3518 proponit,
2953 3434 3243 3515 eumque,
3294 3434 3326 3494 ἆ
3385 3444 3517 3499 tum
3601 3434 3769 3518 apud

372 3522 570 3580 Deum
627 3514 1050 3585 sanctiorem,
1113 3524 1247 3577 tum
1299 3517 1691 3576 auditoribus
1759 3514 2196 3591 juncudiorem
2233 3561 2246 3585 ,
2283 3523 2472 3593 atque
2530 3517 2687 3577 adeo
2741 3518 3008 3595 posteris
3065 3514 3377 3578 utiliorem
3427 3514 3768 3591 ;nimirum

372 3607 438 3659 ut
470 3601 548 3658 ad
602 3618 673 3658 ea
723 3617 864 3676 quae
921 3599 1206 3676 superius
1264 3597 1431 3656 dicta
1484 3596 1879 3677 sun1t,justas
1939 3597 2045 3655 Dei
2104 3596 2312 3655 lances
2375 3595 2657 3673 adjugat,
2693 3616 2921 3676 easque
2972 3617 3191 3676 ptenas
3246 3600 3477 3677 quibus
3531 3601 3767 3677 impro-

371 3681 537 3740 bitas
594 3675 1038 3757 compensatur
1094 3685 1154 3737 et
1211 3682 1534 3758 exercetur
1566 3675 1992 3758 »describat._
2014 3677 2072 3736 Is
2105 3681 2217 3758 _est
2269 3695 2494 3755 scopus
2551 3678 2780 3737 alerius
2822 3675 3189 3753 invectivae,
3235 3675 3299 3738 in
3357 3699 3482 3758 qua
3536 3675 3773 3741 Juliani

381 3767 647 3820 mortem
681 3756 1101 3837 prosequitur.
1138 3762 1272 3818 Duo
1313 3757 1504 3835 igitur
1534 3756 1712 3816 nobis
1753 3756 2168 3833 expendenda
2197 3763 2551 3834 supersunt.
2593 3759 2864 3818 Primum
2926 3760 3203 3837 quidem,
3230 3760 3308 3820 de
3339 3756 3768 3833 Orationibus,

369 3861 450 3901 an
484 3842 737 3919 scriptae
772 3846 1037 3908 tantum,
1074 3858 1154 3898 an
1203 3839 1402 3919 dieue
1435 3855 1684 3919 quoque
1729 3837 1959 3919 fuerint
1999 3856 2012 3896 :
2049 3837 2318 3919 alterum
2375 3837 2451 3896 de
2490 3839 2838 3899 Constantii
2886 3840 3202 3913 laudibus,
3235 3859 3374 3919 quae
3426 3859 3550 3901 non
3613 3859 3770 3919 pau-

375 3940 590 3981 corum
616 3917 868 3981 animos
899 3921 1298 3980 offenderunt
1328 3918 1500 3990 olim,
1539 3917 1849 3994 hodieque
1878 3917 2066 3976 etiam
2099 3918 2446 3978 offendunt.

457 4004 581 4063 VI.
641 4003 764 4060 Has
843 4001 1168 4061 Orationes
1251 4001 1446 4059 factas
1526 4000 1968 4076 scriptasque,
2054 4004 2122 4057 ut
2203 4016 2414 4058 coram
2502 3999 2738 4076 populo
2823 3999 3379 4074 declamarentur,
3445 4001 3772 4061 exordium

371 4082 618 4158 prioris,
665 4083 914 4158 aliaque
974 4081 1204 4158 passim
1264 4080 1454 4139 verba
1514 4080 1805 4138 videntur
1861 4077 2290 4138 demonstrare
2344 4097 2356 4150 ;
2420 4083 2481 4136 at
2541 4097 2605 4138 re
2685 4079 2824 4155 ipsa
2882 4083 3320 4157 pronuntiatas
3378 4099 3502 4141 non
3562 4083 3772 4154 fuisse,

369 4177 441 4220 ex
476 4162 609 4237 ipso
657 4162 971 4240 Gregorio
1011 4162 1263 4220 credere
1320 4160 1643 4234 cogimur:
1706 4159 1939 4240 quippe
1999 4160 2129 4233 qui,
2176 4159 2389 4218 divisis
2451 4181 2481 4213 «
2540 4177 2574 4218 a
2636 4161 2816 4218 Patre
2873 4184 2900 4213 »
2958 4162 3354 4240 discissisque
3417 4163 3764 4232 monachis,

368 4259 717 4300 sermonem
767 4261 830 4300 se
875 4239 1196 4317 abjecisse,
1250 4240 1609 4321 neminique
1664 4238 2008 4321 concessise
2041 4286 2056 4312 ,
2113 4239 2339 4321 iterum
2394 4245 2586 4321 atque,
2629 4240 2854 4298 iterum
2908 4238 3437 4321 profitetur—(42).
3493 4243 3607 4303 Illa
3664 4262 3773 4302 au—

369 4327 495 4401 tem
553 4321 773 4380 divisio
831 4321 1322 4401 perseverabat,
1381 4320 1572 4401 etde
1629 4319 2033 4401 Nazianzenae
2113 4319 2402 4401 Ecclesiae
2461 4319 2796 4380 schismate
2852 4321 3080 4392 dolor,
3144 4323 3250 4400 qui
3304 4319 3429 4401 (43)
3491 4348 3522 4378 ‹‹
3581 4322 3773 4382 veluti

369 4400 565 4460 nubes
618 4401 832 4478 aliqua
890 4419 997 4458 cor
1045 4400 1326 4476 Gregorii
1387 4399 1639 4458 subiens
1698 4399 2008 4458 sermonis
2075 4399 2286 4460 radios
2342 4399 2728 4475 obtegebat,
2794 4423 2823 4454 »
2889 4420 3030 4461 cum
3104 4399 3450 4463 In’vectivas
3542 4404 3775 4463 scribe-

368 4487 505 4562 ret.
547 4483 724 4562 Quod
760 4479 1040 4562 quidem
1101 4480 1513 4540 manifestum
1575 4480 1818 4562 estAbis
1875 4479 2478 4562 verbis_Gregorii,A
2512 4480 2741 4562 quibus
2791 4500 2913 4540 non
2974 4483 3131 4542 alios
3189 4502 3380 4562 quam
3433 4484 3778 4543 monachos

367 4561 511 4642 ﬁdei
558 4561 691 4622 zelo
749 4561 1205 4642 ferventiores,
1241 4567 1300 4620 et
1359 4581 1396 4620 a
1453 4559 1754 4637 Gregorio
1813 4559 2283 4642 patreuidcirco
2338 4559 2727 4642 dissidentes,
2765 4568 2942 4622 notat
3000 4562 3143 4641 (44).
3185 4559 3227 4618 ‹‹“
3271 4567 3475 4642 Atque
3536 4566 3777 4624 utinam

366 4641 471 4701 ille
500 4659 754 4723 quoque
787 4647 986 4701 ccetus
1019 4642 1099 4723 ad
1138 4641 1418 4723 chorum
1466 4649 1748 4723 nostrum
1809 4659 1874 4700 se
1934 4638 2406 4723 adjungat,qui
2464 4659 2605 4700 cum
2637 4641 2810 4723 prius
2868 4638 3220 4703 cantionem
3283 4638 3776 4723 haudquaquam

367 4721 791 4782 adulterinam
823 4728 882 4781 et
929 4722 1276 4800 ignobilem
1326 4729 1538 4799 ratque
1593 4721 1734 4781 ideo
1794 4739 1920 4780 non
1979 4721 2300 4802 Arianam)
2334 4724 2487 4802 Deo,
2520 4720 2854 4794 accineret,
2901 4741 2975 4782 ac
3025 4724 3246 4784 dextro
3305 4720 3623 4802 quondam
3672 4743 3777 4783 or-

365 4804 511 4864 dine
569 4804 720 4881 (quo
771 4803 1209 4864 statuebantur
1253 4802 1512 4863 honoris
1566 4819 1755 4863 causa
1814 4800 2132 4881 monachi)
2189 4800 2415 4878 dignus
2475 4801 2834 4872 haberetur,
2896 4809 3087 4880 atque
3140 4800 3349 4876 etiam,
3385 4811 3451 4864 ut
3499 4803 3770 4873 conﬁdo,

370 4884 543 4944 brevi
594 4883 950 4954 habebitur,
985 4882 1151 4943 haud
1211 4884 1338 4942 scio
1396 4902 1521 4961 qua
1577 4902 1643 4941 re
1701 4887 2072 4952 commotus,
2138 4888 2391 4959 repente
2451 4888 2704 4942 cantum
2764 4883 2824 4941 in
2885 4884 3197 4944 diversum
3261 4891 3486 4957 mutat,
3521 4884 3774 4961 alioque

367 4965 569 5041 gradu
621 4971 809 5044 atque
867 4964 1086 5024 ordine
1139 4983 1203 5024 se
1261 4963 1529 5024 collocat
1578 4983 1592 5033 ;
1654 4979 1726 5022 ae
1786 4980 1889 5044 ne,
1921 4961 2002 5022 ob
2062 4980 2461 5044 communem
2513 4963 2768 5040 quidem
2802 4963 3087 5024 laetitiam
3136 4966 3365 5026 adduci
3422 4971 3649 5044 potest,
3708 4970 3778 5026 ut

366 5043 1194 5124 nobiscum’conjungatur.
1273 5068 1300 5098 ι)
1354 5050 1449 5105 etc
1486 5089 1500 5102 .
1564 5045 1729 5124 Haec
1765 5043 2123 5124 nullatenus
2171 5043 2464 5116 Arianis,
2523 5044 2631 5103 sed
2691 5045 3019 5104 monachis
3067 5047 3302 5124 optime
3361 5043 3773 5115 conveniunt,

366 5125 455 5184 uti
517 5124 828 5202 permulta
873 5123 1042 5185 alia.
1080 5127 1344 5184 Istorum
1412 5147 1440 5180 ‹‹
1497 5141 1560 5181 se
1620 5123 1875 5181 retineri
1930 5123 2135 5193 ﬁde,»
2203 5143 2280 5183 ne
2337 5124 2538 5184 zelum
2602 5125 2661 5184 in
2723 5143 2829 5184 eos
2886 5123 3201 5199 exerceat,
3265 5127 3540 5199 eosdem,
3617 5150 3647 5182 «
3710 5132 3780 5185 ut

366 5205 646 5266 membra
676 5225 786 5265 suo
817 5207 1024 5266 fovere
1055 5224 1118 5266 se
1150 5205 1357 5265 adhuc
1388 5211 1580 5280 atque
1611 5203 1968 5280 complecti,
2005 5228 2034 5258 ››
2073 5203 2161 5263 ait
2190 5205 2549 5283 Theologus
2625 5205 2778 5284 (45).
2852 5205 3028 5266 Itane
3107 5207 3183 5266 de
3241 5207 3484 5268 Arianis
3533 5206 3780 5266 locutus

363 5287 646 5346 fuisset?
701 5292 781 5346 De
840 5285 1165 5348 monachis
1222 5286 1414 5363 igitur
1471 5302 1508 5343 a
1557 5288 1732 5361 patre
1792 5284 2104 5361 Gregorio
2164 5285 2606 5346 dissidentibus
2666 5285 2802 5346 haec
2858 5292 3004 5347 sunt
3057 5286 3469 5365 intelligenda
3522 5306 3536 5360 ;
3599 5286 3778 5347 dissi-

432 5395 476 5428 ³6
508 5397 672 5447 Prov.
716 5409 791 5458 v1,
825 5393 1010 5446 12-15.

450 5492 538 5550 36')
567 5495 717 5545 Petr.
748 5494 1028 5562 Cunasus,
1066 5490 1230 5544 Pref.
1255 5489 1570 5562 iin_._l_u_ljz'_qnz'
1600 5487 1864 5562 Cazsctresr.
2204 5491 2317 5560 (40)
2349 5490 2475 5543 Bar.
2512 5489 2580 5544 ad
2617 5507 2710 5544 an.
2745 5490 2874 5558 363,
2902 5493 2942 5545 t.
2979 5490 3070 5560 IV,
3104 5508 3158 5562 p.
3194 5492 3317 5548 144.

450 5494 538 5550 36)
567 5495 717 5545 Petr.
748 5494 918 5544 Cunzu
937 5507 1028 5557 us,
1066 5494 1230 5544 Pref.
1265 5494 1325 5542 in
1353 5494 1570 5544 Juliani
1600 5494 1864 5542 (Jazsares.
2204 5494 2317 5560 (40)
2349 5494 2475 5543 Bar.
2512 5494 2580 5544 ad
2617 5507 2708 5544 an.

427 5494 541 5630 (37)
576 5562 833 5617 Clericus
868 5560 1014 5615 Bibl.
1061 5561 1216 5614 univ.
1251 5561 1292 5614 1.
1329 5559 1526 5625 XVIII,
1554 5576 1690 5614 ann.
1728 5561 1885 5624 1690,
1910 5564 2018 5614 art.
2203 5561 2313 5632 (41)
2349 5562 2444 5615 Or.
2479 5577 2528 5625 ν,
2564 5577 2619 5613 n.
2657 5562 2708 5615 I.

367 5633 418 5700 1,
455 5634 630 5699 p.311.

2202 5633 2312 5700 (42)
2344 5632 2438 5686 0r.
2471 5649 2547 5699 v1,
2569 5650 2625 5686 n.
2661 5635 2713 5686 3.

454 5706 543 5775 38)
578 5705 742 5758 Praef.
775 5703 912 5757 edit.
941 5703 1106 5774 Oper.
1142 5702 1362 5758 Juliani
1395 5703 1723 5775 ann.__163(_).
2200 5702 2312 5775 (43)
2346 5703 2426 5758 Ib.
2461 5721 2518 5758 n.
2549 5706 2602 5758 2.

454 5773 544 5844 39)
593 5777 730 5847 Aug.
767 5780 964 5847 contr.
1001 5775 1185 5845 Epist.
1223 5778 1490 5831 Parmen.
1528 5773 1628 5828 lib.
1674 5773 1718 5841 Ι,
1751 5789 1801 5828 c.
1836 5775 1921 5843 15,
1956 5790 2012 5830 n.

359 5845 447 5914 49,
482 5864 540 5918 p.
567 5847 657 5914 23,
682 5845 728 5902 ῑ.
762 5845 852 5901 1x.
2198 5849 2214 5917 (

4089 1747 4093 1920 ι

4085 2061 4089 2236 r
