2076 3143
246 9 309 21 ξφ

217 25 234 47 ’ν
250 21 280 43 ί.)

220 65 221 69 η
270 54 273 55 ν

179 227 239 257 539
542 224 688 254 ORATIO
710 223 763 254 IV.
779 239 819 246 —-
831 224 988 254 CONTRA

1068 225 1210 256 LIANUM
1231 226 1255 255 Ι.
1273 242 1312 247 ——-
1329 226 1526 256 MONITUM.
1828 224 1888 256 530

180 292 268 323 dium
283 293 389 332 autem
413 291 498 332 istud
526 292 646 321 tantam
674 289 836 332 Theologo
864 290 1040 332 molestiam
1070 291 1186 328 attulit,
1208 296 1241 323 ut
1266 292 1405 332 quandiu
1435 291 1693 331 perseveraverit,
1708 299 1886 322 sermonem

181 340 308 363 omnem
336 331 512 372 abjecerit,
535 340 572 372 ac
601 330 946 372 neminiconcesserit.
976 330 1049 360 Inde
1078 332 1220 370 sequitur
1246 330 1388 372 geminas
1419 330 1445 359 «7
1464 335 1574 362 contra
1600 332 1762 363 Julianum
1791 342 1809 372 η
1838 332 1886 372 In-

179 373 319 403 vectivas
348 380 427 411 quas
456 371 580 410 scripsit
609 370 776 412 Gregorius
804 379 867 409 quo
896 373 1038 409 tempore
1067 372 1214 402 monachi
1244 370 1430 404 Nazianzeni
1459 372 1499 402 ab
1528 372 1675 412 episcopo
1710 381 1768 403 suo
1794 371 1886 402 dissi-

181 413 311 448 debant,
328 412 461 451 scriptos
478 411 707 453 tantummodo,
725 420 788 441 non
805 414 911 453 autem
929 420 1034 453 coram
1048 411 1205 453 frequenti
1223 414 1339 453 populo
1355 412 1490 442 habitas.

221 453 286 483 VII.
297 454 366 483 Jam
398 461 472 482 vero
501 451 590 492 quod
614 452 653 480 ad
685 451 858 481 Constantii
874 451 983 481 laudes
998 451 1112 492 attinet
1131 475 1138 488 ,
1155 456 1185 482 et
1200 451 1340 492 Gregorii
1356 455 1394 483 de
1410 461 1446 482 eo
1461 452 1629 491 praconiis
1645 453 1751 492 plures
1780 451 1855 482 olim
1874 473 1881 486 ,

182 497 294 532 utjam
324 493 455 528 dictum,
485 491 595 522 offensi
624 495 721 527 sunt,
752 494 846 530 atque
875 491 983 532 etiam7
1000 491 1093 521 hodie
1121 491 1319 524 oﬁendentur
1344 503 1351 529 ;
1382 502 1482 532 eoque
1510 491 1667 532 progressi
1695 495 1768 523 sunt
1795 500 1882 522 com-

181 531 299 574 plures,
329 535 408 563 teste
428 532 668 574 _l73aronio_(46),
699 535 733 561 ut
757 531 946 574 Gregorium
976 531 1313 574 inverecunde77atque
1343 531 1527 574 admodum
1557 531 1674 563 temere
1701 534 1734 563 in
1760 532 1883 574 erimen

181 571 330 604 vocarent
359 572 491 612 proditae
519 571 683 602 veritatis.
715 582 729 600 ι)
757 572 947 610 Iniquiorem
976 575 1060 602 certe
1088 571 1280 610 Catholicisr,
1296 577 1327 604 et
1356 573 1479 604 Arianaa
1522 573 1676 604 hmreseos
1714 571 1883 604 defensori-

183 614 243 644 bus
267 613 435 643 faciliorem
461 621 493 642 se
522 612 658 651 prabuit
684 612 895 653 Constantius,
925 621 1029 653 quam
1051 615 1094 653 ut7
1114 613 1266 649 excusari,
1297 614 1414 644 nedum
1443 613 1563 643 absolvi
1592 614 1709 653 possit;
1740 612 1884 643 excusari

184 657 288 683 tamen
304 657 334 684 et
360 652 485 683 defendi
515 655 617 693 potest
641 652 819 693 Gregorius,
844 652 897 691 qui
924 661 994 681 eum
1024 652 1174 682 laudavit.
1205 654 1310 684 Primo
1340 653 1465 693 quidem
1495 652 1724 684 observandum
1744 657 1800 689 est,
1818 662 1882 683 non

183 697 270 724 tanto
299 693 383 733 apud
411 695 531 722 veteres
559 692 631 721 odio
660 692 809 733 ﬂagrasse
833 693 1061 728 Constantium,
1091 696 1210 731 quanto
1239 695 1324 733 apud
1350 692 1413 724 nos
1443 693 1580 733 ﬂagrat.
1616 694 1714 724 Hodie
1744 700 1881 732 namque

179 732 353 764 Constantii
372 741 486 763 nomen
511 732 562 762 vix
591 741 628 762 ac
656 741 694 761 ne
723 732 776 761 vix
802 732 927 771 quidem
954 732 1038 773 aliud
1067 737 1169 769 sonat,
1200 732 1315 773 praeter
1342 733 1457 765 Christi
1494 732 1531 764 ac
1564 734 1704 764 veritatis
1730 733 1854 764 hostem
1871 757 1880 771 ,

179 774 326 805 Ecclesia:
356 775 585 812 persecutorem
605 795 612 808 ,
646 775 695 802 76
726 782 762 802 ac
785 782 865 812 pene
895 772 1133 802 Antichristum.
1163 772 1415 813 lndulgentiores
1443 774 1530 804 fuere
1558 777 1689 811 veteres,
1719 774 1773 813 qui
1801 782 1880 804 non-

180 814 283 844 nullas
311 814 407 853 hujus
433 813 632 852 imperatoris
660 813 801 854 egregias
829 813 942 849 dotes,
972 821 1009 854 ac
1037 813 1189 854 praeclara
1220 815 1365 854 quaedam
1394 814 1534 844 facinora
1562 814 1798 853 conspicientes,
1820 813 1881 843 mi-

180 855 292 884 tiorem
321 855 360 884 de
389 862 426 884 eo
451 853 637 883 sententiam
667 853 819 888 tulerunt,
850 856 944 891 atque
971 853 1064 882 etiam
1094 853 1240 884 laudibus
1268 858 1446 885 ornarunt.
1477 854 1572 894 Cujus
1600 855 1645 884 rei
1678 857 1712 884 ut
1740 862 1837 884 unum
1864 863 1882 884 e

180 894 288 924 multis
305 918 312 931 ,
342 893 561 934 gravissimum
590 895 701 922 testem
724 894 888 934 proferam
907 915 914 922 .
943 893 1126 923 Ambrosius
1156 894 1194 923 de
1223 903 1260 924 eo
1287 895 1330 925 sic
1373 894 1544 925 honoriﬁce
1575 894 1715 934 loquitur
1742 894 1881 924 scribens

179 934 400 965 Valentiniano
429 932 506 973 (47).
524 945 538 960 ‹‹
569 933 769 974 Constantius
794 935 943 972 Augustre
971 934 1130 963 memoriae
1156 935 1296 965 nondum
1326 935 1422 965 sacris
1450 935 1592 965 initiatus
1608 932 1774 974 mysteriis,
1804 942 1880 964 con-

180 974 329 1005 taminari
357 983 389 1004 se
414 974 546 1013 putavit,
563 974 588 1003 si
618 982 705 1003 aram
733 973 820 1003 illam
849 973 989 1004 videret:
1017 974 1110 1012 jussit
1138 975 1277 1012 auferri;
1308 984 1370 1006 non
1396 975 1490 1014 jussit
1517 973 1671 1014 reponi.»
1688 974 1723 1005 Id
1752 974 1879 1014 quidem

180 1016 288 1045 Romae
317 1014 441 1050 accidit,
472 1023 543 1044 cum
572 1013 772 1054 Constantius
798 1014 970 1044 ascendens
997 1014 1198 1053 Capitolium,
1226 1024 1313 1045 aram
1350 1013 1494 1045 Victoriae
1523 1013 1596 1045 inﬁde
1623 1015 1692 1045 tolli
1718 1014 1878 1054 pmcepit.

217 1055 298 1086 VIII.
329 1054 490 1084 Praeconia
516 1053 656 1092 Gregorii
677 1053 731 1095 7de7
748 1054 930 1095 Constantio
959 1054 990 1083 in
1020 1054 1064 1095 iis
1084 1059 1255 1085 occurrunt
1278 1055 1480 1086 Orationibus
1497 1078 1504 1091 ,
1532 1064 1610 1095 quas
1639 1053 1749 1085 contra
1776 1054 1878 1085 Julia-

178 1103 254 1125 num
283 1095 351 1133 ejus
376 1103 586 1124 successorem
624 1093 774 1133 scripsit.
804 1094 878 1129 Quis
906 1103 1000 1133 porro
1028 1094 1106 1124 adeo
1137 1103 1280 1125 severum
1309 1104 1346 1125 ac
1379 1095 1513 1134 rigidum
1543 1093 1690 1125 ‘oratoris
1717 1103 1879 1125 censorem

180 1144 214 1165 se
242 1135 390 1168 exibebit.
409 1137 443 1164 ut
471 1134 550 1164 nihil
578 1134 605 1163 ei
634 1134 868 1163 concedendum
899 1136 998 1173 putet,
1014 1134 1040 1164 si
1069 1143 1256 1174 comparans
1282 1144 1353 1165 cum
1383 1135 1508 1166 Juliano
1537 1135 1766 1170 Constantium,
1787 1134 1877 1164 illum

178 1175 345 1214 deprimat,
376 1173 652 1215 hunc7extollat?7
672 1175 735 1203 Hac
762 1174 859 1213 igitur
886 1174 1018 1209 ratione,
1036 1174 1123 1204 licuit
1144 1173 1300 1214 Gregorio
1329 1176 1565 1215 comparatione
1600 1175 1719 1206 Juliani
1747 1174 1878 1215 laudaro

178 1215 408 1251 Constantium,
425 1218 455 1244 et
469 1214 500 1244 in
517 1214 676 1244 laudando
691 1215 924 1245 excusationem
940 1216 1052 1244 mereri
1067 1218 1180 1254 potest,
1198 1217 1223 1245 si
1239 1216 1353 1246 nimius
1368 1214 1472 1246 fuerit.
1488 1216 1731 1255 Comparatione
1750 1214 1879 1255 pessimi

176 1255 336 1286 interdum
351 1254 474 1285 laudari
490 1255 607 1284 malum
623 1264 680 1284 usu
696 1254 792 1284 venit.

217 1296 269 1326 XI.
300 1295 522 1326 Commendari
546 1295 639 1324 etiam
669 1295 772 1333 potuit
800 1294 1011 1329 Constantius,
1036 1294 1114 1324 citra
1143 1295 1355 1325 adulationem
1386 1299 1418 1326 et
1446 1295 1643 1326 mendacium
1673 1304 1712 1325 ex
1749 1295 1876 1334 pietate,

178 1345 233 1366 seu
247 1344 286 1366 ex
300 1336 387 1366 cultu
416 1344 491 1374 erga
519 1335 701 1373 religionem
731 1334 882 1365 exhibito.
913 1334 1173 1365 Luculentissima
1200 1338 1283 1365 certe
1311 1335 1491 1366 testimonia
1517 1338 1592 1366 sunt
1620 1335 1705 1366 illius
1718 1335 1751 1365 in
1777 1335 1878 1366 Chris-

178 1376 312 1416 stianam
328 1375 510 1414 religionem
528 1375 641 1416 cultus,
661 1375 869 1414 promulgatae
899 1384 917 1404 a
944 1376 1126 1405 Constantio
1156 1376 1257 1416 eade
1285 1385 1379 1406 causa
1403 1376 1498 1416 leges,
1522 1379 1553 1406 et
1580 1375 1700 1406 sancita
1727 1376 1878 1406 adversus

177 1415 363 1446 idololatras
382 1439 389 1452 ,
416 1415 662 1456 supersititiosos
679 1437 694 1456 ,7
714 1415 938 1456 incantatores,
965 1423 1139 1456 magosque
1161 1415 1263 1456 edicta
1289 1424 1295 1452 ;
1318 1415 1443 1456 quibus
1461 1416 1543 1455 patri
1569 1424 1626 1446 suo
1655 1416 1872 1452 Constantino,

182 1456 314 1495 aliisque
340 1455 555 1495 compluribus
584 1455 768 1485 orthodoxae
784 1455 857 1484 ﬁdei
872 1455 1066 1494 principibus
1092 1455 1219 1485 minime
1246 1456 1350 1495 impar
1377 1457 1475 1487 videri
1504 1456 1611 1495 possit.
1643 1457 1674 1487 Si
1698 1456 1729 1486 in
1759 1456 1877 1486 crimen

183 1499 313 1526 vocatur
339 1496 517 1534 Gregorius,
539 1504 575 1525 eo
605 1495 689 1534 quod
718 1495 855 1525 laudarit
883 1496 1111 1532 Constantium,
1143 1496 1300 1526 vocandus
1328 1497 1422 1527 etiam
1451 1497 1509 1526 erit
1550 1498 1582 1527 ὃ.
1613 1496 1748 1526 Hilarius
1776 1496 1877 1526 Picta-

181 1534 384 1576 viensis;ille
410 1537 476 1576 ipse
506 1536 631 1575 praesul,
659 1545 720 1574 quo
750 1545 813 1565 non
840 1535 920 1576 alter
947 1535 1117 1565 ferventior
1141 1535 1304 1566 catholicae
1334 1537 1406 1567 fidei
1419 1537 1565 1567 defensor
1591 1539 1702 1567 contra
1732 1536 1873 1566 Arianos.

182 1575 304 1616 Laudat
317 1575 457 1616 namque
479 1576 615 1606 Hilarius
643 1575 702 1615 (48)
733 1575 959 1612 Constantium,
979 1588 991 1601 ι
1022 1576 1173 1615 singulari
1188 1579 1219 1606 ct
1234 1576 1401 1606 admirabii
1426 1576 1595 1616 sapientia,
1624 1586 1642 1607 a
1665 1577 1760 1606 beata
1776 1579 1808 1606 et
1822 1585 1873 1606 re-

178 1615 294 1656 ligiosa
306 1615 476 1646 voluntate.
494 1628 508 1643 ››
527 1633 565 1637 -
584 1627 598 1644 «
614 1616 690 1645 Vere
706 1619 748 1651 te,
764 1616 895 1656 Domine
910 1616 1072 1645 Constanti
1087 1616 1268 1655 imperator,
1287 1627 1301 1644 υ
1319 1616 1433 1656 inquit,
1454 1615 1473 1645 (ἱ
1483 1616 1624 1647 admiror
1638 1616 1733 1647 ﬁdem
1750 1619 1873 1656 tantum

178 1655 352 1686 secundum
382 1665 417 1686 ea
445 1665 515 1695 quae
546 1655 662 1695 scripta
692 1658 764 1685 sunt
790 1655 1038 1691 desiderantem;
1070 1659 1100 1686 et
1126 1656 1238 1686 merito
1266 1655 1426 1696 plane’ad
1454 1657 1509 1687 illa
1537 1657 1605 1696 ipsa
1634 1657 1795 1695 Unigeniti
1821 1655 1878 1687 Dei

177 1696 304 1735 eloquia
330 1696 480 1726 festinans
499 1719 507 1732 ,
536 1699 570 1725 ut
598 1695 807 1735 imperatoriae
837 1695 1054 1725 sollicitudinis
1097 1705 1197 1735 capax
1224 1695 1334 1736 pectus
1375 1697 1438 1727 etia
1465 1695 1642 1727 divinorum
1680 1697 1877 1736 eloquiorum

170 1736 366 1767 conscientia
395 1737 523 1776 plenum
553 1736 603 1765 sit.
624 1748 637 1763 ι
669 1736 700 1766 Si
726 1736 868 1777 laudasse
897 1736 1112 1777 Constantium
1139 1737 1256 1766 crimen
1286 1740 1345 1773 est,
1372 1746 1506 1777 magnus
1535 1737 1725 1767 Athanasius
1753 1737 1784 1766 in
1815 1737 1876 1767 cri-

169 1785 240 1817 men
268 1777 444 1812 vocabitur,
461 1777 596 1817 invictus
624 1776 676 1806 ille
705 1776 897 1817 orthodoxa:
923 1776 996 1806 fidei
1024 1780 1253 1816 propugnator,
1278 1777 1310 1806 in
1338 1786 1401 1816 quo
1426 1776 1516 1807 annis
1546 1777 1689 1817 pluribus
1719 1777 1875 1807 catholica

168 1816 245 1857 fides
272 1816 425 1847 inclinata
452 1816 634 1847 recumbere
658 1817 724 1846 visa
751 1819 816 1846 est:
844 1816 965 1857 quippe
985 1816 1048 1857 7qui
1066 1828 1080 1857 ις
1110 1816 1283 1847 humanum
1313 1822 1344 1846 et
1373 1819 1460 1857 pium
1489 1816 1713 1857 imperatorem
1730 1829 1745 1845 »
1762 1817 1873 1857 appel-

167 1856 212 1897 lat
225 1857 489 1897 Constantium.7«
506 1857 562 1892 llli,
579 1868 593 1883 ››
613 1856 727 1895 inquit,
744 1857 782 1886 de
798 1856 922 1897 Arianis
942 1856 1097 1895 episcopis
1126 1858 1258 1895 10quens
1273 1857 1347 1897 (49),
1366 1869 1382 1885 «
1411 1856 1688 1897 praeterimentem
1719 1856 1872 1888 Constan-

167 1896 203 1926 tii
229 1897 430 1936 imperatoris
458 1896 589 1926 humani
618 1900 648 1926 et
679 1896 721 1935 pii
751 1905 808 1935 pro
836 1896 964 1925 libidine
993 1906 1063 1935 quae
1092 1897 1202 1927 volunt
1229 1896 1428 1936 pomulgant,
1460 1910 1475 1925 »
1505 1901 1565 1928 etc.
1593 1897 1776 1936 Cujusmodi
1801 1897 1873 1936 plu-

165 1937 245 1966 rima
261 1937 324 1967 alia
338 1938 370 1966 in
399 1937 561 1976 Apologiis
585 1936 763 1966 Athanassii
788 1936 925 1975 reperias
940 1936 1022 1976 (50);
1041 1946 1221 1976 quanquam
1251 1937 1292 1967 ab
1307 1947 1355 1973 eo,
1380 1941 1414 1968 ut
1430 1938 1470 1967 ab
1498 1937 1630 1973 Hilario,
1647 1941 1800 1976 patronus
1810 1938 1871 1967 im-

166 1977 303 2016 pietatis,
333 1977 487 2007 haereseos
515 1978 744 2017 imperatoret
772 1976 1081 2017 antichristusnon
1103 1978 1200 2007 semel
1217 1977 1363 2007 audierit.
1394 1978 1473 2007 Hinc
1503 1978 1650 2016 colligere
1687 1981 1745 2013 est,
1774 1986 1871 2017 quam

166 2015 240 2047 vere
268 2017 435 2057 Gregorius
464 2017 540 2057 hac
560 2017 599 2057 de
627 2016 744 2046 infelici
772 2016 912 2057 principe
941 2015 1200 2057 scripserit7(5l).
1229 2017 1287 2052 Qui
1312 2017 1439 2056 quidem
1470 2015 1711 2057 (Constantius),
1742 2017 1768 2048 si
1786 2015 1873 2057 ‘quid

169 2055 440 2087 molestiae'nobis
471 2056 626 2093 exhibuit,
656 2066 718 2085 non
747 2056 845 2086 nostri
875 2059 1056 2095 contemptu
1085 2055 1242 2094 id‘feCit,
1271 2055 1330 2087 nec
1356 2060 1389 2087 ut
1416 2055 1479 2087 nos
1501 2055 1694 2087 contumelia
1721 2055 1871 2093 afﬁceret,

172 2105 229 2127 nec
257 2100 292 2127 ut
318 2097 387 2127 aliis
417 2096 605 2136 quibusdam
637 2096 739 2135 potius
768 2105 862 2135 quam
892 2096 982 2126 nobis
1010 2095 1188 2135 indulgeret
1213 2105 1221 2133 ;
1251 2097 1303 2127 sed
1335 2100 1368 2128 ut
1397 2106 1505 2127 omnes
1537 2097 1569 2127 in
1590 2107 1687 2127 unum
1717 2098 1875 2128 coiremus

171 2137 413 2176 animorumque
428 2137 632 2167 consensione
647 2136 922 2175 conjungeremur,
941 2145 997 2166 nec
1013 2146 1067 2175 per
1083 2136 1255 2167 schismata
1270 2138 1350 2167 inter
1375 2147 1433 2168 nos
1460 2138 1558 2167 direm
1585 2138 1608 2167 ti
1632 2141 1727 2176 atque
1750 2137 1875 2168 dissecti

172 2187 321 2207 essemus.
342 2189 356 2205 ι
373 2180 411 2207 Et
424 2177 455 2207 in
473 2177 640 2207 Steleutica
661 2177 798 2206 secunda
829 2176 907 2207 (5‘2):
929 2177 1038 2206 «Nam
1068 2180 1099 2206 et
1128 2177 1152 2206 si
1181 2186 1199 2207 a
1217 2181 1300 2207 recta
1329 2177 1391 2207 fide
1406 2186 1468 2207 non
1494 2147 1582 2207 nihii)
1603 2177 1762 2207 declinare
1790 2179 1875 2207 visus

172 2187 321 2208 essemus.
342 2189 356 2205 ι
373 2180 411 2207 Et
424 2177 455 2207 in
473 2177 640 2207 Steleutica
661 2177 798 2206 secunda
829 2176 907 2216 (52):
929 2177 1038 2206 «Nam
1068 2180 1099 2206 et
1128 2177 1152 2206 si
1181 2186 1199 2207 a
1217 2181 1300 2207 recta
1329 2177 1391 2207 fide
1406 2186 1468 2207 non
1494 2176 1574 2207 nihil
1603 2177 1762 2209 declinare
1790 2179 1875 2208 visus

172 2220 218 2247 est
233 2217 293 2248 hoc
308 2220 413 2247 tamen
429 2218 548 2248 crimen
562 2216 793 2255 importunitati
809 2225 973 2256 procerum
990 2216 1125 2255 ﬁdeique
1141 2217 1287 2256 parvitati
1302 2218 1504 2248 tribuendum
1520 2221 1578 2254 est,
1597 2230 1611 2245 ιι
1642 2221 1703 2249 etc.

211 2258 259 2288 ’Π
289 2258 327 2287 Χ.
356 2259 510 2297 Deceptus
538 2257 697 2292 nimirum,
728 2257 879 2292 tametsi,
903 2259 980 2286 teste
1006 2256 1125 2286 Hilario
1154 2258 1216 2297 (53)
1236 2280 1244 2293 ,
1273 2258 1495 2297 cupidissimus
1526 2258 1692 2288 audiendas
1718 2258 1875 2294 veritatis,

171 2296 276 2327 bonus
303 2296 449 2337 princeps
477 2297 657 2328 Catholicos
686 2297 827 2326 nesciens
855 2297 1011 2335 urgebat,
1029 2300 1137 2337 atque
1165 2298 1196 2327 in
1226 2306 1280 2328 eos
1302 2296 1411 2328 saevire
1439 2298 1692 2337 compellebatur
1708 2320 1715 2328 .
1747 2299 1825 2334 Quia
1852 2299 1876 2328 ii

172 2345 237 2378 non
264 2340 364 2378 erant,
396 2336 461 2377 qui,
493 2337 620 2377 prodita
647 2337 778 2378 veritate
808 2340 903 2376 atque
932 2336 1133 2378 conscientia,
1151 2337 1260 2367 falsam
1290 2347 1398 2376 pacem
1429 2336 1578 2369 emerent.
1610 2340 1718 2378 quue
1747 2338 1876 2369 credibi-

171 2376 232 2418 lius
262 2376 345 2407 istud
373 2376 503 2414 evadit,’
521 2377 617 2418 quod
633 2377 869 2418 Theodoretus
886 2376 1104 2418 scribit7(54):
1126 2389 1153 2418 «7
1170 2378 1235 2407 Etsi
1262 2378 1464 2408 Constantius
1495 2379 1643 2418 deceptus
1665 2376 1711 2408 ab
1738 2378 1786 2414 iis,
1812 2378 1878 2417 qui—
1929 2397 1933 2401 -

172 2417 230 2447 bus
258 2426 290 2447 se
319 2418 491 2456 regendum
521 2417 716 2456 permiserat,
748 2417 1039 2447 consusbstantialis
1068 2417 1257 2447 vocabulum
1286 2427 1348 2448 non
1365 2418 1503 2455 admisit,
1520 2417 1644 2448 sensum
1675 2422 1779 2448 tamen
1809 2418 1877 2457 ejus

173 2457 482 2498 sincere7confessus
509 2461 597 2488 est.»
630 2458 704 2493 Quae
737 2457 888 2496 profecto,
906 2458 931 2487 si
961 2466 1034 2487 vera
1062 2460 1145 2494 sunt,
1176 2458 1347 2488 minuenda
1375 2462 1421 2489 est
1447 2459 1620 2489 Constantii
1649 2459 1756 2498 culpa,
1775 2467 1876 2497 quan-

172 2506 267 2537 quam
283 2497 404 2528 absolvi
421 2497 543 2535 penitus
559 2507 620 2527 non
637 2498 744 2537 possit.

210 2538 261 2568 XI.
294 2538 384 2568 Hunc
412 2541 517 2568 tamen
545 2538 668 2568 videtur
695 2538 858 2567 absolvere
886 2537 1066 2575 Gregorius,
1097 2540 1192 2576 atque
1220 2537 1315 2568 etiam
1342 2539 1374 2568 in
1399 2539 1486 2568 ccelis
1515 2538 1682 2568 collocare.
1700 2538 1762 2569 Sed
1790 2547 1878 2569 error

171 2577 383 2616 ignoscendus
402 2601 409 2613 ,
438 2587 509 2608 cum
536 2578 686 2616 ignorans
715 2578 789 2607 facti
817 2578 1034 2607 Constantium
1071 2578 1228 2616 putaverit
1256 2579 1461 2617 pmnitenlem
1489 2589 1495 2608 :
1527 2579 1644 2618 quippe
1685 2588 1776 2617 quem
1820 2587 1877 2608 au-

172 2618 274 2648 dierat
300 2618 486 2648 morientem
516 2618 664 2654 doluisse,
696 2618 779 2657 quod
810 2617 898 2647 novis
926 2617 1096 2647 studuisset
1123 2618 1322 2656 dogmatibus
1340 2641 1347 2648 .
1378 2621 1437 2649 Pro
1479 2617 1564 2649 certo
1585 2617 1739 2649 ’habebat
1766 2619 1879 2657 Grego-

172 2658 246 2694 rius,
277 2667 349 2688 cum
377 2658 549 2688 invectivas
577 2658 726 2688 scriberet
750 2658 822 2697 (55),
841 2670 855 2685 «
884 2657 1101 2687 Constantium
1127 2659 1180 2697 pio
1219 2659 1281 2688 fine
1318 2658 1415 2689 vitam
1434 2658 1593 2689 clausisse.
1624 2658 1713 2694 Quod
1742 2658 1766 2688 si
1795 2668 1878 2692 vere.

170 2701 267 2737 prout
293 2698 361 2738 ipse
388 2699 522 2738 putavit,
554 2698 658 2738 inquit
685 2698 838 2728 Baronius
868 2698 942 2737 (56),
974 2697 1122 2728 accidisse
1151 2699 1336 2738 contigerit;
1362 2699 1448 2730 haud
1473 2699 1623 2729 abhorret
1652 2708 1670 2728 a
1704 2698 1778 2736 ﬁde,
1795 2698 1879 2738 quod

170 2738 324 2769 relatione
349 2739 522 2769 multorum
538 2739 642 2769 fuerat
668 2738 866 2768 diffamatum
896 2739 935 2768 de
964 2739 1073 2768 audito
1099 2738 1221 2768 caelitus
1237 2743 1343 2776 cantu,
1368 2749 1437 2769 cum
1474 2739 1626 2778 gaudium
1657 2740 1712 2769 fiat
1739 2739 1771 2768 in
1800 2739 1880 2769 coelo

171 2788 267 2819 super
280 2788 344 2809 uno
359 2782 526 2819 peccatore
542 2778 760 2818 paenitentiam
776 2781 902 2817 agente.
921 2789 935 2806 »

206 2836 264 2872 (46)
280 2836 346 2865 Bar.
362 2837 397 2864 ad
414 2845 483 2864 ann.
499 2837 562 2869 361,
580 2839 602 2863 t.
618 2836 669 2870 Ill,
686 2844 714 2872 p.
730 2836 793 2863 838.
1091 2836 1145 2871 (21)
1162 2836 1209 2863 0r.
1226 2845 1264 2869 iv,
1283 2845 1310 2864 n.
1328 2837 1374 2864 37.

207 2871 265 2908 (47)
278 2872 372 2908 Epist.
384 2880 465 2906 xvtn,
481 2881 512 2899 n.
528 2872 574 2899 32.
652 2907 656 2908 7
690 2871 693 2872 ν
799 2906 822 2908 _,
851 2907 858 2908 ί

540 2872 574 2899 l2.
652 2907 656 2908 7
690 2871 693 2872 ⁷
799 2906 822 2908 _7
851 2907 858 2908 7
1091 2872 1145 2908 (5'3)
1162 2872 1208 2908 0r.
1225 2881 1253 2905 ν,
1272 2881 1299 2899 n.
1318 2873 1360 2900 47.

209 2906 266 2943 (48)
282 2906 343 2936 Lib.
367 2915 388 2942 ι,
414 2908 450 2936 ad
472 2907 570 2936 Const.
594 2916 623 2935 ιι.
647 2907 675 2942 2,
701 2915 767 2943 pag.
794 2906 882 2940 4219;
900 2906 951 2934 lib.
969 2915 1001 2943 ιι,

794 2906 882 2940 1219;
900 2906 951 2934 lib.
969 2915 1001 2943 ιι,
1092 2906 1147 2943 (53)
1166 2907 1225 2935 Lib.
1243 2916 1262 2935 ιι
1279 2908 1315 2935 ad
1335 2908 1433 2935 Const.
1450 2916 1478 2936 n.
1496 2908 1507 2935 1
1528 2910 1556 2936 et
1570 2909 1597 2936 2.

175 2943 263 2980 11-83,
417 2979 421 2980 ,

1091 2943 1146 2980 (757117)
1163 2944 1236 2980 ῌιέί.
1253 2943 1272 2971 1.
1290 2951 1373 2980 nec.
1390 2944 1416 2979 l,
1434 2952 1461 2980 p.
1478 2943 1539 2972 426.

221 2944 248 2971 8.
1091 2944 1136 2978 (54
1163 2944 1236 2972 Hist.
1253 2944 1272 2971 1.
1290 2951 1331 2971 m.
1349 2953 1354 2971 ι

211 2978 272 3051 (4θέ
283 2979 360 3008 Hist.
376 2979 476 3007 Arian.
491 2988 519 3007 n.
531 2980 575 3006 45.
1160 2978 1207 3007 Or.
1222 2987 1250 3015 ν,
1267 2988 1297 3007 n.
1310 2979 1354 3008 18.

213 3015 261 3049 (50
288 3015 362 3043 Ibid.
377 3024 407 3043 n.
422 3015 458 3042 7/1
471 3018 497 3043 et
511 3016 556 3042 73.
1104 3015 1149 3048 56)
1165 3015 1241 3049 Bar.,
1260 3015 1294 3042 ad
1311 3023 1354 3043 am

213 3015 272 3049 (50)
288 3015 362 3043 Ibid.
377 3024 407 3043 n.
422 3015 458 3042 7/1
471 3018 497 3043 et
511 3016 556 3042 73.

1093 3015 1149 3049 (56)
1165 3015 1241 3049 Bar.,
1260 3015 1294 3042 ad
1311 3023 1378 3043 ann.
1395 3015 1457 3049 361,
1474 3016 1543 3048 §3l.
