4152 6286
344 443 451 501 531
1583 432 1646 492 S.
1702 432 2076 493 GREGORII
2120 433 2517 498 THEOLOGI
3638 432 3757 491 532

424 573 557 639 XII,
621 570 841 629 Mirum
904 565 1139 627 nemini
1195 565 1479 642 profecto
1533 564 1732 624 videri
1785 562 1993 645 debet,
2044 563 2094 623 si
2126 566 2508 645 Gregorius,
2564 585 2690 645 quo
2747 573 3031 645 tempore
3082 563 3431 645 Invectivas
3483 561 3756 645 scripsit,

350 654 556 712 minus
613 649 857 709 noverit
915 664 1308 725 quaecunque
1374 644 1808 725 Constantius,
1858 643 1922 701 in
1980 644 2243 725 gratiam
2307 643 2682 707 Arianorum
2721 693 2735 720 ,
2797 643 3016 707 contra
3102 644 3480 725 catholicam
3566 643 3757 725 ﬁdem

349 733 609 811 ejusque
666 723 1021 790 defensores
1080 731 1397 811 gesserat.
1448 727 1524 811 ‘In
1583 723 1924 811 tenerrima
1980 723 2189 811 adhuc
2246 733 2430 787 astate
2485 734 2668 801 erat,
2730 746 2875 787 cum
2946 726 3346 811 Constantius
3420 723 3757 802 imperium

349 804 443 873 est
495 804 780 889 adeptus,
816 813 1194 889 atqueitoto
1253 806 1389 889 ejus
1445 806 2057 889 imperii_tempore,
2112 804 2308 889 laicus
2367 814 2443 889 et
2484 828 2521 868 a
2578 808 2800 868 mundi
2857 807 3124 889 hujusce
3178 806 3367 866 rebus
3422 822 3763 883 propemo-

352 894 502 952 dum
554 884 816 962 alienus,
876 884 1220 966 studiisque
1279 887 1629 946 litterarum
1694 884 1959 957 deditus,
2021 890 2131 944 aut
2174 887 2376 966 etiam
2431 888 2494 947 in
2552 907 2787 961 eremo,
2821 895 2884 949 et
2938 884 3000 946 in
3060 886 3248 946 domo
3303 889 3588 966 paterna,
3634 903 3761 966 non

351 991 527 1034 secus
575 977 763 1050 atque
819 970 883 1028 in
943 964 1312 1050 solitudine,
1365 966 1875 1050 abditus_vixit.
1938 965 2315 1050 Quin__for_te
2390 969 2705 1047 ignoravit
2758 968 2853 1050 Aab
2911 967 3142 1028 Euzoio
3201 965 3635 1050 constantium
3695 964 3760 1050 in

354 1044 1022 1128 extremis-baptisma
1074 1047 1442 1124 suscepisse,
1503 1052 1563 1106 et
1619 1044 1873 1128 demum
1932 1045 2195 1128 credidit
2248 1044 2696 1126 imperatorem
2746 1048 2883 1127 jam
2932 1049 3065 1126 jam
3129 1048 3499 1107 moriturum
3559 1046 3762 1128 pmnif

354 1135 547 1194 tuisse
604 1125 1004 1210 quod—novis
1079 1128 1480 1210 dogmatibué
1561 1126 1897 1210 Stufi‘ﬂsset
1932 1169 1946 1183 '
1998 1125 2065 1210 .ld
2117 1144 2266 1210 ῩθῙὈ
2324 1125 2658 1191 credidisse
2714 1125 3081 1207 Gregorium
3142 1146 3392 1210 necesse
3448 1130 3589 1210 agt—3
3649 1126 3763 1204 qui

355 1233 470 1294 pro
525 1205 693 1273 certo
744 1210 1119 1294 habuit_,_‘ut
1176 1205 1798 1294 s_cribit.Baronius_,
1866 1227 1893 1263 «
1952 1205 2055 1294 pio
2107 1206 2229 1294 fine
2284 1209 2477 1269 vitam
2532 1205 3319 1294 ciausisse'Oonstantium
3358 1226 3459 1294 ..ρ
3524 1208 3759 1266 Verum

358 1286 770 1373 posteaquam
821 1291 883 1373 iis
938 1288 1031 1349 illi
1086 1286 1457 1373 notiopfujt
1512 1287 1877 1373 imperator,
1912 1286 2228 1373 aliterue
2287 1306 2359 1349 eo
2405 1290 2611 1373 sensit
2664 1297 2725 1350 et
2780 1290 3046 1368 scripsit.
3072 1289 3275 1373 _Quod_
3304 1286 3556 1373 quidem
3616 1304 3762 1346 con-

361 1366 485 1435 stat
540 1366 619 1433 ex
663 1372 959 1431 Oratione
1016 1388 1165 1442 xxv,
1220 1368 1326 1427 ubi
1374 1368 1451 1427 de
1505 1366 2332 1449 Constantiobaechihabet.
2397 1369 2518 1449 (57)
2578 1393 2606 1424 ‹‹
2671 1366 2922 1430 Rursus
2968 1369 3200 1429 malum
3259 1366 3764 1449 imperium,_et

360 1474 576 1514 rursus
635 1452 868 1512 malum
928 1449 1314 1509 reviviscit...
1374 1465 1721 1526 gravesque
1780 1446 1959 1525 lupi,
2021 1446 2127 1506 alii
2183 1445 2435 1511 aliunde
2497 1445 2614 1509 nos
2669 1450 3185 1528 intercipientes,
3222 1445 3561 1528 Ecclesium
3645 1445 3767 1528 dis-

363 1540 675 1613 cerpunt.
737 1535 1078 1592 Armantur
1156 1529 1550 1613 sacerdotes_
1592 1528 1887 1613 adversus
1968 1528 2370 1613 sacerdotes,
2448 1529 2627 1613 plebs
2710 1527 3005 1591 adversus
3044 1529 3336 1613 _plebem
3420 1527 3765 1613 furibundo

362 1607 603 1693 impetu
652 1614 849 1673 fertur
881 1659 894 1684 ,
950 1614 1297 1693 Imperator
1354 1610 1488 1693 ipse
1534 1607 1845 1685 impietati
1901 1608 2347 1693 auctoritatem
2401 1607 2681 1693 praebet,
2741 1616 2930 1689 atque
2987 1607 3285 1693 adversus
3341 1607 3764 1669 orthodoxam

366 1689 717 1754 doctrinam
773 1693 944 1769 leges
996 1691 1267 1751 instituit
1320 1708 1333 1761 ;
1393 1689 1562 1767 iique
1620 1693 1947 1769 praeterea,
2004 1689 2113 1767 qui
2164 1708 2279 1749 nec
2335 1690 2396 1749 in
2455 1691 2756 1763 virorum,
2817 1709 2929 1750 nec
2986 1692 3050 1750 in
3110 1690 3445 1749 mulierum
3490 1705 3766 1769 numero

368 1775 672 1852 dignitate
703 1767 1031 1851 deplorare
1086 1771 1324 1848 queat?
1382 1769 1635 1839 Exsilia,
1670 1768 1982 1852 bonorum
2040 1770 2550 1848 proscriptiones,
2584 1794 2611 1825 ι)
2646 1776 2707 1831 et
2763 1776 2989 1831 caetera
3045 1771 3273 1848 quibus
3330 1767 3767 1852 gravissimam

368 1848 621 1915 illorum
680 1848 1037 1930 temporum
1098 1855 1556 1928 tempestatem,
1620 1848 2171 1930 miserandumque
2232 1851 2519 1911 Ecclesiae
2578 1857 2857 1924 statum,
2920 1852 3271 1928 imperante
3350 1849 3715 1930 Constantio
3758 1896 3772 1923 ,

371 1935 646 2014 perfecte
695 1928 1008 2011 exprimit.
1049 1931 1160 1990 Hic
1198 1952 1226 1987 «
1288 1930 1522 1989 malum
1580 1952 1611 1983 »
1646 1934 1852 2014 vocat,
1890 1952 1919 1983 «
1950 1929 2376 2014 imperium,»
2422 1932 2591 2014 quod
2650 1931 2797 1990 olim
2850 1949 3057 1990 rerum
3116 1932 3371 2008 ignarus
3408 1953 3437 1983 «
3460 1928 3704 2014 justum
3736 1954 3767 1985 »

373 2007 521 2075 cens
548 2014 693 2074 endi
722 2007 889 2085 sunt,
925 2030 1193 2089 quorum
1228 2028 1459 2088 magna
1516 2010 1682 2087 apud
1741 2028 1883 2090 eum
1915 2018 2050 2069 erat
2104 2012 2408 2088 potentia,
2441 2007 2583 2090 quis
2641 2030 2789 2071 vero
2847 2011 3150 2089 temporis
3200 2011 3370 2071 illius
3432 2007 3600 2090 mala
3630 2029 3772 2088 pro—

374 2095 820 2175 appellaverat.
881 2088 1161 2175 Exsilia,
1213 2090 1700 2175 proscriptiones
1780 2089 2092 2175 bonorum
2126 2136 2141 2163 ,
2202 2088 2556 2175 ipsumque
2618 2115 2649 2147 «
2702 2088 3198 2175 imperatorem,
3269 2090 3377 2170 qui
3453 2088 3766 2175 impietati

374 2170 811 2237 auctoritatem
866 2194 896 2230 n
963 2171 1323 2251 praebuerit,
1384 2172 1470 2231 sic
1523 2171 1917 2252 insectatur,
1948 2176 2019 2252 ut
2074 2170 2311 2252 laudes,
2364 2170 2592 2252 quibus
2648 2170 2809 2233 ante,
2846 2172 3279 2235 Constantium
3327 2170 3768 2234 cumulaverat

370 2256 724 2335 Gregorius,
762 2250 1163 2335 postmodum
1190 2258 1544 2313 recantasse
1574 2251 1797 2312 merito
1826 2250 2025 2312 videri
2047 2251 2263 2330 possit.

430 2382 543 2455 (57)
575 2381 671 2438 Or.
703 2396 831 2446 xxv,
864 2395 924 2434 n.
953 2378 1007 2433 9.

803 2655 1267 2751 ORATIO
1343 2653 1472 2746 IV
1495 2665 1552 2744 ⁸.

358 2820 455 2876 ’18
487 2820 765 2875 Adversus
794 2818 1085 2874 Iulianum
1114 2816 1499 2888 imperatorem
1526 2813 1680 2885 prior
1708 2813 2001 2868 Invectiva.

430 3016 481 3069 1.
513 3014 706 3069 Audite
763 3012 902 3080 haec,
964 3028 1148 3068 omne:
1205 3018 1414 3081 gentes,
1473 3009 1708 3065 auribus
1746 3012 2007 3081 percipite

358 3121 548 3162 omnes
580 3104 676 3173 qui
706 3102 965 3157 habitatis
994 3103 1179 3157 orbem
1200 3101 1263 3155 ’7.
1291 3100 1507 3154 Omnes
1539 3098 1716 3170 enim,
1741 3098 1907 3170 quasi
1940 3117 2008 3154 ex

360 3194 518 3250 edita
548 3193 802 3263 quadam
834 3196 890 3246 et
936 3192 1363 3246 mediterranea
1406 3187 1664 3260 specula,
1698 3204 1911 3259 magno
1943 3204 2009 3243 ac

361 3280 601 3336 sublimi
648 3279 933 3351 praeconio
985 3278 1234 3351 appello.
1278 3277 1509 3343 Audite,
1544 3275 1765 3348 populi,
1798 3277 2007 3344 tribus,

360 3370 575 3442 linguas
596 3368 660 3434 ³⁸,
684 3368 975 3437 homines,
1004 3383 1231 3433 omnes,
1255 3366 1515 3437 cujusvis
1537 3366 1767 3437 generis
1798 3369 1855 3419 et
1874 3371 2012 3421 aeta-

358 3459 460 3528 tis,
492 3462 609 3512 tam
658 3456 757 3529 qui
802 3473 956 3511 nunc
1006 3456 1168 3522 estis,
1201 3472 1380 3526 quam
1433 3454 1535 3524 qui
1576 3457 1776 3525 postea
1806 3454 2008 3523 eritis;

358 3552 538 3619 atque
568 3562 684 3617 quo
716 3545 893 3600 latius
942 3543 1295 3616 praeconium
1348 3547 1568 3614 pateat,
1600 3542 1793 3598 omnis
1840 3543 2012 3597 ecclo-

359 3652 490 3691 rum
522 3634 728 3701 virtus,
759 3651 963 3689 omnes
991 3632 1203 3705 angeli,
1235 3648 1485 3703 quorum
1528 3646 1701 3701 opera
1730 3634 2013 3702 tyrannus

361 3723 683 3780 exstinctus
714 3739 779 3777 ac
810 3721 1036 3777 deletus
1067 3726 1176 3791 est,
1210 3737 1325 3776 non
1375 3720 1523 3775 Seon
1555 3718 1653 3774 ille
1681 3735 1781 3774 rex
1808 3722 2010 3774 Amor-

357 3814 675 3879 rhaeorum,
704 3827 892 3883 neque
923 3814 1022 3883 0g,
1043 3826 1143 3865 rex
1172 3811 1360 3865 Basan
1393 3810 1459 3879 ³9,
1479 3808 1672 3880 exigui
1693 3808 2011 3880 principes,

362 3908 537 3975 atque
570 3900 864 3966 Israelem,
893 3900 1000 3956 hoc
1033 3903 1141 3965 est,
1174 3915 1413 3971 parvam
1444 3898 1601 3952 orbis
1634 3901 1889 3968 partem,
1918 3914 2013 3952 ve-

2616 2679 3019 2776 ΛΟΓΟΣ
3126 2687 3260 2778 A’.

2114 2830 2256 2884 Κατᾶ
2290 2827 2590 2885 Ἰουλιανοῢ
2620 2832 2735 2905 (58)
2772 2830 3040 2906 βασιλέως
3073 2837 3183 2909 (59)
3216 2830 3634 2903 Στηλιτευτικὸς
3664 2797 3782 2903 (60)

2821 2909 3063 2978 πρῶτος.

2188 3009 2246 3062 Α¹
2276 3008 2549 3064 Ακούσατε
2581 3008 2765 3082 ταῦτα,
2806 3010 2979 3064 πάντα
3028 3013 3095 3065 τὰ
3156 3008 3274 3080 ἔθνη
3334 3012 3401 3066 τὰ
3431 3005 3581 3078 ἔθνη,
3614 3008 3773 3063 ἐνωτί

2116 3098 2272 3151 σασθε
2354 3097 2547 3159 πάντες
2635 3100 2686 3152 οἱ
2774 3104 3146 3163 κατοικοῦντες
3230 3102 3328 3169 τήν
3424 3098 3770 3170 οἰκουμένην·

2115 3190 2270 3240 καλῶ
2328 3188 2430 3263 γὰρ
2493 3188 2749 3257 ἅπαντας,
2815 3187 2993 3264 ὣσπερ
3064 3189 3113 3258 ἐξ
3179 3189 3424 3244 ἀπόπτου
3473 3188 3619 3249 τινὸς
3680 3186 3770 3240 καὶ

2122 3275 2450 3349 μεσαιτάτης
2542 3279 2825 3351 περιωπῆς
2912 3279 3045 3350 (61),
3119 3276 3343 3351 μεγάλῳ
3409 3276 3500 3331 καῖ
3576 3274 3774 3349 ὑψηλῴ

2115 3369 2196 3436 τῷ
2245 3366 2360 3435 (62)
2412 3364 2772 3439 κηρύγματι·
2826 3365 3104 3434 ἀκούσατε,
3153 3365 3297 3437 λαοὶ,
3359 3363 3545 3443 φυλαὶ.
3594 3362 3774 3440 γλῶσ-

2119 3474 2229 3520 σαι,
2287 3459 2389 3507 πᾶν
2449 3454 2603 3528 γένος
2661 3454 2956 3530 ἀνθρώπων
3021 3458 3153 3528 (63),
3206 3456 3297 3508 καὶ
3364 3454 3562 3524 ἡλεκία
3611 3459 3775 3521 πᾶσα,

2119 3544 2231 3597 ’ὸσει
2282 3563 2339 3596 τε
2385 3547 2474 3596 νῦν
2518 3542 2653 3614 ἐστε,
2684 3544 2773 3597 καὶ
2832 3543 2948 3597 ὅσοι
3006 3546 3292 3618 γενήσεσθε
3327 3566 3339 3578 ι
3370 3544 3460 3598 καὶ
3486 3542 3625 3617 ’ίν’ᾖ
3685 3562 3777 3615 μοι

2126 3635 2308 3703 μεῖζον
2378 3631 2440 3685 τὸ
2501 3634 2776 3707 κήρυγμα,
2842 3639 2983 3687 πᾶσα
3043 3630 3265 3705 δύναμις
3335 3637 3443 3687 τῶν
3505 3632 3777 3707 οὐρανῶν,

2122 3719 2315 3781 πάντες
2348 3718 2597 3794 ἄγγελοι,
2659 3721 2738 3782 οἶς
2767 3716 2919 3796 ἔργον
2954 3723 2988 3789 ἠ
3046 3726 3142 3775 τοῦ
3172 3722 3431 3793 τυράννου
3460 3720 3779 3793 κατάλυσις,

2125 3808 2185 3862 οὐ
2216 3810 2306 3862 τὸν
2362 3809 2519 3877 Σηὼν
2564 3810 2675 3881 (64)
2705 3806 2995 3871 καθελοῦσι
3053 3810 3136 3863 τὸν
3176 3808 3403 3884 βασιλέα
3428 3814 3536 3863 τῶν
3570 3807 3778 3882 Ἀμορ-

2126 3897 2311 3973 ῥαίων,
2347 3895 2471 3952 οὐδέ
2503 3898 2594 3951 τὸν
2625 3900 2727 3973 Ὥγ
2762 3895 2988 3973 βασιλέα
3016 3904 3115 3966 τῆς
3145 3900 3344 3966 Βασὰν,
3412 3898 3638 3973 μικροὺς
3688 3894 3775 3950 δυ-

361 3997 605 4057 xantes;
642 4007 839 4045 verum
892 3991 1065 4045 draco
1119 3988 1214 4043 ille
1243 3989 1308 4059 ‘0,
1353 3990 1621 4058 apostata
1652 3986 1766 4057 ille,
1802 4003 2017 4059 magna

2142 3985 2340 4053 ράστας,
2394 3986 2480 4041 καὶ
2547 3988 2736 4063 μικρὸν
2796 3990 2906 4059 (65)
2964 3986 3129 4063 μέρος
3169 3995 3267 4055 τῆς
3302 3986 3623 4060 οἰκουμένης
3681 4006 3779 4039 κα-

368 4081 469 4135 illa
518 4096 708 4147 mens,
754 4080 1021 4151 Assyrius
1069 4078 1186 4145 ille,
1226 4077 1323 4132 ille
1372 4076 1704 4132 communis
1753 4077 2017 4132 omnium

371 4167 645 4223 inimicus
687 4173 860 4239 atque
912 4168 1100 4223 hostis
1125 4168 1192 4235 ³1,
1225 4166 1321 4237 qui
1373 4170 1429 4221 et
1474 4166 1727 4220 multum
1773 4166 2019 4227 fuorem,

369 4256 702 4327 multasque
732 4256 925 4310 minas
959 4256 1014 4309 in
1048 4260 1202 4310 terra
1227 4254 1505 4326 profudit,
1548 4258 1604 4308 et
1632 4253 1877 4309 multam
1909 4254 2019 4308 ini-

370 4345 654 4418 quitatem
687 4345 746 4398 in
778 4344 1071 4400 excelsum
1102 4343 1332 4398 locutus
1365 4358 1431 4397 ac
1462 4341 1705 4397 molitus
1728 4348 1817 4397 est
1854 4344 1919 4397 ‘9.

434 4522 486 4578 ΙΙ
526 4521 680 4578 Audi
706 4522 920 4588 caelum,
961 4528 1011 4575 et
1063 4520 1294 4577 auribus
1341 4522 1580 4592 percipe,
1621 4528 1769 4576 terra
1804 4522 1867 4575 ‘3.
1898 4523 2022 4577 1am

362 4610 521 4667 enim
554 4609 698 4665 mihi
726 4614 959 4680 tempus
988 4613 1101 4674 est,
1125 4612 1188 4663 ut
1216 4608 1425 4665 iisdem
1456 4610 1651 4666 verbis
1691 4615 1847 4680 utar,
1882 4611 2015 4682 qui-

2115 4077 2352 4137 -κοῦντὰς
2383 4076 2473 4129 τὸν
2503 4074 2722 4150 Ἰσραήλ
2751 4095 2761 4107 ·
2817 4073 2963 4130 ἀλλὰ
2987 4076 3077 4130 τὸν
3111 4073 3392 4149 δράκοντα,
3424 4077 3511 4130 τὸν
3546 4072 3781 4130 ἀποστά-

2128 4186 2250 4236 την,
2306 4164 2399 4219 τὸν
2458 4170 2579 4219 νοῦν
2634 4165 2724 4219 τὸν
2796 4164 2981 4241 μέγαν,
3040 4165 3132 4220 τὸν
3192 4164 3472 4238 Ἀσσύριον
3503 4168 3637 4235 (66),
3686 4165 3778 4217 τὸν

2128 4255 2307 4309 κοινὸν
2363 4252 2609 4307 ἁπάντων
2656 4253 2848 4328 ἐχθρὸν
2901 4255 2990 4309 καὶ
3040 4252 3310 4325 πολέμιον
3342 4255 3432 4308 τὸν
3466 4253 3653 4308 πολλὰ
3684 4253 3779 4325 μὲν

2131 4342 2217 4398 ἐπὶ
2249 4350 2354 4417 γῆς
2392 4344 2618 4414 μανέντα
2648 4342 2735 4397 καὶ
2768 4341 2967 4413 ἀπειλή
2981 4364 3160 4413 σαντα,
3194 4340 3411 4410 πολλὴν
3465 4339 3523 4397 δὲ
3568 4339 3776 4396 ἀδικίαν

2130 4433 2206 4494 εἷς
2232 4433 2293 4487 τὸ
2334 4431 2467 4505 ὕψος
2502 4428 2818 4501 λαλήσαντά
2849 4452 2905 4485 τε
2935 4432 3023 4485 καὶ
3059 4430 3444 4503 μελετήσαντα.

2201 4521 2255 4575 Β’
2314 4521 2534 4589 Ἄκουε,
2604 4518 2815 4593 οὐρανέ,
2896 4518 2982 4572 καὶ
3057 4518 3328 4587 ἐνωτίζον,
3409 4525 3525 4593 γῆ·
3592 4521 3779 4595 καιρὸς

2130 4608 2230 4685 γὰρ
2266 4621 2361 4681 μοι
2390 4608 2457 4662 τὰ
2485 4607 2619 4662 αὐτά
2647 4612 2725 4679 τῷ
2778 4606 3284 4686 μεγαλοφωνοτάτῳ
3330 4612 3435 4662 τῶν
3482 4614 3777 4684 προφητῶν

442 4738 487 4772 ³⁷
517 4735 672 4793 Psal.
706 4753 902 4802 XLVIII,
936 4738 986 4790 1.
1063 4736 1106 4770 ⁵⁸
1138 4740 1279 4790 Dan.
1337 4752 1394 4803 v,
1449 4737 1534 4792 19.
1611 4737 1655 4771 3°
1711 4738 1886 4793 Num.
1966 4755 2082 4806 xxx,
2130 4739 2225 4808 27,
2256 4737 2344 4792 33.
2422 4736 2466 4772 ⁴⁰
2497 4736 2701 4792 Ezech.
2752 4754 2906 4807 xxrx,
2931 4738 2984 4805 4,
3060 4739 3103 4774 ἰι
3153 4739 3265 4793 Isa.
3306 4753 3518 4805 xxxvn,
3552 4736 3620 4790 36
3654 4751 3777 4805 seq.

375 4812 422 4846 ⁴²
451 4808 605 4867 Psal.
637 4826 811 4877 Lxxn,
843 4809 896 4862 8.
973 4808 1018 4842 ‘3
1048 4809 1159 4864 Isa.
1190 4824 1231 4876 ι,
1262 4810 1316 4863 2.

414 5008 425 5017 _
448 4936 533 5007 (ιι)
563 4933 850 5017 ῥιλθιεῐία,
874 4937 1226 5017 quasnantem
1249 4934 1442 5017 ierat,
1468 4934 1775 5017 nuncnfz._—
1796 4932 2024 5006 Scripta
2056 4935 2099 5001 C

378 5004 532 5062 circa
560 5007 735 5060 finem
767 5004 905 5060 anni
934 5005 1038 5059 363
1066 5004 1153 5060 vel
1186 5004 1418 5059 initium
1449 5021 1584 5059 ann.
1620 5006 1744 5058 364.

450 5078 561 5148 (58)
621 5076 763 5165 [ξατᾶ
821 5075 1143 5165 Ἰοὶυλιανρῐξ.
1219 5076 1378 5165 Regg
1412 5118 1424 5129 .
1488 5076 1565 5160 b‘.
1610 5076 1763 5165 "hu‘,
1815 5075 1973 5165 Oxon

379 5118 565 5216 Paxssj,
599 5152 731 5216 etc.,
778 5147 913 5201 κατὰ
954 5145 1233 5217 Ἑλλήνων
1284 5118 1375 5199 i333
1423 5145 1559 5199 κατὰ
1610 5118 1925 5201 Ἰουλίανοῦ.
1961 5118 2021 5201 Id

378 5221 618 5292 quidem
666 5224 1025 5292 recte;inam
1069 5216 1237 5289 Greg.
1270 5236 1386 5292 non
1436 5223 1664 5272 tantum
1697 5216 2020 5292 Julianum,

376 5288 477 5348 sed
509 5292 685 5348 etiam
716 5290 1020 5363 genlilium
1052 5288 1509 5363 superstitiones
1550 5290 1822 5363 exagitat.
1858 5288 2017 5344 Colb.

368 5367 422 5419 6.
482 5364 615 5417 κατὰ
664 5356 965 5417 Ἰουλιανοῦ
1034 5356 1145 5414 καῖ
1202 5360 1337 5413 κατᾶ
1392 5356 1697 5426 Ἑλλήνων.
1756 5365 2020 5415 Socrates

371 5438 517 5492 Hist.
549 5453 631 5503 m,
666 5452 716 5489 c.
745 5436 834 5501 23,
867 5436 1034 5489 vocat
1081 5430 1241 5506 λόγον
1291 5430 1425 5506 πρὸς
1470 5428 1770 5500 Ἕλληνας,
1803 5433 1858 5487 id
1912 5438 2020 5501 est,

372 5530 401 5557 ‹‹
424 5512 628 5562 contra
658 5506 936 5561 Gentiles.
974 5526 1001 5553 »

467 5578 558 5649 59)
590 5574 884 5649 Βασιλέως.
917 5576 1170 5649 Deestin
1205 5573 1474 5649 pluribus
1508 5573 1686 5649 Regg.
1721 5578 1779 5630 et
1805 5574 1963 5649 Colb.

466 5644 557 5719 60)
593 5646 1031 5715 Στηλιτευτικός.
1066 5644 1315 5719 νοκῖῐι
1342 5644 1655 5719 nonnullis
1698 5648 2019 5719 prtemissa,

372 5720 430 5774 in
454 5717 596 5775 aliis
630 5720 971 5792 postposita-
1013 5717 1199 5792 uthac
1233 5718 1582 5792 subauditur
1605 5736 1617 5785 ;
1640 5718 1737 5792 sed
1759 5735 1791 5772 a
1822 5719 2020 5792 pleris-

376 5808 489 5862 que
521 5792 882 5861 exprimitur.
910 5791 1093 5845 Reddi
1118 5790 1355 5862 potest:
1382 5812 1407 5838 «
1437 5790 1639 5845 Sermo
1660 5790 1719 5862 in
1751 5790 2024 5862 columna

372 5860 713 5933 inscriptus.
750 5885 777 5911 »
813 5864 872 5917 Id
916 5866 1025 5927 est,
1060 5884 1087 5912 «
1130 5860 1323 5917 Oratio
1373 5861 1728 5933 infamatrix,
1778 5878 1880 5916 seu
1932 5860 2022 5933 in-

375 5932 619 6012 vectiva,
651 5934 710 6012 in
741 5950 874 6012 qua,
904 5933 1073 6012 velut
1094 5934 1151 5988 in
1179 5933 1367 6005 cippo,
1402 5932 1623 6012 ﬂagitia
1653 5932 1901 6003 alicujus
1928 5932 2021 5987 in-

383 6005 597 6076 scripta
626 6003 890 6060 omnium
923 6003 1109 6061 oculis
1139 6003 1529 6076 exponuntur.
1558 6026 1587 6053 ››

2209 4933 2319 5004 (61)
2356 4936 2662 5003 Περιωπῆς.
2697 4933 2834 5004 Reg.
2860 4933 2901 5003 Ι,
2934 4938 3223 5004 περιοπῆς.

2229 5006 2318 5078 62)
2347 5007 2449 5073 Τῷ.
2486 5009 2649 5078 Deest
2681 5005 2739 5058 in
2772 5005 2947 5078 duobg.
2982 5005 3157 5078 Regg.
3195 5008 3250 5059 et
3284 5005 3387 5078 Or.
3419 5006 3467 5059 1.

2226 5072 2316 5143 63)
2347 5072 2459 5149 Πᾶν
2483 5072 2656 5148 γένος,
2687 5081 2794 5131 etc.
2836 5098 2856 5124 α
2912 5072 3328 5149 Οιῃηὸἐθηυε
3376 5075 3683 5131 hominum
3725 5080 3784 5131 et

2134 5152 2274 5201 tetas
2304 5147 2517 5202 omnis.
2544 5168 2570 5195 ››

2204 5218 2315 5289 (64)
2367 5217 2443 5273 Οὐ
2499 5218 2588 5271 τὸν
2650 5218 2835 5287 Σηών,
2903 5241 2923 5267 α
2986 5218 3092 5282 Qui
3151 5234 3263 5275 non
3328 5216 3516 5273 Sehon
3581 5222 3779 5274 sustu-

2129 5291 2345 5354 lerunt,
2386 5315 2407 5341 ι
2445 5295 2551 5346 etc.

2204 5363 2312 5429 (95)
2354 5360 2453 5415 Καὶ
2509 5360 2770 5435 μικρὸν...
2818 5358 3058 5435 Ἰσραήλ.
3115 5361 3549 5435 «Exiguam...
3598 5360 3778 5417 Israe-

2132 5432 2245 5488 lem
2279 5432 2646 5498 devexantes,
2681 5432 3046 5502 sustulerint,
3082 5434 3202 5499 sed,
3240 5457 3261 5484 ι)
3300 5432 3408 5488 etc.

2207 5504 2474 5575 (66)_Tov
2533 5502 2833 5575 ’Auuﬁpwv.
2898 5506 3030 5575 Reg.
3097 5505 3215 5571 bm,
3277 5509 3395 5560 tres
3443 5503 3603 5559 Colb.
3664 5506 3770 5556 τῶν

2132 5573 2449 5647 Ἀσσυρίων.
2486 5573 2706 5647 Ailudit
2736 5576 2834 5647 (ad
2894 5573 3014 5630 mea
3054 5576 3235 5647 iisaiee
3284 5578 3457 5631 verba
3510 5593 3558 5630 ο.
3588 5593 3643 5629 x.
3688 5579 3777 5641 12,

2123 5644 2304 5719 juxta
2341 5644 2950 5719 LXX,:Emuxs'¥ouut,
2983 5645 3089 5709 vel,
3127 5654 3190 5719 ut
3239 5647 3295 5701 in
3339 5647 3471 5719 aliis
3500 5647 3668 5719 libris
3700 5647 3779 5719 le-

2132 5714 2328 5805 gitur:
2392 5714 2626 5805 ’Eﬁjgai,
2665 5714 2776 5769 έπῖ’
2810 5714 2899 5805 τὸν
2954 5718 3228 5805 ντξξξμτον
3288 5717 3479 5805 μέγαν,
3540 5716 3625 5800 ἐπὶ
3685 5718 3776 5770 τὸν

2134 5788 2374 5862 ἄρχοντα
2448 5791 2553 5841 τῶν
2614 5788 2943 5859 Ἀσσυρίων.
3005 5788 3484 5862 VisitabOLvel,
3547 5790 3786 5844 inducet

2133 5860 2310 5931 super
2341 5876 2580 5917 sensum
2613 5862 2919 5933 magnum,
2948 5878 3123 5933 super
3152 5860 3477 5933 principem
3509 5862 3784 5934 Assyrio-

2131 5949 2283 5988 rum.
2318 5954 2347 5982 ))
