4152 6286
334 398 459 459 535
1582 394 1649 454 8.
1697 392 1987 455 GREGOI

2116 392 2511 456 THEOLOGI
3633 394 3753 458 536

338 530 557 603 quibus
582 526 937 600 appellatur,
959 526 1069 583 hoc
1100 541 1335 598 quoque
1362 523 1623 595 nomine,
1646 542 1715 584 ac
1742 524 1987 583 nomini:

2115 519 2444 593 κολάζεσθαι
2501 522 2633 598 ὑπὲρ
2688 528 2789 591 τῆς
2863 522 2937 585 εἷς
3010 522 3211 598 λόγους
3267 524 3609 599 παρανομίας
3644 544 3655 559 ·
3690 528 3765 585 ὧν

341 620 396 674 vi
428 622 485 677 et
517 615 797 673 facultate
826 615 1208 688 singulariter
1235 614 1514 688 gaudenti
1545 632 1559 672 :
1590 632 1790 672 verum
1824 615 1987 673 etiam

2114 620 2307 672 κοινῶν
2360 611 2529 672 ὄντων
2591 613 2840 690 λογικοῖς
2902 616 3092 671 ἅπασιν
3133 661 3147 685 ,
3203 614 3280 677 ὡς
3342 612 3491 671 ἰδίων
3553 615 3764 685 αὐτοῦ,

336 724 515 780 poma
544 706 666 762 haec
695 704 781 762 illi
828 704 1071 777 pulchre
1100 704 1395 773 convenit,
1418 708 1483 759 ut
1528 721 1631 776 pro
1659 721 1727 761 eo
1757 703 1987 774 scelerel

2114 709 2461 777 Χριπιανοῖς
2509 704 2819 780 ἐφθόνησεν,
2866 703 3189 780 ἀλογώτατα
3232 705 3358 779 περὶ
3411 702 3598 779 λόγων
3645 702 3769 762 δια-

343 795 499 868 quod
530 795 589 851 in
612 810 917 852 sermones
942 792 1203 863 admisit,
1224 809 1496 850 sermone
1517 793 1830 852 crucietur.
1849 794 1987 851 Nam

2114 793 2345 866 νοηθεὶς,
2380 794 2408 847 ὁ
2438 792 2672 863 πάντων,
2706 794 2779 855 ὡς
2812 791 2971 864 ᾤετο,
3005 792 3362 869 λογιώτατος.

344 902 478 940 cum
511 884 596 939 illi
629 883 897 941 omnium
947 883 1171 941 ratione
1224 882 1602 954 praeditorum
1652 897 1996 940 communes
2026 884 2164 950 sint,
2198 901 2296 940 eos
2329 889 2526 940 tamen
2576 884 2702 956 ipse
2749 888 3030 956 tanquam
3077 883 3187 938 sibi
3242 881 3566 955 peculiares
3597 884 3765 940 Chri-

339 974 548 1031 stianis
596 972 912 1040 invidebat,
945 971 1326 1030 stolidissime
1374 988 1516 1028 sane
1566 972 1639 1029 de
1688 973 2062 1029 sermonibus
2111 973 2395 1047 cogitans,
2430 973 2629 1039 homo,
2653 973 2878 1043 judicio
2931 988 3060 1042 suo,
3106 971 3443 1030 mortalium
3492 973 3766 1031 omnium

346 1064 827 1121 facundissimus.

416 1140 483 1191 V.
516 1135 782 1192 Primum
814 1132 953 1207 quia
984 1133 1228 1190 subdole
1262 1150 1327 1190 ac
1372 1132 1639 1206 improbe
1679 1150 1893 1191 nomen
1925 1133 1996 1192 ad

339 1224 678 1298 opinionem
710 1222 993 1292 traduxit,
1020 1222 1189 1294 quasi
1235 1238 1426 1278 sermo
1457 1225 1711 1291 Graecus,
1736 1240 1849 1279 non
1882 1222 1993 1278 lin-

2177 1135 2254 1191 E'.
2308 1138 2531 1211 Πρῶτον
2584 1133 2702 1208 μὶν,
2746 1131 2824 1187 ὅτι
2874 1131 3189 1208 κακούργως
3236 1133 3336 1203 τὴν
3386 1134 3767 1212 προσηγορίαν

2113 1222 2399 1294 μετέθηκεν
2452 1221 2539 1279 ἐπὶ
2587 1222 2649 1279 τὸ
2699 1219 2890 1280 δοκοῦν
2922 1222 3058 1296 (79),
3112 1220 3295 1297 ὥσπερ
3346 1229 3448 1293 τῆς
3479 1223 3769 1299 θρησκείας

340 1329 489 1386 gum,
516 1313 616 1369 sed
646 1311 945 1385 religionis
978 1311 1095 1368 sit:
1132 1314 1308 1383 atque
1340 1311 1412 1366 ob
1444 1328 1571 1369 eam
1603 1327 1866 1377 causam,
1888 1310 1987 1368 vel-

2114 1305 2235 1367 ὄντα
2260 1311 2350 1366 τὸν
2382 1308 2632 1380 Ἕλληνα
2674 1310 2857 1388 λόγον,
2910 1308 3035 1365 ἀλλ’
3083 1310 3144 1366 ού
3200 1316 3299 1379 τῆς
3344 1310 3623 1387 γλώσσης·
3677 1312 3769 1371 καὶ

341 1406 407 1457 ut
436 1401 610 1459 alieni
642 1400 779 1457 boni
812 1401 991 1469 fures,
1014 1416 1049 1455 a
1074 1400 1456 1457 sermonibus
1490 1417 1596 1457 nos
1622 1400 1852 1474 abegit:
1877 1417 1987 1472 per-

2114 1397 2201 1456 διὰ
2239 1404 2421 1470 τοῦτο,
2475 1401 2549 1461 ὡς
2599 1399 2898 1478 ἀλλοτρίου
2946 1397 3120 1456 καλοῦ
3170 1404 3379 1476 φῶρας,
3430 1404 3537 1457 τῶν
3587 1400 3771 1477 λόγων

337 1492 474 1549 inde
508 1507 573 1547 ac
604 1491 654 1547 si
681 1506 789 1546 nos
832 1505 1065 1563 quoque
1123 1489 1350 1583 artibus
1379 1488 1516 1583 illis,
1540 1506 1667 1562 quis
1714 1490 1867 1563 apud
1900 1490 1987 1546 8t]

2114 1492 2257 1563 ἡμᾶς
2304 1486 2581 1561 ἀπήλασεν
2611 1487 2959 1583 (80)·ιιὶ3σπερ
3012 1488 3069 1545 ἃν
3123 1487 3168 1544 εί
3216 1488 3304 1545 καὶ
3350 1494 3561 1564 τεχνῶν
3594 1490 3763 1568 εἶρξεν

340 1580 572 1636 Graecos
604 1580 854 1635 inventae
902 1582 1065 1643 sunt.
1092 1577 1175 1633 uti
1224 1577 1645 1650 prohibuisset,
1668 1578 1849 1653 idque
1896 1595 1987 1636 sua

2114 1581 2282 1652 ἡμᾶς,
2333 1577 2453 1635 ὅσαι
2492 1578 2619 1653 παρ’
2666 1575 2935 1649 Ἕλλησιν
2985 1577 3259 1652 εὕρηνται,
3301 1578 3391 1634 καὶ
3442 1582 3601 1635 τοῦτο
3651 1580 3767 1656 (81)

336 1670 642 1736 interesse,
678 1672 915 1741 propter
955 1666 1114 1724 vocis
1163 1665 1625 1739 homonymiam,
1650 1668 1987 1740 judicasseti

2114 1666 2381 1745 διαφέρειν
2433 1665 2580 1739 αὐτῷ
2635 1664 2725 1723 διὰ
2769 1667 2868 1738 τὴν
2898 1666 3215 1743 ὁμωνυμίαν
3261 1665 3525 1739 ἐνόμισεν·
3556 1665 3764 1740 ἔπειτα,

339 1757 514 1823 Tum,
548 1755 685 1830 quia
717 1755 888 1812 nobis
917 1755 1234 1811 obscurum
1266 1771 1395 1813 esse
1426 1756 1674 1828 putavit,
1706 1757 1764 1813 id
1798 1773 1861 1813 se
1890 1756 1987 1814 mi-

2114 1755 2193 1812 δτι
2224 1755 2497 1820 λανθάνειν
2530 1757 2679 1828 ἡμᾶς
2731 1750 3018 1827 ὑπέλαϐεν,
3072 1754 3173 1831 ούβ
3217 1755 3423 1830 ἀγαθοῦ
3454 1777 3601 1821 τινος
3652 1762 3761 1813 τῶν

345 1846 503 1902 nime
524 1861 590 1900 eo
613 1844 857 1901 consilio
889 1844 1096 1909 facere,
1117 1847 1183 1900 ut
1214 1843 1445 1916 insigne
1468 1846 1764 1919 quoddam
1795 1851 1851 1905 et
1881 1845 1998 1919 pri-

347 1934 603 1991 marium
637 1933 855 1991 bonum
884 1933 1055 1990 nobis
1085 1932 1354 2007 eriperet,
1374 1933 1592 2007 quippe
1616 1934 1717 2008 qui
1746 1935 1853 1993 hos
1884 1951 2001 1992 ser-

340 2039 547 2080 mones
580 2022 865 2095 majorem
897 2022 1073 2079 etiam
1106 2021 1166 2079 in
1199 2022 1440 2079 modum
1464 2039 1884 2096 aspernemur:
1908 2040 1998 2082 ve-

337 2132 466 2171 rum
493 2115 631 2188 quia
653 2114 976 2188 impietatis
993 2114 1423 2172 confutationes
1446 2114 1996 2185 extimescebat,vel-

338 2211 402 2261 ut
432 2206 491 2263 in
531 2204 806 2262 dictionis
829 2204 1118 2277 elegantia
1136 2205 1567 2279 verborumque
1596 2205 1884 2263 lenocinio
1904 2222 1994 2262 ro-

335 2296 452 2353 bur
483 2294 789 2366 habentes,
815 2310 881 2351 ac
912 2311 1027 2351 non
1059 2294 1257 2367 potius
1287 2293 1347 2349 in
1378 2294 1638 2352 veritatis
1667 2295 1997 2367 cognitione

336 2388 514 2459 atque
545 2383 982 2455 argumentis,a
1011 2382 1229 2455 quibus
1261 2382 1460 2439 minus
1487 2382 1778 2455 compesci
1808 2399 1874 2440 ac
1904 2399 1994 2439 re-

283 2504 292 2521 ι
336 2472 511 2545 primi
545 2488 886 2547 possumus,
910 2487 1087 2542 quam
1114 2470 1389 2541 inhiberi,
1414 2488 1485 2527 ne
1514 2472 1697 2529 Deum
1721 2471 1994 2529 conﬁtea-

337 2578 491 2628 mur,
520 2576 653 2617 cum
688 2560 953 2630 linguam
976 2559 1330 2628 habeamus;
1365 2559 1844 2633 quandoquidem
1876 2577 1994 2619 una

340 2666 473 2706 cum
501 2647 631 2705 aliis
653 2649 828 2706 rebus
845 2663 1175 2705 sermonem
1193 2647 1369 2705 etiam
1390 2648 1995 2721 immolamus,quem-

339 2738 659 2796 admodum
700 2740 758 2794 et
804 2753 1064 2811 corpora,
1089 2737 1320 2810 quoties
1351 2754 1440 2795 res
1473 2737 1555 2794 ita
1601 2745 1738 2794 nata
1795 2738 1990 2808 fuerit,

2106 1848 2338 1919 πρώτων
2372 1847 2483 1917 (8‘3)
2529 1844 2918 1921 ἀποστερήσειν
2969 1842 3215 1921 μέλλων,
3245 1844 3297 1900 οί
3326 1866 3387 1921 γε
3429 1845 3518 1901 καὶ
3550 1843 3763 1924 σφόδρα

2104 1933 2330 1999 τούτους
2362 1938 2795 2012 περιφρονοῦμεν
2840 1932 2969 1996 τοὺς
3019 1929 3239 2010 λόγους·
3273 1932 3419 1990 ἀλλά
3445 1934 3572 1997 τοὺς
3604 1933 3757 2011 ἐλέγ-

2108 2044 2243 2102 χους
2301 2030 2401 2094 τῆς
2452 2017 2697 2085 ἀσεϐείας
2756 2025 2869 2097 (83)
2924 2017 3286 2099 φοϐούμενος,
3349 2021 3530 2101 ὥσπερ
3580 2023 3632 2079 ἑν
3684 2030 3755 2097 τῆ

2104 2113 2343 2189 κομψείᾳ
2382 2120 2482 2182 τῆς
2531 2110 2728 2186 λέξεως
2774 2113 2874 2180 τὴν
2929 2111 3085 2187 ἰσχὺν
3136 2108 3384 2190 ἔχοντας,
3418 2112 3544 2168 ἀλλ’
3577 2112 3675 2171 οὐκ
3706 2113 3761 2170 έν

2103 2206 2171 2276 τῇ
2215 2202 2407 2279 γνώσει
2461 2208 2561 2272 τῆς
2613 2198 2869 2272 ἀληθείας
2916 2200 3008 2258 καὶ
3052 2206 3169 2264 τοῖς
3227 2201 3628 2277 ἐνθυμήμασιν,
3682 2204 3758 2260 ὧν

2104 2292 2349 2369 ἐπισχεῖν
2381 2293 2527 2364 ἡμᾶς
2576 2287 2976 2369 ἀδυνατώτερον
3020 2292 3138 2363 (84)
3183 2292 3216 2358 ἢ
3244 2291 3335 2346 τὸν
3377 2291 3505 2349 Θεὸν
3554 2290 3759 2367 ὁμολο-

2103 2386 2217 2456 γεῖν
2248 2383 2362 2457 (85)
2393 2379 2643 2455 γλῶσσαν
2681 2375 2929 2456 ἔχοντας·
2964 2376 3079 2434 ἐπεὶ
3130 2379 3222 2436 καὶ
3269 2384 3431 2435 τοῦτο
3484 2380 3620 2456 μετά
3645 2384 3755 2439 τῶν

2104 2468 2291 2527 ἄλλων
2340 2471 2728 2546 ἱερουργοῦμεν
2773 2471 2865 2529 τὸν
2918 2468 3108 2543 λόγον,
3159 2466 3338 2545 ὥσπερ
3386 2468 3456 2526 τὰ
3506 2471 3754 2544 σώματα,

2101 2557 2263 2628 ἡνίκα
2292 2559 2350 2615 ἃν
2385 2557 2473 2615 καὶ
2510 2555 2726 2621 τούτοις
2770 2556 3124 2632 ἀγωνίζεσθαι
3174 2554 3266 2632 δέη
3312 2555 3437 2634 περὶ
3482 2561 3581 2629 τῆς
3612 2557 3756 2629 ἀλη-

2102 2644 2268 2710 θείας·
2303 2643 2440 2702 ὥστε
2471 2645 2498 2698 ὁ
2543 2648 2705 2701 τοῦτο
2750 2644 3054 2722 προστάξας
3104 2644 3418 2716 Ἀττικίζειν
3475 2646 3569 2721 μὲν
3619 2646 3758 2704 ἐκώ-

2102 2733 2248 2804 λυσε,
2297 2733 2359 2789 τὸ
2399 2730 2457 2789 δὲ
2504 2730 2791 2803 ἀληθεύειν
2841 2731 2939 2791 οὐκ
2989 2729 3204 2791 ἔπαυσε·
3245 2731 3337 2789 καί
3383 2735 3444 2790 τὸ
3496 2734 3590 2807 μὲν
3632 2734 3755 2791 ἑαυ-

337 2833 402 2883 ut
434 2826 528 2883 his
550 2843 785 2900 quoque
814 2842 917 2900 pro
940 2824 1200 2882 veritatis
1225 2825 1561 2883 defensioue
1594 2825 1870 2883 dimicare
1898 2843 1987 2883 ne-

2114 2828 2193 2879 τοῦ
2245 2821 2437 2896 σαθρὸν
2489 2819 2706 2897 ἤλεγξε,
2756 2820 2883 2886 τοὺς
2941 2820 3211 2899 έΑέγχους
3265 2819 3321 2877 δὶ
3370 2822 3431 2880 οὐ
3485 2819 3752 2898 διέφυγεν·

349 2932 512 2974 cesse
545 2897 643 2972 sit.
662 2897 870 2984 Quare,
895 2914 996 2988 qui
1021 2972 1026 2976 ,
1055 2914 1164 2970 hoc
1208 2914 1404 2983 edixit,
1431 2914 1619 2971 Attice
1674 2914 1908 2988 quidem
1947 2912 1987 2973 e1

2114 2911 2193 2969 ὅτι
2227 2913 2303 2986 μὴ
2333 2911 2422 2969 καὶ
2458 2909 2669 2984 μᾶλλον
2717 2910 2934 2974 τούτοις
2980 2897 3168 2968 tat.sz
3215 2911 3431 2973 ὑποθεὶς
3462 2897 3751 2986 ἠγνόησεν.

334 3006 633 3078 eleganter
664 3004 825 3077 loqui
858 3003 1194 3078 prohibuit:
1221 3007 1302 3072 at,
1326 3020 1398 3061 ne
1428 3020 1564 3062 vera
1591 3004 1987 3076 loqueremur,
2019 3003 2474 3077 haudquaquam
2506 3002 2810 3074 impedivit
2835 3020 2847 3061 :
2876 3001 3175 3074 simulque
3203 3007 3261 3057 et
3288 3000 3753 3059 imbecillitatem

340 3110 512 3149 suam
544 3093 825 3167 prodidit,
856 3109 961 3150 nec
990 3092 1418 3150 confutationes
1449 3093 1653 3167 effugit
1684 3110 1698 3151 :
1732 3092 1851 3150 imo
1877 3110 2011 3152 vero
2038 3092 2382 3164 imprudens
2412 3107 2541 3149 sese
2571 3089 2664 3146 his
2695 3090 2884 3161 magis
2923 3090 3175 3162 subjecit
3205 3094 3378 3162 atque
3407 3089 3716 3162 implicuit.

410 3184 509 3239 VI.
542 3183 743 3255 Neque
771 3181 927 3238 enim
959 3182 1216 3239 hominis
1250 3187 1391 3253 erat,
1412 3181 1501 3237 vel
1539 3181 1839 3256 religionis
1871 3198 1993 3241 suae

338 3287 552 3337 causis,
575 3269 661 3326 vel
693 3271 836 3344 ipsis
858 3273 1033 3328 etiam
1073 3270 1445 3328 sermonibus
1477 3270 1846 3339 conﬁdentis,
1868 3287 1994 3328 ser-

342 3375 549 3417 mones
606 3364 838 3416 nostros
894 3360 1324 3434 comprimere:
1361 3359 1600 3432 perinde
1649 3377 1715 3417 ac
1763 3359 1812 3417 si
1860 3360 1993 3433 quis

342 3447 700 3507 athletarum
734 3448 999 3505 omnium
1053 3447 1413 3504 fortissimus
1465 3447 1577 3504 sibi
1611 3448 1893 3514 videatur,
1928 3464 1993 3505 ac

338 3536 573 3609 publico
614 3536 903 3613 praeconio
954 3537 1229 3594 omnibus
1278 3537 1530 3610 praeferri
1579 3537 1856 3608 postulet,
1891 3538 1992 3610 qui

336 3626 602 3693 edixerit,
640 3642 712 3681 ne
745 3624 984 3680 fortium
1032 3641 1097 3679 ac
1141 3628 1513 3681 strenuorum
1544 3626 1801 3680 virorum
1836 3626 1993 3681 ullus

338 3719 630 3772 certamen
662 3714 840 3782 ineat,
867 3718 1043 3787 atque
1073 3713 1133 3770 in
1166 3730 1403 3771 arenam
1435 3714 1864 3782 descendat,vel
1891 3716 1993 3788 qui

338 3804 671 3861 membrum
722 3802 959 3876 aliquod
1012 3801 1352 3875 amputarit,
1381 3802 1440 3858 id
1473 3803 1627 3875 quod
1658 3802 1993 3862 timiditatis

335 3892 551 3963 potius,
576 3907 754 3963 quam
784 3890 1149 3947 fortitudinis
1177 3894 1590 3963 argumentum
1623 3895 1731 3949 est.
1760 3894 1992 3949 Coronae

549 3998 856 4085 Μετέθηκεν
876 3996 962 4052 ἐπὶ
991 3997 1054 4051 τὸ
1086 3993 1302 4085 δοκοῦν.
1333 4021 1362 4085 (ς
1390 3998 1476 4085 Ald
1508 3996 1987 4085 opinionemntrm

335 4067 518 4125 duxit.
545 4092 572 4119 η
600 4071 658 4125 Id
692 4075 801 4142 est,
826 4071 895 4127 de
927 4075 1173 4142 cognato
1207 4070 1510 4133 vocabulo,
1533 4067 1769 4142 Ἕλλην,
1794 4073 1988 4142 «κατιθ-

337 4158 461 4207 cus,
485 4158 659 4215 »_non
692 4139 1053 4215 Πυθαεῖ,βῶ
1086 4141 1391 4215 religionis
1419 4139 1767 4215 vocabulum
1800 4140 1986 4215 duxit,

339 4219 404 4266 ut
436 4233 465 4262 ‹‹
494 4212 751 4266 Graecam
786 4211 814 4260 »3
865 4211 1215 4283 religionem
1251 4213 1335 4267 sic
1382 4211 1625 4267 subdole
1657 4228 1689 4266 a
1729 4234 1757 4261 ‹‹
1792 4211 1987 4267 Οῒιινὶεέ

336 4284 497 4337 tiana
527 4304 556 4333 ››
589 4283 869 4353 religione
900 4288 1245 4353 secerneret.

408 4354 521 4426 (80)
542 4357 655 4407 Τῶν
690 4351 870 4426 λόγων
886 4355 1048 4426 ,ἡμᾶς
1078 4352 1379 4422 ἀπήλασεν,
1406 4354 1555 4426 Lege
1578 4351 1702 4426 (lata
1714 4353 1987 4412 Julianus

335 4424 679 4482 Christianis
710 4424 1011 4482 interdixit
1044 4426 1163 4481 sive
1207 4425 1504 4493 docendis,
1538 4424 1659 4481 sive
1690 4426 1987 4485 discendis

334 4497 787 4579 humanioribus
836 4495 1067 4579 litteris.
1120 4496 1441 4579 Duronius,
1488 4502 1683 4579 spreta
1728 4508 1985 4579 veterum

335 4569 603 4623 omnium
651 4567 1017 4637 auctoritate,
1050 4567 1423 4633 existimavit,
1456 4567 1587 4625 aliis
1617 4572 1848 4628 tantum
1878 4570 1980 4626 do-

335 4640 536 4695 cendis
591 4639 969 4695 interdictum
1030 4639 1213 4695 fuisse
1260 4639 1635 4705 Christianis,
1685 4657 1800 4695 non
1850 4657 1983 4696 vero

334 4711 651 4768 discendis.
694 4710 837 4776 Dixi,
863 4732 893 4760 «
925 4714 1120 4781 spreta
1156 4715 1419 4767 veterum
1465 4712 1730 4767 omnium
1779 4717 1984 4769 aucto-

332 4784 534 4853 ritate;
567 4805 597 4857 ξ)
628 4800 762 4841 nam
796 4781 1082 4838 Baronius
1130 4781 1256 4857 ipse
1307 4788 1511 4840 contra
1540 4801 1603 4841 se
1632 4784 1775 4857 citat
1822 4783 1982 4857 Ruﬁ-

334 4872 500 4929 num,
559 4856 877 4929 Socratem,
937 4854 1817 4929 Sozomenum,‘_.§ugustinum.
1845 4855 1985 4929 «_Et

332 4927 486 4998 quis,
515 4949 544 4978 »
574 4926 769 4997 inquit
797 4925 1215 4998 Montacutius,
1240 4950 1268 4978 ‹‹
1301 4925 1521 4983 talibus
1550 4932 1608 4985 et
1633 4927 1814 4984 tantis
1841 4925 1983 4984 viris

332 5016 450 5071 non
486 4998 728 5071 credat?
758 4997 896 5071 Quis
937 5014 1053 5055 non
1103 5001 1299 5055 credat
1345 4999 1619 5071 Gregorio
1668 4998 1981 5071 Nazianze-

330 5069 452 5124 no?
472 5092 499 5119 »
529 5070 727 5141 (quem
778 5068 975 5142 etiam
1004 5074 1206 5142 contra
1256 5085 1317 5127 se
1374 5068 1671 5142 potuerat
1700 5068 1983 5142 Baronius

331 5143 533 5215 citare)
559 5138 659 5215 qui
692 5142 939 5215 litteras,
964 5138 1181 5215 λόγους,
1205 5138 1569 5213 disciplinas,
1594 5140 1826 5215 scholas
1857 5157 1984 5211 pro-

330 5212 948 5271 hibitos’Cbristianis
1002 5212 1277 5271 omnibus
1331 5215 1666 5285 profitetur;
1726 5214 1983 5285 adeoque

328 5289 449 5358 tam
480 5286 706 5358 discere
735 5302 913 5358 quam
956 5286 1161 5344 docere
1200 5283 1425 5358 litteras
1455 5283 1817 5358 Christianos
1837 5283 1979 5358 pro-

326 5356 523 5412 hibuit
568 5354 862 5415 Julianus.
896 5358 966 5414 Et
1011 5362 1163 5413 certe
1198 5357 1244 5412 si
1287 5356 1513 5427 litteras
1562 5355 1784 5427 discere
1834 5354 1980 5427 ipsis

328 5429 715 5510 permisisset,
739 5435 798 5484 et
822 5430 1031 5510 (docere
1062 5433 1293 5510 tantum
1317 5424 1742 5510 prohibuisset,
1772 5424 1978 5508 imme—

330 5498 440 5554 rito
470 5502 785 5573 Gregorius
816 5508 939 5573 tam
958 5500 1193 5573 acerbis
1236 5498 1532 5573 lulianum
1563 5499 1754 5554 verbis
1784 5498 1979 5570 exagi-

328 5576 499 5643 taret,
522 5577 579 5625 et
596 5571 885 5643 tanquam
927 5572 1252 5627 litterarum
1296 5571 1525 5643 hostem
1559 5576 1976 5643 exsecraretur.

330 5642 577 5716 Iniquus
606 5644 664 5698 in
684 5642 988 5716 Julianum
1011 5643 1099 5700 vel
1123 5643 1249 5716 ipse
1277 5642 1629 5716 fuissetejus
1659 5642 1981 5716 admirator

327 5713 676 5785 Ammianus
722 5713 1116 5783 Marcellinus,
1145 5713 1247 5785 qui
1296 5715 1387 5770 bis
1438 5714 1541 5769 lib.
1574 5731 1713 5782 xxu,
1745 5731 1808 5785 p.
1834 5714 1973 5785 222;

328 5783 430 5841 lib.
463 5803 590 5856 xxv,
640 5804 693 5858 p.
727 5787 855 5855 294,
882 5805 910 5838 α
954 5783 1276 5843 inclemens
1333 5790 1391 5842 et
1446 5785 1684 5858 perenni
1742 5783 1975 5840 silentio

2176 3181 2235 3248 ζ’.
2288 3177 2365 3237 Ού
2427 3179 2530 3255 γὰρ
2589 3177 2917 3253 θαῤῥοῦντος
2973 3181 3037 3247 ἦν
3101 3174 3229 3234 οὔτε
3279 3183 3395 3240 τοῖς
3456 3177 3588 3253 ὑπὲρ
3651 3185 3753 3249 τῆς

2100 3266 2389 3343 θρησκείας
2432 3263 2687 3337 δικαίοις,
2731 3262 2854 3323 οὔτε
2882 3271 3000 3329 τοῖς
3041 3264 3227 3341 λόγοις
3276 3266 3461 3329 αὐτοῖς
3506 3266 3569 3321 τὸ
3615 3265 3744 3332 τοὺς

2100 3358 2399 3433 ἡμετέρους
2456 3354 2696 3431 ἐπίσγειν
2760 3354 2980 3430 λόγους·
3045 3354 3223 3431 ὥσπερ
3274 3354 3332 3409 ἂν
3393 3352 3447 3409 εἷ’
3488 3376 3572 3418 τις
3621 3356 3751 3429 κρά-

2098 3466 2279 3500 τιστον
2314 3445 2499 3499 ἑαυτὸν
2537 3444 2751 3517 νομίζοι
2802 3465 2909 3498 των
2958 3443 3232 3513 ἀθλητῶν,
3264 3443 3353 3497 καὶ
3406 3443 3582 3515 ἀξιοίη
3615 3445 3754 3502 κατὰ

2100 3534 2314 3592 πάντων
2372 3532 2751 3608 κηρύττεσθαι,
2806 3530 3013 3607 μηδένα
3057 3536 3164 3588 τῶν
3224 3531 3483 3607 γενναίων
3544 3530 3742 3611 ἀγωνί-

2105 3629 2303 3694 ζεσθαι,
2366 3619 2507 3694 μηδὲ
2558 3616 2897 3677 καταϐαίνειν
2959 3620 3034 3683 εἷς
3090 3621 3151 3677 τὸ
3209 3619 3423 3677 στάδιον
3477 3620 3749 3693 ἐπιτάξας,

2100 3709 2137 3781 ἤ
2194 3732 2245 3767 τι
2301 3714 2408 3766 τῶν
2470 3707 2653 3785 μελῶν
2714 3708 3013 3786 περικόψας
3075 3711 3215 3784 (86),
3275 3709 3408 3787 ὅπερ
3466 3708 3752 3786 ἀνανδρίας

2107 3796 2317 3873 μᾶλλον
2394 3797 2429 3871 ἥ
2490 3799 2685 3877 ῥώμης
2736 3802 3055 3876 τεκμήριον.
3110 3800 3259 3857 Κατά
3312 3798 3413 3875 γὰρ
3471 3804 3577 3857 τῶν
3638 3802 3751 3874 (87)

2103 3884 2518 3965 ἀγωνιζομένων
2554 3931 2570 3958 ,
2634 3887 2695 3944 οὗ
2750 3891 2857 3945 τῶν
2936 3883 3047 3943 ἅνω
3122 3887 3493 3964 καθεζομένων
3554 3891 3666 3963 (88)
3699 3890 3753 3945 οἱ

2099 3998 2464 4054 obruendum
2486 4019 2515 4049 »
2550 3995 2802 4068 appellat
2830 3994 3107 4069 Julianiiu
3132 3997 3450 4069 decretum,
3476 4019 3504 4047 ››
3522 3999 3600 4069 de
3632 4015 3750 4069 quo

2095 4074 2293 4126 tamen
2325 4066 2941 4139 Apostatsa'gratulari
2991 4068 3291 4134 debuerat,
3324 4068 3375 4123 si
3404 4066 3751 4126 Christianis

2096 4144 2326 4195 tantum
2358 4139 2604 4195 docendi
2638 4155 2857 4195 munus
2891 4139 3307 4197 interdixisset.

2310 4209 2629 4283 Καῖντοῦτο,
2683 4216 2793 4266 etc.
2842 4211 3017 4283 Regg.
3070 4229 3122 4276 a,
3172 4210 3229 4279 b,
3262 4210 3420 4266 Colb.
3471 4212 3528 4277 6,
3569 4208 3746 4282 τούτῳ

2097 4279 2391 4357 διαφέρειν.
2424 4282 2631 4357 Billius
2668 4299 2734 4336 εκ
2768 4279 2996 4354 Easque
3042 4287 3286 4357 prapter_
3325 4283 3589 4353 ejusdem
3639 4279 3743 4339 no-

2096 4353 2274 4410 minis
2325 4353 2775 4426 appellationem
2800 4353 2963 4426 _suas
2993 4368 3122 4409 esse
3152 4353 3438 4426 duxisset.
3465 4378 3487 4408 ι
3524 4357 3745 4426 Verum

2017 4432 2064 4500 Ι)
2096 4432 2161 4482 ut
2191 4430 2314 4500 stet,
2340 4422 2529 4498 ipsius
2557 4425 2768 4500 versio,
2799 4423 3124 4500 legendum
3164 4442 3266 4497 pro
3310 4422 3494 4500 τοξτο,
3526 4424 3747 4500 ταύτας,

2096 4502 2154 4553 et
2181 4494 2329 4570 αὐτῷ
2362 4494 2483 4570 ῖρνο
2530 4494 2696 4570 αὐτῷ,
2749 4494 3320 4570 νοιίδυὺοιιᾷδουω
3380 4496 3583 4554 Comb.
3617 4502 3749 4570 post

2092 4571 2279 4643 τοῦτο,
2302 4564 2490 4643 λόγων
2523 4564 2716 4643 καλόν.
2744 4568 2899 4643 _Vide_
2922 4569 3139 4643 n.__101.

2165 4641 2280 4712 (82)
2312 4638 2427 4692 Τῶν
2456 4639 2709 4712 πρώτων.
2744 4641 2803 4695 In
2845 4638 3114 4711 pluribus
3156 4639 3337 4711 Regg.
3369 4643 3427 4694 et
3455 4638 3612 4696 Colb.
3646 4641 3744 4695 de-

2093 4716 2256 4770 sunt.

2176 4783 2290 4850 (83)
2318 4775 2607 4840 ’Ᾱσεϐείας.
2641 4780 2786 4836 Edit.
2832 4779 2963 4838 Ald.
2998 4784 3055 4839 et
3093 4781 3260 4839 Herv.
3295 4778 3585 4841 εύσεοείας.
3615 4779 3740 4834 Non

2095 4854 2425 4937 spernenda
2454 4853 2643 4919 lectio,
2676 4869 2851 4925 quam
2881 4858 3078 4910 tamen
3132 4853 3189 4911 in
3239 4852 3398 4911 nullo
3430 4851 3626 4910 codice
3654 4867 3744 4908 re-

2133 4941 2375 4981 ϐῐῚῐΠΠΒ.
2924 4944 2931 4952 '

2133 4943 2375 4981 erimus.
2924 4944 2931 4952 '

2093 4943 2129 4997 Ρ
2164 4998 2274 5069 (84)
2309 4991 2761 5069 ’ᾼδυνατώτ-ερον.
2798 4995 3046 5069 Sancyg.
3080 4993 3141 5069 ού
3172 4990 3558 5069 δυνατώτερον.

2185 4998 2255 5052 84
2309 4998 2761 5069 Ἀδυνατώτερον.
2798 4998 2948 5051 Sanc
2990 5012 3046 5067 g.
3080 4998 3141 5049 οὐ
3172 4998 3558 5069 δυνατώτερον.

2162 4998 2275 5142 (85)
2304 5067 2400 5121 Τὸν
2436 5065 2565 5142 Θεὸν
2601 5063 2919 5142 ὁμολογεῖν.
2953 5013 3145 5142 ξᾳίιοι.
3175 5066 3261 5142 μή
3295 5064 3607 5142 ὁμολογεῖν.

2166 5087 2255 5135 (δέ)
2318 5087 2400 5121 ιον
2436 5087 2565 5121 υεον
2601 5087 2919 5142 ομοΛογειν.
2953 5087 3145 5123 conor.
3227 5087 3261 5133 η
3295 5087 3473 5137 oue/to
3514 5087 3607 5122 ειν.

2166 5087 2275 5212 (86)
2306 5143 2379 5212 ’Ἡ
2405 5159 2457 5190 τι
2476 5141 2593 5212 ,τῶν
2623 5134 2804 5209 μελῶν
2828 5087 3261 5212 περικόψας.ίῖ8
3279 5138 3450 5196 Coisl.
3477 5087 3529 5206 ἶ,
3556 5137 3741 5205 Pass.,

2092 5210 2330 5266 Elias'et
2360 5210 2534 5265 Savil.
2570 5215 2698 5264 Haec
2731 5210 3008 5264 omiserat
3043 5210 3264 5265 Billius.

2160 5282 2274 5353 (87)
2308 5282 2454 5337 Κατά
2494 5280 2596 5354 γάρ
2645 5284 2773 5351 τῶν,
2809 5286 2917 5336 etc.
2954 5302 2982 5332 ‹‹
3028 5281 3109 5336 De
3154 5281 3227 5337 iis
3278 5282 3433 5354 enim
3486 5281 3587 5354 qui
3636 5295 3743 5354 pu:

2160 5297 2274 5353 (δι)
2308 5297 2454 5337 nam
2494 5300 2596 5354 γαρ
2645 5302 2773 5351 των,
2809 5297 2917 5336 etc.
2954 5302 2982 5332 «
3028 5297 3109 5336 ue
3154 5298 3227 5337 iis
3278 5298 3433 5336 enim
3529 5298 3587 5334 ιιι
3636 5297 3743 5349 pu-

2090 5360 2294 5434 gnant,
2328 5370 2551 5434 coronae
2589 5357 2978 5434 reportentur,
3012 5358 3360 5434 nouantem
3390 5353 3462 5408 de
3486 5297 3611 5434 (illlis
3640 5349 3744 5434 qui

2090 5422 2150 5479 in
2182 5424 2469 5496 superiori
2500 5422 2682 5496 gradu
2716 5426 2935 5496 sedent.
2962 5445 2989 5473 ››
3028 5424 3257 5496 Deridet
3288 5424 3602 5495 Gregorius
3630 5422 3740 5496 Ju-

2090 5494 2335 5565 lianum,
2361 5499 2483 5568 qui,
2507 5494 2736 5568 sublato
2768 5495 3114 5568 Christianis
3146 5494 3473 5552 litterarum
3526 5494 3742 5560 studio,

2087 5568 2283 5657 inepte
2304 5566 2410 5657 eos
2442 5584 2502 5657 se
2533 5566 2822 5657 V'iCtUI‘u'El?
2854 5567 3146 5657 sperabat.

2304 5635 2707 5719 Καθεζομὲνων.
2744 5638 2847 5693 Hic
2887 5635 3285 5719 ἸΔγιέυνοθέτριις,
3408 5641 3572 5719 est”:
3608 5636 3739 5691 Cer-

2087 5706 2380 5791 taminum
2418 5709 2651 5784 judices
2696 5726 2761 5766 ac
2813 5706 3092 5782 prmeides
3134 5732 3162 5759 »
3194 5706 3473 5781 intelligit
3520 5708 3739 5779 Grego-

2088 5798 2232 5839 rius.

2258 5001 2275 5212 ἔ
