4152 6286
376 412 494 473 5³7

1367 410 1663 471 ORATIO
1704 411 1813 473 IV.
1845 444 1924 457 ---
1953 412 2269 474 CONTRA
2310 412 2715 477 JULlANUM
2758 414 2809 474 Ι.

3677 412 3797 473 538

376 538 649 618 στέφανον
704 536 796 595 καὶ
853 541 959 593 τῶν
1016 537 1164 605 πάσῃ
1222 541 1314 613 τῇ·
1378 536 1540 615 ῥώμῃ
1587 541 1919 615 χρωμένων,
1965 542 2028 597 οὐ

2149 545 2358 617 quippe
2385 546 2666 601 adversus
2697 549 3056 617 pugnantes,
3090 560 3208 599 non
3238 548 3435 601 autem
3482 558 3663 615 supra
3700 559 3797 599 se-

373 634 479 688 τῶν
550 628 967 703 περιῃρημένων
1017 626 1079 683 τδ
1127 626 1274 684 πολὺ
1319 632 1417 697 τῆς
1485 625 1805 701 δυνάμεως.
1857 630 1921 685 Ei
1972 628 2031 687 δὶ

379 718 526 781 ὅλως
557 716 823 791 συμμίξαι
852 718 943 774 καὶ
987 716 1063 779 εἰς
1114 722 1304 793 χεῖρας
1342 715 1519 781 ἐλθεῖν
1551 713 1852 796 ἐφοϐήθης,
1887 719 2033 792 αὖτῷ

378 807 557 882 τούτῳ
587 808 685 875 τὴν
717 808 883 876 ἧτταν
940 803 1163 879 ἔδειξας,
1212 806 1304 862 καὶ
1349 812 1499 878 νικᾷν
1547 808 1748 881 ὑπῆρξέ
1799 830 1891 881 μοι
1921 810 2035 883 (89)

387 895 529 971 μηδὲ
559 897 943 972 ἠγωνισμένῳ,
976 896 1033 950 ὃν
1063 898 1177 969 (90)
1219 895 1473 971 ἠγωνίσω
1522 899 1597 969 μὴ
1646 897 2031 972 ἀγωνίσασθαι.

379 991 553 1041 Ταῦτα
588 986 682 1059 μὲν
717 986 745 1039 ὁ
788 986 955 1063 σοφὸς
1000 987 1136 1057 ἡμῖν
1192 983 1446 1059 βασιλεύς
1492 1007 1551 1040 τε
1595 986 1683 1040 καὶ
1714 986 2031 1059 νομοθέτης,

380 1075 562 1151 ὥσπερ
593 1071 827 1148 (91)“ίνα
873 1071 1040 1146 μηδὶν
1091 1072 1256 1129 αὐτοῦ
1292 1080 1392 1144 τῆς
1438 1075 1752 1151 τυραννίδος
1799 1077 2029 1153 ἄμοιρον

379 1168 439 1238 ᾗ,
486 1165 581 1221 καὶ
637 1163 956 1239 προκηρύεῃ
1008 1164 1108 1231 τήν
1170 1161 1398 1237 ἀλογίαν
1453 1163 1506 1219 ἐν
1567 1164 1714 1240 ἀρχῇ
1774 1166 1885 1239 (92)
1929 1172 2031 1235 τῆς

380 1255 576 1312 ἑαυτοῦ
630 1251 932 1328 βασιλείας,
979 1254 1312 1328 τυραννήσας
1359 1254 1467 1328 πρὸ
1513 1258 1620 1311 τῶν
1668 1252 1854 1310 ἄλλων
1902 1254 2032 1316 τοὺς

381 1341 595 1417 λόγους·
630 1345 766 1415 ἡμῖν
818 1338 876 1396 δὶ
924 1340 1092 1396 καλὸν
1141 1342 1231 1397 καὶ
1280 1342 1413 1416 ὑπὶρ
1457 1346 1568 1398 τῶν
1616 1340 1798 1418 λόγων
1848 1343 2029 1399 αὐτῶν

380 1431 669 1507 ὁμολογεῖν
717 1435 798 1503 τῷ
842 1434 956 1502 θεῷ
1002 1429 1185 1506 χάριν,
1232 1431 1333 1499 τὴν
1380 1430 1683 1507 ἐλευθερίαν
1730 1427 2034 1488 ἀπολαϐόν-

378 1543 508 1577 των·
554 1521 645 1578 καὶ
698 1518 933 1593 μάλιστα
980 1520 1073 1592 μὶν
1118 1519 1208 1576 καὶ
1254 1525 1374 1582 τοῖς
1420 1518 1617 1582 ἄλλοις
1656 1526 1822 1594 τιμᾷν
1874 1521 2033 1581 αὐτὸν

377 1611 685 1682 ἀναθήμασι
734 1606 1095 1687 φειδομένους
1144 1610 1255 1682 (93)
1311 1606 1564 1681 μηδενὸς,
1621 1612 1761 1684 μήτε
1804 1610 2030 1685 χρημά.

379 1721 487 1754 των
539 1700 679 1772 μήτε
727 1697 1061 1771 κτημάτων,
1112 1697 1183 1767 ἃ,
1230 1702 1329 1752 τοῦ
1374 1702 1567 1772 καιροῦ
1625 1698 1887 1775 γενόμενα
1940 1700 2030 1754 καὶ

378 1795 479 1857 τῆς
507 1783 841 1863 τυραννίδος,
892 1789 927 1858 ἡ
974 1786 1358 1865 φιλανθρωπία
1402 1791 1500 1841 τοῦ
1532 1792 1665 1842 Θεοῦ
1714 1784 2029 1858 διεσώσατο,

383 1882 547 1950 τιμᾷν
582 1874 640 1931 δὶ
685 1876 792 1952 πρὸ
820 1880 926 1931 τῶν
978 1874 1163 1932 ἄλλων
1194 1880 1308 1938 τοῖς
1339 1874 1551 1952 λόγοις,
1584 1881 1653 1943 τῇ
1695 1874 1875 1949 δικαίᾳ
1901 1899 2030 1955 καρ-

2145 635 2367 703 dentes,
2399 638 2817 708 comparantur
2848 651 2861 688 ε
2897 638 2954 689 et
2984 634 3264 691 adversus
3303 649 3424 702 eos,
3476 634 3577 705 qui
3621 634 3799 689 robur

2145 739 2317 778 omne
2346 740 2521 779 suum
2554 725 2626 780 ad
2656 728 2951 779 certamen
2983 723 3280 789 adhibent,
3307 739 3421 777 non
3454 722 3553 792 qui
3583 737 3797 794 magna

2143 810 2353 867 virium
2388 816 2547 883 parte
2578 812 2832 867 truncati
2864 816 3021 867 sunt.
3053 812 3215 877 Quod
3257 812 3307 866 si
3358 810 3596 866 omnino
3628 810 3799 881 signa

2143 900 2424 969 conferre,
2455 917 2785 972 manusque
2810 916 3113 955 conserere
3142 900 3363 957 veritus
3406 916 3489 967 es,
3523 898 3633 954 hoc
3664 900 3794 970 ipso

2142 994 2197 1043 te
2230 990 2444 1045 victum
2480 1007 2606 1044 esse
2637 989 2967 1058 declarasti,
3002 988 3264 1059 mihique
3293 988 3466 1043 etiam
3516 989 3641 1042 sine
3674 987 3794 1044 ulla

2142 1077 2517 1134 dimicatione
2547 1078 2801 1150 palmam
2831 1078 3076 1150 adipisci
3108 1077 3293 1144 licuit,
3319 1078 3461 1132 dum
3490 1080 3794 1148 tantopere

2142 1167 2247 1221 abs
2277 1171 2333 1222 te
2364 1167 2710 1223 dimicatum
2768 1170 2877 1237 est,
2925 1181 2995 1221 ne
3040 1164 3476 1221 dimicationem
3542 1166 3794 1221 subires.

2142 1259 2332 1326 Atque
2362 1255 2484 1310 haec
2513 1256 2754 1327 quidem
2787 1255 3022 1326 sapiens
3052 1259 3251 1310 noster
3279 1255 3598 1326 imperator
3629 1259 3685 1309 et
3713 1254 3794 1310 le-

2145 1344 2388 1417 gislator
2413 1369 2428 1412 ;
2457 1345 2578 1415 qui,
2613 1361 2686 1399 ne
2732 1344 3059 1416 tyrannidis
3090 1360 3208 1398 sure
3238 1344 3561 1415 quidquam
3592 1358 3798 1415 expers

2142 1438 2316 1501 esset,
2333 1449 2533 1491 verum
2554 1433 2739 1489 bruta)
2773 1432 3111 1488 stoliditatis
3142 1431 3395 1487 edictum
3430 1436 3799 1504 proponeret,

2142 1524 2235 1579 81
2276 1524 2335 1578 in
2368 1524 2606 1595 imperii
2639 1523 2731 1579 sui
2763 1523 3064 1594 auspiciis,
3097 1526 3231 1578 ante
3259 1523 3459 1577 omnia
3491 1523 3623 1593 alia,
3676 1540 3797 1578 ser-

2142 1630 2345 1670 mones
2364 1614 2681 1686 tyrannide
2712 1613 3021 1685 oppressit.
3046 1612 3225 1667 Nobis
3255 1615 3451 1667 autem
3483 1611 3797 1667 honestum

2140 1708 2199 1758 et
2226 1702 2569 1775 praclarum
2605 1702 2782 1757 fuerit
2811 1718 2914 1773 pro
2945 1701 3092 1773 ipsis
3135 1716 3371 1773 quoque
3404 1700 3795 1771 sermonibus,

2147 1794 2366 1865 quibus
2411 1792 2650 1847 libertas
2698 1791 2965 1848 restituta
3013 1795 3125 1857 est,
3177 1791 3288 1845 Deo
3337 1789 3558 1862 gratias
3606 1805 3796 1861 agere,

2146 1897 2402 1952 eumque
2429 1886 2556 1938 tum
2582 1880 2791 1935 votivis
2820 1880 3164 1935 muneribus
3216 1879 3521 1947 honorare,
3555 1894 3659 1934 nec
3693 1894 3797 1951 pe-

385 1931 627 2043 πόφορίᾳ
655 1931 745 2021 ιιάὶ
786 1969 945 2038 κοινῇ
996 1966 1232 2035 πάντων,
1265 1931 1380 2020 ὅσοι
1423 1931 1551 2035 iri."
1580 1931 2030 2040 xipitog'paia

2149 1931 2697 2040 ἑιῖτῖἶῗζρέῖοἷηέιζιζ
2716 1931 3079 2039 magis;
3102 1931 3161 2023 ξε
3203 1931 3657 2039 rassae...
3687 1931 3798 2023 ἔιέδ

396 2053 657 2133 λήφασιν.
689 2052 847 2110 ’Δλλ’
876 2055 905 2108 ό
938 2055 1031 2127 μὶν
1056 2057 1169 2127 (94)
1196 2054 1329 2131 ὑπὲρ
1378 2058 1484 2109 τῶν
1518 2053 1696 2131 λόγων
1748 2053 1915 2131 λόγος
1944 2076 2039 2111 το-

2148 2059 2432 2130 temporis
2460 2063 2520 2115 et
2555 2057 2914 2130 tyrrannidis
2960 2061 3246 2129 potestate
3292 2057 3665 2126 constitutas,
3697 2056 3799 2111 Dei

393 2148 611 2205 σοῦτοςο
654 2142 745 2198 τίνα
798 2145 895 2216 μὴ,
950 2143 1281 2219 μακρότερον
1331 2144 1705 2206 ἆποτείνοντες
1727 2192 1746 2217 ,
1795 2142 1896 2215 ἔξω
1944 2150 2030 2202 τοῦ

2151 2146 2555 2204 misericordia
2582 2147 2984 2213 conservavit;
3012 2151 3138 2200 tum
3167 2144 3487 2216 praesertim
3519 2144 3801 2199 sermoni-

398 2237 591 2306 καιροῦ
632 2234 745 2305 (95)
774 2231 1083 2305 πίπτωμεν,
1103 2233 1192 2287 καὶ
1222 2231 1363 2288 ἄλλο
1390 2255 1441 2288 τι
1477 2232 1691 2307 μᾶλλον
1721 2232 2039 2304 σπουδάζειν

395 2319 640 2395 δοκῶμεν
669 2321 703 2391 ἢ
733 2319 794 2375 οὗ
823 2324 984 2397 χάριν
1013 2320 1449 2396 συνεληλύθαμεν

2152 2237 2283 2306 bus,
2319 2236 2425 2292 hoc
2455 2240 2546 2291 est
2569 2236 2735 2306 justa
2762 2234 3072 2303 oblatione,
3092 2235 3507 2307 omnibusque,
3540 2234 3639 2304 qui
3669 2250 3799 2305 gra-

2152 2325 2244 2380 tia:
2275 2324 2585 2397 participes
2616 2325 2869 2391 fuerunt,
2908 2324 3229 2379 communi.
3274 2326 3461 2395 Atque
3513 2323 3608 2377 hic
3656 2336 3797 2378 sane

384 2427 491 2483 pro
520 2411 894 2468 sermonibus
932 2412 1241 2471 institutus
1273 2428 1467 2469 sermo
1496 2413 1673 2469 finem
1694 2414 1927 2481 habeat,
1958 2430 2030 2470 ne
2054 2430 2189 2469 eum
2219 2413 2453 2486 longius
2492 2414 2903 2485 producentes,
2932 2413 3353 2470 mediocritatis
3384 2413 3530 2468 ﬁnes
3560 2412 3799 2468 exceda-

385 2515 540 2569 mus,
568 2505 744 2571 atque
774 2500 935 2556 aliud
965 2501 1245 2572 quiddam
1278 2502 1472 2573 potius
1503 2518 1675 2575 agere
1694 2503 2018 2571 videamur,
2050 2518 2228 2575 quam
2257 2502 2317 2557 id
2351 2503 2523 2573 cujus
2553 2518 2733 2557 causa
2766 2501 3165 2557 convenimus.

454 2616 522 2672 Z’.
561 2612 705 2686 Ἤδη
740 2613 797 2670 δέ
831 2637 922 2689 μοι
956 2612 1106 2688 πηδᾷ
1152 2617 1242 2670 καὶ
1268 2613 1409 2671 ’ίεται
1440 2617 1579 2694 πρὸς
1623 2619 2035 2694 πανηγυρισμὸν

382 2703 410 2758 ὀ
457 2701 622 2781 λόγος
655 2749 672 2777 ,
726 2703 819 2759 καὶ
870 2710 989 2769 τοῖς
1051 2705 1352 2779 ὁρωμένοις
1409 2703 1889 2784 συμφαιδρύνεται,
1946 2704 2035 2761 καὶ

382 2789 544 2848 καλεῖ
594 2794 794 2855 πάντας
862 2792 938 2855 εἷς
1014 2794 1235 2870 χορείαν
1314 2797 1708 2870 πνευματικὴν,
1786 2794 1905 2850 ὅσοι
1978 2816 2038 2850 τε

381 2881 653 2953 νηστείαις
682 2881 771 2937 καὶ
810 2879 1098 2955 κλαυθμῷ,
1138 2882 1228 2937 καὶ
1281 2880 1459 2954 δεήσει
1508 2885 1621 2958 (97)
1666 2885 2033 2961 προσέκειντο,

385 2970 574 3031 νυκτὸς
624 2968 715 3025 καί
771 2970 981 3047 ἡμέρας
1036 2970 1363 3043 αἰτούμενοι
1417 2973 1531 3047 (98)
1600 2970 1868 3051 λύτρωσιν
1924 2977 2032 3028 τῶν

393 3055 730 3132 κατεχόντων
776 3060 1029 3133 ἀνιαρῶν,
1080 3060 1170 3114 καὶ
1221 3057 1390 3130 δεξιὸν
1443 3059 1495 3114 έν
1521 3066 1639 3122 τοῖς
1669 3067 1853 3123 κακοῖς
1896 3060 2029 3139 φάρ-

394 3165 584 3219 μακον,
644 3147 741 3215 τὴν
798 3148 856 3202 οὐ
915 3147 1375 3222 καταισχύνουσαν
1434 3146 1631 3203 ἐλπίδα
1685 3149 2027 3222 ποιούμενον

389 3233 508 3289 ὅσοι
555 3255 653 3301 τε,
701 3235 970 3311 μεγάλους
1021 3235 1339 3298 ἀνατλάντες
1389 3237 1603 3312 ἀγῶνας
1648 3239 1738 3292 καὶ
1788 3236 2028 3307 ἄθλους,
2063 3272 2106 3340 C

456 3322 472 3340 ι
582 3321 641 3340 η
692 3327 716 3340 ..
814 3324 835 3340 κ
936 3324 949 3340 .
1173 3325 1188 3340 .
1304 3324 1323 3340 κ
1444 3331 1467 3340 -
1593 3331 1616 3340 -
1804 3330 1828 3340 ..

382 3322 473 3377 καὶ
507 3321 742 3385 πολλαῖς
772 3324 1070 3399 πληγέντες
1101 3325 1190 3379 καὶ
1223 3324 1494 3400 χαλεπαῖς
1523 3331 1620 3381 τοῦ
1641 3330 1831 3403 καιροῦ
1861 3348 2029 3403 προσ-

385 3407 602 3484 ϐολαῖς,
660 3412 879 3489 θέατρον
938 3412 1259 3489 ἐγενήθησαν
1319 3418 1399 3487 τῷ
1452 3415 1667 3488 κόσμῳ,
1724 3414 1812 3470 καὶ
1867 3416 2030 3492 ἀγγέ-

379 3499 497 3562 λοις
529 3548 545 3573 ,
602 3500 691 3555 καὶ
743 3501 1051 3576 ἀνθρώποις
1091 3547 1103 3571 ,
1163 3504 1299 3557 κατὰ
1353 3505 1452 3573 τὴν
1524 3508 1622 3558 τοῦ
1691 3504 2030 3561 Ἀποστόλου

379 3591 585 3667 φωνήν·
615 3591 803 3645 καὶτὰ
854 3591 948 3663 μὶν
990 3592 1216 3664 σώματα
1264 3593 1582 3665 κάμνοντες,
1612 3593 1706 3655 τὰς
1755 3591 1813 3647 δὲ
1850 3595 2032 3669 ψυχὰς

379 3678 641 3752 ἀήττητοι
687 3677 1055 3752 διαμείναντες
1084 3725 1096 3749 ,
1150 3682 1239 3735 καὶ
1287 3684 1460 3736 πάντα
1508 3680 1790 3757 ἷσχύοντες
1855 3683 1907 3738 ἐν
1951 3687 2031 3756 τῷ

379 3763 704 3841 δυναμοῦντι
731 3770 844 3844 (99)
889 3767 1082 3829 αὐτοὺς
1125 3771 1341 3843 Χριστῷ
1390 3769 1506 3824 ὅσοι
1535 3792 1593 3825 τε
1623 3773 1721 3844 (1),
1757 3773 2027 3845 κοσμικὴν

378 3856 701 3929 ἀποθέμενοι
732 3857 920 3920 κακίας
972 3857 1107 3928 ὕλην
1156 3858 1245 3912 καὶ
1301 3856 1629 3925 δυναστείαν,
1662 3860 1697 3928 ἢ
1726 3860 1826 3929 τήν
1856 3861 2028 3937 ἁρπα-

378 3945 481 4018 γὴν
532 3948 640 4000 τῶν
693 3945 1051 4021 ὑπαρχόντων
1108 3947 1241 4019 μετᾶ
1288 3953 1463 4024 χαρᾶς
1515 3945 1961 4021 προσδεξάμενοι,
1995 3951 2029 4019 ἣ

374 4040 473 4103 τῆς
502 4034 729 4099 ἑαυτῶν,
778 4035 808 4089 ’ὁ
849 4033 914 4104 δὴ
968 4034 1204 4110 λέγεται,
1259 4034 1676 4114 φυγαδευθέντες
1719 4035 1943 4107 ἀδίκως,
1989 4041 2025 4109 ἢ

376 4120 605 4199 ἀνδρῶν,
652 4124 686 4192 ἦ
732 4126 1105 4200 γυναικῶν,
1155 4127 1387 4201 γονέων,
1438 4124 1473 4194 ἣ
1524 4123 1746 4195 τέκνων,
1791 4127 1826 4197 ἢ
1879 4127 2027 4195 ὅσοις

374 4208 568 4275 ἄλλοις
602 4212 833 4285 ὀνόμασι
875 4220 975 4283 τῆς
1024 4220 1226 4290 μικρᾶς
1275 4214 1611 4286 οίκειότητος
1659 4216 2025 4292 κατεχόμεθα,

371 4300 577 4356 τούτων
608 4302 744 4379 πρὸς
799 4301 985 4383 ὀλίγον
1040 4300 1472 4379 διαζευχθέντες,
1522 4304 1611 4359 καὶ
1663 4303 1743 4381 τῷ
1794 4311 2027 4380 Χριστοῦ

2216 2616 2342 2673 VII.
2376 2618 2680 2674 Enimvero
2722 2618 2864 2673 mihi
2908 2619 3033 2690 jam
3066 2616 3262 2674 exsilit
3310 2621 3484 2690 atque
3514 2618 3586 2672 ad
3618 2633 3797 2689 pane-

2146 2705 2473 2780 gyrismum
2506 2708 2682 2779 gestit
2730 2706 2935 2778 oratio,
2986 2705 3282 2779 simulque
3326 2723 3462 2761 cum
3501 2705 3617 2773 his,
3669 2722 3800 2779 quae

2146 2797 2466 2862 cernimus,
2496 2795 2815 2881 hilarescit,
2835 2800 3011 2868 atque
3035 2796 3105 2852 ad
3130 2795 3494 2867 spiritualem
3526 2794 3798 2851 choream

2148 2901 2353 2941 omnes
2398 2889 2587 2951 vocat,
2633 2891 2761 2939 tum
2814 2884 2914 2957 qui
2973 2884 3241 2956 jejuniis,
3292 2888 3347 2939 et
3393 2883 3688 2957 lacrymis,
3740 2888 3799 2939 et

2147 2973 2392 3029 orationi
2440 2973 2657 3029 addicti
2708 2980 2894 3039 erant,
2944 2974 3334 3049 prementium
3393 2972 3795 3029 molestiarum

2146 3061 2551 3134 depulsionem
2586 3063 2883 3135 ﬁnemque
2915 3067 3088 3118 noctu
3140 3061 3359 3133 diuque
3404 3061 3795 3135 postulantes,

2147 3165 2213 3205 ac
2268 3152 2643 3206 commodum
2691 3150 2753 3205 in
2804 3151 2978 3207 malis
3034 3151 3420 3223 pbarmacum
3477 3151 3794 3208 efﬁcientes

2147 3240 2427 3294 nimirum
2459 3256 2624 3311 spem
2651 3257 2768 3295 non
2800 3241 3253 3297 confundentem
3286 3241 3351 3309 ‘9,
3384 3244 3509 3295 tum
3543 3240 3643 3312 qui
3674 3257 3792 3296 ma-

2144 3329 2277 3401 gnis
2307 3329 2729 3384 certaminibus
2753 3333 2809 3384 et
2830 3347 2943 3384 aru
2956 3330 3104 3384 mnis
3125 3328 3455 3399 exantlatis,
3476 3328 3795 3405 multisque

2143 3421 2199 3473 et
2254 3417 2530 3491 gravibus
2580 3417 2861 3490 temporis
2928 3417 3252 3474 insultibus
3302 3418 3562 3491 percussi
3619 3424 3794 3492 atque

2139 3507 2584 3573 vexati,mundo
2605 3512 2663 3563 et
2692 3507 2939 3580 angelis,
2972 3513 3030 3563 et
3058 3507 3415 3574 hominibus,
3444 3513 3508 3563 ut
3528 3508 3791 3580 Apostoli

2139 3595 2331 3651 verbis
2362 3601 2513 3669 utar,
2546 3596 2945 3669 spectaculum
2987 3597 3335 3653 exstiterunt
3370 3597 3416 3631 ιθ
3445 3615 3458 3652 :
3496 3613 3562 3651 ac
3588 3613 3790 3669 corpo-

2142 3684 2303 3739 ribus
2333 3684 2469 3739 licet
2497 3685 2663 3740 fracti
2694 3690 2750 3740 et
2781 3685 3088 3752 debilitati,
3120 3686 3336 3741 animis
3366 3690 3560 3740 tamen
3586 3685 3792 3741 invicti

2141 3780 2613 3846 permanserunt,
2646 3775 2962 3847 omniaque
2991 3775 3051 3831 in
3092 3775 3323 3831 Christo
3356 3776 3517 3848 ipsos
3561 3776 3791 3830 confor-

2140 3868 2298 3918 tante
2328 3866 2646 3936 potuerunt
2668 3865 2713 3899 ⁵⁸
2736 3880 2749 3917 :
2770 3867 2896 3919 tum
2925 3865 3025 3936 qui
3059 3864 3359 3919 mundana
3386 3864 3510 3917 vitii
3546 3864 3793 3920 materia

2140 3958 2199 4007 et
2229 3952 2571 4007 auctoritate
2619 3969 2683 4007 ac
2729 3954 2989 4025 potentia
3038 3953 3320 4023 deposita,
3362 3951 3449 4007 vel
3498 3953 3787 4009 bonorum

2140 4042 2345 4112 rapina
2376 4058 2510 4095 cum
2542 4041 2755 4113 gaudio
2778 4045 3052 4112 suscepta
3081 4042 3145 4107 δι,
3178 4040 3265 4096 vel
3299 4041 3526 4113 (patria)
3563 4059 3690 4110 sua,
3724 4046 3791 4098 ut

2139 4130 2377 4202 quidem
2410 4129 2646 4201 dicitur,
2678 4146 2777 4201 per
2807 4131 3086 4202 iniuriam
3123 4130 3298 4203 pulsi,
3331 4129 3419 4186 vel
3452 4149 3485 4186 a
3514 4131 3788 4199 viris,aut

2139 4218 2438 4287 uxoribus,
2472 4222 2573 4274 aut
2602 4219 2961 4291 parentibus,
2994 4224 3095 4274 aut
3133 4218 3353 4286 liberis,
3409 4225 3510 4275 aut
3542 4220 3787 4293 quibus-

2137 4310 2614 4381 cunquetandem
2632 4308 2764 4365 aliis
2778 4326 2963 4382 parvas
2980 4309 3428 4367 necessitudinis
3443 4308 3784 4368 nominibus

448 4548 492 4585 “
522 4550 685 4607 Rom.
714 4568 769 4621 v,
800 4554 859 4609 5.
933 4553 980 4588 ⁴⁰
1006 4556 1033 4607 Ι
1060 4555 1189 4615 Cor.
1222 4569 1301 4609 ιν.
1330 4553 1386 4609 9.
1462 4554 1508 4588 ⁵ο
1538 4554 1790 4627 Philipp.
1822 4570 1901 4626 Iv,
1934 4555 2021 4611 13.

2172 4556 2344 4614 Hebr.
2378 4575 2434 4625 χ,
2460 4558 2529 4612 54
2561 4562 2617 4614 et
2648 4573 2812 4629 seqq.

588 4810 816 4884 νξΥπῆρξέ
850 4831 964 4882 μοι.
998 4816 1084 4867 Ita
1112 4812 1310 4868 Comb.
1344 4814 1516 4884 Deest
1548 4831 1666 4884 μοιΖ
1697 4812 1928 4884 incdit.

442 4881 553 4969 (99)
729 4880 823 4965 Sic
852 4880 995 4969 Reg:
1020 4885 1064 4951 Ι,
1088 4889 1146 4969 et
1174 4884 1303 4938 Sav.
1328 4883 1462 4967 Bill..
1482 4880 1722 4969 νει-οδες
1742 4882 1822 4969 ὅν..
1846 4885 2018 4969 Gabr.

371 4950 665 5021 ᾦροοωὶ).
701 4954 783 5008 sic
813 4950 1037 5010 reddit:
1065 4977 1093 5004 «
1117 4955 1181 5010 In
1210 4971 1383 5025 quem
1415 4954 1501 5011 sic
1532 4954 1635 5010 tibi
1666 4955 2010 5012 dimicatum
2121 4957 2181 5012 in

371 5027 476 5084 est,
510 5028 571 5078 ut
603 5042 637 5078 a
665 5024 1039 5081 dimicatione
1069 5042 1415 5082 removeres.
1449 5048 1478 5076 »
1870 5059 1883 5075 ι
2123 5034 2181 5084 tu

2151 5048 2208 5085 ll.

369 5027 476 5086 est,
510 5028 571 5078 ut
603 5042 637 5078 a
665 5024 1039 5081 dimicatione
1069 5024 1415 5082 removeres.
1449 5048 1478 5076 »
1870 5059 1883 5075 ι

437 5095 549 5170 (91)
580 5097 805 5170 ᾭσπερ.
858 5098 1317 5170 Praetermissum
1373 5115 1421 5170 a7
1450 5097 1639 5153 Billio.
1690 5097 1782 5153 Sic
1824 5099 2017 5154 reddit

365 5167 586 5237 optime
614 5167 815 5223 Camb.
850 5191 879 5219 α
913 5169 1079 5224 Velut
1108 5170 1218 5224 hoc
1248 5169 1511 5236 consilio,
1546 5186 1639 5235 ne,
1673 5190 1701 5219 ››
1732 5174 1843 5224 etc.

436 5239 552 5309 (92)
585 5238 672 5291 Ἐν
901 5240 1026 5296 Non
1059 5242 1239 5323 igitur
1276 5257 1411 5297 cum
1462 5240 1779 5298 Antiochia
1821 5256 2013 5297 versa-

436 5315 544 5367 tur.
577 5310 770 5366 Persis
844 5311 1022 5367 ellum
1056 5314 1346 5367 illaturus.

366 5315 487 5363 retu
500 5328 544 5373 r,
577 5310 787 5366 Persis
801 5310 1022 5367 bellum
1056 5310 1346 5368 illaturus.

457 5381 549 5455 93)
572 5381 958 5455 φειδομένους.
994 5384 1167 5455 Savil,
1190 5380 1555 5455 φειδομένοις.

457 5389 549 5450 93)
572 5389 958 5454 Φειδομὲνους.
994 5389 1167 5455 Savil,
1231 5389 1555 5455 ειδομὲνοις.

433 5389 946 5535 (ΡωλΑλλξριμέν.
976 5456 1107 5511 Bas.
1139 5404 1277 5511 egit.
1312 5456 1475 5510 addit
1515 5452 1639 5531 γάρ,
1677 5453 1832 5526 quod
1883 5453 2013 5509 Bill.

363 5527 421 5576 et
446 5524 620 5578 Savil.
652 5524 958 5596 abjiciunt.

394 5664 404 5673 .
433 5596 545 5666 (95)
576 5595 844 5721 Ἐἱωτοῦ
874 5601 1085 5675 καιροῦ.
1112 5619 1141 5647 ‹‹
1164 5599 1250 5654 Ab
1290 5614 1356 5653 eo
1396 5599 1550 5669 quod
1595 5597 1876 5669 temporis
1924 5614 2016 5653 ra-

394 5681 445 5720 ιο
476 5672 644 5721 nostu
675 5674 753 5721 at.
786 5670 1127 5721 excidemus
1177 5686 1191 5721 ε
1249 5693 1270 5718 ιι
1324 5669 1482 5721 aliud
1531 5669 1812 5721 nimirum
1843 5684 2016 5721 auen-

361 5668 445 5741 tio
476 5668 753 5736 postulat,
786 5668 1127 5726 excidemus
1177 5686 1191 5725 :
1249 5693 1270 5718 ιι
1324 5668 1482 5725 aliud
1531 5668 1812 5725 nimirum
1843 5684 2019 5741 agen-

362 5739 475 5805 tes,
527 5755 704 5810 quam
754 5743 908 5812 quod
947 5741 1249 5813 temporis,
1282 5741 1703 5812 praesentisque
1731 5749 1819 5797 est
1848 5739 2018 5796 insti-

2054 4821 2102 4886 D
2131 4815 2265 4872 tuti.

2204 4886 2316 4959 (96)
2352 4885 2829 4972 Συνεληλιξθαμεν,
2860 4893 2980 4972 etc.‘
3020 4894 3275 4972 Sancyg.‘
3318 4891 3389 4972 ad
3440 4888 3564 4972 haec
3609 4890 3785 4945 verba

2215 4960 3173 5106 T355533;attextis,
3195 4959 3638 5102 ῗιῖδέἓδὲἲρῗῖἔξῗ
3661 4977 3785 5089 ἓξὲξ

2124 5107 2185 5157 ta
2214 5106 2411 5157 tamen
2446 5120 2562 5157 non
2593 5103 2838 5158 videtur.

2216 5173 2309 5245 97)
2340 5174 2550 5245 Δεήσει.
2596 5174 2891 5231 Nonnulli.
2927 5170 3159 5245 δεήσεσι.

2216 5174 2309 5245 97)
2340 5174 2550 5242 Δεήσει.
2596 5174 2891 5231 Nonnulli.
2927 5174 3159 5241 δεήσεσι.

2195 5174 2307 5317 (98)
2339 5244 2685 5316 Δί’τούμενοι.
2717 5248 2918 5302 Comb.
2965 5244 3055 5298 καὶ
3106 5240 3560 5320 ἀπεκδεχόμενοι,
3611 5266 3641 5297 (ι
3690 5251 3777 5303 at-

2126 5331 2238 5386 que
2268 5321 2694 5388 exspectantes.
2738 5340 2765 5367 n

2198 5388 2304 5459 (99)
2366 5386 2823 5459 Ἕνδυναμοῦντι.
2884 5388 2978 5442 Sic
3049 5392 3302 5459 quatuor
3380 5388 3580 5459 Regg.,
3616 5387 3774 5459 ‘duo

2125 5453 2309 5520 Cole,
2353 5453 2756 5529 Comb.,'edit.
2808 5459 2937 5515 Ald.
2981 5462 3037 5514 et
3066 5453 3257 5514 Ἠοῖ-ν.
3306 5459 3368 5512 In
3427 5453 3572 5513 Par;
3613 5453 3773 5512 δυνα-

2174 5548 2338 5582 ουντι·

2130 5548 2457 5675 lfoavltf’ilcm
2489 5620 2566 5675 re.
2599 5603 2736 5675 Reg.
2772 5605 2812 5675 Ι,
2848 5597 3074 5675 addit
3105 5620 3240 5657 τινα.
3275 5601 3411 5673 Reg.
3445 5602 3566 5658 bm.
3600 5604 3777 5661 omis-

2127 5671 2205 5727 sis
2234 5671 2497 5743 Vocibus,
2528 5671 2642 5727 ὅσοι
2673 5671 2753 5746 τε,
2794 5674 2987 5730 habet.
3020 5671 3057 5743 ἤ
3100 5692 3241 5728 τινα.
