4152 6286
293 406 414 466 539
1537 408 1602 469 S.
1648 406 2019 469 GREGORII
2061 407 2457 469 THEOLOGI
3577 405 3698 464 540

297 538 636 604 retinemur,
694 540 762 593 ad
825 538 998 594 breve
1051 542 1285 610 tempus
1351 539 1651 610 disjuncti,
1719 538 1933 594 Christi

2072 539 2557 614 ιαρποφορήσαντες
2608 535 2794 610 α’ίματι
2846 537 2922 608 (2)
2970 536 3036 589 τὰ
3077 535 3208 610 ὑπὲρ
3256 536 3492 610 Χριστοῦ
3520 533 3690 605 πάθη,

301 628 574 700 sanguini
606 627 906 699 passiones
936 645 1039 699 pro
1056 628 1283 683 Christo
1305 629 1740 695 obtulerunt,ob
1765 629 1938 699 idque

2074 631 2133 680 ὒν
2180 626 2241 679 ἂν
2288 625 2457 681 ἐκεῖνο
2508 626 2714 702 λέγοιεν
2762 625 2852 679 καὶ
2900 622 3075 695 ᾅδοιεν
3128 626 3206 697 (3)
3259 623 3309 677 ἐν
3356 625 3549 698 καιρῷ,
3599 623 3686 691 τὸ,

300 734 457 771 nunc
486 717 790 771 commode
820 715 964 771 illud
998 716 1187 771 dicere
1218 721 1274 772 et
1304 722 1537 773 cantare
1569 722 1783 789 queant
1808 719 1941 771 :Im-

294 806 532 875 posuisti
560 804 805 859 homines
846 821 1012 876 super
1052 808 1234 877 capita
1284 814 1475 861 nostra
1518 825 1536 859 .-
1584 804 1941 860 transivimus

294 909 393 965 per
433 894 616 961 ignem
663 896 715 949 et
761 909 966 965 nquam
1012 913 1031 950 :
1079 900 1132 949 et
1176 894 1416 950 eduxisti
1451 911 1549 951 nos
1598 896 1657 950 in
1704 896 1941 965 refrige-

298 984 447 1037 rium
477 982 539 1037 δ’.

369 1070 519 1126 VIII.
570 1071 720 1137 Quin
770 1070 1011 1128 alteram
1062 1089 1294 1144 quoque
1340 1076 1565 1145 partem
1610 1073 1681 1128 ad
1731 1072 1943 1128 festum

301 1161 456 1217 diem
489 1160 829 1231 agitandum
860 1178 1020 1229 voco,
1053 1178 1152 1217 eos
1182 1162 1461 1217 nimirum
1495 1162 1594 1231 qui
1646 1178 1780 1217 eum
1815 1160 1943 1215 uni-

300 1265 603 1305 versarum
632 1249 868 1321 quidem
900 1266 1097 1305 rerum
1129 1250 1313 1307 Deum
1342 1252 1751 1317 confiteantur,
1769 1255 1945 1321 atque

299 1339 593 1394 hactenus
614 1339 810 1393 animo
842 1339 970 1394 sani
1002 1340 1139 1406 sint,
1165 1344 1434 1397 caeterum
1468 1342 1537 1396 ad
1572 1339 1945 1412 providentia:

298 1428 554 1483 rationes
586 1427 827 1483 minime
857 1428 957 1484 82
989 1433 1330 1500 penetrant;
1364 1446 1493 1500 quae
1514 1430 1858 1501 plerumque
1880 1444 1948 1483 ex

301 1517 606 1572 contrariis
651 1516 892 1572 meliora
939 1522 1231 1589 procurat,
1264 1534 1330 1573 ac
1380 1536 1481 1589 per
1527 1518 1945 1590 benignitatem

302 1607 373 1661 ad
398 1605 862 1677 resipiscentiam
894 1606 1102 1662 invitat
1122 1608 1166 1641 ⁵³
1192 1625 1205 1674 ;
1239 1623 1441 1663 verum
1470 1609 1540 1663 ob
1573 1609 1779 1662 animae
1803 1624 1943 1679 pau-

301 1698 587 1766 pertatem
620 1698 675 1749 et
704 1694 1021 1763 levitatem,
1055 1696 1194 1751 dum
1222 1696 1483 1767 superbit
1514 1696 1733 1768 impius
1762 1696 1819 1750 in
1853 1712 1945 1751 co-

303 1782 708 1855 gitationibus,
739 1782 1134 1839 incenduntur
1162 1785 1206 1818 5"
1258 1788 1430 1856 atque
1479 1785 1942 1852 inflammantur,

303 1889 369 1927 ac
401 1875 768 1943 peccatorum
800 1888 1023 1942 pacem,
1056 1878 1121 1927 ut
1155 1890 1287 1928 cum
1331 1874 1539 1930 Davide
1571 1874 1796 1945 loquar,
1831 1891 1944 1929 non
1976 1905 2024 1970 B

303 1961 501 2016 ferunt
530 1961 593 2029 ⁵⁵,
619 1977 724 2016 nec
741 1960 844 2015 Dei
874 1961 1181 2017 consilium
1212 1967 1542 2034 exspectare
1574 1964 1867 2019 sustinent
1881 1965 1945 2033 ⁸⁸,

305 2067 411 2106 nec
432 2051 502 2105 ad
527 2053 852 2104 extremum
876 2066 1062 2120 usque
1084 2051 1259 2105 animi
1283 2051 1615 2123 aequitatem
1640 2056 1946 2123 praestant;

274 2128 275 2131 “
303 2154 507 2194 verum
540 2154 671 2193 cum
704 2138 1090 2209 praesentibus
1119 2140 1293 2195 rebus
1322 2146 1378 2195 et
1407 2140 1466 2196 in
1518 2146 1815 2211 aspectum
1850 2159 1949 2197 ca-

304 2227 578 2283 dentibus
608 2231 887 2297 perpetuo
908 2228 1532 2300 serviant.hujusmodi
1564 2230 1867 2287 miraculis
1888 2232 1947 2286 in

305 2316 550 2372 veritate
581 2314 1023 2371 conﬁrmantur.

375 2404 467 2460 IX.
489 2404 521 2459 J
526 2420 622 2459 am
644 2420 742 2459 eas
764 2420 993 2476 quoque
1022 2405 1250 2461 animas
1271 2423 1428 2473 voco,
1451 2424 1577 2478 quae
1608 2408 1950 2481 hujusmodi

305 2498 627 2562 scenam,et
653 2509 934 2565 magnum
965 2494 1076 2549 hoc
1104 2494 1400 2551 theatrum
1434 2498 1505 2552 ad
1531 2502 1828 2570 stuporem
1852 2516 1950 2555 us-

310 2600 423 2656 que
453 2583 761 2649 mirantur,
796 2585 853 2637 et
891 2582 1129 2653 quidem
1175 2583 1269 2639 his
1318 2586 1478 2640 Isaiae
1523 2587 1713 2642 verbis
1760 2604 1771 2642 :
1823 2588 1949 2642 Mu-

308 2672 482 2729 lieres
512 2690 547 2727 a
577 2670 908 2743 spectaculo
937 2672 1255 2743 venientes,
1281 2673 1396 2728 huc
1416 2675 1634 2738 adeste,
1654 2675 1953 2748 animique

309 2760 478 2818 oculo
516 2760 588 2815 ab
634 2764 870 2815 externa
916 2761 1279 2817 oberratione
1326 2764 1565 2818 reducto
1609 2769 1785 2837 atque
1835 2765 1951 2820 col-

310 2851 480 2921 lecto,
511 2852 708 2904 vacate
739 2854 795 2904 et
824 2849 1174 2920 cognoscite,
1203 2851 1482 2921 quoniam
1512 2851 1637 2924 ipse
1659 2860 1747 2908 est
1776 2854 1951 2925 Deus,

312 2939 410 3011 qui
444 2938 730 2993 exaltatur
752 2937 812 2991 in
840 2938 1133 3008 gentibus,
1183 2943 1239 2992 et
1281 2939 1567 2995 exaltatur
1596 2942 1655 2996 in
1704 2946 1857 2997 terra
1886 2944 1949 3012 ⁵⁷,

311 3044 541 3100 semper
570 3026 669 3082 ille
693 3026 929 3098 quidem
961 3026 1021 3081 in
1052 3026 1326 3083 omnibus
1352 3028 1649 3085 miraculis
1679 3035 1735 3085 et
1764 3031 1954 3102 prodi-

309 3117 442 3188 giis,
485 3132 615 3187 quas
653 3114 807 3183 fecit,
861 3119 921 3170 at
961 3115 1020 3170 in
1070 3117 1454 3188 praesentibus
1498 3118 1713 3175 clarius
1760 3124 1818 3175 et
1864 3137 1954 3175 ex-

309 3205 590 3278 pressius.

2050 709 2401 776 Ἐπεϐίϐασας
2467 715 2780 791 ἀνθρώπους
2855 713 2941 768 ἐπὶ
3014 714 3107 775 τὰς
3182 712 3418 790 κεφαλὰς
3477 714 3638 785 ἡμῶν
3676 731 3689 743 ·

2051 801 2348 877 διήλθομεν
2383 801 2473 859 διὰ
2495 805 2666 880 πυρὸς
2715 804 2806 858 καὶ
2854 802 3066 865 ὕδατος·
3106 803 3196 856 xui
3246 801 3503 877 ἐξήγαγες
3541 804 3690 875 ἡμᾶς

2051 893 2124 955 εἷς
2156 894 2461 968 ἀναψυχήν.

2124 1077 2203 1127 Η.
2229 1070 2394 1129 Καλῶ
2426 1072 2514 1126 xui
2555 1073 2653 1140 τὴν
2704 1069 2884 1146 ἑτέραν
2944 1075 3137 1145 μοῖραν
3186 1068 3263 1129 είς
3309 1069 3407 1137 τὴν
3449 1070 3697 1143 πανήγυ-

2056 1181 2160 1237 ριν,
2191 1159 2328 1231 ὅσοι,
2360 1161 2450 1215 τὸν
2488 1161 2581 1233 μὲν
2617 1164 2723 1214 τῶν
2773 1158 2917 1215 ὅλων
2966 1157 3371 1233 ὁμολογοῦντες
3422 1158 3572 1229 Θεὸν,
3606 1157 3694 1211 καὶ

2060 1248 2221 1325 μέχρι
2248 1249 2442 1304 τούτου
2471 1249 2596 1311 τοὺς
2641 1247 2942 1324 λογισμοὺς
2989 1250 3065 1320 (4)
3120 1245 3447 1321 ὑγιαίνοντες
3494 1252 3610 1308 τοῖς
3640 1243 3698 1300 δὲ

2052 1345 2154 1408 τῆς
2201 1338 2459 1413 προνοίας
2512 1338 2700 1412 λόγοις
2748 1337 2847 1392 οὐκ
2894 1332 3281 1409 ἐμϐατεύοντες
3330 1336 3427 1409 (5),
3478 1335 3537 1390 ἐκ
3585 1340 3693 1389 τῶν

2056 1428 2307 1483 ἐναντίων
2358 1425 2630 1488 πολλάκις
2676 1427 2743 1480 τὰ
2791 1423 2990 1501 βελτίω
3039 1422 3446 1497 διοικουμένης,
3490 1424 3578 1479 xui
3629 1429 3696 1498 τῇ

2056 1516 2393 1593 χρηστότητι
2452 1513 2908 1588 προκαλουμένης
2968 1514 3044 1587 (6)
3112 1514 3211 1581 τήν
3280 1512 3644 1586 ἐπανόρθωσιν
3681 1560 3697 1584 ,

2056 1604 2203 1661 ἀλλὰ
2232 1605 2319 1660 διὰ
2335 1605 2608 1680 πτωχείαν
2645 1607 2828 1679 ψυχῆς
2859 1603 2947 1657 xui
2980 1603 3310 1680 κουφότητα,
3343 1601 3393 1656 ἐν
3424 1606 3502 1673 τῷ
3536 1602 3695 1678 ὕπερ-

2055 1694 2407 1773 ηφανεύεσθαι
2455 1694 2546 1747 τὸν
2600 1688 2763 1760 ἀσεϐῆ
2825 1692 2952 1754 τοὺς
3004 1694 3307 1765 Λογισμοὺς
3339 1735 3351 1759 ,
3403 1691 3697 1763 ἐμπυριζό-

2060 1783 2207 1856 μενοί
2258 1804 2315 1837 τε
2362 1786 2451 1837 xui
2498 1781 2900 1854 ἀναπτόμενοι,
2949 1780 3039 1834 καὶ
3091 1780 3307 1856 εἲρήνην
3357 1779 3699 1853 ἁμαρτωλῶν

2057 1873 2117 1927 οὐ
2152 1872 2419 1950 φέροντες,
2453 1873 2481 1926 ’ὀ
2522 1869 2589 1939 δὴ
2636 1870 2797 1948 φησὶν
2833 1871 2860 1924 ὁ
2891 1869 3133 1944 ψαλμὸς,
3184 1866 3294 1923 οὐδ’
3338 1868 3697 1941 ὑπομένοντες

2054 1965 2156 2014 τοῦ
2208 1965 2340 2015 Θεοῦ
2384 1961 2481 2027 τὴν
2538 1959 2768 2035 βουλὴν,
2815 1960 2905 2013 καὶ
2955 1959 3090 2034 πρὸς
3120 1958 3183 2012 τὸ
3230 1958 3395 2033 πέρας
3432 1969 3702 2034 μακροθυ-

2062 2054 2303 2123 μοῦντες·
2338 2046 2527 2105 δοῦλοι
2577 2045 2633 2102 δὲ
2680 2043 2826 2110 ὄντες
2856 2045 2938 2102 ἀεῖ
2964 2052 3071 2102 τῶν
3127 2046 3439 2119 παρόνντων
3468 2046 3558 2100 καὶ
3586 2050 3695 2100 τῶν

2058 2138 2374 2213 ὁρωμένων,
2425 2142 2538 2199 τοῖς
2585 2136 2852 2199 τοιούτοις
2904 2136 3137 2208 θαύμασι
3192 2130 3533 2211 βεϐαιοῦνται
3562 2135 3699 2209 πρὸς

2055 2229 2155 2297 τὴν
2184 2226 2462 2298 ἀλήθειαν.

2128 2406 2197 2459 Θ’.
2232 2402 2395 2459 Καλῶ
2437 2404 2525 2459 καὶ
2555 2404 2650 2467 τὰς
2699 2402 3038 2477 ἐπτοημένας
3086 2402 3265 2479 ψυχὰς
3313 2402 3438 2477 περὶ
3476 2404 3576 2472 τὴν
3603 2408 3701 2457 τοῦ

2058 2494 2267 2567 κόσμου
2298 2491 2458 2547 τοῦδε
2488 2494 2691 2562 σκηνὴν
2740 2492 2829 2547 καὶ
2859 2493 2922 2546 τὸ
2957 2493 3091 2566 μέγα
3137 2490 3376 2567 θέατρον·
3411 2495 3499 2545 καί
3546 2489 3703 2545 καλῶ

2058 2605 2121 2658 γε
2176 2589 2291 2645 τοῖς
2358 2580 2576 2637 Ἡσαΐου
2636 2581 2841 2658 ῥήμασι
2873 2600 2885 2612 ⁸
2946 2586 3197 2642 Γυναῖκες
3275 2584 3353 2652 (7)
3409 2580 3703 2655 ἐρχόμεναι

2059 2671 2165 2726 ἀπὸ
2196 2670 2334 2739 θέας,
2370 2669 2539 2742 δεῦτε,
2572 2670 2661 2725 καὶ
2707 2671 2770 2725 τὸ
2809 2676 2911 2739 τῆς
2950 2672 3132 2744 ψυχῆς
3184 2664 3340 2742 ὄμμα
3371 2669 3430 2724 ἐκ
3472 2676 3572 2738 τῆς
3602 2664 3703 2738 ἔξω

2059 2758 2507 2836 περιπλανήσεως
2557 2758 2973 2832 ἐπιστρέψασαι,
3026 2757 3329 2833 σχολάσατε
3374 2756 3462 2811 καὶ
3507 2761 3700 2830 γνῶτε,

2061 2848 2143 2903 ὅτι
2193 2848 2352 2911 αὐτός
2401 2848 2540 2903 ἐστιν
2585 2850 2612 2904 ὁ
2661 2849 2812 2919 Θεὸς,
2864 2846 3165 2920 ὑψούμενος
3210 2845 3259 2900 ἐν
3310 2849 3424 2901 τοῖς
3475 2842 3699 2914 ἔθνεσιν,

2062 2936 2366 3012 ὑψούμενος
2418 2938 2467 2993 έν
2512 2942 2579 3011 τῇ
2629 2936 2718 3013 γῇ,
2774 2936 2854 2991 ἀεί
2901 2957 3032 2991 ποτε
3082 2936 3132 2991 ἐν
3165 2942 3323 2989 πᾶσιν
3367 2935 3447 2995 οἷς
3479 2932 3702 3001 ἐποίησε

2060 3028 2378 3103 θαυμασίοις
2412 3030 2486 3102 (8)
2532 3026 2620 3081 καὶ
2669 3027 2874 3102 τέρασι,
2905 3026 2993 3080 xui
3023 3031 3139 3087 τοῖς
3176 3029 3266 3079 νῦν
3300 3023 3702 3100 ἐναργέστερον.

380 3297 451 3348 Χ.
481 3295 669 3365 Atque
701 3294 925 3348 utinam
956 3293 1055 3349 ille
1084 3310 1315 3366 quoque
1361 3300 1542 3353 C(BtUS
1590 3298 1660 3353 ad
1713 3298 1954 3353 chorum

2140 3301 2199 3355 Γ.
2250 3295 2375 3351 Εἴθε
2427 3316 2517 3367 μοι
2568 3296 2650 3367 (9)
2694 3296 2791 3347 τοῦ
2840 3296 3013 3368 χοροῦ
3061 3290 3221 3366 μέρος
3269 3293 3332 3359 ἦν
3381 3288 3594 3344 κάκεῖνο
3644 3290 3706 3343 τὸ

313 3385 583 3438 nostrum
616 3397 678 3436 se
707 3382 1072 3453 adjungeret,
1100 3382 1219 3452 qui,
1252 3399 1384 3439 cum
1435 3386 1596 3456 prius
1626 3388 1955 3442 cantionem

312 3472 774 3542 haudquaquam
797 3470 1184 3525 adulterinam
1217 3477 1388 3543 atque
1418 3474 1736 3546 ignobilem
1767 3475 1958 3530 nobis-

315 3577 445 3614 cum
477 3561 586 3614 Deo
618 3558 925 3628 accineret,
960 3575 1026 3612 ac
1056 3559 1256 3614 dextro
1306 3563 1600 3631 quondam
1632 3564 1837 3619 ordine
1867 3563 1955 3617 di-

314 3665 465 3722 gnus
514 3648 845 3716 haberetur,
898 3650 1072 3717 atque
1120 3649 1316 3715 etiam,
1378 3655 1445 3705 ut
1490 3652 1738 3719 confido,
1798 3652 1957 3707 brevi

312 3737 648 3803 habebitur,
668 3741 769 3791 aut
796 3735 917 3791 scio
947 3753 1063 3808 qua
1101 3752 1160 3792 re
1191 3742 1541 3807 commotus,
1566 3744 1799 3811 repente
1829 3758 1960 3797 can-

314 3832 437 3882 tum
456 3827 515 3881 in
543 3826 838 3882 diversum
872 3827 1313 3898 mutat,alioque
1343 3830 1528 3901 gradu
1561 3834 1736 3901 atque
1756 3831 1959 3885 ordine

316 3933 443 3972 sese
465 3916 707 3972 collocat
726 3934 738 3972 :
754 3932 821 3973 ac
838 3932 911 3971 ne
931 3917 1003 3971 ob
1026 3934 1398 3973 communem
1421 3920 1655 3991 quidem
1676 3919 1960 3989 laetitiam,

318 4006 473 4077 quod
505 4007 678 4061 etiam
712 4007 902 4078 magis
951 4007 1154 4075 miror,
1194 4008 1403 4063 adduci
1436 4014 1627 4081 potest
1670 4014 1735 4064 ut
1765 4008 1960 4064 nobis—

319 4110 454 4147 cum
487 4096 879 4165 conjungatur
910 4111 922 4148 ε
956 4097 1096 4165 quin
1138 4098 1331 4168 potius
1374 4097 1645 4169 privatim
1691 4098 1960 4153 choreum

3069 3378 3097 3388 Α.

2067 3389 2336 3458 σύστημα,
2394 3384 2445 3455 ὃ,
2500 3382 2589 3436 σὺν
2644 3384 2780 3454 ἡμῖν
2838 3383 2973 3441 τέως
3025 3378 3104 3452 τῷ
3160 3384 3273 3450 Θεῷ
3322 3377 3591 3454 προσᾷδον
3645 3377 3705 3431 ού

2065 3472 2328 3545 κίϐδηλον
2380 3470 2547 3545 ᾠδὴν,
2597 3468 2723 3525 οὐδὲ
2774 3467 3058 3541 ἀδόκιμον,
3108 3466 3253 3523 ἀλλά
3282 3468 3500 3537 καὶτῆς
3533 3465 3704 3537 δεξιᾶς

2065 3586 2196 3621 ποτε
2236 3565 2469 3622 στάσεως
2520 3560 2857 3633 ἀξιούμενον,
2906 3557 3142 3612 πιστεύω
3194 3554 3269 3627 δὲ,
3319 3555 3401 3611 ὅτι
3450 3555 3539 3611 καὶ
3593 3556 3705 3628 μετ’

2068 3653 2256 3728 ὀλίγον
2292 3649 2747 3721 ἀξιωθησόμενον,
2797 3647 2895 3702 οὐκ
2941 3644 3041 3701 οἷδ’
3074 3648 3102 3700 ’ὀ
3131 3668 3182 3701 τι
3215 3646 3406 3717 παθὸν,
3455 3644 3705 3721 ἐξαίφνης

2070 3739 2461 3818 μεθαρμόζεταί
2511 3759 2569 3792 τε
2635 3738 2723 3792 xui
2789 3735 3163 3809 μετατάττεται
3200 3753 3213 3766 ·
3272 3734 3362 3789 καὶ
3422 3732 3547 3788 οὐδὲ
3607 3733 3709 3787 ὑπὸ

2065 3840 2165 3903 τῆς
2206 3836 2394 3899 κοινῆς
2442 3828 2555 3901 (10)
2601 3824 2952 3903 εὐφροσύνης,
2984 3826 3013 3878 ’ὀ
3044 3825 3132 3879 xui
3181 3822 3438 3896 θαυμάζω
3475 3820 3711 3896 μᾶλλον,

2071 3922 2144 3983 εἷς
2173 3920 2363 3975 ταυτὸν
2417 3915 2654 3993 ἔρχεται·
2706 3913 2833 3970 ἀλλ’
2882 3912 3019 3968 ἰδίαν
3064 3911 3278 3982 ’ίστησιν
3324 3911 3423 3966 ούκ
3452 3908 3717 3987 εὔρυθμόν

2067 4032 2189 4065 τινα
2216 4008 2416 4075 ταύτην
2469 4004 2710 4081 χορείαν,
2766 4002 2890 4058 οὐδὲ
2940 4002 3275 4077 ἐναρμόνιον·
3309 4005 3565 4057 τοσοῦτον
3614 4002 3718 4076 γὰρ

2072 4098 2202 4159 ἴσως
2257 4097 2421 4151 εἶ’πεῖν
2483 4102 2571 4148 καί
2626 4093 2778 4147 αὐτοὶ
2838 4090 3134 4146 δώσουσιν·
3197 4091 3321 4147 ἀλλ’
3379 4090 3570 4146 ὁποίαν
3627 4090 3717 4143 καὶ

320 4182 637 4254 quamdam
687 4200 894 4253 parum
944 4185 1303 4241 modulatam
1353 4203 1420 4243 ac
1482 4204 1855 4243 numerosam
1907 4191 1954 4242 et

2072 4188 2191 4243 τίνα
2226 4207 2238 4255 ;
2268 4186 2312 4240 εἰ
2360 4183 2448 4238 καὶ
2496 4187 2721 4237 κινεῖται
2775 4175 2952 4255 λέγειν
2987 4181 3015 4234 ὁ
3050 4178 3239 4249 ζῆλος,
3287 4178 3413 4235 ἀλλ’
3450 4182 3484 4248 ὴ
3536 4179 3717 4239 πίστις

319 4269 668 4324 concinnam
718 4270 978 4325 instituit
1010 4291 1022 4328 :
1057 4273 1165 4328 hoc
1197 4274 1349 4328 enim
1387 4275 1530 4329 mihi
1565 4276 1716 4331 bona
1762 4293 1963 4331 eorum

2073 4281 2276 4353 κρατεῖ·
2337 4273 2426 4328 καὶ
2475 4270 2675 4341 καθέξω
2730 4274 2826 4323 τοῦ
2884 4267 3050 4344 λόγου
3108 4269 3169 4323 τὸ
3217 4266 3378 4338 ἀηδὲς
3426 4265 3574 4322 αἰδοῖ
3618 4275 3716 4335 τῆς

316 4358 487 4414 venia
514 4358 760 4413 fortasse
790 4360 978 4415 dicere
1006 4360 1205 4417 licebit
1244 4378 1257 4416 :
1292 4379 1611 4433 quamnam
1652 4368 1868 4432 autem,
1909 4369 1954 4419 e1

2076 4363 2318 4426 ἐλπίδος.
2379 4368 2496 4415 Ἔτι
2556 4380 2659 4431 μου
2718 4358 2962 4431 περιέπω
3018 4359 3082 4412 τὰ
3138 4356 3321 4428 μέλη⁸
3382 4353 3457 4411 ἔτι
3518 4354 3719 4427 δίδωμι

321 4446 551 4518 qualem
574 4447 603 4501 ?
630 4446 791 4503 zelus
820 4447 1082 4520 quidem,
1115 4453 1179 4504 ut
1208 4450 1422 4518 dicam,
1456 4469 1549 4507 me
1580 4454 1802 4520 incitat,
1823 4455 1954 4512 fides

2076 4454 2240 4511 πλέον
2272 4451 2339 4526 τῇ
2368 4451 2491 4521 πρὶν
2543 4448 2720 4523 ἀγάπῂ
2771 4454 2869 4516 τῆς
2916 4446 3193 4524 παρούσης
3243 4445 3577 4521 ὑπεροψίας·
3628 4444 3719 4498 καὶ

320 4540 515 4591 autem
545 4535 756 4591 retinet
788 4552 801 4590 :
838 4553 905 4591 ac
962 4538 1249 4594 sermonis
1299 4540 1628 4598 molestiam
1671 4545 1743 4599 ob
1773 4561 1962 4617 spem,

318 4642 436 4696 qua
464 4625 1349 4697 moveor,comprimam.Adhuc
1371 4632 1633 4688 membra
1652 4648 1783 4688 mea
1802 4635 1963 4694 foveo

2081 4542 2170 4599 διὰ
2195 4546 2356 4596 τοῦτο
2395 4539 2616 4614 γίνομαι
2667 4536 3164 4611 μακροθυμότερος,
3192 4533 3261 4588 τίν’
3314 4532 3564 4589 ὀνειδίσω
3596 4544 3720 4608 θερ-

2078 4632 2325 4707 μότερον.

318 4717 495 4784 atque
527 4711 921 4784 complector:
950 4714 1140 4770 adhuc
1170 4717 1449 4787 majorem
1502 4721 1764 4792 pristinae
1802 4724 2131 4790 charitatis,
2163 4735 2339 4791 quam
2389 4715 2690 4789 praesentis
2740 4717 3111 4786 contemptus
3164 4713 3450 4770 rationem
3479 4712 3664 4768 habeo
3696 4728 3709 4777 ;

316 4808 493 4874 atque
520 4802 736 4858 idcirco
768 4802 1046 4860 leniorem
1079 4820 1171 4860 me
1201 4807 1450 4880 praebeo,
1484 4814 1550 4864 ut
1574 4811 1767 4868 acrius
1802 4819 2004 4885 postea
2031 4818 2088 4870 et
2116 4807 2430 4867 ferventius
2462 4806 2789 4876 objurgem.

388 4939 432 4972 5’
460 4936 615 4993 Psal.
651 4956 776 5007 va,
811 4939 897 4994 12.
975 4940 1019 4973 ⁵³
1049 4939 1208 4995 Rom.
1243 4959 1305 5010 II,
1340 4944 1390 4997 4.
1470 4942 1513 4977 ⁵⁵
1545 4943 1692 5000 Psal.
1722 4964 1798 5011 1x,
1830 4947 1920 5001 23.

2072 4942 2221 5000 Psal.
2256 4956 2425 5006 Lxxu,
2457 4939 2511 4993 3.
2588 4938 2631 4971 ⁵⁸
2664 4934 2815 4992 Psal.
2847 4952 2938 5003 cv,
2972 4936 3059 4989 13.
3138 4935 3180 4969 ⁵⁷
3221 4934 3371 4990 Psal.
3403 4952 3529 5005 XLV,
3561 4936 3649 4990 11.

496 5076 739 5161 ζᾼζματι.
769 5083 1054 5161 gombef.,
1076 5088 1146 5161 _et
1173 5084 1231 5138 in
1264 5102 1363 5141 ora
1396 5087 1528 5161 Reg,
1563 5088 1604 5154 ι,
1638 5087 1886 5161 ὀνόματι.

388 5153 466 5234 (3)
489 5149 952 5234 I'48016VLBQgg.I
979 5149 1047 5221 a,
1076 5157 1132 5223 b,
1166 5162 1222 5234 et
1407 5161 1457 5225 1,
1480 5149 1749 5230 νῇοὗθῐιῐ,
1790 5156 1965 5212 ἄδοιεν

318 5222 684 5301 και-λέγοιενἒ
713 5221 1227 5301 Εὰἱῐῗλέγοιενζκαὶ
1259 5221 1458 5297 ᾅδοιεν.

388 5297 464 5369 (4)
490 5294 627 5357 Τοὺς
669 5294 991 5369 λογισμούς.
1044 5300 1205 5355 Colb.
1236 5294 1277 5353 6'
1318 5307 1375 5356 et
1422 5301 1805 5357 Combeﬁsius
1850 5306 1966 5361 τοῖς

321 5367 633 5421 ἐμγισαοῖς.

352 5388 939 5530 μέἷῌξξέατεύοντες.
1001 5442 1140 5515 Reg.
1190 5443 1310 5510 bm,
1371 5442 1532 5500 Colb.
1583 5444 1615 5498 3
1664 5448 1719 5499 et
1766 5445 1965 5500 Comb.

316 5507 740 5581 ἐμϐατεύσαντες
751 5555 762 5566 .

394 5584 467 5653 (6)
525 5582 1046 5661 ῌροκαλουμένη-ςκ
1082 5584 1325 5661 Videtur
1388 5586 1676 5661 interpres
1732 5587 1964 5661 legisse,

319 5650 831 5730 προσκαλουμένης,
861 5662 927 5712 ut
945 5650 1128 5730 habet
1159 5657 1296 5730 Reg.
1332 5659 1527 5713 codex.

393 5726 471 5797 (7)
513 5728 783 5787 Γυναῖκες.
840 5750 867 5778 ‹‹
921 5728 1189 5784 Mulieres
1245 5726 1553 5801 opulentae,
1611 5732 1851 5804 surgite,
1909 5734 1968 5787 et

2079 5085 2275 5142 audite
2304 5097 2502 5138 vocem
2554 5096 2786 5146 meam;
2836 5078 2969 5134 ﬁliae
3006 5078 3397 5152 conﬁdentes,
3448 5080 3725 5152 percipite

2079 5157 2322 5213 auribus
2352 5153 2649 5224 eloquium
2685 5168 2962 5224 meum,»
2996 5151 3087 5207 Sic
3120 5151 3179 5205 in
3214 5153 3323 5206 lsa.
3352 5168 3528 5215 xxxu,
3560 5154 3613 5207 9.

2152 5230 2224 5299 (8)
2255 5223 2727 5299 Θαυμασίοις-,ΒΨ
2754 5229 2873 5279 tres
2906 5223 3108 5295 Regg.,
3131 5227 3319 5294 Pass.,
3351 5224 3489 5279 edit.
3525 5224 3727 5279 388.61:

2078 5295 2277 5356 Comb.
2310 5295 2413 5353 Ed.
2447 5298 2574 5353 Bar.
2611 5295 2868 5367 θαύμασι.

2149 5373 2225 5442 (9)
2257 5367 2384 5431 Εἴθε
2417 5389 2531 5442 μοι,
2566 5364 2813 5442 etc._etc.
2849 5365 3118 5421 Monachi
3150 5364 3495 5442 Nazianzeni
3526 5370 3730 5442 tumha

2078 5436 2246 5498 Patre
2276 5436 2551 5513 Gregorio
2581 5439 2753 5513 divisi
2779 5456 2794 5505 ;
2824 5454 2955 5513 _no_n
3000 5454 3150 5513 vero
3172 5436 3391 5513 Ariani,
3439 5438 3538 5513 qui
3582 5436 3727 5493 nulli

2078 5520 2243 5570 erant
2270 5508 2637 5581 Nazianzeni,
2669 5510 2754 5564 uti
2784 5509 3068 5581 gloriatur
3088 5508 3439 5580 Theologus,
3466 5508 3559 5564 hic
3590 5515 3729 5565 sunt

2076 5583 2462 5641 intelligendi.

2148 5600 2462 5655 teuigenai.

2148 5657 2258 5727 (10)
2291 5656 2513 5727 Κοινῗῆς.
2567 5653 2653 5707 Ita
2699 5652 2876 5725 Regg.
2927 5652 2986 5719 b,
3037 5650 3077 5722 l,
3129 5650 3287 5707 Colb.
3339 5652 3392 5705 3.
3452 5651 3508 5719 6,
3560 5651 3723 5717 Pass,

2077 5726 2247 5784 Deest
2274 5727 2333 5782 in
2364 5726 2502 5782 edit.
2534 5728 2666 5781 Par.
