4152 6286
352 398 466 456 541

1342 398 1635 459 ORATIO
1676 398 1783 459 IV.
1820 428 1891 444 —
1922 398 2235 461 CONTRA
2275 398 2678 464 JULIANUM
2721 398 2770 459 Ι.

3643 391 3763 451 542

426 527 532 584 IA'.
567 523 709 583 Μίαν
745 529 962 600 μοῖραν,
993 525 1048 579 ’ἐν
1079 528 1269 602 ψυχῶν
1312 528 1466 601 γένος
1509 526 1871 602 ἀποκηρύττει)
1901 532 1999 599 τῆς

2188 532 2277 588 ΧΙ.
2312 533 2498 589 Unam
2530 533 2799 597 classem,
2831 544 3014 584 unum
3066 526 3401 581 animarum
3448 540 3636 596 genus
3686 524 3759 580 ab

354 614 737 691 πανηγύρεως,
772 614 966 668 στένων
1005 615 1098 688 μὶν
1128 615 1215 669 καὶ
1264 615 1466 690 ἀλγῶν,
1497 615 1585 669 καὶ
1631 614 1756 670 οὐδὲ
1785 617 2005 672 έπαῗον-

352 727 447 766 τας
476 707 588 777 (11)
632 701 768 765 ’ίσως
816 705 1047 777 πενθῶν,
1101 702 1212 757 οὐδ’
1264 703 1682 776 αἰσθανομένους
1730 713 1831 775 τῆς
1886 709 2005 761 ἑαυ-

356 800 461 849 τῶν
496 791 771 854 ἀπωλείας
822 790 1248 869 ἀποδυρόμενος
1282 798 1443 847 τοῦτο
1495 794 1594 869 γὰρ
1645 801 1744 863 τῆς
1782 793 2003 872 πληγῆς

355 883 530 938 αὐτῶν
588 883 650 937 τὸ
702 881 1087 937 ἐλεεινότατοψ
1148 882 1509 958 ἀποκηρύττω
1568 881 1614 937 δ’
1671 882 1848 957 ὅμως,
1909 886 2002 958 οἳ,

354 970 641 1047 σπαρέντες
672 970 772 1024 οὐκ
820 969 907 1024 ἐπὶ
955 970 1056 1038 τὴν
1099 968 1312 1045 στερεὰν
1372 969 1567 1046 πέτραν
1618 971 1707 1025 καὶ
1740 968 2004 1043 ἄσειστον,

358 1058 483 1116 ἀλλ’
516 1060 603 1115 ἐπὶ
632 1061 733 1129 τὴν
766 1059 930 1134 ξηράν
957 1079 1016 1114 τε
1044 1058 1135 1113 καὶ
1186 1056 1402 1134 ἄγονον*
1439 1058 1538 1114 εῗσὶ
1576 1057 1632 1114 δὲ
1662 1061 1713 1113 οἱ
1742 1064 1821 1131 τῷ
1852 1060 2007 1136 λόγῳ

356 1148 746 1226 προσελθόντες
789 1146 1126 1209 ἐπιπολαίως
1172 1149 1261 1203 καὶ
1313 1148 1675 1224 ὀλιγόπιστοι,
1707 1150 1796 1204 καὶ
1828 1148 1917 1204 διὰ
1947 1152 2007 1205 τὸ

367 1243 442 1314 μὴ
501 1236 645 1313 ἔχειν
705 1238 869 1315 βάθος
933 1245 1060 1313 γῆς,
1124 1237 1320 1299 εὐθέως
1382 1237 1812 1308 ἐξανατείλαντες
1846 1283 1859 1308 ,
1917 1240 2007 1295 καὶ

364 1328 731 1404 προκύψαντες
781 1330 914 1400 (12),
957 1324 1049 1380 ’ίνα
1096 1332 1211 1387 τοῖς
1258 1324 1489 1393 πλησίον
1559 1326 1818 1402 ἀρέσωσιν
1870 1330 2005 1401 (13),

364 1415 545 1472 ἔπειτα
596 1416 697 1469 ὑπὸ
760 1414 1018 1490 βραχείας
1073 1418 1171 1470 τοῦ
1245 1420 1487 1489 πονηροῦ
1542 1409 1860 1490 προσϐολῆς
1917 1416 2006 1469 καὶ

364 1504 556 1580 ὀλίγου
613 1509 929 1579 πειρασμῶν
974 1502 1249 1566 καύσωνος
1310 1506 1442 1577 (14),
1504 1503 1858 1578 ἐξηράνθησαν
1918 1505 2007 1559 καὶ

364 1594 651 1652 ἀπέθανον.
704 1592 803 1647 Καὶ
848 1592 1055 1647 τούτων
1108 1590 1185 1647 ἔτι
1216 1592 1459 1669 χείρους,
1491 1593 1580 1648 καὶ
1625 1591 1835 1666 μάλλον
1869 1593 2007 1648 ἀπο-

362 1682 651 1758 κηρυκτέοι
700 1690 799 1751 τῆς
851 1680 1231 1755 πανηγύρεως,
1284 1680 1399 1735 ὅσοι
1454 1679 1595 1754 μηδὲ
1636 1682 1773 1758 πρὸς
1822 1682 2009 1758 ὀλίγον

363 1767 660 1841 ἀντέϐησαν
714 1775 793 1842 τῷ
842 1774 1036 1845 καιρῷ,
1086 1770 1322 1832 καὶτοῖς
1362 1771 1460 1839 τήν
1509 1772 1678 1839 κακήν
1714 1769 2009 1846 αἰχμαλω-

363 1862 476 1917 σίαν
532 1864 679 1933 ἡμᾶς
730 1858 1233 1936 αίχμαλωτίζουσιν
1290 1860 1394 1913 ἀπὸ
1450 1864 1547 1914 τοῦ
1594 1855 1883 1922 ἀναϐάντος
1935 1861 2009 1923 εἰς

362 1952 518 2024 ὕψος,
576 1950 666 2004 καὶ
724 1948 906 2011 καλῶς
966 1948 1112 2021 ἡμὰς
1170 1947 1724 2023 αἰχμαλωτίσαντος⁶
1777 1948 1901 2004 ἀλλ’
1952 1950 2010 2005 ἐκ

360 2039 669 2114 περιουσίας
700 2037 962 2116 ἐφάνησαν
997 2038 1230 2113 πονηροί
1261 2059 1318 2092 τε
1347 2039 1435 2092 καὶ
1465 2035 1657 2093 εὔωνοι
1702 2041 1835 2112 (15),
1885 2039 2010 2095 οὐδὲ

362 2130 499 2205 πρὸς
532 2128 722 2202 ὀλίγον
759 2126 1120 2203 ἀντισχόντες,
1156 2124 1281 2181 οὐδὲ
1313 2128 1611 2202 γενομένης
1648 2129 1793 2189 τινὸς
1826 2129 2009 2191 αὐτοῖς

362 2217 624 2291 θλίψεως,
656 2217 691 2285 ἢ
725 2220 1049 2291 πειρασμοῦ,
1085 2213 1174 2269 διὰ
1200 2216 1290 2270 τὸν
1340 2216 1513 2291 Λόγον
1564 2220 1675 2291 (16)
1722 2215 2009 2272 σκανδαλι-

365 2307 598 2375 σθέντες,
646 2304 791 2361 ἀλλὰ
838 2304 1173 2381 προσκαίρου
1218 2303 1474 2379 κέρδους,
1522 2308 1557 2374 ἣ
1614 2306 1916 2382 θεραπείας,
1974 2308 2009 2376 ἢ

368 2395 678 2458 δοναστείας
714 2400 931 2470 μικρᾶς,
983 2395 1035 2449 οἱ
1085 2392 1315 2449 δείλαιοι
1355 2395 1454 2464 τήν
1506 2396 1708 2450 ἑαυτῶν
1742 2395 2011 2471 σωτηρίαν

366 2484 662 2558 ἀπεμπολή
674 2504 875 2545 σαντες.

2117 620 2225 676 hac
2251 620 2377 677 laeta
2410 621 2743 676 celebritate
2775 618 2979 673 abdico
3008 619 3182 687 atque
3214 613 3491 686 propello,
3519 630 3761 685 gemens

2117 711 2352 780 quidem
2385 716 2440 765 et
2470 710 2692 775 dolens,
2728 724 2830 764 nec
2862 706 3144 779 gemitum
3202 704 3344 759 forte
3391 705 3630 774 (meum)
3661 720 3764 758 au-

2116 799 2362 867 dientes,
2399 816 2501 854 nec
2533 799 2775 855 exitium
2808 813 2983 852 suum
3026 794 3343 850 sentientes
3376 793 3616 847 deﬂens.
3651 792 3768 848 Hoc

2117 888 2272 943 enim
2304 892 2480 944 totius
2507 905 2708 943 eorum
2741 887 2922 958 plagae
2966 884 3218 939 maxime
3268 880 3602 937 miserabile
3633 885 3721 936 est
3753 899 3767 949 ;

2121 978 2224 1033 sed
2248 982 2443 1033 tamen
2468 977 2800 1041 abdico,eos
2827 972 3166 1045 nempe,qui
3192 988 3306 1027 non
3330 987 3509 1041 supra
3530 969 3765 1025 ﬁrmam

2117 1071 2174 1121 et
2203 1066 2474 1121 stabilem
2507 1070 2754 1137 petram,
2788 1065 2885 1120 sed
2917 1079 3095 1134 supra
3144 1060 3358 1116 siccam
3405 1064 3461 1114 et
3508 1059 3765 1115 sterilem

2117 1156 2389 1211 seminati
2421 1156 2483 1208 ⁵⁸.
2519 1154 2583 1209 Hi
2616 1159 2811 1209 autem
2845 1160 2983 1207 sunt
3011 1151 3112 1206 83
3162 1150 3263 1221 qui
3306 1148 3508 1203 leviter
3553 1164 3617 1203 ac
3665 1152 3766 1203 de-

2120 1244 2405 1299 functorie
2437 1245 2507 1299 ad
2532 1243 2765 1315 pietatis
2798 1241 3127 1297 doctrinam
3151 1242 3546 1304 accesserunt,
3588 1241 3766 1309 atque

2118 1333 2327 1404 exigua
2356 1334 2468 1388 fide
2500 1331 2726 1405 praediti
2757 1334 2913 1397 sunt,
2935 1331 3073 1401 quia
3102 1328 3248 1385 altas
3270 1328 3330 1382 in
3362 1331 3516 1381 terra
3546 1326 3769 1381 radices

2119 1439 2234 1477 non
2281 1427 2536 1495 egerant,
2590 1419 2896 1476 confestim
2947 1417 3129 1473 exorti
3199 1420 3357 1486 sunt,
3418 1432 3483 1470 ac
3542 1415 3770 1486 prospi—

2119 1510 2357 1580 cientes,
2391 1514 2455 1563 ut
2488 1508 2614 1563 aliis
2643 1507 2957 1580 placerent,
2992 1508 3191 1576 postea
3213 1504 3283 1558 ad
3314 1504 3546 1557 brevem
3566 1506 3623 1557 et
3650 1501 3769 1557 exi-

2119 1615 2299 1671 guum
2332 1597 2548 1653 diaboli
2601 1597 2915 1663 assultum,
2969 1610 3329 1666 parvumque
3377 1590 3766 1647 tentationum

2120 1692 2326 1743 aestum
2358 1690 2709 1743 exaruerunt
2729 1689 2787 1741 et
2808 1684 3055 1740 emortui
3088 1686 3246 1738 sunt.
3269 1684 3455 1752 Atque
3477 1680 3569 1736 his
3590 1680 3766 1735 etiam

2122 1776 2310 1831 adhuc
2358 1777 2609 1847 pejores,
2652 1774 2960 1845 magisque
3012 1772 3083 1827 ab
3132 1771 3239 1826 hoc
3287 1770 3477 1824 fausto
3525 1772 3583 1823 et
3629 1767 3757 1823 lteto

2120 1868 2403 1920 conventu
2436 1864 2835 1936 proscribendi
2868 1866 3025 1931 sunt,
3050 1862 3150 1932 qui
3182 1860 3449 1931 tempori,
3484 1862 3660 1930 atque
3693 1856 3769 1911 iis

2119 1954 2219 2024 qui
2252 1970 2357 2008 nos
2386 1954 2457 2008 ab
2485 1969 2550 2008 eo
2582 1953 2681 2024 qui
2708 1953 2767 2006 in
2800 1952 2983 2007 altum
3015 1951 3377 2014 ascenderat,
3409 1945 3770 2019 pulchreque

2120 2042 2375 2113 captivos
2407 2060 2512 2097 nos
2544 2043 2809 2108 duxerat,
2842 2041 2901 2095 in
2936 2040 3152 2095 malam
3184 2044 3241 2093 et
3270 2038 3563 2093 funestam
3585 2036 3766 2108 capti-

2119 2131 2356 2186 vitatem
2389 2131 2761 2186 abducebant
2791 2132 2854 2197 59,
2888 2146 2959 2185 ne
2989 2126 3284 2184 tantillum
3317 2127 3552 2198 quidem
3586 2126 3769 2181 obsti-

2121 2225 2338 2291 terunt,
2368 2237 2571 2276 verum
2602 2219 2757 2275 ultro
2788 2236 2853 2274 ac
2883 2222 3089 2290 sponte
3117 2216 3416 2288 improbos
3442 2232 3507 2270 ac
3536 2214 3771 2270 venales

2122 2326 2185 2365 se
2217 2310 2605 2380 praebuerunt,
2648 2313 2712 2363 ut
2741 2309 2839 2380 qui
2872 2325 2942 2363 ne
2987 2306 3284 2379 paulisper
3326 2305 3563 2375 quidem
3596 2319 3769 2374 repu-

2124 2399 2380 2471 gnarint,
2411 2402 2513 2453 aut
2544 2398 2748 2454 oborta
2776 2398 2921 2470 ipsis
2973 2397 3043 2451 ob
3096 2396 3345 2451 Verbum
3378 2394 3575 2465 aliqua
3624 2392 3780 2447 cala-

2125 2488 2328 2543 mitate
2360 2492 2461 2543 aut
2492 2487 2810 2543 tentatione
2839 2484 3184 2542 scandalum
3216 2482 3373 2555 passi
3404 2483 3765 2548 sint,verum

367 2591 500 2631 cum
532 2573 691 2629 brevi
721 2573 976 2644 quodam
1006 2577 1065 2628 et
1096 2574 1314 2629 caduco
1344 2576 1593 2645 quaestu,
1628 2577 1728 2629 aut
1756 2574 2060 2646 obsequio,
2091 2579 2193 2631 aut
2216 2576 2425 2647 exigua
2454 2575 2713 2646 potentia
2743 2574 2992 2630 salutem
3038 2588 3205 2628 suam
3252 2570 3451 2625 miseri
3500 2585 3767 2626 commu-

364 2663 608 2720 tuarint.

436 2746 527 2808 IQ'.
560 2749 708 2805 Ἐπεὶ
742 2747 799 2804 δὲ
846 2749 1252 2827 ἀνεκαθήραμεν
1301 2749 1379 2823 τῷ
1431 2748 1585 2826 λόγῳ
1613 2756 1709 2805 τοῦ
1741 2755 1914 2826 χοροῦ
1943 2752 2004 2806 τὸ

362 2838 663 2914 πλήρωμα,
716 2838 872 2918 φέρε,
927 2837 1025 2908 ὅση
1079 2836 1325 2912 δύναμις,
1378 2840 1722 2915 ἁγνισάμενοι
1762 2841 1853 2895 καὶ
1897 2842 2003 2894 σώ-

370 2950 529 3001 ματα,
559 2929 647 2983 καὶ
696 2929 899 3004 ψυχάς,
952 2928 1043 2983 καὶ
1096 2928 1219 3001 μίαν
1260 2924 1621 2991 ἀναλαϐόντες
1670 2930 1879 3008 φωνὴν,
1928 2929 2005 2983 ἑνὶ

372 3019 813 3091 συναρμοσθέντες
893 3016 1160 3090 Πνεύματι
1210 3064 1226 3090 ,
1285 3020 1385 3087 τὴν
1464 3017 1722 3073 ἐπινίκιον
1793 3017 2008 3092 ᾄδωμεν

377 3104 581 3174 ἐκείνην
631 3103 793 3178 ᾠδήν,
842 3106 907 3175 ἥν
959 3128 1090 3161 ποτε
1138 3105 1260 3180 ᾖσεν
1295 3108 1323 3161 ὁ
1354 3107 1575 3183 Ἰσραὴλ
1625 3108 1711 3163 ἐπὶ
1760 3113 1876 3170 τοῖς
1908 3107 2003 3162 Αἷ-

372 3192 640 3267 γυπτίοις⁷
675 3199 741 3267 τῇ
771 3197 995 3270 Ἐρυθρᾷ
1038 3194 1357 3272 καλυφθιῖσι
1409 3194 1648 3271 θαλάσσῃ
1691 3199 1824 3270 (17),
1858 3196 2007 3273 ἐξαρ-

370 3281 578 3358 χούσης
632 3281 864 3358 Μαρίας,
917 3283 1006 3337 καὶ
1065 3284 1508 3359 ἀνακρουομένης
1564 3285 1625 3340 τὸ
1680 3284 1959 3358 τύμπανον
1991 3305 2003 3316 ⁸

369 3373 620 3445 ’ᾼσωμεν
694 3376 772 3443 τῷ
856 3372 1038 3446 Κυρίῳ
1090 3395 1101 3406 ·
1165 3370 1391 3443 ἐνδόξως
1462 3373 1565 3449 γὰρ
1644 3371 2007 3444 δεδόξασται·

360 3458 529 3514 ’ίππον
588 3461 677 3515 καὶ
735 3456 1005 3529 ἀναϐάτην
1066 3460 1279 3537 ἔρριψεν
1313 3508 1329 3534 ,
1390 3461 1488 3517 οὐκ
1557 3462 1633 3525 εἷς
1693 3462 1959 3526 θάλασσαν
1994 3509 2009 3535 ,

364 3554 523 3603 τοῦτο
556 3551 659 3624 γάρ
697 3549 1025 3625 μεθαρμόζω
1054 3558 1155 3619 τῆς
1177 3548 1345 3622 ᾠδῆς,
1382 3549 1506 3605 ἀλλ’
1538 3550 1665 3606 ὅποι
1696 3555 1808 3625 (18)
1849 3551 2009 3631 φίλον

367 3639 431 3707 ἦν
492 3637 675 3708 αὐτῷ,
734 3640 823 3692 καὶ
899 3638 1045 3700 ὅπως
1100 3639 1260 3701 αὐτὸς
1315 3637 1662 3695 ἐδικαίωσεν·
1724 3642 1779 3695 Ὁ
1836 3647 2009 3697 ποιῶν

366 3727 537 3781 πάντα
582 3729 671 3782 καὶ
724 3726 1154 3801 μετασκευάζων,
1197 3729 1311 3784 εἶπέ
1360 3751 1466 3783 που
1511 3737 1612 3800 τῆς
1646 3732 1835 3785 ἑαυτοῦ
1874 3752 2009 3806 προ-

365 3817 580 3894 φητείας
639 3817 823 3889 Ἀμὼς
884 3816 1197 3894 φιλοσοφῶν
1252 3817 1547 3881 ἐνθεώτατα
1581 3839 1592 3851 ·
1654 3821 1681 3873 ὁ
1740 3820 2009 3893 ἐκτρέπων

364 3905 439 3967 εἷς
490 3907 552 3959 τὸ
610 3904 756 3978 πρωί
814 3906 963 3959 σκιὰν
1024 3906 1250 3969 θανάτου
1309 3909 1463 3979 (19),
1518 3906 1606 3961 καὶ
1665 3909 1873 3983 ἡμέραν
1934 3908 2010 3970 εἷς

365 3995 530 4049 νύκτα
579 3996 920 4064 συσκοτάζων
972 3994 1061 4049 καὶ
1112 3995 1278 4050 οἱονεὶ
1345 3993 1433 4049 διὰ
1478 3994 1683 4051 κύκλου
1731 3998 1874 4059 τινὸς
1925 3996 2009 4052 εὐ-

367 4084 537 4137 θύνων
570 4087 684 4158 (20)
712 4086 802 4138 καὶ
850 4081 1107 4158 διεξάγων
1156 4086 1245 4138 τὸν
1295 4085 1499 4139 ἅπαντα
1548 4086 1775 4159 κόσμον,
1825 4087 2013 4141 καὶτὰ

366 4176 627 4249 ἡμέτερα,
680 4171 1017 4246 σαλευόμενά
1084 4194 1143 4227 τε
1190 4174 1331 4245 ὁμοῦ
1380 4174 1467 4228 καὶ
1525 4176 1598 4247 μὴ
1652 4174 2008 4247 σαλευόμενα,

361 4268 479 4324 ταῖς
544 4257 877 4333 μεταϐολαῖς
926 4260 1215 4333 κινούμενα
1269 4262 1357 4315 καὶ
1415 4263 1865 4337 περιτρεπόμενα,
1922 4264 2012 4317 καὶ

368 4350 568 4406 ἄλλοτε
613 4349 800 4412 ἄλλως
849 4350 1062 4426 ἔχοντα·
1097 4355 1165 4424 τῇ
1214 4351 1355 4421 τάξει
1407 4348 1462 4405 δὲ
1492 4359 1591 4419 τῆς
1622 4354 1875 4427 προνοίας
1908 4352 2008 4407 πά-

364 4461 455 4513 για
500 4440 588 4494 καὶ
638 4440 883 4509 ἀκίνητα,
934 4439 1028 4494 κᾶν
1085 4437 1173 4493 διὰ
1218 4444 1326 4494 τῶν
1385 4440 1636 4495 ἐναντίων
1696 4440 1875 4515 ὀδεύῃ,
1933 4448 2011 4514 τῷ

370 4527 528 4601 Λόγῳ
555 4529 645 4599 μὶν
672 4526 879 4600 δήλων,
904 4532 1038 4601 ἡμῖν
1061 4525 1118 4582 δὲ
1134 4528 1528 4604 άγνοουμένων’
1555 4530 1582 4583 ὁ
1603 4531 1873 4605 καθαίρων
1895 4534 2009 4603 (21)

2184 2754 2627 2826 XII.Postquam
2647 2758 2840 2809 autem
2865 2753 3106 2809 chorum
3133 2752 3468 2807 universum
3492 2763 3760 2805 sermone

2116 2844 2577 2915 repurgavimus,
2599 2860 2728 2916 age,
2749 2843 3089 2914 corporibus
3122 2845 3295 2911 atque
3325 2837 3760 2909 animis,quoad

2115 2934 2243 3003 ejus
2275 2934 2398 2988 ﬁeri
2431 2932 2659 3005 poterit,
2695 2931 3039 3003 purifieatis.
3073 2945 3321 2999 voceque
3361 2944 3478 2982 una
3524 2943 3761 2981 assum-

2116 3024 2233 3092 pta,
2266 3026 2441 3093 atque
2463 3039 2578 3076 uno
2600 3022 2923 3092 eodemque
2948 3020 3169 3091 Spiritu
3191 3018 3506 3073 concordes
3528 3015 3760 3082 redditi,

2114 3110 2471 3181 triumphale
2499 3111 2643 3165 illud
2677 3126 2910 3165 carmen
2956 3124 3255 3175 canamus,
3289 3106 3445 3177 quod
3501 3104 3641 3160 olim
3676 3105 3761 3158 Is-

2124 3198 2335 3254 raelitae
2379 3204 2615 3271 propter
2668 3198 2965 3270 Egyptios
3023 3196 3169 3252 mari
3221 3195 3414 3251 Rubro
3461 3196 3765 3265 coopertos

2122 3293 2298 3359 atque
2350 3288 2609 3353 obrutos,
2660 3287 3001 3358 auspicante
3048 3284 3249 3347 Maria.
3302 3289 3766 3356 tympanumque

2120 3376 2413 3447 pulsante,
2461 3378 2799 3432 cecinerunt
2851 3393 2862 3430 :
2916 3375 3202 3430 Cantemus
3223 3374 3451 3428 Domino
3482 3389 3498 3425 :
3529 3373 3766 3441 gloriose

2122 3467 2267 3521 enim
2297 3468 2685 3537 magniﬁcatus
2715 3469 2793 3520 est
2821 3484 2839 3519 :
2872 3481 3073 3536 equum
3102 3467 3156 3518 et
3197 3477 3534 3518 ascensorem
3582 3462 3764 3532 proje-

2120 3556 2216 3622 cz't,
2250 3573 2365 3610 non
2413 3556 2473 3609 in
2501 3572 2656 3610 mare
2696 3556 2759 3623 ⁸ο,
2798 3555 2901 3608 hoc
2935 3552 3087 3607 enim
3123 3569 3190 3607 ex
3220 3552 3476 3606 carmine
3520 3548 3620 3603 illo
3652 3550 3762 3602 im-

2122 3648 2514 3711 muto,verum
2546 3643 2645 3698 ubi
2669 3643 2780 3714 ipsi
2803 3647 3033 3713 gratum
3060 3640 3169 3695 fuit
3188 3644 3243 3695 et
3263 3638 3763 3711 quemadmodum

2121 3732 2246 3803 ipse
2269 3734 2498 3803 justum
2532 3732 2792 3798 censuit;
2827 3732 3017 3802 qui,ut
3037 3730 3290 3801 quodam
3316 3727 3624 3798 prophetiae
3647 3744 3765 3781 sua:

2122 3819 2246 3876 loco
2280 3824 2472 3876 Annos
2502 3820 2868 3875 divinissime
2910 3818 3350 3890 philosopharis,
3395 3818 3470 3871 ait
3510 3833 3522 3870 :
3559 3815 3767 3870 Omnia

2123 3909 2261 3964 facit
2292 3915 2468 3980 atque
2494 3910 2769 3963 immutat
2803 3925 2815 3962 :
2849 3907 2949 3978 qui
2981 3906 3187 3961 mortis
3221 3906 3489 3959 umbram
3521 3904 3581 3958 in
3613 3902 3763 3957 dilu-

2123 3997 2320 4053 culum
2352 3997 2523 4051 vertit
2553 4002 2607 4051 et
2647 3997 2801 4051 diem
2847 3995 2907 4048 in
2957 3999 3273 4049 nocturnas
3321 3993 3592 4048 tenebras
3634 4009 3763 4046 mu—

2121 4090 2208 4141 tat
2231 4088 2297 4154 “,
2333 4103 2399 4141 ac
2430 4085 2586 4140 velut
2642 4102 2744 4157 per
2784 4084 3068 4139 circulum
3120 4084 3436 4154 quemdam
3477 4082 3764 4136 mundum

2122 4176 2279 4231 hunc
2327 4175 2660 4229 universum
2706 4175 2993 4245 gubernat
3036 4190 3101 4227 ac
3161 4173 3516 4237 moderatur,
3553 4186 3765 4240 resque

2122 4281 2322 4319 omnes
2353 4269 2604 4328 nostras,
2640 4264 2992 4317 ﬂuctuantes
3031 4261 3209 4316 simul
3261 4261 3619 4331 minimeque
3651 4259 3764 4313 flu-

2121 4357 2480 4419 ctuantes,ut
2500 4369 2626 4423 quaa
2646 4368 2747 4423 per
2768 4353 3123 4407 mutationes
3146 4351 3383 4422 quidem
3404 4353 3765 4414 moveantur,

2121 4460 2188 4498 ac
2217 4459 2454 4497 sursum
2477 4442 2870 4511 deorsumque
2899 4440 3213 4512 agitentur,
3237 4440 3495 4509 aliasque
3516 4438 3684 4492 aliter
3704 4453 3767 4491 se

2122 4533 2411 4588 habeant:
2446 4538 2505 4585 at
2535 4535 2822 4600 quantum
2853 4530 2924 4583 ad
2966 4529 3171 4583 divinae
3205 4527 3577 4599 providentia
3609 4524 3764 4581 ordi-

372 4611 626 4677 δυνάστας
657 4616 761 4671 ἀπὸ
806 4617 1033 4690 θρόνων,
1075 4616 1163 4671 καὶ
1213 4617 1593 4689 ἀνυπονόητον.
1628 4624 1844 4692 κοσμῶν
1893 4617 2007 4674 δια-

2125 4638 2251 4677 nem
2283 4625 2339 4676 et
2368 4618 2839 4675 constitutionem
2867 4618 2988 4672 fixae
3021 4622 3077 4673 et
3107 4617 3346 4675 stabiles
3367 4616 3503 4681 sint,
3536 4613 3768 4670 etiamsi

434 4814 478 4847 ⁵⁸
506 4814 705 4869 Matth.
738 4833 839 4884 vu,
869 4817 956 4872 24.

434 5010 544 5080 (11)
602 5008 699 5060 Καὶ
759 5006 883 5061 οὐδὲ
940 5009 1221 5070 ἐπαίοντας
1280 5015 1387 5065 etc.
1450 5009 1654 5067 Billius

364 5082 666 5136 audientes
698 5081 935 5153 quidem
969 5083 1215 5138 fortasse
1246 5082 1472 5153 lugens.
1510 5105 1538 5132 »

432 5152 544 5228 (12)
577 5148 997 5228 Προκύιξμαντες.Δ
1037 5177 1073 5228 «ί
1104 5148 1521 5228 Erumpentes,
1569 5153 1726 5209 velut
1774 5148 2007 5228 ἔμϐρυον

362 5221 910 5315 νυῃέὶπρὲοκρπτειν,
950 5226 1032 5315 ait
1063 5221 1424 5315 Plutarchus.

434 5293 907 5369 (13l‘Apéawaw.
961 5297 1054 5352 Sic
1114 5298 1249 5369 Reg.
1311 5297 1593 5369 quinque,
1656 5296 1840 5361 Pass.,
1900 5301 2008 5351 etc.

368 5364 509 5441 Edit.
546 5364 832 5441 ἀρέσκωσι.

574 5436 893 5511 Πειρασμῶν
918 5436 1217 5511 καύσωνος.
1251 5440 1343 5494 Sic
1374 5439 1512 5511 Reg.
1549 5439 1647 5493 bm
1675 5443 1732 5493 et
1762 5437 1921 5493 Colb.
1954 5439 2008 5495 5.

366 5506 847 5581 Εᾶὶῐ.’πειρασμοῦ
878 5509 966 5563 καὶ
998 5508 1292 5569 καύσωνος.

434 5584 453 5646 (
492 5583 545 5653 5)
578 5581 812 5636 Εὕωνοι.
849 5605 875 5631 ‹‹
902 5581 1176 5653 ,νεοαιεε
1217 5606 1236 5629 ι
1266 5581 1486 5647 Billius,
1520 5604 1547 5631 «
1580 5581 1741 5636 viles.
1779 5602 1806 5629 »

463 5651 544 5727 ib)
578 5654 683 5727 Aw‘z_
711 5654 802 5727 τὸν
838 5651 1011 5727 Λόγον
1044 5695 1059 5727 ε
1095 5676 1121 5727 <_<
1156 5653 1239 5708 Oh
1274 5654 1404 5727 fidei
1437 5654 1783 5727 doctrinam.
1814 5675 1840 5702 »

463 5725 543 5793 17)
593 5721 940 5801 Καλυφθεῖσι⁷
976 5721 1240 5793 θαλάσση.
1302 5725 1393 5778 Sic
1449 5724 1622 5780 Coisl.
1682 5726 1733 5794 1,

1716 5031 1809 5067 ει(
1839 5030 1904 5067 ac
1938 5028 2010 5069 ne

1787 5727 1843 5778 et
1898 5723 2013 5778 duo

1036 4818 1081 4853 5°
1111 4816 1260 4872 Psal.
1296 4832 1465 4885 van,
1502 4816 1605 4884 19;
1637 4817 1849 4888 Ephes.
1883 4835 1956 4887 1v,
1990 4822 2042 4874 8.
2119 4819 2164 4853 ⁶⁰
2194 4817 2369 4873 Exod.
2420 4833 2511 4881 xv,
2546 4816 2596 4869 1.
2644 4816 2715 4879 κθί
2748 4816 2924 4869 Amos
2950 4830 3003 4881 v,
3036 4814 3089 4867 8.

2118 5011 2277 5067 Colb.
2304 5011 2473 5065 Deest
2494 5007 2731 5073 θαλάσση
2754 5008 2817 5079 in
2843 5006 3109 5079 pluribus
3133 5023 3276 5061 mss.
3309 5012 3366 5061 et
3387 5007 3445 5060 in
3470 5007 3597 5060 Par.
3622 5006 3764 5079 edit.

2120 5100 2249 5207 (1513}
2298 5082 2492 5148 habet,
2546 5075 3050 5155 κατακαλυιρθεῖσιν.
3124 5079 3254 5132 Bas.
3322 5080 3459 5133 edit.
3524 5075 3767 5146 καταλη-

2120 5174 2413 5231 φξιῖἳνκ.-
2604 5225 2634 5231 -
2820 5223 2832 5231 .
3000 5220 3014 5231 .
3104 5218 3129 5231 ..
3526 5226 3534 5231 .
3598 5221 3642 5231 --

2188 5226 2301 5297 (ιὸ)
2360 5226 2542 5277 ”Οπ’›ι.
2604 5225 2776 5295 Regg.
2820 5223 2939 5283 bm.
3000 5220 3039 5287 1,
3100 5218 3231 5287 ὅπη.
3292 5219 3424 5276 Ald.
3488 5226 3544 5276 et
3598 5221 3767 5277 IIerv.

2121 5294 2274 5349 ὅπερ.

2194 5316 2587 5438 Θανάτου.
2646 5370 2775 5419 Haec
2831 5381 2939 5418 vox
2995 5380 3027 5438 ιι
3083 5365 3275 5438 Greco
3325 5367 3481 5418 textu
3532 5361 3767 5438 vulgato

2120 5434 2323 5503 abest;
2356 5438 2413 5492 in
2446 5438 2720 5492 omnibus
2752 5443 2947 5491 tamen
2981 5436 3235 5505 Gregorii
3294 5452 3434 5489 mss.
3486 5438 3542 5488 et
3574 5434 3631 5487 in
3683 5434 3769 5488 bi-

2121 5510 2370 5566 bliorum
2406 5509 2705 5563 codicibus
2742 5525 2854 5561 non
2889 5506 3089 5577 paucis
3119 5506 3349 5577 legitur.

2192 5584 2301 5651 (20)
2336 5578 2599 5642 Εὐθύνων.
2634 5586 2772 5651 Reg.
2806 5578 2849 5645 Ι,
2889 5574 3058 5633 Colb.
3113 5574 3201 5632 6.-
3224 5574 3535 5631 διευθύνων.
3585 5576 3764 5631 Oxon.

2124 5651 2319 5713 Ούνων.

2194 5725 2305 5795 (21)
2347 5721 2643 5792 Καθαίρων.
2676 5722 2835 5777 Colb.
2869 5722 2920 5792 3,
2954 5717 3218 5777 καθελών.
