4148 6290
347 404 470 465 543

1590 407 1658 466 S.
1703 404 2077 466 GREGORII
2125 405 2521 468 THEOLOGI

3646 401 3765 461 5“

347 553 453 609 per
468 537 757 593 contraria
772 535 1082 607 gradiantu
1090 538 1331 604 r,Verbo
1346 537 1581 609 quidem
1602 538 1757 593 clara
1800 542 1859 594 et
1872 554 1996 609 per-

2114 518 2314 610 δήματι
2351 555 2363 569 ·
2426 539 2572 613 παρὰ
2621 538 2723 614 γὰρ
2779 545 2879 607 τῆς
2932 536 3074 598 θείας
3129 534 3219 591 καὶ
3274 538 3436 590 τοῦτο
3493 529 3761 608 λαμϐάνω

349 626 572 697 spicua,
624 623 792 680 nobis
853 629 1051 681 autem
1113 626 1410 698 incognita
1464 630 1521 682 et
1568 627 1862 683 obscura:
1896 626 1996 696 qui

347 718 613 786 potentes
642 715 714 768 de
746 714 985 770 sedibus
1022 715 1262 787 deponit
1309 717 1379 786 ω,
1412 720 1470 771 et
1514 715 1994 787 insuspicabilem

347 802 675 858 diademate
707 808 875 858 ornat
898 805 945 839 ⁸³
971 821 984 871 ;
1013 820 1149 859 nam
1180 804 1237 859 id
1272 821 1505 876 quoque
1545 822 1579 860 a
1622 805 1818 859 divina
1843 804 1996 861 Scri-

346 895 520 963 ptura
548 892 770 964 accipio
796 908 807 946 :
836 894 934 964 qui
967 894 1209 963 inﬁrmis
1239 898 1291 950 et
1320 896 1588 950 invalidis
1614 896 1864 965 gentibus
1889 896 1999 949 tor-

345 981 656 1036 titudinem
686 982 938 1054 imponit
964 984 1029 1049 5‘,
1064 1001 1131 1039 ac
1161 985 1479 1055 peccatoris
1508 990 1567 1040 et
1597 984 1838 1057 maligni
1861 985 1996 1046 bra-

346 1070 480 1126 chia
508 1070 822 1143 confringit
861 1072 904 1106 ⁸⁵
945 1089 958 1127 :
992 1072 1094 1127 84
1124 1074 1340 1128 etenim
1374 1073 1495 1128 haec
1526 1090 1760 1145 quoque
1789 1090 1858 1129 ex
1884 1074 1998 1130 alio

353 1177 524 1215 sumo
556 1160 803 1225 cantico,
838 1166 1009 1233 prout
1039 1163 1313 1234 quodque
1358 1163 1651 1219 memoriae
1697 1163 1952 1219 occurrit
1980 1180 1995 1219 :

345 1248 549 1304 multis
574 1249 840 1305 videlicet
858 1249 1001 1306 locis
1024 1252 1354 1307 cantionem
1391 1252 1535 1307 mihi
1558 1253 2001 1309 conﬁcientibus

348 1340 525 1406 atque
557 1336 626 1390 ad
659 1339 1080 1393 contexendam
1110 1340 1431 1411 gratiarum
1456 1340 1745 1395 actionem
1779 1340 1999 1412 aliquid

2106 633 2344 705 Γραφῆς⁶
2380 628 2409 681 6
2434 627 2652 702 γόνασιν
2694 627 3012 682 ἀδυνατοῦσι
3056 623 3251 701 θάρσος
3298 624 3593 700 περιτιθεὶς
3620 626 3757 697 (22),

2104 716 2195 770 καὶ
2243 711 2537 791 συντρίϐων
2594 714 2929 789 ἁμαρτωλοῦ
2984 716 3074 769 καὶ
3149 719 3395 788 πονηροῦ
3456 712 3756 788 βραχίονας

2105 806 2399 860 καὶταῦτα
2446 811 2570 881 παρ’
2614 803 2792 875 ἄλλης
2842 802 2988 877 ᾠδῆς
3037 806 3171 875 (23),
3222 802 3370 863 ὅπως
3420 800 3479 856 ἂν
3528 798 3754 857 ’ἑκαστον

2108 892 2230 968 ἰπίῃ
2282 899 2353 968 τῇ
2407 896 2618 969 μνήμῃ,
2672 892 2903 950 πολλῶν
2962 891 3437 967 συμπληρούντων
3501 912 3593 963 μοι
3652 892 3753 959 τὴν

2106 981 2280 1055 ᾠδὴν,
2324 983 2416 1038 καὶ
2463 983 2912 1062 συνερανιζόντων
2946 985 3060 1056 (24)
3088 974 3194 1036 τὸν
3230 983 3587 1057 χαριστήριον
3620 983 3754 1052 (25)·

2108 1073 2136 1127 6
2168 1069 2350 1134 διδοὺς
2381 1073 2604 1148 ὁρᾶσθαι
2652 1076 2750 1127 τοῦ
2798 1066 3025 1133 ἀσεϐοῦς
3072 1071 3164 1125 καὶ
3209 1070 3308 1139 τὴν
3362 1070 3494 1143 ὑπὲρ
3540 1069 3638 1130 τὰς
3666 1068 3757 1123 κὲ-

2110 1158 2269 1238 δρους
2299 1159 2546 1238 ἔπαρσιν,
2593 1161 2684 1216 καὶ
2731 1163 2829 1230 τὴν
2881 1162 2957 1223 εἰς
3002 1160 3066 1215 τὸ
3121 1158 3311 1233 μηκέτι
3346 1160 3478 1214 εἶναι
3512 1158 3760 1233 καθαίρε-

2110 1271 2212 1305 σιν·
2264 1250 2389 1306 δταν
2441 1251 2605 1307 αὐτοῦ
2652 1250 2940 1327 παρελθεῖν
2987 1248 3306 1322 δυνηθῶμεν
3353 1247 3511 1323 τάχει
3540 1246 3631 1303 καὶ
3664 1248 3759 1302 ἀσ-

2110 1339 2308 1419 φαλείᾳ
2336 1338 2508 1403 ποδὸς
2531 1339 2635 1410 τὴδ
2670 1336 2934 1397 ἀσέϐειαν.

346 1426 745 1497 erogantibus.
780 1426 887 1489 Qui
920 1429 1020 1483 dat
1050 1434 1113 1482 ut
1141 1428 1360 1499 impius
1395 1446 1549 1483 nunc
1581 1446 1760 1500 supra
1791 1431 1993 1485 cedros
2022 1431 2213 1488 elatus
2253 1432 2669 1505 conspiciatur,
2716 1433 2784 1499 ⁸⁸,
2834 1447 2991 1486 nunc
3037 1431 3319 1500 deiectus,
3372 1433 3547 1499 atque
3578 1428 3638 1481 in
3671 1427 3760 1481 ni-

347 1513 535 1569 hilum
567 1515 838 1570 redactus
872 1534 883 1569 :
922 1516 969 1571 si
1011 1517 1245 1589 quidem
1279 1518 1467 1589 ipsius
1496 1518 1859 1589 impietatem
1893 1524 2162 1601 cauto_ac
2191 1520 2363 1576 celeri
2394 1522 2539 1594 pede
2568 1520 2859 1592 praeterire
2890 1519 3208 1592 possimus.

420 1603 560 1658 XIII.
598 1604 809 1675 Ecquis
836 1622 1059 1675 eorum,
1093 1606 1191 1678 qui
1218 1623 1308 1661 res
1331 1606 1558 1663 divinas
1588 1611 1848 1676 narrant,
1880 1608 2001 1663 haec

348 1707 454 1764 pro
484 1692 768 1764 dignitate
796 1694 1148 1761 decantabit,
1185 1700 1357 1766 atque
1414 1696 1675 1751 narrabit
1695 1698 1723 1750 ‘I
1753 1698 1884 1764 Quis
1916 1698 1999 1751 lo-

349 1784 545 1852 quetur
570 1784 837 1853 potentias
866 1785 1105 1850 Domini,
1139 1787 1359 1840 auditas
1401 1788 1565 1855 faciet
1595 1802 1779 1841 omnes
1809 1785 2001 1841 laude:

347 1871 470 1941 ejus
497 1870 588 1925 '7?
633 1872 962 1944 Qua-voce,
1004 1879 1105 1928 aut
1151 1891 1268 1945 qua
1308 1875 1537 1929 dicendi
1586 1875 1849 1930 facultate
1888 1875 1997 1930 hoc

349 1959 701 2016 miraculum
734 1963 1108 2032 adaequabit?
1139 1964 1279 2026 Quis
1312 1980 1495 2028 arma,
1540 1968 1597 2017 et
1633 1964 1913 2033 gladium,
1945 1969 2003 2018 et

348 2047 568 2105 bellum
590 2050 873 2122 confregit
902 2050 991 2105 ⁸⁸⁸1
1021 2052 1162 2117 Quis
1192 2053 1384 2123 capita
1405 2054 1722 2107 draconum
1754 2052 1814 2106 in
1848 2068 2000 2123 aqua

350 2138 619 2193 contrivit
647 2138 736 2193 ‘9?
767 2141 905 2205 Quis
939 2155 1073 2195 eum
1114 2142 1347 2212 populis
1387 2141 1525 2207 illis,
1559 2143 1773 2212 quibus
1815 2142 1998 2195 tradi-

348 2230 445 2282 tus
476 2231 583 2292 est,
616 2227 673 2281 in
705 2244 879 2285 escam
916 2230 1115 2286 dedit?
1143 2231 1284 2294 Quis
1327 2230 1640 2301 procellam
1693 2232 1751 2284 in
1792 2246 1996 2286 auram

350 2317 667 2372 statuit"?
708 2320 850 2384 Quis
880 2320 1026 2375 dixit
1074 2320 1241 2389 mari,
1290 2322 1416 2375 Tace
1462 2321 1763 2375 obmutesce
1792 2320 1834 2357 τι
1862 2319 1890 2373 ?
1917 2323 1995 2389 et,

346 2405 411 2461 In
441 2410 499 2461 te
529 2407 976 2479 confringentur
1004 2409 1217 2465 fluctus
1247 2409 1333 2463 tui
1364 2410 1409 2444 ⁷²
1445 2427 1457 2464 :
1489 2414 1661 2479 atque
1692 2410 1833 2463 adeo
1856 2425 1994 2463 con-

348 2494 679 2565 fregit,cum
705 2496 860 2551 haud
891 2499 988 2553 diu
1021 2498 1446 2553 intumuissent
1474 2502 1652 2568 atque
1680 2498 1994 2553 inferbuis-

346 2584 693 2647 sent?Quis
744 2585 852 2640 hoc
893 2587 1063 2641 nobis
1115 2586 1295 2654 dedit,
1348 2595 1413 2641 ut
1463 2586 1756 2642 calcemus
1814 2603 1994 2658 supra

347 2676 645 2743 serpentes
684 2678 741 2727 et
788 2674 1122 2746 scorpiones
1179 2675 1243 2741 ⁷³,
1305 2692 1418 2730 non
1469 2676 1594 2745 jam
1654 2676 1990 2730 calcaneum

347 2760 572 2816 occulte
600 2762 974 2819 observantes
998 2765 1567 2835 7‘,quemadmodum
1589 2765 1697 2819 fert
1717 2765 1990 2819 condem-

348 2850 526 2921 natio,
583 2866 785 2905 verum
846 2854 1152 2924 perspicue
1204 2854 1619 2923 insurgentes,
1679 2858 1989 2925 caputque,

345 2939 514 3009 cujus
539 2939 970 3009 proculcatione
998 2942 1257 2996 damnati
1285 2942 1780 3009 sunt,attollentes
1800 2943 1827 2997 ?
1852 2943 1992 3008 Quis

339 3027 629 3097 judicium
650 3034 709 3085 et
723 3031 1018 3101 justitiam
1042 3032 1340 3103 inopinato
1366 3032 1590 3087 fecit"?
1608 3032 1748 3097 Quis
1767 3032 1988 3104 virgam

346 3122 719 3189 peccatorum
752 3136 867 3176 non
900 3137 1142 3192 prorsus
1194 3121 1411 3185 emisit,
1445 3122 1858 3177 audendumne
1902 3126 1991 3177 est

343 3206 553 3276 dicere,
585 3208 644 3263 in
679 3214 892 3264 sortem
917 3212 1217 3281 justorum
1247 3212 1333 3265 76?
1364 3228 1459 3277 an,
1492 3212 1646 3282 quod
1692 3228 1757 3267 eo
1792 3214 1989 3267 mode-

346 3294 531 3350 ratius
560 3302 669 3367 est,
704 3298 761 3352 in
789 3304 1005 3354 sortem
1037 3316 1172 3354 eum
1204 3300 1676 3370 cognoscentium
1698 3300 1726 3354 ?

417 3383 560 3441 XIV.
594 3386 720 3460 Non
754 3387 909 3442 enim
942 3393 1009 3443 ut
1049 3388 1193 3458 justi
1224 3387 1424 3443 traditi
1454 3394 1629 3460 atque
1669 3388 1867 3444 afﬂicti
1898 3406 1999 3444 su-

347 3489 481 3529 mus
515 3491 529 3530 :
565 3475 670 3531 hoc
712 3476 867 3531 enim
899 3478 1103 3548 paucis
1134 3483 1190 3532 et
1231 3494 1359 3533 raro
1390 3478 1675 3549 contigit;
1726 3484 1811 3545 ut,
1844 3478 2000 3534 velut

347 3563 547 3633 fortes,
584 3564 838 3629 athleta,
864 3571 1212 3622 tentatorcm
1242 3567 1567 3638 ignominia
1603 3568 1958 3638 perfundant
1989 3584 2002 3622 :

347 3668 551 3709 verum
582 3661 648 3709 ut
677 3660 986 3726 peccantes
1016 3656 1410 3723 condemnati,
1445 3672 1510 3710 ac
1545 3660 1744 3728 postea
1774 3657 2004 3712 miseri-

347 3742 605 3797 cordiam
640 3745 941 3800 consecuti
975 3761 1203 3812 sumus,
1248 3746 1482 3815 provide
1514 3745 1791 3800 nimirum
1822 3750 1879 3799 et
1910 3762 2006 3816 pa-

345 3833 508 3887 terne
554 3830 839 3888 hactenus
888 3835 1172 3906 percussi,
1201 3839 1267 3889 ut
1310 3834 1716 3905 prudentiores
1749 3834 2001 3889 efficere-

346 3935 496 3992 mur,
518 3926 689 3993 atque
716 3921 1003 3979 hactenus
1026 3924 1389 3995 castigati,ut
1421 3924 1491 3977 ad
1523 3939 1655 3977 eum
1690 3938 1796 3977 nos
1842 3923 2001 3994 ipsos

348 4016 775 4067 convertamus.
806 4014 1013 4085 Arguit
1043 4014 1223 4080 enim,
1274 4013 1375 4067 sed
1421 4028 1535 4067 non
1582 4011 1642 4065 in
1677 4012 1868 4066 furore
1901 4029 1913 4066 :
1945 4016 2001 4066 et

351 4098 653 4170 corripuit,
676 4104 776 4156 sed
812 4119 928 4158 non
962 4104 1020 4157 in
1055 4104 1142 4157 ira
1157 4104 1200 4137 ⁷⁷
1225 4120 1236 4157 :
1261 4120 1363 4173 per
1394 4106 1706 4173 utrumque
1734 4100 2004 4155 videlicet

348 4188 770 4260 benignitatem
799 4207 967 4246 suam
1000 4193 1337 4260 ostendens,
1367 4191 1474 4246 hoc
1510 4195 1620 4260 est,
1654 4195 1709 4244 et
1740 4206 1842 4261 per
1862 4190 2000 4244 sub-

353 4277 759 4345 moniticnem,
795 4284 851 4333 et
881 4296 983 4351 per
1014 4280 1613 4352 indulgentiam.Quis
1645 4278 1745 4333 ille
1775 4278 2001 4349 est,qui

346 4363 667 4419 vindictam
702 4366 836 4421 fecit
862 4366 922 4421 in
954 4368 1314 4434 nationibus,
1349 4367 1779 4440 increpationes
1810 4367 1868 4421 in
1900 4384 2000 4438 po-

2182 1609 2279 1661 II“.
2312 1607 2403 1670 Τίς
2447 1613 2615 1661 ταῦτα
2661 1608 2799 1683 πρὸς
2850 1608 2993 1679 ἀξίαν
3045 1604 3249 1677 ᾅσεται,
3298 1604 3387 1659 καὶ
3441 1602 3761 1679 διηγήσεται

2107 1700 2214 1750 τῶν
2272 1697 2341 1751 τὰ
2393 1686 2510 1751 θεῖᾶ
2568 1693 2945 1770 διηγουμένων
2991 1715 3004 1764 ;
3054 1695 3143 1756 Τίς
3201 1692 3431 1764 λαλήσει
3488 1694 3585 1755 τὰς
3644 1690 3706 1746 δυ
3740 1725 3762 1735 -

2106 1785 2344 1846 ναστείας
2425 1788 2521 1839 τοῦ
2592 1784 2794 1861 Κυρίου
2842 1832 2859 1858 ,
2936 1784 3202 1845 ἀκουστάς
3275 1783 3496 1853 ποιήσει
3579 1782 3757 1843 πάσας

2105 1873 2201 1936 τὰς
2259 1874 2483 1935 αἰνέσεις
2521 1873 2684 1928 αὐτοῦ
2718 1893 2731 1942 ;
2765 1874 2883 1929 τίνα
2940 1875 3147 1951 φωνὴν,
3204 1873 3241 1941 ἢ
3289 1871 3410 1928 τίνα
3459 1869 3626 1948 λόγου
3668 1869 3757 1926 δύ-

2108 1982 2265 2035 ναμιν
2301 1963 2541 2033 ἐξισώσει
2570 1962 2651 2037 τῷ
2667 1961 2899 2035 θαύματι
2926 1980 2941 2031 ;
2963 1962 3056 2025 Τίς
3087 1962 3396 2037 συνέτριψεν
3417 1958 3591 2014 ὅπλον
3617 1963 3753 2034 (26),

2109 2053 2197 2106 καὶ
2241 2052 2534 2131 ῥομφαίαν,
2587 2053 2677 2107 καὶ
2722 2051 2968 2125 πόλεμον
3004 2050 3133 2117 ςΤίς
3183 2049 3473 2105 ωνέθλασε
3514 2051 3612 2111 τὰς
3661 2071 3752 2105 κε-

2108 2139 2283 2217 φαλὰς
2330 2146 2438 2195 τῶν
2491 2138 2795 2216 δρακόντων
2840 2138 2927 2194 ἐπὶ
2973 2144 3069 2193 τοῦ
3116 2136 3311 2200 ὕδατος
3358 2157 3373 2209 ;
3416 2138 3508 2200 Τίς
3558 2136 3758 2194 ἔδωκεν

2107 2229 2265 2285 αὑτὸν
2296 2231 2493 2308 βρῶμα
2542 2228 2720 2302 λαοῖς,
2767 2232 2850 2291 οἷς
2897 2228 2987 2283 καὶ
3039 2226 3321 2304 παρέδωκε
3353 2247 3367 2299 ;
3399 2227 3499 2289 Τίς
3533 2226 3753 2297 ἔστησεν

2107 2318 2181 2379 είς
2232 2315 2393 2395 αὔραν
2444 2317 2762 2395 καταιγίδα;
2793 2318 2883 2380 Τίς
2937 2319 3055 2373 εἷπε
3222 2315 3487 2391 θαλάσσῃ,
3538 2318 3753 2389 Σιώπα,

2104 2407 2391 2484 πεφίμωσο
2424 2427 2438 2476 ;
2470 2408 2597 2480 καὶ,
2655 2413 2741 2462 Ἐν
2792 2406 2877 2461 σοὶ
2927 2402 3341 2482 συντριϐήσεται
3392 2427 3486 2460 σου
3541 2406 3609 2460 τὰ.
3654 2404 3754 2459 κύ-

2108 2516 2267 2568 ματα·
2319 2497 2407 2550 καὶ
2450 2499 2630 2569 μέντοι
2677 2495 2766 2550 καὶ
2819 2495 3132 2571 συντρίψας,
3184 2494 3284 2549 οὐκ
3330 2494 3416 2549 ἐπὶ
3465 2493 3610 2548 πολὺ
3661 2515 3755 2567 με·

2098 2586 2457 2661 τεωρισθιντα
2505 2585 2595 2640 καί
2646 2584 2969 2654 ἀνάξεσαντα
3019 2602 3032 2653 ;
3073 2584 3165 2647 Τίς
3215 2583 3392 2639 ἐπάνω
3440 2579 3614 2662 ὄφεων
3663 2584 3752 2639 καὶ

2103 2673 2375 2749 σκορπίων
2407 2680 2591 2729 πατεῖν
2626 2672 2968 2751 ἐδωρήσατο,
3001 2674 3099 2729 οὐκ
3146 2672 3224 2728 ἔτι
3256 2673 3427 2751 λάθρα
3456 2675 3552 2741 τὴν
3585 2672 3751 2747 πτέρ-

2100 2784 2192 2817 ναν
2218 2763 2552 2839 τηρούντων,
2603 2764 2680 2826 ὡς
2728 2766 2762 2833 ἡ
2810 2765 3146 2840 κατάκρισις,
3178 2760 3325 2817 ἀλλὰ
3365 2766 3607 2840 φανερῶς
3636 2764 3751 2835 (27)

2101 2850 2535 2927 ἐπανισταμένων
2584 2853 2676 2907 καὶ
2724 2849 3043 2931 δ.αιρόντων
3084 2854 3184 2921 τήν
3232 2849 3496 2929 κεφαλὴν,
3527 2851 3588 2917 ἣν
3637 2869 3742 2903 πα-

2098 2947 2304 3005 τεῖσθαι
2360 2940 2817 3013 κατεδικάσθησαν
2853 2941 2993 3012 ;Τίς
3051 2942 3079 2995 6
3136 2943 3368 3011 ποιήσας
3424 2944 3597 3014 κρῖμα
3652 2938 3743 2993 καὶ

2101 3029 2445 3101 δικαιοσύνην
2497 3026 2763 3101 ἀδόκητον
2798 3051 2811 3101 ;
2844 3032 2933 3092 Τίς
2981 3032 3009 3085 ὁ
3056 3032 3131 3103 μὴ
3186 3027 3466 3091 παντελῶς
3523 3028 3746 3106 ἐπαφεὶς

2098 3121 2196 3189 τήν
2240 3116 2438 3197 ῥάϐδον
2482 3126 2591 3176 τῶν
2645 3118 3006 3196 ἁμαρτωλῶν,
3056 3122 3157 3197 ἆρα
3201 3119 3465 3196 θαρρῆσαι
3517 3118 3628 3193 χρὴ
3666 3120 3747 3189 τῷ

2098 3208 2295 3285 κλήρῳ
2341 3214 2447 3264 τῶν
2498 3207 2722 3265 δικαίων
2769 3210 2938 3265 εἰπεῖν
2979 3209 3085 3280 ;ἣ,
3134 3210 3163 3265 ὃ
3210 3207 3414 3263 τούτου
3463 3208 3753 3284 μετριώτε-

2025 3303 2067 3369 C
2108 3318 2222 3374 ρον,
2254 3303 2333 3370 τῷ
2362 3298 2559 3375 κλήρῳ
2588 3298 2744 3353 αὑτὸν
2770 3302 2883 3374 (28)
2911 3297 3289 3375 γινωσκόντων
3322 3313 3338 3366 ;

2181 3389 2281 3442 IA'.
2332 3387 2408 3444 Οὐ
2458 3388 2562 3464 γὰρ
2612 3387 2688 3449 ὡς
2736 3386 2934 3442 δίκαιοι
2972 3384 3394 3462 παρεδόθημεν,
3442 3390 3605 3441 τοῦτο
3652 3385 3755 3461 γὰρ

2112 3476 2287 3554 ὀλίγοι
2328 3475 2420 3530 καὶ
2469 3475 2720 3553 ὀλιγάκις
2771 3479 2905 3551 (29)·
2952 3475 3047 3546 ἵν’,
3098 3477 3173 3537 ὡς
3223 3474 3457 3545 ἀθληταὶ
3502 3479 3759 3552 γενναῖοι,

2111 3565 2203 3619 τὸν
2249 3566 2542 3639 πειραστήν
2592 3565 3026 3641 καταισχύνωσιν
3075 3567 3210 3639 (30)·
3270 3563 3397 3620 ἀλλ’
3448 3564 3524 3626 ὡς
3585 3566 3758 3637 ἁμαρ-

2113 3655 2360 3716 τάνοντες
2408 3654 2805 3730 κατεκρίθημεν
2845 3699 2858 3723 ,
2911 3654 3024 3708 εἶτα
3067 3654 3389 3726 ἠλεήθημεν
3448 3651 3760 3726 κηδεμονι-

2112 3747 2223 3805 κῶς
2275 3745 2391 3815 (31)
2446 3763 2505 3797 τε
2560 3743 2650 3797 καὶ
2708 3747 2985 3817 πατρικῶς
3027 3785 3040 3809 ,
3095 3742 3219 3797 ὅσον
3276 3748 3760 3819 σωφρονισθῆναι,

2112 3829 2428 3908 πληγέντες,
2460 3833 2551 3886 καὶ
2609 3830 2734 3886 ὅσον
2779 3832 2917 3908 πρὸς
2969 3831 3126 3886 αύνὸν
3158 3831 3475 3907 ἐπιστρέψαι
3500 3833 3759 3900 νουθετηο

2114 3920 2307 3985 θέντες.
2356 3919 2583 3996 ’Πλεγξε
2633 3921 2727 3993 μὲν
2777 3922 2879 3997 γὰρ
2910 3966 2923 3985 ,
2975 3920 3035 3975 ού
3078 3925 3157 3992 τῷ
3198 3923 3356 3993 θυμῷ
3408 3918 3483 3975 δὲ’
3534 3920 3625 3975 καὶ
3671 3940 3761 3973 πε-

2111 4008 2366 4065 παίδευκε
2401 4010 2517 4083 μὲν,
2549 4009 2611 4065 ού
2660 4011 2731 4081 τῇ
2777 4010 2919 4086 ὀργῇ
2966 4007 3042 4064 δέ·
3080 4008 3147 4064 δι’
3192 4009 3514 4088 ἀμφοτέρων
3549 4006 3758 4071 δεικνὺς

2108 4100 2171 4154 τὸ
2230 4097 2618 4170 φιλάνθρωπον
2669 4099 2759 4153 καὶ
2807 4101 2906 4167 τῆς
2957 4100 3341 4172 ὑπομνήσεως,
3389 4098 3478 4153 καὶ
3526 4106 3627 4169 τῆς
3674 4098 3764 4152 ἀν-

2112 4189 2296 4250 έσεως.
2328 4188 2415 4250 Τίς
2448 4190 2475 4242 6
2524 4191 2756 4259 ποιήσας
2804 4186 3079 4257 ἐκδίκησιν
3121 4186 3173 4241 ἐν
3222 4194 3335 4249 τοῖς
3378 4183 3600 4256 ἔθνεσιν,
3651 4186 3764 4242 ἐλε-

2110 4276 2286 4351 γμοὺς
2333 4275 2385 4329 ἐν
2433 4281 2549 4336 τοῖς
2598 4274 2776 4346 λαοῖς,
2828 4274 3027 4351 Κύριος
3074 4275 3330 4351 κραταιὸς
3380 4274 3471 4329 καὶ
3513 4271 3760 4345 δυνατὸς,

2113 4366 2310 4441 Κύριος
2341 4363 2565 4427 δυνατὸς
2599 4363 2650 4419 ἐν
2676 4362 2933 4437 πολέμῳ.

347 4451 608 4525 pulis"?
640 4453 925 4511 Dominus
955 4456 1118 4511 fortis
1152 4460 1209 4511 et
1233 4460 1460 4528 potens,
1496 4457 1774 4511 Dominus
1807 4460 2014 4528 potens
2047 4456 2106 4511 in
2131 4454 2285 4511 bello
2310 4456 2374 4509 ⁷⁸.

418 4597 464 4631 ⁶²
497 4600 634 4653 Luc.
665 4614 706 4662 Ι,
733 4597 827 4653 52.
902 4600 947 4633 ⁸³
979 4598 1129 4654 Eccl.
1163 4616 1242 4665 ιι,
1273 4600 1326 4654 5.
1402 4600 1447 4633 ⁶⁴
1473 4600 1602 4655 Job.
1633 4617 1709 4668 1v,
1737 4601 1788 4654 4.
1864 4600 1908 4633 ⁸⁵
1933 4602 1996 4656 Ps

2122 4615 2197 4665 1x,
2222 4599 2310 4653 36.
2387 4598 2432 4632 ⁸⁸
2458 4596 2610 4653 Psal.
2643 4613 2832 4666 xxxvr,
2854 4597 2943 4653 55.
3018 4597 3061 4631 ⁸⁷
3092 4594 3247 4652 Psal.
3280 4611 3373 4668 αν,
3403 4597 3458 4649 2.
3535 4596 3578 4630 ⁸⁸
3609 4595 3760 4651 Psal.

348 4686 514 4737 LXXV,
546 4670 599 4723 4.
676 4670 720 4703 ⁶⁹
745 4668 897 4724 Psal.
940 4687 1133 4739 Lxxm,
1169 4672 1253 4734 13,
1288 4671 1374 4725 14.
1468 4672 1512 4705 ⁷ο
1542 4671 1695 4726 Psal.
1730 4688 1839 4725 ενι.
1883 4671 1973 4725 29.

347 4742 394 4775 ’⁷⁸
421 4741 564 4796 Gen.
598 4758 683 4805 ΠΙ,
718 4742 803 4796 15.
901 4742 944 4775 ⁷⁵
990 4742 1145 4796 Psal.
1189 4759 1383 4808 cxvm,
1417 4744 1539 4797 121.

347 4813 392 4847 7°
419 4812 575 4868 Psal.
607 4830 769 4880 XXIII,
804 4814 857 4867 8.

436 4958 524 5021 22)
560 4954 877 5029 Περιτιθείς.
905 4979 932 5007 ‹‹
965 4956 1382 5029 Circumponit,
1419 4961 1675 5029 praestat.
1715 4979 1735 5004 »

436 5030 532 5097 23)
562 5024 742 5100 ’ῼδῆς.
806 5029 900 5084 Sic
934 5045 1090 5100 regg.
1125 5024 1244 5093 tim,
1297 5030 1336 5098 Ι,
1386 5024 1503 5084 tres
1533 5028 1691 5083 ()olb.
1715 5027 1905 5100 _Deest
1938 5028 1994 5100 in

346 5083 483 5155 edit.
510 5083 743 5164 'Biiliu's,
788 5122 815 5149 ‹‹
869 5083 1169 5170 scriptura}
1210 5083 1351 5155 loco.
1408 5083 1461 5150 ››ί
1488 5098 1997 5170 Combeilsiusqui

345 5172 545 5244 varias
584 5171 863 5227 lectiones
910 5165 1149 5244 colligit,
1196 5172 1347 5226 hanc
1396 5172 1507 5225 sibi
1550 5186 1768 5237 vocem,
1824 5165 1995 5244 ᾠδῆς,

344 5260 461 5299 non
493 5242 721 5314 placere
750 5249 1019 5309 testatur,
1054 5241 1157 5298 nec
1188 5258 1505 5315 congruere
1536 5246 1701 5313 putat
1740 5258 1871 5315 cum
1905 5241 1998 5315 his

345 5332 475 5387 quae
503 5312 573 5370 ex
604 5316 773 5381 Isaia,
801 5320 863 5369 ut
885 5315 1263 5386 ipsividetur,
1288 5312 1654 5387 praecedunt;
1691 5313 1791 5387 sed
1832 5312 1994 5387 falli-

342 5384 459 5443 tur.
492 5386 644 5443 Nihil
682 5387 774 5441 hic
805 5384 1163 5457 descriptum
1204 5403 1271 5440 ex
1290 5384 1473 5449 “Isaia,
1506 5387 1605 5440 sed
1653 5400 1719 5457 ex
1759 5384 1868 5439 Job
1913 5400 1993 5457 71v,

344 5461 398 5523 4,
428 5459 516 5514 vel
549 5461 605 5514 in
639 5458 785 5529 psal.
822 5454 1015 5523 χχχιιι,
1046 5460 1131 5521 17,
1168 5463 1339 5527 atque
1371 5457 1491 5510 haec
1514 5472 1583 5529 ex
1627 5454 1751 5529 alio
1772 5456 1995 5511 cantico

346 5532 528 5601 petita
558 5528 758 5585 scribit
785 5530 1118 5601 Gregorius,
1156 5529 1473 5599 respiciens
1498 5528 1592 5601 Aad
1641 5528 1816 5601 verba
1865 5544 1996 5601 cau-

345 5599 445 5656 tici
480 5602 693 5673 Moysis
725 5606 782 5673 et
824 5599 1038 5656 Marias.
1081 5602 1291 5671 Sicque
1339 5617 1420 5673 ex,
1453 5599 1698 5654 diversis
1751 5600 1995 5673 canticis

346 5679 403 5727 et
432 5671 740 5743 Scriptura;
770 5671 937 5737 locis,
970 5678 1143 5743 prout
1172 5672 1573 5733 occurrebant,
1607 5688 1778 5727 suum
1813 5688 1875 5727 se
1915 5672 1995 5726 ait

347 5745 633 5800 conﬁcere
659 5744 1034 5816 χαριστήριον.

292 5910 415 5983 Ἃ,

1636 4744 1678 4777 ’λδ
1708 4743 1855 4798 Psal.
1891 4758 2056 4796 cxxrv
2086 4743 2138 4798 3.

2070 4672 2111 4705 ⁷1
2162 4674 2335 4725 Marc.
2386 4687 2462 4735 ιν,
2508 4670 2595 4723 39.
2672 4669 2717 4703 ⁷³
2745 4668 2874 4722 Job.
2908 4685 3141 4738 xxxvm,
3174 4669 3258 4721 11.
3337 4666 3381 4699 ⁷³
3417 4672 3546 4721 Luc.
3581 4684 3636 4729 x,
3672 4668 3758 4721 19.

2238 4742 2280 4776 ⁷⁷
2311 4740 2466 4796 Psal.
2509 4757 2593 4806 v1,
2634 4742 2670 4794 2
2708 4765 2723 4808 ;
2772 4756 2984 4807 xxxvu,
3025 4741 3079 4794 2.
3172 4739 3216 4773 ⁷⁸
3264 4738 3420 4793 Psal.
3468 4755 3653 4801 cxux,
3701 4740 3758 4790 7.

2178 4954 2289 5026 (24)
2322 4949 2784 5026 Συνεραν-ιζόντων
2822 4974 2873 5026 ⁸‹‹
2899 4950 3099 5026 Simul
3120 4950 3576 5007 conferentibus.
3621 4972 3650 4999 »

2181 5021 2288 5096 (25)
2320 5021 2704 5098 Χαρ-ιστήριον.
2740 5023 2999 5078 Subaud.
3034 5021 3218 5098 λόγον.

2178 5094 2286 5167 (26)
2315 5094 2575 5151 ’Ότὲλονμ
2607 5118 2634 5146 ‹‹
2668 5097 2937 5151 Lcutum.
2969 5115 2995 5146 ι
3033 5094 3262 5162 Bittius,
3302 5117 3322 5143 ι
3359 5109 3543 5149 arma.
3580 5114 3608 5142 ››

2200 5171 2287 5237 27)
2321 5167 2912 5242 Φανερῶςεβςραιειω,
2946 5172 3163 5242 aperte.
3200 5188 3227 5242 ῃ

2199 5242 2287 5313 28)
2321 5236 2514 5296 Αὐτόν.
2560 5239 2804 5294 Vitiiose
2852 5238 2943 5292 τὸν
2984 5236 3169 5310 αὐτόν,
3198 5237 3258 5292 in
3312 5238 3476 5292 Herv.
3528 5239 3586 5291 ct
3629 5239 3762 5291 Par.

2107 5313 2248 5367 edit.

2177 5384 2286 5455 (29)
2321 5382 2623 5455 Ὀλιγάκις.
2650 5381 2777 5436 Par.
2801 5381 2858 5437 in
2891 5380 3040 5437 notis
3071 5397 3140 5437 ex
3169 5380 3350 5436 Oxon.
3383 5382 3441 5434 et
3470 5377 3600 5433 aliis
3624 5379 3766 5433 duo-

2106 5453 2493 5545 bués’addunt.
2526 5453 2822 5545 πάσχουσι.

2178 5528 2291 5608 (ξΟ)
2374 5520 2838 5597 Καταισχύνωσιν.
2920 5524 3060 5597 Reg.
3146 5524 3205 5595 Ι),
3281 5520 3759 5595 καταισχύνωμεν,

2105 5598 2727 5794 Ξῃῗὲὃείίηδεμονιγῶς.
2780 5690 2809 5717 ‹‹
2869 5667 3130 5736 Provide,
3180 5667 3455 5740 benigne,
3505 5665 3757 5721 salubri-

2134 5755 2214 5794 er.
2250 5762 2280 5789 ››

2134 5755 2214 5795 ef.
2250 5762 2280 5789 υ
