4148 6290
354 378 473 438 845

1337 374 1635 436 ORATIO
1678 371 1883 435 1v.—-
1917 341 2234 432 CONTRA
2276 372 2677 435 JULIANUM
2723 374 2773 433 1.

3645 380 3764 439 546

419 509 520 565 IE'.
560 504 700 561 Μίαν
751 504 983 581 εὗρίσκω
1031 506 1241 582 φωνὴδ,
1287 503 1341 559 ’ὲν
1395 504 1586 577 μάλος,
1633 523 1741 558 των
1791 502 2001 579 παρόν-

2182 503 2293 560 XV.
2328 503 2514 560 Unam
2554 521 2773 574 vocem,
2831 522 3013 561 unum
3063 523 3319 577 carmen,
3372 512 3759 581 praesentibus

342 620 451 653 των
502 617 619 657 πως
672 593 838 668 ἄξιον,
884 596 945 663 ἣν
994 596 1208 656 Ἠσαῖας
1256 595 1361 669 πρὸ
1410 597 1570 666 ἡμῶν
1620 592 1994 671 ἀνεφθέγξατο,

345 685 554 763 σφόδρα
607 690 686 757 τῷ
741 690 832 739 νῦν
886 690 1061 758 καιρῷ
1116 685 1443 760 πρέπουσαν,
1502 684 1590 737 καὶ
1645 688 1723 753 τῷ
1784 682 1996 756 μεγέθει

343 784 441 846 τῆς
520 773 822 850 εὐεργεσίας
897 772 1295 846 ἁμιλλωμένην
1335 793 1348 806 ·
1425 772 1804 850 Εὖφραινὲσθω
1882 774 1996 844 (32)

349 868 377 920 ὁ
410 864 637 940 οὐρανὸς
674 862 891 936 ἄνωθεν,
940 863 1030 917 καὶ
1072 864 1125 917 αἱ
1175 861 1393 940 νεφέλαι
1445 861 1751 937 ῥανάτωσαν
1787 857 1995 914 δικαιο-

350 954 537 1024 σύνην·
575 953 788 1029 ῥηξάτω
817 955 930 1026 (33)
959 953 1026 1006 τὰ
1072 948 1173 1028 ὅρη
1207 949 1564 1028 εὐφροσύνην,
1593 950 1682 1005 καὶ
1727 951 1779 1003 οἱ
1814 948 1996 1024 βουνοὶ

351 1042 694 1120 ἀγαλλίασιν·
744 1041 859 1097 ἐπεὶ
906 1042 994 1097 καὶ
1044 1042 1215 1103 κτίσις
1258 1048 1422 1109 πᾶσα,
1471 1041 1559 1095 καὶ
1612 1038 1865 1113 δυνάμεις
1906 1038 1997 1093 οὐ·

354 1136 547 1210 ράνιοι,
586 1133 675 1187 καὶ
727 1137 833 1185 τῶν
883 1132 1166 1202 τοιούτων,
1215 1130 1288 1192 ὥς
1334 1150 1398 1205 γε
1442 1128 1508 1199 δὴ
1562 1130 1589 1183 ὁ
1637 1128 1767 1202 ἐμὸς
1809 1128 1996 1204 λόγος,

354 1223 875 1288 συνεπαιοθάνονται·
922 1221 982 1276 οὐ
1031 1221 1133 1297 γὰρ
1182 1222 1482 1289 συστενάζει
1534 1219 1696 1292 μόνον
1746 1219 1835 1273 καὶ
1876 1238 1997 1271 συν-

357 1310 536 1368 ωδίνει
568 1309 897 1367 δουλεύουσα
1064 1313 1256 1385 φθορᾷ,
1307 1316 1422 1371 τοῖς
1470 1308 1617 1364 κάτω
1666 1309 1809 1384 λέγω
1847 1328 1996 1382 γινο⁶

359 1403 540 1474 μένοις
590 1421 649 1456 τε
722 1400 810 1454 καί
866 1400 1284 1474 ἀπογινομὲνοις
1322 1444 1336 1469 ,
1389 1395 1874 1471 ἀποκαραδοκοῦσα
1938 1398 1998 1451 τὸ

347 1489 510 1552 τέλος
561 1488 767 1545 τούτων
828 1489 919 1544 καὶ
975 1490 1074 1557 τὴν
1135 1488 1513 1561 ἀποκάλυψιν,
1566 1485 1660 1541 ’ίνα
1715 1486 1804 1541 καὶ
1862 1484 1996 1554 αὗτή

348 1580 473 1636 τότε
499 1578 643 1655 τύχῃ
671 1585 768 1649 τῆς
800 1577 1167 1652 ἐλπιζομένης
1202 1577 1526 1654 ἐλευθερίας,
1560 1578 1635 1638 ὡς
1679 1580 1772 1629 νῦν
1802 1573 2002 1631 ἄκουσα

350 1668 564 1731 τούτοις
613 1665 1012 1745 προσδεδεμένοι]
1069 1666 1157 1722 διὰ
1201 1668 1300 1736 τὴν
1348 1672 1443 1722 τοῦ
1493 1664 2003 1741 δημιουργήσαντος

354 1755 606 1831 δύναμιν,
658 1757 803 1813 ἀλλά
844 1758 932 1812 καὶ
979 1754 1285 1827 συνδοξάζει
1327 1756 1416 1811 καὶ
1465 1752 1856 1830 συναγάλλεται
1888 1760 2004 1814 τοῖς

356 1852 452 1904 τοῦ
484 1851 619 1902 Οεοῦ
643 1847 852 1909 τέκνοις
884 1846 1349 1925 εὐφραινομένοις.

431 1938 521 2006 [ζ’.
550 1942 871 2013 Τοιγαροῦν,
896 1935 957 1990 οὐ
989 1938 1091 2011 γὰρ
1123 1935 1387 2013 ἀφέξομαι
1418 1934 1573 1989 Θείων
1616 1935 1808 2011 φωνῶν
1857 1933 1999 1996 θείαν

361 2025 725 2102 ἆξηγούμενος
775 2023 1043 2098 δύναμιν,
1098 2024 1448 2101 ἀγαλλιάσθω
1496 2023 1727 2099 ἔρημος.
1777 2023 1865 2077 καὶ
1915 2024 2001 2075 ἀν-

363 2114 522 2181 estw)
580 2117 657 2177 ὡς
709 2114 919 2191 κρίνον,
950 2118 984 2185 ἡ
1016 2118 1166 2191 ’χήρα
1222 2115 1353 2190 χθὲς
1410 2114 1498 2168 καὶ
1558 2114 1775 2185 πρώην,
1827 2110 1900 2173 ὥς
1945 2131 2006 2186 γε

363 2202 561 2278 ἂδόκει,
607 2204 697 2260 καὶ
746 2202 1003 2281 ἄνανδρος
1046 2203 1363 2274 Ἐκκλησία,
1412 2204 1503 2258 καὶ
1551 2208 1653 2264 πᾶς
1686 2204 1715 2255 ὁ
1763 2203 1846 2273 τῷ
1876 2202 2005 2278 φθο-

361 2298 502 2370 νερῷ
549 2295 639 2349 καὶ
684 2294 906 2369 ἀτερπεῖ
952 2298 1188 2369 χειμῶνι
1250 2300 1349 2362 τῆς
1398 2287 1638 2354 ἀσεϐείας
1695 2291 1831 2352 τέως
1885 2311 2007 2343 συν-

363 2381 712 2457 ισταλμξνος·
767 2382 851 2438 ὅτι
897 2383 1103 2453 ἠλέησε
1154 2381 1356 2458 Κύριος
1404 2382 1493 2437 τὸν
1529 2382 1659 2436 λαὸν
1705 2380 1890 2449 αὐτοῦ,
1918 2377 2008 2433 καὶ

363 2473 461 2542 τὴν
519 2470 897 2548 κληρονομίαν
972 2471 1134 2527 αὐτοῦ
1202 2472 1299 2527 οὐκ
1355 2468 1807 2547 ἐγκαταλέλοιπεν
1853 2487 1864 2501 ·
1927 2467 2008 2522 ὅτι

367 2560 585 2633 ἰποίησε
640 2561 921 2635 θαυμαστὰ
965 2562 1280 2636 πράγματα,
1330 2560 1537 2637 βουλὴν
1585 2558 1814 2636 ἀρχαίαν
1877 2557 2013 2625 ἀλη-

368 2654 537 2722 θινήν·
570 2653 605 2721 ἡ
653 2648 711 2704 δὲ
751 2651 841 2723 ἧν,
892 2647 1131 2706 εὐδοκεῖν
1186 2650 1273 2703 ἐπὶ
1317 2649 1445 2712 τοὺς
1495 2646 1868 2726 φοϐουμένους
1916 2645 2011 2700 αὗ-

364 2741 475 2811 τὸν,
505 2741 596 2795 καὶ
624 2740 754 2801 τοὺς
784 2737 1103 2808 ἐλπίζοντας
1134 2738 1220 2793 ἐπὶ
1250 2740 1314 2793 τὸ
1345 2736 1495 2800 ἔλεος
1532 2738 1715 2793 αὐτοῦ·
1761 2737 1841 2791 ὅτι
1894 2757 2014 2791 συν-

376 2830 559 2903 έτριψε
605 2826 783 2891 πύλας
833 2826 1048 2904 χαλκᾶς
1077 2874 1091 2898 ,
1140 2828 1227 2883 καὶ
1281 2826 1536 2903 μοχλοὺς
1587 2825 1845 2903 σιδηροῦς
1894 2847 2014 2879 συν-

372 2918 613 2975 ἐθλασεν·
650 2919 733 2973 δτι
784 2916 873 2972 διὰ
917 2920 1015 2980 τὰς
1065 2918 1293 2992 ἀνομίας
1325 2920 1485 2989 ἡμῶν
1540 2918 1975 2988 ἐταπεινώθημεν
2002 2959 2015 2983 ,

381 3005 507 3061 ἀλλ’
554 3006 932 3081 ἀνεκλήθημεν
980 3010 1113 3081 (34),
1163 3008 1273 3077 καὶ,
1323 3015 1420 3077 τῆς
1466 3005 1695 3081 παγίδος
1727 3000 2020 3080 συντριϐεί-

381 3116 502 3166 σης,
539 3093 868 3171 ἒρῤὖσθημεν
896 3096 947 3150 ἐν
981 3097 1165 3173 χάριτι
1214 3101 1310 3151 τοῦ
1358 3096 1683 3158 καλέσαντος
1732 3098 1898 3168 ἡμᾶς,
1931 3094 2020 3147 καὶ

375 3187 505 3247 τοὺς
537 3184 813 3247 ταπεινοὺς
843 3190 910 3259 τῇ
942 3183 1137 3261 καρδίᾳ
1164 3185 1606 3263 παρακαλοῦντος
1639 3189 1793 3243 Θεοῦ.

444 3356 536 3411 ῙΖ’.
573 3356 756 3428 Ὁρᾶτε
785 3353 934 3417 ὅπως
965 3353 1153 3410 πλέκω
1182 3355 1280 3423 τὴν
1321 3353 1465 3427 ᾠδήν
1496 3354 1661 3419 θείοις
1692 3356 1781 3409 καὶ
1813 3354 2014 3430 ῥήμασι

366 3444 454 3499 καὶ
489 3442 820 3518 διανοήμασι
854 3464 869 3514 ;
899 3444 988 3499 καὶ
1039 3445 1138 3500 οὐκ
1184 3442 1287 3499 οἷδ’
1317 3444 1465 3507 ὅπως
1516 3443 1833 3519 ἀλλοτρίοις
1865 3444 2015 3499 ἐπαί-

368 3532 539 3606 ρομαί
580 3553 642 3587 τε
688 3533 779 3588 καὶ
832 3532 1284 3607 καλλωπίζομσι,
1334 3535 1423 3588 καὶ
1468 3529 1650 3609 ὥσπερ
1699 3532 1886 3598 ἔνθους
1935 3533 2017 3610 ὑφ’

368 3620 573 3693 ἡδονῆς
607 3622 851 3699 γίνομαι·
903 3622 1151 3697 ἀτιμάζω
1201 3621 1257 3678 δὲ
1306 3625 1443 3679 ἅπαν
1494 3623 1743 3678 ταπεινὸν
1788 3636 1877 3678 και
1926 3623 2018 3677 ἀν-

373 3714 666 3785 θρώπινον,
698 3711 845 3767 ἄλλα
888 3711 1083 3775 ἄλλοις
1135 3708 1484 3786 συμϐιϐάζων
1525 3714 1612 3768 καὶ
1646 3712 2016 3787 συναρμόζων,

369 3801 462 3855 καὶ
492 3802 566 3863 εἰς
597 3802 652 3856 ἓν
687 3799 832 3875 ἄγων
857 3802 926 3856 τά
952 3806 1049 3857 τοῦ
1081 3800 1244 3856 αὐτοῦ
1275 3801 1587 3875 Πνεύματος
1618 3822 1633 3872 ;

446 3982 545 4038 ΙΕ’.
574 3978 844 4056 Πρότερον
891 3980 984 4053 μὶν
1027 3977 1120 4035 οὖν
1166 3979 1370 4036 ἐδείκνυ
1415 3986 1512 4035 τοῦ
1545 3985 1680 4036 Θεοῦ
1714 3982 1781 4035 τὰ
1811 3982 2019 4053 θαυμά-

380 4091 466 4125 σια
508 4071 686 4145 Ἑνὼχ
738 4069 1149 4144 μετατιθέμενος
1181 4117 1195 4140 ,
1242 4070 1432 4133 Ἠλίας
1478 4065 2019 4144 ἀναλαμϐανόμενος,

376 4166 495 4215 Νῶε
543 4158 966 4234 διασωζόμενος,
1014 4160 1102 4215 καὶ
1146 4158 1424 4229 διασώζων
1473 4162 1539 4215 τὰ
1588 4162 1869 4237 σπέρματα
1913 4164 2021 4214 τῶν

378 4254 542 4325 γενῶν
593 4251 727 4324 (35),
778 4248 829 4305 ἐν
885 4254 1065 4327 μικρῷ
1109 4249 1256 4323 ξύλῳ
1305 4250 1397 4305 τὸν
1443 4249 1688 4323 κόσμον,
1739 4248 2018 4327 φυγόντων

376 4340 704 4412 οἰκουμένης
747 4339 1051 4407 ἐπίκλυσιν,
1075 4337 1149 4393 τίν’
1178 4341 1215 4409 ἡ
1245 4346 1316 4414 γῆ
1367 4339 1621 4414 κοσμηογῖ
1670 4338 1835 4395 πάλιν
1876 4338 2021 4396 εὐσε-

378 4422 649 4504 ϐεστέροις
683 4428 1017 4505 οἷ’κήτορσινο
1054 4424 1308 4505 Ἀϐραὰμ
1354 4428 1712 4500 καλούμενος,
1748 4429 1837 4483 καὶ
1866 4427 2020 4483 παιδὶ

370 4524 502 4593 παρ’
533 4516 752 4587 ἡλικίαν
802 4519 1142 4593 τιμώμενος,
1176 4517 1251 4580 είς
1300 4517 1475 4573 πίστιν
1510 4518 1694 4593 ἑτέρου
1733 4523 1828 4573 τοῦ
1862 4518 2024 4595 ἐπηγ-

2106 595 2406 651 beneﬁciis
2438 597 2867 668 quodammodo
2901 598 3144 669 dignum
3192 600 3434 671 reperio,
3467 602 3610 657 illud
3644 605 3760 659 sci-

2105 684 2261 751 licet,
2294 686 2447 756 quod
2486 686 2665 741 Isaias
2692 690 2826 740 ante
2848 703 2953 742 nos
2984 690 3414 759 pronuntiavit,
3450 690 3585 745 huic
3614 697 3762 747 tem-

2107 772 2233 845 pori
2261 773 2502 829 miriﬁce
2532 791 2880 845 congruens,
2914 780 2971 829 et
3002 792 3135 831 cum
3168 778 3431 834 beneﬁcii
3465 781 3763 853 magnitu-

2105 862 2243 917 dine
2272 863 2368 920 85
2407 865 2784 929 contendens,
2835 864 3082 920 Laetetur
3136 865 3348 922 cmlum
3392 870 3663 941 desuper,
3698 876 3754 925 et

2109 953 2296 1007 nubes
2328 952 3203 1026 stillentjustitiam.Erumpant
3226 962 3452 1013 montes
3472 957 3754 1015 ltetitiam.

2106 1045 2165 1097 et
2192 1040 2370 1097 colles
2397 1041 2843 1097 exsultationem
2866 1044 2911 1078 ⁸ο
2934 1060 2947 1098 :
2973 1046 3449 1117 quandoquidem
3474 1048 3647 1104 etiam
3669 1066 3759 1105 res

2108 1146 2313 1186 omnes
2345 1131 2609 1200 conditae,
2642 1136 2699 1187 et
2727 1132 2989 1188 caelestes
3035 1134 3306 1204 virtutes,
3353 1153 3483 1193 mea
3532 1138 3766 1210 quidem

2109 1222 2418 1289 sententia,
2450 1221 2793 1292 bujusmodi
2824 1239 3020 1278 rerum
3042 1239 3217 1280 sensu
3242 1226 3582 1282 afﬁciuntur
3610 1245 3629 1282 :
3663 1245 3765 1285 ne-

2109 1328 2224 1383 que
2251 1312 2409 1366 enim
2433 1316 2700 1367 creatura
2730 1311 2906 1366 simul
2929 1317 3159 1369 tantum
3195 1314 3614 1387 ingemiscit,et
3636 1334 3768 1389 par-

2109 1397 2272 1467 turit,
2305 1400 2661 1471 corruptioni
2694 1401 2954 1457 serviens
2985 1403 3167 1473 “,hoc
3190 1405 3378 1472 est,iis
3401 1406 3501 1476 qui
3534 1405 3591 1461 in
3614 1411 3771 1463 terra

2109 1494 2453 1557 nascuntur,
2487 1495 2545 1544 et
2573 1490 2887 1560 intereunt,
2924 1491 3101 1547 ﬁnem
3132 1508 3333 1549 eorum
3385 1499 3442 1549 et
3471 1496 3771 1552 revelatio-

2111 1594 2244 1633 nem
2277 1582 2714 1650 exspectans,ut
2744 1579 2871 1651 ipsa
2902 1596 3135 1652 quoque
3166 1586 3309 1639 tunc
3327 1591 3559 1654 sperata
3588 1583 3765 1641 liber-

2110 1670 2233 1723 tate
2264 1669 2542 1739 potiatur,
2573 1668 2733 1723 velut
2766 1684 2920 1723 nunc
2963 1669 3051 1725 bis
3101 1671 3285 1726 invita
3332 1677 3567 1744 propter
3595 1676 3768 1730 Crea-

2110 1757 2256 1812 toris
2286 1758 2608 1829 potentiam
2636 1758 2875 1830 alligata
2908 1776 2921 1813 :
2956 1759 3057 1814 sed
3092 1759 3267 1815 simul
3292 1760 3467 1817 etiam
3501 1778 3633 1818 cum
3665 1763 3768 1820 Dei

2033 1876 2082 1945 Β
2113 1845 2251 1901 ﬁliis
2274 1846 2606 1902 laetantibus
2628 1846 2875 1919 gloriam
2898 1847 3087 1919 ipsius
3114 1848 3477 1921 praedicat,et
3499 1852 3767 1909 exsultat.

2184 1934 2328 1991 XVI.
2364 1936 2858 2007 Quocirca,neque
2889 1937 3043 1992 enim
3076 1955 3109 1991 a
3140 1937 3356 1994 divinis
3374 1939 3616 1997 vocibus
3640 1943 3771 1997 abs-

2110 2025 2331 2092 tinebo,
2363 2025 2621 2081 divinam
2654 2026 2972 2097 potentiam
3030 2042 3521 2101 commemorans,
3581 2029 3772 2087 exsul-

2112 2118 2195 2170 tet
2223 2115 2471 2184 deserta,
2504 2120 2560 2169 et
2592 2114 2792 2169 ﬂoreat
2821 2114 2974 2169 sicut
3003 2114 3191 2171 lilium
3232 2118 3300 2171 ‘2.
3353 2118 3459 2174 hoc
3513 2124 3620 2186 est,
3674 2125 3771 2176 Ec-

2115 2202 2309 2269 clesia,
2337 2203 2460 2258 beri
2493 2208 2550 2258 et
2581 2204 2796 2258 nudius
2842 2203 3075 2271 tertius,
3130 2210 3192 2260 ut
3240 2207 3476 2277 quidem
3528 2208 3770 2265 videba-

2116 2298 2231 2362 tur,
2262 2293 2460 2361 vidua,
2494 2296 2550 2348 et
2576 2294 2700 2348 viro
2732 2309 2956 2361 carens,
2991 2299 3165 2366 atque
3195 2311 3419 2364 omnes,
3477 2313 3624 2368 quos
3682 2298 3771 2353 in-

2118 2382 2252 2437 vida
2281 2386 2337 2437 et
2367 2383 2660 2437 inamoena
2690 2381 3013 2453 impietatis
3046 2382 3235 2438 hiems
3268 2388 3438 2440 antea
3466 2389 3774 2441 contraxe-

2119 2476 2246 2528 rat:
2282 2472 2558 2543 quonlam
2596 2472 2745 2526 Deus
2778 2470 3007 2543 plebem
3040 2487 3209 2527 suam
3245 2473 3559 2530 miseratus
3590 2479 3679 2531 est
3707 2477 3774 2545 ⁸³,

2122 2564 2177 2617 et
2206 2560 2603 2616 hcereditatem
2635 2576 2802 2616 suam
2834 2574 2948 2614 non
2998 2560 3311 2633 dereliquit
3363 2562 3411 2596 εδ
3442 2578 3454 2616 :
3510 2564 3775 2635 quoniam

2123 2665 2215 2705 res
2248 2649 2547 2705 mirabiles
2578 2649 2732 2717 fecit,
2766 2648 3079 2705 consilium
3113 2650 3423 2723 antiquum
3454 2668 3658 2708 verum
3689 2654 3771 2723 85;

2124 2740 2233 2795 hoc
2262 2744 2370 2807 est,
2404 2743 2470 2794 ut
2499 2737 2934 2810 beneplacitum
2966 2745 3117 2794 esset
3145 2739 3258 2810 ipsi
3295 2757 3472 2811 super
3502 2741 3777 2799 timentes

2126 2844 2261 2885 eum
2292 2834 2349 2885 et
2380 2829 2439 2883 in
2470 2828 2544 2883 iis
2576 2828 2675 2899 qui
2709 2833 2949 2899 sperant
2980 2828 3037 2882 in
3072 2828 3491 2885 misericordiis
3524 2832 3653 2902 ejus
3686 2833 3729 2868 “
3761 2849 3772 2886 :

2128 2919 2403 2990 quoniam
2454 2916 2726 2972 contrivit
2773 2922 2971 2989 portas
3021 2935 3219 2986 aereas,
3253 2924 3309 2974 et
3337 2925 3532 2975 vectes
3563 2920 3778 2978 ferreos

2129 3007 2412 3077 confregit
2438 3006 2482 3041 ⁸⁷
2516 3022 2529 3062 :
2564 3005 2844 3078 quoniam
2894 3010 3132 3078 propter
3174 3007 3495 3078 inquitates
3546 3012 3777 3065 nostras

2130 3095 2422 3151 humiliati
2452 3111 2659 3150 sumus
2688 3096 2752 3165 ⁸⁸,
2786 3096 2886 3150 sed
2920 3096 3166 3150 revocati
3209 3112 3437 3163 sumus,
3475 3112 3541 3153 ac
3572 3097 3778 3169 laqueo

2134 3182 2381 3237 contrito
2418 3182 2484 3247 ⁸⁸,
2519 3198 2620 3253 per
2648 3182 2895 3253 gratiam
2929 3182 3025 3237 Dei
3056 3183 3155 3254 qui
3189 3200 3295 3239 nos
3324 3184 3568 3253 vocavit,
3590 3191 3647 3241 et
3676 3186 3781 3241 hu-

2053 3250 2098 3318 c
2137 3271 2302 3327 miles
2332 3272 2504 3326 corde
2534 3271 2886 3340 consolatur,
2917 3270 3142 3326 liberati
3174 3287 3379 3328 sumus
3409 3274 3455 3308 9°

2199 3361 2371 3415 XVII.
2404 3360 2700 3416 Videtisne
2732 3377 2847 3432 quo
2890 3366 3057 3432 pacto
3088 3361 3302 3417 divinis
3335 3362 3525 3418 verbis
3560 3381 3626 3420 ac
3658 3382 3783 3420 sen-

2126 3450 2324 3507 tentiis
2353 3450 2647 3506 canticum
2676 3454 2866 3504 texam
2888 3449 2917 3504 ‘I
2941 3452 3114 3520 atque
3145 3450 3299 3506 haud
3353 3452 3471 3507 scio
3526 3470 3780 3524 quonam

2128 3542 2301 3596 modo
2348 3540 2553 3595 alienis
2603 3555 2695 3593 me
2742 3539 2975 3593 eﬁ'cram
3008 3544 3063 3593 et
3094 3544 3404 3605 ostentem,
3441 3558 3505 3596 ac
3539 3560 3655 3614 prae
3686 3559 3782 3597 vo-

2128 3630 2351 3701 luptate
2380 3628 2541 3684 velut
2570 3628 2811 3683 numine
2839 3628 3152 3700 corripiar;
3187 3628 3473 3701 quidquid
3506 3647 3639 3687 vero
3671 3632 3781 3686 hu-

2129 3720 2265 3774 mile
2311 3724 2483 3789 atque
2532 3718 2857 3772 humanum
2902 3722 3009 3783 est,
3060 3723 3458 3791 contemnam,
3506 3720 3620 3775 alia
3649 3738 3781 3776 cum

2129 3808 2260 3864 aliis
2278 3808 2659 3879 compingens
2676 3811 2846 3877 atque
2864 3806 3241 3875 concinnans,
3261 3824 3366 3878 eaq
3379 3825 3466 3876 ue,
3489 3826 3615 3881 quae
3634 3810 3786 3880 ejus-

2135 3899 2269 3953 dem
2307 3902 2445 3952 sunt
2476 3896 2753 3966 Spiritus,
2788 3895 2847 3949 in
2880 3913 3063 3950 unum
3099 3896 3378 3966 colligens
3402 3897 3428 3950 ?

2202 3986 2399 4040 XVIII.
2428 3989 2505 4039 Ac
2538 3985 2700 4054 prius
2734 3982 2971 4054 quidem
3005 3984 3103 4038 Dei
3158 3985 3441 4040 miracula
3490 3988 3785 4043 testaban-

2129 4082 2227 4131 tur
2264 4093 2276 4130 :
2328 4074 2540 4140 Enoch,
2595 4074 2736 4127 dum
2780 4074 3197 4128 transferretur
3226 4074 3307 4141 ἰς
3342 4074 3515 4139 Elias,
3551 4077 3691 4131 dum
3725 4077 3783 4132 in

2131 4163 2384 4219 sublime
2415 4164 2817 4216 assumeretur
2846 4161 2889 4193 99
2926 4176 2939 4213 :
2973 4160 3112 4227 Noe,
3148 4162 3289 4216 dum
3322 4169 3784 4235 conservaretur,

2132 4269 2197 4307 ac
2227 4267 2505 4324 generum
2552 4247 2780 4304 semina
2825 4254 3210 4319 conservaret,
3261 4249 3321 4304 in
3371 4249 3579 4323 exiguo
3626 4251 3786 4325 ligno

2133 4342 2443 4408 mundum,
2494 4338 2652 4393 orbis
2702 4337 2955 4394 universi
2986 4338 3276 4394 diluvium
3318 4340 3690 4413 fugientium,
3722 4346 3789 4397 ut

2130 4436 2286 4487 terra
2315 4444 2521 4484 rursus
2542 4427 2933 4483 sanctioribus
2955 4427 3161 4483 incolis
3186 4434 3494 4485 ornaretur
3514 4432 3558 4465 93
3580 4446 3592 4485 :
3613 4432 3791 4486 Abra-

2134 4522 2293 4587 ham,
2323 4520 2464 4573 dum
2496 4521 2797 4573 vocaretur
2827 4518 2889 4583 9‘,
2925 4534 2990 4571 ac
3022 4516 3141 4571 ﬁlio
3172 4523 3382 4588 praeter
3422 4522 3649 4573 aetatem
3680 4521 3787 4574 do-

374 4604 643 4679 γελμένου
689 4606 1031 4685 σπέρματος,
1080 4606 1169 4662 καὶ
1224 4608 1315 4661 τὸν
1380 4615 1642 4683 μονογενῆ
1701 4607 2010 4685 προσφέρων

2132 4613 2371 4667 naretur
2427 4606 2492 4671 π,
2538 4607 2608 4661 ad
2649 4606 3152 4662 conﬁrmationem
3185 4623 3395 4679 nempe
3426 4607 3667 4663 alterius
3698 4626 3787 4665 se-

373 4694 557 4749 θυσίαν
591 4696 891 4771 πρόθυμον,
925 4697 1013 4752 καὶ
1061 4697 1259 4772 ἱερεῖον
1307 4695 1448 4767 ξένον
1482 4699 1594 4769 (36)
1636 4695 1752 4752 ἀντί
1784 4700 1897 4770 (37)
1924 4706 2025 4754 τοῦ

372 4782 567 4848 παιδὸς
594 4786 977 4860 κομιζόμενος·
1034 4781 1339 4863 παράδοξος
1370 4788 1482 4859 (38)
1520 4780 1727 4840 ἀσεϐῶν
1755 4787 2022 4866 ἀπώλεια,

440 4930 487 4965 ⁸ο
518 4931 628 4986 Isa.
662 4946 788 4986 XLV.
819 4932 893 4995 ὃς
923 4947 1079 5000 xmx,
1113 4929 1217 4997 13;
1252 4929 1405 4985 Psal.
1442 4932 1704 5001 L11v,13.
1785 4932 1829 4968 ⁸¹
1866 4932 2010 4989 Rom

2132 4950 2190 4998 ιι,
2222 4933 2312 4985 22.

372 5018 526 5069 xcm,
559 5002 648 5057 14.
786 5002 831 5036 ⁸⁵
861 5003 972 5058 Isa.
1006 5019 1137 5068 xxv,
1172 5003 1222 5057 1.
1336 5002 1379 5036 ⁸⁸
1411 5001 1568 5057 Psal.
1606 5018 1790 5072 cxcvr,
1825 5006 1909 5059 11.

372 5074 416 5107 ⁸⁵
444 5071 630 5129 Galat.
666 5090 705 5128 ι.
742 5074 844 5141 15;
879 5074 928 5129 ΙΙ
958 5074 1086 5129 Cor.
1121 5088 1221 5129 vn.
1255 5074 1309 5127 6.
1424 5074 1467 5110 οι
1499 5073 1645 5141 Gen,
1674 5090 1728 5139 ν,
1761 5071 1851 5130 24.

373 5148 430 5200 et
458 5159 579 5217 seq.
677 5145 722 5181 “
751 5145 894 5201 Gen.
925 5160 1091 5212 xvm,
1126 5146 1212 5200 10.
1290 5145 1334 5180 ⁸⁸
1364 5144 1550 5201 Galat.
1584 5161 1671 5213 ιιι,
1707 5147 1792 5200 16.

375 5287 560 5427 θήςέξ)
622 5286 1026 5364 Εὐφραινέσθω.
1097 5288 1161 5343 In
1228 5287 1380 5345 Isaia
1446 5287 1713 5361 legitur,
1778 5286 2028 5367 Εὐφραν-

446 5431 560 5573 (33;
588 5435 675 5500 Ῥη
688 5429 847 5500 ξάτω.
880 5430 1089 5487 Billius
1120 5447 1133 5486 :
1167 5452 1197 5480 «
1230 5431 1548 5487 eﬁ'undant.
1585 5452 1616 5481 ν)

446 5502 533 5572 (34
586 5500 1021 5573 Ἀνεκλήθημεν.
1085 5524 1114 5552 ‹‹
1146 5503 1415 5561 Revocati
1466 5520 1616 5559 sumi

444 5500 554 5583 (34)
586 5500 1021 5575 Ἀνεκλήθημεν.
1085 5524 1114 5552 ‹‹
1146 5503 1415 5561 Revocati
1466 5520 1693 5559 sumus.
1731 5526 1758 5554 ››
1793 5508 1839 5558 Α
1863 5504 2029 5561 Billio

377 5588 683 5630 Ol'UlSSllm.

448 5645 559 5787 (35)
589 5648 787 5701 Γενῶν.
819 5645 932 5701 Alii
965 5662 978 5702 :
1014 5643 1206 5703 ιθνῶν.

471 5716 561 5787 36)
603 5720 799 5787 ἱερεῖον
835 5715 1004 5786 ξένον,
1059 5722 1170 5774 ste.

603 5720 799 5791 ἱερεῖον
835 5715 1004 5786 ξένον,
1059 5722 1170 5774 ste.
1229 5738 1259 5767 «
1316 5716 1585 5773 Alienam
1643 5717 1966 5789 victimam,
1998 5738 2028 5767 »

2050 5006 2093 5039 ³⁷
2124 5003 2275 5060 Psal.
2310 5016 2417 5065 ενι,
2451 5000 2534 5053 16.

1966 5078 2009 5111 ⁹²
2040 5076 2114 5133 IV
2142 5076 2280 5147 Reg.
2314 5090 2376 5140 ιι,
2409 5072 2495 5126 11.

2138 4699 2315 4756 minis
2347 4694 2621 4767 promissi
2641 4696 2706 4764 π,
2730 4700 2906 4766 atque
2940 4694 3309 4763 unigenitum
3343 4696 3595 4763 offerret,
3618 4698 3791 4753 sacri-

2136 4790 2332 4844 ﬁcium
2366 4788 2700 4858 promptum
2734 4788 2789 4839 et
2819 4784 3029 4849 alacre,
3080 4784 3445 4854 alienamque
3492 4786 3787 4841 victimam

3560 4928 3605 4961 “
3635 4927 3786 4983 Psal.

3253 4998 3299 5032 ⁸9
3330 4998 3475 5052 Psal.
3510 5014 3700 5067 cxxm,
3732 5000 3785 5054 7.

3358 5069 3402 5103 ⁰⁴
3451 5070 3592 5125 Gen.
3624 5086 3727 5143 xu,
3758 5072 3780 5126 4

2418 4928 2463 4961 ⁸2
2494 4927 2605 4982 Isa.
2637 4943 2802 4990 xxxv,
2844 4934 2886 4979 ι.
2964 4927 3007 4959 ⁸³
3038 4925 3187 4979 Psal.
3231 4943 3327 4991 cu,
3370 4926 3455 4981 13.

2451 5000 2534 5052 16.
2677 4998 2719 5032 ⁸³
2756 4997 2901 5052 Psal.
2931 5014 3015 5051 cv.
3050 4998 3140 5051 43.
3253 4998 3299 5032 ⁸9
3330 4998 3455 5052 Psal

2610 5070 2656 5105 ⁵³
2686 5069 2830 5124 Gen.
2874 5084 2974 5135 v11,
3023 5070 3047 5121 1
3085 5084 3216 5139 sqq.

2138 5292 2198 5346 in
2232 5286 2669 5370 comparatione
2691 5284 2853 5370 ﬁlii,«
2871 5283 3368 5370 inexspectatam‘é
3400 5306 3427 5333 »
3451 5284 3613 5340 nulla
3635 5286 3788 5370 enim

2143 5365 2267 5418 erat
2299 5356 2568 5416 usitatior
2612 5356 2845 5411 victima
2892 5372 3068 5427 quam
3120 5356 3289 5411 aries.
3320 5356 3445 5411 Non
3477 5373 3613 5429 ergo
3645 5358 3791 5413 bene

2142 5432 2272 5489 Bill.
2314 5453 2336 5481 (ι
2370 5430 2733 5486 inusitatam.
2773 5450 2803 5477 ››

2214 5475 2930 5571 ’λινιτίῗᾸῙᾶῙΗοιινἾ
2963 5498 3092 5555 Par.
3114 5496 3203 5550 καὶ
3264 5495 3397 5553 ἀντί.
3457 5498 3569 5555 Sed
3626 5499 3792 5556 abest

2138 5576 2228 5628 καί
2260 5576 2331 5630 ab
2363 5573 2638 5628 omnibus
2670 5572 2836 5626 codd.

2140 5647 2324 5774 Β,(38)
2372 5640 2702 5719 Παράδοξθς.
2775 5666 2803 5692 ‹‹
2855 5641 3209 5713 Stupendus,
3260 5658 3450 5699 novus
3496 5659 3562 5699 ac
3610 5642 3788 5700 mira-

2182 5735 2198 5773 1
2229 5735 2299 5774 is.
2336 5737 2363 5767 ››
