4148 6290
342 377 458 434 547

1582 369 1647 427 S.
1696 365 2068 428 GREGORII
2110 364 2505 425 THEOLOGI

3627 365 3748 423 548

343 505 447 560 ﬁlii
479 504 603 559 loco
634 499 923 569 accipiens
971 498 1013 532 97
1048 513 1062 552 :
1096 494 1385 551 mirabilis
1442 495 1759 567 impiorum
1817 498 1995 552 inter-

2122 493 2236 569 πυρὶ
2284 492 2375 547 καὶ
2422 494 2551 566 θείῳ
2593 496 2707 565 (39)
2764 491 3235 549 κατακλυσθὲντων
3298 494 3409 566 (40)
3449 539 3462 560 ,
3524 488 3759 547 εὐσεϐῶν

343 595 483 665 itus,
535 592 635 646 84
706 590 837 660 igne
887 591 943 641 et
989 584 1272 653 sulphure
1337 585 1701 654 obrutorum,
1754 585 1995 641 mirabi-

345 683 461 738 lius
490 681 663 735 etiam
696 677 926 747 piorum
970 675 1209 737 furtum,
1243 677 1299 727 et
1330 672 1469 728 salis
1526 673 1819 744 columna,
1857 691 1992 729 con-

344 770 666 825 versionem
701 765 771 821 ad
812 764 1021 818 vitium
1078 763 1413 828 traducens,
1472 762 1541 818 de
1599 780 1781 833 eaque
1838 763 1996 819 velut

343 856 713 928 triumphum
746 869 924 925 agens
958 868 970 907 :
998 851 1218 922 Joseph
1247 851 1411 918 item,
1446 852 1585 905 dum
1625 853 1991 921 venderetur,

344 952 399 1001 et
430 948 743 1009 amaretur,
774 945 831 997 et
870 939 1211 1012 pudicitiam
1264 938 1500 1006 coleret,
1534 940 1938 1012 sapientiaque
1961 956 1995 994 a

348 1036 462 1091 Deo
495 1035 832 1097 donaretur,
867 1035 924 1086 et
953 1029 1317 1095 liberaretur,
1348 1034 1404 1083 et
1424 1029 1741 1100 potentiam
1774 1029 1997 1083 obtine-

345 1128 430 1180 ret
458 1125 521 1192 93,
557 1120 915 1192 majorisque
945 1117 1402 1189 dispensationis
1445 1134 1642 1181 causa.
1680 1117 1994 1188 dispensa—

345 1214 488 1269 toris
517 1227 755 1266 munere
786 1210 1123 1279 fungeretur
1152 1208 1196 1240 99
1230 1224 1241 1262 :
1276 1210 1482 1273 Moses,
1535 1209 1675 1262 dum
1724 1207 1824 1261 Dei
1857 1223 1994 1261 eon-

346 1306 547 1372 spectu
579 1300 793 1372 dignus
822 1298 1138 1352 haberetur
1170 1299 1209 1364 ί,
1266 1295 1542 1366 legesque
1599 1295 1908 1367 acciperet,
1940 1299 1997 1350 et

344 1392 518 1447 ferret
548 1391 590 1459 2,
623 1394 679 1444 et
711 1385 1031 1442 Pharaonis
1060 1386 1215 1441 Deus
1242 1386 1586 1454 efﬁceretur,
1629 1388 1685 1439 et
1716 1384 1996 1440 Israelitis

343 1480 415 1534 ad
450 1476 862 1551 promissionis
890 1478 1107 1530 terram
1131 1474 1247 1528 dux
1272 1477 1456 1528 esset:
1486 1490 1801 1529 numerosa
1827 1474 1995 1545 {Egy-

346 1568 604 1638 ptiorum
634 1564 839 1637 ﬂagra,
870 1566 1042 1633 atque
1074 1578 1297 1628 eorum,
1317 1560 1416 1631 qui
1441 1559 1741 1616 laboribus
1770 1577 1994 1632 preme-

345 1656 582 1724 bantur,
615 1654 767 1708 inter
799 1651 1023 1706 medios
1055 1651 1330 1722 [Egyptos
1380 1650 1738 1704 conservatio
1771 1651 1813 1702 ³.
1840 1650 1995 1704 Mare

2106 582 2287 651 κλοπὴ
2321 584 2434 655 (41)
2478 580 2899 659 παραδοξοτέρα,
2951 580 3127 653 στήλη
3180 580 3314 644 ἁλὸς
3363 583 3461 650 τὴν
3512 583 3648 657 πρὸς
3696 584 3758 637 τὸ

2103 673 2263 727 κακὸν
2343 672 2672 749 ἐπιστροφὴν
2747 666 3168 747 θριαμϐεύουσα·
3251 673 3449 748 Ἰωσήφ
3523 692 3582 725 τε
3638 693 3698 725 πι
3736 704 3758 715 -

2102 761 2500 836 πρασκόμενος,
2532 761 2622 815 καὶ
2671 761 2964 836 ἐρώμενος,
3013 761 3102 815 καὶ
3135 764 3452 838 σωφρονῶν,
3489 761 3578 815 καὶ
3613 760 3756 836 παρὰ

2103 856 2235 905 Θεοῦ
2286 850 2641 928 σοφιζόμενος
2674 895 2687 919 ,
2744 851 2833 904 καὶ
2893 848 3340 925 ἐλευθερούμενος
3387 896 3399 921 ,
3460 852 3548 904 καὶ
3605 847 3756 905 δυνα-

2104 939 2323 1007 στεύων,
2384 939 2473 993 καὶ
2526 937 2820 993 σιτοδοτῶν
2883 942 2995 1012 (42)
3054 939 3135 993 ἐπ’
3187 939 3477 1012 οἰκονομίᾳ
3531 939 3753 1012 μείζονι.

2103 1035 2339 1098 Μωϋσῆς
2390 1030 2699 1105 θεοφανείας
2749 1028 3097 1100 ἀξιούμενος,
3152 1028 3240 1082 καὶ
3289 1028 3757 1102 νομοθετούμενος

2103 1117 2190 1171 καὶ
2222 1118 2552 1189 νομοθετῶν,
2584 1117 2672 1171 καὶ
2713 1119 2841 1179 Θεὸς
2874 1117 3077 1192 Φαραὼ
3126 1116 3438 1192 γινόμενος,
3486 1117 3575 1172 καὶ
3623 1119 3761 1194 πρὸς

2101 1208 2200 1275 τὴν
2257 1214 2360 1281 γῆν
2420 1213 2520 1275 τῆς
2570 1205 2894 1283 ἐπαγγελίας
2948 1212 3027 1279 τῷ
3087 1205 3306 1281 Ἰσραὴλ
3362 1206 3755 1282 ἐξηγούμενος·

2106 1295 2420 1370 Αἰγυπτίων
2464 1316 2523 1349 τε
2567 1294 2964 1371 ἀριθμούμεναι
3016 1295 3267 1372 μάστιγες
3317 1298 3469 1368 (43),
3516 1296 3606 1351 καὶ
3654 1318 3759 1351 σω-

2103 1384 2269 1458 τηρία
2309 1389 2415 1438 τῶν
2470 1382 2817 1456 πονουμένων
2872 1384 2921 1439 ἐν
2977 1385 3161 1457 μέσοις
3218 1390 3332 1447 τοῖς
3392 1385 3711 1461 Αἰγυπτίοις
3746 1403 3759 1416 ·

2105 1472 2346 1528 θάλασσά
2400 1494 2458 1527 τε
2517 1474 2884 1549 ὑποχωροῢσα
2936 1470 3122 1551 ῥάϐδῳ
3182 1476 3317 1547 (44),
3369 1476 3458 1529 καὶ
3514 1480 3765 1529 συνιοῦσα

2107 1560 2282 1637 λόγῳ,
2314 1562 2403 1616 καὶ
2434 1561 2559 1624 τοὺς
2608 1563 2700 1634 μὲν
2752 1564 2825 1625 ὡς
2878 1564 3013 1637 ξηρά
3058 1564 3517 1639 παραπέμπουσα,
3548 1564 3673 1627 τοὺς
3705 1563 3767 1619 δὲ

2107 1652 2218 1724 (45)
2250 1651 2383 1705 κατὰ
2412 1651 2510 1719 τὴν
2545 1650 2699 1729 φύσιν
2736 1653 2929 1722 ἑαυτῆς
2962 1651 3303 1729 ἐπιρῥὲουσα.

341 1744 503 1811 item,
535 1747 662 1797 tum
691 1741 762 1795 ad
792 1738 971 1812 virgae
1000 1739 1183 1794 ictum
1215 1738 1580 1805 cedens,tum
1613 1739 1684 1793 ad
1718 1754 2050 1794 sermonem
2083 1758 2320 1796 rursum
2352 1742 2547 1797 colens
2582 1785 2594 1810 ,
2629 1747 2802 1813 atque
2831 1742 2965 1799 illos
2999 1747 3162 1798 terrae
3194 1743 3254 1798 in
3289 1744 3527 1799 modum
3558 1749 3763 1802 trans-

346 1832 607 1902 mittens,
638 1830 744 1887 hos
775 1834 993 1898 autem,
1028 1833 1092 1882 ut
1120 1827 1309 1899 ipsius
1341 1832 1550 1883 natura
1579 1828 1819 1891 ferebat,
1855 1828 2152 1885 inundans
2175 1847 2325 1901 aque
2357 1831 2631 1885 obruens.
2667 1830 2708 1884 ‘.

423 1921 558 1978 XIX.
585 1919 835 1989 Aliaque
874 1916 1074 1973 omnia
1111 1934 1237 1989 qua:
1286 1916 1406 1971 haec
1455 1920 1654 1972 secuta
1706 1920 1880 1983 sunt;
1916 1916 2002 1971 ni-
2032 1920 2080 1985 B

352 2011 571 2068 mirum
616 2008 788 2064 nubis
819 2005 1093 2062 columna
1122 2005 1373 2061 interdiu
1408 2006 1789 2076 obumbrans,
1841 2006 1997 2077 ignis

347 2101 622 2158 columna
651 2102 825 2154 noctu
852 2096 1223 2168 splendorem
1273 2096 1540 2162 efferens,
1592 2100 1766 2167 atque
1813 2097 1995 2151 ambae

347 2190 458 2245 iter
488 2189 1003 2262 praemonstrantes
1033 2185 1053 2218 ⁵
1086 2201 1098 2239 :
1135 2185 1304 2255 panis
1334 2185 1394 2238 in
1416 2185 1642 2241 deserto
1663 2184 1869 2256 pluviae
1903 2186 1997 2241 in-

347 2284 470 2335 star
492 2278 682 2344 fusus,
715 2275 1027 2331 obsonium
1052 2291 1082 2328 e
1112 2274 1254 2329 coelo
1284 2273 1532 2328 missum
1566 2292 1579 2341 ;
1614 2274 1711 2330 ille
1742 2274 1995 2329 necessi-

346 2367 453 2423 tati
509 2365 992 2438 correspondens,
1074 2363 1252 2418 etiam
1330 2380 1509 2434 supra
1586 2364 1995 2419 necessitatem

343 2457 713 2529 impertitum
740 2455 762 2490 ⁸
796 2472 809 2510 :
844 2470 997 2525 aqua
1025 2469 1055 2506 e
1081 2457 1262 2523 petra,
1296 2452 1509 2523 partim
1541 2469 1995 2525 emanans,par-

344 2546 454 2601 tim
486 2543 794 2600 edulcata"
828 2560 840 2597 :
874 2540 1107 2596 Amalec
1139 2558 1240 2611 per
1279 2542 1602 2595 orationem
1634 2546 1806 2612 atque
1834 2558 1994 2596 arca-

350 2648 490 2689 nam
520 2636 576 2687 et
601 2632 909 2703 mysticam
945 2646 1227 2683 manuum
1280 2630 1529 2701 ﬁguram
1558 2629 1743 2685 victus
1779 2635 1835 2685 et
1867 2647 1997 2701 pro-

351 2722 588 2794 ﬂigatus
619 2721 659 2775 ⁸.
694 2718 787 2773 Sol
819 2725 1001 2786 stans,
1034 2722 1091 2772 et
1144 2717 1288 2773 luna
1338 2722 1563 2773 retenta
1593 2721 1612 2752 9
1642 2722 1697 2773 et
1726 2720 1998 2775 Jordanis

351 2828 529 2869 cursu
587 2809 898 2865 intercisus
958 2808 1039 2874 1°;
1081 2807 1234 2861 muri
1294 2808 1667 2862 sacerdotum
1727 2807 1995 2875 circuitu,

354 2918 419 2958 ac
439 2900 746 2955 turbarum
778 2897 1067 2968 clangore,
1100 2895 1447 2966 numerique
1478 2896 1698 2951 viribus
1731 2896 2000 2952 concussi

351 2995 528 3061 atque
560 2986 822 3044 subversi
858 2988 922 3039 “.
957 2973 1137 3040 Terra
1182 2988 1239 3039 et
1275 2984 1481 3054 vellus,
1533 2984 1792 3039 vicissim
1843 3000 2000 3041 com-

350 3079 596 3152 pluta,et
620 3076 772 3132 sicca
793 3074 1156 3131 remanentia
1186 3075 1227 3107 ¹²
1262 3091 1274 3128 :
1310 3074 1367 3127 in
1390 3072 1653 3129 crinibus
1695 3073 1875 3129 situm
1908 3090 1997 3127 ro-

353 3170 483 3237 bur,
515 3168 741 3238 integro
771 3163 1048 3220 exercitui
1080 3180 1185 3235 par
1217 3166 1259 3207 ‘3
1294 3180 1305 3217 :
1344 3162 1512 3234 pauci
1542 3161 1752 3217 delecti
1783 3160 2001 3217 milites

353 3256 697 3323 lambentes,
735 3253 834 3325 qui
864 3253 1111 3308 victores
1143 3252 1263 3307 fore
1321 3252 1657 3322 creduntur,
1719 3267 1784 3306 ac
1832 3252 2002 3321 juxta

356 3359 520 3415 spem
550 3343 620 3397 de
653 3356 714 3397 se
745 3346 1082 3412 conceptam
1114 3341 1375 3408 vincunt,
1436 3340 1703 3411 exiguus,
1738 3341 2005 3411 inquam,

360 3446 643 3486 numerus
675 3429 860 3485 multa
890 3430 1198 3484 hominum
1221 3428 1407 3483 millia
1438 3429 1653 3491 “.Quid
1689 3434 1883 3484 autem
1918 3446 2010 3483 me

355 3519 556 3577 omnia
585 3518 889 3591 sigillatim
934 3534 1275 3573 enumerare
1302 3533 1537 3573 necesse
1588 3523 1698 3585 est,
1751 3535 1875 3589 quae
1910 3535 2012 3590 per

355 3610 651 3665 Christum
676 3610 896 3679 ipsum,
929 3606 1238 3662 salutiferae
1292 3607 1615 3677 praesentiae
1670 3624 1787 3661 suae
1839 3612 2012 3678 atque

355 3699 777 3757 incarnationis
803 3704 1067 3768 tempore
1095 3714 1107 3764 ;
1136 3714 1259 3767 qua:
1286 3697 1462 3751 etiam
1480 3700 1612 3768 post
1634 3696 1801 3750 illum
1825 3714 1889 3751 ac
1912 3714 2013 3768 per

2184 1919 2273 1980 10'.
2308 1914 2495 1973 Τᾶλλα
2521 1938 2600 1988 τε,
2635 1916 2733 1972 ὅσα
2763 1920 2878 1991 (46)
2910 1919 3123 1981 τούτοις
3157 1919 3594 1991 ἐπηκολούθησε,
3637 1920 3762 1975 στύ-

2108 2005 2204 2068 λος
2236 2004 2468 2083 νειρὲλης
2500 2005 2825 2074 ἐπισκιάζων
2860 2008 3097 2082 ἡμερας,
3144 2007 3340 2071 στύλος
3388 2009 3558 2085 πυρὸς
3603 2010 3767 2086 φωτί-

2109 2100 2211 2164 ζων
2244 2095 2458 2165 νυκτὸς,
2513 2098 2605 2149 καὶ
2654 2093 2982 2171 ὁδηγοῦντες
3034 2096 3354 2173 ἀμφότεροι·
3390 2097 3552 2173 ἄρτος
3598 2098 3765 2170 ὑόμε-

2104 2206 2197 2246 νος
2246 2184 2297 2238 ὲν
2350 2184 2566 2259 ἐρήμῳ,
2616 2178 2751 2257 ὄψον
2796 2184 2847 2254 ἐξ
2898 2184 3128 2260 ούρανοῦ
3182 2185 3559 2260 πεμπόμενον·
3603 2189 3629 2241 ὁ
3667 2188 3761 2261 μὲν

2103 2276 2171 2345 τῇ
2219 2273 2377 2347 χρείᾳ
2428 2272 2777 2348 σύμμετρος,
2824 2273 2886 2327 τὸ
2948 2272 3005 2327 δὲ
3059 2274 3149 2328 καὶ
3202 2274 3334 2351 ὑπὲρ
3396 2277 3493 2343 τὴν
3553 2276 3762 2350 χρείαν-

2107 2358 2252 2436 ὕδωρ
2286 2361 2345 2415 ἐκ
2372 2361 2591 2436 πέτρας,
2625 2363 2686 2415 τὸ
2740 2363 2832 2433 μὲν
2879 2358 3251 2434 ἐκδιδόμενον,
3283 2364 3346 2417 τὸ
3396 2360 3451 2418 δὲ
3480 2363 3765 2439 γλυκαινό-

2111 2469 2289 2522 μενον·
2322 2450 2579 2521 Ἀμαλὴκ
2627 2449 2764 2524 εὐχῇ
2814 2449 3392 2524 καταπολεμούμενος,
3425 2453 3513 2506 καὶ
3558 2459 3761 2529 χειρῶν

2110 2538 2405 2614 ἀπορρήτῳ
2450 2538 2538 2592 καὶ
2592 2543 2835 2611 μυστικῷ
2882 2541 3127 2614 σχήματι
3179 2542 3309 2613 (47)’
3360 2538 3521 2609 ἥλιός
3560 2563 3616 2596 τε
3645 2542 3760 2615 (48)

2108 2628 2415 2699 ἱστάμενος,
2476 2627 2563 2681 καὶ
2622 2625 2824 2698 σελήνη
2891 2629 3273 2703 κατεχομένη,
3333 2629 3421 2684 καὶ
3482 2628 3761 2706 Ἰορδάνης

2110 2716 2566 2788 ἀνακοπτόμενος·
2618 2716 2778 2792 τείχη
2829 2717 3215 2790 κατασεινίμενα
3265 2719 3447 2792 ἱερέων
3490 2718 3756 2795 περιόδῳ,

2108 2804 2196 2859 καὶ
2229 2804 2549 2880 σαλπίγγων
2581 2802 2729 2880 ἤχῳ,
2763 2807 2852 2859 καὶ
2882 2806 3100 2881 ἀριθμῷ
3130 2804 3353 2880 δύναμιν
3403 2805 3583 2881 ἔχοντι
3617 2808 3754 2881 (119)-

2107 2902 2175 2969 γῆ
2208 2894 2297 2948 καὶ
2332 2893 2525 2963 πόκος,
2560 2892 2789 2964 ἐναλλὰξ
2842 2894 3042 2968 ὑόμενά
3086 2917 3145 2949 τε
3192 2894 3280 2950 καὶ
3324 2890 3534 2971 ἄϐροχα
3565 2892 3755 2968 διαμέ-

2109 3002 2289 3037 νοντα·
2326 2980 2551 3055 δύναμις
2602 2982 2652 3037 ἐν
2707 2983 2867 3059 θριξὶ,
2926 2990 3175 3059 στρατιᾶς
3227 2982 3366 3053 ὅλης
3414 2983 3758 3059 ἀντίρῥοπος·

2113 3069 2341 3147 λογάδες
2398 3071 2580 3146 ὀλίγοι
2631 3069 2926 3133 λάπτοντες
2959 3117 2975 3143 ,
3026 3072 3114 3126 καὶ
3160 3078 3308 3143 νικᾷν
3361 3073 3763 3145 πιστευόμενοι,

2113 3159 2202 3215 καί
2235 3165 2513 3231 νικῶντες,
2545 3161 2680 3215 κατὰ
2699 3162 2794 3223 τὰς
2820 3158 3070 3230 ἐλπίδας,
3105 3162 3131 3216 ὁ
3159 3161 3367 3237 βραχὺς
3401 3163 3629 3236 ἀριθμὸς

2117 3251 2211 3312 τὰς
2246 3248 2501 3312 πλείονας
2533 3247 2812 3326 χιλιάδας.
2846 3249 2905 3303 Τί
2941 3271 3006 3323 με
3036 3247 3119 3304 δεῖ
3150 3252 3496 3326 καταριθμεῖν
3548 3248 3764 3322 ἕκαστα,

2119 3340 2218 3394 ὅσα
2247 3336 2315 3393 δι’
2346 3338 2508 3393 αὐτοῦ
2540 3341 2773 3414 Χριστοῦ
2820 3340 2931 3411 (51)
2980 3339 3115 3392 κατὰ
3160 3340 3258 3407 τήν
3300 3342 3569 3413 σωτήριον
3604 3339 3767 3393 αὐτοῦ

2118 3427 2411 3502 παρουσίαν
2460 3427 2549 3481 καὶ
2607 3427 2912 3501 σάρκωσιν,
2971 3425 3069 3481 ὅσα
3129 3428 3243 3498 μετ’
3304 3426 3505 3482 ἐκεῖνόν
3563 3450 3620 3482 τε
3675 3429 3764 3482 καὶ

2120 3515 2188 3570 δι’
2219 3516 2418 3571 ἐκείνου
2447 3521 2563 3577 τοῖς
2614 3516 2775 3589 ίεροῖς
2825 3514 3154 3578 ἀποστόλοις
3204 3515 3388 3588 αὐτοῦ,
3422 3517 3510 3570 καὶ
3561 3516 3761 3589 ὑπηρὲ-

2119 3626 2234 3666 ταις
2284 3610 2381 3659 τοῦ
2435 3602 2605 3678 λόγου
2652 3604 3194 3680 τεθαυματούργηται
3229 3624 3241 3673 ;
3278 3605 3443 3659 Πόσαι
3473 3610 3639 3659 ταῦτα
3676 3607 3764 3660 καὶ

2126 3689 2309 3768 βίϐλοι
2342 3694 2428 3748 οιαὶ
2463 3696 2674 3766 μνῆμαι
2704 3694 2924 3770 φέρουσι
2959 3713 2971 3762 ;

355 3791 525 3846 illum
549 3807 582 3845 a
612 3787 1001 3845 sacrosanctis
1036 3788 1222 3859 ipsius
1250 3786 1544 3859 Apostolis
1571 3786 1847 3857 verbique
1879 3785 2165 3841 ministris
2192 3784 2435 3840 mirifice
2465 3789 2632 3857 gesta
2661 3784 2844 3841 sunt?
2873 3787 3022 3851 Quot
3069 3802 3137 3841 ea
3184 3784 3319 3841 libri
3363 3791 3420 3841 et
3469 3785 3765 3841 memoriae

354 3879 823 3937 circumferunt?

424 3968 532 4025 ΧΧ.
564 3971 655 4033 At,
690 3984 815 4039 quae
858 3984 1014 4021 nunc
1068 3966 1425 4033 acciderunt,
1468 3967 1666 4031 venite,
1718 3965 1923 4035 audite,
1956 3969 2007 4018 et

353 4058 616 4124 narrabo,
641 4072 828 4111 omnes
859 4057 952 4125 qui
981 4056 1190 4109 timetis
1222 4056 1391 4109 Deum
1425 4054 1486 4108 ιδ.
1522 4059 1585 4108 ut
1645 4052 1850 4107 divinae
1900 4070 2005 4123 po-

428 4200 470 4234 ⁹⁷
502 4199 644 4254 Gen.
667 4217 803 4264 xxn,
841 4199 1019 4253 10-13.
1099 4200 1139 4232 98
1172 4199 1313 4253 Gen.
1348 4215 1463 4265 xix,
1495 4199 1586 4262 24,
1621 4198 1710 4250 26.
1790 4199 1832 4231 99
1862 4198 2003 4253 Gen.

428 4271 588 4322 Exod.
620 4288 713 4322 xx.
745 4272 779 4322 2
811 4286 969 4322 seen.
1084 4272 1103 4302 ³
1136 4270 1312 4322 Exod.
1350 4286 1447 4322 vn.
1484 4270 1507 4321 1
1544 4275 1599 4322 et
1632 4285 1795 4322 seua.
1927 4270 1948 4301 δ
1976 4273 2003 4321 Ε

2122 4214 2250 4263 xvn,
2306 4197 2376 4250 28
2404 4214 2416 4264 ;
2450 4214 2638 4252 xxx1x.
2697 4197 2766 4264 8;
2800 4214 2915 4267 XLI,
2969 4198 3029 4251 41
3087 4214 3219 4268 sqq.

2122 4272 2149 4321 l.
2184 4284 2300 4322 xw.
2333 4268 2422 4322 21.
2454 4268 2541 4322 27.
2655 4272 2676 4303 δ
2707 4269 2887 4322 Exod.
2922 4286 3044 4322 xm.
3105 4270 3195 4322 21.

2019 4285 2149 4323 xoo.
2184 4285 2300 4337 xw,
2334 4285 2422 4322 21.
2454 4285 2541 4322 21.

358 4273 379 4305 ³
408 4271 588 4325 Exod.
620 4288 713 4336 xx,
745 4272 779 4323 2
811 4286 969 4339 seqq.
1084 4272 1103 4302 ³
1136 4270 1312 4323 Exod.
1350 4286 1448 4329 vn,
1484 4270 1507 4321 1
1544 4275 1599 4322 et
1632 4285 1795 4339 seqq.

357 4343 375 4375 ⁷
406 4342 584 4397 Exod.
621 4358 757 4407 xvu,
784 4343 855 4406 6;
885 4358 978 4404 xv,
1010 4342 1097 4394 25.
1174 4342 1193 4373 ⁸
1231 4341 1402 4393 Exod.
1436 4357 1575 4407 xvn,
1609 4340 1693 4393 11.

357 4414 447 4468 37.
529 4412 574 4448 ¹⁸
603 4412 742 4467 Jud.
776 4429 891 4479 xv1,
922 4413 1007 4464 17.

426 4555 541 4627 (39)
573 4552 710 4627 Πυρὶ
741 4550 828 4605 καὶ
861 4551 1068 4627 θείῳ-οι
1106 4553 1241 4623 Igne
1275 4557 1329 4607 et
1358 4552 1659 4627 sulphure.
1701 4573 1729 4627 ξ)
1764 4553 2005 4627 Billius:
2039 4557 2086 4620 D

362 4650 382 4676 α
418 4624 740 4697 sulphureo
772 4627 990 4697 igne.»
1023 4624 1235 4678 Verum
1296 4641 1427 4697 cum
1475 4625 1790 4697 Gregorius
1848 4625 2004 4680 Scri-

359 4696 541 4770 pturaé
573 4698 749 4753 verba
780 4696 1048 4770 religiose
1085 4696 1417 4763 servaverit,
1474 4696 1613 4751 hac
1652 4696 1852 4751 itidem
1888 4713 2005 4751 ser-

354 4768 488 4826 vare
518 4768 1149 4839 debuisset-interpres.

427 4842 541 4914 (40)
591 4836 1091 4895 Κατακλυσθέντὶυν.
1156 4860 1183 4889 ‹‹
1246 4838 1421 4904 Quasi
1495 4838 1712 4894 diluvio
1763 4839 2002 4893 obruto-

359 4930 511 4968 rum.
545 4936 573 4964 »

426 4985 539 5055 (41)
569 4979 784 5051 Κλοπή.
818 4982 1045 5037 Clarius
1075 4981 1134 5035 in
1166 4981 1288 5055 Elia
1319 4980 1543 5055 Billius,
1570 5001 1597 5030 ‹‹
1631 4980 2001 5055 ειῴᾱιιοῐίοδξ

356 5051 531 5111 ιοῐὸὶ’
558 5071 766 5125 nempe
793 5071 857 5109 ae
888 5055 1015 5124 ejus
1049 5053 1409 5123 familiae,qui
1440 5069 1542 5123 per
1566 5051 1802 5123 angelos
1834 5052 2001 5123 quasi

361 5127 564 5182 furtim
597 5126 790 5182 educti
823 5130 979 5180 sunt.

452 5198 540 5270 42)
572 5196 674 5251 Καὶ
702 5192 1015 5251 σιτοδοτῶν.
1056 5218 1075 5245 ιι
1112 5196 1425 5250 Frumenta
1452 5209 1858 5264 annonamque
1887 5195 2004 5250 dis-

355 5269 658 5325 tribueret.
690 5290 719 5319 »

427 5341 543 5415 (43)
569 5336 989 5415 Ἀριθμούμεναι
1025 5338 1297 5411 μάστιγες.
1353 5360 1380 5385 ‹‹
1412 5334 1672 5415 gelebria
1720 5335 2005 5407 Egyptio-

356 5409 767 5485 rumiﬂagella.
805 5409 1263 5485 »Sicorat._ii1,
1316 5426 1371 5462 n.
1421 5409 1478 5485 6,
1538 5424 1706 5485 suam
1766 5425 2001 5485 parvam

355 5477 689 5555 Bethlehém
724 5483 967 5555 opponit
995 5486 1111 5541 ταῖς
1144 5477 1568 5555 ἀριθμουμέναις
1616 5482 1722 5530 τῶν
1767 5477 2003 5548 πόλεων,

354 5554 528 5611 claris
558 5554 826 5611 urbibus.
864 5577 890 5603 ››

427 5627 961 5699 ({14)'1‘7:70xmpoﬁqa
993 5618 1193 5697 ῥάϐδῳ.
1232 5646 1255 5673 ‹‹
1290 5622 1476 5691 Virga:
1519 5619 1745 5675 cedens.
1800 5643 1825 5671 ››
1880 5623 2000 5679 Non

352 5695 567 5769 legitur
593 5715 630 5755 a
657 5695 854 5769 Moyse
882 5695 1044 5768 virga
1074 5711 1233 5751 mare
1259 5708 1624 5766 percussum.

2187 3963 2262 4017 K'.
2292 3962 2374 4017 Τὰ
2422 3958 2478 4015 δὲ
2528 3958 2593 4030 δὴ
2646 3966 2733 4015 νῦν
2776 3963 2927 4034 (52),
2980 3959 3167 4031 δεῦτε,
3218 3961 3500 4029 ἀκούσατε,
3546 3962 3632 4016 καὶ
3683 3959 3765 4016 δι-

2124 4052 2398 4126 ηγήσομαι
2456 4052 2618 4124 (53),
2674 4052 2869 4112 πάντες
2941 4051 2991 4104 οἱ
3050 4045 3382 4127 φοϐούμενοι
3440 4052 3531 4105 τὸν
3585 4051 3707 4111 Θεὸν
3743 4096 3762 4123 ,

3329 4202 3344 4234 ¹
3380 4197 3554 4252 Exod.
3589 4214 3678 4267 ιιι,
3706 4200 3761 4252 2.

2655 4272 2676 4303 δ
2707 4269 2887 4335 Exod,
2922 4286 3044 4338 xm,
3105 4270 3195 4323 21.
3301 4270 3321 4302 ⁶
3353 4269 3492 4324 Gen.
3528 4287 3639 4323 xv1.
3678 4270 3763 4323 14.

1773 4343 1793 4411 εξ
1822 4340 2000 4395 Josue

2122 4340 2209 4395 12.
2268 4340 2449 4394 Josue
2501 4357 2584 4408 ιιι,
2640 4341 2725 4395 13.
2806 4340 2851 4375 ¹⁰
2901 4340 3079 4395 Josue
3128 4357 3206 4411 v1,
3255 4341 3309 4410 6,
3388 4342 3432 4376 ¹²
3487 4341 3624 4396 Jud.
3684 4358 3765 4409 v1,

1091 4411 1133 4445 1‘
1162 4411 1298 4465 Jud.
1333 4428 1426 4477 All,
1460 4412 1512 4463 5.
1594 4411 1634 4445 ¹⁸
1668 4410 1818 4466 Psal.
1844 4429 1967 4481 va,
2001 4411 2087 4467 16.

2188 4553 2301 4624 (45)
2328 4550 2471 4624 ΤουςΔ
2496 4548 2570 4607 δέ.
2608 4555 2741 4622 Reg.
2772 4555 2806 4609 b
2839 4558 2896 4609 et
2925 4557 3171 4609 Montac.
3203 4558 3318 4614 τοῖς
3351 4552 3425 4609 δέ.

2190 4620 2529 4697 (46)]’ἅλλα
2563 4645 2621 4678 τε
2672 4620 2789 4679 ὅσα.
2854 4624 3121 4697 Plerique
3182 4627 3348 4681 codd.
3407 4631 3463 4681 et
3520 4626 3660 4697 Reg.
3726 4627 3764 4695 l,

2113 4690 2294 4747 τᾶλλα
2324 4692 2371 4747 δ’
2401 4694 2517 4750 ὅσα.

2186 4768 2297 4838 (47)
2328 4766 2583 4840 Μυστικῷ
2616 4768 2721 4840 σχή
2736 4787 2883 4839 ματι.
2919 4767 3047 4823 Par.
3093 4772 3151 4823 et
3206 4769 3457 4825 Montac.
3521 4770 3575 4823 in
3611 4768 3766 4823 notis

2115 4838 2413 4921 deleruci's'
2432 4839 2604 4921 signo
2635 4838 3111 4921 interpretantur.

2116 4909 2298 5035 Ρ(48)
2342 4909 2541 4970 Ἥλιός
2608 4930 2686 4966 τε.
2738 4909 2831 4967 Sic
2887 4911 3092 4982 scripti
3150 4912 3304 4968 libri.
3367 4912 3538 4968 Deest
3590 4928 3648 4962 τε
3705 4910 3767 4965 in

2161 4997 2244 5035 ar.

2161 4997 2244 5035 8P.

2326 5050 2575 5126 ’ᾼριθμῷ
2620 5048 2845 5124 δύναμιν
2892 5049 3101 5126 ἔχοντι.
3161 5053 3441 5126 Combef._
3480 5075 3509 5104 «
3570 5054 3769 5125 Septe-

2116 5123 2277 5197 nario
2309 5123 2589 5197 nimirum
2623 5141 2687 5180 ac
2729 5123 2983 5197 mysticis
3032 5124 3504 5197 signiﬁcationis,
3555 5142 3623 5181 ex
3649 5123 3773 5196 qua

2113 5194 2197 5249 illi
2228 5194 2314 5250 vis
2346 5194 2556 5250 inerat.
2597 5219 2618 5245 ι

2115 5267 2296 5390 01565:»
2324 5266 2380 5318 Ὁ
2434 5264 2645 5342 βραχὺς
2676 5265 2925 5341 ἀριθμός.
2969 5267 3136 5323 Colh.
3200 5270 3259 5341 k,
3295 5265 3356 5321 ού
3414 5263 3587 5328 πολὺς
3649 5264 3768 5341 ἀρι-

2152 5357 2272 5403 μος.

2345 5409 2422 5461 Δι’
2480 5407 2643 5462 αὐτοῦ
2701 5412 2962 5484 Χριστοῦ.
3024 5410 3274 5466 Montac.
3336 5406 3424 5463 διὰ
3477 5412 3575 5464 τοῦ
3642 5410 3771 5483 Χρι-

2116 5499 2242 5532 στου
2258 5522 2267 5533 .

2184 5553 2294 5622 (52)
2326 5551 2399 5603 Τὰ
2431 5547 2487 5604 δὲ
2519 5547 2606 5619 δή.
2642 5554 2814 5623 Regg.
2846 5570 2899 5623 τι,
2934 5554 2992 5619 d,
3024 5556 3199 5606 Ταῦτα
3230 5552 3288 5606 δὲ
3318 5549 3404 5619 δή.

2182 5625 2294 5693 (53)
2326 5625 2688 5697 ᾼιηγήσομαι.
2725 5625 2962 5678 Addunt
2992 5625 3131 5697 editi
3177 5624 3561 5696 omnes,6piv.
3595 5624 3764 5679 Deest

2112 5698 2310 5749 tamen
2339 5695 2399 5749 in
2431 5695 2706 5750 Omnibus
2737 5711 2884 5766 pene
2914 5695 3235 5753 codicibus.
