4148 6290
382 327 498 385 549

1369 324 1664 386 ORATIO
1708 325 1918 388 lV.—
1948 325 2261 386 CONTRA
2306 323 2714 385 JULIANUM
2755 325 2805 384 Ι.

3671 324 3790 384 550

377 456 526 516 ὃπως
603 453 661 508 ἂν
736 458 850 529 γνῷ
903 452 1061 529 γενεὰ
1118 453 1292 530 ἑτέρα,
1360 453 1449 508 καὶ
1508 452 1764 529 διαδοχαὶ
1817 458 2029 531 γενεῶν,

2161 456 2339 511 :entiaa
2372 454 2657 511 miracula
2686 458 3000 527 cognoscat
3051 456 3344 528 generatio
3397 456 3581 513 altera
3638 457 3701 526 ιδ,
3734 461 3792 513 et

373 551 472 612 τῆς
504 546 601 597 106
657 547 791 597 Θεοῦ
854 540 1159 605 δυναστείας
1210 543 1276 597 τὰ
1324 543 1591 615 θαύματα.
1641 543 1791 597 Ἐπεὶ
1844 541 1901 597 δὲ
1931 542 2037 620 οὐχ

382 632 491 686 οἶόν
529 652 588 686 τε
633 629 801 686 ταῦτα
852 629 1126 704 δηλῶσαι,
1182 632 1256 705 μὴ
1286 633 1348 686 τὸ
1405 637 1499 686 106
1557 632 1808 687 κινδύνου
1863 654 2038 708 παρα-

381 724 672 791 στήσαντας
726 720 946 796 μέγεθος
973 737 985 752 ·
1038 725 1199 775 τοῦτο
1252 718 1309 775 δὲ
1349 720 1456 797 οὐχ
1486 721 1599 775 οἷόν
1628 742 1706 791 τε,
1745 722 1818 794 μὴ
1846 722 1909 776 τὸ
1938 725 2037 777 τοῦ

382 811 586 886 τρόπου
652 809 915 877 κακόηθες
987 807 1374 885 διελέγξαντας,
1433 810 1522 864 καὶ
1573 810 1624 881 ἐξ
1673 808 1801 865 ο⁹ίων
1852 811 2035 885 ἀρχῶν

383 900 471 954 καὶ
523 904 622 966 τῆς
679 896 867 959 κακίας
938 897 1258 973 σπερμάτων
1320 898 1407 952 ἐπὶ
1460 900 1558 968 τὴν
1613 896 2036 971 κακοδαιμονίαν

385 988 650 1055 τοσαύτην
684 984 913 1056 ἐξέπεσε,
945 987 1080 1041 κατᾶ
1112 986 1301 1060 μικρὸν
1336 989 1447 1060 (54)
1475 989 1574 1056 τήν
1622 983 1864 1043 ἀσέϐειαν
1916 1009 2037 1041 συν-

389 1078 644 1149 αυξήσας,
697 1075 874 1150 ὥσπερ
918 1077 1009 1130 τὸν
1056 1074 1137 1130 ῗὸν
1185 1080 1292 1130 τῶν
1345 1077 1582 1150 ἑρπετῶν
1629 1076 1717 1130 καὶ
1784 1080 1891 1130 τῶν
1951 1077 2042 1145 θηο

396 1168 523 1244 ρίων
557 1165 655 1220 ὅσα
682 1165 1004 1236 πικρότατα,
1025 1166 1198 1219 πάντα
1232 1165 1325 1237 μὶν
1370 1163 1459 1219 οὖν
1496 1168 1606 1239 (55)
1639 1162 2036 1243 ἔκτραγφῳδεῖν

392 1258 458 1312 τὰ
506 1255 703 1309 ἐκείνου
755 1249 970 1330 βίϐλοις
1019 1255 1107 1309 καὶ
1151 1253 1413 1330 ἱστορίαις
1453 1257 1794 1330 παρήσομεν
1847 1253 1909 1308 οὐ
1938 1255 2039 1329 γὰρ

396 1346 527 1415 ἡμῖν
576 1365 638 1418 γε
686 1341 865 1418 σχολή
921 1342 1225 1419 μακρότερα
1272 1350 1370 1413 τῆς
1408 1344 1685 1419 παρούσης
1744 1342 2043 1404 ὑποθέσεως

393 1431 660 1507 ῥαψῳδεῖν
693 1450 704 1464 ·
747 1430 900 1487 αὐτοὶ
931 1430 988 1486 δὲ
1021 1430 1179 1507 ὀλίγα
1205 1432 1264 1486 ἐκ
1287 1431 1513 1488 πολλῶν
1550 1429 1877 1499 διελθόντες,
1908 1453 2043 1501 στη-

395 1520 686 1599 λογραφίαν
738 1520 917 1597 ὣσπερ
961 1521 1081 1575 τινὰ
1126 1526 1244 1583 τοῖς
1306 1522 1421 1595 μεθ’
1466 1523 1613 1594 ἡμᾶς
1644 1519 2041 1593 καταλείψομεν

394 1609 478 1663 ἐπὶ
524 1611 590 1664 τὰ
637 1612 944 1685 κυριώτατα
990 1608 1080 1665 καί
1138 1610 1564 1685 περιφανέστατα
1612 1612 1725 1682 (56)
1769 1614 1877 1665 τῶν
1931 1630 2046 1665 κατι

393 1697 588 1753 ἐκεῖνον
617 1703 695 1771 τῷ
728 1697 881 1772 λόγῳ
910 1702 1069 1774 χωρή
1080 1719 1284 1760 σαντες.

464 1878 568 1933 ΚΑ’
610 1881 845 1938 Ἐκεῖνος
892 1875 947 1931 ἓν
1003 1878 1095 1949 μὲν
1146 1878 1235 1931 καὶ
1298 1881 1510 1950 πρῶτον
1586 1878 1721 1951 (57),
1783 1874 1886 1931 ὑπὸ
1941 1881 2042 1930 106

397 1966 635 2043 μεγάλου
684 1966 1060 2022 Κωνσταντίου
1110 1966 1319 2035 σωθεὶς,
1370 1963 1489 2041 ἄρτι
1539 1966 1807 2037 παράτοῦ
1838 1965 2041 2041 πατρὸς

395 2052 775 2127 διαδεξαμένου
820 2056 882 2109 τὸ
929 2053 1125 2131 κράτος
1184 2053 1367 2128 (ἡνίκα
1410 2055 1472 2108 τὸ
1523 2054 1907 2129 στρατιωτικὸν
1962 2053 2042 2124 ἒξ-

395 2142 645 2212 ωπλίσθη
679 2143 814 2198 κατὰ
839 2147 946 2197 τῶν
986 2143 1035 2197 ἐν
1066 2141 1230 2213 τέλει,
1264 2146 1622 2215 καινοτομοῦν
1670 2138 1825 2219 φόϐῳ
1870 2163 2045 2196 καινο-

394 2231 609 2304 τομίας.
667 2231 757 2285 καὶ
816 2228 905 2284 διὰ
962 2230 1089 2284 νὲων
1144 2235 1462 2306 προστατῶν
1522 2230 1810 2294 καθίστατο
1849 2230 1915 2285 τὰ
1950 2232 2043 2304 βα-

392 2319 611 2394 σίλεια)
644 2320 733 2374 καὶ
773 2317 965 2383 σωθείς
1032 2340 1094 2393 γε
1298 2319 1387 2373 σὺν
1423 2324 1499 2390 τῷ
1527 2317 1746 2397 ἀδελφῷ
1776 2318 2046 2394 σωτηρίαν

393 2410 613 2463 ἄπιστον
647 2409 733 2463 καὶ
784 2406 1104 2484 παράδοξον,
1159 2408 1281 2462 οὒτε
1326 2413 1405 2480 τῷ
1455 2414 1569 2479 Θεῴ
1598 2410 1757 2483 χάριν
1793 2406 1919 2483 ἔσχε
1948 2414 2046 2476 τῆς

392 2498 685 2574 σωτηρίας,
720 2496 843 2552 οὔτε
871 2502 949 2568 τῷ
993 2496 1224 2570 βασιλεῖ,
1277 2495 1345 2550 δι’
1378 2495 1439 2551 οὗ
1472 2499 1731 2551 σέσωστῠ·
1788 2495 1911 2552 ἀλλ’
1941 2497 2046 2568 ἆμ-

394 2584 645 2664 ιροτὲροις
679 2586 835 2664 ὤφθη
867 2587 1050 2653 κακὸς,
1080 2590 1158 2657 τῷ
1192 2586 1285 2658 μὶν
1310 2585 1635 2640 ἀποστασίαν
1690 2583 1922 2653 ὠδίνων,
1970 2589 2048 2656 τῷ

392 2674 448 2730 δὲ
479 2676 853 2733 ἐπανάστασιν.

468 2944 562 2996 ΚΒ¹
591 2944 656 2995 Ὅ
714 2939 771 2996 δὲ
828 2962 918 3014 μοι
976 2940 1082 3014 πρὸ
1140 2940 1346 2995 τούτων
1388 2941 1498 3014 (59)
1540 2939 1704 2995 εἰπεῖν
1739 2939 2046 3015 ἀναγκαῖον,

409 3028 615 3098 διαίτης
651 3031 742 3101 μὲν
769 3029 857 3084 καὶ
889 3028 1175 3098 θεραπείας
1215 3028 1266 3083 ἔν
1294 3050 1395 3083 τινι
1424 3033 1531 3083 τῶν
1587 3026 1883 3103 βασιλικῶν
1937 3032 2047 3101 (60)

410 3116 631 3192 χωρίων
681 3118 923 3187 ἠξιοῦντο
980 3116 1269 3193 βασιλικῆς
1300 3118 1446 3192 παρὰ
1472 3121 1569 3171 106
1601 3115 2045 3195 φιλανθρωποτά-

2147 546 2588 617 generationum
2649 544 3070 600 successiones.
3129 545 3414 610 Quoniam
3474 549 3670 601 autem
3700 562 3788 614 ea,

2148 633 2260 687 nisi
2293 632 2533 705 periculi
2569 631 2976 703 magnitudine
3006 630 3164 686 velut
3210 632 3281 687 ob
3339 632 3539 689 oculos
3579 633 3787 705 posita,

2148 720 2431 776 declarari
2464 721 2561 776 81
2596 724 2897 791 nequeunt
2933 738 2947 788 ;
2974 720 3083 775 hoc
3109 737 3242 775 vero
3274 721 3399 776 fieri
3431 738 3547 776 non
3577 725 3790 793 potest,

2149 810 2262 865 nisi
2290 827 2519 865 morum
2551 809 2726 864 istius
2747 809 3093 881 pravitatem
3117 811 3793 882 ostenderimus,quibus

2151 916 2264 971 que
2294 915 2362 954 ex
2391 898 2717 971 principiis,
2739 898 2983 970 Vitiique
3031 898 3377 967 seminibus,
3412 900 3469 954 in
3504 900 3793 971 perditam

2151 989 2300 1043 hanc
2331 994 2388 1044 et
2419 987 2785 1060 proﬂigatam
2816 988 3131 1043 amentiam
3159 988 3466 1060 prolapsus
3490 988 3795 1057 fuerit,im-

2151 1075 2426 1147 pietatem
2459 1093 2772 1145 suam,non
2804 1093 2975 1132 secus
3006 1093 3071 1132 ac
3092 1077 3396 1133 saevissimi
3422 1077 3641 1149 quique
3672 1095 3793 1133 ser-

2151 1170 2353 1237 pentes
2384 1170 2440 1220 et
2468 1166 2602 1221 ferae
2630 1182 2943 1233 venenum,
2987 1166 3269 1238 paulatim
3322 1183 3566 1239 augens,
3599 1166 3797 1222 omnia

2152 1253 2564 1325 quidemillius
2586 1254 2806 1310 scelera
2828 1254 3066 1327 tragicis
3087 1256 3277 1311 verbis
3299 1258 3698 1328 exaggeranda
3722 1257 3794 1311 ad

2150 1342 2300 1398 libro
2324 1343 2718 1413 historiasque
2740 1343 3170 1399 remmittemus
3193 1362 3206 1413 ;
3242 1360 3432 1416 neque
3448 1345 3604 1400 enim
3625 1344 3797 1399 nobis

2150 1436 2318 1487 vacat
2345 1431 2579 1504 longius
2610 1449 2787 1503 quam
2820 1433 3126 1505 praesentis
3154 1433 3413 1489 instituti
3446 1434 3594 1489 ratio
3626 1434 3793 1501 ferat,

2153 1537 2485 1577 sermonem
2500 1521 2837 1592 producere;
2854 1520 2965 1592 ipsi
2978 1526 3172 1577 autem
3188 1539 3369 1594 pauca
3381 1539 3411 1578 e
3425 1523 3625 1578 multis
3642 1539 3796 1578 com-

2155 1615 2589 1679 memorantes,,
2623 1611 2790 1682 quasi
2822 1609 2881 1665 in
2912 1609 3188 1667 columna
3217 1611 3577 1683 insculptam
3608 1611 3797 1684 ipsius

2153 1698 2539 1772 ignominiam
2571 1700 2821 1771 posteris
2851 1698 3274 1771 relinquemus,
3309 1701 3381 1755 ad
3413 1700 3705 1772 praecipua
3725 1699 3796 1754 il-

2156 1787 2272 1844 lius
2305 1789 2734 1860 notissimaque
2763 1788 2988 1861 ﬂagitia
3017 1806 3347 1845 sermonem
3379 1791 3760 1846 conferentes.

2222 1878 2362 1934 XXI.
2394 1878 2586 1933 Unum
2618 1878 2798 1948 igitur
2827 1882 2884 1932 et
2934 1877 3205 1949 princeps
3242 1877 3399 1934 illius
3432 1879 3661 1934 facinus
3690 1878 3801 1934 hoc

2152 1973 2262 2033 est,
2296 1968 2451 2039 quod
2482 1984 2514 2022 a
2543 1983 2756 2038 magno
2787 1967 3150 2034 Constantio,
3184 1966 3284 2039 qui
3342 1968 3494 2039 patri
3525 1984 3711 2040 nuper
3740 1968 3799 2022 in

2154 2056 2398 2128 imperio
2431 2059 2811 2123 successerat,
2846 2054 3095 2111 salutem
3127 2063 3478 2112 consecutus
3504 2058 3656 2128 (tum
3688 2056 3798 2112 sci-

2153 2145 2309 2211 licet,
2343 2161 2477 2199 cum
2508 2144 3051 2213 excercitus,rerum
3083 2160 3364 2199 novarum
3388 2149 3546 2200 metu
3579 2161 3671 2200 res
3704 2161 3800 2200 no-

2151 2250 2256 2288 vas
2290 2233 2556 2300 moliens,
2588 2233 2865 2287 adversus
2888 2248 3154 2302 proceres
3187 2250 3351 2287 arma
3382 2233 3553 2305 cepit,
3580 2250 3646 2289 ac
3667 2249 3800 2305 per-

2155 2339 2336 2377 novos
2384 2321 2687 2392 praefectos
2735 2320 2935 2376 aulica;
2984 2337 3074 2375 res
3124 2322 3693 2390 constituebantur);
3745 2326 3803 2376 et

2156 2411 2397 2481 quidem
2412 2409 2657 2465 salutem
2673 2410 3032 2480 inopinatam
3046 2415 3105 2465 et
3120 2409 3522 2466 incredibilem
3541 2428 3674 2465 cum
3690 2411 3777 2465 fra
3790 2440 3802 2450 -

2154 2504 2243 2555 tre
2273 2504 2755 2576 consecutus,nec
2789 2499 2906 2553 Deo
2938 2499 3009 2553 ob
3043 2500 3434 2565 salutem,nec
3464 2498 3802 2570 imperatori

2157 2605 2257 2660 per
2289 2605 2462 2659 quem
2496 2587 2745 2643 salutem
2776 2591 3096 2657 acceperat,
3136 2587 3386 2658 gratiam
3419 2587 3625 2642 habuit
3659 2605 3671 2643 :
3705 2604 3798 2643 ve-

2157 2694 2287 2731 rum
2321 2677 2552 2747 utrique
2586 2692 2838 2747 nequam
2871 2681 2929 2731 et
2957 2675 3293 2746 improbum
3325 2693 3387 2731 se
3421 2675 3691 2747 praebuit,
3718 2675 3802 2731 illi

2156 2766 2435 2820 nimirum
2497 2765 2898 2833 defectionem,
2981 2764 3117 2820 huic
3189 2765 3567 2821 rebellionem
3599 2770 3803 2837 partu-

2155 2856 2332 2910 riens.

2225 2943 2395 2997 XXII.
2428 2943 2589 3006 Quod
2623 2949 2815 2998 autem
2862 2944 3190 2999 necessario
3242 2942 3388 2998 mihi
3434 2942 3597 3015 prius
3628 2960 3800 3014 expo-

2156 3033 2413 3087 nendum
2446 3031 3050 3103 est,splendidissimo
3081 3032 3314 3103 quidem
3340 3020 3494 3087 victu
3520 3031 3801 3101 cultuque

2157 3121 2218 3175 in
2249 3121 2624 3193 imperatoria
2653 3121 2907 3192 quadam
2941 3121 3112 3176 domo
3143 3121 3215 3176 ab
3232 3121 3663 3177 humanissimo
3692 3121 3803 3175 im-

408 3176 514 3260 ζου.
554 3176 835 3280 βασιλέως,
882 3208 955 3269 ὡς
980 3176 1097 3261 Ιτοῦ
1138 3176 1324 3283 γένιογυς
1370 3176 1623 3280 λείψαναΙ
1659 3210 1727 3280 τῇ
1798 3176 2042 3282 βασιλείᾳ

2163 3176 2427 3280 peratore
2447 3207 2609 3279 digni
2632 3176 3095 3274 habebantur,ac
3114 3206 3272 3263 velut
3293 3209 3525 3281 generis
3547 3208 3809 3280 reliquiae

408 3296 738 3369 τηρούμενοι
771 3315 783 3327 ν
845 3297 985 3367 ὁμοῦ
1038 3296 1130 3368 μὲν
1201 3295 1497 3370 ἀπολογίαν
1578 3294 1889 3357 ἐπινοοῦτος
1943 3299 2051 3350 τῶν

407 3382 856 3456 νεωτερισθέντων
906 3383 957 3437 ὲν
1010 3385 1156 3460 ἀρχῇ
1202 3391 1305 3453 τῆς
1350 3382 1645 3459 βασιλείας,
1696 3384 1769 3445 ὡς
1820 3384 1880 3438 οὗ
1938 3385 2054 3438 κατ’

404 3468 605 3525 ἐκείνου
651 3471 875 3546 γνώμην
912 3471 1338 3545 τετολμημένων
1366 3491 1380 3505 °
1428 3474 1567 3545 ὁμοῦ
1599 3469 1657 3527 δὲ
1694 3472 1783 3527 καὶ
1840 3473 1901 3527 τὸ
1965 3494 2054 3545 με-

400 3558 718 3635 γαλόψυχον
776 3556 1135 3629 ἐπιδείξασθαι
1196 3564 1482 3631 ζητοῦντος
1526 3564 1595 3634 τῇ
1649 3560 1907 3632 κοινωνίᾳ
1950 3568 2053 3630 τῆς

405 3647 678 3723 βασιλείας
712 3668 724 3680 ·
803 3649 891 3703 καὶ
958 3649 1161 3724 τρίτον,
1225 3650 1323 3717 τήν
1385 3650 1563 3726 ἀρχὴν
1620 3652 2051 3720 καταστήσασθαι

396 3742 513 3798 ταῖς
569 3738 907 3810 προσθήκαις
960 3733 1326 3813 βεϐαιοτέραν,
1378 3738 1510 3814 ὅπερ
1558 3741 1621 3807 ἦν
1666 3736 2048 3813 (61)διανοου-

401 3826 584 3898 μένου,
622 3825 922 3902 ρηστότερα
950 3827 985 3896 ἢ
1019 3828 1320 3902 σοφώτερα.

466 4097 595 4151 Kl".
634 4092 783 4147 Ἐπεὶ
834 4090 891 4147 δὲ
933 4094 1070 4167 ἦγον
1112 4092 1220 4148 ἀπὸ
1263 4092 1477 4148 πάντων
1507 4094 1619 4167 (62)
1651 4090 1888 4169 σχολὴν,
1942 4102 2044 4165 τῆς

470 4193 514 4228 ¹⁶
552 4191 706 4249 Psal.
738 4209 950 4259 Lxxvn,
981 4194 1035 4247 6.

608 4296 753 4372 κατὰ
787 4296 1019 4372 μικρόνζ
1042 4299 1181 4370 Reg.
1212 4300 1334 4367 bm,
1357 4295 1454 4372 καὶ
1484 4296 1860 4372 κιπιτιὶᾲμικρόνἼ

391 4367 580 4495 P(55)
613 4367 796 4424 Πάντα
824 4367 915 4443 μὲν
957 4367 1072 4428 οὖν.
1130 4367 1219 4427 ita
1277 4370 1435 4427 Colb.
1497 4369 1554 4425 k.
1619 4367 1791 4426 Deest
1820 4368 1932 4439 οὗν,
1981 4369 2042 4426 in

442 4457 524 4495 ar.

442 4457 524 4499 δι’.

464 4512 575 4593 (56)
634 4513 1082 4593 ῌεριφανςστατα.
1137 4536 1164 4563 ‹‹
1223 4512 1562 4593 Notissima,
1616 4511 2037 4593 famosissima.

393 4583 789 4639 atrocissima.'
814 4608 843 4634 »
876 4585 1148 4652 Billius,«
1182 4584 1611 4640 nobilissima.»
1641 4583 1837 4639 Minus
1868 4588 2043 4652 recte,

391 4669 529 4738 pum
560 4653 654 4709 hic
686 4662 904 4738 agatur
933 4659 1005 4713 de
1035 4655 1277 4729 ﬂagitiis
1306 4655 1434 4725 viri,
1466 4656 1567 4727 qui
1599 4654 1747 4709 nihil
1794 4655 2039 4728 dignum

388 4725 565 4781 laude
596 4725 799 4798 gessit.

460 4797 576 4869 (57)
599 4794 844 4872 Ἐκεῖνος
894 4794 945 4852 ἕν
979 4797 1073 4872 μὲν
1105 4797 1194 4851 καὶ
1225 4800 1462 4872 πρῶτον.
1514 4796 1603 4851 Sic
1654 4811 1865 4872 magno
1912 4814 2042 4853 con-

390 4885 567 4925 sensu
590 4871 820 4927 codices
853 4888 866 4925 :
902 4894 930 4921 «
966 4869 1252 4941 Ille,quod
1270 4869 1520 4943 quidem
1554 4885 1739 4924 unum
1758 4869 2045 4943 primum-

392 4946 640 5015 quehest,
674 4960 707 4997 a
739 4958 952 5015 magno
983 4941 1323 4999 Constantio
1365 4945 1653 5001 servatus.
1688 4962 1717 4989 ››
1751 4941 1925 4996 Savil.
1958 4941 2039 4997 Ie-

428 5013 475 5067 it
503 5012 703 5066 ἂκεῖνο.

389 5029 475 5083 glt
503 5032 703 5066 ακεινο.

389 5152 425 5159 η
463 5085 574 5159 (58)
600 5085 705 5159 Καὶ
764 5083 953 5159 σωθείς
1002 5105 1108 5159 γεη
1146 5085 1266 5149 Quo
1304 5090 1604 5159 tempore,
1644 5098 1835 5159 anno.
1882 5082 2041 5159 vide-

386 5152 678 5228 licet7338,
710 5157 895 5212 caedes
928 5152 1259 5228 principum
1291 5154 1787 5228 Constantiniana
1809 5154 2041 5228 familiae

387 5226 990 5300 contigit,Julianum
1023 5226 1149 5300 tum
1184 5227 1483 5300 septennia
1515 5230 1779 5300 servatus
1811 5230 1918 5291 est,
1950 5226 2040 5300 vel

385 5298 702 5369 annuente,
737 5299 823 5355 vel
880 5298 1292 5355 dissimulante
1320 5298 1707 5369 Constantio._
1742 5301 1856 5351 Nec
1886 5298 2040 5353 enim

374 5370 623 5441 jubente
653 5366 718 5427 eo
748 5374 1042 5427 servatum
1073 5371 1397 5441 Julianum,
1441 5371 1630 5425 dicere
1663 5366 1866 5441 sinunt
1896 5369 2037 5424 acri-

381 5439 600 5524 ptores,
632 5443 731 5514 qui
764 5443 982 5524 eadem
1024 5439 1482 5524 _pri_ncipumlin.
1513 5439 1917 5524 Qpnstantium
1953 5458 2041 5524 re:

372 5511 592 5594 jic_iunt
626 5511 787 5581 {non
818 5515 999 5594 mode
1022 5511 1308 5584 Zozimus,
1350 5517 1407 5594 et
1457 5511 1730 5594 Julianus
1792 5511 1919 5594 ipse

378 5584 757 5657 Athenienses,
790 5604 842 5657 p.
896 5587 1018 5640 497.
1067 5584 1493 5657 νειξυωίθὶίᾶω
1548 5583 1905 5657 Athanasius
1961 5584 2040 5639 Ad

379 5655 694 5725 monachos,
727 5653 1116 5730 Hieronymus
1157 5656 1217 5713 in
1273 5656 1557 5726 Chronico,
1606 5658 1714 5713 etc.
1763 5653 2038 5711 Servatus

2165 3298 2237 3353 ad
2271 3296 2583 3368 imperium
2618 3296 3089 3351 servabantur.Id
3113 3301 3307 3352 autem
3327 3314 3394 3352 ea
3416 3301 3609 3353 mente
3632 3298 3807 3353 facie-

2164 3387 2283 3457 bat,
2316 3385 2573 3457 primum
2607 3389 2670 3439 ut
2701 3401 2763 3441 se
2791 3386 2863 3440 de
2892 3385 2966 3440 iis
2995 3386 3171 3441 rebus
3203 3402 3329 3457 quin
3361 3385 3422 3441 in
3453 3386 3683 3458 imperii
3716 3385 3808 3442 sui

2164 3474 2443 3546 auspiciis
2469 3473 2784 3545 designatae
2815 3474 3065 3543 fuerant,
3100 3478 3395 3546 purgaret,
3425 3478 3705 3546 tanquam
3737 3475 3808 3529 de

2166 3564 2353 3635 ipsius
2386 3563 2633 3618 consilio
2666 3579 2731 3618 ac
2758 3562 3059 3619 voluntate
3089 3563 3551 3636 haudquaquam
3602 3579 3807 3635 perpe-

2160 3654 2328 3709 tratis
2362 3670 2375 3719 ;
2409 3652 2619 3707 deinde
2648 3656 2713 3707 ut
2742 3668 2839 3708 eos
2890 3652 2961 3707 ad
3008 3652 3237 3724 imperii
3288 3654 3625 3709 societatem
3657 3652 3806 3707 asci-

2160 3742 2374 3798 scendo
2404 3741 2830 3813 magnitudinis
2852 3741 3037 3795 animi
3068 3746 3482 3813 argumentum
3503 3742 3803 3813 praeberet;

2159 3836 2477 3904 postremo,
2509 3833 2574 3884 ut
2604 3830 2997 3901 principatum
3030 3831 3125 3884 his
3174 3830 3552 3885 incrementis
3583 3829 3804 3884 ﬁrmio-

2156 3937 2279 3976 rem
2312 3919 2576 3974 redderet
2609 3935 2621 3973 :
2655 3919 2810 3990 quod
2844 3918 3081 3990 quidem
3115 3918 3373 3974 hominis
3402 3922 3528 3974 erat
3556 3916 3808 3989 benigne

2157 4009 2347 4081 magis
2376 4024 2556 4079 quam
2584 4007 2879 4079 sapienter
2907 4007 3242 4079 cogitantis.

2226 4097 2420 4155 XXIII.
2454 4100 2598 4152 Cum
2630 4101 2825 4152 autem
2856 4096 3017 4152 omni
3065 4096 3296 4165 negotio
3344 4100 3638 4168 vacarent,
3674 4100 3804 4152 tum

2153 4317 2325 4374 porro
2354 4299 2627 4374 Julianus
2657 4300 2717 4354 in
2758 4300 3145 4374 primis_cura
3176 4300 3354 4374 Marci
3396 4300 3691 4374 Arethusi,
3736 4300 3808 4354 de

2154 4372 2270 4444 quo
2300 4372 2612 4444 Gregorius
2644 4376 2847 4444 postea
2874 4390 2932 4427 n.
2965 4372 3025 4428 94
3058 4415 3072 4441 ,
3107 4372 3199 4428 cui
3249 4373 3629 4444 consentiunt
3680 4376 3810 4444 acta

2152 4442 2352 4521 Basilii
2394 4442 2716 4521 presbyteri
2745 4444 3057 4521 Ancyrani,
3100 4460 3229 4521 quae
3257 4442 3603 4521 _Bolla_n_dus
3633 4443 3809 4521 refert

2150 4516 2212 4570 in
2243 4514 2411 4571 diem’
2429 4514 2621 4569 Martii
2650 4516 2740 4580 22,
2769 4514 3184 4587 ubi'S.martyr
3212 4514 3305 4571 his
3334 4515 3529 4573 verbis
3560 4518 3807 4587 Aposta-

2153 4592 2277 4667 tam
2333 4586 2597 4667 increpat
2628 4603 2702 4667 εξ
2738 4587 2861 4667 Non
2889 4603 2957 4667 οἱ
2978 4586 3262 4667 reveritus
3316 4588 3519 4667 altare,
3536 4603 3659 4667 quo
3689 4586 3805 4667 sal-

2152 4663 2322 4714 vatus
2357 4657 2540 4712 fuisti.
2594 4679 2622 4705 »
2656 4657 2874 4713 Deinde
2919 4659 3298 4713 Frumentino
3350 4657 3806 4714 comiti'Scuta-

2154 4730 2472 4797 riorum,de
2501 4728 2733 4801 Juliano
2768 4746 2780 4783 :
2817 4752 2845 4781 «
2877 4729 3001 4785 Non
3032 4736 3120 4785 est
3149 4730 3805 4801 recordatus,quomodo

2153 4802 2350 4872 (Deus)
2382 4800 2599 4855 eruerit
2632 4817 2765 4855 eum
2796 4817 2829 4855 a
2860 4806 3046 4856 morte
3095 4818 3196 4871 per
3227 4807 3462 4856 sanctos
3512 4816 3650 4872 suos
3700 4817 3805 4872 sa;

2152 4869 2810 4941 cerdotes,abscondens
2839 4889 2973 4928 eum
3005 4869 3114 4928 sub
3145 4877 3347 4929 sancto
3381 4878 3438 4928 et
3467 4869 3801 4927 admirabili

2153 4943 2411 5000 ecclesiae
2438 4943 2631 4998 altari.
2663 4966 2692 4995 »

2244 5016 2335 5088 59)
2368 5014 2481 5088 Πρὸ
2509 5013 2737 5070 τούτων.
2771 5016 2924 5088 Reg:
2944 5014 3065 5088 δίη,
3098 5013 3223 5088 περὶ
3251 5011 3481 5088 τούτων.

2244 5016 2314 5069 59
2368 5016 2481 5088 Πρὸ
2509 5016 2737 5070 τούτων.
2771 5016 2910 5088 Reg.
2944 5016 3065 5081 bm,
3098 5016 3223 5088 περὶ
3251 5016 3481 5068 τούτων.

2222 5016 2335 5161 (ῥοί
2384 5086 2475 5161 Ἔν
2530 5106 2637 5161 τινι
2680 5128 2693 5141 .
2749 5130 2762 5142 .
2814 5129 2828 5161 ε
2902 5083 3212 5161 βασιλικῆς.
3275 5082 3804 5161 Βθθεῐμβασιλικῆς

2151 5155 2383 5229 ἱηἨεέε.
2418 5158 2537 5212 bm.
2570 5158 2783 5213 Vocem
2814 5155 2965 5213 hanc
2996 5157 3136 5229 legit
3166 5158 3409 5225 Socrat.,
3443 5155 3607 5227 mea,
3640 5155 3803 5229 lib._v.

2151 5245 2200 5284 c.
2231 5231 2285 5297 2,
2317 5226 2596 5301 additque
2628 5252 2656 5279 ‹‹
2712 5230 2954 5285 domum
3004 5226 3166 5284 illam
3198 5230 3379 5285 fuisse
3409 5226 3694 5301 palatium
3736 5226 3805 5301 _in

2151 5300 2394 5425 Enacello
2426 5299 2791 5373 adArgaaum
2823 5304 3079 5357 montem
3114 5301 3269 5357 haud
3305 5299 3510 5372 procul
3560 5301 3631 5355 ab
3662 5299 3807 5353 urbe

2193 5389 2427 5425 aesarea.
2463 5394 2491 5419 ››

2193 5389 2427 5427 aasarea.
2463 5394 2491 5419 >>

2223 5444 2334 5515 (61)
2364 5443 2534 5515 Ὅπερ
2566 5448 2631 5515 ῇν
2652 5484 2677 5515 ί.
2713 5443 2807 5515 Sic
2839 5443 3004 5497 codd.
3039 5440 3237 5496 Mallet
3269 5447 3511 5498 Montac.
3546 5437 3801 5515 Eii-reprm

2223 5446 2334 5584 (61)
2364 5446 2534 5515 Ὅπερ
2566 5448 2631 5509 ἧν
2665 5484 2677 5497 .
2713 5446 2807 5498 Sic
2839 5446 3004 5497 codd.
3039 5446 3237 5496 Mallet
3269 5447 3511 5498 Montac.
3546 5446 3678 5514 ἅπερ
3711 5446 3801 5507 ἧν.

2223 5516 2313 5584 (62
2364 5514 2533 5586 Ἧγον
2567 5513 2673 5567 ἀπὸ
2703 5512 3086 5586 πάντωνλθῐϐ.
3123 5534 3150 5562 ‹‹
3205 5517 3346 5569 Cum
3390 5515 3568 5570 vitam
3620 5512 3809 5585 priva-

2149 5590 2267 5639 tam
2291 5584 2500 5660 procul
2532 5586 2605 5660 _ab
2632 5586 2793 5660 omni
2825 5584 3056 5658 publico
3100 5601 3343 5643 munere
3385 5584 3645 5660 agerent,
3675 5589 3805 5640 tum

2154 5655 2316 5728 quod
2341 5655 2653 5730 imperium
2676 5655 2927 5726 abesset,
2960 5678 2989 5708 »
3033 5660 3142 5713 etc.
