4148 6290
365 343 480 402 551
1604 339 1668 398 S.
1719 335 2010 398 GREGOI

2134 336 2530 398 THEOLOGI
3652 339 3777 400 652

367 474 522 545 quod
554 471 866 543 imperium
895 486 994 525 eos
1015 470 1206 525 adhuc
1236 475 1586 539 moraretur,
1620 475 1796 541 atque
1825 469 1884 523 in
1915 485 2006 525 co-

2128 466 2218 540 μὲν
2251 464 2530 542 βασιλείας
2573 466 2888 540 μεΛλούσης
2931 464 3007 523 ἔτι
3067 470 3155 524 καὶ
3220 467 3629 543 μελετωμένης,
3684 475 3780 541 τῆς

365 562 647 635 gitatione
675 561 957 614 duntaxat
986 563 1043 614 et
1074 559 1452 614 meditatione
1490 562 1666 628 esset,
1698 564 1824 614 tum
1856 559 2010 630 quod

367 655 503 705 mtas
533 653 589 704 et
619 665 750 719 spes
780 649 1040 703 nondum
1072 664 1170 702 eos
1203 648 1480 704 secundis
1506 648 1895 720 dignitatibus
1918 649 2013 702 ad-

2123 553 2182 610 δὶ
2226 555 2446 625 ἡλικίας
2511 557 2624 630 ἅμα
2670 558 2761 610 καὶ
2791 565 2889 626 τῆς
2942 556 3165 620 ἐλπίδος
3193 564 3313 621 ταῖς
3345 556 3620 635 δευτέραις
3673 567 3779 615 τῶν

2122 645 2308 720 ἀρχῶν
2362 647 2476 719 (63)
2523 646 2584 700 οὐ
2634 645 3036 722 προσαγούσης,
3087 648 3333 723 ἐχρῶντο
3392 650 3485 722 μὲν
3534 649 3622 704 καὶ
3671 655 3776 705 τῶν

366 739 748 803 moveret,88
781 739 1098 793 utebantur
1118 737 1202 792 illi
1226 738 1465 808 quidem
1501 739 1750 793 aliarum
1778 753 2010 809 quoque

2128 733 2308 789 ἄλλων
2358 732 2670 796 παιδευταῖς
2714 738 2830 808 (64)
2882 739 3235 808 μαθημάτων,
3263 743 3431 792 πᾶσαν
3485 740 3586 807 τήν
3621 738 3774 814 ἐγκύ-

363 828 578 884 artium
627 827 1097 899 praceptoribus,
1148 842 1359 899 nempe
1401 832 1610 898 patruo
1660 827 2012 898 imperatore

363 917 521 973 omni
544 917 890 973 orbicularis
922 915 1244 986 disciplinas
1267 931 1477 988 genere
1500 915 1660 988 ipsos
1685 916 2007 983 erudiente,

363 1007 578 1061 Verum
612 1012 820 1060 nostra:
854 1005 1239 1076 philosophias
1274 1005 1605 1076 impensius
1634 1019 1869 1076 operam
1903 1005 2008 1059 da-

356 1097 514 1162 bant,
551 1111 665 1150 non
698 1095 836 1149 huic
867 1095 1082 1162 solum,
1127 1110 1255 1166 qua:
1304 1094 1363 1148 in
1413 1095 1607 1149 verbis
1656 1098 1711 1148 et
1745 1093 2010 1149 doctrina

354 1189 641 1250 versatur,
673 1186 774 1239 sed
808 1183 891 1238 illi
943 1184 1118 1238 etiam
1166 1200 1294 1254 qua:
1326 1183 1603 1254 pietatem
1653 1181 1711 1236 in
1746 1181 2011 1237 moribus

353 1274 607 1346 positam
637 1274 828 1328 habet.
862 1275 1045 1342 Atque
1068 1278 1123 1326 et
1145 1288 1277 1326 cum
1299 1271 1541 1342 optimis
1568 1268 1906 1342 quibusque
1925 1270 2007 1325 vi-

353 1364 433 1419 ris
457 1363 941 1419 consuetudinem
963 1363 1340 1427 habebant,et
1357 1360 1816 1432 elegantissimis
1838 1360 2012 1415 actio-

355 1454 549 1523 nibus,
584 1451 1003 1507 aluculentum
1036 1450 1274 1505 virtutis
1307 1449 1606 1520 specimen
1662 1465 1777 1520 pm
1835 1465 1898 1504 se
1927 1449 2007 1504 fe-

354 1543 642 1607 rentibus,
676 1539 1120 1595 incumbebant.
1169 1538 1502 1604 Quinetiam
1547 1539 1606 1592 in
1659 1538 1882 1593 clerum
1913 1553 2006 1593 se-

352 1632 514 1703 ipsos
547 1629 970 1700 ascripserunt,
1002 1628 1147 1682 adeo
1181 1632 1246 1682 ut
1278 1627 1511 1682 divinos
1545 1642 1783 1698 quoque
1827 1627 2006 1683 libros

353 1719 508 1792 plebi
540 1719 885 1787 lectitarent,
919 1733 1035 1772 non
1067 1717 1269 1771 minus
1299 1716 1352 1770 id
1382 1716 1493 1771 sibi
1526 1716 1788 1787 amplum
1822 1720 1880 1771 et
1909 1716 2008 1771 ho-

2119 821 2278 878 κλιον
2347 821 2620 878 παίδευσιν
2710 827 2822 897 (65)
2909 823 3322 888 έκπαιδεύοντσς
3397 826 3593 888 αὐτοὺς
3678 833 3776 882 τοῦ

2124 913 2272 975 θείου
2497 913 2588 967 καὶ
2650 912 2956 989 βασιλέως·
3021 915 3266 991 ἐχρῶντο
3328 911 3385 970 δὶ
3441 917 3531 971 καὶ
3561 921 3628 990 τῇ
3661 919 3774 971 καθ’

2120 1004 2270 1074 ἡμᾶς
2323 1000 2620 1080 φιλοσοφίᾳ
2658 1003 2848 1075 πλέον,
2897 1003 2960 1057 οὐ
3016 1003 3084 1078 τῇ
3140 1005 3263 1080 περῖ
3323 1003 3522 1081 λόγους
3585 1005 3776 1078 μόνον,

2120 1090 2245 1146 ἀλλ’
2292 1091 2389 1161 ’ὁοη
2435 1093 2524 1146 καὶ
2576 1089 2667 1146 διὰ
2695 1097 2803 1147 τῶν
2839 1093 2982 1162 ἠθῶν
3018 1095 3145 1168 ἡχει
3176 1094 3240 1149 τὸ
3271 1089 3483 1157 εὐσεϐές
3519 1113 3532 1128 ·
3565 1093 3776 1172 ἀνδρῶν

2118 1197 2176 1234 τε
2204 1186 2319 1241 τοῖς
2349 1178 2793 1242 σπονδαιοτάτοις
2827 1184 2938 1254 (67)
2970 1182 3458 1257 προσομιλοῦντες,
3515 1184 3605 1237 καὶ
3637 1185 3778 1259 πρά-

2120 1269 2250 1338 ξεων
2307 1275 2425 1331 ταῖς
2479 1270 2859 1345 χαριεστάτους
2922 1273 3055 1343 (68),
3106 1271 3197 1324 καὶ
3253 1267 3473 1339 πολλὴν
3521 1269 3776 1347 ἐχούσαις

2117 1366 2218 1427 τῆς
2252 1358 2447 1432 ἀρετῆς
2477 1360 2575 1426 τὴν
2620 1356 2872 1431 ἐπίδειξιν
2907 1377 2921 1391 ·
2961 1365 3039 1431 τῷ
3087 1359 3182 1432 μέν
3214 1382 3276 1434 γε
3304 1359 3500 1435 κλήρῳ
3526 1362 3778 1437 φέροντες

2119 1447 2340 1509 hamos:
2371 1445 2744 1522 έγκατέλεξαν,
2778 1447 2916 1503 ὥστε
2953 1445 3040 1503 καί
3089 1451 3185 1511 τὰς
3237 1449 3379 1513 θείας
3427 1450 3778 1525 ὑπαναγενώ-

2119 1555 2262 1591 mw
2291 1535 2372 1608 τῷ
2403 1536 2521 1608 λαῷ
2557 1533 2805 1612 βίϐλους,
2844 1535 3064 1599 οὐδενὸς
3089 1535 3314 1592 έλαττον
3343 1535 3418 1600 είς
3470 1536 3626 1609 δόξαν
3680 1537 3777 1594 αὐ-

2115 1632 2230 1687 τοῖς
2284 1630 2446 1680 τοῦτο
2476 1627 2607 1680 εἶναι
2634 1632 2964 1700 ννμιζοντες,
3028 1625 3172 1682 ἀλλὰ
3217 1627 3307 1682 καί
3340 1631 3554 1682 πάντων
3591 1632 3775 1701 μεῖζον

2115 1714 2487 1787 καλλώπισμα
2514 1716 2612 1783 τὴν
2647 1711 2938 1772 εὐσέϐειαν.

352 1809 662 1876 noriﬁcum
694 1823 821 1863 esse
852 1807 1279 1872 existimantes,
1314 1822 1493 1877 quam
1543 1805 1962 1876 aliudquidvis,
1993 1805 2110 1861 imo
2143 1805 2409 1861 omnium
2460 1810 2940 1860 ornamentorum
2986 1806 3306 1862 maximum
3359 1807 3776 1878 praestantissi-

353 1913 638 1969 mumque
667 1897 940 1968 pietatem
973 1911 1101 1950 esse
1133 1901 1461 1950 censentes.

425 1985 620 2041 XXIV.
651 1985 785 2040 Jam
836 1984 1375 2055 sumptuosissimis
1421 1998 1654 2054 quoque
1685 1988 2010 2055 martyrum

2195 1988 2288 2035 KA’
2340 1985 2637 2056 Μαρτυρων
2689 2001 2749 2035 τε
2807 1984 3054 2055 μνήμασι
3103 1985 3220 2055 (69)
3265 1981 3777 2053 πολυτελεστάτοις,

362 2074 760 2132 monumentis
794 2078 850 2129 et
878 2074 1204 2128 votivorum
1238 2073 1523 2128 donorum
1568 2072 2007 2143 muniﬁcentiis,

367 2165 757 2234 omnibusque
779 2161 909 2218 aliis
938 2163 1134 2229 rebus,
1168 2161 1384 2234 quibus
1408 2161 1640 2218 divinus
1669 2162 1846 2216 timor
1876 2159 2014 2216 insi-

365 2252 892 2327 gnitur,sapientim
909 2251 1170 2307 studium
1195 2250 1524 2320 Christique
1545 2265 1804 2305 amorem
1826 2251 2012 2305 decla-

367 2345 576 2399 rabant
607 2358 620 2396 :
657 2341 804 2396 alter
833 2340 1068 2411 quidem
1100 2356 1231 2394 vere
1260 2344 1318 2394 et
1338 2339 1488 2394 serio
1529 2341 1802 2410 pietatem
1835 2340 2007 2410 profl-

363 2438 535 2498 tens;
571 2429 838 2501 quamvis
887 2427 1043 2483 enim
1093 2431 1305 2481 natura
1338 2427 1584 2482 ferocior
1637 2443 1703 2482 ac
1736 2427 2008 2482 fervidior

365 2526 676 2587 esset,vere
699 2525 894 2572 tamen
927 2523 985 2572 at
1016 2519 1238 2572 sincere
1271 2517 1544 2588 pietatem
1571 2517 1828 2583 colebat;
1862 2517 2008 2572 alter

366 2615 561 2664 autem
593 2612 826 2677 tempus
849 2606 1236 2670 redimens,ac
1254 2606 1363 2660 sub
1390 2606 1856 2660 mansuetudinis
1882 2620 2006 2677 spe-

365 2701 450 2754 cie
472 2703 646 2767 atque
696 2696 937 2750 obtentu
1006 2711 1234 2749 morum
1285 2694 1627 2765 pravitatem
1680 2694 2001 2748 occultans.

366 2788 527 2854 Quod
564 2785 800 2856 quidem
836 2801 904 2838 ex
932 2800 996 2839 eo
1028 2783 1312 2853 conjicere
1352 2782 1569 2848 licebit,
1599 2797 1788 2853 neque
1846 2783 2001 2838 enim

365 2874 735 2942 miraculum,
767 2875 920 2944 quod
954 2877 1078 2926 tum
1132 2871 1360 2939 accidit,
1423 2870 1652 2926 silentio
1708 2871 2002 2942 praeterire

2124 2070 2211 2124 καὶ
2263 2068 2621 2143 ἀναθημάτων
2671 2069 3035 2148 φιλοτιμίαις,
3087 2072 3176 2126 καὶ
3234 2078 3394 2126 πᾶσιν
3446 2073 3528 2134 οἷς
3580 2072 3778 2134 ὁθεῖος

2121 2155 2292 2237 φόϐος
2323 2161 2809 2236 χαρακτηρίζεται,
2859 2161 2923 2214 τὸ
2968 2159 3267 2238 φιλόσοφον
3300 2162 3389 2215 καὶ
3421 2161 3779 2238 φιλόχριστον

2120 2250 2478 2321 κατεμήνυον·
2541 2249 2570 2302 ὁ
2624 2249 2740 2320 μὲν,
2788 2248 2877 2302 καὶ
2907 2250 3023 2302 κάτ’
3083 2249 3340 2318 ἀλήθειαν
3371 2246 3602 2305 εὐσεϐῶν
3638 2269 3652 2282 ο
3686 2252 3775 2305 καὶ

2119 2338 2220 2412 λὰρ
2252 2339 2337 2408 ἦν,
2386 2337 2434 2391 εἴ
2479 2335 2568 2391 καὶ
2617 2338 2716 2406 τὴν
2769 2338 2926 2415 φύσιν
2971 2339 3319 2412 θερμότερος,
3364 2337 3491 2392 ἀλλ’
3522 2337 3613 2394 οὖν
3641 2343 3775 2415 γνή-

2118 2445 2233 2487 σιος
2263 2427 2337 2487 εἰς
2371 2421 2639 2480 εὐσέϐειαν
2676 2445 2689 2460 ο
2724 2429 2751 2481 ὁ
2797 2425 2872 2497 δὲ,
2905 2428 2994 2480 τὸν
3047 2427 3233 2502 καιρὸν
3264 2427 3647 2500 ἐξωνούμενος,
3679 2430 3769 2482 καὶ

2115 2514 2364 2587 κρύπτων
2421 2514 2470 2568 ἐν
2513 2513 2797 2577 ἐπιεικείας
2857 2514 3137 2588 πλάσματι
3194 2519 3310 2588 (70)
3357 2517 3420 2570 τὸ
3477 2517 3763 2586 κακόηθες.

2114 2606 2418 2679 Τεχμήριον
2478 2601 2533 2658 δέ
2568 2623 2580 2635 ·
2637 2605 2726 2658 καὶ
2783 2606 2884 2679 γὰρ
2941 2607 3039 2660 οὐκ
3096 2605 3156 2658 ἂν
3196 2603 3462 2677 δυναίμην
3493 2603 3767 2681 παραδρα-

2118 2692 2232 2765 μεὶν
2291 2692 2351 2746 τὸ
2401 2688 2608 2765 συμϐὰν
2669 2695 2865 2766 θαῦμα,
2927 2692 3132 2770 σφόδρα
3187 2715 3245 2748 τε
3297 2693 3354 2748 ὅν
3386 2698 3500 2767 (71)
3534 2698 3759 2767 μνήμης

2113 2779 2280 2851 ἄξιον,
2335 2781 2423 2835 καί
2482 2780 2727 2844 πολλοὺς
2787 2780 3068 2837 παιδεῦσαι
3125 2805 3232 2838 των
3291 2779 3493 2837 ἀσεϐῶν
3524 2780 3756 2855 δυνάμε-

2111 2892 2224 2926 νον.

359 2979 591 3037 queam,
627 2965 824 3033 utpote
872 2959 1156 3015 memOria
1206 2959 1500 3031 imprimis
1556 2958 1823 3031 dignum,
1882 2963 2057 3031 atque
2104 2961 2416 3032 ejusmodi,
2479 2965 2541 3016 ut
2594 2960 2910 3033 impiorum
2962 2960 3167 3019 multis
3224 2964 3571 3019 documento
3631 2977 3762 3018 esse

364 3052 568 3126 possit.

430 3141 587 3195 XXV.
621 3137 996 3210 Martyribus,
1030 3141 1094 3191 ut
1121 3137 1400 3207 diximus,
1454 3137 1626 3193 ambo
1658 3137 2004 3193 laborabant
2035 3141 2077 3207 ί]

362 3226 886 3296 munificentiaque
939 3230 996 3280 et
1052 3225 1396 3280 liberalitate
1443 3226 1717 3296 praeclare
1764 3227 1919 3281 inter
1947 3241 2008 3281 se

365 3315 811 3384 contendebant,
843 3319 968 3368 tum
1005 3313 1320 3368 multarum
1361 3330 1645 3369 manuum
1678 3322 2004 3386 opera,tum

2190 3137 2289 3193 KE'
2346 3142 2618 3210 ’Έκαμνον
2683 3137 2775 3210 μὲν
2826 3140 2944 3201 τοῖς
3024 3138 3304 3214 μάρτυσιν,
3385 3135 3516 3212 ὅπερ
3593 3139 3766 3209 εἶπον,

2117 3222 2435 3303 ἀμφότεροι,
2485 3227 2575 3280 καὶ
2615 3225 3132 3304 ἀντεφιλοτιμοῦντο
3167 3227 3436 3302 λαμπρῶς
3469 3226 3766 3298 ἀλλήλοις,

2116 3315 2203 3368 καὶ
2236 3315 2383 3390 χειρὶ
2439 3313 2626 3390 πολλῇ
2675 3319 2785 3388 (72)
2833 3317 2923 3370 καὶ
2975 3315 3181 3390 δαπάνῃ
3226 3317 3319 3370 τὸν
3352 3317 3499 3371 οἶκον
3534 3316 3766 3391 ἐγείρον-

366 3404 569 3460 multis
593 3402 877 3474 impensis
907 3404 1086 3456 eadem
1121 3418 1347 3457 sacram
1379 3408 1763 3458 exstruentes.
1790 3404 2004 3459 Verum

2128 3422 2199 3466 τες
2235 3421 2246 3434 ·
2308 3403 2420 3458 ἐπεὶ
2474 3402 2531 3458 δὶ
2579 3405 2677 3458 οὐκ
2729 3405 2786 3459 έκ
2832 3412 2931 3474 τῆς
2978 3404 3143 3474 αὐτῆς
3206 3406 3593 3480 προαιρέσεως,
3646 3402 3770 3458 οὐδὲ

366 3497 644 3568 quoniam
677 3508 792 3546 non
825 3492 949 3562 pari
978 3492 1277 3546 voluntate
1320 3492 1616 3562 animique
1650 3494 1914 3548 instituto
1945 3495 2004 3548 in

365 3586 474 3639 hoc
506 3599 654 3654 opus
685 3581 1316 3646 incumbebant,idirco
1351 3596 1455 3635 nec
1487 3582 1544 3634 in
1568 3583 1836 3637 eumdem
1871 3599 2006 3653 quo-

362 3687 479 3745 que‘
504 3675 678 3726 ﬁnem
708 3670 871 3724 labor
902 3670 1135 3740 utrique
1166 3669 1898 3741 progrediebatur.Etenim
1923 3672 2003 3726 al-

362 3763 569 3830 terius,
602 3761 713 3816 hoc
745 3764 852 3829 est,
885 3759 1080 3814 fratris
1115 3763 1253 3814 natu
1288 3760 1548 3830 majoris,
1578 3775 1722 3830 opus
1745 3761 2006 3832 perficie-

363 3854 555 3920 batur,
589 3855 764 3920 atque
795 3864 863 3903 ex
895 3847 1116 3903 ratione
1165 3847 1534 3919 procedebat,
1581 3848 1697 3903 Deo
1742 3849 2009 3906 videlicet

363 3955 583 3996 munus
613 3938 757 3992 illud
791 3938 1039 3992 libenter
1067 3936 1437 4002 admittente,
1488 3936 1645 3991 velut
1691 3937 1884 3993 Abelis
1915 3953 2008 3994 sa-

364 4030 672 4097 criﬁcium,
705 4031 858 4081 recte
889 4030 948 4081 et
994 4025 1258 4080 oblatum
1316 4030 1374 4080 et
1422 4024 1677 4081 divisum
1712 4028 1752 4061 ⁸⁷
1785 4043 1797 4080 :
1836 4032 2008 4098 atque

363 4119 485 4173 haec
514 4115 728 4171 oblatio
747 4114 925 4170 veluti
964 4115 1230 4185 quaedam
1253 4115 1628 4186 primogeniti
1649 4116 2009 4172 conseratio

436 4253 475 4284 Π
507 4250 649 4304 Gen.
682 4265 760 4314 1v,
794 4249 846 4301 4.

436 4386 880 4470 (63)..ᾼευτέραις
924 4390 1032 4469 τῶν
1080 4386 1288 4470 ᾇρχῶν.
1337 4390 1596 4470 Cesaris
1644 4390 2012 4470 dignitatem,

362 4460 450 4519 vel
481 4460 1032 4532 militaria'imperia
1061 4460 1370 4533 signiﬁcat,
1404 4462 1620 4531 quibus
1651 4460 1734 4518 ob
1755 4460 2014 4520 teneram

366 4540 591 4590 letalem
627 4534 885 4603 impares
917 4535 1102 4585 erant.

436 4607 548 4676 (64)
579 4600 917 4662 Παιδευταῖς.
952 4601 1179 4676 Nicocle
1209 4601 1268 4655 in
1293 4603 1688 4676 _Gra-mmatz'ca,
1745 4608 2010 4663 Ecebolio

364 4674 960 4745 in'lthetorica,fjuxta
1015 4674 1261 4745 βοοκ-ειη
1293 4674 1393 4728 lib.
1429 4692 1512 4741 ιιι,
1547 4695 1593 4731 c.
1630 4674 1682 4731 l.

434 4751 543 4820 (65)
576 4742 896 4820 Ἐγκύιιλιον
926 4742 1219 4820 παίδευσιν.
1274 4747 1728 4818 Disciplinarum
1789 4752 2008 4819 orbem,

363 4845 390 4871 ‹‹
425 4818 925 4893 EnCyclOpfediam
962 4841 989 4865 n
1024 4818 1339 4889 appellant.

433 4888 882 4962 (66)’Τοῦ“θείου.
920 4911 948 4938 ‹‹
978 4888 1251 4944 Patruom
1284 4905 1397 4944 non
1431 4911 1459 4939 α
1495 4892 1784 4948 avunculo
1817 4916 1845 4941 ››
1877 4909 2012 4949 cum

362 4965 490 5018 Bill.
521 4964 822 5034 Siquidem
858 4978 974 5017 non
1008 4967 1293 5028 materna,
1343 4962 1442 5016 sed
1489 4971 1731 5034 paterna
1760 4970 1886 5020 erat
1914 4981 2013 5020 co-

2117 3493 2192 3554 είς
2250 3491 2442 3566 ὅμοιον
2506 3494 2673 3567 πέρας
2737 3489 3053 3566 προέϐαινεν
3105 3494 3435 3572 ἀμφοτέροις
3474 3495 3500 3547 ὁ
3551 3489 3717 3556 πόνος
3751 3512 3763 3522 ·

2114 3587 2209 3636 τοῦ
2273 3583 2366 3654 μὶν
2413 3584 2512 3658 γὰρ
2561 3583 2623 3636 τὸ
2665 3580 2815 3658 ἔργον
2863 3583 3076 3654 ἠνύετο,
3127 3583 3216 3636 καὶ
3265 3581 3596 3658 κατὰλόγον
3629 3583 3768 3657 ἐχώ-

2117 3688 2220 3745 ρει,
2274 3675 2372 3724 τοῦ
2425 3666 2789 3745 πρεσϐυτέρου
2848 3671 2993 3747 λέγω
3046 3676 3153 3725 τῶν
3212 3669 3478 3749 ἀδελφῶν,
3525 3673 3611 3725 οἶα
3667 3676 3764 3724 τοῦ

2116 3759 2249 3814 Θεοῦ
2303 3761 2401 3828 τὴν
2461 3757 2697 3814 ἐπίδοσιν
2757 3759 2987 3832 ἑτοίμως
3041 3760 3423 3835 προσιεμένου,
3484 3762 3618 3815 κατὰ
3667 3762 3768 3828 τήν

2117 3845 2284 3905 Ἀϐελ
2336 3849 2540 3920 θυσίαν,
2596 3850 2770 3924 ὀρθῶς
2819 3849 2908 3904 καὶ
2959 3852 3408 3925 προσενεχθεῖσαν
3449 3851 3538 3905 καὶ
3572 3849 3768 3924 διαιρε-

2117 3941 2292 3993 θεῖσαν
2329 3958 2342 3971 ·
2372 3939 2460 3992 καὶ
2491 3939 2556 4007 ἦν
2591 3937 2769 4014 ὣσπερ
2803 3937 3155 4014 πρωτοτόκου
3194 3942 3307 4012 (73)
3363 3960 3445 4000 τις
3503 3938 3767 4015 καθιέρω-

2117 4047 2199 4087 σις
2249 4027 2280 4080 ὰ
2329 4022 2568 4087 ἐπιδοσις
2605 4044 2617 4056 ’
2665 4031 2760 4079 τοῦ
2810 4023 2886 4096 δὲ,
2938 4030 3034 4102 φεῦ
3080 4033 3181 4094 τῆς
3232 4026 3468 4082 ἐντεῦθεν
3499 4025 3608 4096 ἤδη
3659 4031 3764 4081 τῶν

2119 4109 2327 4169 ἀσεϐῶν
2389 4112 2611 4187 ἀτιμίας
2653 4116 2763 4189 (74)
2817 4116 2886 4169 τὰ
2943 4113 3140 4170 ἐκεῖθεν
3194 4117 3615 4192 μαρτυρομένης
3658 4117 3769 4189 (75)

2128 4391 2392 4465 μνήμαις.
2416 4390 3024 4462 Theod.,Hist..lib.Ill,
3053 4409 3103 4448 ο.
3137 4396 3192 4463 2,
3224 4393 3392 4462 σηκὸν
3438 4389 3771 4465 ἇίδομήσατο,

2128 4486 2156 4514 ‹‹
2191 4463 2501 4541 basilicam
2531 4466 2803 4541 extruxit_.
2828 4487 2856 4515 »
2880 4470 3128 4532 Sozom.,
3153 4465 3254 4521 lib.
3277 4470 3391 4537 v,2,
3411 4463 3575 4541 τάφον
3603 4467 3774 4536 Maium

2040 4565 2087 4629 Β
2120 4539 2220 4629 τοῦ
2254 4534 2541 4629 μάρτυρος,
2576 4559 2605 4586 α
2634 4536 2971 4629 sepulcrum
2997 4541 3220 4606 Mamre,
3244 4561 3269 4591 ι
3299 4534 3408 4610 vel,
3447 4559 3469 4588 «
3492 4534 3770 4594 'Maman-

2120 4610 2196 4662 tis
2227 4607 2523 4674 martyris,
2559 4631 2589 4658 »
2621 4607 2728 4665 etc.

2194 4680 2306 4750 (70)
2337 4677 2646 4750 Πλάσματι.
2690 4681 2911 4737 Juliani
2961 4679 3318 4752 hypocrisim
3363 4697 3479 4737 non
3537 4685 3773 4736 tantum

2125 4751 2457 4823 Gregorius,
2500 4753 2786 4823 Socrates,
2821 4751 3199 4818 Sozoménus,
3234 4769 3436 4808 verum
3469 4752 3773 4822 etiamipsi

2122 4821 2341 4877 Juliani
2371 4823 2705 4880 laudatores
2735 4821 3046 4892 testantur,
3089 4830 3153 4880 ut
3174 4825 3520 4880 Ammianus
3543 4821 3773 4879 libixu

2124 4909 2182 4966 p.
2214 4895 2342 4965 208,
2374 4899 2430 4949 et
2448 4895 2746 4966 (Libanius
2773 4896 2867 4952 Or.
2903 4897 2989 4951 12.

2195 4962 2562 5042 (71)1Σφόδρα
2613 4985 2680 5042 τε.
2719 4962 2800 5042 ὅν.
2858 4968 2948 5042 Sic
3002 4967 3185 5042 ﬂegg.
3232 4967 3337 5042 hu,
3396 4968 3437 5035 l,
3477 4966 3656 5042 Colb.
3716 4966 3773 5021 3.

363 5035 582 5106 gnatio.
637 5035 952 5111 Utriusque
993 5034 1171 5111 enim.
1197 5038 1468 5111 parentes
1514 5035 1777 5111 germani
1811 5037 2014 5111 fratres
2124 5034 2295 5092 Deest
2325 5034 2717 5096 in'nonnullis
2747 5034 2831 5109 ὅν,
2874 5040 2935 5094 in
2965 5034 3200 5108 aliis-ﬁ,
3229 5039 3287 5094 in
3320 5034 3523 5111 paucis
3554 5042 3782 5094 utrum-

364 5104 570 5173 érant;
622 5121 832 5176 nempe
873 5104 1292 5160 Constantinus

364 5177 557 5233 Julius
625 5177 1004 5232 Constantius

364 5249 660 5323 patrueles
691 5253 857 5323 erant
883 5248 1154 5323 Julianus
1185 5252 1258 5323 et_
1271 5248 1666 5323 Constantius.

435 5323 548 5404 (67)
600 5317 1083 5408 Σπουᾷαιοτάτοις.
1151 5320 1374 5408 τῃαιιηι
1453 5319 1694 5408 optimis
1766 5327 2018 5408 {atque

375 5391 552 5450 etiam
586 5418 612 5444 ‹‹
647 5392 1032 5450 doctissimis.
1096 5413 1123 5440 ››
1158 5391 1486 5462 Utrumque
1545 5393 1741 5447 Graeca
1795 5391 2018 5467 signiti-

365 5472 519 5522 cant.

436 5539 549 5607 (68)
578 5535 995 5610 ΔΧαριεατᾷιτοις.
1034 5533 1188 5610 .Tres
1246 5533 1434 5610 golb._
1459 5533 1878 5610 χρηστοτάτοις,
1932 5539 2017 5593 id-

368 5604 479 5677 que
514 5604 690 5662 etiam
722 5607 1000 5677 scribitur
1031 5604 1090 5659 in
1117 5620 1220 5677 ora
1249 5605 1386 5677 Reg.
1422 5604 1543 5660 bin.

438 5679 550 5748 (69)
616 5675 915 5752 Μαρτύρων
983 5693 1042 5729 τε
1112 5675 1381 5747 μνήμασῐ,
1459 5678 1522 5732 ln
1585 5694 1687 5736 ora
1752 5681 1892 5753 Reg.
1961 5696 2017 5752 y,

1396 5109 1522 5160 ater
1567 5108 1910 5175 Constantii,
1961 5112 2018 5164 et

1070 5181 1236 5249 pater
1283 5177 1504 5249 Juliani
1541 5196 1553 5244 ;
1589 5179 1756 5249 sique
1807 5180 2015 5236 fratres

2127 5122 2310 5252 qu((31.2)
2340 5179 2490 5255 Χιιρὶ
2529 5181 2738 5255 πολλῇ.
2788 5183 2992 5240 Comb.
3045 5204 3075 5232 «
3124 5183 3447 5254 Operamm
3504 5181 3673 5255 capia
3722 5184 3782 5236 et

2127 5256 2724 5446 εαξὲἷιίίρωτοτόκου.
2762 5326 2901 5399 Reg.
2936 5325 2975 5382 ι.
3008 5326 3172 5381 Colb.
3204 5326 3257 5395 3,
3291 5324 3464 5382 Coisl.
3517 5325 3572 5394 4,
3621 5340 3781 5399 πρω-

2127 5413 2222 5448 τοτ
2257 5413 2387 5449 κων.

2201 5469 2314 5611 (74)
2341 5468 2617 5541 ’Δτιμίας.
2657 5469 2818 5526 Colb.
2850 5470 2904 5536 3,
2936 5468 3227 5542 τιμωρίας.

2201 5541 2290 5610 (75
2341 5540 2794 5611 Μαρτυρομένης.
2844 5541 2935 5596 Sic
2980 5541 3160 5611 Regg.
3209 5541 3248 5597 Ι.
3300 5541 3420 5608 bm,
3481 5544 3590 5596 eto.
3625 5537 3773 5596 Εάὶιὶ

2198 5537 2311 5611 (75)
2341 5537 2794 5616 Μαρτυρομένης.
2844 5541 2935 5596 Sic
2980 5537 3160 5616 Regg.
3209 5541 3248 5597 Ι.
3300 5541 3420 5608 bm,
3447 5544 3590 5616 _eto.
3625 5537 3778 5596 Editi

2127 5625 2261 5667 vero
2291 5612 2605 5682 omnes,'et
2634 5614 2860 5670 codices
2890 5612 3587 5689 ραυοίζμαρτυρουμὲνης.
