4148 6290
341 368 460 436 553

1333 359 1624 432 ORATIO
1668 371 1773 432 ιν.
1807 403 1885 415 --
1914 359 2226 432 CONTRA
2275 363 2675 434 JULIANUM
2717 363 2767 435 1'.

3639 371 3761 441 354

338 505 427 561 καὶ
487 507 704 577 μικροῖς
768 500 1047 575 μηνύμασι
1102 501 1168 555 τὰ
1220 501 1426 577 μεγάλα
1483 499 1987 576 προκηρυττούσης,

2129 507 2243 558 ιτειῐ.
2275 504 2529 561 Alterius
2562 512 2759 563 autem
2793 522 3031 574 munus,
3051 499 3196 580 proh
3219 507 3535 584 impiorum
3567 512 3626 567 in
3659 511 3770 568 hac

342 594 521 668 ὥσπερ
572 593 672 662 τὴν
737 592 866 646 Κάἷν
924 590 1104 644 Θυσίαν
1165 592 1192 645 ὁ
1244 595 1350 645 τῶν
1415 590 1699 666 μαρτύρων
1736 590 1862 652 Θεὸς
1897 589 2000 643 ἀπ-

343 685 640 757 επὲμπετῡ.

419 951 527 1017 KC.
565 948 664 1005 Καὶ
723 949 751 1002 ὁ
803 949 896 1020 μὲν
947 941 1146 1015 ἐπόνει,
1196 947 1230 1015 ἡ
1286 943 1342 1000 δὲ
1378 952 1446 1022 γῆ
1501 947 1612 1018 (76)
1661 947 1722 1000 τὸ
1767 946 1996 1015 πονηθὲν

350 1037 644 1094 ἀπεσείετο.
695 1037 790 1090 Καὶ
846 1038 872 1089 ὁ
931 1037 1024 1109 μὲν
1077 1034 1397 1112 ἐφιλονείκει
1456 1033 1690 1107 μᾶλλον,
1740 1037 1774 1104 ἡ
1822 1031 1878 1088 δὲ
1905 1035 2002 1088 ἀπ-

352 1127 505 1200 ηξίου
551 1125 800 1202 δέχεσθαι
849 1124 1132 1198 θεμελίους
1180 1128 1276 1178 τοῦ
1321 1125 1518 1199 σαθροῦ
1693 1125 1828 1200 πρὸς
1858 1123 2003 1178 εὗσέ-

354 1212 524 1285 ϐειαν,
557 1216 640 1269 οἷα
674 1217 856 1289 βοῶσα
883 1215 972 1269 τὸν
1009 1213 1262 1286 ἐσόμενον
1286 1213 1336 1284 ἐξ
1370 1212 1572 1267 ἐκείνου
1617 1214 1834 1286 σεισμὸν
1868 1215 2000 1287 (78),

359 1304 450 1359 καὶ
497 1308 710 1376 τιμῶσα
754 1301 880 1363 τοὺς
928 1304 1203 1378 μάρτυρας
1243 1306 1312 1376 τῇ
1353 1302 1481 1378 πιρῒ
1504 1303 1596 1356 τὸν
1652 1299 2001 1356 ἀσεϐέστατον

354 1391 560 1466 ἀτιμίᾳ.
610 1396 777 1447 Τοῦτο
827 1392 890 1446 τὸ
942 1387 1094 1467 ἔργον
1143 1391 1450 1469 προφητεία
1489 1413 1572 1454 τις
1614 1391 1681 1460 ἦν
1732 1398 1829 1460 τῆς
1861 1390 2008 1444 ὕστε-

357 1502 446 1556 ρον
479 1484 590 1555 (79)
620 1486 716 1536 τοῦ
765 1478 957 1555 ἀνδρὸς
1005 1478 1286 1542 αὐθαδείας
1337 1479 1428 1535 καὶ
1480 1479 1762 1550 ἀπονοίας,
1792 1480 2009 1548 καὶτῆς

358 1571 432 1633 εἰς
485 1570 760 1646 μάρτυρας
806 1569 1047 1642 ἀτιμίας,
1101 1570 1190 1624 καὶ
1239 1570 1364 1646 περὶ
1414 1569 1540 1631 τοὺς
1587 1569 1774 1645 ἁγίους
1829 1565 2009 1632 οίειους

357 1677 735 1735 παρανομιας⁶
794 1658 921 1722 τοὺς
985 1659 1080 1732 μὲν
1136 1656 1340 1722 ἄλλους
1403 1659 1751 1732 λανθάνουσα,
1808 1659 1898 1714 τὸν
1956 1656 2015 1714 δὲ

361 1748 597 1818 διώκτην
644 1747 924 1825 πόρρωθεν
975 1744 1381 1825 προδιώκουσα,
1413 1748 1500 1803 καὶ
1545 1749 1612 1803 τὰ
1638 1754 1737 1818 τῆς
1770 1743 2013 1811 ἀσεϐείας

372 1837 626 1914 ἐπίχειρα
654 1858 830 1913 προση
843 1837 1107 1911 μαίνουσα
1137 1839 1270 1911 (80).

440 2018 532 2072 KZ'
567 2022 634 2071 Ὤ
692 2019 876 2091 ψυχῆς
934 2022 1106 2094 σοφῆς
1159 2015 1234 2078 εἷς
1287 2015 1350 2070 τὸ
1398 2021 1780 2087 κακοποιῆσαι,
1829 2017 1927 2085 τὴν
1962 2012 2019 2072 δὲ

374 2105 513 2162 ἰδίαν
544 2106 608 2161 οὐ
658 2104 964 2184 φευγούσης
1018 2104 1280 2181 βάσανονῑ
1332 2105 1397 2158 Ὠ
1427 2109 1559 2160 Θεοῦ
1587 2105 1648 2159 τὸ
1683 2104 1885 2179 μέλλον
1917 2126 2018 2176 κη-

363 2197 668 2270 ρύττοντος,
709 2192 799 2250 ’ίνα
927 2193 1170 2268 ἀνακόψῃ
1221 2195 1332 2268 (84)
1379 2195 1476 2262 τὴν
1507 2188 1778 2264 ἀσέϐειαν,
1808 2196 1841 2263 ἣ
1878 2191 2019 2268 δείξῃ

361 2287 460 2355 τὴν
509 2285 856 2360 πρόγνωσινί
905 2285 970 2337 Ὠ
1025 2280 1332 2358 παραδόξου
1387 2283 1504 2355 μὲν,
1546 2282 1786 2353 ἀληθοῦς
1819 2281 1875 2337 δὲ
1906 2285 2018 2358 (82)

363 2373 530 2429 πλέον
561 2377 594 2444 ἣ
645 2371 951 2450 παραδόξου
999 2373 1306 2446 θαύματοςι
1359 2378 1425 2426 ’Ώ
1462 2376 1561 2442 τῆς
1590 2377 1698 2427 τῶν
1731 2373 2015 2448 μαρτύρων

363 2462 723 2542 φιλαδελφίας
768 2465 917 2536 (83)!
975 2461 1086 2519 Οὐκ
1136 2459 1378 2532 ἐδέξαντο
1418 2463 1583 2534 τιμὴν
1631 2465 1728 2516 τοῦ
1771 2459 2018 2524 πολλοὺς

369 2553 641 2628 μάρτυρας
693 2552 1090 2624 ἀτιμάσοντνς.
1144 2550 1204 2604 οὗ
1272 2553 1615 2626 προσήκαντο
1674 2553 1787 2625 (84)
1844 2548 2014 2624 δῶρον

363 2647 457 2697 τοῦ
485 2641 732 2703 πολλοὺς
762 2638 1000 2711 ἀθλητὰς
1033 2637 1429 2710 ἀποδείξοντος,
1467 2638 1679 2713 μᾶλλον
1712 2637 1768 2695 δὲ
1818 2641 2018 2718 φθονή-

364 2752 548 2792 σοντος
599 2733 710 2804 (85)
759 2730 849 2784 καὶ
898 2729 1062 2799 αὐτῆς
1108 2732 1220 2803 (86)
1266 2737 1367 2799 τῆς
1420 2728 1726 2799 ἀθλήσεως·
1777 2729 1836 2798 ἢ,
1870 2729 1930 2783 τό
1959 2750 2019 2804 γε

364 2819 719 2895 ἀληθέστερον
777 2817 968 2887 εἰπεῖν,
1037 2818 1135 2872 οὐκ
1199 2816 1426 2894 ἤνεγκαν
1500 2818 1656 2891 μόνοι
1731 2817 2016 2892 μαρτύρων

365 2904 692 2983 ὑϐρίζεσθαι,
738 2913 844 2962 τῶν
899 2905 1082 2962 ἄλλων
1134 2910 1246 2981 (87)
1296 2907 1468 2968 ὁσίαις
1512 2907 1669 2983 χερσὶ
1717 2909 2016 2981 τεθησομέ-

369 3018 474 3050 νων
516 3018 575 3050 τε
620 2997 706 3051 καὶ
754 2994 1329 3073 θεραπευθησομένων,
1379 2993 1504 3050 οὐδὲ
1567 2993 1747 3050 δοῦναι
1799 3001 1878 3068 τῷ
1924 3016 2016 3051 σο-

374 3089 537 3162 φιστῇ
586 3088 681 3152 τῆς
729 3085 914 3148 κακίας
960 3090 1079 3147 ταῖς
1130 3079 1342 3160 ὕϐρεσιν
1392 3084 1834 3160 ἐγκαυχήσασθαι
1867 3104 1878 3117 ·
1928 3082 2018 3140 *ίνα

378 3173 455 3246 μή
489 3179 634 3248 παρᾶ
677 3180 776 3242 τῆς
823 3174 984 3244 αὐτῆς
1036 3175 1223 3250 χειρὸς
1261 3174 1327 3228 τὰ
1362 3175 1454 3248 μὲν
1491 3175 1770 3242 ἀνιστῆται
1805 3173 2016 3250 μαρτύ-

375 3284 483 3339 ρων
539 3265 814 3336 μνήματα,
863 3263 929 3318 τὰ
977 3261 1034 3318 δὲ
1057 3261 1394 3333 καταλύηται
1432 3283 1442 3295 ·
1478 3263 1567 3317 καὶ
1600 3263 1650 3317 οἱ
1686 3263 1778 3334 μὲν
1810 3268 2016 3336 τιμῶν-

369 3373 458 3407 ται
510 3354 799 3428 μάρτυρες,
840 3354 890 3407 οἱ
941 3351 997 3407 δὲ
1048 3351 1414 3426 ἀτιμάζωνται
1467 3354 1602 3426 (88),
1666 3353 1856 3427 μικρὸν
1889 3365 2016 3431 φθα-

363 3441 558 3510 νούσης
591 3449 689 3511 τῆς
723 3441 774 3496 ἐν
807 3443 1050 3516 σχήματι
1080 3448 1248 3514 τιμῆς
1292 3443 1390 3511 τήν
1442 3441 1705 3512 ἀληθινὴν
1753 3441 1970 3515 ἀτιμίαν
2000 3459 2016 3477 ⁶

370 3529 510 3604 μηδὶ
557 3532 693 3606 πρὸς
738 3535 818 3602 τῷ
870 3532 1080 3606 μεγέθει
1133 3538 1233 3600 τῆς
1285 3526 1492 3606 ὕϐρεως
1549 3530 1637 3584 καὶ
1687 3532 1852 3606 σοφὸς
1883 3532 2011 3586 εἶναι

362 3620 560 3694 νομίσῃ
615 3621 741 3696 παρ’
790 3618 986 3692 ἑαυτῷ,
1050 3617 1346 3690 λανθάνων,
1416 3617 1596 3692 ὥσπερ
1673 3620 2010 3694 ἀνθρώπους,

362 3708 504 3763 οὕτω
552 3708 641 3764 καὶ
689 3709 817 3763 Θεὸν
864 3710 954 3763 τὸν
1006 3707 1218 3762 πάντων
1257 3707 1509 3778 ὀξύτατον
1558 3708 1646 3762 καὶ
1679 3709 2008 3786 σοφώτατον.

359 3798 445 3852 καὶ
497 3795 857 3872 δρασσόμενον
907 3797 1034 3858 τοὺς
1084 3795 1282 3875 σοφοὺς
1329 3796 1381 3850 ιν
1438 3801 1507 3870 τῇ
1552 3798 1852 3873 πανουργίᾳ
1916 3798 2009 3853 αὖ·

355 3891 485 3956 τῶν,
521 3884 609 3940 διὰ
636 3891 731 3941 τοῦ
763 3887 1088 3964 φαινομένου
1123 3883 1536 3961 προϐλήματος·
1584 3883 1730 3940 ἀλλὰ
1774 3887 2009 3961 γινώσκῃ

357 3976 678 4051 νορύμενος,
763 3976 851 4030 καὶ
941 3976 1016 4048 μή
1078 3975 1428 4051 ὑπεραίρηται
1525 3971 2010 4048 καταλαμϐανόμε-

357 4086 471 4127 νος.

2113 609 2346 665 quoque
2374 595 2490 651 vita
2507 596 2911 668 ignominiam,
2937 597 3150 653 futuris
3168 599 3343 656 rebus
3360 600 3764 657 testimonium

2109 681 2208 736 89
2259 683 2630 754 praebentem,
2665 703 2731 742 ac
2775 703 2875 758 per
2906 703 3084 758 parva
3134 687 3352 746 indicia
3398 706 3492 746 res
3523 706 3768 762 magnas

2110 772 2622 845 praenuntiantem,
2674 792 2789 830 non
2845 792 3014 831 secus
3066 792 3132 832 ac
3181 777 3343 834 Caini
3394 778 3768 846 sacriﬁcium,

2109 859 2264 915 Deus
2294 867 2614 935 martyrum
2651 864 3020 936 repudiabat.

2179 949 2366 1005 XXVI.
2398 951 2602 1023 Itaque
2647 952 2742 1008 ille
2788 954 3026 1024 quidem
3080 953 3404 1027 laborabat,
3438 956 3540 1012 sed
3591 959 3766 1024 terra,

2111 1039 2263 1108 quod
2293 1039 2652 1096 elaboratum
2703 1041 2912 1108 fuerat,
2945 1043 3289 1100 excutiebat.
3325 1044 3426 1101 Ille
3457 1044 3766 1101 vehemen—

2113 1126 2229 1182 tius
2275 1127 2463 1184 adhuc
2512 1129 2920 1199 obtinebatur;
2970 1130 3090 1186 haec
3138 1132 3394 1189 hominis
3443 1133 3502 1190 in
3555 1133 3771 1205 pietate

2113 1218 2372 1288 corrupti
2424 1217 2806 1276 fundamenta
2835 1236 3039 1293 capere
3079 1222 3452 1291 detrectabat,
3484 1226 3770 1296 tanquam

2115 1309 2343 1361 motum
2393 1322 2548 1375 eum,
2585 1325 2759 1381 quem
2794 1308 2981 1382 ipsius
3026 1310 3218 1367 scelus
3265 1311 3583 1368 allaturum
3623 1317 3768 1382 erat,

2117 1393 2507 1466 proclamans,
2558 1414 2624 1452 ac
2671 1413 2774 1468 per
2820 1397 3158 1470 impiissimi
3208 1399 3468 1456 hominis
3515 1401 3772 1457 dedecus

2120 1488 2404 1556 martyres
2442 1485 2660 1541 honore
2707 1486 2988 1543 afficiens.
3040 1488 3158 1543 Hoc
3209 1505 3356 1560 opus
3408 1489 3774 1558 insequentis

2119 1572 2308 1645 ipsius
2339 1573 2681 1647 arrogantiae
2712 1579 2770 1632 et
2799 1576 3199 1648 contumaciae,
3231 1577 3686 1651 ignominiaque
3715 1579 3776 1633 in

2123 1667 2428 1735 martyres,
2463 1663 2816 1736 scelerisque
2867 1664 2925 1720 in
2957 1665 3108 1721 aedes
3159 1669 3394 1722 sanctas
3435 1667 3778 1724 vaticinium

2125 1751 2418 1820 quoddam
2449 1756 2573 1806 erat
2603 1769 2616 1808 :
2647 1751 2779 1809 aliis
2808 1753 3045 1825 quidem
3076 1753 3466 1828 incognitum,
3499 1759 3774 1813 caeterum

2048 1878 2097 1943 B
2127 1845 2558 1911 persecutorem
2585 1841 2819 1897 eminus
2848 1859 3230 1916 persequens,
3254 1848 3430 1918 atque
3461 1843 3784 1918 impietatis

2127 1945 2329 2001 paenae
2358 1934 2492 1985 ante
2524 1929 2882 2002 significans.

2197 2017 2416 2074 XXVII.
2449 2018 2492 2074 Ο
2523 2019 2848 2092 sapientem
2871 2019 3130 2077 animam
3163 2021 3235 2076 ad
3269 2021 3781 2094 malefaciendum,

2127 2132 2302 2172 suum
2323 2119 2516 2172 autem
2536 2117 2860 2172 cruciatum
2880 2117 3125 2174 minime
3152 2117 3472 2191 fugientem
3490 2117 3502 2174 l
3518 2120 3562 2176 Ο
3585 2120 3786 2193 singu-

2127 2203 2308 2260 larem
2343 2204 2440 2260 Dei
2490 2205 2912 2276 providentiam
2957 2207 3157 2263 futura
3203 2207 3690 2280 proclamantem,
3720 2212 3786 2266 ut

2127 2302 2215 2358 vel
2246 2303 2606 2374 impietatem
2625 2304 3140 2376 compesceret,vel
3163 2305 3590 2377 praescientiam
3613 2323 3784 2364 suam

2127 2402 2586 2458 demonstraret!
2618 2401 2660 2458 Ο
2694 2401 3066 2467 miraculum,
3100 2419 3314 2458 novum
3362 2402 3510 2459 illud
3542 2403 3784 2474 quidem

2127 2498 2184 2546 et
2216 2490 2574 2558 mirandum,
2607 2491 2708 2545 sed
2740 2495 2935 2545 tamen
2963 2491 3158 2546 verius
3189 2508 3364 2562 quam
3399 2491 3735 2548 mirabilius
3765 2489 3782 2546 ι

2128 2587 2171 2642 Ο
2199 2587 2491 2658 insignem
2524 2591 2847 2658 martyrum
2878 2587 3032 2642 inter
3081 2604 3144 2643 se
3172 2588 3517 2644 cbaritatem
3543 2589 3554 2644 i
3592 2591 3788 2646 Hono-

2129 2693 2250 2731 rem
2283 2675 2571 2747 illius,qui
2603 2674 2820 2730 multos
2853 2681 3137 2747 martyres
3166 2677 3492 2748 ignominia
3521 2682 3577 2732 et
3608 2679 3786 2734 dede-

2127 2780 2259 2821 core
2289 2764 2603 2820 ali‘ecturus
2631 2770 2773 2834 erat,
2809 2770 3155 2819 recusarunt
3186 2782 3199 2820 :
3233 2766 3451 2820 donum
3486 2765 3788 2838 illius,qui

2129 2853 2346 2908 multos
2395 2852 2644 2907 athletas
2692 2853 3006 2908 elfecturus
3051 2857 3196 2924 erat,
3245 2853 3332 2908 vel
3384 2854 3575 2924 potius
3623 2855 3787 2926 ipsos

2129 2967 2357 3022 quoque
2390 2950 2658 3020 palaestra
2686 2955 2742 3004 et
2772 2950 3161 3005 decertatione
3190 2965 3293 3021 per
3335 2950 3619 3006 invidiam
3651 2967 3785 3022 pro-

2127 3041 2427 3094 hibiturus
2478 3044 2620 3104 erat,
2674 3053 2788 3092 non
2840 3038 3209 3092 admiserunt
3241 3055 3254 3093 :
3286 3038 3426 3104 imo,
3476 3044 3540 3094 ut
3585 3039 3786 3095 verius

2126 3129 2351 3200 loquar,
2385 3143 2501 3182 non
2533 3126 2796 3191 tulerunt
2824 3125 2933 3180 sibi
2968 3125 3109 3181 solis
3161 3142 3232 3181 ex
3261 3126 3420 3181 omni
3456 3131 3784 3200 martyrum

2051 3237 2094 3306 ο
2132 3241 2379 3282 numero
2410 3223 2826 3280 contumeliam
2855 3223 3077 3290 inferri,
3097 3239 3232 3278 cum
3265 3223 3389 3278 aliae
3421 3224 3573 3280 aedes
3605 3241 3784 3281 sacra

2133 3316 2245 3387 piis
2278 3315 2551 3369 manibus
2603 3312 3008 3367 construenda:
3035 3316 3211 3383 atque
3262 3311 3516 3368 colendae
3564 3319 3783 3384 essent,

2124 3431 2228 3470 nec
2259 3411 2561 3485 pravitatis
2579 3409 2785 3465 artiﬁci
2803 3425 3008 3466 ansam
3041 3410 3298 3482 praebere
3317 3411 3389 3466 de
3405 3409 3782 3467 contumeliis

2123 3505 2235 3560 sibi
2256 3501 2468 3557 inustis
2485 3499 2773 3572 gloriandi
2799 3516 2811 3554 :
2834 3516 2905 3554 ne
2927 3499 2998 3554 ab
3020 3499 3222 3554 eadem
3248 3517 3424 3555 manu
3449 3504 3774 3571 martyrum

2122 3603 2504 3658 monumenta
2533 3597 2744 3667 partim
2790 3595 3170 3668 erigerentur,
3206 3597 3417 3668 partim
3448 3600 3777 3652 everteren-

2119 3696 2252 3757 tur;
2289 3705 2354 3744 ac
2383 3693 2705 3755 martyrum
2759 3685 2856 3741 alii
2888 3686 3126 3756 quidem
3176 3685 3416 3754 honore,
3451 3684 3549 3740 alii
3581 3687 3776 3748 autem

2120 3789 2458 3857 contemptu
2491 3788 2547 3838 et
2576 3783 2857 3838 dedecore
2902 3780 3292 3850 afﬁcerentur,
3327 3782 3458 3836 [icto
3491 3781 3774 3836 nimirum

2119 3895 2184 3933 ac
2231 3874 2506 3932 simulato
2555 3872 2774 3926 honore
2845 3886 3040 3925 veram
3093 3869 3479 3942 ignominiam
3533 3869 3776 3941 paulum

2117 3974 2547 4036 antevertente;
2582 3984 2722 4023 neve
2752 3972 2958 4039 praeter
3004 3966 3372 4022 contumeliae
3413 3967 3778 4038 magnitudi-

2117 4081 2249 4121 nem
2281 4061 2392 4118 sibi
2416 4056 2779 4130 quoqueipsi
2802 4055 3036 4127 sapiens
3058 4055 3370 4122 videretur,
3387 4059 3453 4110 ut
3476 4055 3778 4140 homines,

358 4156 438 4211 ita
467 4156 673 4220 Deum,
708 4154 808 4227 qui
837 4153 1104 4210 omnium
1157 4154 1533 4210 acutissimus
1565 4158 1622 4210 et
1671 4154 2143 4226 sapientissimus
2175 4158 2287 4218 est,
2319 4166 2384 4205 ac
2412 4147 2707 4220 sapientes
2741 4145 2799 4200 in
2843 4144 3059 4201 astutia
3090 4162 3198 4201 sua
3224 4144 3668 4217 comprehendit
3698 4147 3773 4214 η,

357 4261 459 4316 per
485 4251 784 4300 externam
815 4245 1070 4315 speciem
1104 4243 1311 4298 fallens
1343 4261 1356 4299 :
1393 4259 1592 4298 verum
1625 4243 1865 4299 consilia
1896 4262 2002 4302 sua
2031 4252 2228 4319 patere
2258 4239 2628 4309 intelligeret,
2664 4235 3023 4306 minimeque
3053 4235 3250 4291 animo
3282 4235 3602 4306 elferretur,
3624 4235 3778 4291 freu-

369 4336 500 4391 dem
533 4353 701 4390 suam
727 4335 909 4391 teneri
941 4334 1220 4390 sentiens.

428 4462 471 4497 ¹⁸
499 4463 609 4518 Job
638 4480 696 4531 v,
729 4463 818 4518 43.

429 4586 522 4662 (ῖο
547 4587 607 4640 Ἡ
640 4583 696 4640 δὲ
725 4594 813 4662 γῆ.
866 4588 960 4644 Sic
1009 4585 1268 4644 melioris
1322 4591 1470 4643 nota
1521 4585 1769 4642 codices.
1813 4587 1941 4643 Par.
1972 4586 2008 4654 ἡ
2043 4589 2087 4654 D
2117 4583 2294 4662 vitate
2322 4577 2814 4636 existimationem
2835 4577 3130 4648 fidemque
3147 4575 3455 4634 hominum
3479 4579 3778 4637 excedat.»

355 4652 541 4730 γῆῘδέ·

574 4729 802 4803 Σαθροῦ.
859 4729 1085 4803 Billius,
1120 4752 1166 4803 Α‹‹
1212 4744 1366 4800 aegra
1415 4727 1627 4803 pietate
1674 4727 1920 4803 ρνᾶεόξῐὶ,
1982 4748 2009 4777 ν)

355 4797 554 4856 Comb.
584 4823 612 4850 «
641 4797 952 4857 eiulcerati
984 4802 1042 4856 in
1076 4797 1374 4872 pietatem.
1410 4797 1437 4849 ἱ)
1471 4797 1760 4867 Mallem,«
1797 4799 2011 4870 pietate

358 4873 627 4927 carentis.
662 4892 689 4925 υ

425 4944 538 5013 (78)
570 4941 826 5014 Σεισμόν.
877 4943 1001 4998 Non
1054 4943 1240 5011 video,
1293 4941 1374 4996 ait
1424 4943 1646 5008 Comb.,
1681 4942 1821 5014 quid
1871 4939 2010 4996 velit

355 5014 561 5069 Billius
607 5017 703 5084 qui
749 5015 938 5084 vertit,
971 5036 998 5063 «
1032 5020 1194 5068 terrae
1247 5017 1489 5068 motum.
1526 5035 1554 5061 ››
1588 5014 1853 5068 Ecclesiae
1903 5030 2008 5083 po-

352 5086 494 5152 tius,
529 5103 704 5158 quain
738 5093 902 5141 terrae
936 5092 1130 5158 motus
1165 5086 1271 5158 fuit
1300 5085 1508 5158 ingens
1535 5085 1632 5139 illa
1660 5090 2005 5158 tempestas.

353 5156 853 5229 quamiJulianus
885 5156 1417 5229 excitavitLMelius
1460 5172 1595 5227 ergo
1628 5156 1711 5210 sic
1743 5156 2006 5229 reddide-

352 5227 431 5283 ris
481 5245 493 5284 :
549 5252 575 5278 «
631 5230 805 5295 Quasi
853 5229 1120 5282 futurum
1174 5227 1274 5284 illo
1321 5233 1556 5282 auctore
1608 5232 1831 5282 motum
1890 5227 2005 5282 cla-

353 5317 543 5354 mans.
583 5322 609 5348 ))

439 5373 530 5441 79)
561 5376 666 5439 Τῆς
699 5369 936 5444 ὕστερον.
974 5368 1131 5424 Colb.
1165 5369 1351 5444 6,_jcﬁ<
1383 5366 1458 5427 εἷς
1491 5365 1736 5444 ὕστερον.

439 5439 531 5515 80)
563 5439 1041 5515 Προσημαίίνοοσα.
1074 5439 1661 5515 (χιιιᾶὶοἱορῐίοάθηε.
1698 5462 1726 5489 ››

418 5513 530 5584 (81)
561 5510 675 5567 Ἵνα
704 5515 738 5582 ἧ
760 5510 767 5514 ⁷
789 5511 1048 5584 ἀνακόψῃ.
1089 5513 1192 5584 ,Sic
1243 5511 1501 5584 melioris
1529 5517 1696 5584 __notts
1751 5510 2001 5584 codices.

347 5578 616 5670 βεδε-ο,
650 5587 705 5641 b.
729 5578 986 5670 quatuor
1005 5578 1188 5670 Coi‘b"
1209 5587 1394 5670 Pass?
1422 5578 1492 5670 :iv:
1520 5580 1574 5650 ᾗ.
1610 5587 1747 5670 ᾖδε.
1782 5583 1902 5639 bm.
1933 5580 2004 5635 ’ἐν’

345 5651 629 5728 haec“,
654 5651 767 5728 pro
791 5655 1048 5728 ἄνακόψῃ.
1082 5655 1333 5728 Par_._ed_.
1362 5651 1434 5705 *ἶν’
1467 5651 1728 5728 ἀνακόψῃῖ

420 5724 819 5805 (82)’Ᾰλὴοοὖς
872 5725 950 5798 δὲ,
971 5724 1090 5785 etc.
1125 5748 1154 5779 ί(
1185 5724 1416 5793 Verius,
1448 5741 1624 5797 quam
1650 5724 1736 5783 'ut
1764 5742 1871 5783 sua
1899 5741 2003 5782 no-

641 5856 902 5920 PATROL.
937 5857 1047 5918 Gs.
1093 5851 1334 5924 XXXV.

2121 4654 2731 4797 C0([§13}))I¢_t)\a8£)ttpiac.
2765 4741 2794 4771 ‹‹
2828 4719 2870 4775 0
2902 4720 3216 4775 fraternam
3267 4723 3592 4792 martyrum
3637 4720 3774 4777 cha-

2120 4795 2354 4852 ritatem
2380 4795 2393 4849 Ῑ
2426 4816 2453 4845 ››

2213 4869 2304 4938 84)
2340 4865 2711 4939 Προσῇκαντο.
2745 4862 2886 4939 Fteg.
2911 4878 2985 4939 in,
3017 4865 3297 4939 προσ-ἧκαν
3330 4860 3391 4914 τὸ
3416 4856 3617 4939 δῶρον.

2212 4932 2300 5011 85)
2328 4932 2724 5011 Φθοντςσοντος.
2774 4932 2860 4988 Ita
2907 4932 3192 5011 ltegg‘.‘b,
3221 4933 3363 5011 _bm,
3416 4932 3517 4998 hu,
3570 4933 3610 5000 1,
3657 4934 3773 4991 duo

2119 5003 2580 5079 Colbeonnulli
2616 5022 2911 5079 vero_cu_m
2945 5007 3034 5059 ed.
3064 5003 3451 5079 φθονήσαντος.

2189 5083 2301 5151 (86)
2333 5080 2430 5133 Καὶ
2463 5078 2650 5145 αὐτῆς.
2699 5075 3047 5151 ῥιῄίιίΑ-Ιθευ-Πῒ.
3068 5072 3296 5151 ’ἀΰτοῖςτ
3330 5075 3490 5151 Idem
3534 5090 3768 5151 sensus,

2121 5145 2248 5208 utro
2280 5145 2451 5207 modo
2501 5151 2676 5219 legas.
2716 5145 2925 5201 Billius
2970 5146 3108 5216 legit
3139 5145 3344 5219 αὐτοῖς.
3375 5148 3433 5201 Si
3462 5146 3621 5219 legas
3673 5146 3772 5200 αὐ-

2115 5229 2233 5291 τῆς,
2269 5217 2608 5279 vertendum
2635 5237 2694 5275 ;‹‹
2730 5219 2918 5290 Ipsius
2949 5235 3183 5288 quoque
3213 5217 3491 5290 palaestrae
3522 5217 3769 5290 gloriam

2117 5295 2421 5350 invideret.
2458 5318 2478 5347 ι

2189 5368 2295 5434 (87)
2326 5369 2440 5417 Τῶν
2474 5360 2685 5426 αλλων,
2734 5365 2843 5434 etc.
2879 5381 2904 5408 «
2934 5363 3076 5434 cum
3109 5356 3232 5434 _alii
3282 5361 3610 5432 (martyres)
3658 5359 3770 5434 piis

2117 5429 2390 5492 manibus
2447 5433 2774 5506 deponendi
2825 5435 2880 5486 et
2925 5429 3149 5506 colendi
3181 5440 3412 5506 essenl,
3458 5429 3768 5489 exstructis

2116 5509 2337 5564 scilicet
2367 5500 2600 5562 illorum
2634 5500 3367 5573 monumentis,illatisque
3398 5500 3456 5557 in
3490 5519 3557 5558 ea
3586 5506 3770 5562 sacris

2114 5580 2479 5652 pignoribus.
2515 5601 2542 5627 ››
2578 5577 2662 5632 Ita
2692 5575 2891 5652 Comb.
2934 5574 3106 5629 Recte
3137 5573 3396 5645 quidem,
3429 5592 3498 5631 ex
3526 5580 3650 5631 tota
3679 5594 3768 5634 re-

2114 5651 2244 5708 rum
2277 5651 2444 5721 serie,
2479 5651 2728 5721 constat.

2184 5724 2296 5798 (88)
2326 5711 2744 5799 Ἀτίμάζωνται.
2784 5714 2913 5788 Alii,
2946 5711 3319 5790 ἀτιμάζονται.

3411 5844 3489 5936 18.
