4148 6290
376 403 494 467 555

1617 404 1678 462 s.
1731 404 2101 464 GnEGonn
2153 398 2552 467 THEOLOGI

3680 403 3801 476 556

447 536 693 592 XXVIII.
727 532 847 590 Etsi
877 533 1032 589 enim
1066 532 1162 588 ille
1193 537 1515 606 martyrum
1567 535 1720 591 Deus
1749 537 1852 591 90
1910 537 2026 591 im-

2215 539 2336 591 KH'.
2373 537 2434 591 Εἰ
2481 539 2582 613 γὰρ
2632 537 2720 592 καὶ
2767 539 2866 606 τήν
2924 533 3168 594 ἀσέϐειαν
3225 539 3323 595 οὐκ
3372 540 3599 618 ἐπέσχεν
3640 544 3668 598 ὁ
3700 550 3808 599 τῶν

381 629 650 699 pietatem
687 641 797 679 non
842 624 1142 695 repressit,
1176 639 1280 678 nec
1335 623 1546 697 scelus,
1582 626 1733 696 quod
1788 626 2035 681 medita-

376 718 550 771 batur
581 718 753 785 atque
803 713 997 768 animo
1029 713 1349 783 premebat,
1382 713 1539 768 velut
1583 715 1805 769 malum
1853 716 2035 787 quod-

377 807 513 861 dam
544 803 893 876 proﬂuvium
929 802 1124 858 statim
1161 803 1486 871 exsiccarit,
1513 808 1614 858 aut
1658 805 1933 869 inhibuit,
1966 805 2037 859 ob

379 912 477 952 eas
525 910 735 949 causas
783 909 932 964 quas
987 892 1109 963 ipse
1147 909 1250 964 pro
1303 892 1577 947 ineffabili
1630 911 1737 949 sua
1784 893 2042 965 potentia

319 989 321 991 ’
381 982 869 1057 gubernandique
888 981 1110 1036 ratione
1129 981 1390 1053 cognitas
1409 987 1463 1036 et
1491 983 1818 1054 exploratas
1839 983 2038 1054 habet,

380 1090 484 1146 per
511 1089 686 1146 quam
710 1070 1179 1126 Amorrhzeorum
1202 1087 1430 1142 quoque
1451 1071 1815 1143 iniquitatem
1837 1089 2041 1128 cumu-

381 1163 489 1220 lari
541 1167 716 1233 atque
770 1159 985 1231 expleri
1035 1163 1188 1214 certo
1235 1159 1476 1215 consilio
1528 1161 1902 1230 permittebat
1952 1162 2036 1228 ‘9;

380 1257 578 1308 tamen
613 1255 677 1306 ut
705 1248 1002 1321 plerisque
1050 1247 1469 1315 consuleretur,
1505 1249 1846 1320 pravitatem
1882 1249 2038 1304 illam

383 1341 516 1397 odio
547 1344 605 1396 et
637 1338 1008 1394 detestationi
1042 1353 1171 1392 esse
1211 1337 1607 1406 conveniebat,
1641 1337 2042 1409 honoremque

381 1431 538 1486 hunc
570 1428 834 1499 rejici,ac
865 1425 964 1481 Dei
997 1443 1134 1497 erga
1162 1426 1358 1480 omnia
1387 1442 1514 1496 quas
1547 1427 1660 1497 ipsi
1693 1427 2041 1502 offeruntur,

381 1519 718 1591 aequitatem
751 1521 806 1571 et
834 1515 1145 1587 puritatem
1179 1515 1590 1569 demonstrari.

449 1607 636 1664 XXIX.
673 1611 816 1660 Nam
851 1605 948 1676 qui
999 1601 1198 1659 Israeli
1255 1604 1435 1674 impie
1486 1621 1545 1658 se
1599 1605 1820 1676 gerenti
1872 1605 2039 1671 dixit,

379 1701 444 1754 Si
475 1697 732 1754 obtuteris
776 1695 1075 1765 siliginem,
1126 1709 1329 1748 vanum
1354 1697 1431 1747 est
1451 1710 1473 1755 ;
1503 1695 1885 1766 sufﬁmentum
1911 1696 2042 1750 αὸο·

381 1785 618 1842 minutio
663 1784 806 1839 mihi
834 1788 912 1838 est
943 1783 988 1816 9°
1021 1799 1033 1837 :
1069 1781 1284 1853 quippe
1329 1783 1506 1837 etiam
1551 1799 1750 1838 eorum
1803 1788 2042 1839 Neome-

2155 625 2441 699 μαρτύρων
2487 627 2637 697 Θεὸς,
2689 623 2814 680 οὐδὲ
2859 629 2956 696 τὴν
3013 627 3396 702 μελετωμένην
3447 631 3535 684 καὶ
3565 651 3805 705 κρυπτο-

2153 715 2318 784 μένην
2373 715 2558 769 κακίαν
2613 715 2790 788 ὥσπερ
2845 716 3014 792 ῥεῦμα
3061 721 3173 789 (89)
3225 721 3464 792 πονηρὸν
3513 720 3668 785 εὐθὺς
3710 725 3802 777 ἀν-

2151 803 2418 876 εξήρανεν,
2478 805 2512 872 ἢ
2572 804 2850 878 ἀνέκοψεν,
2903 806 2981 868 οἷς
3041 805 3198 869 αὐτὸς
3267 808 3532 877 ἠπίστατο
3593 809 3801 886 λόγοις,

2150 893 2284 946 κατὰ
2338 894 2434 961 τὴν
2496 892 2728 968 ἆρῥητον
2780 894 2943 948 αὐτοῦ
2992 895 3178 972 σοφίαν
3223 917 3282 952 τε
3329 897 3418 951 καὶ
3451 894 3801 973 κυϐέρνησιν,

2149 982 2267 1045 καθ’
2296 983 2361 1050 ἣν
2389 983 2477 1035 καὶ
2524 982 2618 1043 τὰς
2664 982 3006 1060 Ἀμορραίων
3054 985 3282 1058 ἀνομίας
3333 985 3802 1063 ἀναπληρωθῆναι

2152 1069 2419 1142 ᾠκονόμει
2455 1090 2466 1101 ·
2503 1069 2628 1125 ἀλλ’
2661 1066 2764 1124 ἔδει
2794 1074 2892 1142 τήν
2923 1093 2982 1127 τε
3027 1075 3138 1145 (90)
3187 1076 3511 1144 κακοήθειαν
3563 1078 3801 1148 μισηθῆ-

2150 1179 2256 1227 ναι,
2306 1156 2393 1212 καὶ
2439 1160 2536 1226 τήν
2584 1159 2749 1231 τιμὴν
2799 1159 3110 1229 ἀπωσθῆναι
3142 1167 3247 1215 τῶν
3277 1160 3502 1218 πολλῶν
3540 1167 3654 1238 (91)
3687 1163 3802 1220 ἕνε-

2151 1267 2260 1315 κεν,
2293 1247 2382 1300 καὶ
2414 1245 2698 1322 δειχθῆναι
2727 1253 2824 1303 τοῦ
2857 1253 2988 1303 Θεοῦ
3019 1251 3115 1318 τὴν
3148 1251 3272 1326 περὶ
3301 1251 3474 1307 πάντα
3519 1254 3587 1307 τὰ
3627 1274 3802 1329 προσ-

2152 1336 2423 1411 φερόμενα
2455 1336 2677 1406 ἰσότητά
2703 1358 2761 1392 τε
2789 1338 2878 1392 καὶ
2900 1335 3265 1414 καθαρότητα.

2224 1605 2407 1663 ΚΘ’⁴Ο
2462 1605 2562 1679 γὰρ
2621 1603 2785 1658 εἰπὼν
2838 1601 3119 1659 ἀσεϐοῦντι
3184 1603 3264 1677 τῷ
3337 1605 3599 1680 Ἰσραήλ·
3679 1608 3802 1663 Ἐὰν

2152 1690 2493 1769 προσφέρητε
2597 1696 2708 1766 (92)
2801 1691 3102 1766 σεμίδαλιν,
3209 1696 3455 1766 μάταιον·
3556 1697 3803 1770 θυμίαμα

2157 1778 2438 1856 βδέλυγμα
2497 1781 2590 1853 μοί
2639 1781 2770 1836 ἐστι’
2827 1783 2922 1844 τάς
2978 1803 3036 1837 τε
3105 1783 3418 1856 Νουμηνίας
3478 1784 3650 1840 αὐτῶν
3710 1786 3801 1841 καὶ

385 1876 512 1932 nias
544 1878 601 1930 et
631 1874 886 1929 Sabbata
915 1876 971 1926 et
1001 1871 1154 1926 diem
1189 1887 1466 1942 magnum
1503 1873 1772 1943 repudiat
1805 1891 1818 1928 :
1854 1890 2032 1945 neque

2149 1871 2214 1923 τὰ
2273 1865 2545 1942 Σάϐϐατα,
2601 1870 2689 1924 καὶ
2748 1871 2956 1945 ἡμέραν
3003 1870 3244 1947 μεγάλην
3278 1873 3339 1926 οὐ
3397 1878 3754 1950 προσιέμενος
3787 1894 3801 1907 ·

2241 1957 2280 1973 εκ,
2364 1959 2375 1973 ε
2474 1956 2551 1973 α..
2589 1961 2612 1973 η
2790 1957 2808 1973 κ
2849 1961 2860 1973 ,
3045 1960 3070 1973 .,
3261 1959 3284 1973 κ
3355 1961 3366 1973 .
3494 1967 3520 1973 _
3614 1962 3626 1973 .
3669 1965 3688 1973 -

383 1963 539 2019 enim
583 1980 664 2031 se,
699 1978 832 2017 cum
867 1960 1075 2032 plenus
1122 1959 1217 2026 sit,
1252 1958 1369 2014 ulla
1395 1977 1453 2014 re
1486 1961 1744 2031 humana
1776 1968 1833 2016 et
1864 1979 2039 2033 parva
2073 1958 2098 1973 "

384 2069 531 2126 Opus
562 2053 794 2119 habere,
828 2055 892 2104 ut
943 2049 1180 2120 indigne
1211 2048 1382 2103 etiam
1436 2049 1649 2105 oblatis
1693 2052 2038 2106 muneribus

383 2143 702 2199 delectetur
735 2157 747 2195 :
782 2144 838 2195 et
865 2138 1051 2210 iniqui
1084 2137 1338 2192 hominis
1370 2138 1744 2207 sacrificium,
1767 2142 2038 2210 quamvis

382 2233 556 2288 etiam
587 2229 837 2286 vitulum
872 2231 1105 2295 mactet,
1141 2227 1310 2298 quasi
1363 2243 1565 2284 canem
1607 2234 1942 2284 exsecratur
1972 2231 2038 2297 ²¹,

380 2326 437 2378 et
483 2321 623 2376 thus
654 2317 823 2391 quasi
855 2316 1306 2386 blasphemiam,
1341 2333 1405 2370 ac
1461 2317 1784 2372 meretricis
1817 2335 2035 2372 merce-

379 2414 510 2467 dem
545 2427 578 2466 a
625 2407 842 2478 templo
875 2405 1225 2461 exterminat
1256 2409 1426 2474 atque
1459 2405 1694 2474 excutit,
1732 2424 2036 2479 unumque

376 2503 521 2558 illud
555 2496 987 2555 sacrificiumin
1022 2494 1202 2565 pretio
1220 2493 1584 2563 habet,quod
1610 2513 1768 2564 purae
1803 2514 2011 2553 manus

378 2597 435 2648 et
466 2607 632 2646 mens
665 2584 892 2641 excelsa
921 2588 978 2638 et
1007 2583 1076 2636 ab
1109 2583 1266 2636 omni
1296 2581 1563 2636 vitiorum
1620 2583 1751 2638 labe
1783 2563 2036 2667 expiata:

381 2680 699 2753 purissimo
733 2672 958 2728 numini
981 2671 1232 2726 offerunt
1255 2670 1421 2740 ;quid
1457 2671 1760 2738 mirum,si
1787 2676 1936 2729 idum
1966 2694 2036 2731 ηρ

380 2773 661 2825 honorem
697 2763 934 2836 quidem
967 2773 1306 2828 cum,quem
1342 2760 1451 2813 iste
1475 2759 1749 2815 scelerate
1780 2779 1845 2816 ac
1864 2764 2040 2837 scele_

379 2864 508 2916 rata
538 2858 731 2911 mente
778 2851 1076 2914 offerebat,
1123 2846 1416 2918 suscepit;
1451 2847 1566 2914 ille,
1624 2848 1890 2920 inquam,
1936 2868 2036 2924 qui

379 2965 496 3004 non
529 2946 790 3001 humano
824 2953 983 2995 more
1010 2936 1314 3008 conspicit,
1336 2952 1440 2991 nec
1463 2939 1713 3008 speciem
1739 2945 2036 2997 externam

380 3039 632 3109 spectat,
664 3047 863 3088 verum
899 3027 1191 3084 occultum
1224 3025 1522 3080 hominem
1557 3027 1620 3098 9’,
1655 3035 1829 3098 atque
1859 3030 2037 3086 inter-

380 3143 517 3183 nam
549 3123 672 3178 vitii
703 3120 789 3176 vel
812 3117 1047 3174 virtutis
1077 3115 1370 3171 ofﬁcinam
1403 3116 1899 3189 intuetur?Atque
1931 3120 2038 3176 hoc

378 3215 614 3286 quidem
661 3209 774 3266 tale
830 3211 936 3263 est.
971 3206 1132 3272 Quod
1184 3204 1230 3259 si
1283 3205 1415 3275 quis
1465 3204 1608 3258 mihi
1658 3206 1852 3261 minus
1903 3194 2036 3263 fidei

2155 1957 2419 2034 μηδὲγὰρ
2471 1956 2695 2027 δεῖσθαι,
2746 1957 2986 2035 πλήρης,
3033 1960 3127 2032 ὣν,
3173 1959 3408 2033 μηδενὸς
3455 1967 3562 2017 τῶν
3603 1962 3806 2040 ἀνθρω-

2148 2047 2317 2103 πίνων
2376 2069 2434 2102 τε
2490 2047 2577 2104 καί
2642 2052 2869 2122 μικρῶν,
2923 2047 3012 2103 ’ίνα
3065 2050 3233 2126 χαίρῃ
3284 2050 3374 2105 καὶ
3430 2057 3548 2113 τοῖς
3584 2053 3808 2123 ἀναξίως

2148 2138 2648 2215 προσφερομένοιςο
2698 2139 2796 2208 τήν
2844 2159 2902 2192 τε
2947 2143 3042 2193 τοῦ
3100 2138 3304 2212 ἀνόμου
3365 2141 3574 2214 θυσίαν,
3633 2141 3729 2197 κᾶν

2154 2227 2385 2303 μόσ-(ος,
2467 2226 2539 2288 ὡς
2611 2227 2769 2288 κυνὸς
2834 2229 2947 2300 (93)
3025 2225 3475 2303 βδελυττόμενος,
3557 2230 3648 2285 καὶ
3735 2232 3812 2294 ὡς

2153 2314 2503 2393 βλασφημίαν
2553 2316 2644 2369 τὸν
2708 2311 2951 2383 λίϐανον,
2997 2317 3086 2371 καὶ
3138 2314 3398 2393 ἄλλαγμα
3453 2319 3665 2395 πόρνης
3727 2319 3806 2393 ἐξ-

2149 2405 2344 2481 ορίζων
2374 2410 2469 2459 τοῦ
2501 2405 2648 2480 ἰεροῦ
2696 2405 2784 2458 καὶ
2834 2401 3244 2479 ἀποσειόμενος,
3299 2407 3468 2480 μόνην
3523 2405 3580 2463 δὲ
3622 2409 3804 2472 θυσίαν

2145 2498 2344 2565 τιμῶν,
2405 2492 2470 2562 ἥν
2535 2493 2762 2564 καθαραὶ
2835 2497 2915 2565 τῷ
2987 2495 3352 2570 καθαρωτάτῳ
3434 2496 3802 2573 προσφέρουσι

2147 2589 2350 2658 χεῖρες,
2399 2580 2487 2635 καί
2535 2586 2660 2642 νοῦς
2712 2579 2922 2654 ὑψηλός
2971 2603 3029 2636 τε
3057 2583 3146 2638 καὶ
3173 2584 3500 2659 ἡγνισμένος
3541 2605 3554 2621 ·
3592 2586 3643 2640 τί
3675 2599 3801 2650 θαυ-

2150 2672 2368 2742 μαστὸν,
2415 2670 2460 2724 εί
2509 2667 2647 2742 μηδὲ
2689 2672 2786 2739 τήν
2837 2670 3039 2727 ἐκείνου
3085 2674 3252 2746 τιμὴν
3297 2673 3650 2750 προσεδέξατο
3690 2697 3793 2731 πο-

2145 2764 2328 2834 νηρῶς
2381 2782 2440 2814 τε
2493 2758 2582 2813 καὶ
2637 2761 2769 2833 μετὰ
2810 2768 3051 2836 πονηρᾶς
3097 2769 3196 2831 τῆς
3248 2759 3484 2826 διανοίας
3513 2783 3792 2839 προσαγο-

2151 2851 2336 2922 μένην,
2383 2849 2410 2902 ὁ
2462 2851 2535 2920 μὴ
2580 2851 2823 2924 καθορῶν
2855 2850 2928 2911 ὡς
2962 2849 3237 2924 ἅνθρωπος
3269 2854 3400 2924 (94),
3455 2849 3594 2924 μηδὲ
3625 2851 3702 2913 εἰς
3727 2854 3792 2907 τὸ

2147 2938 2469 3015 φαινόμενον
2504 2937 2744 3011 βλέπων,
2776 2935 2902 2992 ἀλλ’
2947 2939 3021 3000 εἰς
3070 2939 3159 2993 τὸν
3209 2941 3441 3013 κρυπτὸν
3482 2941 3790 3014 ἄνθρωπον,

2145 3027 2233 3080 καὶ
2287 3026 2362 3086 εἷς
2415 3026 2473 3080 τὸ
2522 3021 2670 3079 ἔνδον
2720 3033 2818 3094 τῆς
2866 3026 3052 3088 κακίας
3100 3027 3266 3096 ἣτῆς
3298 3027 3490 3102 ἀρετῆς
3525 3028 3794 3104 ἐργαστή-

2148 3135 2261 3190 ριον
2289 3134 2301 3184 ;
2334 3119 2501 3169 Τοῦτο
2539 3115 2629 3187 μὲν
2665 3111 2729 3183 δὴ
2763 3119 2980 3169 τοιοῦτο
3006 3134 3018 3148 ·
3064 3116 3152 3169 καὶ
3203 3113 3254 3170 εἴ
3295 3138 3374 3179 τις
3406 3117 3636 3190 ἀπιστεῖ,
3670 3119 3796 3178 τοὺς

2144 3205 2493 3276 τεθεαμένους
2527 3201 2720 3264 αὐτοὺς
2752 3200 3226 3276 ἐπιμαρτυρόμεθα
3252 3223 3264 3236 ο
3297 3205 3500 3260 πολλοὶ
3535 3202 3592 3259 δέ
3639 3205 3792 3276 εἶσιν,

376 3274 713 3358 habendum
763 3299 950 3368 putat,
982 3311 1080 3348 eos
1128 3274 1310 3363 ipsos,
1341 3292 1438 3362 qui
1490 3295 1818 3364 spectaculo
1852 3296 2027 3352 inter-

2149 3291 2192 3346 οἳ
2222 3293 2310 3346 καὶ
2362 3295 2496 3364 ἡμῖν
2531 3291 2618 3345 καὶ
2645 3295 2762 3352 τοῖς
2812 3287 2995 3345 ἔπειτα
3022 3292 3084 3346 τὸ
3120 3293 3300 3366 θαῦμα
3323 3297 3483 3349 τοῦτο
3515 3294 3792 3370 παρέπεμ-

379 3393 556 3457 fuere,
588 3392 766 3444 testes
798 3385 1116 3457 producam
1151 3401 1162 3437 :
1201 3398 1333 3435 nam
1360 3381 1573 3436 multos
1605 3383 1809 3450 habeo,
1843 3386 1940 3456 qui
1975 3391 2032 3441 et

379 3482 449 3538 ad
482 3495 588 3535 nos
605 3477 713 3533 hoc
731 3473 1078 3530 miraculum
1099 3470 1574 3538 transmiserunt,
1594 3476 1651 3526 et
1667 3473 1736 3527 ad
1762 3479 2029 3544 posteros

378 3566 801 3628 transmittent.

451 3657 610 3714 XXX.
647 3657 1030 3723 Posteaquam
1064 3653 1257 3705 autem
1291 3648 1360 3703 ad
1393 3648 1612 3704 virilem
1647 3654 1875 3707 aetatem
1901 3653 2025 3723 jam

380 3745 697 3821 progressi,
731 3739 1113 3816 philosophia:
1165 3738 1376 3810 placita
1424 3738 1811 3808 degustarunt
1853 3743 2025 3812 (quod

381 3837 608 3893 utinam
629 3846 932 3902 nunquam
952 3827 1227 3882 fecissent
1251 3823 1287 3897 Σ)
1304 3825 1651 3897 dicendique
1670 3827 2027 3896 facultatem,

383 3943 510 3998 qua:
541 3929 605 3981 ut
635 3921 834 3995 probis
855 3923 912 3975 et
931 3916 1191 3973 honestis
1220 3913 1450 3968 virtutis
1480 3913 1934 3970 instrumentum
1963 3934 2028 3973 ac

383 4013 716 4071 subsidium
748 4015 853 4078 est,
885 4008 966 4062 ita
1014 4004 1296 4076 improbis
1327 4007 1384 4058 et
1430 4003 1735 4074 ﬂagitiosis
1765 4005 1887 4059 vitii
1919 4006 2027 4060 sti-

382 4103 582 4159 mulus
612 4100 882 4166 efficitur,
902 4098 1141 4167 insuper
1161 4098 1633 4163 assumpserunt,
1648 4093 2026 4164 minimejam

382 4192 539 4247 omni
571 4207 637 4244 ex
669 4193 832 4260 parte
862 4186 1131 4241 morbum
1163 4183 1357 4237 animo
1390 4183 1652 4236 clausum
1687 4187 1903 4249 tenere,
1925 4201 2030 4240 nec

379 4279 700 4352 impietatis
732 4277 993 4331 fraudem
1029 4289 1267 4344 prorsus
1287 4288 1485 4326 secum
1518 4271 1817 4341 ipscsolus
1853 4275 2028 4327 medi-

378 4368 488 4425 tari
520 4370 763 4439 poterat.
799 4364 945 4427 Quin
972 4362 1184 4433 potius,
1216 4360 1708 4430 quemadmodum
1742 4362 1932 4432 ignem
1968 4363 2024 4415 in

377 4457 624 4514 materia
670 4455 972 4516 latentem,
1005 4448 1234 4505 etiamsi
1286 4447 1546 4502 nondum
1580 4448 1637 4502 in
1669 4447 2024 4504 luculentam

380 4548 679 4602 ﬂammam
703 4540 1019 4609 attollatur,
1036 4538 1353 4593 emicantes
1380 4543 1570 4591 tamen
1593 4537 1858 4592 scintilla:
1883 4556 2028 4610 qua:-

2141 3382 2242 3455 ψάν
2273 3403 2330 3436 τε
2359 3382 2446 3435 καὶ
2479 3380 2952 3456 παραπέμψουσιν.

2209 3650 2286 3704 A'.
2317 3646 2464 3701 Ἐπεὶ
2508 3643 2564 3700 δὲ
2613 3645 2686 3708 εἷς
2738 3643 2932 3721 ἄνδρας
2975 3644 3254 3721 προϊόντες
3301 3644 3410 3718 ἤδη
3461 3652 3568 3702 τῶν
3616 3647 3667 3704 ἐν
3698 3671 3787 3727 φι-

2139 3735 2372 3813 λοσοφίᾳ
2403 3733 2690 3810 δογμάτων
2737 3736 2939 3807 ἥψαντο
2988 3735 3084 3808 (ὡς
3136 3737 3347 3807 μήποτε
3388 3732 3599 3813 ὣφελον
3629 3738 3666 3806 ί)
3696 3737 3788 3791 καὶ

2135 3827 2232 3894 τήν
2270 3825 2328 3880 έκ
2353 3829 2449 3879 τοῦ
2491 3822 2660 3898 λόγου
2704 3819 3153 3898 προσελάμϐανον
3204 3821 3444 3897 δύναμιν,
3544 3831 3660 3886 τοῖς
3690 3826 3786 3898 μὶν

2141 3915 2424 3970 ἐπιεικέσιν
2454 3913 2650 3988 ἀρετῆς
2697 3911 2891 3981 ὅπλον,
2929 3917 3046 3974 τοῖς
3096 3910 3152 3967 δὲ
3205 3915 3641 3990 μοχθηροτέρως
3673 3916 3792 3969 κέν-

2139 4025 2262 4079 τρον
2291 4002 2478 4064 κακίας
2532 4000 2760 4076 γίνεται,
2811 4001 2988 4055 οὐκέτι
3032 4002 3280 4077 κατέχειν
3332 4000 3469 4073 ὅλην
3499 4004 3597 4072 τήν
3630 4003 3785 4060 νόσον

2139 4093 2249 4153 οἶός
2279 4113 2337 4145 τε
2367 4094 2454 4162 ἦν,
2488 4088 2613 4145 οὐδὲ
2643 4087 2920 4151 παντελῶς
2946 4093 3034 4143 τὸν
3080 4097 3179 4159 τῆς
3231 4086 3472 4153 ἀσεϐείας
3517 4090 3678 4147 δόλον
3732 4093 3785 4148 ἐν

2139 4183 2310 4252 ἑαυτῷ
2363 4181 2514 4253 μόνῳ
2560 4177 2911 4257 φιλοσοφεῖνο
2950 4178 3073 4234 ἀλλ’
3105 4179 3284 4254 ὥσπερ
3325 4185 3430 4254 πῦρ
3465 4181 3784 4259 ἐμφωλεῦον

2139 4269 2263 4342 ὕλῃ.
2295 4270 2388 4324 κᾶν
2445 4272 2611 4342 μήπω
2664 4270 2800 4342 πρὸς
2833 4266 3010 4345 ςιλόγα
3062 4268 3313 4345 λαμπρὰν
3365 4270 3520 4345 ἀρθῇ,
3557 4279 3786 4341 σπινθῆ-

2140 4357 2223 4434 ρές
2272 4378 2412 4418 τινες
2461 4357 2775 4426 ἐξάπτοντες
2828 4359 2940 4430 (95)
2989 4358 3022 4426 ἢ
3072 4358 3272 4420 καπνὸς
3324 4356 3381 4412 ἐκ
3416 4359 3611 4434 βάθους
3654 4360 3787 4414 ὑπο-

2137 4447 2516 4520 σημαίνουσιν’
2575 4444 2619 4499 εἰ
2674 4444 2862 4518 βούλει
2911 4444 2988 4516 δὲ,
3037 4450 3143 4500 τῶν
3204 4451 3397 4520 πηγῶν
3425 4446 3481 4501 αἵ
3510 4451 3786 4525 σήραγγας

2137 4557 2284 4598 τινας
2336 4533 2731 4610 ὑποτρέχουσαι
2792 4535 2924 4607 μετᾶ
2982 4534 3313 4608 πνεύματος,
3381 4535 3473 4590 εἶτ’
3545 4537 3788 4614 εὐρυχω-

377 4635 535 4702 dam,
569 4637 672 4690 aut
724 4632 921 4686 fumus
953 4644 980 4682 e
1027 4627 1311 4696 profundo
1360 4626 1772 4695 subindicant;
1806 4634 1928 4694 aut,
1979 4629 2027 4682 si

2149 4626 2253 4680 θίαν
2283 4625 2382 4679 οὐκ
2411 4623 2655 4699 ἔχουσαι,
2690 4620 2814 4677 οὐδὲ
2859 4620 3096 4696 διέξοδον
3154 4623 3457 4701 ἐλευθέραν,
3489 4625 3786 4701 πολλαχοῦ

376 4723 578 4793 mavis,
615 4718 1109 4794 quemadmodum
1165 4716 1349 4770 fontes
1379 4715 1486 4782 illi,
1518 4717 1615 4786 qui
1670 4733 1770 4787 per
1817 4734 2026 4788 specus

372 4816 465 4869 9|
503 4811 789 4885 quosdam
823 4825 955 4863 cum
981 4806 1118 4860 ﬂatu
1153 4805 1557 4868 volvuntur,ac
1589 4806 1795 4860 deinde
1827 4807 2027 4860 arctis-

370 4904 519 4960 sime
540 4899 885 4973 compressi,
906 4913 1009 4952 nec
1037 4896 1283 4951 liberum
1309 4897 1524 4949 exitum
1560 4894 1862 4959 habentes,
1882 4895 2026 4948 mul-

367 4990 444 5045 tis
473 4995 636 5044 terra:
668 4988 809 5042 locis
859 5000 1128 5055 vaporem
1177 4984 1234 5036 in
1289 4982 1537 5036 sublime
1586 4981 1847 5048 mittunt,
1881 4981 2024 5034 taci-

441 5114 486 5147 ¹⁹
517 5111 654 5168 Gen.
692 5127 785 5177 xv,
813 5110 900 5164 16.
979 5109 1024 5142 2°
1055 5109 1166 5163 lsa.
1201 5107 1242 5174 1,
1273 5107 1359 5160 13.
1438 5106 1481 5139 εί
1516 5104 1679 5159 Deut.
1709 5121 1869 5172 xxui,
1905 5104 1992 5160 -f8.

438 5247 550 5318 (89)
582 5245 795 5316 Ῥεῦμα.
821 5237 1375 5318 -Μρῐιῐ-ᾶΟᾎΙΘξςὶιγρεύ
1385 5257 1530 5318 ματι.

439 5247 528 5318 (89
582 5247 795 5316 Ῥεῦμα.
831 5247 1076 5298 Montac.
1116 5247 1256 5312 legit
1288 5247 1530 5312 ῥεύματι.

439 5247 550 5389 (9οἒ
573 5318 679 5384 Τήν
707 5315 948 5389 salii”.
985 5313 1231 5389 in__0rat._
1264 5317 1393 5364 Bas.
1426 5311 1633 5389 τῆν-γε.

434 5380 545 5470 (91)
573 5380 686 5441 Τῶν
721 5384 1004 5440 πολλῶν.‹‹
1043 5385 1111 5439 Ut
1143 5383 1312 5454 vulgo
1345 5380 1744 5436 consuleretur
1770 5397 1835 5434 ac
1866 5381 2013 5436 mul-

361 5463 944 5617 tithnglij.Pzwégpﬂ.
998 5528 1135 5616 peg,
1169 5542 1220 5591 ει,
1272 5524 1328 5591 b,
1380 5519 1707 5597 προσφέρῃς,
1757 5523 2005 5580 Montac.

360 5601 699 5675 προσφέρεις.
731 5601 793 5652 In
825 5601 933 5655 lsa.
963 5601 1179 5672 φέρητε.

429 5673 542 5742 (93)
570 5672 659 5742 Ὣς
690 5668 869 5742 κυνός.
905 5671 1053 5742 Reg,
1079 5669 1122 5736 l,
1154 5665 1438 5742 etpCom'b.
1472 5663 1545 5742 ὡς
1577 5661 1728 5742 κύνα,

427 5737 538 5829 (94)
571 5741 656 5806 Ὡς
690 5737 1162 5815 ἅνθρωποςῖἰῖθξς.
1216 5739 1334 5809 bm,
1368 5737 1566 5793 Comb.
1602 5737 1815 5810 aliique
1859 5754 2003 5794 non-

2135 4721 2232 4783 τῆς
2275 4720 2378 4788 γῆς
2430 4713 2732 4790 ἀναφυσῶσι
2781 4710 2870 4766 καὶ
2916 4712 3192 4787 ὑπηχοῦσι
3238 4714 3498 4784 κάτωθεν,
3553 4715 3655 4770 ὑπὸ
3692 4719 3786 4788 μὶν

2134 4809 2233 4872 τῆς
2280 4806 2391 4875 (96)
2447 4807 2542 4856 τοῧ
2599 4801 2900 4872 πνεύματος
2955 4801 3350 4875 ἀνωθούμεναι,
3412 4804 3510 4857 ὑπὸ
3568 4803 3624 4857 δὲ
3679 4813 3782 4874 τῆς

2137 4891 2335 4946 ἄνωθεν
2400 4891 2518 4966 βίας
2575 4889 2934 4964 κατεχόμεναί
3007 4911 3062 4943 τε
3125 4891 3214 4944 καὶ
3295 4891 3727 4964 ἀνακοπτόμεναι
3767 4915 3778 4927 ·

2135 4980 2276 5035 οὕτω
2337 4980 2421 5035 καὶ
2496 4979 2654 5041 αὐτὸς
2727 4979 2790 5033 τὸ
2849 4978 2942 5052 μὶν
3012 4976 3155 5034 πολὺ
3207 4986 3309 5049 τῆς
3365 4976 3604 5042 ἀσεϐείας
3657 5003 3786 5038 κατ-

2071 5107 2115 5140 ²²
2147 5108 2166 5161 Ι
2199 5106 2349 5161 Petr.
2385 5123 2470 5172 Ill,
2505 5106 2555 5159 4.

2127 5239 2274 5295 nulli
2305 5241 2530 5294 addunt
2558 5236 2788 5295 καίδοι.
2831 5260 2856 5292 «
2887 5239 2992 5304 Qui
3029 5256 3140 5294 non
3174 5239 3255 5295 ita
3301 5240 3476 5308 videt,
3511 5244 3576 5296 ut
3607 5241 3783 5297 homo

2127 5313 2458 5383 perviderit.
2496 5333 2522 5360 »

2196 5384 2306 5455 (95)
2341 5381 2806 5455 ’EgimovtacJta
2837 5381 3102 5455 quinqpe
3117 5380 3274 5453 Regii
3310 5382 3526 5455 aliique
3557 5383 3778 5455 plures.

2121 5451 2259 5523 Reg.
2290 5451 2389 5509 'bm
2410 5451 2482 5508 ὀι
2512 5454 2669 5509 Colb.
2705 5455 2743 5507 k
2773 5451 3354 5520 ὴοῦθηιέξάπτόνται.

2193 5527 2304 5596 (96)
2333 5527 2457 5592 Τῆς.
2492 5531 2623 5598 Non
2648 5526 2946 5594 inelegans
2979 5524 3072 5598 hic
3103 5525 3388 5598 articulus
3421 5525 3521 5598 qui
3555 5525 3626 5582 ad
3661 5523 3778 5598 βίας

2119 5598 2318 5651 referri
2351 5603 2578 5669 potest;
2613 5596 2767 5651 hunc
2815 5602 3009 5653 tamen
3042 5596 3101 5651 in
3137 5596 3296 5653 nullo
3328 5596 3526 5656 codice
3558 5596 3774 5674 reperi-

2119 5685 2272 5724 IDUS.
