4148 6290
383 430 494 491 561

1378 435 1673 494 ORATIO
1717 435 1822 494 IV.
1857 468 1933 477 —
1966 433 2276 494 CONTRA
2323 427 2724 493 Ji'LlANUM
2767 428 2816 488 ῐ.

3685 426 3805 489 562

382 561 469 615 καὶ
527 567 627 631 τῆς
674 558 785 616 ἐκεῖ
835 556 996 633 δόξης
1054 560 1573 637 κληρονομήσαντα,
1641 564 1729 620 καὶ
1779 568 1995 619 τοσοῦτε

2113 626 2117 632 ,
2148 581 2327 636 quam
2360 568 2425 618 ut
2458 580 2489 617 a
2521 579 2613 618 me
2650 560 2995 628 reprehendi
3045 560 3277 623 debeas,
3311 562 3511 629 utpote
3538 559 3637 629 qui
3689 564 3802 615 Deo

386 652 875 725 μεταχωρήσαντα,
957 650 1079 705 ὅσον
1163 651 1476 723 μεταθέσθαι
1552 654 1650 721 τήν
1734 652 2033 729 βασιλείαν)

378 738 497 794 τίνα
531 738 732 809 ταύτην
788 735 1095 794 ἐϐουλεύσω
1150 740 1378 813 βουλὴν,
1430 743 1643 797 πάντων
1686 742 1886 797 συνέσει
1947 742 2032 797 καί

380 828 636 904 ἀγχιεοίᾳ
681 830 817 883 κατὰ
865 827 1009 883 πολὺ
1056 826 1342 907 διαφέρων,
1395 830 1455 885 οὗ
1503 836 1608 886 τῶν
1653 831 1739 885 ἐπὶ
1793 837 1888 886 σοῦ
1921 835 2033 903 (22)

382 916 650 992 βασιλέων
690 917 875 989 μόνον,
910 917 1056 972 ἀλλὰ
1101 919 1189 973 καὶ
1236 924 1343 973 τῶν
1374 916 1672 995 ἔμπροσθεν
1701 940 1713 988 ;
1748 922 1775 975 ὁ
1804 921 1866 974 τὸ
1903 922 2030 995 βαρ-

379 1008 597 1080 βαρικὸν
650 1006 1020 1082 ἀνακαθαίρων
1068 1006 1274 1079 κύκλῳ,
1324 1007 1412 1062 καί
1460 1008 1584 1069 τοὺς
1647 1006 1786 1063 οἷ’κοι
1836 1011 2029 1081 τυράν-

371 1116 495 1157 νους
545 1096 926 1172 χειρούμενος,
972 1095 1099 1157 τοὺς
1149 1096 1242 1168 μὶν
1289 1103 1405 1158 τοῖς
1438 1095 1643 1172 λόγοις,
1671 1097 1796 1158 τοὺς
1828 1096 1883 1152 δὲ
1911 1104 2029 1159 τοῖς

375 1183 592 1256 ὅπλοις,
648 1184 737 1238 καὶ
785 1184 993 1239 τούτων
1041 1185 1288 1260 ἑκάτερον
1334 1187 1409 1245 ὡς
1446 1184 1612 1259 μηδὲν
1649 1188 1750 1240 ὑπὸ
1782 1192 1876 1241 τοῦ
1913 1187 2024 1240 ἑτέ-

386 1292 481 1346 ρου
542 1272 979 1347 διοχλούμενος·
1033 1271 1094 1327 οὗ
1143 1273 1355 1347 μεγάλα
1408 1276 1498 1346 μὲν
1544 1275 1777 1350 τρόπαια
1814 1277 1880 1329 τὰ
1914 1278 2027 1347 μεθ’

380 1360 567 1416 ὅπλων
624 1361 715 1415 καὶ
778 1366 983 1436 μάχης,
1037 1362 1205 1433 μείζω
1256 1359 1313 1415 δὲ
1361 1364 1450 1416 καὶ
1496 1364 1916 1439 περιφανέστερα
1962 1364 2027 1418 τὰ

372 1448 715 1526 ἀναίμακταθ
751 1451 886 1523 πρὸς
945 1450 1001 1503 ὅν
1079 1449 1167 1503 καὶ
1239 1450 1292 1503 αἱ
1350 1451 1685 1525 πανταχόθεν
1745 1446 2025 1526 πρεσϐεῖαι

369 1538 459 1592 καί
488 1538 683 1593 ίκισίαι
708 1524 720 1571 λ
756 1540 800 1610 ᾧ
828 1539 895 1593 τὰ
931 1539 1023 1610 μὶν
1184 1540 1445 1609 ὑπήκουε,
1476 1540 1539 1594 τᾶ
1572 1537 1628 1594 δὲ
1656 1524 1859 1612 ἔμελ-λε
1886 1544 2017 1613 (24)·

377 1632 481 1680 πᾶν
514 1625 571 1681 δὶ
627 1629 694 1695 ἦν
751 1628 813 1681 τὸ
872 1626 1120 1682 ἐλπισθὲν
1165 1626 1283 1682 ’ίσον
1332 1633 1411 1699 τῷ
1442 1628 1778 1703 χειρωθέντι·
1814 1629 1841 1682 ὁ
1872 1630 2020 1703 χειρί

361 1720 495 1770 Θεοῦ
543 1717 679 1790 πρὸς
724 1720 895 1770 πᾶσαν
948 1718 1037 1769 καὶ
1092 1716 1297 1791 βουλήν
1348 1717 1437 1770 καὶ
1469 1719 1659 1793 πρᾶξιν
1706 1716 2017 1791 ὁδηγούμε-

357 1824 445 1865 νος
478 1824 491 1837 ο
542 1802 605 1858 οῦ
650 1802 860 1876 μᾶλλον
900 1805 992 1877 μὲν
1024 1812 1125 1874 τῆς
1158 1806 1346 1881 χειρὸς
1378 1808 1412 1875 ἡ
1445 1806 1676 1877 σύνεσις,
1715 1806 1925 1879 μᾶλλον
1956 1804 2014 1861 δὲ

354 1900 454 1961 τῆς
516 1894 779 1955 συνέσεως
837 1896 871 1962 ἡ
934 1894 1058 1969 χεὶρ
1111 1894 1479 1966 ἐθαυμάζετο·
1533 1893 1701 1949 πλέον
1736 1892 1793 1949 δὲ
1818 1902 1918 1964 τῆς
1953 1894 2004 1949 ἐν

355 1981 685 2057 ἀμφοτέροις
719 1979 1125 2054 εὐδοκιμήσεως
1158 1985 1191 2051 ἡ
1227 1978 1486 2039 εὐσέϐεια.

2148 654 2460 724 adjunctus
2492 653 2594 719 sis,
2630 651 2998 719 cmlestisque
3029 648 3224 719 gloriae
3276 647 3664 703 hereditatem
3707 665 3800 704 ac-

2145 743 2389 813 ceperis,
2411 747 2583 812 atque
2614 741 2671 794 in
2706 743 2935 793 tantum
2958 755 2990 791 a
3022 738 3189 792 nobis
3222 737 3594 807 migraris,ut
3621 737 3803 808 impe-

2145 831 2297 884 rium
2332 847 2464 883 cum
2499 828 2738 883 meliore
2758 825 3514 895 commutares).Quodnam
3547 826 3801 881 hoccon-

2143 920 2339 974 silium
2374 918 2705 988 suscepisti,
2738 916 2836 987 qui
2881 932 3105 983 omnes,
3142 932 3256 969 non
3289 920 3396 967 tua)
3449 914 3664 980 solum,
3698 916 3795 969 sed

2141 1008 2317 1060 etiam
2349 1005 2667 1075 superioris
2718 1003 3010 1057 memoriae
3062 1001 3445 1071 imperatores
3486 1000 3667 1054 animi
3700 1018 3797 1055 so-

2139 1094 2308 1149 lertia
2336 1100 2392 1147 et
2421 1093 2689 1148 acumine
2720 1092 2885 1157 longe
2918 1090 3307 1146 antecellebas
3329 1092 3354 1143 ‘I
3389 1091 3485 1159 qui
3520 1090 3798 1144 barbaras

2139 1184 2405 1237 nationes
2438 1199 2538 1252 per
2570 1198 2775 1251 gyrum
2812 1180 3185 1251 repurgabas,
3220 1186 3615 1250 tyrannosque
3647 1179 3794 1233 inte-

2138 1276 2325 1329 stinos
2356 1273 2560 1328 ditioni
2592 1277 2726 1335 tuas,
2763 1272 2974 1341 partim
3024 1270 3413 1337 sermonibus,
3454 1270 3665 1341 partim
3700 1287 3789 1324 ar-

2138 1365 2251 1418 mis
2284 1364 2659 1434 subjiciebas,
2684 1368 2740 1417 et
2770 1362 3008 1433 quidem
3042 1366 3359 1432 utrumque
3390 1362 3471 1415 ita
3501 1362 3699 1416 dextre
3730 1367 3787 1416 et

2135 1455 2387 1524 egregie,
2424 1454 2591 1523 quasi
2623 1454 2694 1507 ab
2725 1453 2904 1507 altero
2936 1452 3081 1506 nihil
3114 1450 3389 1507 molestia:
3420 1452 3524 1507 tibi
3557 1451 3787 1507 exhibe-

2132 1551 2295 1599 retur
2328 1562 2340 1599 :
2376 1546 2547 1614 cujus
2580 1562 2714 1598 cum
2747 1560 2961 1614 magna
2990 1547 3046 1597 et
3075 1542 3287 1598 eximia
3317 1543 3575 1613 trophaea
3602 1544 3783 1597 armis

2132 1638 2187 1689 et
2219 1635 2415 1705 praelio
2464 1634 2728 1705 quaesita,
2760 1639 2885 1687 tum
2939 1633 3163 1702 majora
3193 1636 3251 1687 et
3299 1632 3619 1687 illustriora
3655 1632 3785 1687 sine

2129 1721 2248 1776 ulla
2279 1723 2503 1776 cruoris
2536 1721 2871 1791 profusione
2902 1727 3067 1790 parta
3095 1738 3107 1787 ;
3143 1721 3213 1774 ad
3248 1735 3423 1789 quem
3462 1719 3784 1789 legationes

2125 1816 2182 1865 et
2214 1809 2673 1882 supplicationes
2696 1810 3105 1879 undecumque
3135 1808 3510 1862 conﬂuebant
3535 1826 3547 1865 :
3570 1807 3661 1861 cui
3686 1824 3783 1861 na-

2123 1900 2313 1953 tiones
2348 1900 2557 1971 partim
2601 1899 2726 1967 jam
2755 1897 3023 1963 subditae,
3058 1897 3270 1967 partim
3314 1898 3560 1966 jamjam
3595 1896 3779 1965 subji-

2118 1988 2334 2043 ciendas
2383 1994 2588 2053 erant;
2624 1992 2684 2041 ut
2714 1988 2769 2041 in
2804 1986 3003 2040 eadem
3056 2002 3235 2041 causa
3263 1990 3462 2039 essent
3500 2001 3704 2040 omnes
3737 1985 3774 2037 ii

354 2089 604 2144 quorum
638 2074 988 2143 expugnatio
1020 2074 1077 2127 in
1110 2090 1211 2144 spe
1242 2076 1431 2145 posita
1462 2080 1606 2142 erat,
1650 2091 1715 2128 ac
1746 2076 1795 2129 si
1817 2077 1943 2143 jam
1998 2078 2205 2131 domiti
2248 2084 2421 2147 atque
2471 2078 2529 2130 in
2580 2080 2926 2147 potestatem
2972 2075 3189 2129 redacti
3236 2080 3433 2128 essent
3467 2092 3479 2129 :
3514 2074 3613 2145 qui
3668 2074 3769 2132 Dei

352 2178 528 2215 manu
564 2161 635 2215 ad
667 2161 866 2215 omnia
894 2162 1141 2216 consilia
1172 2178 1379 2233 resque
1411 2180 1614 2218 omnes
1645 2166 1926 2234 gerendas
1958 2165 2217 2220 utebaris
2250 2182 2262 2220 :
2298 2168 2467 2233 cujus
2495 2167 2746 2235 denique
2774 2168 2831 2218 et
2865 2163 3173 2233 prudentia
3204 2164 3485 2231 majorem
3534 2163 3624 2217 sui
3656 2164 3761 2217 ad-

352 2250 719 2304 mirationem
755 2251 1041 2313 movebat,
1071 2267 1247 2321 quam
1281 2268 1561 2306 manuum
1592 2253 1781 2319 vires;
1816 2258 1873 2307 et
1903 2270 2109 2308 rursus
2139 2254 2290 2309 vires
2326 2255 2533 2325 majori
2565 2252 2937 2307 admirationi
2968 2257 3148 2321 erant,
3183 2268 3359 2322 quam
3394 2252 3705 2322 prudentia
3738 2269 3751 2305 :

348 2342 522 2409 atque
554 2346 797 2410 utroque
831 2339 1161 2409 praeclarior
1186 2339 1585 2412 illustriorque
1615 2346 1738 2396 erat
1765 2342 1997 2412 pietatis
2027 2341 2231 2413 gloria.

417 2444 536 2498 AE'.
573 2447 693 2504 Πῶς
752 2443 843 2496 οῦν
903 2442 1121 2497 ἐνταῦθα
1182 2444 1343 2516 μόνον
1397 2445 1610 2517 ἀμαθὴς
1658 2444 1993 2521 ἐφάνης(25)

341 2531 430 2585 καὶ
489 2531 914 2607 ἀπερίσκεπτος;
974 2532 1033 2585 Τί
1080 2532 1141 2586 τὸ
1212 2534 1384 2608 τάχος
1450 2540 1552 2601 τῆς
1628 2533 1997 2607 ἀπανθρώπου

340 2619 795 2697 φιλανθρῶπίας;
872 2621 964 2683 Τίς
1032 2620 1345 2690 συνεισῆλθε
1423 2619 1695 2695 δαιμόνων
1751 2625 1863 2695 (26)
1920 2627 1999 2694 τῷ

338 2710 658 2782 σκέμματι;
716 2714 838 2769 Πῶς
888 2711 977 2763 τὸν
1035 2710 1196 2786 μέγαν
1248 2710 1454 2787 κλῆρον
1502 2711 1591 2764 καὶ
1641 2712 1704 2765 τὸ
1747 2716 1994 2786 πατρῷον

335 2798 729 2871 καλλώπισμα,
762 2798 887 2859 τοὺς
916 2799 1231 2871 ἐπωνύμους
1267 2800 1409 2876 Λέγῳ
1459 2805 1718 2873 Χριστοῦ,
1764 2801 1824 2853 τὸ
1872 2821 1998 2853 παν-

330 2885 511 2961 ταχοῦ
540 2894 641 2956 τῆς
674 2887 1000 2959 οἰκουμένης
1050 2888 1331 2962 ἐκλάμψαν
1384 2889 1555 2957 ἔθνος,
1612 2890 1673 2943 τὸ
1719 2888 1992 2964 βασίλειον

342 2974 653 3048 ἱεράτευμα,
682 2977 743 3029 τὸ
798 2974 996 3047 πολλῷ
1048 2977 1198 3049 πόνῳ
1248 2978 1339 3030 καὶ
1387 2976 1623 3039 πολλοῖς
1653 2976 1840 3052 ἱδρῶσι
1874 2999 1993 3031 συν-

345 3064 593 3134 αυξηθὶν,
627 3063 797 3126 οὕτως
830 3065 881 3119 ὲν
913 3065 1091 3140 ὀλίγῳ
1123 3067 1211 3120 καὶ
1242 3067 1391 3139 ἀκμῇ
1428 3066 1657 3141 βραχείᾳ
1692 3072 1883 3143 καιροῦ
1912 3072 1991 3139 τῷ

339 3156 510 3223 κοινῷ
538 3150 862 3227 παλαμναίῳ
892 3155 1066 3232 φέρων
1100 3153 1416 3230 παρέδωκας
1442 3175 1454 3223 ;

408 3331 499 3398 AC
530 3332 684 3393 Ἴσως
714 3353 765 3385 τι
816 3334 905 3387 καὶ
952 3329 1161 3388 ἀσεϐεῖν
1206 3336 1353 3407 ὑμῖν,
1407 3331 1661 3411 ἀδελφοὶ,
1705 3334 1986 3411 φαίνομαι,

332 3418 421 3473 καὶ
472 3420 810 3493 ἀγνωμονεῖν
863 3422 914 3475 ἐν
960 3428 1077 3484 τοῖς
1128 3421 1321 3498 λόγοις
1368 3423 1606 3491 τούτοις,
1655 3423 1743 3477 καὶ
1794 3425 1875 3478 ὃτι
1911 3426 1985 3496 μὴ

2179 2448 2658 2513 XXXV.Quonam
2691 2447 2869 2519 igitur
2899 2447 3070 2501 modo
3102 2446 3195 2500 hic
3226 2447 3416 2501 solum
3448 2446 3759 2517 imperitus

2109 2537 2467 2608 minimeque
2500 2539 2965 2607 circumspectus
2997 2534 3267 2589 exstitisti
3296 2536 3323 2588 ?
3353 2535 3487 2597 Quae
3520 2536 3638 2589 haec
3668 2537 3758 2589 in-

2107 2626 2376 2680 humanae
2409 2626 2792 2681 humanitatis
2824 2624 3090 2679 celeritas
3116 2624 3293 2687 POuis
3323 2625 3655 2678 daemonum
3689 2626 3758 2679 ad

2106 2715 2255 2770 hanc
2287 2715 2760 2769 deliberationem
2794 2713 2972 2769 simul
3005 2712 3285 2783 irrepsit?
3308 2714 3607 2776 Quomodo
3634 2730 3759 2767 ma-

2105 2820 2279 2874 gnam
2315 2804 2471 2858 illam
2508 2803 3002 2867 htereditatem,ac
3028 2802 3281 2872 patrium
3315 2802 3492 2856 decus
3513 2805 3568 2856 et
3588 2819 3757 2856 orna-

2105 2898 2505 2961 mentum,eos
2538 2892 2687 2956 dico,
2713 2892 2812 2961 qui
2847 2910 2879 2946 a
2909 2891 3133 2946 Christo
3165 2898 3617 2962 cognomentum
3651 2890 3757 2947 ha-

2103 2979 2261 3043 bent,
2292 2985 2524 3050 gentem
2556 2978 2717 3033 illam
2751 2984 2866 3033 toto
2900 2979 3118 3049 passim
3151 2980 3288 3033 orbe
3319 2978 3631 3045 lucentem,
3662 2994 3754 3035 re-

2102 3068 2230 3140 gale
2262 3068 2651 3123 sacerdotium
2684 3068 2750 3133 ’8,
2784 3068 2966 3121 multo
2999 3067 3193 3121 labore
3225 3066 3546 3138 multisque
3573 3069 3751 3123 sudo-

2103 3158 2264 3212 ribus
2313 3163 2569 3223 auctum,
2621 3160 2739 3211 tam
2791 3156 2946 3211 brevi
2995 3161 3169 3226 atque
3214 3156 3421 3227 exiguo
3470 3156 3750 3226 temporis

2100 3252 2316 3319 puncto
2349 3246 2651 3301 cnmmuni
2686 3245 2820 3300 huic
2853 3249 3003 3317 pesti
3029 3250 3084 3300 et
3115 3245 3275 3299 furiae
3302 3244 3645 3301 tradidisti?

2171 3336 2397 3390 XXXVI.
2428 3336 2535 3390 Sed
2568 3337 2815 3390 fortasse
2862 3334 3044 3402 vobis,
3079 3336 3306 3403 fratres,
3341 3335 3522 3405 impie
3561 3335 3750 3390 facere

2096 3424 2494 3496 videor,atque
2526 3425 2583 3478 in
2616 3424 2724 3479 hoc
2756 3440 3022 3479 sermone
3047 3423 3231 3494 iniqui
3253 3422 3541 3493 etingrati
3565 3424 3749 3479 animi

324 3507 469 3582 ταχὺ
526 3510 647 3570 τοῖς
706 3516 805 3579 τῆς
864 3510 1195 3585 κατηγορίας
1256 3512 1489 3587 ῥήμασιν
1553 3511 1734 3587 ἐπάγω
1789 3513 1853 3566 τὰ
1881 3520 1980 3581 τῆς

2113 3516 2390 3584 specimen
2419 3514 2707 3580 exhibere,
2742 3514 2895 3584 quod
2950 3529 3061 3566 non
3108 3512 3307 3567 statim
3356 3512 3746 3568 accusationis

238 3588 241 3589 ν
330 3594 612 3665 ἀληθείας.
675 3599 860 3653 Καίτοι
916 3621 976 3675 γε
1033 3602 1231 3663 ἱκανῶς
1287 3599 1733 3675 ἀπολελόγημαι,
1792 3601 1881 3655 καὶ
1915 3600 1982 3655 δι’

322 3684 497 3739 αὐτῶν
538 3688 610 3741 ὧν
670 3686 999 3762 έγκέκληκα,
1062 3687 1115 3743 εἷ’
1163 3712 1214 3744 τι
1261 3694 1329 3763 τῇ
1382 3690 1679 3765 κατηγορίᾳ
1728 3691 1818 3745 τὸν
1857 3696 1980 3745 νοῦν

320 3775 620 3850 προσέχετε
651 3796 663 3808 ⁸
711 3779 981 3832 κάνταῦθα
1038 3778 1200 3850 μόνον
1266 3781 1379 3851 (27)
1440 3782 1474 3848 ἡ
1526 3779 1829 3855 κατηγορία
1882 3782 1982 3849 τὴν

322 3863 506 3940 ἄφεσιν
560 3864 693 3941 ἔχει’
751 3868 1104 3942 χρηστότητα
1147 3871 1249 3944 γὰρ
1285 3868 1472 3937 εἰπὼν,
1520 3870 1619 3937 τὴν
1680 3868 1976 3945 ἀπολογίαν

323 3950 598 4022 έδήλωσα.
630 3954 721 4015 Τίς
772 3956 875 4030 γὰρ
926 3955 1024 4010 οὐκ
1072 3954 1183 4011 οἶδε
1227 3958 1318 4011 καὶ
1364 3962 1468 4010 τῶν
1516 3956 1746 4031 μετρίως
1780 3957 1979 4013 ἐκεῖνον

321 4039 707 4114 ἐπισταμένων,
767 4041 850 4097 ὅτι
893 4041 1045 4099 ’ἑνεκα
1106 4047 1199 4116 μὶν
1253 4040 1524 4106 εὒσεϐείας
1582 4047 1671 4099 καὶ
1727 4050 1823 4099 τοῦ
1853 4046 1976 4117 περὶ

320 4131 466 4201 ἡμᾶς
516 4129 767 4207 φίλτρου,
817 4134 906 4185 καὶ
949 4136 1049 4185 τοῦ
1097 4132 1383 4207 βούλεσθαι
1435 4140 1536 4187 πᾶν
1588 4137 1721 4205 ἡμῖν
1750 4134 1972 4208 ἀγαθὸν,

323 4218 396 4287 μὴ
430 4217 512 4272 ὅτι
546 4217 747 4273 ἐκεῖνον
924 4219 1173 4288 παρεῖδεν
1205 4220 1286 4293 ἂν,
1319 4224 1352 4290 ἣ
1384 4223 1570 4297 γένους
1604 4221 1737 4275 ὅλου
1779 4224 1972 4294 τιμὴν,

316 4306 350 4373 ἢ
405 4309 725 4381 προσθήκην
780 4314 882 4377 τῆς
947 4306 1249 4383 βασιλείας,
1310 4308 1455 4364 ἀλλά
1510 4310 1597 4363 καὶ
1648 4310 1813 4378 αὐτῆς
1871 4318 1971 4379 τῆς

320 4394 594 4468 βασιλείας
653 4398 786 4469 (29),
846 4398 935 4452 καὶ
990 4396 1201 4452 πάντων
1262 4403 1368 4452 τῶν
1435 4393 1623 4470 ὄντων,
1705 4400 1795 4453 καὶ
1869 4406 1970 4468 τῆς

316 4485 501 4558 ψυχῆς
533 4483 721 4558 αὐτῆς,
754 4489 818 4555 ἧς
845 4484 996 4541 οὐδὲν
1034 4485 1208 4541 οὐδενὶ
1238 4487 1587 4561 τιμιώτερον,
1629 4489 1726 4556 τήν
1765 4490 1969 4559 ἡμετέ-

318 4591 412 4646 ραν
474 4572 760 4649 ἀσφάλειάν
840 4597 898 4630 τε
951 4576 1041 4630 καὶ
1124 4575 1395 4649 σωτηρίαν
1443 4576 1539 4630 οὐκ
1592 4576 1650 4630 ἃν
1705 4574 1966 4651 χαλεπώς

314 4658 589 4730 ἣλλάξατο
611 4682 624 4729 ;

2092 3604 2286 3658 verbis
2337 3604 2591 3657 veritatis
2641 3604 2815 3657 verba
2863 3604 3227 3657 subnectam.
3259 3603 3603 3671 Quanquam
3646 3618 3747 3671 per

2092 3709 2418 3764 eaqueque
2476 3709 2603 3763 qua:
2664 3691 2872 3762 objeci,
2924 3692 3067 3746 satis
3117 3691 3303 3762 ipsius
3349 3707 3587 3745 causam
3635 3692 3747 3762 egi,

2091 3797 2343 3851 eumque
2398 3781 2663 3851 purgavi,
2698 3780 2744 3835 si
2786 3781 2957 3834 modo
3009 3779 3366 3835 accusationi
3418 3784 3624 3834 nostra)
3657 3783 3742 3834 at-

2091 3874 2314 3924 tentum
2348 3870 2608 3924 animum
2637 3869 2969 3938 praehuistis
2990 3885 3001 3933 ;
3024 3875 3197 3938 atque
3230 3868 3324 3922 hic
3354 3868 3637 3923 duntaxat
3657 3884 3745 3922 ac-

2088 3958 2375 4013 cusationi
2426 3958 2713 4012 absolutio
2747 3959 3061 4027 conjuncta
3093 3961 3198 4011 est.
3233 3956 3376 4010 Nam
3408 3972 3541 4011 cum
3578 3957 3741 4011 beni-

2087 4047 2371 4117 gnitatem
2403 4046 2543 4111 dixi,
2565 4046 2619 4099 id
2654 4053 2847 4116 aperte
2864 4046 2967 4099 94
2998 4044 3113 4099 dixi
3146 4044 3300 4115 quod
3329 4062 3461 4099 eum
3494 4044 3739 4101 crimine

2086 4136 2244 4189 omni
2278 4152 2342 4189 ac
2374 4136 2543 4205 culpa
2573 4133 2796 4188 liberet.
2831 4133 2935 4189 Cui
2966 4134 3145 4200 enim,
3180 4131 3262 4188 vel
3293 4149 3361 4188 ex
3392 4132 3463 4187 iis
3517 4134 3733 4203 quibus

2084 4242 2197 4277 non
2228 4224 2465 4295 perinde
2518 4224 2783 4295 cognitus
2814 4229 2957 4288 erat,
2990 4223 3237 4278 dubium
3287 4228 3393 4289 est,
3427 4222 3568 4293 quin
3610 4222 3735 4294 ipse

2082 4314 2154 4367 oh
2182 4313 2455 4384 pietatem
2505 4328 2881 4384 amoremque
2912 4328 3049 4384 erga
3081 4329 3207 4382 nos,
3238 4329 3302 4366 ac
3344 4311 3731 4383 propensissi-

2082 4418 2239 4455 mam
2271 4402 2415 4456 bene
2442 4402 2512 4457 de
2532 4402 2699 4457 nobis
2727 4402 2987 4456 merendi
3008 4400 3387 4469 voluntatem,
3413 4418 3525 4456 non
3560 4402 3731 4456 modo

2078 4491 2388 4559 illum,aut
2409 4494 2589 4547 totius
2612 4493 2841 4564 generis
2865 4492 3525 4566 honorem,imperiique
3546 4494 3734 4549 incre-

2080 4588 2336 4635 mentum
2388 4581 2758 4653 neglexisset,
2794 4598 2991 4637 verum
3046 4582 3293 4653 imperio
3341 4598 3570 4653 quoque
3616 4581 3729 4653 ipsi

2076 4669 2465 4741 omnibusque
2525 4671 2802 4740 fortunis,
2864 4676 3038 4741 atque
3096 4671 3208 4742 ipsi
3267 4671 3519 4741 denique
3578 4671 3728 4739 vitae,

314 4768 431 4822 qua
463 4752 679 4807 nemini
728 4754 1051 4826 quidquam
1102 4761 1191 4810 est
1239 4755 1496 4823 charius,
1532 4755 1992 4813 incolumitatem
2045 4763 2307 4813 nostram
2362 4776 2426 4814 ac
2475 4759 2722 4815 salutem
2770 4760 2927 4815 haud
2979 4759 3225 4816 illibenti
3269 4760 3464 4815 animo
3516 4764 3729 4831 praetu-

317 4838 485 4895 lisset
510 4843 532 4895 Ρ

385 4968 429 5001 ³⁸
458 4966 480 5021 I
510 4967 663 5023 Petr.
699 4985 762 5037 II,
789 4971 841 5024 9.

382 5110 492 5180 (22)
551 5112 672 5165 Τῶν
731 5109 818 5165 ἐπὶ
875 5115 992 5167 σοῦ.
1052 5136 1081 5163 ‹‹
1139 5114 1274 5169 Tuae
1332 5113 1539 5181 aetatis,
1599 5115 1704 5169 tibi
1762 5131 1958 5186 equa-
1992 5118 2039 5183 D

310 5179 489 5323 luga.)
513 5203 680 5327 Ἰῼ-τὲι
710 5254 826 5327 μέν,
856 5260 961 5311 etc.
999 5256 1083 5310 Ita
1118 5255 1377 5327 plerique
1410 5256 1575 5311 codd.
1610 5256 1957 5311 Paucissimi

305 5310 439 5400 cum
470 5310 676 5400 tales,
701 5310 857 5382 θὶιιίε
881 5310 909 5377 (ξ
940 5327 1043 5383 Cui
1076 5310 1340 5383 nationes
1362 5310 1575 5384 omnes
1606 5310 1961 5400 partimjam

305 5395 459 5451 dicto
524 5397 830 5453 audientes
902 5403 1087 5470 erant,
1149 5400 1357 5471 partim
1426 5395 1677 5471 jamjam
1754 5395 1961 5455 futuras

308 5472 495 5608 “2121113
520 5492 595 5590 'i'i
643 5533 699 5591 δὲ
746 5535 969 5610 ἔμελλε,
1011 5545 1118 5595 etc.
1175 5541 1373 5596 Comb.
1425 5544 1508 5597 sic
1558 5542 1747 5598 locum
1805 5544 1962 5599 hunc

304 5610 476 5663 vertit
511 5628 523 5665 :
558 5633 585 5659 ‹‹
620 5611 749 5666 Mox
783 5614 1047 5666 futurum
1077 5616 1219 5677 erat,
1254 5618 1318 5667 ut
1345 5613 1403 5667 in
1435 5615 1638 5670 eadem
1672 5632 1850 5671 causa
1878 5634 1964 5671 es-

310 5686 458 5756 sent,
477 5686 868 5756 tumquorum
894 5684 1244 5756 expugnatio
1262 5685 1318 5737 in
1344 5702 1446 5755 spe
1467 5688 1655 5756 posita
1677 5693 1819 5755 erat,
1836 5693 1959 5742 tum

311 5751 410 5824 qui
434 5753 561 5825 jam
593 5751 652 5811 in
682 5751 1027 5829 potestatein
1052 5751 1278 5813 redacti
1309 5751 1493 5813 erant.
1530 5780 1557 5807 ››

2141 5115 2531 5190 (25)]Εφανης.
2568 5117 2741 5175 Deest
2769 5118 2829 5173 in
2882 5118 3178 5190 plerisque
3210 5135 3324 5174 non
3374 5117 3588 5174 inﬁmae
3617 5136 3718 5176 no-

2070 5192 2139 5243 tae
2170 5188 2488 5243 codicibus.

2145 5260 2251 5328 (‘36)
2284 5258 2584 5331 Δαιμόνων.
2619 5259 2772 5315 Colb.
2810 5278 2861 5322 a,
2896 5256 3125 5331 δαίμων.

2140 5332 2248 5401 (27)
2278 5330 2551 5384 Κάνταῦθα
2586 5331 2766 5400 μόνον,
2800 5339 2906 5386 etc.
2941 5330 3185 5404 «Atque
3220 5332 3306 5385 hic
3339 5331 3715 5404 accusationi,

2072 5403 2302 5456 etiamsi
2336 5404 2457 5457 sola
2507 5409 2678 5465 esset,
2731 5406 3019 5458 absolutio
3067 5402 3378 5473 conjuncta
3423 5407 3528 5458 est.
3572 5402 3718 5457 Nam

2072 5489 2201 5528 cum
2234 5475 2531 5529 lenitatem
2567 5476 2705 5535 dixi,
2744 5498 2769 5523 ››
2800 5481 2907 5528 etc.

2162 5546 2252 5611 ‘28)
2286 5545 2541 5601 Ἐκεῖνον,
2584 5572 2602 5593 υ
2646 5547 2833 5611 Illum,
2869 5569 2896 5595 ››
2929 5546 3147 5599 scilicet
3182 5544 3559 5599 «lulianum.
3593 5568 3621 5596 ››

2167 5618 2256 5691 29)
2291 5614 2582 5691 ’ξλλάῗκαὶ
2616 5616 2779 5684 αὐτῆς
2809 5624 2908 5683 τῆς
2946 5616 3237 5691 βασιλείας,
3266 5617 3395 5691 Haec
3429 5619 3717 5673 desuntin

2072 5688 2301 5741 duobus
2333 5689 2527 5759 Regiis
2559 5691 2790 5749 optimae
2841 5688 3009 5747 notis.
3045 5691 3105 5745 In
3139 5689 3267 5746 aliis
3299 5690 3462 5747 deest
3491 5696 3718 5747 tantum

2070 5764 2167 5825 τῆς
2200 5765 2331 5815 ante
2366 5756 2661 5834 βασιλείας.
