  <div class='ocr_page' id='page_1' title='image "/cluster/home/n/w/nwhite01/storage/ocr_20150623/35/mdp.39015012934389/287.png"; bbox 0 0 4148 6290; ppageno 0'>
   <div class='ocr_carea' id='block_1_1' title="bbox 389 392 505 458">
    <p class='ocr_par' dir='ltr' id='par_1_1' title="bbox 389 392 505 458">
     <span class='ocr_line' id='line_1_1' title="bbox 389 392 505 458; baseline -0.026 -1"><span class='ocrx_word' id='word_1_1' title='bbox 389 392 505 458; x_wconf 77' lang='grc'>563</span> 
     </span>
    </p>
   </div>
   <div class='ocr_carea' id='block_1_2' title="bbox 1631 397 2558 460">
    <p class='ocr_par' dir='ltr' id='par_1_2' title="bbox 1631 397 2558 460">
     <span class='ocr_line' id='line_1_2' title="bbox 1631 397 2558 460; baseline 0.002 -2"><span class='ocrx_word' id='word_1_2' title='bbox 1631 399 1696 458; x_wconf 85' lang='lat' dir='ltr'>S.</span> <span class='ocrx_word' id='word_1_3' title='bbox 1747 397 2114 459; x_wconf 65' lang='lat' dir='ltr'>GllliCOltIl</span> <span class='ocrx_word' id='word_1_4' title='bbox 2165 398 2558 460; x_wconf 74' lang='lat' dir='ltr'>&#39;l‘HLOLOGI</span> 
     </span>
    </p>
   </div>
   <div class='ocr_carea' id='block_1_3' title="bbox 3625 399 3803 461">
    <p class='ocr_par' dir='ltr' id='par_1_3' title="bbox 3625 399 3803 461">
     <span class='ocr_line' id='line_1_3' title="bbox 3625 399 3803 461; baseline -0.006 -1"><span class='ocrx_word' id='word_1_5' title='bbox 3625 421 3632 428; x_wconf 92' lang='grc'><strong>·</strong></span> <span class='ocrx_word' id='word_1_6' title='bbox 3681 399 3803 461; x_wconf 74' lang='grc'>564</span> 
     </span>
    </p>
   </div>
   <div class='ocr_carea' id='block_1_4' title="bbox 460 524 2031 609">
    <p class='ocr_par' dir='ltr' id='par_1_4' title="bbox 460 524 2031 602">
     <span class='ocr_line' id='line_1_4' title="bbox 460 524 2031 602; baseline 0.001 -16"><span class='ocrx_word' id='word_1_7' title='bbox 460 525 723 586; x_wconf 79' lang='lat' dir='ltr'>XXXVII.</span> <span class='ocrx_word' id='word_1_8' title='bbox 755 524 952 600; x_wconf 82' lang='lat' dir='ltr'>Neque</span> <span class='ocrx_word' id='word_1_9' title='bbox 980 527 1134 586; x_wconf 88' lang='lat' dir='ltr'>enim</span> <span class='ocrx_word' id='word_1_10' title='bbox 1169 529 1484 602; x_wconf 81' lang='lat' dir='ltr'>quisquam</span> <span class='ocrx_word' id='word_1_11' title='bbox 1515 528 1828 602; x_wconf 81' lang='lat' dir='ltr'>aliquando</span> <span class='ocrx_word' id='word_1_12' title='bbox 1861 528 2031 588; x_wconf 79' lang='lat' dir='ltr'>ullius</span> 
     </span>
    </p>
   </div>
   <div class='ocr_carea' id='block_1_5' title="bbox 2148 524 3802 609">
    <p class='ocr_par' dir='ltr' id='par_1_5' title="bbox 2222 527 3802 609">
     <span class='ocr_line' id='line_1_5' title="bbox 2222 527 3802 609; baseline 0.002 -24"><span class='ocrx_word' id='word_1_13' title='bbox 2222 534 2338 588; x_wconf 83' lang='lat' dir='ltr'>AZ&#39;.</span> <span class='ocrx_word' id='word_1_14' title='bbox 2371 527 2557 586; x_wconf 81' lang='grc' dir='ltr'>Οὐδενὶ</span> <span class='ocrx_word' id='word_1_15' title='bbox 2606 530 2707 609; x_wconf 68' lang='grc' dir='ltr'>γὰρ</span> <span class='ocrx_word' id='word_1_16' title='bbox 2756 527 2974 594; x_wconf 73' lang='grc' dir='ltr'>οὐδενὸς</span> <span class='ocrx_word' id='word_1_17' title='bbox 3023 527 3164 587; x_wconf 69' lang='grc' dir='ltr'>οὕτω</span> <span class='ocrx_word' id='word_1_18' title='bbox 3215 528 3437 588; x_wconf 81' lang='grc' dir='ltr'>πώποτε</span> <span class='ocrx_word' id='word_1_19' title='bbox 3475 528 3802 608; x_wconf 84' lang='grc' dir='ltr'>πράγματος</span> 
     </span>
    </p>
   </div>
   <div class='ocr_carea' id='block_1_6' title="bbox 391 617 2040 693">
    <p class='ocr_par' dir='ltr' id='par_1_6' title="bbox 391 617 2040 693">
     <span class='ocr_line' id='line_1_6' title="bbox 391 617 2040 693; baseline 0.001 -18"><span class='ocrx_word' id='word_1_20' title='bbox 391 617 474 675; x_wconf 86' lang='lat' dir='ltr'>rei</span> <span class='ocrx_word' id='word_1_21' title='bbox 503 623 621 672; x_wconf 87' lang='lat' dir='ltr'>tam</span> <span class='ocrx_word' id='word_1_22' title='bbox 653 617 770 673; x_wconf 88' lang='lat' dir='ltr'>acri</span> <span class='ocrx_word' id='word_1_23' title='bbox 803 635 998 674; x_wconf 86' lang='lat' dir='ltr'>amore</span> <span class='ocrx_word' id='word_1_24' title='bbox 1029 623 1203 690; x_wconf 87' lang='lat' dir='ltr'>atque</span> <span class='ocrx_word' id='word_1_25' title='bbox 1234 620 1552 690; x_wconf 90' lang='lat' dir='ltr'>cupiditate</span> <span class='ocrx_word' id='word_1_26' title='bbox 1598 626 1898 693; x_wconf 89' lang='lat' dir='ltr'>correptus</span> <span class='ocrx_word' id='word_1_27' title='bbox 1931 625 2040 686; x_wconf 89' lang='lat' dir='ltr'>est,</span> 
     </span>
    </p>
   </div>
   <div class='ocr_carea' id='block_1_7' title="bbox 393 706 2040 782">
    <p class='ocr_par' dir='ltr' id='par_1_7' title="bbox 393 706 2040 782">
     <span class='ocr_line' id='line_1_7' title="bbox 393 706 2040 782; baseline 0.004 -24"><span class='ocrx_word' id='word_1_28' title='bbox 393 723 567 779; x_wconf 80' lang='lat' dir='ltr'>quam</span> <span class='ocrx_word' id='word_1_29' title='bbox 600 706 698 762; x_wconf 87' lang='lat' dir='ltr'>ille</span> <span class='ocrx_word' id='word_1_30' title='bbox 744 708 1104 764; x_wconf 80' lang='lat' dir='ltr'>Christianos</span> <span class='ocrx_word' id='word_1_31' title='bbox 1139 725 1416 778; x_wconf 82' lang='lat' dir='ltr'>crescere,</span> <span class='ocrx_word' id='word_1_32' title='bbox 1450 715 1623 782; x_wconf 89' lang='lat' dir='ltr'>atque</span> <span class='ocrx_word' id='word_1_33' title='bbox 1654 711 1710 764; x_wconf 88' lang='lat' dir='ltr'>in</span> <span class='ocrx_word' id='word_1_34' title='bbox 1746 727 2040 765; x_wconf 86' lang='lat' dir='ltr'>summam</span> 
     </span>
    </p>
   </div>
   <div class='ocr_carea' id='block_1_8' title="bbox 391 795 2040 870">
    <p class='ocr_par' dir='ltr' id='par_1_8' title="bbox 391 795 2040 870">
     <span class='ocr_line' id='line_1_8' title="bbox 391 795 2040 870; baseline 0.001 -20"><span class='ocrx_word' id='word_1_35' title='bbox 391 795 586 867; x_wconf 69' lang='lat' dir='ltr'>gloriae</span> <span class='ocrx_word' id='word_1_36' title='bbox 618 796 1006 868; x_wconf 67' lang='lat' dir='ltr'>potentiaeque</span> <span class='ocrx_word' id='word_1_37' title='bbox 1034 797 1481 868; x_wconf 90' lang='lat' dir='ltr'>amplitudinem</span> <span class='ocrx_word' id='word_1_38' title='bbox 1526 798 1823 870; x_wconf 72' lang='lat' dir='ltr'>pervenire</span> <span class='ocrx_word' id='word_1_39' title='bbox 1846 799 2040 870; x_wconf 90' lang='lat' dir='ltr'>cupie-</span> 
     </span>
    </p>
   </div>
   <div class='ocr_carea' id='block_1_9' title="bbox 392 885 2040 959">
    <p class='ocr_par' dir='ltr' id='par_1_9' title="bbox 392 885 2040 959">
     <span class='ocr_line' id='line_1_9' title="bbox 392 885 2040 959; baseline 0.001 -19"><span class='ocrx_word' id='word_1_40' title='bbox 392 885 512 940; x_wconf 86' lang='lat' dir='ltr'>bat.</span> <span class='ocrx_word' id='word_1_41' title='bbox 548 889 629 938; x_wconf 82' lang='lat' dir='ltr'>Ac</span> <span class='ocrx_word' id='word_1_42' title='bbox 661 901 850 956; x_wconf 89' lang='lat' dir='ltr'>neque</span> <span class='ocrx_word' id='word_1_43' title='bbox 893 886 1126 941; x_wconf 54' lang='lat' dir='ltr'>domitae</span> <span class='ocrx_word' id='word_1_44' title='bbox 1159 891 1215 942; x_wconf 90' lang='lat' dir='ltr'>et</span> <span class='ocrx_word' id='word_1_45' title='bbox 1245 887 1498 942; x_wconf 72' lang='lat' dir='ltr'>subactae</span> <span class='ocrx_word' id='word_1_46' title='bbox 1532 893 1756 959; x_wconf 85' lang='lat' dir='ltr'>gentes,</span> <span class='ocrx_word' id='word_1_47' title='bbox 1790 903 1894 942; x_wconf 90' lang='lat' dir='ltr'>nec</span> <span class='ocrx_word' id='word_1_48' title='bbox 1921 904 2040 941; x_wconf 87' lang='lat' dir='ltr'>res-</span> 
     </span>
    </p>
   </div>
   <div class='ocr_carea' id='block_1_10' title="bbox 389 973 2039 1047">
    <p class='ocr_par' dir='ltr' id='par_1_10' title="bbox 389 973 2039 1047">
     <span class='ocr_line' id='line_1_10' title="bbox 389 973 2039 1047; baseline 0.001 -19"><span class='ocrx_word' id='word_1_49' title='bbox 389 973 624 1045; x_wconf 83' lang='lat' dir='ltr'>publica</span> <span class='ocrx_word' id='word_1_50' title='bbox 655 973 947 1044; x_wconf 72' lang='lat' dir='ltr'>praeclaris</span> <span class='ocrx_word' id='word_1_51' title='bbox 983 974 1208 1046; x_wconf 85' lang='lat' dir='ltr'>legibus</span> <span class='ocrx_word' id='word_1_52' title='bbox 1240 976 1564 1031; x_wconf 89' lang='lat' dir='ltr'>constituta</span> <span class='ocrx_word' id='word_1_53' title='bbox 1595 981 1650 1031; x_wconf 92' lang='lat' dir='ltr'>et</span> <span class='ocrx_word' id='word_1_54' title='bbox 1695 977 2039 1047; x_wconf 80' lang='lat' dir='ltr'>gubernata,</span> 
     </span>
    </p>
   </div>
   <div class='ocr_carea' id='block_1_11' title="bbox 390 1063 2042 1136">
    <p class='ocr_par' dir='ltr' id='par_1_11' title="bbox 390 1063 2042 1136">
     <span class='ocr_line' id='line_1_11' title="bbox 390 1063 2042 1136; baseline 0 -18"><span class='ocrx_word' id='word_1_55' title='bbox 390 1079 496 1118; x_wconf 89' lang='lat' dir='ltr'>nec</span> <span class='ocrx_word' id='word_1_56' title='bbox 526 1063 908 1134; x_wconf 83' lang='lat' dir='ltr'>pecuniarum</span> <span class='ocrx_word' id='word_1_57' title='bbox 941 1064 1125 1134; x_wconf 88' lang='lat' dir='ltr'>copia,</span> <span class='ocrx_word' id='word_1_58' title='bbox 1161 1080 1264 1119; x_wconf 92' lang='lat' dir='ltr'>nec</span> <span class='ocrx_word' id='word_1_59' title='bbox 1297 1063 1494 1135; x_wconf 65' lang='lat' dir='ltr'>gloriae</span> <span class='ocrx_word' id='word_1_60' title='bbox 1538 1064 1900 1136; x_wconf 84' lang='lat' dir='ltr'>magnitudo.</span> <span class='ocrx_word' id='word_1_61' title='bbox 1939 1080 2042 1118; x_wconf 90' lang='lat' dir='ltr'>nec</span> 
     </span>
    </p>
   </div>
   <div class='ocr_carea' id='block_1_12' title="bbox 393 1152 2038 1224">
    <p class='ocr_par' dir='ltr' id='par_1_12' title="bbox 393 1152 2038 1224">
     <span class='ocr_line' id='line_1_12' title="bbox 393 1152 2038 1224; baseline 0 -18"><span class='ocrx_word' id='word_1_62' title='bbox 393 1152 544 1224; x_wconf 90' lang='lat' dir='ltr'>quod</span> <span class='ocrx_word' id='word_1_63' title='bbox 581 1168 678 1206; x_wconf 87' lang='lat' dir='ltr'>rex</span> <span class='ocrx_word' id='word_1_64' title='bbox 707 1168 908 1223; x_wconf 84' lang='lat' dir='ltr'>regum</span> <span class='ocrx_word' id='word_1_65' title='bbox 941 1156 997 1206; x_wconf 91' lang='lat' dir='ltr'>et</span> <span class='ocrx_word' id='word_1_66' title='bbox 1043 1157 1216 1219; x_wconf 82' lang='lat' dir='ltr'>esset,</span> <span class='ocrx_word' id='word_1_67' title='bbox 1251 1158 1306 1207; x_wconf 92' lang='lat' dir='ltr'>et</span> <span class='ocrx_word' id='word_1_68' title='bbox 1335 1153 1745 1224; x_wconf 78' lang='lat' dir='ltr'>appellaretur,</span> <span class='ocrx_word' id='word_1_69' title='bbox 1782 1170 1885 1208; x_wconf 88' lang='lat' dir='ltr'>nec</span> <span class='ocrx_word' id='word_1_70' title='bbox 1916 1170 2038 1208; x_wconf 91' lang='lat' dir='ltr'>om-</span> 
     </span>
    </p>
   </div>
   <div class='ocr_carea' id='block_1_13' title="bbox 392 1239 2042 1312">
    <p class='ocr_par' dir='ltr' id='par_1_13' title="bbox 392 1239 2042 1312">
     <span class='ocr_line' id='line_1_13' title="bbox 392 1239 2042 1312; baseline 0.001 -17"><span class='ocrx_word' id='word_1_71' title='bbox 392 1240 492 1296; x_wconf 88' lang='lat' dir='ltr'>nia</span> <span class='ocrx_word' id='word_1_72' title='bbox 520 1239 652 1308; x_wconf 89' lang='lat' dir='ltr'>alia,</span> <span class='ocrx_word' id='word_1_73' title='bbox 678 1241 892 1312; x_wconf 86' lang='lat' dir='ltr'>quibus</span> <span class='ocrx_word' id='word_1_74' title='bbox 924 1241 1232 1296; x_wconf 87' lang='lat' dir='ltr'>hominum</span> <span class='ocrx_word' id='word_1_75' title='bbox 1267 1242 1510 1298; x_wconf 78' lang='lat' dir='ltr'>felicitas</span> <span class='ocrx_word' id='word_1_76' title='bbox 1538 1241 1903 1310; x_wconf 82' lang='lat' dir='ltr'>declaratur;</span> <span class='ocrx_word' id='word_1_77' title='bbox 1937 1258 2042 1297; x_wconf 91' lang='lat' dir='ltr'>nec</span> 
     </span>
    </p>
   </div>
   <div class='ocr_carea' id='block_1_14' title="bbox 392 1327 2042 1400">
    <p class='ocr_par' dir='ltr' id='par_1_14' title="bbox 392 1327 2042 1400">
     <span class='ocr_line' id='line_1_14' title="bbox 392 1327 2042 1400; baseline -0.002 -16"><span class='ocrx_word' id='word_1_78' title='bbox 392 1329 645 1399; x_wconf 90' lang='lat' dir='ltr'>denique</span> <span class='ocrx_word' id='word_1_79' title='bbox 675 1329 999 1400; x_wconf 85' lang='lat' dir='ltr'>quidquam</span> <span class='ocrx_word' id='word_1_80' title='bbox 1045 1346 1111 1384; x_wconf 78' lang='lat' dir='ltr'>ex</span> <span class='ocrx_word' id='word_1_81' title='bbox 1142 1329 1418 1384; x_wconf 91' lang='lat' dir='ltr'>omnibus</span> <span class='ocrx_word' id='word_1_82' title='bbox 1465 1329 1638 1384; x_wconf 86' lang='lat' dir='ltr'>rebus</span> <span class='ocrx_word' id='word_1_83' title='bbox 1671 1333 1895 1383; x_wconf 90' lang='lat' dir='ltr'>tantum</span> <span class='ocrx_word' id='word_1_84' title='bbox 1931 1327 2042 1400; x_wconf 89' lang='lat' dir='ltr'>ipsi</span> 
     </span>
    </p>
   </div>
   <div class='ocr_carea' id='block_1_15' title="bbox 392 1417 2041 1490">
    <p class='ocr_par' dir='ltr' id='par_1_15' title="bbox 392 1417 2041 1490">
     <span class='ocr_line' id='line_1_15' title="bbox 392 1417 2041 1490; baseline -0.001 -19"><span class='ocrx_word' id='word_1_85' title='bbox 392 1417 711 1489; x_wconf 82' lang='lat' dir='ltr'>voluptatis</span> <span class='ocrx_word' id='word_1_86' title='bbox 742 1418 1444 1490; x_wconf 78' lang='lat' dir='ltr'>aIl&#39;erebat,quantum,ut</span> <span class='ocrx_word' id='word_1_87' title='bbox 1472 1424 1528 1473; x_wconf 91' lang='lat' dir='ltr'>et</span> <span class='ocrx_word' id='word_1_88' title='bbox 1559 1435 1663 1472; x_wconf 92' lang='lat' dir='ltr'>nos</span> <span class='ocrx_word' id='word_1_89' title='bbox 1696 1419 1796 1488; x_wconf 88' lang='lat' dir='ltr'>per</span> <span class='ocrx_word' id='word_1_90' title='bbox 1824 1417 2041 1488; x_wconf 87' lang='lat' dir='ltr'>ipsum,</span> 
     </span>
    </p>
   </div>
   <div class='ocr_carea' id='block_1_16' title="bbox 393 1505 2044 1579">
    <p class='ocr_par' dir='ltr' id='par_1_16' title="bbox 393 1505 2044 1579">
     <span class='ocr_line' id='line_1_16' title="bbox 393 1505 2044 1579; baseline -0.001 -18"><span class='ocrx_word' id='word_1_91' title='bbox 393 1511 451 1561; x_wconf 89' lang='lat' dir='ltr'>et</span> <span class='ocrx_word' id='word_1_92' title='bbox 481 1523 582 1577; x_wconf 89' lang='lat' dir='ltr'>per</span> <span class='ocrx_word' id='word_1_93' title='bbox 612 1523 718 1561; x_wconf 90' lang='lat' dir='ltr'>nos</span> <span class='ocrx_word' id='word_1_94' title='bbox 748 1505 1032 1577; x_wconf 88' lang='lat' dir='ltr'>ipse,tum</span> <span class='ocrx_word' id='word_1_95' title='bbox 1052 1508 1207 1579; x_wconf 84' lang='lat' dir='ltr'>apud</span> <span class='ocrx_word' id='word_1_96' title='bbox 1225 1508 1432 1573; x_wconf 92' lang='lat' dir='ltr'>Deum,</span> <span class='ocrx_word' id='word_1_97' title='bbox 1453 1513 1577 1562; x_wconf 90' lang='lat' dir='ltr'>tum</span> <span class='ocrx_word' id='word_1_98' title='bbox 1597 1507 1748 1578; x_wconf 87' lang='lat' dir='ltr'>apud</span> <span class='ocrx_word' id='word_1_99' title='bbox 1777 1506 2044 1561; x_wconf 90' lang='lat' dir='ltr'>homines</span> 
     </span>
    </p>
   </div>
   <div class='ocr_carea' id='block_1_17' title="bbox 393 1594 2042 1667">
    <p class='ocr_par' dir='ltr' id='par_1_17' title="bbox 393 1594 2042 1667">
     <span class='ocr_line' id='line_1_17' title="bbox 393 1594 2042 1667; baseline -0.001 -17"><span class='ocrx_word' id='word_1_100' title='bbox 393 1595 789 1662; x_wconf 87' lang='lat' dir='ltr'>laudaremur,</span> <span class='ocrx_word' id='word_1_101' title='bbox 823 1612 887 1650; x_wconf 92' lang='lat' dir='ltr'>ac</span> <span class='ocrx_word' id='word_1_102' title='bbox 933 1597 1100 1650; x_wconf 82' lang='lat' dir='ltr'>ﬁrma</span> <span class='ocrx_word' id='word_1_103' title='bbox 1133 1613 1364 1667; x_wconf 88' lang='lat' dir='ltr'>semper</span> <span class='ocrx_word' id='word_1_104' title='bbox 1381 1601 1436 1650; x_wconf 92' lang='lat' dir='ltr'>et</span> <span class='ocrx_word' id='word_1_105' title='bbox 1467 1595 1695 1651; x_wconf 87' lang='lat' dir='ltr'>stabilis</span> <span class='ocrx_word' id='word_1_106' title='bbox 1747 1594 1912 1649; x_wconf 88' lang='lat' dir='ltr'>nobis</span> <span class='ocrx_word' id='word_1_107' title='bbox 1948 1611 2042 1664; x_wconf 91' lang='lat' dir='ltr'>po-</span> 
     </span>
    </p>
   </div>
   <div class='ocr_carea' id='block_1_18' title="bbox 393 1683 2042 1754">
    <p class='ocr_par' dir='ltr' id='par_1_18' title="bbox 393 1683 2042 1754">
     <span class='ocr_line' id='line_1_18' title="bbox 393 1683 2042 1754; baseline 0 -18"><span class='ocrx_word' id='word_1_108' title='bbox 393 1683 578 1738; x_wconf 85' lang='lat' dir='ltr'>tentia</span> <span class='ocrx_word' id='word_1_109' title='bbox 609 1688 988 1754; x_wconf 85' lang='lat' dir='ltr'>permaneret.</span> <span class='ocrx_word' id='word_1_110' title='bbox 1045 1683 1191 1738; x_wconf 90' lang='lat' dir='ltr'>Illud</span> <span class='ocrx_word' id='word_1_111' title='bbox 1225 1685 1380 1739; x_wconf 90' lang='lat' dir='ltr'>enim</span> <span class='ocrx_word' id='word_1_112' title='bbox 1413 1685 1591 1754; x_wconf 85' lang='lat' dir='ltr'>probe</span> <span class='ocrx_word' id='word_1_113' title='bbox 1640 1683 2042 1754; x_wconf 85' lang='lat' dir='ltr'>perspiciebat,</span> 
     </span>
    </p>
   </div>
   <div class='ocr_carea' id='block_1_19' title="bbox 395 1769 2045 1844">
    <p class='ocr_par' dir='ltr' id='par_1_19' title="bbox 395 1769 2045 1844">
     <span class='ocr_line' id='line_1_19' title="bbox 395 1769 2045 1844; baseline -0.001 -18"><span class='ocrx_word' id='word_1_114' title='bbox 395 1769 572 1826; x_wconf 89' lang='lat' dir='ltr'>altius</span> <span class='ocrx_word' id='word_1_115' title='bbox 601 1771 871 1826; x_wconf 86' lang='lat' dir='ltr'>videlicet</span> <span class='ocrx_word' id='word_1_116' title='bbox 918 1773 1222 1844; x_wconf 80' lang='lat' dir='ltr'>magisque</span> <span class='ocrx_word' id='word_1_117' title='bbox 1254 1773 1407 1843; x_wconf 87' lang='lat' dir='ltr'>regie</span> <span class='ocrx_word' id='word_1_118' title='bbox 1434 1789 1608 1842; x_wconf 88' lang='lat' dir='ltr'>quam</span> <span class='ocrx_word' id='word_1_119' title='bbox 1662 1771 1922 1842; x_wconf 88' lang='lat' dir='ltr'>plerique</span> <span class='ocrx_word' id='word_1_120' title='bbox 1953 1787 2045 1825; x_wconf 90' lang='lat' dir='ltr'>so-</span> 
     </span>
    </p>
   </div>
   <div class='ocr_carea' id='block_1_20' title="bbox 2154 615 3802 696">
    <p class='ocr_par' dir='ltr' id='par_1_20' title="bbox 2154 615 3802 696">
     <span class='ocr_line' id='line_1_20' title="bbox 2154 615 3802 696; baseline 0.004 -24"><span class='ocrx_word' id='word_1_121' title='bbox 2154 615 2288 694; x_wconf 75' lang='grc' dir='ltr'>ἔρως</span> <span class='ocrx_word' id='word_1_122' title='bbox 2337 621 2533 695; x_wconf 84' lang='grc' dir='ltr'>θερμὸς</span> <span class='ocrx_word' id='word_1_123' title='bbox 2587 619 2899 694; x_wconf 75' lang='grc' dir='ltr'>ἐνέσκηψεν,</span> <span class='ocrx_word' id='word_1_124' title='bbox 2948 621 3024 684; x_wconf 84' lang='grc' dir='ltr'>ὡς</span> <span class='ocrx_word' id='word_1_125' title='bbox 3072 621 3255 694; x_wconf 78' lang='grc' dir='ltr'>ἐκείνῳ</span> <span class='ocrx_word' id='word_1_126' title='bbox 3304 620 3657 696; x_wconf 78' lang='grc' dir='ltr'>Χριστιανοὺς</span> <span class='ocrx_word' id='word_1_127' title='bbox 3707 621 3802 678; x_wconf 85' lang='grc' dir='ltr'>αὐ-</span> 
     </span>
    </p>
   </div>
   <div class='ocr_carea' id='block_1_21' title="bbox 2153 707 3802 786">
    <p class='ocr_par' dir='ltr' id='par_1_21' title="bbox 2153 707 3802 786">
     <span class='ocr_line' id='line_1_21' title="bbox 2153 707 3802 786; baseline 0.004 -26"><span class='ocrx_word' id='word_1_128' title='bbox 2153 707 2400 779; x_wconf 80' lang='grc' dir='ltr'>ξηθῆναι,</span> <span class='ocrx_word' id='word_1_129' title='bbox 2449 710 2537 763; x_wconf 85' lang='grc' dir='ltr'>καὶ</span> <span class='ocrx_word' id='word_1_130' title='bbox 2588 710 2662 770; x_wconf 84' lang='grc' dir='ltr'>εἰς</span> <span class='ocrx_word' id='word_1_131' title='bbox 2712 708 2965 765; x_wconf 84' lang='grc' dir='ltr'>πλεῖστον</span> <span class='ocrx_word' id='word_1_132' title='bbox 3021 713 3136 782; x_wconf 86' lang='grc'>(30)</span> <span class='ocrx_word' id='word_1_133' title='bbox 3188 711 3275 765; x_wconf 73' lang='grc' dir='ltr'>καὶ</span> <span class='ocrx_word' id='word_1_134' title='bbox 3324 709 3485 781; x_wconf 67' lang='grc' dir='ltr'>δόξης</span> <span class='ocrx_word' id='word_1_135' title='bbox 3515 709 3802 786; x_wconf 78' lang='grc' dir='ltr'>προελθεῖν</span> 
     </span>
    </p>
   </div>
   <div class='ocr_carea' id='block_1_22' title="bbox 2150 795 3802 875">
    <p class='ocr_par' dir='ltr' id='par_1_22' title="bbox 2150 795 3802 875">
     <span class='ocr_line' id='line_1_22' title="bbox 2150 795 3802 875; baseline 0.003 -24"><span class='ocrx_word' id='word_1_136' title='bbox 2150 797 2240 851; x_wconf 70' lang='grc' dir='ltr'>κιοὶ</span> <span class='ocrx_word' id='word_1_137' title='bbox 2289 795 2606 870; x_wconf 80' lang='grc' dir='ltr'>δυνάμεως·</span> <span class='ocrx_word' id='word_1_138' title='bbox 2667 799 2757 852; x_wconf 80' lang='grc' dir='ltr'>καὶ</span> <span class='ocrx_word' id='word_1_139' title='bbox 2807 799 2929 854; x_wconf 73' lang='grc' dir='ltr'>οὕτε</span> <span class='ocrx_word' id='word_1_140' title='bbox 2987 797 3110 868; x_wconf 79' lang='grc' dir='ltr'>ἔθνη</span> <span class='ocrx_word' id='word_1_141' title='bbox 3161 800 3509 875; x_wconf 65' lang='grc' dir='ltr'>χειρούμεναι,</span> <span class='ocrx_word' id='word_1_142' title='bbox 3563 799 3686 854; x_wconf 75' lang='grc' dir='ltr'>οὔτε</span> <span class='ocrx_word' id='word_1_143' title='bbox 3742 803 3802 856; x_wconf 86' lang='grc' dir='ltr'>τὸ</span> 
     </span>
    </p>
   </div>
   <div class='ocr_carea' id='block_1_23' title="bbox 2150 885 3802 962">
    <p class='ocr_par' dir='ltr' id='par_1_23' title="bbox 2150 885 3802 962">
     <span class='ocr_line' id='line_1_23' title="bbox 2150 885 3802 962; baseline 0 -20"><span class='ocrx_word' id='word_1_144' title='bbox 2150 887 2326 942; x_wconf 86' lang='grc' dir='ltr'>κοινὸν</span> <span class='ocrx_word' id='word_1_145' title='bbox 2361 886 2782 960; x_wconf 71' lang='grc' dir='ltr'>εὐνομούμενον,</span> <span class='ocrx_word' id='word_1_146' title='bbox 2817 888 2876 942; x_wconf 84' lang='grc' dir='ltr'>οὐ</span> <span class='ocrx_word' id='word_1_147' title='bbox 2909 887 3119 957; x_wconf 81' lang='grc' dir='ltr'>πλῆθος</span> <span class='ocrx_word' id='word_1_148' title='bbox 3150 888 3476 962; x_wconf 75' lang='grc' dir='ltr'>χρημάτων,</span> <span class='ocrx_word' id='word_1_149' title='bbox 3525 887 3588 942; x_wconf 81' lang='grc' dir='ltr'>οὐ</span> <span class='ocrx_word' id='word_1_150' title='bbox 3640 885 3802 960; x_wconf 80' lang='grc' dir='ltr'>δόξης</span> 
     </span>
    </p>
   </div>
   <div class='ocr_carea' id='block_1_24' title="bbox 2151 975 3802 1053">
    <p class='ocr_par' dir='ltr' id='par_1_24' title="bbox 2151 975 3802 1053">
     <span class='ocr_line' id='line_1_24' title="bbox 2151 975 3802 1053; baseline 0.001 -23"><span class='ocrx_word' id='word_1_151' title='bbox 2151 975 2433 1042; x_wconf 82' lang='grc' dir='ltr'>περιουσία</span> <span class='ocrx_word' id='word_1_152' title='bbox 2478 979 2612 1049; x_wconf 88' lang='grc'>(31),</span> <span class='ocrx_word' id='word_1_153' title='bbox 2665 976 2730 1032; x_wconf 79' lang='grc' dir='ltr'>οὐ</span> <span class='ocrx_word' id='word_1_154' title='bbox 2771 977 2835 1032; x_wconf 89' lang='grc' dir='ltr'>τὸ</span> <span class='ocrx_word' id='word_1_155' title='bbox 2872 975 3096 1053; x_wconf 68' lang='grc' dir='ltr'>βασιλέα</span> <span class='ocrx_word' id='word_1_156' title='bbox 3127 975 3393 1052; x_wconf 69' lang='grc' dir='ltr'>βασιλέων</span> <span class='ocrx_word' id='word_1_157' title='bbox 3426 977 3515 1031; x_wconf 83' lang='grc' dir='ltr'>καὶ</span> <span class='ocrx_word' id='word_1_158' title='bbox 3547 977 3679 1031; x_wconf 76' lang='grc' dir='ltr'>εἶναι</span> <span class='ocrx_word' id='word_1_159' title='bbox 3713 977 3802 1032; x_wconf 82' lang='grc' dir='ltr'>καὶ</span> 
     </span>
    </p>
   </div>
   <div class='ocr_carea' id='block_1_25' title="bbox 2154 1063 3804 1140">
    <p class='ocr_par' dir='ltr' id='par_1_25' title="bbox 2154 1063 3804 1140">
     <span class='ocr_line' id='line_1_25' title="bbox 2154 1063 3804 1140; baseline 0.001 -22"><span class='ocrx_word' id='word_1_160' title='bbox 2154 1065 2530 1137; x_wconf 74' lang='grc' dir='ltr'>ὀνομάζεσθαι,</span> <span class='ocrx_word' id='word_1_161' title='bbox 2580 1065 2687 1140; x_wconf 77' lang='grc' dir='ltr'>οὐχ</span> <span class='ocrx_word' id='word_1_162' title='bbox 2739 1065 2886 1127; x_wconf 78' lang='grc' dir='ltr'>ὅσοις</span> <span class='ocrx_word' id='word_1_163' title='bbox 2929 1063 3122 1126; x_wconf 83' lang='grc' dir='ltr'>ἄλλοις</span> <span class='ocrx_word' id='word_1_164' title='bbox 3154 1067 3449 1140; x_wconf 85' lang='grc' dir='ltr'>ἀνθρώπων</span> <span class='ocrx_word' id='word_1_165' title='bbox 3485 1063 3804 1138; x_wconf 80' lang='grc' dir='ltr'>εὐδαιμονία</span> 
     </span>
    </p>
   </div>
   <div class='ocr_carea' id='block_1_26' title="bbox 2149 1150 3799 1232">
    <p class='ocr_par' dir='ltr' id='par_1_26' title="bbox 2149 1150 3799 1232">
     <span class='ocr_line' id='line_1_26' title="bbox 2149 1150 3799 1232; baseline 0.002 -26"><span class='ocrx_word' id='word_1_166' title='bbox 2149 1151 2483 1227; x_wconf 79' lang='grc' dir='ltr'>γνωρίζεται.</span> <span class='ocrx_word' id='word_1_167' title='bbox 2519 1151 2669 1207; x_wconf 72' lang='grc' dir='ltr'>οὐδὲν</span> <span class='ocrx_word' id='word_1_168' title='bbox 2706 1153 2849 1208; x_wconf 76' lang='grc' dir='ltr'>οὕτω</span> <span class='ocrx_word' id='word_1_169' title='bbox 2878 1159 2985 1209; x_wconf 88' lang='grc' dir='ltr'>τῶν</span> <span class='ocrx_word' id='word_1_170' title='bbox 3020 1155 3229 1209; x_wconf 85' lang='grc' dir='ltr'>πάντων</span> <span class='ocrx_word' id='word_1_171' title='bbox 3257 1154 3453 1210; x_wconf 79' lang='grc' dir='ltr'>ἐκεῖνον</span> <span class='ocrx_word' id='word_1_172' title='bbox 3485 1150 3799 1232; x_wconf 72' lang='grc' dir='ltr'>ηὕφραινεν,</span> 
     </span>
    </p>
   </div>
   <div class='ocr_carea' id='block_1_27' title="bbox 2151 1240 3804 1317">
    <p class='ocr_par' dir='ltr' id='par_1_27' title="bbox 2151 1240 3804 1317">
     <span class='ocr_line' id='line_1_27' title="bbox 2151 1240 3804 1317; baseline 0.002 -22"><span class='ocrx_word' id='word_1_173' title='bbox 2151 1242 2224 1303; x_wconf 85' lang='grc' dir='ltr'>ὡς</span> <span class='ocrx_word' id='word_1_174' title='bbox 2253 1242 2314 1296; x_wconf 87' lang='grc' dir='ltr'>τὸ</span> <span class='ocrx_word' id='word_1_175' title='bbox 2344 1240 2410 1296; x_wconf 77' lang='grc' dir='ltr'>δι’</span> <span class='ocrx_word' id='word_1_176' title='bbox 2445 1244 2634 1297; x_wconf 67' lang='grc' dir='ltr'>ἑαυτοῦ</span> <span class='ocrx_word' id='word_1_177' title='bbox 2670 1244 2761 1315; x_wconf 73' lang='grc' dir='ltr'>μὲν</span> <span class='ocrx_word' id='word_1_178' title='bbox 2796 1246 2968 1317; x_wconf 72' lang='grc' dir='ltr'>ἡμᾶς,</span> <span class='ocrx_word' id='word_1_179' title='bbox 3003 1241 3091 1298; x_wconf 73' lang='grc' dir='ltr'>διὰ</span> <span class='ocrx_word' id='word_1_180' title='bbox 3132 1241 3189 1298; x_wconf 71' lang='grc' dir='ltr'>δὲ</span> <span class='ocrx_word' id='word_1_181' title='bbox 3237 1247 3396 1316; x_wconf 82' lang='grc' dir='ltr'>ἡμῶν</span> <span class='ocrx_word' id='word_1_182' title='bbox 3443 1243 3668 1315; x_wconf 78' lang='grc' dir='ltr'>ἐκεῖνον,</span> <span class='ocrx_word' id='word_1_183' title='bbox 3713 1243 3804 1298; x_wconf 79' lang='grc' dir='ltr'>καὶ</span> 
     </span>
    </p>
   </div>
   <div class='ocr_carea' id='block_1_28' title="bbox 2150 1331 3806 1408">
    <p class='ocr_par' dir='ltr' id='par_1_28' title="bbox 2150 1331 3806 1408">
     <span class='ocr_line' id='line_1_28' title="bbox 2150 1331 3806 1408; baseline 0.002 -25"><span class='ocrx_word' id='word_1_184' title='bbox 2150 1331 2296 1405; x_wconf 75' lang='grc' dir='ltr'>παρὰ</span> <span class='ocrx_word' id='word_1_185' title='bbox 2344 1332 2458 1403; x_wconf 88' lang='grc' dir='ltr'>Θεῴ</span> <span class='ocrx_word' id='word_1_186' title='bbox 2501 1332 2589 1386; x_wconf 80' lang='grc' dir='ltr'>καὶ</span> <span class='ocrx_word' id='word_1_187' title='bbox 2642 1332 2948 1408; x_wconf 78' lang='grc' dir='ltr'>ἀνθρώποις</span> <span class='ocrx_word' id='word_1_188' title='bbox 2998 1336 3107 1406; x_wconf 78' lang='grc'>(32)</span> <span class='ocrx_word' id='word_1_189' title='bbox 3160 1331 3491 1406; x_wconf 73' lang='grc' dir='ltr'>εὐδοκιμεῖν,</span> <span class='ocrx_word' id='word_1_190' title='bbox 3548 1333 3636 1387; x_wconf 87' lang='grc' dir='ltr'>καὶ</span> <span class='ocrx_word' id='word_1_191' title='bbox 3669 1332 3806 1387; x_wconf 86' lang='grc' dir='ltr'>ἀκα-</span> 
     </span>
    </p>
   </div>
   <div class='ocr_carea' id='block_1_29' title="bbox 2151 1416 3802 1498">
    <p class='ocr_par' dir='ltr' id='par_1_29' title="bbox 2151 1416 3802 1498">
     <span class='ocr_line' id='line_1_29' title="bbox 2151 1416 3802 1498; baseline 0.002 -27"><span class='ocrx_word' id='word_1_192' title='bbox 2151 1416 2380 1473; x_wconf 85' lang='grc' dir='ltr'>τάλυτον</span> <span class='ocrx_word' id='word_1_193' title='bbox 2409 1422 2543 1492; x_wconf 75' lang='grc' dir='ltr'>ἡμῖν</span> <span class='ocrx_word' id='word_1_194' title='bbox 2577 1421 2650 1483; x_wconf 80' lang='grc' dir='ltr'>εἷς</span> <span class='ocrx_word' id='word_1_195' title='bbox 2696 1423 2786 1476; x_wconf 86' lang='grc' dir='ltr'>τὸν</span> <span class='ocrx_word' id='word_1_196' title='bbox 2841 1422 3048 1476; x_wconf 83' lang='grc' dir='ltr'>ἅπαντα</span> <span class='ocrx_word' id='word_1_197' title='bbox 3093 1422 3292 1498; x_wconf 69' lang='grc' dir='ltr'>γρόνον</span> <span class='ocrx_word' id='word_1_198' title='bbox 3341 1427 3671 1496; x_wconf 86' lang='grc' dir='ltr'>παραμεῖναι</span> <span class='ocrx_word' id='word_1_199' title='bbox 3701 1422 3802 1491; x_wconf 75' lang='grc' dir='ltr'>τὴν</span> 
     </span>
    </p>
   </div>
   <div class='ocr_carea' id='block_1_30' title="bbox 2155 1505 3804 1585">
    <p class='ocr_par' dir='ltr' id='par_1_30' title="bbox 2155 1505 3804 1585">
     <span class='ocr_line' id='line_1_30' title="bbox 2155 1505 3804 1585; baseline 0.002 -25"><span class='ocrx_word' id='word_1_200' title='bbox 2155 1505 2502 1562; x_wconf 77' lang='grc' dir='ltr'>δυναστείαν·</span> <span class='ocrx_word' id='word_1_201' title='bbox 2563 1509 2651 1564; x_wconf 83' lang='grc' dir='ltr'>καὶ</span> <span class='ocrx_word' id='word_1_202' title='bbox 2711 1512 2813 1585; x_wconf 78' lang='grc' dir='ltr'>γὰρ</span> <span class='ocrx_word' id='word_1_203' title='bbox 2865 1511 3000 1585; x_wconf 84' lang='grc' dir='ltr'>πρὸς</span> <span class='ocrx_word' id='word_1_204' title='bbox 3057 1516 3172 1572; x_wconf 84' lang='grc' dir='ltr'>τοῖς</span> <span class='ocrx_word' id='word_1_205' title='bbox 3231 1508 3426 1572; x_wconf 74' lang='grc' dir='ltr'>ἄλλοις</span> <span class='ocrx_word' id='word_1_206' title='bbox 3477 1510 3648 1565; x_wconf 79' lang='grc' dir='ltr'>ἐκεῖνο</span> <span class='ocrx_word' id='word_1_207' title='bbox 3680 1508 3804 1584; x_wconf 65' lang='grc' dir='ltr'>ᾔδει</span> 
     </span>
    </p>
   </div>
   <div class='ocr_carea' id='block_1_31' title="bbox 2154 1598 3810 1675">
    <p class='ocr_par' dir='ltr' id='par_1_31' title="bbox 2154 1598 3810 1675">
     <span class='ocr_line' id='line_1_31' title="bbox 2154 1598 3810 1675; baseline 0.004 -27"><span class='ocrx_word' id='word_1_208' title='bbox 2154 1600 2358 1670; x_wconf 74' lang='grc' dir='ltr'>σαφῶς,</span> <span class='ocrx_word' id='word_1_209' title='bbox 2394 1598 2726 1673; x_wconf 75' lang='grc' dir='ltr'>ὑψηλότερόν</span> <span class='ocrx_word' id='word_1_210' title='bbox 2755 1621 2814 1654; x_wconf 84' lang='grc' dir='ltr'>τε</span> <span class='ocrx_word' id='word_1_211' title='bbox 2843 1601 2952 1673; x_wconf 88' lang='grc'>(33)</span> <span class='ocrx_word' id='word_1_212' title='bbox 2981 1599 3070 1654; x_wconf 81' lang='grc' dir='ltr'>καὶ</span> <span class='ocrx_word' id='word_1_213' title='bbox 3120 1599 3542 1675; x_wconf 84' lang='grc' dir='ltr'>βασιλικώτερον</span> <span class='ocrx_word' id='word_1_214' title='bbox 3592 1601 3626 1669; x_wconf 82' lang='grc' dir='ltr'>ἣ</span> <span class='ocrx_word' id='word_1_215' title='bbox 3671 1600 3810 1654; x_wconf 83' lang='grc' dir='ltr'>κατὰ</span> 
     </span>
    </p>
   </div>
   <div class='ocr_carea' id='block_1_32' title="bbox 2152 1684 3806 1763">
    <p class='ocr_par' dir='ltr' id='par_1_32' title="bbox 2152 1684 3806 1763">
     <span class='ocr_line' id='line_1_32' title="bbox 2152 1684 3806 1763; baseline 0.002 -25"><span class='ocrx_word' id='word_1_216' title='bbox 2152 1686 2278 1746; x_wconf 80' lang='grc' dir='ltr'>τοὺς</span> <span class='ocrx_word' id='word_1_217' title='bbox 2336 1684 2586 1748; x_wconf 73' lang='grc' dir='ltr'>πολλοὺς</span> <span class='ocrx_word' id='word_1_218' title='bbox 2641 1689 2764 1763; x_wconf 85' lang='grc' dir='ltr'>περὶ</span> <span class='ocrx_word' id='word_1_219' title='bbox 2814 1687 3020 1742; x_wconf 71' lang='grc' dir='ltr'>τούτων</span> <span class='ocrx_word' id='word_1_220' title='bbox 3091 1684 3498 1761; x_wconf 75' lang='grc' dir='ltr'>διανοούμενος,</span> <span class='ocrx_word' id='word_1_221' title='bbox 3559 1688 3641 1744; x_wconf 78' lang='grc' dir='ltr'>ὅτί</span> <span class='ocrx_word' id='word_1_222' title='bbox 3687 1691 3806 1751; x_wconf 78' lang='grc' dir='ltr'>τοῖς</span> 
     </span>
    </p>
   </div>
   <div class='ocr_carea' id='block_1_33' title="bbox 2156 1776 3810 1852">
    <p class='ocr_par' dir='ltr' id='par_1_33' title="bbox 2156 1776 3810 1852">
     <span class='ocr_line' id='line_1_33' title="bbox 2156 1776 3810 1852; baseline 0.003 -25"><span class='ocrx_word' id='word_1_223' title='bbox 2156 1779 2488 1849; x_wconf 81' lang='grc' dir='ltr'>Χριστιανῶν</span> <span class='ocrx_word' id='word_1_224' title='bbox 2549 1776 2824 1852; x_wconf 79' lang='grc' dir='ltr'>πράγμασι</span> <span class='ocrx_word' id='word_1_225' title='bbox 2881 1777 2947 1832; x_wconf 80' lang='grc' dir='ltr'>τὰ</span> <span class='ocrx_word' id='word_1_226' title='bbox 3001 1779 3283 1850; x_wconf 82' lang='grc' dir='ltr'>Ῥωμαίων</span> <span class='ocrx_word' id='word_1_227' title='bbox 3345 1777 3666 1849; x_wconf 80' lang='grc' dir='ltr'>συνηύξησε,</span> <span class='ocrx_word' id='word_1_228' title='bbox 3716 1777 3810 1832; x_wconf 87' lang='grc' dir='ltr'>καὶ</span> 
     </span>
    </p>
   </div>
   <div class='ocr_carea' id='block_1_34' title="bbox 395 1858 2031 1966">
    <p class='ocr_par' dir='ltr' id='par_1_34' title="bbox 395 1858 2031 1934">
     <span class='ocr_line' id='line_1_34' title="bbox 395 1858 2031 1934; baseline -0.001 -20"><span class='ocrx_word' id='word_1_229' title='bbox 395 1858 572 1927; x_wconf 89' lang='lat' dir='ltr'>leant,</span> <span class='ocrx_word' id='word_1_230' title='bbox 607 1861 678 1915; x_wconf 91' lang='lat' dir='ltr'>de</span> <span class='ocrx_word' id='word_1_231' title='bbox 711 1860 801 1915; x_wconf 89' lang='lat' dir='ltr'>his</span> <span class='ocrx_word' id='word_1_232' title='bbox 853 1862 1136 1934; x_wconf 86' lang='lat' dir='ltr'>cogitans,</span> <span class='ocrx_word' id='word_1_233' title='bbox 1169 1879 1302 1916; x_wconf 90' lang='lat' dir='ltr'>cum</span> <span class='ocrx_word' id='word_1_234' title='bbox 1353 1861 1815 1916; x_wconf 86' lang='lat' dir='ltr'>Christianorum</span> <span class='ocrx_word' id='word_1_235' title='bbox 1871 1860 2031 1914; x_wconf 69' lang='lat' dir='ltr'>rebus</span> 
     </span>
    </p>
   </div>
   <div class='ocr_carea' id='block_1_35' title="bbox 2148 1858 3807 1966">
    <p class='ocr_par' dir='ltr' id='par_1_35' title="bbox 2157 1862 3807 1942">
     <span class='ocr_line' id='line_1_35' title="bbox 2157 1862 3807 1942; baseline 0.004 -27"><span class='ocrx_word' id='word_1_236' title='bbox 2157 1862 2477 1932; x_wconf 75' lang='grc' dir='ltr'>συνεισῆλθε</span> <span class='ocrx_word' id='word_1_237' title='bbox 2532 1869 2598 1938; x_wconf 83' lang='grc' dir='ltr'>τῇ</span> <span class='ocrx_word' id='word_1_238' title='bbox 2659 1863 2928 1940; x_wconf 75' lang='grc' dir='ltr'>ἐπιδημίᾳ</span> <span class='ocrx_word' id='word_1_239' title='bbox 2973 1868 3207 1942; x_wconf 76' lang='grc' dir='ltr'>Χριστοῦ</span> <span class='ocrx_word' id='word_1_240' title='bbox 3261 1865 3322 1921; x_wconf 73' lang='grc' dir='ltr'>τὰ</span> <span class='ocrx_word' id='word_1_241' title='bbox 3381 1866 3597 1940; x_wconf 85' lang='grc' dir='ltr'>κράτος,</span> <span class='ocrx_word' id='word_1_242' title='bbox 3653 1866 3807 1922; x_wconf 69' lang='grc' dir='ltr'>οὔπω</span> 
     </span>
    </p>
   </div>
   <div class='ocr_carea' id='block_1_36' title="bbox 396 1947 2045 2022">
    <p class='ocr_par' dir='ltr' id='par_1_36' title="bbox 396 1947 2045 2022">
     <span class='ocr_line' id='line_1_36' title="bbox 396 1947 2045 2022; baseline -0.001 -19"><span class='ocrx_word' id='word_1_243' title='bbox 396 1952 795 2004; x_wconf 83' lang='lat' dir='ltr'>Romanorum</span> <span class='ocrx_word' id='word_1_244' title='bbox 844 1967 1074 2022; x_wconf 90' lang='lat' dir='ltr'>quoque</span> <span class='ocrx_word' id='word_1_245' title='bbox 1104 1966 1197 2005; x_wconf 91' lang='lat' dir='ltr'>res</span> <span class='ocrx_word' id='word_1_246' title='bbox 1248 1951 1672 2006; x_wconf 82' lang='lat' dir='ltr'>incrementum</span> <span class='ocrx_word' id='word_1_247' title='bbox 1729 1947 1907 2003; x_wconf 88' lang='lat' dir='ltr'>simul</span> <span class='ocrx_word' id='word_1_248' title='bbox 1956 1964 2045 2002; x_wconf 87' lang='lat' dir='ltr'>ce-</span> 
     </span>
    </p>
   </div>
   <div class='ocr_carea' id='block_1_37' title="bbox 395 2037 2046 2111">
    <p class='ocr_par' dir='ltr' id='par_1_37' title="bbox 395 2037 2046 2111">
     <span class='ocr_line' id='line_1_37' title="bbox 395 2037 2046 2111; baseline -0.001 -18"><span class='ocrx_word' id='word_1_249' title='bbox 395 2038 574 2110; x_wconf 86' lang='lat' dir='ltr'>pisse,</span> <span class='ocrx_word' id='word_1_250' title='bbox 609 2044 782 2111; x_wconf 88' lang='lat' dir='ltr'>atque</span> <span class='ocrx_word' id='word_1_251' title='bbox 810 2057 942 2095; x_wconf 88' lang='lat' dir='ltr'>cum</span> <span class='ocrx_word' id='word_1_252' title='bbox 987 2041 1238 2096; x_wconf 85' lang='lat' dir='ltr'>adventu</span> <span class='ocrx_word' id='word_1_253' title='bbox 1270 2041 1482 2096; x_wconf 89' lang='lat' dir='ltr'>Christi</span> <span class='ocrx_word' id='word_1_254' title='bbox 1515 2040 1825 2111; x_wconf 89' lang='lat' dir='ltr'>imperium</span> <span class='ocrx_word' id='word_1_255' title='bbox 1868 2037 2046 2093; x_wconf 83' lang='lat' dir='ltr'>simul</span> 
     </span>
    </p>
   </div>
   <div class='ocr_carea' id='block_1_38' title="bbox 387 2127 2040 2201">
    <p class='ocr_par' dir='ltr' id='par_1_38' title="bbox 387 2127 2040 2201">
     <span class='ocr_line' id='line_1_38' title="bbox 387 2127 2040 2201; baseline -0.001 -19"><span class='ocrx_word' id='word_1_256' title='bbox 387 2127 724 2201; x_wconf 77' lang='lat' dir='ltr'>ingressum</span> <span class='ocrx_word' id='word_1_257' title='bbox 756 2129 1104 2195; x_wconf 79' lang='lat' dir='ltr'>fuisse,cum</span> <span class='ocrx_word' id='word_1_258' title='bbox 1139 2131 1399 2184; x_wconf 91' lang='lat' dir='ltr'>nondum</span> <span class='ocrx_word' id='word_1_259' title='bbox 1434 2129 1596 2200; x_wconf 90' lang='lat' dir='ltr'>prius</span> <span class='ocrx_word' id='word_1_260' title='bbox 1618 2129 1724 2182; x_wconf 89' lang='lat' dir='ltr'>hoc</span> <span class='ocrx_word' id='word_1_261' title='bbox 1753 2128 2040 2191; x_wconf 86' lang='lat' dir='ltr'>evicisset,</span> 
     </span>
    </p>
   </div>
   <div class='ocr_carea' id='block_1_39' title="bbox 387 2216 2037 2290">
    <p class='ocr_par' dir='ltr' id='par_1_39' title="bbox 387 2216 2037 2290">
     <span class='ocr_line' id='line_1_39' title="bbox 387 2216 2037 2290; baseline -0.002 -18"><span class='ocrx_word' id='word_1_262' title='bbox 387 2221 452 2272; x_wconf 90' lang='lat' dir='ltr'>ut</span> <span class='ocrx_word' id='word_1_263' title='bbox 479 2216 541 2273; x_wconf 91' lang='lat' dir='ltr'>in</span> <span class='ocrx_word' id='word_1_264' title='bbox 574 2217 746 2272; x_wconf 88' lang='lat' dir='ltr'>unius</span> <span class='ocrx_word' id='word_1_265' title='bbox 778 2218 1172 2290; x_wconf 84' lang='lat' dir='ltr'>principatum</span> <span class='ocrx_word' id='word_1_266' title='bbox 1206 2217 1376 2290; x_wconf 86' lang='lat' dir='ltr'>plane</span> <span class='ocrx_word' id='word_1_267' title='bbox 1405 2218 1717 2273; x_wconf 87' lang='lat' dir='ltr'>deveniret.</span> <span class='ocrx_word' id='word_1_268' title='bbox 1739 2217 1822 2271; x_wconf 92' lang='lat' dir='ltr'>0b</span> <span class='ocrx_word' id='word_1_269' title='bbox 1844 2216 2037 2286; x_wconf 88' lang='lat' dir='ltr'>idque,</span> 
     </span>
    </p>
   </div>
   <div class='ocr_carea' id='block_1_40' title="bbox 376 2304 2035 2378">
    <p class='ocr_par' dir='ltr' id='par_1_40' title="bbox 376 2304 2035 2378">
     <span class='ocr_line' id='line_1_40' title="bbox 376 2304 2035 2378; baseline -0.002 -17"><span class='ocrx_word' id='word_1_270' title='bbox 376 2309 435 2361; x_wconf 90' lang='lat' dir='ltr'>et</span> <span class='ocrx_word' id='word_1_271' title='bbox 465 2306 672 2362; x_wconf 90' lang='lat' dir='ltr'>merito</span> <span class='ocrx_word' id='word_1_272' title='bbox 703 2306 1068 2376; x_wconf 89' lang='lat' dir='ltr'>quidem,res</span> <span class='ocrx_word' id='word_1_273' title='bbox 1100 2313 1329 2362; x_wconf 85' lang='lat' dir='ltr'>nostras</span> <span class='ocrx_word' id='word_1_274' title='bbox 1368 2307 1553 2378; x_wconf 87' lang='lat' dir='ltr'>magis</span> <span class='ocrx_word' id='word_1_275' title='bbox 1586 2304 1859 2377; x_wconf 90' lang='lat' dir='ltr'>amplecti</span> <span class='ocrx_word' id='word_1_276' title='bbox 1893 2304 2035 2359; x_wconf 90' lang='lat' dir='ltr'>mihi</span> 
     </span>
    </p>
   </div>
   <div class='ocr_carea' id='block_1_41' title="bbox 370 2392 2034 2468">
    <p class='ocr_par' dir='ltr' id='par_1_41' title="bbox 370 2392 2034 2468">
     <span class='ocr_line' id='line_1_41' title="bbox 370 2392 2034 2468; baseline -0.001 -18"><span class='ocrx_word' id='word_1_277' title='bbox 370 2395 701 2452; x_wconf 83' lang='lat' dir='ltr'>videbatur.</span> <span class='ocrx_word' id='word_1_278' title='bbox 736 2396 842 2462; x_wconf 87' lang='lat' dir='ltr'>Qui</span> <span class='ocrx_word' id='word_1_279' title='bbox 893 2395 1151 2468; x_wconf 90' lang='lat' dir='ltr'>quidem,</span> <span class='ocrx_word' id='word_1_280' title='bbox 1185 2395 1294 2451; x_wconf 87' lang='lat' dir='ltr'>etsi</span> <span class='ocrx_word' id='word_1_281' title='bbox 1345 2396 1484 2466; x_wconf 91' lang='lat' dir='ltr'>quid</span> <span class='ocrx_word' id='word_1_282' title='bbox 1535 2395 1704 2450; x_wconf 89' lang='lat' dir='ltr'>nobis</span> <span class='ocrx_word' id='word_1_283' title='bbox 1756 2392 2034 2448; x_wconf 82' lang='lat' dir='ltr'>molestiae</span> 
     </span>
    </p>
   </div>
   <div class='ocr_carea' id='block_1_42' title="bbox 371 2483 2033 2555">
    <p class='ocr_par' dir='ltr' id='par_1_42' title="bbox 371 2483 2033 2555">
     <span class='ocr_line' id='line_1_42' title="bbox 371 2483 2033 2555; baseline -0.003 -16"><span class='ocrx_word' id='word_1_284' title='bbox 371 2484 656 2554; x_wconf 82' lang='lat' dir='ltr'>exhibuit,</span> <span class='ocrx_word' id='word_1_285' title='bbox 689 2501 804 2540; x_wconf 90' lang='lat' dir='ltr'>non</span> <span class='ocrx_word' id='word_1_286' title='bbox 838 2485 1022 2540; x_wconf 88' lang='lat' dir='ltr'>nostri</span> <span class='ocrx_word' id='word_1_287' title='bbox 1056 2489 1394 2555; x_wconf 88' lang='lat' dir='ltr'>contemptu</span> <span class='ocrx_word' id='word_1_288' title='bbox 1427 2484 1485 2538; x_wconf 90' lang='lat' dir='ltr'>id</span> <span class='ocrx_word' id='word_1_289' title='bbox 1515 2483 1668 2548; x_wconf 88' lang='lat' dir='ltr'>fecit,</span> <span class='ocrx_word' id='word_1_290' title='bbox 1695 2499 1797 2538; x_wconf 90' lang='lat' dir='ltr'>nec</span> <span class='ocrx_word' id='word_1_291' title='bbox 1829 2487 1893 2536; x_wconf 88' lang='lat' dir='ltr'>ut</span> <span class='ocrx_word' id='word_1_292' title='bbox 1926 2496 2033 2537; x_wconf 91' lang='lat' dir='ltr'>nos</span> 
     </span>
    </p>
   </div>
   <div class='ocr_carea' id='block_1_43' title="bbox 2156 1951 3807 2033">
    <p class='ocr_par' dir='ltr' id='par_1_43' title="bbox 2156 1951 3807 2033">
     <span class='ocr_line' id='line_1_43' title="bbox 2156 1951 3807 2033; baseline 0.005 -28"><span class='ocrx_word' id='word_1_293' title='bbox 2156 1951 2416 2028; x_wconf 83' lang='grc' dir='ltr'>πρότερον</span> <span class='ocrx_word' id='word_1_294' title='bbox 2448 1952 2672 2017; x_wconf 84' lang='grc' dir='ltr'>τελείως</span> <span class='ocrx_word' id='word_1_295' title='bbox 2721 1958 2830 2029; x_wconf 80' lang='grc'>(34)</span> <span class='ocrx_word' id='word_1_296' title='bbox 2880 1957 2954 2018; x_wconf 78' lang='grc' dir='ltr'>εἱς</span> <span class='ocrx_word' id='word_1_297' title='bbox 2999 1956 3296 2033; x_wconf 80' lang='grc' dir='ltr'>μοναρχίαν</span> <span class='ocrx_word' id='word_1_298' title='bbox 3346 1956 3627 2027; x_wconf 81' lang='grc' dir='ltr'>νενικηκός</span> <span class='ocrx_word' id='word_1_299' title='bbox 3670 1959 3807 2029; x_wconf 86' lang='grc'>(35)·</span> 
     </span>
    </p>
   </div>
   <div class='ocr_carea' id='block_1_44' title="bbox 2154 2039 3808 2120">
    <p class='ocr_par' dir='ltr' id='par_1_44' title="bbox 2154 2039 3808 2120">
     <span class='ocr_line' id='line_1_44' title="bbox 2154 2039 3808 2120; baseline 0.004 -26"><span class='ocrx_word' id='word_1_300' title='bbox 2154 2040 2244 2094; x_wconf 80' lang='grc' dir='ltr'>καὶ</span> <span class='ocrx_word' id='word_1_301' title='bbox 2277 2039 2365 2096; x_wconf 85' lang='grc' dir='ltr'>διὰ</span> <span class='ocrx_word' id='word_1_302' title='bbox 2406 2047 2564 2097; x_wconf 91' lang='grc' dir='ltr'>τοῦτο</span> <span class='ocrx_word' id='word_1_303' title='bbox 2615 2043 2780 2099; x_wconf 64' lang='grc' dir='ltr'>πλέον</span> <span class='ocrx_word' id='word_1_304' title='bbox 2809 2043 2982 2099; x_wconf 82' lang='grc' dir='ltr'>ἐδόκει</span> <span class='ocrx_word' id='word_1_305' title='bbox 3016 2066 3110 2118; x_wconf 90' lang='grc' dir='ltr'>μοι</span> <span class='ocrx_word' id='word_1_306' title='bbox 3142 2046 3414 2120; x_wconf 68' lang='grc' dir='ltr'>περιέπειν</span> <span class='ocrx_word' id='word_1_307' title='bbox 3449 2043 3505 2099; x_wconf 78' lang='grc' dir='ltr'>εὖ</span> <span class='ocrx_word' id='word_1_308' title='bbox 3536 2049 3707 2100; x_wconf 90' lang='grc' dir='ltr'>ποιῶν</span> <span class='ocrx_word' id='word_1_309' title='bbox 3739 2045 3808 2100; x_wconf 74' lang='grc' dir='ltr'>τὰ</span> 
     </span>
    </p>
   </div>
   <div class='ocr_carea' id='block_1_45' title="bbox 2152 2128 3804 2208">
    <p class='ocr_par' dir='ltr' id='par_1_45' title="bbox 2152 2128 3804 2208">
     <span class='ocr_line' id='line_1_45' title="bbox 2152 2128 3804 2208; baseline 0.019 -11"><span class='ocrx_word' id='word_1_310' title='bbox 2152 2128 2428 2206; x_wconf 71' lang='grc' dir='ltr'>ἡμέτερα·</span> <span class='ocrx_word' id='word_1_311' title='bbox 2489 2131 2545 2192; x_wconf 79' lang='grc' dir='ltr'>ὅς</span> <span class='ocrx_word' id='word_1_312' title='bbox 2591 2153 2670 2207; x_wconf 75' lang='grc' dir='ltr'>γε,</span> <span class='ocrx_word' id='word_1_313' title='bbox 2729 2133 2818 2187; x_wconf 72' lang='grc' dir='ltr'>καὶ</span> <span class='ocrx_word' id='word_1_314' title='bbox 2877 2131 2924 2188; x_wconf 68' lang='grc' dir='ltr'>ίί</span> <span class='ocrx_word' id='word_1_315' title='bbox 2980 2154 3032 2187; x_wconf 85' lang='grc' dir='ltr'>τι</span> <span class='ocrx_word' id='word_1_316' title='bbox 3088 2133 3470 2208; x_wconf 58' lang='grc' dir='ltr'>παρελύπησεν</span> <span class='ocrx_word' id='word_1_317' title='bbox 3517 2135 3687 2206; x_wconf 63' lang='grc' dir='ltr'>ἡμᾶς’</span> <span class='ocrx_word' id='word_1_318' title='bbox 3741 2134 3804 2188; x_wconf 65' lang='grc' dir='ltr'>οὗ</span> 
     </span>
    </p>
   </div>
   <div class='ocr_carea' id='block_1_46' title="bbox 2148 2215 3802 2296">
    <p class='ocr_par' dir='ltr' id='par_1_46' title="bbox 2148 2215 3802 2296">
     <span class='ocr_line' id='line_1_46' title="bbox 2148 2215 3802 2296; baseline 0.003 -26"><span class='ocrx_word' id='word_1_319' title='bbox 2148 2223 2508 2294; x_wconf 80' lang='grc' dir='ltr'>περιφρονῶν,</span> <span class='ocrx_word' id='word_1_320' title='bbox 2542 2217 2666 2274; x_wconf 74' lang='grc' dir='ltr'>οὐδὲ</span> <span class='ocrx_word' id='word_1_321' title='bbox 2691 2215 2948 2296; x_wconf 74' lang='grc' dir='ltr'>ὑϐρίζων,</span> <span class='ocrx_word' id='word_1_322' title='bbox 2981 2218 3104 2275; x_wconf 76' lang='grc' dir='ltr'>οὐδὲ</span> <span class='ocrx_word' id='word_1_323' title='bbox 3136 2219 3331 2282; x_wconf 81' lang='grc' dir='ltr'>ἄλλοις</span> <span class='ocrx_word' id='word_1_324' title='bbox 3359 2219 3468 2274; x_wconf 87' lang='grc' dir='ltr'>τισὶ</span> <span class='ocrx_word' id='word_1_325' title='bbox 3503 2221 3608 2296; x_wconf 88' lang='grc' dir='ltr'>πρὸ</span> <span class='ocrx_word' id='word_1_326' title='bbox 3640 2223 3802 2294; x_wconf 82' lang='grc' dir='ltr'>ἡμῶν</span> 
     </span>
    </p>
   </div>
   <div class='ocr_carea' id='block_1_47' title="bbox 2148 2305 3802 2382">
    <p class='ocr_par' dir='ltr' id='par_1_47' title="bbox 2148 2305 3802 2382">
     <span class='ocr_line' id='line_1_47' title="bbox 2148 2305 3802 2382; baseline 0.003 -23"><span class='ocrx_word' id='word_1_327' title='bbox 2148 2307 2510 2380; x_wconf 78' lang='grc' dir='ltr'>χαριζόμενος</span> <span class='ocrx_word' id='word_1_328' title='bbox 2559 2312 2692 2382; x_wconf 86' lang='grc'>(36),</span> <span class='ocrx_word' id='word_1_329' title='bbox 2754 2309 2880 2365; x_wconf 82' lang='grc' dir='ltr'>ἀλλ’</span> <span class='ocrx_word' id='word_1_330' title='bbox 2929 2309 3065 2364; x_wconf 85' lang='grc' dir='ltr'>ὥστε</span> <span class='ocrx_word' id='word_1_331' title='bbox 3120 2312 3318 2371; x_wconf 79' lang='grc' dir='ltr'>πάντας</span> <span class='ocrx_word' id='word_1_332' title='bbox 3376 2305 3426 2364; x_wconf 74' lang='grc' dir='ltr'>ἕν</span> <span class='ocrx_word' id='word_1_333' title='bbox 3489 2309 3646 2378; x_wconf 78' lang='grc' dir='ltr'>εἶναι,</span> <span class='ocrx_word' id='word_1_334' title='bbox 3709 2309 3802 2364; x_wconf 82' lang='grc' dir='ltr'>καὶ</span> 
     </span>
    </p>
   </div>
   <div class='ocr_carea' id='block_1_48' title="bbox 2147 2396 3800 2476">
    <p class='ocr_par' dir='ltr' id='par_1_48' title="bbox 2147 2396 3800 2476">
     <span class='ocr_line' id='line_1_48' title="bbox 2147 2396 3800 2476; baseline 0.003 -28"><span class='ocrx_word' id='word_1_335' title='bbox 2147 2403 2470 2472; x_wconf 71' lang='grc' dir='ltr'>συμφρονεῖν</span> <span class='ocrx_word' id='word_1_336' title='bbox 2530 2396 2904 2473; x_wconf 71' lang='grc' dir='ltr'>παρελύπησε,</span> <span class='ocrx_word' id='word_1_337' title='bbox 2962 2399 3051 2453; x_wconf 88' lang='grc' dir='ltr'>καὶ</span> <span class='ocrx_word' id='word_1_338' title='bbox 3105 2400 3179 2471; x_wconf 77' lang='grc' dir='ltr'>μὴ</span> <span class='ocrx_word' id='word_1_339' title='bbox 3229 2397 3602 2476; x_wconf 78' lang='grc' dir='ltr'>διακεκόφθαι,</span> <span class='ocrx_word' id='word_1_340' title='bbox 3656 2397 3800 2473; x_wconf 73' lang='grc' dir='ltr'>μηδὲ</span> 
     </span>
    </p>
   </div>
   <div class='ocr_carea' id='block_1_49' title="bbox 2145 2481 2903 2563">
    <p class='ocr_par' dir='ltr' id='par_1_49' title="bbox 2145 2481 2903 2563">
     <span class='ocr_line' id='line_1_49' title="bbox 2145 2481 2903 2563; baseline 0.011 -27"><span class='ocrx_word' id='word_1_341' title='bbox 2145 2481 2409 2539; x_wconf 83' lang='grc' dir='ltr'>διεστάναι</span> <span class='ocrx_word' id='word_1_342' title='bbox 2441 2492 2554 2548; x_wconf 84' lang='grc' dir='ltr'>τοῖς</span> <span class='ocrx_word' id='word_1_343' title='bbox 2588 2487 2903 2563; x_wconf 86' lang='grc' dir='ltr'>σχίσμασιν.</span> 
     </span>
    </p>
   </div>
   <div class='ocr_carea' id='block_1_50' title="bbox 362 2571 3784 2650">
    <p class='ocr_par' dir='ltr' id='par_1_50' title="bbox 362 2571 3784 2650">
     <span class='ocr_line' id='line_1_50' title="bbox 362 2571 3784 2650; baseline 0.002 -24"><span class='ocrx_word' id='word_1_344' title='bbox 362 2572 727 2628; x_wconf 86' lang='lat' dir='ltr'>contumelia</span> <span class='ocrx_word' id='word_1_345' title='bbox 758 2575 1032 2638; x_wconf 74' lang='lat' dir='ltr'>afﬁceret,</span> <span class='ocrx_word' id='word_1_346' title='bbox 1067 2589 1170 2627; x_wconf 90' lang='lat' dir='ltr'>nec</span> <span class='ocrx_word' id='word_1_347' title='bbox 1203 2577 1266 2626; x_wconf 91' lang='lat' dir='ltr'>ut</span> <span class='ocrx_word' id='word_1_348' title='bbox 1297 2571 1426 2628; x_wconf 86' lang='lat' dir='ltr'>aliis</span> <span class='ocrx_word' id='word_1_349' title='bbox 1457 2572 1810 2643; x_wconf 86' lang='lat' dir='ltr'>quibusdam</span> <span class='ocrx_word' id='word_1_350' title='bbox 1847 2573 2041 2643; x_wconf 87' lang='lat' dir='ltr'>potius</span> <span class='ocrx_word' id='word_1_351' title='bbox 2075 2590 2252 2644; x_wconf 91' lang='lat' dir='ltr'>quam</span> <span class='ocrx_word' id='word_1_352' title='bbox 2286 2575 2454 2631; x_wconf 91' lang='lat' dir='ltr'>nobis</span> <span class='ocrx_word' id='word_1_353' title='bbox 2487 2576 2854 2650; x_wconf 82' lang='lat' dir='ltr'>indulgeret;</span> <span class='ocrx_word' id='word_1_354' title='bbox 2889 2581 2988 2634; x_wconf 91' lang='lat' dir='ltr'>sed</span> <span class='ocrx_word' id='word_1_355' title='bbox 3022 2583 3086 2634; x_wconf 89' lang='lat' dir='ltr'>ut</span> <span class='ocrx_word' id='word_1_356' title='bbox 3116 2595 3319 2636; x_wconf 91' lang='lat' dir='ltr'>omnes</span> <span class='ocrx_word' id='word_1_357' title='bbox 3350 2579 3410 2634; x_wconf 90' lang='lat' dir='ltr'>in</span> <span class='ocrx_word' id='word_1_358' title='bbox 3442 2595 3626 2634; x_wconf 90' lang='lat' dir='ltr'>unum</span> <span class='ocrx_word' id='word_1_359' title='bbox 3666 2578 3784 2634; x_wconf 92' lang='lat' dir='ltr'>coi-</span> 
     </span>
    </p>
   </div>
   <div class='ocr_carea' id='block_1_51' title="bbox 368 2661 3785 2740">
    <p class='ocr_par' dir='ltr' id='par_1_51' title="bbox 368 2661 3785 2740">
     <span class='ocr_line' id='line_1_51' title="bbox 368 2661 3785 2740; baseline 0.002 -24"><span class='ocrx_word' id='word_1_360' title='bbox 368 2677 591 2728; x_wconf 85' lang='lat' dir='ltr'>remus,</span> <span class='ocrx_word' id='word_1_361' title='bbox 622 2661 1072 2732; x_wconf 88' lang='lat' dir='ltr'>animorumque</span> <span class='ocrx_word' id='word_1_362' title='bbox 1102 2661 1485 2716; x_wconf 88' lang='lat' dir='ltr'>consensione</span> <span class='ocrx_word' id='word_1_363' title='bbox 1506 2661 1916 2732; x_wconf 86' lang='lat' dir='ltr'>jungeremur,</span> <span class='ocrx_word' id='word_1_364' title='bbox 1949 2677 2054 2717; x_wconf 86' lang='lat' dir='ltr'>nec</span> <span class='ocrx_word' id='word_1_365' title='bbox 2087 2679 2188 2734; x_wconf 92' lang='lat' dir='ltr'>per</span> <span class='ocrx_word' id='word_1_366' title='bbox 2220 2663 2543 2721; x_wconf 87' lang='lat' dir='ltr'>schismata</span> <span class='ocrx_word' id='word_1_367' title='bbox 2571 2665 2723 2722; x_wconf 89' lang='lat' dir='ltr'>inter</span> <span class='ocrx_word' id='word_1_368' title='bbox 2752 2684 2857 2723; x_wconf 88' lang='lat' dir='ltr'>nos</span> <span class='ocrx_word' id='word_1_369' title='bbox 2896 2668 3170 2740; x_wconf 89' lang='lat' dir='ltr'>dirempti</span> <span class='ocrx_word' id='word_1_370' title='bbox 3201 2673 3376 2739; x_wconf 88' lang='lat' dir='ltr'>atque</span> <span class='ocrx_word' id='word_1_371' title='bbox 3424 2667 3661 2724; x_wconf 88' lang='lat' dir='ltr'>dissecti</span> <span class='ocrx_word' id='word_1_372' title='bbox 3692 2684 3785 2722; x_wconf 91' lang='lat' dir='ltr'>es-</span> 
     </span>
    </p>
   </div>
   <div class='ocr_carea' id='block_1_52' title="bbox 375 2764 597 2805">
    <p class='ocr_par' dir='ltr' id='par_1_52' title="bbox 375 2764 597 2805">
     <span class='ocr_line' id='line_1_52' title="bbox 375 2764 597 2805; baseline 0.005 -1"><span class='ocrx_word' id='word_1_373' title='bbox 375 2764 597 2805; x_wconf 78' lang='grc' dir='ltr'>εθωυε.</span> 
     </span>
    </p>
   </div>
   <div class='ocr_carea' id='block_1_53' title="bbox 420 2843 2028 2927">
    <p class='ocr_par' dir='ltr' id='par_1_53' title="bbox 420 2843 2028 2927">
     <span class='ocr_line' id='line_1_53' title="bbox 420 2843 2028 2927; baseline 0 -17"><span class='ocrx_word' id='word_1_374' title='bbox 420 2843 742 2912; x_wconf 71' lang='grc' dir='ltr'>ίΧΧΧνΙΙΙ.</span> <span class='ocrx_word' id='word_1_375' title='bbox 779 2857 910 2927; x_wconf 83' lang='lat' dir='ltr'>Sed,</span> <span class='ocrx_word' id='word_1_376' title='bbox 945 2860 1010 2912; x_wconf 90' lang='lat' dir='ltr'>ut</span> <span class='ocrx_word' id='word_1_377' title='bbox 1039 2855 1551 2927; x_wconf 89' lang='lat' dir='ltr'>dicebam,parum</span> <span class='ocrx_word' id='word_1_378' title='bbox 1585 2859 1754 2910; x_wconf 85' lang='lat' dir='ltr'>cauta</span> <span class='ocrx_word' id='word_1_379' title='bbox 1783 2860 1871 2911; x_wconf 88' lang='lat' dir='ltr'>est</span> <span class='ocrx_word' id='word_1_380' title='bbox 1896 2857 2028 2911; x_wconf 75' lang='lat' dir='ltr'>sim~</span> 
     </span>
    </p>
   </div>
   <div class='ocr_carea' id='block_1_54' title="bbox 377 2943 2025 3016">
    <p class='ocr_par' dir='ltr' id='par_1_54' title="bbox 377 2943 2025 3016">
     <span class='ocr_line' id='line_1_54' title="bbox 377 2943 2025 3016; baseline 0.001 -18"><span class='ocrx_word' id='word_1_381' title='bbox 377 2943 626 3016; x_wconf 89' lang='lat' dir='ltr'>plicitas,</span> <span class='ocrx_word' id='word_1_382' title='bbox 660 2961 725 3000; x_wconf 88' lang='lat' dir='ltr'>ac</span> <span class='ocrx_word' id='word_1_383' title='bbox 776 2945 1121 3016; x_wconf 87' lang='lat' dir='ltr'>benignitati</span> <span class='ocrx_word' id='word_1_384' title='bbox 1171 2945 1450 3014; x_wconf 80' lang='lat' dir='ltr'>adjuncta</span> <span class='ocrx_word' id='word_1_385' title='bbox 1479 2948 1566 2999; x_wconf 90' lang='lat' dir='ltr'>est</span> <span class='ocrx_word' id='word_1_386' title='bbox 1615 2944 2025 3013; x_wconf 88' lang='lat' dir='ltr'>imbecillitas;</span> 
     </span>
    </p>
   </div>
   <div class='ocr_carea' id='block_1_55' title="bbox 376 3032 2027 3106">
    <p class='ocr_par' dir='ltr' id='par_1_55' title="bbox 376 3032 2027 3106">
     <span class='ocr_line' id='line_1_55' title="bbox 376 3032 2027 3106; baseline 0.001 -19"><span class='ocrx_word' id='word_1_387' title='bbox 376 3032 736 3106; x_wconf 87' lang='lat' dir='ltr'>minimeque</span> <span class='ocrx_word' id='word_1_388' title='bbox 765 3034 815 3089; x_wconf 91' lang='lat' dir='ltr'>is</span> <span class='ocrx_word' id='word_1_389' title='bbox 847 3035 1282 3106; x_wconf 78' lang='lat' dir='ltr'>improbitatem</span> <span class='ocrx_word' id='word_1_390' title='bbox 1315 3033 1668 3106; x_wconf 87' lang='lat' dir='ltr'>suspicatur,</span> <span class='ocrx_word' id='word_1_391' title='bbox 1703 3036 1872 3105; x_wconf 89' lang='lat' dir='ltr'>cujus</span> <span class='ocrx_word' id='word_1_392' title='bbox 1903 3035 2027 3088; x_wconf 89' lang='lat' dir='ltr'>ani-</span> 
     </span>
    </p>
   </div>
   <div class='ocr_carea' id='block_1_56' title="bbox 374 3123 2025 3195">
    <p class='ocr_par' dir='ltr' id='par_1_56' title="bbox 374 3123 2025 3195">
     <span class='ocr_line' id='line_1_56' title="bbox 374 3123 2025 3195; baseline 0 -17"><span class='ocrx_word' id='word_1_393' title='bbox 374 3137 505 3178; x_wconf 89' lang='lat' dir='ltr'>mus</span> <span class='ocrx_word' id='word_1_394' title='bbox 537 3125 609 3179; x_wconf 89' lang='lat' dir='ltr'>ah</span> <span class='ocrx_word' id='word_1_395' title='bbox 641 3123 1010 3194; x_wconf 89' lang='lat' dir='ltr'>improbitate</span> <span class='ocrx_word' id='word_1_396' title='bbox 1060 3124 1207 3179; x_wconf 89' lang='lat' dir='ltr'>liber</span> <span class='ocrx_word' id='word_1_397' title='bbox 1237 3140 1304 3178; x_wconf 90' lang='lat' dir='ltr'>ac</span> <span class='ocrx_word' id='word_1_398' title='bbox 1335 3140 1514 3194; x_wconf 86' lang='lat' dir='ltr'>purus</span> <span class='ocrx_word' id='word_1_399' title='bbox 1543 3127 1650 3178; x_wconf 89' lang='lat' dir='ltr'>est.</span> <span class='ocrx_word' id='word_1_400' title='bbox 1681 3123 2025 3195; x_wconf 74' lang='lat' dir='ltr'>(Propterea,</span> 
     </span>
    </p>
   </div>
   <div class='ocr_carea' id='block_1_57' title="bbox 373 3212 2032 3284">
    <p class='ocr_par' dir='ltr' id='par_1_57' title="bbox 373 3212 2032 3284">
     <span class='ocr_line' id='line_1_57' title="bbox 373 3212 2032 3284; baseline 0.002 -20"><span class='ocrx_word' id='word_1_401' title='bbox 373 3213 530 3281; x_wconf 91' lang='lat' dir='ltr'>quod</span> <span class='ocrx_word' id='word_1_402' title='bbox 571 3213 834 3268; x_wconf 83' lang='lat' dir='ltr'>futurum</span> <span class='ocrx_word' id='word_1_403' title='bbox 887 3217 1030 3279; x_wconf 87' lang='lat' dir='ltr'>erat,</span> <span class='ocrx_word' id='word_1_404' title='bbox 1077 3212 1412 3284; x_wconf 89' lang='lat' dir='ltr'>ignoratum</span> <span class='ocrx_word' id='word_1_405' title='bbox 1459 3217 1566 3281; x_wconf 90' lang='lat' dir='ltr'>est,</span> <span class='ocrx_word' id='word_1_406' title='bbox 1601 3229 1704 3268; x_wconf 91' lang='lat' dir='ltr'>nec</span> <span class='ocrx_word' id='word_1_407' title='bbox 1756 3213 1924 3268; x_wconf 84' lang='lat' dir='ltr'>fucus</span> <span class='ocrx_word' id='word_1_408' title='bbox 1975 3217 2032 3268; x_wconf 91' lang='lat' dir='ltr'>et</span> 
     </span>
    </p>
   </div>
   <div class='ocr_carea' id='block_1_58' title="bbox 2209 2855 3780 2937">
    <p class='ocr_par' dir='ltr' id='par_1_58' title="bbox 2209 2855 3780 2937">
     <span class='ocr_line' id='line_1_58' title="bbox 2209 2855 3780 2937; baseline 0 -27"><span class='ocrx_word' id='word_1_409' title='bbox 2209 2857 2337 2913; x_wconf 62' lang='lat' dir='ltr'>AH&#39;.</span> <span class='ocrx_word' id='word_1_410' title='bbox 2396 2856 2553 2912; x_wconf 82' lang='grc' dir='ltr'>Ἀλλ’</span> <span class='ocrx_word' id='word_1_411' title='bbox 2605 2857 2738 2934; x_wconf 74' lang='grc' dir='ltr'>ὅπερ</span> <span class='ocrx_word' id='word_1_412' title='bbox 2814 2859 2982 2926; x_wconf 78' lang='grc' dir='ltr'>εἶπον,</span> <span class='ocrx_word' id='word_1_413' title='bbox 3059 2857 3367 2937; x_wconf 70' lang='grc' dir='ltr'>ἀφύλακτον</span> <span class='ocrx_word' id='word_1_414' title='bbox 3427 2860 3459 2928; x_wconf 83' lang='grc' dir='ltr'>ἡ</span> <span class='ocrx_word' id='word_1_415' title='bbox 3511 2855 3780 2926; x_wconf 80' lang='grc' dir='ltr'>ἁπλότης,</span> 
     </span>
    </p>
   </div>
   <div class='ocr_carea' id='block_1_59' title="bbox 2137 2943 3784 3026">
    <p class='ocr_par' dir='ltr' id='par_1_59' title="bbox 2137 2943 3784 3026">
     <span class='ocr_line' id='line_1_59' title="bbox 2137 2943 3784 3026; baseline 0.001 -29"><span class='ocrx_word' id='word_1_416' title='bbox 2137 2943 2226 2998; x_wconf 85' lang='grc' dir='ltr'>καὶ</span> <span class='ocrx_word' id='word_1_417' title='bbox 2291 2947 2423 3017; x_wconf 81' lang='grc' dir='ltr'>μετὰ</span> <span class='ocrx_word' id='word_1_418' title='bbox 2479 2952 2576 3001; x_wconf 87' lang='grc' dir='ltr'>τοῦ</span> <span class='ocrx_word' id='word_1_419' title='bbox 2631 2949 2832 3023; x_wconf 80' lang='grc' dir='ltr'>σαθροῦ</span> <span class='ocrx_word' id='word_1_420' title='bbox 2902 2951 3017 3021; x_wconf 85' lang='grc'>(36)</span> <span class='ocrx_word' id='word_1_421' title='bbox 3090 2950 3152 3003; x_wconf 85' lang='grc' dir='ltr'>τὸ</span> <span class='ocrx_word' id='word_1_422' title='bbox 3219 2947 3618 3026; x_wconf 73' lang='grc' dir='ltr'>φιλάνθρωπον,</span> <span class='ocrx_word' id='word_1_423' title='bbox 3690 2946 3784 3000; x_wconf 83' lang='grc' dir='ltr'>καὶ</span> 
     </span>
    </p>
   </div>
   <div class='ocr_carea' id='block_1_60' title="bbox 2137 3032 3790 3113">
    <p class='ocr_par' dir='ltr' id='par_1_60' title="bbox 2137 3032 3790 3113">
     <span class='ocr_line' id='line_1_60' title="bbox 2137 3032 3790 3113; baseline 0.002 -29"><span class='ocrx_word' id='word_1_424' title='bbox 2137 3034 2327 3102; x_wconf 71' lang='grc' dir='ltr'>ἣκιστα</span> <span class='ocrx_word' id='word_1_425' title='bbox 2375 3034 2560 3089; x_wconf 87' lang='grc' dir='ltr'>κακίαν</span> <span class='ocrx_word' id='word_1_426' title='bbox 2609 3037 2866 3113; x_wconf 65' lang='grc' dir='ltr'>ὑφορᾶται</span> <span class='ocrx_word' id='word_1_427' title='bbox 2931 3036 2994 3091; x_wconf 83' lang='grc' dir='ltr'>τὸ</span> <span class='ocrx_word' id='word_1_428' title='bbox 3042 3038 3230 3100; x_wconf 84' lang='grc' dir='ltr'>κακίας</span> <span class='ocrx_word' id='word_1_429' title='bbox 3309 3035 3622 3110; x_wconf 66' lang='grc' dir='ltr'>ἐλεύθερον·</span> <span class='ocrx_word' id='word_1_430' title='bbox 3698 3032 3790 3089; x_wconf 81' lang='grc' dir='ltr'>διὰ</span> 
     </span>
    </p>
   </div>
   <div class='ocr_carea' id='block_1_61' title="bbox 2136 3123 3788 3202">
    <p class='ocr_par' dir='ltr' id='par_1_61' title="bbox 2136 3123 3788 3202">
     <span class='ocr_line' id='line_1_61' title="bbox 2136 3123 3788 3202; baseline 0.002 -27"><span class='ocrx_word' id='word_1_431' title='bbox 2136 3126 2296 3176; x_wconf 86' lang='grc' dir='ltr'>τοῦτο</span> <span class='ocrx_word' id='word_1_432' title='bbox 2341 3123 2586 3198; x_wconf 77' lang='grc' dir='ltr'>ἠγνοήθη</span> <span class='ocrx_word' id='word_1_433' title='bbox 2631 3124 2694 3178; x_wconf 85' lang='grc' dir='ltr'>τὸ</span> <span class='ocrx_word' id='word_1_434' title='bbox 2748 3123 2976 3198; x_wconf 77' lang='grc' dir='ltr'>μὲλλον,</span> <span class='ocrx_word' id='word_1_435' title='bbox 3027 3125 3114 3180; x_wconf 78' lang='grc' dir='ltr'>καὶ</span> <span class='ocrx_word' id='word_1_436' title='bbox 3161 3127 3223 3180; x_wconf 83' lang='grc' dir='ltr'>τὸ</span> <span class='ocrx_word' id='word_1_437' title='bbox 3266 3123 3491 3198; x_wconf 84' lang='grc' dir='ltr'>πλάσμα</span> <span class='ocrx_word' id='word_1_438' title='bbox 3523 3123 3623 3179; x_wconf 79' lang='grc' dir='ltr'>οὐκ</span> <span class='ocrx_word' id='word_1_439' title='bbox 3651 3123 3788 3202; x_wconf 72' lang='grc' dir='ltr'>ἐφω-</span> 
     </span>
    </p>
   </div>
   <div class='ocr_carea' id='block_1_62' title="bbox 2141 3205 3789 3288">
    <p class='ocr_par' dir='ltr' id='par_1_62' title="bbox 2141 3205 3789 3288">
     <span class='ocr_line' id='line_1_62' title="bbox 2141 3205 3789 3288; baseline 0.002 -27"><span class='ocrx_word' id='word_1_440' title='bbox 2141 3208 2302 3280; x_wconf 84' lang='grc' dir='ltr'>ράθη,</span> <span class='ocrx_word' id='word_1_441' title='bbox 2360 3209 2448 3262; x_wconf 88' lang='grc' dir='ltr'>καὶ</span> <span class='ocrx_word' id='word_1_442' title='bbox 2481 3210 2814 3284; x_wconf 80' lang='grc' dir='ltr'>παρεισῆλθε</span> <span class='ocrx_word' id='word_1_443' title='bbox 2869 3212 3004 3266; x_wconf 82' lang='grc' dir='ltr'>κατὰ</span> <span class='ocrx_word' id='word_1_444' title='bbox 3059 3213 3249 3288; x_wconf 87' lang='grc' dir='ltr'>μικρὸν</span> <span class='ocrx_word' id='word_1_445' title='bbox 3305 3214 3340 3282; x_wconf 78' lang='grc' dir='ltr'>ἡ</span> <span class='ocrx_word' id='word_1_446' title='bbox 3401 3205 3636 3281; x_wconf 70' lang='grc' dir='ltr'>ἀσέϐεια,</span> <span class='ocrx_word' id='word_1_447' title='bbox 3697 3211 3789 3265; x_wconf 82' lang='grc' dir='ltr'>καὶ</span> 
     </span>
    </p>
   </div>
   <div class='ocr_carea' id='block_1_63' title="bbox 369 3283 2031 3375">
    <p class='ocr_par' dir='ltr' id='par_1_63' title="bbox 369 3298 2020 3373">
     <span class='ocr_line' id='line_1_63' title="bbox 369 3298 2020 3373; baseline 0.002 -20"><span class='ocrx_word' id='word_1_448' title='bbox 369 3298 666 3355; x_wconf 87' lang='lat' dir='ltr'>simulatio</span> <span class='ocrx_word' id='word_1_449' title='bbox 698 3301 1080 3371; x_wconf 87' lang='lat' dir='ltr'>deprehensa,</span> <span class='ocrx_word' id='word_1_450' title='bbox 1100 3300 1438 3372; x_wconf 87' lang='lat' dir='ltr'>sensimque</span> <span class='ocrx_word' id='word_1_451' title='bbox 1454 3301 1712 3373; x_wconf 86' lang='lat' dir='ltr'>obrepsit</span> <span class='ocrx_word' id='word_1_452' title='bbox 1729 3301 2020 3373; x_wconf 90' lang='lat' dir='ltr'>impietas,</span> 
     </span>
    </p>
   </div>
   <div class='ocr_carea' id='block_1_64' title="bbox 2148 3283 3787 3375">
    <p class='ocr_par' dir='ltr' id='par_1_64' title="bbox 2148 3283 3787 3375">
     <span class='ocr_line' id='line_1_64' title="bbox 2148 3283 3787 3375; baseline 0.002 -26"><span class='ocrx_word' id='word_1_453' title='bbox 2148 3293 2232 3350; x_wconf 66' lang='grc' dir='ltr'>δύο</span> <span class='ocrx_word' id='word_1_454' title='bbox 2262 3283 2636 3371; x_wconf 76' lang='grc' dir='ltr'>χρηστότητες</span> <span class='ocrx_word' id='word_1_455' title='bbox 2668 3298 3020 3370; x_wconf 67' lang='grc' dir='ltr'>συνεισῆλθω</span> <span class='ocrx_word' id='word_1_456' title='bbox 3050 3283 3348 3371; x_wconf 66' lang='grc' dir='ltr'>ἄλληλαις,</span> <span class='ocrx_word' id='word_1_457' title='bbox 3380 3302 3415 3370; x_wconf 85' lang='grc' dir='ltr'>ἢ</span> <span class='ocrx_word' id='word_1_458' title='bbox 3447 3321 3504 3355; x_wconf 86' lang='grc' dir='ltr'>τε</span> <span class='ocrx_word' id='word_1_459' title='bbox 3551 3300 3674 3375; x_wconf 85' lang='grc' dir='ltr'>περὶ</span> <span class='ocrx_word' id='word_1_460' title='bbox 3721 3298 3787 3354; x_wconf 86' lang='grc' dir='ltr'>τὸ</span> 
     </span>
    </p>
   </div>
   <div class='ocr_carea' id='block_1_65' title="bbox 369 3389 2025 3461">
    <p class='ocr_par' dir='ltr' id='par_1_65' title="bbox 369 3389 2025 3461">
     <span class='ocr_line' id='line_1_65' title="bbox 369 3389 2025 3461; baseline 0.001 -19"><span class='ocrx_word' id='word_1_461' title='bbox 369 3403 436 3443; x_wconf 87' lang='lat' dir='ltr'>ac</span> <span class='ocrx_word' id='word_1_462' title='bbox 484 3389 611 3442; x_wconf 70' lang='lat' dir='ltr'>dua:</span> <span class='ocrx_word' id='word_1_463' title='bbox 665 3389 1050 3461; x_wconf 84' lang='lat' dir='ltr'>benignitates</span> <span class='ocrx_word' id='word_1_464' title='bbox 1094 3389 1244 3444; x_wconf 90' lang='lat' dir='ltr'>inter</span> <span class='ocrx_word' id='word_1_465' title='bbox 1291 3405 1354 3443; x_wconf 90' lang='lat' dir='ltr'>se</span> <span class='ocrx_word' id='word_1_466' title='bbox 1402 3395 1798 3456; x_wconf 89' lang='lat' dir='ltr'>occurrerunt,</span> <span class='ocrx_word' id='word_1_467' title='bbox 1843 3390 2025 3444; x_wconf 87' lang='lat' dir='ltr'>altera</span> 
     </span>
    </p>
   </div>
   <div class='ocr_carea' id='block_1_66' title="bbox 368 3477 2022 3549">
    <p class='ocr_par' dir='ltr' id='par_1_66' title="bbox 368 3477 2022 3549">
     <span class='ocr_line' id='line_1_66' title="bbox 368 3477 2022 3549; baseline 0.001 -18"><span class='ocrx_word' id='word_1_468' title='bbox 368 3493 505 3549; x_wconf 87' lang='lat' dir='ltr'>erga</span> <span class='ocrx_word' id='word_1_469' title='bbox 535 3477 696 3548; x_wconf 88' lang='lat' dir='ltr'>pium</span> <span class='ocrx_word' id='word_1_470' title='bbox 728 3495 936 3549; x_wconf 85' lang='lat' dir='ltr'>genus,</span> <span class='ocrx_word' id='word_1_471' title='bbox 983 3477 1165 3533; x_wconf 89' lang='lat' dir='ltr'>altera</span> <span class='ocrx_word' id='word_1_472' title='bbox 1211 3493 1348 3548; x_wconf 89' lang='lat' dir='ltr'>erga</span> <span class='ocrx_word' id='word_1_473' title='bbox 1396 3478 1662 3533; x_wconf 90' lang='lat' dir='ltr'>omnium</span> <span class='ocrx_word' id='word_1_474' title='bbox 1716 3479 2022 3534; x_wconf 87' lang='lat' dir='ltr'>hominum</span> 
     </span>
    </p>
   </div>
   <div class='ocr_carea' id='block_1_67' title="bbox 368 3565 2025 3637">
    <p class='ocr_par' dir='ltr' id='par_1_67' title="bbox 368 3565 2025 3637">
     <span class='ocr_line' id='line_1_67' title="bbox 368 3565 2025 3637; baseline 0.002 -19"><span class='ocrx_word' id='word_1_475' title='bbox 368 3565 1270 3637; x_wconf 78' lang='lat' dir='ltr'>impiissimum,maximumque</span> <span class='ocrx_word' id='word_1_476' title='bbox 1290 3566 1467 3620; x_wconf 90' lang='lat' dir='ltr'>divini</span> <span class='ocrx_word' id='word_1_477' title='bbox 1486 3568 1583 3624; x_wconf 77' lang='lat'><strong>95</strong></span> <span class='ocrx_word' id='word_1_478' title='bbox 1611 3567 1872 3623; x_wconf 88' lang='lat' dir='ltr'>numinis</span> <span class='ocrx_word' id='word_1_479' title='bbox 1896 3584 2025 3623; x_wconf 89' lang='lat' dir='ltr'>con-</span> 
     </span>
    </p>
   </div>
   <div class='ocr_carea' id='block_1_68' title="bbox 369 3655 2026 3727">
    <p class='ocr_par' dir='ltr' id='par_1_68' title="bbox 369 3655 2026 3727">
     <span class='ocr_line' id='line_1_68' title="bbox 369 3655 2026 3727; baseline 0.001 -18"><span class='ocrx_word' id='word_1_480' title='bbox 369 3660 743 3726; x_wconf 87' lang='lat' dir='ltr'>temptorem.</span> <span class='ocrx_word' id='word_1_481' title='bbox 778 3655 923 3719; x_wconf 89' lang='lat' dir='ltr'>Quid</span> <span class='ocrx_word' id='word_1_482' title='bbox 956 3655 1074 3725; x_wconf 90' lang='lat' dir='ltr'>ille,</span> <span class='ocrx_word' id='word_1_483' title='bbox 1109 3656 1209 3725; x_wconf 90' lang='lat' dir='ltr'>qui</span> <span class='ocrx_word' id='word_1_484' title='bbox 1239 3671 1372 3710; x_wconf 91' lang='lat' dir='ltr'>cum</span> <span class='ocrx_word' id='word_1_485' title='bbox 1401 3655 1545 3709; x_wconf 88' lang='lat' dir='ltr'>nihil</span> <span class='ocrx_word' id='word_1_486' title='bbox 1579 3655 1836 3723; x_wconf 85' lang='lat' dir='ltr'>haberet,</span> <span class='ocrx_word' id='word_1_487' title='bbox 1871 3657 2026 3727; x_wconf 91' lang='lat' dir='ltr'>quod</span> 
     </span>
    </p>
   </div>
   <div class='ocr_carea' id='block_1_69' title="bbox 371 3742 2024 3815">
    <p class='ocr_par' dir='ltr' id='par_1_69' title="bbox 371 3742 2024 3815">
     <span class='ocr_line' id='line_1_69' title="bbox 371 3742 2024 3815; baseline 0.001 -18"><span class='ocrx_word' id='word_1_488' title='bbox 371 3744 444 3797; x_wconf 88' lang='lat' dir='ltr'>do</span> <span class='ocrx_word' id='word_1_489' title='bbox 500 3743 848 3799; x_wconf 85' lang='lat' dir='ltr'>Christianis</span> <span class='ocrx_word' id='word_1_490' title='bbox 881 3750 1258 3814; x_wconf 85' lang='lat' dir='ltr'>quereretur,</span> <span class='ocrx_word' id='word_1_491' title='bbox 1314 3742 1457 3798; x_wconf 91' lang='lat' dir='ltr'>nihil</span> <span class='ocrx_word' id='word_1_492' title='bbox 1490 3744 1646 3815; x_wconf 90' lang='lat' dir='ltr'>quod</span> <span class='ocrx_word' id='word_1_493' title='bbox 1701 3745 2024 3799; x_wconf 82' lang='lat' dir='ltr'>doctrinam</span> 
     </span>
    </p>
   </div>
   <div class='ocr_carea' id='block_1_70' title="bbox 372 3831 2026 3906">
    <p class='ocr_par' dir='ltr' id='par_1_70' title="bbox 372 3831 2026 3906">
     <span class='ocr_line' id='line_1_70' title="bbox 372 3831 2026 3906; baseline 0.001 -20"><span class='ocrx_word' id='word_1_494' title='bbox 372 3837 635 3888; x_wconf 89' lang='lat' dir='ltr'>nostram</span> <span class='ocrx_word' id='word_1_495' title='bbox 667 3831 1043 3904; x_wconf 87' lang='lat' dir='ltr'>improbaret,</span> <span class='ocrx_word' id='word_1_496' title='bbox 1095 3832 1238 3887; x_wconf 88' lang='lat' dir='ltr'>nihil</span> <span class='ocrx_word' id='word_1_497' title='bbox 1282 3849 1489 3890; x_wconf 84' lang='lat' dir='ltr'>rursus</span> <span class='ocrx_word' id='word_1_498' title='bbox 1541 3833 1691 3904; x_wconf 91' lang='lat' dir='ltr'>quod</span> <span class='ocrx_word' id='word_1_499' title='bbox 1743 3849 1810 3887; x_wconf 90' lang='lat' dir='ltr'>ex</span> <span class='ocrx_word' id='word_1_500' title='bbox 1835 3834 2026 3906; x_wconf 87' lang='lat' dir='ltr'>genti-</span> 
     </span>
    </p>
   </div>
   <div class='ocr_carea' id='block_1_71' title="bbox 371 3919 2022 3993">
    <p class='ocr_par' dir='ltr' id='par_1_71' title="bbox 371 3919 2022 3993">
     <span class='ocr_line' id='line_1_71' title="bbox 371 3919 2022 3993; baseline 0.002 -19"><span class='ocrx_word' id='word_1_501' title='bbox 371 3919 514 3975; x_wconf 91' lang='lat' dir='ltr'>lium</span> <span class='ocrx_word' id='word_1_502' title='bbox 547 3921 924 3993; x_wconf 88' lang='lat' dir='ltr'>dogmatibus</span> <span class='ocrx_word' id='word_1_503' title='bbox 946 3921 1223 3976; x_wconf 87' lang='lat' dir='ltr'>eximium</span> <span class='ocrx_word' id='word_1_504' title='bbox 1249 3927 1304 3976; x_wconf 89' lang='lat' dir='ltr'>et</span> <span class='ocrx_word' id='word_1_505' title='bbox 1333 3920 1621 3977; x_wconf 79' lang='lat' dir='ltr'>excellens</span> <span class='ocrx_word' id='word_1_506' title='bbox 1646 3921 2022 3988; x_wconf 80' lang='lat' dir='ltr'>existimaret,</span> 
     </span>
    </p>
   </div>
   <div class='ocr_carea' id='block_1_72' title="bbox 371 4010 2025 4083">
    <p class='ocr_par' dir='ltr' id='par_1_72' title="bbox 371 4010 2025 4083">
     <span class='ocr_line' id='line_1_72' title="bbox 371 4010 2025 4083; baseline 0.002 -22"><span class='ocrx_word' id='word_1_507' title='bbox 371 4016 545 4079; x_wconf 85' lang='lat' dir='ltr'>atque</span> <span class='ocrx_word' id='word_1_508' title='bbox 575 4011 886 4079; x_wconf 90' lang='lat' dir='ltr'>ejusmodi,</span> <span class='ocrx_word' id='word_1_509' title='bbox 922 4015 986 4065; x_wconf 90' lang='lat' dir='ltr'>ut</span> <span class='ocrx_word' id='word_1_510' title='bbox 1033 4026 1301 4066; x_wconf 84' lang='lat' dir='ltr'>sermone</span> <span class='ocrx_word' id='word_1_511' title='bbox 1357 4011 1449 4064; x_wconf 84' lang='lat' dir='ltr'>vix</span> <span class='ocrx_word' id='word_1_512' title='bbox 1507 4010 1750 4065; x_wconf 89' lang='lat' dir='ltr'>convelli</span> <span class='ocrx_word' id='word_1_513' title='bbox 1809 4016 2025 4083; x_wconf 83' lang='lat' dir='ltr'>posset,</span> 
     </span>
    </p>
   </div>
   <div class='ocr_carea' id='block_1_73' title="bbox 374 4098 2027 4171">
    <p class='ocr_par' dir='ltr' id='par_1_73' title="bbox 374 4098 2027 4171">
     <span class='ocr_line' id='line_1_73' title="bbox 374 4098 2027 4171; baseline 0.002 -19"><span class='ocrx_word' id='word_1_514' title='bbox 374 4114 475 4152; x_wconf 89' lang='lat' dir='ltr'>nec</span> <span class='ocrx_word' id='word_1_515' title='bbox 505 4098 756 4169; x_wconf 91' lang='lat' dir='ltr'>denique</span> <span class='ocrx_word' id='word_1_516' title='bbox 789 4099 966 4154; x_wconf 87' lang='lat' dir='ltr'>ullius</span> <span class='ocrx_word' id='word_1_517' title='bbox 989 4100 1277 4168; x_wconf 87' lang='lat' dir='ltr'>majorum</span> <span class='ocrx_word' id='word_1_518' title='bbox 1299 4116 1538 4154; x_wconf 87' lang='lat' dir='ltr'>suorum</span> <span class='ocrx_word' id='word_1_519' title='bbox 1566 4099 1896 4171; x_wconf 83' lang='lat' dir='ltr'>exemplum</span> <span class='ocrx_word' id='word_1_520' title='bbox 1921 4101 2027 4155; x_wconf 90' lang='lat' dir='ltr'>hac</span> 
     </span>
    </p>
   </div>
   <div class='ocr_carea' id='block_1_74' title="bbox 371 4185 2027 4259">
    <p class='ocr_par' dir='ltr' id='par_1_74' title="bbox 371 4185 2027 4259">
     <span class='ocr_line' id='line_1_74' title="bbox 371 4185 2027 4259; baseline 0.003 -21"><span class='ocrx_word' id='word_1_521' title='bbox 371 4185 428 4239; x_wconf 93' lang='lat' dir='ltr'>in</span> <span class='ocrx_word' id='word_1_522' title='bbox 463 4201 523 4239; x_wconf 91' lang='lat' dir='ltr'>re</span> <span class='ocrx_word' id='word_1_523' title='bbox 571 4193 936 4256; x_wconf 87' lang='lat' dir='ltr'>sequeretur,</span> <span class='ocrx_word' id='word_1_524' title='bbox 964 4186 1404 4242; x_wconf 89' lang='lat' dir='ltr'>nobilissimum</span> <span class='ocrx_word' id='word_1_525' title='bbox 1456 4204 1584 4243; x_wconf 90' lang='lat' dir='ltr'>sese</span> <span class='ocrx_word' id='word_1_526' title='bbox 1613 4205 1681 4243; x_wconf 89' lang='lat' dir='ltr'>ex</span> <span class='ocrx_word' id='word_1_527' title='bbox 1728 4188 2027 4259; x_wconf 88' lang='lat' dir='ltr'>impietate</span> 
     </span>
    </p>
   </div>
   <div class='ocr_carea' id='block_1_75' title="bbox 369 4272 2025 4346">
    <p class='ocr_par' dir='ltr' id='par_1_75' title="bbox 369 4272 2025 4346">
     <span class='ocr_line' id='line_1_75' title="bbox 369 4272 2025 4346; baseline 0.002 -18"><span class='ocrx_word' id='word_1_528' title='bbox 369 4272 641 4342; x_wconf 88' lang='lat' dir='ltr'>reddidit,</span> <span class='ocrx_word' id='word_1_529' title='bbox 677 4290 938 4345; x_wconf 89' lang='lat' dir='ltr'>novoque</span> <span class='ocrx_word' id='word_1_530' title='bbox 970 4277 1142 4330; x_wconf 90' lang='lat' dir='ltr'>modo</span> <span class='ocrx_word' id='word_1_531' title='bbox 1193 4292 1326 4330; x_wconf 91' lang='lat' dir='ltr'>cum</span> <span class='ocrx_word' id='word_1_532' title='bbox 1357 4292 1446 4344; x_wconf 91' lang='lat' dir='ltr'>eo,</span> <span class='ocrx_word' id='word_1_533' title='bbox 1478 4292 1511 4330; x_wconf 93' lang='lat' dir='ltr'>a</span> <span class='ocrx_word' id='word_1_534' title='bbox 1542 4291 1659 4346; x_wconf 92' lang='lat' dir='ltr'>quo</span> <span class='ocrx_word' id='word_1_535' title='bbox 1708 4275 1897 4332; x_wconf 60' lang='lat' dir='ltr'>Caesar</span> <span class='ocrx_word' id='word_1_536' title='bbox 1929 4279 2025 4332; x_wconf 88' lang='lat' dir='ltr'>de-</span> 
     </span>
    </p>
   </div>
   <div class='ocr_carea' id='block_1_76' title="bbox 369 4361 2026 4434">
    <p class='ocr_par' dir='ltr' id='par_1_76' title="bbox 369 4361 2026 4434">
     <span class='ocr_line' id='line_1_76' title="bbox 369 4361 2026 4434; baseline 0.002 -17"><span class='ocrx_word' id='word_1_537' title='bbox 369 4361 638 4434; x_wconf 89' lang='lat' dir='ltr'>signatus</span> <span class='ocrx_word' id='word_1_538' title='bbox 687 4363 894 4430; x_wconf 85' lang='lat' dir='ltr'>fuerat,</span> <span class='ocrx_word' id='word_1_539' title='bbox 939 4364 1227 4418; x_wconf 87' lang='lat' dir='ltr'>certavit?</span> <span class='ocrx_word' id='word_1_540' title='bbox 1256 4364 1400 4418; x_wconf 90' lang='lat' dir='ltr'>Nam</span> <span class='ocrx_word' id='word_1_541' title='bbox 1451 4379 1584 4420; x_wconf 91' lang='lat' dir='ltr'>cum</span> <span class='ocrx_word' id='word_1_542' title='bbox 1633 4381 1768 4420; x_wconf 90' lang='lat' dir='ltr'>eum</span> <span class='ocrx_word' id='word_1_543' title='bbox 1816 4367 2026 4421; x_wconf 86' lang='lat' dir='ltr'>virtute</span> 
     </span>
    </p>
   </div>
   <div class='ocr_carea' id='block_1_77' title="bbox 370 4450 2026 4524">
    <p class='ocr_par' dir='ltr' id='par_1_77' title="bbox 370 4450 2026 4524">
     <span class='ocr_line' id='line_1_77' title="bbox 370 4450 2026 4524; baseline 0.002 -17"><span class='ocrx_word' id='word_1_544' title='bbox 370 4451 665 4523; x_wconf 88' lang='lat' dir='ltr'>rebusque</span> <span class='ocrx_word' id='word_1_545' title='bbox 695 4450 988 4522; x_wconf 67' lang='lat' dir='ltr'>praeclaris</span> <span class='ocrx_word' id='word_1_546' title='bbox 1019 4468 1296 4524; x_wconf 83' lang='lat' dir='ltr'>superare</span> <span class='ocrx_word' id='word_1_547' title='bbox 1328 4468 1442 4508; x_wconf 92' lang='lat' dir='ltr'>non</span> <span class='ocrx_word' id='word_1_548' title='bbox 1487 4458 1702 4524; x_wconf 88' lang='lat' dir='ltr'>posset,</span> <span class='ocrx_word' id='word_1_549' title='bbox 1736 4456 2026 4511; x_wconf 89' lang='lat' dir='ltr'>contrario</span> 
     </span>
    </p>
   </div>
   <div class='ocr_carea' id='block_1_78' title="bbox 2135 3380 3789 3461">
    <p class='ocr_par' dir='ltr' id='par_1_78' title="bbox 2135 3380 3789 3461">
     <span class='ocr_line' id='line_1_78' title="bbox 2135 3380 3789 3461; baseline 0.002 -24"><span class='ocrx_word' id='word_1_550' title='bbox 2135 3380 2347 3446; x_wconf 75' lang='grc' dir='ltr'>εὐσεϐὲς</span> <span class='ocrx_word' id='word_1_551' title='bbox 2422 3388 2578 3461; x_wconf 75' lang='grc' dir='ltr'>γένος</span> <span class='ocrx_word' id='word_1_552' title='bbox 2647 3387 2737 3442; x_wconf 75' lang='grc' dir='ltr'>καί</span> <span class='ocrx_word' id='word_1_553' title='bbox 2813 3388 2905 3443; x_wconf 81' lang='grc' dir='ltr'>τὸν</span> <span class='ocrx_word' id='word_1_554' title='bbox 2984 3384 3334 3444; x_wconf 76' lang='grc' dir='ltr'>ἀσεϐέστατον</span> <span class='ocrx_word' id='word_1_555' title='bbox 3407 3386 3618 3443; x_wconf 82' lang='grc' dir='ltr'>πάντων</span> <span class='ocrx_word' id='word_1_556' title='bbox 3694 3386 3789 3442; x_wconf 67' lang='grc' dir='ltr'>καί</span> 
     </span>
    </p>
   </div>
   <div class='ocr_carea' id='block_1_79' title="bbox 2136 3473 3786 3556">
    <p class='ocr_par' dir='ltr' id='par_1_79' title="bbox 2136 3473 3786 3556">
     <span class='ocr_line' id='line_1_79' title="bbox 2136 3473 3786 3556; baseline 0.003 -31"><span class='ocrx_word' id='word_1_557' title='bbox 2136 3473 2460 3536; x_wconf 81' lang='grc' dir='ltr'>ἀθεώτατον.</span> <span class='ocrx_word' id='word_1_558' title='bbox 2518 3479 2633 3546; x_wconf 85' lang='grc' dir='ltr'>Ὃς,</span> <span class='ocrx_word' id='word_1_559' title='bbox 2691 3476 2743 3530; x_wconf 89' lang='grc' dir='ltr'>τί</span> <span class='ocrx_word' id='word_1_560' title='bbox 2796 3481 2906 3548; x_wconf 90' lang='lat'>(38)</span> <span class='ocrx_word' id='word_1_561' title='bbox 2982 3479 3333 3556; x_wconf 75' lang='grc' dir='ltr'>μεμφόμενος</span> <span class='ocrx_word' id='word_1_562' title='bbox 3417 3483 3786 3554; x_wconf 75' lang='grc' dir='ltr'>Χριπιανοῖς,</span> 
     </span>
    </p>
   </div>
   <div class='ocr_carea' id='block_1_80' title="bbox 2135 3560 3784 3643">
    <p class='ocr_par' dir='ltr' id='par_1_80' title="bbox 2135 3560 3784 3643">
     <span class='ocr_line' id='line_1_80' title="bbox 2135 3560 3784 3643; baseline 0.002 -27"><span class='ocrx_word' id='word_1_563' title='bbox 2135 3560 2274 3616; x_wconf 78' lang='grc' dir='ltr'>τίδὲ</span> <span class='ocrx_word' id='word_1_564' title='bbox 2332 3563 2430 3618; x_wconf 74' lang='grc' dir='ltr'>οὐκ</span> <span class='ocrx_word' id='word_1_565' title='bbox 2486 3563 2719 3620; x_wconf 74' lang='grc' dir='ltr'>ἐπαινεῖν</span> <span class='ocrx_word' id='word_1_566' title='bbox 2760 3565 2903 3642; x_wconf 78' lang='grc' dir='ltr'>ἔχων</span> <span class='ocrx_word' id='word_1_567' title='bbox 2962 3572 3066 3622; x_wconf 89' lang='grc' dir='ltr'>τῶν</span> <span class='ocrx_word' id='word_1_568' title='bbox 3127 3563 3430 3643; x_wconf 83' lang='grc' dir='ltr'>ἡμετέρων,</span> <span class='ocrx_word' id='word_1_569' title='bbox 3489 3567 3541 3621; x_wconf 93' lang='grc' dir='ltr'>τί</span> <span class='ocrx_word' id='word_1_570' title='bbox 3592 3565 3649 3622; x_wconf 79' lang='grc' dir='ltr'>δὲ</span> <span class='ocrx_word' id='word_1_571' title='bbox 3677 3571 3784 3621; x_wconf 90' lang='grc' dir='ltr'>τῶν</span> 
     </span>
    </p>
   </div>
   <div class='ocr_carea' id='block_1_81' title="bbox 2135 3652 3786 3733">
    <p class='ocr_par' dir='ltr' id='par_1_81' title="bbox 2135 3652 3786 3733">
     <span class='ocr_line' id='line_1_81' title="bbox 2135 3652 3786 3733; baseline 0.003 -29"><span class='ocrx_word' id='word_1_572' title='bbox 2135 3652 2261 3726; x_wconf 80' lang='grc' dir='ltr'>παρ’</span> <span class='ocrx_word' id='word_1_573' title='bbox 2335 3654 2570 3723; x_wconf 75' lang='grc' dir='ltr'>Ἕλλησι</span> <span class='ocrx_word' id='word_1_574' title='bbox 2649 3652 2931 3731; x_wconf 85' lang='grc' dir='ltr'>δογμάτων</span> <span class='ocrx_word' id='word_1_575' title='bbox 3002 3657 3266 3733; x_wconf 73' lang='grc' dir='ltr'>ὑπερφυὲς</span> <span class='ocrx_word' id='word_1_576' title='bbox 3364 3656 3618 3728; x_wconf 85' lang='grc' dir='ltr'>νομίσας,</span> <span class='ocrx_word' id='word_1_577' title='bbox 3694 3655 3786 3710; x_wconf 82' lang='grc' dir='ltr'>καὶ</span> 
     </span>
    </p>
   </div>
   <div class='ocr_carea' id='block_1_82' title="bbox 2137 3738 3788 3818">
    <p class='ocr_par' dir='ltr' id='par_1_82' title="bbox 2137 3738 3788 3818">
     <span class='ocr_line' id='line_1_82' title="bbox 2137 3738 3788 3818; baseline 0.002 -24"><span class='ocrx_word' id='word_1_578' title='bbox 2137 3738 2455 3811; x_wconf 84' lang='grc' dir='ltr'>δυσκίνητον</span> <span class='ocrx_word' id='word_1_579' title='bbox 2490 3740 2663 3818; x_wconf 87' lang='grc' dir='ltr'>λόγῳ,</span> <span class='ocrx_word' id='word_1_580' title='bbox 2716 3745 2858 3816; x_wconf 88' lang='grc' dir='ltr'>ποίῳ</span> <span class='ocrx_word' id='word_1_581' title='bbox 2889 3742 2946 3799; x_wconf 74' lang='grc' dir='ltr'>δὲ</span> <span class='ocrx_word' id='word_1_582' title='bbox 2975 3745 3063 3799; x_wconf 84' lang='grc' dir='ltr'>καὶ</span> <span class='ocrx_word' id='word_1_583' title='bbox 3100 3744 3416 3800; x_wconf 83' lang='grc' dir='ltr'>ἀκολουθῶν</span> <span class='ocrx_word' id='word_1_584' title='bbox 3453 3743 3788 3818; x_wconf 82' lang='grc' dir='ltr'>ὑποδείγμα-</span> 
     </span>
    </p>
   </div>
   <div class='ocr_carea' id='block_1_83' title="bbox 2133 3829 3788 3906">
    <p class='ocr_par' dir='ltr' id='par_1_83' title="bbox 2133 3829 3788 3906">
     <span class='ocr_line' id='line_1_83' title="bbox 2133 3829 3788 3906; baseline 0.004 -24"><span class='ocrx_word' id='word_1_585' title='bbox 2133 3850 2207 3901; x_wconf 90' lang='grc' dir='ltr'>τι,</span> <span class='ocrx_word' id='word_1_586' title='bbox 2267 3833 2689 3906; x_wconf 85' lang='grc' dir='ltr'>γνωριμώτατον</span> <span class='ocrx_word' id='word_1_587' title='bbox 2753 3836 2865 3906; x_wconf 85' lang='grc'>(39)</span> <span class='ocrx_word' id='word_1_588' title='bbox 2908 3835 3090 3889; x_wconf 75' lang='grc' dir='ltr'>ἑαυτὸν</span> <span class='ocrx_word' id='word_1_589' title='bbox 3147 3835 3196 3905; x_wconf 77' lang='grc' dir='ltr'>ἐξ</span> <span class='ocrx_word' id='word_1_590' title='bbox 3251 3829 3492 3896; x_wconf 78' lang='grc' dir='ltr'>ἀσεϐείας</span> <span class='ocrx_word' id='word_1_591' title='bbox 3521 3833 3788 3904; x_wconf 72' lang='grc' dir='ltr'>κατέστη-</span> 
     </span>
    </p>
   </div>
   <div class='ocr_carea' id='block_1_84' title="bbox 2135 3920 3786 3997">
    <p class='ocr_par' dir='ltr' id='par_1_84' title="bbox 2135 3920 3786 3997">
     <span class='ocr_line' id='line_1_84' title="bbox 2135 3920 3786 3997; baseline 0.003 -25"><span class='ocrx_word' id='word_1_592' title='bbox 2135 3940 2211 3987; x_wconf 90' lang='grc' dir='ltr'>σε,</span> <span class='ocrx_word' id='word_1_593' title='bbox 2245 3920 2333 3973; x_wconf 86' lang='grc' dir='ltr'>καί</span> <span class='ocrx_word' id='word_1_594' title='bbox 2363 3921 2672 3997; x_wconf 88' lang='grc' dir='ltr'>καινότερον</span> <span class='ocrx_word' id='word_1_595' title='bbox 2719 3923 2916 3997; x_wconf 86' lang='grc' dir='ltr'>τρόπον</span> <span class='ocrx_word' id='word_1_596' title='bbox 2963 3922 3257 3995; x_wconf 73' lang='grc' dir='ltr'>ἡμιλληθη</span> <span class='ocrx_word' id='word_1_597' title='bbox 3306 3928 3383 3996; x_wconf 77' lang='grc' dir='ltr'>τῷ</span> <span class='ocrx_word' id='word_1_598' title='bbox 3414 3921 3742 3994; x_wconf 71' lang='grc' dir='ltr'>ἀναδείξαντι</span> <span class='ocrx_word' id='word_1_599' title='bbox 3771 3943 3786 3992; x_wconf 88' lang='lat'><strong>;</strong></span> 
     </span>
    </p>
   </div>
   <div class='ocr_carea' id='block_1_85' title="bbox 2137 4005 3790 4089">
    <p class='ocr_par' dir='ltr' id='par_1_85' title="bbox 2137 4005 3790 4089">
     <span class='ocr_line' id='line_1_85' title="bbox 2137 4005 3790 4089; baseline 0.003 -27"><span class='ocrx_word' id='word_1_600' title='bbox 2137 4005 2356 4079; x_wconf 73' lang='grc' dir='ltr'>Ἐπειδή</span> <span class='ocrx_word' id='word_1_601' title='bbox 2407 4030 2466 4084; x_wconf 82' lang='grc' dir='ltr'>γε</span> <span class='ocrx_word' id='word_1_602' title='bbox 2517 4005 2877 4085; x_wconf 73' lang='grc' dir='ltr'>ὑπερϐάλλειν</span> <span class='ocrx_word' id='word_1_603' title='bbox 2924 4011 3022 4067; x_wconf 79' lang='grc' dir='ltr'>οὐκ</span> <span class='ocrx_word' id='word_1_604' title='bbox 3067 4016 3178 4086; x_wconf 82' lang='grc'>(40)</span> <span class='ocrx_word' id='word_1_605' title='bbox 3225 4016 3289 4082; x_wconf 69' lang='grc' dir='ltr'>ἦν</span> <span class='ocrx_word' id='word_1_606' title='bbox 3345 4013 3510 4089; x_wconf 79' lang='grc' dir='ltr'>ἀρετῇ</span> <span class='ocrx_word' id='word_1_607' title='bbox 3551 4013 3639 4068; x_wconf 83' lang='grc' dir='ltr'>καὶ</span> <span class='ocrx_word' id='word_1_608' title='bbox 3670 4019 3790 4076; x_wconf 88' lang='grc' dir='ltr'>τοῖς</span> 
     </span>
    </p>
   </div>
   <div class='ocr_carea' id='block_1_86' title="bbox 2135 4095 3790 4178">
    <p class='ocr_par' dir='ltr' id='par_1_86' title="bbox 2135 4095 3790 4178">
     <span class='ocr_line' id='line_1_86' title="bbox 2135 4095 3790 4178; baseline 0.004 -28"><span class='ocrx_word' id='word_1_609' title='bbox 2135 4097 2425 4172; x_wconf 87' lang='grc' dir='ltr'>κρείττοσι,</span> <span class='ocrx_word' id='word_1_610' title='bbox 2475 4095 2562 4153; x_wconf 78' lang='grc' dir='ltr'>διὰ</span> <span class='ocrx_word' id='word_1_611' title='bbox 2588 4104 2685 4153; x_wconf 75' lang='grc' dir='ltr'>τοῦ</span> <span class='ocrx_word' id='word_1_612' title='bbox 2733 4099 2974 4155; x_wconf 80' lang='grc' dir='ltr'>ἐναντίου</span> <span class='ocrx_word' id='word_1_613' title='bbox 3006 4109 3232 4178; x_wconf 72' lang='grc' dir='ltr'>φανῆναι</span> <span class='ocrx_word' id='word_1_614' title='bbox 3263 4101 3644 4178; x_wconf 75' lang='grc' dir='ltr'>φιλονεικήσας</span> <span class='ocrx_word' id='word_1_615' title='bbox 3675 4104 3790 4175; x_wconf 82' lang='grc'>(41)</span> 
     </span>
    </p>
   </div>
   <div class='ocr_carea' id='block_1_87' title="bbox 2133 4184 3787 4266">
    <p class='ocr_par' dir='ltr' id='par_1_87' title="bbox 2133 4184 3787 4266">
     <span class='ocr_line' id='line_1_87' title="bbox 2133 4184 3787 4266; baseline 0.003 -27"><span class='ocrx_word' id='word_1_616' title='bbox 2133 4189 2233 4253; x_wconf 72' lang='grc' dir='ltr'>τῆς</span> <span class='ocrx_word' id='word_1_617' title='bbox 2275 4186 2352 4249; x_wconf 77' lang='grc' dir='ltr'>εἰς</span> <span class='ocrx_word' id='word_1_618' title='bbox 2402 4184 2707 4242; x_wconf 71' lang='grc' dir='ltr'>δυσσέϐειαν</span> <span class='ocrx_word' id='word_1_619' title='bbox 2744 4190 3023 4265; x_wconf 82' lang='grc' dir='ltr'>ἀμετρίας,</span> <span class='ocrx_word' id='word_1_620' title='bbox 3072 4192 3162 4245; x_wconf 81' lang='grc' dir='ltr'>καὶ</span> <span class='ocrx_word' id='word_1_621' title='bbox 3209 4194 3307 4261; x_wconf 74' lang='grc' dir='ltr'>τῆς</span> <span class='ocrx_word' id='word_1_622' title='bbox 3352 4190 3566 4266; x_wconf 84' lang='grc' dir='ltr'>περὶτὸ</span> <span class='ocrx_word' id='word_1_623' title='bbox 3598 4197 3787 4266; x_wconf 87' lang='grc' dir='ltr'>χεῖρον</span> 
     </span>
    </p>
   </div>
   <div class='ocr_carea' id='block_1_88' title="bbox 2137 4275 3790 4354">
    <p class='ocr_par' dir='ltr' id='par_1_88' title="bbox 2137 4275 3790 4354">
     <span class='ocr_line' id='line_1_88' title="bbox 2137 4275 3790 4354; baseline 0.002 -25"><span class='ocrx_word' id='word_1_624' title='bbox 2137 4275 2474 4348; x_wconf 71' lang='grc' dir='ltr'>φιλοτιμίας.</span> <span class='ocrx_word' id='word_1_625' title='bbox 2533 4279 2593 4331; x_wconf 85' lang='grc' dir='ltr'><strong>Ἡ</strong></span> <span class='ocrx_word' id='word_1_626' title='bbox 2660 4279 2750 4346; x_wconf 74' lang='grc' dir='ltr'>μὲν</span> <span class='ocrx_word' id='word_1_627' title='bbox 2814 4277 2902 4334; x_wconf 76' lang='grc' dir='ltr'>οῦν</span> <span class='ocrx_word' id='word_1_628' title='bbox 2967 4279 3095 4353; x_wconf 74' lang='grc' dir='ltr'>ὑπὲρ</span> <span class='ocrx_word' id='word_1_629' title='bbox 3144 4281 3477 4354; x_wconf 86' lang='grc' dir='ltr'>Χριστιανῶν</span> <span class='ocrx_word' id='word_1_630' title='bbox 3537 4285 3634 4334; x_wconf 88' lang='grc' dir='ltr'>τοῦ</span> <span class='ocrx_word' id='word_1_631' title='bbox 3696 4279 3790 4333; x_wconf 85' lang='grc' dir='ltr'>ἀν-</span> 
     </span>
    </p>
   </div>
   <div class='ocr_carea' id='block_1_89' title="bbox 2137 4361 3788 4445">
    <p class='ocr_par' dir='ltr' id='par_1_89' title="bbox 2137 4361 3788 4445">
     <span class='ocr_line' id='line_1_89' title="bbox 2137 4361 3788 4445; baseline 0.004 -29"><span class='ocrx_word' id='word_1_632' title='bbox 2137 4361 2286 4439; x_wconf 89' lang='grc' dir='ltr'>δρὸς,</span> <span class='ocrx_word' id='word_1_633' title='bbox 2339 4366 2428 4418; x_wconf 84' lang='grc' dir='ltr'>καὶ</span> <span class='ocrx_word' id='word_1_634' title='bbox 2486 4365 2622 4440; x_wconf 76' lang='grc' dir='ltr'>πρὸς</span> <span class='ocrx_word' id='word_1_635' title='bbox 2671 4366 3023 4441; x_wconf 71' lang='grc' dir='ltr'>Χριστιανοὺς</span> <span class='ocrx_word' id='word_1_636' title='bbox 3075 4367 3350 4445; x_wconf 85' lang='grc' dir='ltr'>ἀπολογία</span> <span class='ocrx_word' id='word_1_637' title='bbox 3399 4368 3650 4442; x_wconf 78' lang='grc' dir='ltr'>τοιαύτη,</span> <span class='ocrx_word' id='word_1_638' title='bbox 3698 4369 3788 4422; x_wconf 86' lang='grc' dir='ltr'>καὶ</span> 
     </span>
    </p>
   </div>
   <div class='ocr_carea' id='block_1_90' title="bbox 2142 4451 3145 4532">
    <p class='ocr_par' dir='ltr' id='par_1_90' title="bbox 2142 4451 3145 4532">
     <span class='ocr_line' id='line_1_90' title="bbox 2142 4451 3145 4532; baseline 0.007 -26"><span class='ocrx_word' id='word_1_639' title='bbox 2142 4453 2284 4508; x_wconf 78' lang='grc' dir='ltr'>οὕτω</span> <span class='ocrx_word' id='word_1_640' title='bbox 2309 4451 2488 4509; x_wconf 88' lang='grc' dir='ltr'>δικαία</span> <span class='ocrx_word' id='word_1_641' title='bbox 2516 4460 2632 4517; x_wconf 83' lang='grc' dir='ltr'>τοῖς</span> <span class='ocrx_word' id='word_1_642' title='bbox 2662 4477 2722 4532; x_wconf 89' lang='grc' dir='ltr'>γε</span> <span class='ocrx_word' id='word_1_643' title='bbox 2751 4461 2873 4511; x_wconf 89' lang='grc' dir='ltr'>νοῦν</span> <span class='ocrx_word' id='word_1_644' title='bbox 2903 4456 3145 4532; x_wconf 77' lang='grc' dir='ltr'>ἔχουσιν.</span> 
     </span>
    </p>
   </div>
   <div class='ocr_carea' id='block_1_91' title="bbox 447 4651 2031 4731">
    <p class='ocr_par' dir='ltr' id='par_1_91' title="bbox 447 4653 2027 4729">
     <span class='ocr_line' id='line_1_91' title="bbox 447 4653 2027 4729; baseline 0.002 -19"><span class='ocrx_word' id='word_1_645' title='bbox 447 4655 562 4727; x_wconf 92' lang='grc'>(30)</span> <span class='ocrx_word' id='word_1_646' title='bbox 598 4653 686 4716; x_wconf 72' lang='grc' dir='ltr'>Εἲς</span> <span class='ocrx_word' id='word_1_647' title='bbox 727 4659 1003 4710; x_wconf 76' lang='grc' dir='ltr'>πλεῖστον.</span> <span class='ocrx_word' id='word_1_648' title='bbox 1053 4655 1147 4711; x_wconf 92' lang='lat' dir='ltr'>Sic</span> <span class='ocrx_word' id='word_1_649' title='bbox 1177 4655 1438 4729; x_wconf 88' lang='lat' dir='ltr'>plerique</span> <span class='ocrx_word' id='word_1_650' title='bbox 1486 4659 1733 4716; x_wconf 90' lang='lat' dir='ltr'>codices.</span> <span class='ocrx_word' id='word_1_651' title='bbox 1790 4660 1889 4715; x_wconf 92' lang='lat' dir='ltr'>Ed.</span> <span class='ocrx_word' id='word_1_652' title='bbox 1940 4658 2027 4714; x_wconf 83' lang='grc' dir='ltr'>ἐπὶ</span> 
     </span>
    </p>
   </div>
   <div class='ocr_carea' id='block_1_92' title="bbox 2148 4651 2414 4731">
    <p class='ocr_par' dir='ltr' id='par_1_92' title="bbox 2148 4661 2414 4731">
     <span class='ocr_line' id='line_1_92' title="bbox 2148 4661 2414 4731; baseline 0.008 -17"><span class='ocrx_word' id='word_1_653' title='bbox 2148 4661 2209 4731; x_wconf 79' lang='lat' dir='ltr'>le,</span> <span class='ocrx_word' id='word_1_654' title='bbox 2245 4684 2267 4711; x_wconf 70' lang='grc' dir='ltr'><strong><em>ι</em></strong></span> <span class='ocrx_word' id='word_1_655' title='bbox 2306 4664 2414 4716; x_wconf 88' lang='lat' dir='ltr'>etc.</span> 
     </span>
    </p>
   </div>
   <div class='ocr_carea' id='block_1_93' title="bbox 375 4724 653 4782">
    <p class='ocr_par' dir='ltr' id='par_1_93' title="bbox 375 4724 653 4782">
     <span class='ocr_line' id='line_1_93' title="bbox 375 4724 653 4782; baseline 0.007 -2"><span class='ocrx_word' id='word_1_656' title='bbox 375 4724 630 4782; x_wconf 78' lang='grc' dir='ltr'>πλεῖστον</span> <span class='ocrx_word' id='word_1_657' title='bbox 641 4769 653 4782; x_wconf 93' lang='grc'>.</span> 
     </span>
    </p>
   </div>
   <div class='ocr_carea' id='block_1_94' title="bbox 445 4795 2022 4877">
    <p class='ocr_par' dir='ltr' id='par_1_94' title="bbox 445 4795 2022 4877">
     <span class='ocr_line' id='line_1_94' title="bbox 445 4795 2022 4877; baseline 0.001 -24"><span class='ocrx_word' id='word_1_658' title='bbox 445 4800 561 4871; x_wconf 90' lang='grc'>(31)</span> <span class='ocrx_word' id='word_1_659' title='bbox 738 4795 947 4877; x_wconf 70' lang='grc' dir='ltr'>πλῇθος</span> <span class='ocrx_word' id='word_1_660' title='bbox 1006 4799 1331 4877; x_wconf 78' lang='grc' dir='ltr'>χρημάτων,</span> <span class='ocrx_word' id='word_1_661' title='bbox 1383 4798 1444 4854; x_wconf 83' lang='grc' dir='ltr'>οὐ</span> <span class='ocrx_word' id='word_1_662' title='bbox 1505 4798 1664 4871; x_wconf 82' lang='grc' dir='ltr'>δόξης</span> <span class='ocrx_word' id='word_1_663' title='bbox 1724 4801 2022 4877; x_wconf 86' lang='grc' dir='ltr'>περιουσία.</span> 
     </span>
    </p>
   </div>
   <div class='ocr_carea' id='block_1_95' title="bbox 376 4870 1332 4928">
    <p class='ocr_par' dir='ltr' id='par_1_95' title="bbox 376 4870 1332 4928">
     <span class='ocr_line' id='line_1_95' title="bbox 376 4870 1332 4928; baseline 0.002 -2"><span class='ocrx_word' id='word_1_664' title='bbox 376 4870 507 4926; x_wconf 71' lang='lat' dir='ltr'>Haac</span> <span class='ocrx_word' id='word_1_665' title='bbox 537 4870 797 4926; x_wconf 80' lang='lat' dir='ltr'>excidere</span> <span class='ocrx_word' id='word_1_666' title='bbox 831 4871 954 4924; x_wconf 85' lang='lat' dir='ltr'>Par.</span> <span class='ocrx_word' id='word_1_667' title='bbox 989 4870 1332 4928; x_wconf 85' lang='lat' dir='ltr'>editoribus.</span> 
     </span>
    </p>
   </div>
   <div class='ocr_carea' id='block_1_96' title="bbox 447 4938 2022 5017">
    <p class='ocr_par' dir='ltr' id='par_1_96' title="bbox 447 4938 2022 5017">
     <span class='ocr_line' id='line_1_96' title="bbox 447 4938 2022 5017; baseline -0.003 -15"><span class='ocrx_word' id='word_1_668' title='bbox 447 4943 558 5014; x_wconf 80' lang='grc'>(32)</span> <span class='ocrx_word' id='word_1_669' title='bbox 627 4938 724 4994; x_wconf 68' lang='grc' dir='ltr'>Καί</span> <span class='ocrx_word' id='word_1_670' title='bbox 792 4942 1118 5016; x_wconf 79' lang='grc' dir='ltr'>ἀνθρώποις.</span> <span class='ocrx_word' id='word_1_671' title='bbox 1185 4945 1385 5000; x_wconf 86' lang='lat' dir='ltr'>Comb.</span> <span class='ocrx_word' id='word_1_672' title='bbox 1458 4941 1546 4996; x_wconf 80' lang='grc' dir='ltr'>καὶ</span> <span class='ocrx_word' id='word_1_673' title='bbox 1613 4943 1758 5017; x_wconf 68' lang='grc' dir='ltr'>παρὰ</span> <span class='ocrx_word' id='word_1_674' title='bbox 1821 4942 2022 5017; x_wconf 80' lang='grc' dir='ltr'>ἀνθρώ-</span> 
     </span>
    </p>
   </div>
   <div class='ocr_carea' id='block_1_97' title="bbox 373 5032 516 5072">
    <p class='ocr_par' dir='ltr' id='par_1_97' title="bbox 373 5032 516 5072">
     <span class='ocr_line' id='line_1_97' title="bbox 373 5032 516 5072; baseline 0.014 -7"><span class='ocrx_word' id='word_1_675' title='bbox 373 5032 516 5072; x_wconf 86' lang='grc' dir='ltr'>ποις.</span> 
     </span>
    </p>
   </div>
   <div class='ocr_carea' id='block_1_98' title="bbox 441 5083 1692 5158">
    <p class='ocr_par' dir='ltr' id='par_1_98' title="bbox 441 5083 1692 5158">
     <span class='ocr_line' id='line_1_98' title="bbox 441 5083 1692 5158; baseline 0 -19"><span class='ocrx_word' id='word_1_676' title='bbox 441 5083 555 5158; x_wconf 82' lang='lat'>(33)</span> <span class='ocrx_word' id='word_1_677' title='bbox 584 5087 668 5138; x_wconf 86' lang='grc' dir='ltr'>Τε.</span> <span class='ocrx_word' id='word_1_678' title='bbox 705 5084 955 5158; x_wconf 19' lang='lat' dir='ltr'>Deestiin</span> <span class='ocrx_word' id='word_1_679' title='bbox 989 5085 1287 5141; x_wconf 92' lang='lat' dir='ltr'>codicibus</span> <span class='ocrx_word' id='word_1_680' title='bbox 1323 5103 1436 5140; x_wconf 89' lang='lat' dir='ltr'>non</span> <span class='ocrx_word' id='word_1_681' title='bbox 1469 5087 1692 5158; x_wconf 77' lang='lat' dir='ltr'>paucis.</span> 
     </span>
    </p>
   </div>
   <div class='ocr_carea' id='block_1_99' title="bbox 440 5153 1772 5224">
    <p class='ocr_par' dir='ltr' id='par_1_99' title="bbox 440 5153 1772 5224">
     <span class='ocr_line' id='line_1_99' title="bbox 440 5153 1772 5224; baseline 0.002 -14"><span class='ocrx_word' id='word_1_682' title='bbox 440 5157 553 5224; x_wconf 78' lang='grc'>(34)</span> <span class='ocrx_word' id='word_1_683' title='bbox 577 5154 828 5215; x_wconf 74' lang='grc' dir='ltr'>Τελείως.</span> <span class='ocrx_word' id='word_1_684' title='bbox 865 5157 1102 5211; x_wconf 73' lang='lat' dir='ltr'>Codices</span> <span class='ocrx_word' id='word_1_685' title='bbox 1134 5153 1525 5212; x_wconf 73' lang='lat' dir='ltr'>communiter</span> <span class='ocrx_word' id='word_1_686' title='bbox 1554 5153 1772 5217; x_wconf 69' lang='grc' dir='ltr'>τελέως.</span> 
     </span>
    </p>
   </div>
   <div class='ocr_carea' id='block_1_100' title="bbox 436 5227 1472 5298">
    <p class='ocr_par' dir='ltr' id='par_1_100' title="bbox 436 5227 1472 5298">
     <span class='ocr_line' id='line_1_100' title="bbox 436 5227 1472 5298; baseline 0.003 -18"><span class='ocrx_word' id='word_1_687' title='bbox 436 5229 548 5298; x_wconf 86' lang='grc'>(35)</span> <span class='ocrx_word' id='word_1_688' title='bbox 583 5227 900 5295; x_wconf 77' lang='grc' dir='ltr'>Νενικηκός.</span> <span class='ocrx_word' id='word_1_689' title='bbox 935 5229 1136 5283; x_wconf 87' lang='lat' dir='ltr'>Comb.</span> <span class='ocrx_word' id='word_1_690' title='bbox 1168 5227 1472 5297; x_wconf 79' lang='grc' dir='ltr'>κεκινηκός.</span> 
     </span>
    </p>
   </div>
   <div class='ocr_carea' id='block_1_101' title="bbox 440 5298 2020 5371">
    <p class='ocr_par' dir='ltr' id='par_1_101' title="bbox 440 5298 2020 5371">
     <span class='ocr_line' id='line_1_101' title="bbox 440 5298 2020 5371; baseline 0.001 -18"><span class='ocrx_word' id='word_1_691' title='bbox 440 5300 555 5371; x_wconf 87' lang='lat'>(36)</span> <span class='ocrx_word' id='word_1_692' title='bbox 588 5298 980 5370; x_wconf 81' lang='grc' dir='ltr'>Χαριζὸμενος.</span> <span class='ocrx_word' id='word_1_693' title='bbox 1016 5299 1240 5363; x_wconf 87' lang='lat' dir='ltr'>Billius,</span> <span class='ocrx_word' id='word_1_694' title='bbox 1279 5301 1482 5370; x_wconf 87' lang='lat' dir='ltr'>primis</span> <span class='ocrx_word' id='word_1_695' title='bbox 1529 5299 1707 5365; x_wconf 90' lang='lat' dir='ltr'>curis,</span> <span class='ocrx_word' id='word_1_696' title='bbox 1740 5321 1766 5349; x_wconf 86' lang='lat'><strong>«</strong></span> <span class='ocrx_word' id='word_1_697' title='bbox 1801 5299 2020 5370; x_wconf 80' lang='lat' dir='ltr'>gratiﬁ-</span> 
     </span>
    </p>
   </div>
   <div class='ocr_carea' id='block_1_102' title="bbox 370 5370 2022 5441">
    <p class='ocr_par' dir='ltr' id='par_1_102' title="bbox 370 5370 2022 5441">
     <span class='ocr_line' id='line_1_102' title="bbox 370 5370 2022 5441; baseline 0.001 -15"><span class='ocrx_word' id='word_1_698' title='bbox 370 5370 506 5429; x_wconf 88' lang='lat' dir='ltr'>cari.</span> <span class='ocrx_word' id='word_1_699' title='bbox 543 5393 572 5421; x_wconf 85' lang='lat'>»</span> <span class='ocrx_word' id='word_1_700' title='bbox 605 5373 819 5427; x_wconf 87' lang='lat' dir='ltr'>rectius</span> <span class='ocrx_word' id='word_1_701' title='bbox 868 5389 1044 5441; x_wconf 85' lang='lat' dir='ltr'>quam</span> <span class='ocrx_word' id='word_1_702' title='bbox 1097 5373 1155 5426; x_wconf 86' lang='lat' dir='ltr'>in</span> <span class='ocrx_word' id='word_1_703' title='bbox 1213 5373 1352 5426; x_wconf 90' lang='lat' dir='ltr'>edit.</span> <span class='ocrx_word' id='word_1_704' title='bbox 1418 5373 1594 5437; x_wconf 87' lang='lat' dir='ltr'>Paris,</span> <span class='ocrx_word' id='word_1_705' title='bbox 1646 5388 1767 5440; x_wconf 76' lang='lat' dir='ltr'>quae</span> <span class='ocrx_word' id='word_1_706' title='bbox 1826 5371 2022 5439; x_wconf 86' lang='lat' dir='ltr'>habet,</span> 
     </span>
    </p>
   </div>
   <div class='ocr_carea' id='block_1_103' title="bbox 372 5444 926 5498">
    <p class='ocr_par' dir='ltr' id='par_1_103' title="bbox 372 5444 926 5498">
     <span class='ocr_line' id='line_1_103' title="bbox 372 5444 926 5498; baseline -0.004 -2"><span class='ocrx_word' id='word_1_707' title='bbox 372 5466 398 5490; x_wconf 87' lang='grc'><em>‹‹</em></span> <span class='ocrx_word' id='word_1_708' title='bbox 431 5444 862 5498; x_wconf 88' lang='lat' dir='ltr'>commendare.</span> <span class='ocrx_word' id='word_1_709' title='bbox 900 5465 926 5490; x_wconf 85' lang='grc'>››</span> 
     </span>
    </p>
   </div>
   <div class='ocr_carea' id='block_1_104' title="bbox 437 5512 2022 5586">
    <p class='ocr_par' dir='ltr' id='par_1_104' title="bbox 437 5512 2022 5586">
     <span class='ocr_line' id='line_1_104' title="bbox 437 5512 2022 5586; baseline 0.001 -19"><span class='ocrx_word' id='word_1_710' title='bbox 437 5517 552 5582; x_wconf 83' lang='grc'>(37)</span> <span class='ocrx_word' id='word_1_711' title='bbox 599 5515 910 5586; x_wconf 23' lang='grc' dir='ltr'>Μετὰητοῦ</span> <span class='ocrx_word' id='word_1_712' title='bbox 988 5513 1209 5586; x_wconf 85' lang='grc' dir='ltr'>σαθροῦ.</span> <span class='ocrx_word' id='word_1_713' title='bbox 1286 5515 1417 5586; x_wconf 10' lang='lat' dir='ltr'>Hic,</span> <span class='ocrx_word' id='word_1_714' title='bbox 1462 5512 1679 5583; x_wconf 84' lang='lat' dir='ltr'>Optime</span> <span class='ocrx_word' id='word_1_715' title='bbox 1757 5514 2022 5570; x_wconf 87' lang='lat' dir='ltr'>convenit</span> 
     </span>
    </p>
   </div>
   <div class='ocr_carea' id='block_1_105' title="bbox 368 5585 2019 5654">
    <p class='ocr_par' dir='ltr' id='par_1_105' title="bbox 368 5585 2019 5654">
     <span class='ocr_line' id='line_1_105' title="bbox 368 5585 2019 5654; baseline 0.003 -18"><span class='ocrx_word' id='word_1_716' title='bbox 368 5586 524 5654; x_wconf 90' lang='lat' dir='ltr'>quod</span> <span class='ocrx_word' id='word_1_717' title='bbox 557 5585 639 5638; x_wconf 87' lang='lat' dir='ltr'>ait</span> <span class='ocrx_word' id='word_1_718' title='bbox 668 5585 916 5647; x_wconf 75' lang='lat' dir='ltr'>Tullius,</span> <span class='ocrx_word' id='word_1_719' title='bbox 950 5601 990 5638; x_wconf 84' lang='grc' dir='ltr'>ιι</span> <span class='ocrx_word' id='word_1_720' title='bbox 1023 5585 1169 5639; x_wconf 78' lang='lat' dir='ltr'>Tusc.</span> <span class='ocrx_word' id='word_1_721' title='bbox 1201 5601 1257 5638; x_wconf 94' lang='lat' dir='ltr'>n.</span> <span class='ocrx_word' id='word_1_722' title='bbox 1286 5585 1535 5650; x_wconf 78' lang='grc'>21,47;‹‹</span> <span class='ocrx_word' id='word_1_723' title='bbox 1575 5586 1632 5638; x_wconf 85' lang='lat' dir='ltr'>in</span> <span class='ocrx_word' id='word_1_724' title='bbox 1667 5586 1877 5641; x_wconf 89' lang='lat' dir='ltr'>animis</span> <span class='ocrx_word' id='word_1_725' title='bbox 1895 5603 2019 5641; x_wconf 86' lang='lat' dir='ltr'>om-</span> 
     </span>
    </p>
   </div>
   <div class='ocr_carea' id='block_1_106' title="bbox 369 5656 2021 5727">
    <p class='ocr_par' dir='ltr' id='par_1_106' title="bbox 369 5656 2021 5727">
     <span class='ocr_line' id='line_1_106' title="bbox 369 5656 2021 5727; baseline 0.003 -19"><span class='ocrx_word' id='word_1_726' title='bbox 369 5656 537 5727; x_wconf 81' lang='lat' dir='ltr'>nium</span> <span class='ocrx_word' id='word_1_727' title='bbox 565 5661 652 5710; x_wconf 87' lang='lat' dir='ltr'>est</span> <span class='ocrx_word' id='word_1_728' title='bbox 675 5657 787 5712; x_wconf 90' lang='lat' dir='ltr'>fere</span> <span class='ocrx_word' id='word_1_729' title='bbox 809 5661 1018 5711; x_wconf 87' lang='lat' dir='ltr'>natura</span> <span class='ocrx_word' id='word_1_730' title='bbox 1045 5656 1214 5711; x_wconf 90' lang='lat' dir='ltr'>molle</span> <span class='ocrx_word' id='word_1_731' title='bbox 1240 5657 1900 5727; x_wconf 79' lang='lat' dir='ltr'>quiddam,dcmissum,</span> <span class='ocrx_word' id='word_1_732' title='bbox 1919 5658 2021 5712; x_wconf 94' lang='lat' dir='ltr'>hu-</span> 
     </span>
    </p>
   </div>
   <div class='ocr_carea' id='block_1_107' title="bbox 372 5725 2111 5801">
    <p class='ocr_par' dir='ltr' id='par_1_107' title="bbox 372 5725 2111 5801">
     <span class='ocr_line' id='line_1_107' title="bbox 372 5725 2111 5801; baseline 0.004 -22"><span class='ocrx_word' id='word_1_733' title='bbox 372 5725 532 5795; x_wconf 90' lang='lat' dir='ltr'>mile,</span> <span class='ocrx_word' id='word_1_734' title='bbox 562 5732 898 5784; x_wconf 88' lang='lat' dir='ltr'>enervatum</span> <span class='ocrx_word' id='word_1_735' title='bbox 931 5725 1360 5799; x_wconf 80' lang='lat' dir='ltr'>quodammodo</span> <span class='ocrx_word' id='word_1_736' title='bbox 1386 5732 1440 5784; x_wconf 90' lang='lat' dir='ltr'>et</span> <span class='ocrx_word' id='word_1_737' title='bbox 1475 5727 1838 5801; x_wconf 73' lang='lat' dir='ltr'>languidum,</span> <span class='ocrx_word' id='word_1_738' title='bbox 1863 5725 2017 5784; x_wconf 46' lang='lat' dir='ltr'>s&#39;cni-</span> <span class='ocrx_word' id='word_1_739' title='bbox 2104 5778 2111 5786; x_wconf 93' lang='lat'>.</span> 
     </span>
    </p>
   </div>
   <div class='ocr_carea' id='block_1_108' title="bbox 2206 4730 3784 4808">
    <p class='ocr_par' dir='ltr' id='par_1_108' title="bbox 2206 4730 3784 4808">
     <span class='ocr_line' id='line_1_108' title="bbox 2206 4730 3784 4808; baseline 0.002 -23"><span class='ocrx_word' id='word_1_740' title='bbox 2206 4733 2322 4808; x_wconf 79' lang='lat'>(38)</span> <span class='ocrx_word' id='word_1_741' title='bbox 2350 4735 2466 4799; x_wconf 83' lang='grc' dir='ltr'>Ὃς,</span> <span class='ocrx_word' id='word_1_742' title='bbox 2493 4730 2559 4788; x_wconf 84' lang='grc' dir='ltr'>τί.</span> <span class='ocrx_word' id='word_1_743' title='bbox 2584 4733 2859 4808; x_wconf 77' lang='lat' dir='ltr'>[lic,etin</span> <span class='ocrx_word' id='word_1_744' title='bbox 2891 4735 3159 4808; x_wconf 78' lang='lat' dir='ltr'>sequenti</span> <span class='ocrx_word' id='word_1_745' title='bbox 3191 4736 3475 4804; x_wconf 90' lang='lat' dir='ltr'>membro,</span> <span class='ocrx_word' id='word_1_746' title='bbox 3504 4734 3555 4789; x_wconf 80' lang='grc' dir='ltr'>τί</span> <span class='ocrx_word' id='word_1_747' title='bbox 3588 4731 3644 4789; x_wconf 69' lang='grc' dir='ltr'>δὲ</span> <span class='ocrx_word' id='word_1_748' title='bbox 3665 4734 3784 4808; x_wconf 71' lang='grc' dir='ltr'>οὐκ,</span> 
     </span>
    </p>
   </div>
   <div class='ocr_carea' id='block_1_109' title="bbox 2136 4803 3785 4876">
    <p class='ocr_par' dir='ltr' id='par_1_109' title="bbox 2136 4803 3785 4876">
     <span class='ocr_line' id='line_1_109' title="bbox 2136 4803 3785 4876; baseline 0.002 -19"><span class='ocrx_word' id='word_1_749' title='bbox 2136 4803 2353 4876; x_wconf 82' lang='lat' dir='ltr'>habent</span> <span class='ocrx_word' id='word_1_750' title='bbox 2382 4804 2646 4860; x_wconf 90' lang='lat' dir='ltr'>nonnulli</span> <span class='ocrx_word' id='word_1_751' title='bbox 2678 4803 2928 4876; x_wconf 86' lang='lat' dir='ltr'>codices,</span> <span class='ocrx_word' id='word_1_752' title='bbox 2959 4803 3024 4862; x_wconf 79' lang='lat' dir='ltr'>ut</span> <span class='ocrx_word' id='word_1_753' title='bbox 3075 4807 3213 4864; x_wconf 89' lang='lat' dir='ltr'>alibi</span> <span class='ocrx_word' id='word_1_754' title='bbox 3247 4825 3362 4864; x_wconf 90' lang='lat' dir='ltr'>non</span> <span class='ocrx_word' id='word_1_755' title='bbox 3396 4803 3545 4873; x_wconf 88' lang='lat' dir='ltr'>raro,</span> <span class='ocrx_word' id='word_1_756' title='bbox 3577 4807 3626 4860; x_wconf 82' lang='grc' dir='ltr'>τί</span> <span class='ocrx_word' id='word_1_757' title='bbox 3673 4804 3785 4861; x_wconf 86' lang='grc' dir='ltr'>δαί.</span> 
     </span>
    </p>
   </div>
   <div class='ocr_carea' id='block_1_110' title="bbox 2136 4875 3788 4950">
    <p class='ocr_par' dir='ltr' id='par_1_110' title="bbox 2136 4875 3788 4950">
     <span class='ocr_line' id='line_1_110' title="bbox 2136 4875 3788 4950; baseline 0.003 -22"><span class='ocrx_word' id='word_1_758' title='bbox 2136 4875 2332 4950; x_wconf 70' lang='lat' dir='ltr'>Crzeca</span> <span class='ocrx_word' id='word_1_759' title='bbox 2365 4876 2483 4950; x_wconf 62' lang='lat' dir='ltr'>haec</span> <span class='ocrx_word' id='word_1_760' title='bbox 2515 4875 3176 4950; x_wconf 15' lang='lat' dir='ltr'>periinterrogationem</span> <span class='ocrx_word' id='word_1_761' title='bbox 3223 4881 3497 4936; x_wconf 90' lang='lat' dir='ltr'>videntur</span> <span class='ocrx_word' id='word_1_762' title='bbox 3542 4880 3788 4934; x_wconf 89' lang='lat' dir='ltr'>redden-</span> 
     </span>
    </p>
   </div>
   <div class='ocr_carea' id='block_1_111' title="bbox 2137 4947 3788 5015">
    <p class='ocr_par' dir='ltr' id='par_1_111' title="bbox 2137 4947 3788 5015">
     <span class='ocr_line' id='line_1_111' title="bbox 2137 4947 3788 5015; baseline 0.004 -16"><span class='ocrx_word' id='word_1_763' title='bbox 2137 4947 2210 4999; x_wconf 81' lang='lat' dir='ltr'>da</span> <span class='ocrx_word' id='word_1_764' title='bbox 2243 4964 2253 4999; x_wconf 95' lang='lat'>:</span> <span class='ocrx_word' id='word_1_765' title='bbox 2292 4970 2318 4996; x_wconf 87' lang='lat'><strong><em>«</em></strong></span> <span class='ocrx_word' id='word_1_766' title='bbox 2353 4947 2480 5012; x_wconf 89' lang='lat' dir='ltr'>Qui,</span> <span class='ocrx_word' id='word_1_767' title='bbox 2514 4947 2651 5015; x_wconf 87' lang='lat' dir='ltr'>quid</span> <span class='ocrx_word' id='word_1_768' title='bbox 2699 4949 2759 5003; x_wconf 90' lang='lat' dir='ltr'>in</span> <span class='ocrx_word' id='word_1_769' title='bbox 2791 4947 3134 5006; x_wconf 69' lang='lat' dir='ltr'>Christianis</span> <span class='ocrx_word' id='word_1_770' title='bbox 3184 4953 3507 5008; x_wconf 84' lang='lat' dir='ltr'>causatus?</span> <span class='ocrx_word' id='word_1_771' title='bbox 3538 4953 3685 5015; x_wconf 87' lang='lat' dir='ltr'>Quid</span> <span class='ocrx_word' id='word_1_772' title='bbox 3727 4951 3788 5006; x_wconf 90' lang='lat' dir='ltr'>in</span> 
     </span>
    </p>
   </div>
   <div class='ocr_carea' id='block_1_112' title="bbox 2137 5018 3795 5087">
    <p class='ocr_par' dir='ltr' id='par_1_112' title="bbox 2137 5018 3795 5087">
     <span class='ocr_line' id='line_1_112' title="bbox 2137 5018 3795 5087; baseline 0.003 -17"><span class='ocrx_word' id='word_1_773' title='bbox 2137 5018 2354 5072; x_wconf 87' lang='lat' dir='ltr'>nostris</span> <span class='ocrx_word' id='word_1_774' title='bbox 2387 5035 2501 5074; x_wconf 88' lang='lat' dir='ltr'>non</span> <span class='ocrx_word' id='word_1_775' title='bbox 2533 5018 2892 5075; x_wconf 88' lang='lat' dir='ltr'>laudandum</span> <span class='ocrx_word' id='word_1_776' title='bbox 2927 5023 3228 5078; x_wconf 89' lang='lat' dir='ltr'>inveniens</span> <span class='ocrx_word' id='word_1_777' title='bbox 3253 5024 3278 5077; x_wconf 89' lang='lat'><strong>?</strong></span> <span class='ocrx_word' id='word_1_778' title='bbox 3301 5023 3443 5087; x_wconf 88' lang='lat' dir='ltr'>Quid</span> <span class='ocrx_word' id='word_1_779' title='bbox 3477 5023 3535 5078; x_wconf 84' lang='lat' dir='ltr'>in</span> <span class='ocrx_word' id='word_1_780' title='bbox 3568 5023 3795 5078; x_wconf 71' lang='lat' dir='ltr'>Grmco-</span> 
     </span>
    </p>
   </div>
   <div class='ocr_carea' id='block_1_113' title="bbox 2135 5090 3791 5165">
    <p class='ocr_par' dir='ltr' id='par_1_113' title="bbox 2135 5090 3791 5165">
     <span class='ocr_line' id='line_1_113' title="bbox 2135 5090 3791 5165; baseline 0.002 -22"><span class='ocrx_word' id='word_1_781' title='bbox 2135 5105 2265 5143; x_wconf 90' lang='lat' dir='ltr'>rum</span> <span class='ocrx_word' id='word_1_782' title='bbox 2315 5090 2690 5165; x_wconf 82' lang='lat' dir='ltr'>dogmatibus</span> <span class='ocrx_word' id='word_1_783' title='bbox 2736 5092 3016 5148; x_wconf 82' lang='lat' dir='ltr'>eximium</span> <span class='ocrx_word' id='word_1_784' title='bbox 3076 5100 3132 5150; x_wconf 90' lang='lat' dir='ltr'>et</span> <span class='ocrx_word' id='word_1_785' title='bbox 3181 5111 3296 5149; x_wconf 90' lang='lat' dir='ltr'>non</span> <span class='ocrx_word' id='word_1_786' title='bbox 3349 5093 3500 5149; x_wconf 88' lang='lat' dir='ltr'>facili</span> <span class='ocrx_word' id='word_1_787' title='bbox 3558 5094 3791 5165; x_wconf 76' lang='lat' dir='ltr'>negotio</span> 
     </span>
    </p>
   </div>
   <div class='ocr_carea' id='block_1_114' title="bbox 2136 5163 3792 5234">
    <p class='ocr_par' dir='ltr' id='par_1_114' title="bbox 2136 5163 3792 5234">
     <span class='ocr_line' id='line_1_114' title="bbox 2136 5163 3792 5234; baseline 0.003 -19"><span class='ocrx_word' id='word_1_788' title='bbox 2136 5178 2402 5234; x_wconf 83' lang='lat' dir='ltr'>sermone</span> <span class='ocrx_word' id='word_1_789' title='bbox 2461 5163 2902 5218; x_wconf 79' lang='lat' dir='ltr'>convellendum</span> <span class='ocrx_word' id='word_1_790' title='bbox 2960 5165 3276 5220; x_wconf 87' lang='lat' dir='ltr'>arbitratus</span> <span class='ocrx_word' id='word_1_791' title='bbox 3311 5165 3338 5220; x_wconf 81' lang='lat'><strong>?</strong></span> <span class='ocrx_word' id='word_1_792' title='bbox 3397 5166 3555 5230; x_wconf 92' lang='lat' dir='ltr'>Quod</span> <span class='ocrx_word' id='word_1_793' title='bbox 3623 5163 3792 5234; x_wconf 86' lang='lat' dir='ltr'>porro</span> 
     </span>
    </p>
   </div>
   <div class='ocr_carea' id='block_1_115' title="bbox 2133 5233 3791 5309">
    <p class='ocr_par' dir='ltr' id='par_1_115' title="bbox 2133 5233 3791 5309">
     <span class='ocr_line' id='line_1_115' title="bbox 2133 5233 3791 5309; baseline 0.004 -24"><span class='ocrx_word' id='word_1_794' title='bbox 2133 5233 2462 5309; x_wconf 80' lang='lat' dir='ltr'>exemplum</span> <span class='ocrx_word' id='word_1_795' title='bbox 2514 5241 2772 5309; x_wconf 68' lang='lat' dir='ltr'>secutus,</span> <span class='ocrx_word' id='word_1_796' title='bbox 2810 5235 3272 5293; x_wconf 82' lang='lat' dir='ltr'>famosissimum</span> <span class='ocrx_word' id='word_1_797' title='bbox 3304 5254 3432 5293; x_wconf 88' lang='lat' dir='ltr'>sese</span> <span class='ocrx_word' id='word_1_798' title='bbox 3461 5253 3528 5292; x_wconf 84' lang='lat' dir='ltr'>ex</span> <span class='ocrx_word' id='word_1_799' title='bbox 3577 5233 3791 5309; x_wconf 84' lang='lat' dir='ltr'>impie-</span> 
     </span>
    </p>
   </div>
   <div class='ocr_carea' id='block_1_116' title="bbox 2132 5305 2684 5360">
    <p class='ocr_par' dir='ltr' id='par_1_116' title="bbox 2132 5305 2684 5360">
     <span class='ocr_line' id='line_1_116' title="bbox 2132 5305 2684 5360; baseline -0.005 -2"><span class='ocrx_word' id='word_1_800' title='bbox 2132 5307 2248 5358; x_wconf 90' lang='lat' dir='ltr'>tate</span> <span class='ocrx_word' id='word_1_801' title='bbox 2279 5305 2630 5360; x_wconf 81' lang='lat' dir='ltr'>constituit?</span> <span class='ocrx_word' id='word_1_802' title='bbox 2659 5326 2684 5355; x_wconf 71' lang='grc' dir='ltr'>ι</span> 
     </span>
    </p>
   </div>
   <div class='ocr_carea' id='block_1_117' title="bbox 2202 5376 3787 5451">
    <p class='ocr_par' dir='ltr' id='par_1_117' title="bbox 2202 5376 3787 5451">
     <span class='ocr_line' id='line_1_117' title="bbox 2202 5376 3787 5451; baseline 0.003 -23"><span class='ocrx_word' id='word_1_803' title='bbox 2202 5376 2798 5451; x_wconf 70' lang='grc' dir='ltr'>(3ἰ))1“νιι›ριμιῖ›τατον.</span> <span class='ocrx_word' id='word_1_804' title='bbox 2860 5379 3356 5451; x_wconf 89' lang='lat' dir='ltr'>Superscriptum,</span> <span class='ocrx_word' id='word_1_805' title='bbox 3421 5377 3787 5451; x_wconf 80' lang='grc' dir='ltr'>ὀνομαστότα-</span> 
     </span>
    </p>
   </div>
   <div class='ocr_carea' id='block_1_118' title="bbox 2129 5429 3259 5513">
    <p class='ocr_par' dir='ltr' id='par_1_118' title="bbox 2129 5429 3259 5513">
     <span class='ocr_line' id='line_1_118' title="bbox 2129 5429 3259 5513; baseline 0.01 -15"><span class='ocrx_word' id='word_1_806' title='bbox 2129 5429 2242 5513; x_wconf 72' lang='grc' dir='ltr'>τον,</span> <span class='ocrx_word' id='word_1_807' title='bbox 2278 5429 2309 5497; x_wconf 70' lang='grc' dir='ltr'>(ἔ</span> <span class='ocrx_word' id='word_1_808' title='bbox 2337 5429 2797 5504; x_wconf 66' lang='lat' dir='ltr'>celeberrimum.</span> <span class='ocrx_word' id='word_1_809' title='bbox 2835 5472 2862 5498; x_wconf 89' lang='grc'><strong>››</strong></span> <span class='ocrx_word' id='word_1_810' title='bbox 2943 5429 2971 5450; x_wconf 52' lang='grc' dir='ltr'>Γ</span> <span class='ocrx_word' id='word_1_811' title='bbox 3167 5429 3197 5451; x_wconf 48' lang='grc' dir='ltr'>Γ</span> <span class='ocrx_word' id='word_1_812' title='bbox 3254 5467 3259 5470; x_wconf 87' lang='grc'>·</span> 
     </span>
    </p>
   </div>
   <div class='ocr_carea' id='block_1_119' title="bbox 2201 5514 3788 5594">
    <p class='ocr_par' dir='ltr' id='par_1_119' title="bbox 2201 5514 3788 5594">
     <span class='ocr_line' id='line_1_119' title="bbox 2201 5514 3788 5594; baseline 0.003 -22"><span class='ocrx_word' id='word_1_813' title='bbox 2201 5519 2310 5594; x_wconf 72' lang='grc' dir='ltr'>(ρΟ)</span> <span class='ocrx_word' id='word_1_814' title='bbox 2339 5514 2746 5594; x_wconf 38' lang='lat' dir='ltr'>ﬁrmem”</span> <span class='ocrx_word' id='word_1_815' title='bbox 2783 5519 2880 5574; x_wconf 81' lang='grc' dir='ltr'>οὑκ</span> <span class='ocrx_word' id='word_1_816' title='bbox 2921 5520 3010 5594; x_wconf 70' lang='grc' dir='ltr'>ἦν.</span> <span class='ocrx_word' id='word_1_817' title='bbox 3045 5523 3105 5594; x_wconf 77' lang='lat' dir='ltr'>Ip</span> <span class='ocrx_word' id='word_1_818' title='bbox 3132 5539 3280 5594; x_wconf 80' lang='lat' dir='ltr'>mss.</span> <span class='ocrx_word' id='word_1_819' title='bbox 3331 5540 3446 5578; x_wconf 89' lang='lat' dir='ltr'>non</span> <span class='ocrx_word' id='word_1_820' title='bbox 3498 5523 3700 5594; x_wconf 88' lang='lat' dir='ltr'>paucis</span> <span class='ocrx_word' id='word_1_821' title='bbox 3730 5526 3788 5577; x_wconf 90' lang='lat' dir='ltr'>et</span> 
     </span>
    </p>
   </div>
   <div class='ocr_carea' id='block_1_120' title="bbox 2129 5587 3268 5666">
    <p class='ocr_par' dir='ltr' id='par_1_120' title="bbox 2129 5587 3268 5666">
     <span class='ocr_line' id='line_1_120' title="bbox 2129 5587 3268 5666; baseline 0.004 -24"><span class='ocrx_word' id='word_1_822' title='bbox 2129 5587 2187 5642; x_wconf 85' lang='lat' dir='ltr'>in</span> <span class='ocrx_word' id='word_1_823' title='bbox 2210 5587 2393 5666; x_wconf 36' lang='lat' dir='ltr'>:Basil.</span> <span class='ocrx_word' id='word_1_824' title='bbox 2423 5587 2659 5666; x_wconf 66' lang='lat' dir='ltr'>legitur,</span> <span class='ocrx_word' id='word_1_825' title='bbox 2695 5590 2792 5644; x_wconf 73' lang='grc' dir='ltr'>οὐκ</span> <span class='ocrx_word' id='word_1_826' title='bbox 2820 5593 2884 5658; x_wconf 73' lang='grc' dir='ltr'>ἦν</span> <span class='ocrx_word' id='word_1_827' title='bbox 2922 5587 3268 5666; x_wconf 54' lang='grc' dir='ltr'>ὑπερβαλεῖν.</span> 
     </span>
    </p>
   </div>
   <div class='ocr_carea' id='block_1_121' title="bbox 2201 5661 3443 5742">
    <p class='ocr_par' dir='ltr' id='par_1_121' title="bbox 2201 5661 3443 5742">
     <span class='ocr_line' id='line_1_121' title="bbox 2201 5661 3443 5742; baseline 0.003 -27"><span class='ocrx_word' id='word_1_828' title='bbox 2201 5663 2313 5732; x_wconf 73' lang='grc'>(41)</span> <span class='ocrx_word' id='word_1_829' title='bbox 2346 5661 2764 5732; x_wconf 72' lang='grc' dir='ltr'>Φιλονεικησας.</span> <span class='ocrx_word' id='word_1_830' title='bbox 2803 5666 2938 5737; x_wconf 79' lang='lat' dir='ltr'>Reg.</span> <span class='ocrx_word' id='word_1_831' title='bbox 2978 5661 3443 5742; x_wconf 54' lang='grc' dir='ltr'>Ε’ἐφιλονείκησε.</span> 
     </span>
    </p>
   </div>
  </div>
