4148 6290
403 393 519 456 565

1392 391 1685 453 ORATIO
1734 393 1936 455 lV.—
1969 395 2274 456 CONTRA
2326 394 2730 458 JUI.IANUM
2776 395 2820 454 Ι.

3691 381 3808 446 566

401 526 594 596 modo,
628 524 738 583 hoc
767 528 876 591 est,
909 541 1011 599 per
1046 521 1424 582 immodicam
1468 525 1782 598 quamdam
1815 530 1870 582 et
1893 527 2232 585 effrenatam
2263 526 2645 601 impietatem,
2679 525 3058 601 pervicaxque
3085 521 3207 579 vitii
3238 520 3520 589 studium,
3550 517 3806 577 nominis

399 615 772 688 splendorem
803 615 915 673 sibi
945 615 1252 672 conciliare
1281 615 1530 671 obnixus
1559 620 1664 671 est.
1692 621 1770 671 Ae
1804 617 1874 672 de
1899 617 2264 687 Christianis,
2290 625 2345 674 et
2375 621 2444 674 ad
2471 619 2855 683 Christianos,
2879 616 3013 672 talis
3044 618 3134 670 est
3163 611 3485 669 Constantii
3519 610 3804 683 purgatio,

399 712 638 777 tamque
668 722 834 778 aequa
858 709 913 760 et
934 705 1120 776 justa,
1154 704 1244 759 his
1275 705 1508 774 quidem
1541 709 1692 760 certe
1723 705 1820 777 qui
1857 711 2048 761 mente
2080 708 2303 778 przediti
2335 714 2490 762 sunt.

470 812 592 868 ΛΘ’.
629 809 776 865 Ἐπεὶ
827 806 883 864 δὲ
1073 809 1173 864 eici.
1221 829 1387 879 τινες,
1420 809 1490 878 οἳ,
1523 809 1618 864 κᾶν
1666 809 1866 880 ταύτης
1899 813 2045 882 ἡμᾶς
2077 820 2129 884 Α

403 898 722 955 ἀπολύσωσι
782 905 880 968 τῆς
931 897 1122 971 αἰτίας,
1181 897 1363 974 ἑτέ-,ρας
1419 897 1518 952 οὐκ
1569 898 1847 976 ἀφιέντες,
1905 898 2052 955 ἀλλὰ

400 992 834 1066 κατηγοροῦντες
885 987 1128 1059 εὐήθειαν
1168 1029 1182 1055 ,
1233 986 1316 1041 ὅτι
1372 991 1451 1058 τῷ
1498 985 1905 1061 δυσμενεστάτῳ
1960 987 2051 1042 καί

401 1077 806 1151 πολεμιωτάτῳ
861 1078 959 1145 τήν
1022 1077 1199 1152 ἀρχὴν
1258 1075 1569 1151 ἐνεχείρισε,
1619 1079 1707 1131 καὶ
1756 1077 1846 1131 τὸν
1890 1077 2046 1132 αὐτὸν

403 1167 594 1244 ἰχθρὸν
641 1166 926 1242 πρότερον,
979 1166 1090 1220 εἶτα
1140 1165 1361 1241 ἰσχυρὸν
1411 1164 1779 1235 κατεσκεύασε,
1822 1167 1917 1234 τήν
1958 1167 2050 1238 μὲν

405 1254 602 1332 ἔχθραν
631 1253 720 1311 διὰ
747 1263 846 1325 τῆς
873 1259 971 1310 τοῦ
1020 1252 1257 1332 ἀδελφοῦ
1308 1261 1513 1333 σφαγῆς
1561 1249 2047 1330 προκαταϐαλόμε-

402 1367 534 1414 νος,
591 1346 688 1414 τήν
746 1342 803 1399 δὶ
862 1342 1087 1416 δύναμιν
1144 1341 1233 1398 διὰ
1283 1351 1382 1413 τῆς
1443 1343 1718 1419 βασιλείας
1775 1344 2046 1414 προσθείςο

399 1434 690 1508 ἀναγκαῖον
743 1433 832 1488 καὶ
890 1432 1014 1508 περὶ
1071 1431 1266 1487 τούτου
1329 1433 1537 1508 βραχέα
1587 1431 1872 1502 διεξελθεῖν
1937 1435 2046 1505 (43)

397 1521 487 1577 καὶ
549 1520 717 1594 δεῖξαι
779 1523 853 1594 μὴ
909 1523 1239 1576 παντάπασιν
1293 1521 1492 1597 ἄλογον
1542 1523 1603 1575 τὸ
1643 1521 2044 1599 φιλάνθρωπον,

403 1609 544 1681 μηδὲ
601 1610 700 1682 Ego
757 1619 854 1675 τῆς
921 1611 1206 1686 βασιλικῆς
1266 1608 1619 1686 μεγαλονοίας
1683 1611 1771 1664 καὶ
1831 1631 2047 1686 προμη-

399 1700 564 1764 θείας·
607 1701 696 1753 καὶ
723 1701 826 1776 γὰρ
851 1698 906 1754 ἃν
933 1699 1318 1774 αἰσχυνοίμην,
1354 1699 1420 1766 εἰ,
1451 1698 1705 1768 τοιαύςης
1738 1704 1861 1772 παρ’
1881 1698 2045 1752 αὐτοῦ

395 1789 655 1864 τυχόντες
702 1794 891 1861 τιμῆς,
943 1787 1030 1842 καὶ
1079 1793 1335 1842 τοσοῦτον
1382 1787 1540 1842 αὐτὸν
1597 1783 1838 1858 εὐσεϐείᾳ
1868 1787 2046 1866 διαιρὲ-

398 1898 507 1953 ρειν
541 1876 978 1946 πεπιστευκότες,
1031 1879 1107 1950 μὴ
1158 1878 1223 1930 τὰ
1271 1879 1383 1947 (44)
1415 1874 1594 1931 δίκαια
1637 1880 2041 1951 συνηγορήσαι-

399 1984 512 2039 μεν⁶
565 1967 594 2021 ’ὁ
641 1966 728 2021 καὶ
778 1971 896 2027 τοῖς
945 1963 1111 2039 μηδὲν
1159 1965 1562 2041 εὐεργετηκόσιν
1612 1968 1725 2038 (45)
1770 1964 2041 2044 ὀφείλεται

393 2061 518 2132 παρ’
558 2057 741 2127 ἡμῶν,
789 2059 896 2109 τῶν
951 2055 1125 2130 Δόγου
1183 2055 1272 2108 καὶ
1327 2053 1621 2122 Ἀληθείας
1680 2060 2041 2130 θεραπευτῶνν

393 2145 679 2199 καὶταῦτα
732 2145 865 2216 μετὰ
919 2145 1014 2212 τήν
1068 2143 1302 2198 ἐντεῦθεν
1356 2141 1707 2218 ἀπαλλαγὴν,
1747 2143 1907 2212 ἡνίκα
1955 2143 2042 2197 καί

391 2233 454 2288 τὸ
510 2232 825 2287 κολακεύειν
898 2229 1073 2286 δοκεῖν
1151 2230 1552 2309 ἐκπεφεύγαμεν
1587 2275 1601 2300 ,
1656 2232 1744 2286 καὶ
1801 2239 2044 2308 πονηρᾶς

393 2320 676 2396 ἐλεύθερος
710 2320 960 2382 ὑπονοίας
994 2321 1021 2374 6
1056 2319 1240 2394 λόγος.

392 2412 668 2468 Veritatis
717 2411 941 2468 cultum
991 2412 1355 2482 profitemur,
1390 2411 1648 2481 praestari
1681 2411 1876 2478 debet;
1924 2413 2100 2484 idque

390 2501 709 2557 verendum
768 2517 881 2555 non
941 2505 1050 2568 est,
1083 2517 1156 2555 ne
1213 2501 1270 2555 in
1327 2501 1742 2556 assentationis
1773 2501 2106 2573 opinionem

390 2590 596 2646 oratio.

461 2697 544 2751 Μ’.
577 2695 668 2756 Τίς
714 2694 817 2770 γὰρ
860 2693 958 2749 ούκ
1011 2695 1068 2748 ἂν
1119 2693 1370 2763 ἤλπισεν,
1422 2695 1467 2749 εἷ
1522 2699 1595 2769 μή
1631 2718 1679 2749 τι
1727 2695 1889 2763 ἄλλο,
1919 2701 2037 2758 ταῖς

391 2789 576 2856 τιμαῖς
623 2785 872 2853 ποιήσειν
937 2783 1096 2838 αὐτὸν
1158 2784 1548 2859 ἡμερώτερον;
1583 2784 1670 2845 Τίς
1729 2782 1785 2837 δὲ
1837 2785 1936 2839 οὐκ
1982 2785 2042 2840 ἐκ

389 2879 488 2941 τῆς
511 2872 765 2942 πίστεως,
816 2873 878 2940 ἣν
923 2871 1210 2938 ἐπιστεύθη
1263 2874 1376 2944 (46)
1426 2873 1511 2926 καὶ
1561 2875 1708 2947 παρὰ
1754 2874 1815 2927 τὸ
1874 2873 2039 2942 εἰκὸς,

394 2957 728 3034 δικαιότερον
765 2979 779 3028 ;
814 2961 890 3022 ὡς
935 2961 1135 3038 ἀμφοῖν
1183 2957 1362 3030 δικαίᾳ
1404 2961 1492 3014 καὶ
1542 2959 1797 3036 βασιλικῇ
1843 2961 2037 3036 κρίσει,

393 3052 490 3101 τοῦ
541 3048 635 3119 μὶν
684 3047 1121 3122 ἒπιτιμηθέντος,
1151 3054 1246 3103 τοῦ
1297 3048 1353 3104 δὲ
1395 3045 1803 3126 προϐληθέντος
1829 3071 1841 3084 ’
1875 3053 1903 3106 6
1935 3053 2038 3127 γὰρ

393 3136 483 3189 τὸν
519 3133 762 3211 δεύτερον
808 3140 1066 3210 τιμήσας,
1111 3139 1189 3199 οἷς
1238 3137 1335 3192 οὐκ
1384 3140 1442 3194 ἄν
1491 3161 1574 3200 τις
1623 3137 1876 3208 ἤλπισεν,
1918 3138 2040 3195 οὐδὲ

393 3223 554 3287 αὐτὸς
587 3224 614 3278 6
646 3226 824 3301 τυχὼν
855 3235 954 3296 τῆς
984 3233 1174 3299 τιμῆς,
1209 3224 1400 3296 δῆλον,
1436 3228 1511 3289 ὡς
1561 3225 1684 3282 οὐδὲ
1713 3230 1802 3284 τὸν
1845 3229 2037 3304 πρότε-

391 3335 483 3390 ρον
515 3311 636 3368 ἄνευ
679 3312 889 3378 δικαίας
940 3316 1106 3392 ὀργῆς
1156 3316 1456 3373 ἐκολάσατο
1493 3340 1504 3352 ο
1549 3318 1638 3373 καὶ
1687 3319 1749 3372 τὸ
1802 3319 1895 3390 μὲν
1942 3321 2039 3386 τῆς

388 3403 591 3458 ἐκείνου
649 3405 974 3479 προπετείας
1029 3407 1118 3478 ἦν,
1172 3407 1235 3462 τὸ
1295 3405 1352 3461 δὲ
1399 3410 1496 3476 τῆς
1545 3411 1640 3461 τοῦ
1677 3407 2036 3480 τετιμηκότος

387 3492 814 3570 φιλανθρωπίας.

2065 3483 2106 3548 C
2147 3499 2466 3554 advertisse
2509 3514 2521 3553 :

2228 815 2470 870 XXXIX.
2533 813 2818 879 Quoniam
2879 815 3072 866 autem
3129 807 3397 864 nonnulli
3455 811 3620 874 sunt,
3681 808 3805 879 qui,

2161 905 2430 974 quamvis
2478 920 2583 958 nos
2636 902 2743 957 hoc
2791 900 3033 956 crimine
3081 898 3346 965 liberent,
3380 897 3562 952 altera
3608 901 3804 953 tamen

2160 992 2333 1064 culpa
2381 992 2621 1047 minime
2662 991 2913 1055 solvunt,
2946 1004 3146 1044 verum
3193 987 3452 1042 stultitim
3502 992 3805 1059 propterea

2159 1081 2688 1152 insimulaut,quod
2716 1081 2840 1151 ipse
2864 1077 3272 1132 inimicissimo
3297 1076 3513 1131 homini
3534 1076 3805 1149 hostique

2160 1170 2442 1225 acerrimo
2465 1169 2775 1242 imperium
2801 1167 3371 1235 commiserit,atque
3393 1165 3665 1220 eumdem
3691 1167 3803 1238 pri-

2161 1275 2253 1313 mo
2285 1259 2509 1314 hostem
2543 1258 2816 1323 effecerit,
2840 1256 3049 1313 deinde
3079 1257 3257 1311 robur
3283 1255 3396 1327 ipsi
3427 1256 3802 1326 compararit,

2159 1348 2439 1402 nimirum
2473 1365 2575 1418 per
2616 1346 2810 1401 fratris
2859 1346 3070 1400 caedem
3101 1344 3419 1399 inimicitiae
3452 1344 3800 1400 fundamen-

2157 1441 2285 1491 tum
2310 1436 2558 1506 jaciens.
2590 1440 2721 1507 post
2742 1439 2936 1489 autem
2968 1451 3068 1506 per
3096 1434 3405 1504 imperium
3433 1433 3620 1488 eidem
3650 1434 3800 1490 vires

2157 1525 2410 1591 addens;
2445 1526 2514 1579 de
2558 1524 2664 1579 hac
2696 1540 2925 1594 quoque
2973 1539 3031 1577 re
3081 1538 3266 1593 pauca
3297 1523 3621 1577 necessario
3656 1521 3799 1577 mihi

2157 1613 2403 1668 dicenda
2451 1618 2605 1678 sunt,
2642 1612 2906 1683 illudque
2944 1611 3395 1675 ostendendum,
3428 1627 3799 1682 nequaquam

2155 1704 2394 1758 omnino
2426 1704 2818 1757 inconsultam
2851 1706 3028 1771 atque
3061 1718 3094 1755 a
3123 1699 3344 1754 ratione
3376 1698 3627 1754 alienam
3653 1701 3800 1755 hanc

2155 1791 2524 1846 clementiam
2583 1791 2896 1855 exstitisse,
2929 1806 3033 1844 nec
3080 1789 3152 1843 ab
3201 1788 3576 1859 imperatoria
3624 1788 3799 1844 animi

2156 1881 2490 1951 praestantia
2540 1879 3021 1951 providentiaque
3071 1881 3370 1932 remotam.
3420 1877 3638 1932 Etenim
3688 1893 3798 1948 pu-

2153 1969 2292 2024 dore
2343 1969 2732 2031 suti'underer,
2767 1969 2836 2035 si,
2872 1984 3002 2022 cum
3053 1971 3282 2021 tantum
3318 1966 3389 2020 ab
3420 1981 3486 2021 eo
3518 1966 3799 2022 honorem

2154 2059 2570 2129 acceperimus,
2602 2075 2854 2128 eumque
2873 2062 3033 2110 tanta
3051 2055 3285 2127 pietatis
3309 2054 3479 2109 laude
3501 2054 3800 2111 exeelluis-

2154 2164 2214 2201 se
2246 2165 2591 2219 persuasum
2633 2147 2978 2213 habeamus,
3004 2146 3238 2216 justum
3282 2143 3366 2198 illi
3408 2145 3798 2214 patrocinium

2155 2252 2525 2306 nequaquam
2559 2235 2932 2302 aii‘erremus;
2968 2234 3122 2305 quod
3156 2233 3227 2287 iis
3260 2234 3620 2303 quoque,qui
3653 2233 3798 2288 nihil

2154 2323 2416 2379 beneficii
2449 2323 2506 2378 in
2541 2341 2645 2378 nos
2695 2323 3086 2390 contulerunt,
3121 2339 3154 2376 a
3185 2321 3374 2389 nobis,
3407 2321 3506 2391 qui
3539 2321 3706 2376 Verbi
3745 2325 3802 2376 et

2151 2414 2472 2484 praesertim
2527 2417 2658 2484 post
2705 2413 2861 2467 illius
2895 2429 2923 2467 e
2953 2411 3072 2466 vita
3117 2409 3465 2477 discessum,
3493 2427 3628 2466 cum
3670 2411 3797 2482 jam

2155 2502 2507 2568 incidamus,
2543 2519 2608 2557 ac
2647 2503 2773 2572 jam
2825 2501 2983 2557 omni
3030 2499 3187 2554 mala
3242 2499 3578 2571 suspicione
3634 2505 3800 2556 vacat

2222 2699 2334 2755 XL.
2370 2700 2510 2764 Quis
2549 2700 2705 2754 enim
2754 2715 2868 2754 non
2900 2715 3063 2770 spem
3110 2696 3436 2762 habuisset,
3464 2697 3584 2752 fore
3631 2701 3714 2762 ut,
3749 2697 3799 2754 si

2150 2789 2295 2843 nihil
2315 2787 2494 2855 aliud,
2519 2789 2841 2843 honoribus
2863 2792 3013 2842 certe
3052 2788 3248 2858 ipsum
3293 2785 3582 2840 mitiorem
3605 2785 3797 2841 efﬁce-

2149 2879 2274 2932 ret?
2299 2878 2438 2942 Quis
2462 2895 2574 2933 non
2600 2895 2666 2932 ex
2690 2878 2822 2943 ﬁde,
2849 2894 2976 2948 quae
3007 2875 3091 2929 illi
3131 2876 3309 2930 etiam
3341 2882 3548 2947 praeter
3566 2891 3793 2946 aequum

2152 2967 2348 3021 habita
2379 2967 2858 3037 est,justiorem‘?
2890 2971 3172 3035 tanquam
3197 2965 3361 3035 justo
3391 2968 3449 3018 et
3478 2964 3792 3036 imperato-

2151 3056 2233 3110 rio
2260 3056 2478 3125 judicio
2511 3056 2656 3110 alter
2687 3072 2914 3126 pmnam
2964 3054 3192 3119 luisset,
3229 3052 3375 3107 alter
3404 3051 3622 3107 electus
3652 3052 3793 3108 fuis-

2148 3149 2254 3200 set.
2283 3145 2426 3199 Nam
2459 3145 2558 3216 qui
2593 3150 2729 3200 natu
2761 3143 3046 3198 minorem
3098 3142 3171 3198 iis
3221 3141 3540 3197 honoribus
3589 3143 3793 3197 affece-

2149 3237 2258 3301 rat,
2283 3249 2425 3303 quos
2449 3249 2620 3286 nemo
2646 3236 2958 3303 sperasset,
2985 3248 3054 3286 ne
3077 3231 3200 3302 ipse
3223 3230 3459 3301 quidem
3483 3229 3584 3300 qui
3615 3229 3794 3285 hono-

2149 3336 2270 3374 rem
2305 3323 2630 3390 aeceperat;
2665 3319 3040 3390 perspicuum
3072 3319 3275 3389 utique
3305 3322 3414 3385 est,
3438 3333 3594 3382 eum,
3629 3334 3700 3372 ne
3731 3318 3791 3373 in

2151 3409 2400 3479 priorem
2435 3408 2693 3479 quidem,
2724 3407 2835 3461 nisi
2873 3408 3039 3476 justa
3069 3407 3154 3460 ira
3199 3410 3580 3476 commotum,
3604 3406 3789 3460 anim-

2562 3497 2924 3566 alterumque
2979 3497 3081 3550 96
3139 3497 3292 3567 ejus,
3341 3495 3441 3566 qui
3499 3493 3790 3566 supplicio

387 3583 628 3638 atl‘eetus
661 3588 768 3654 est,
802 3584 1113 3640 temeritati
1155 3585 1578 3659 assignandum
1627 3602 1783 3654 esse;
1819 3585 2065 3642 alterum
2115 3591 2331 3656 autem,
2367 3585 2548 3654 illius,
2581 3603 2614 3639 a
2643 3601 2758 3656 quo
2789 3585 3005 3641 honore
3053 3584 3294 3639 allectus
3341 3582 3549 3649 fuerat,
3583 3583 3788 3638 huma-

384 3670 574 3727 nitati.

456 3778 590 3832 MA'.
628 3776 725 3832 Καὶ
777 3777 891 3850 ἅμα
933 3777 996 3833 τὸ
1045 3778 1260 3855 θαρρεῖν
1308 3779 1475 3855 εἶχεν,
1521 3779 1566 3836 εί
1617 3777 1698 3834 δεῖ
1737 3781 1799 3834 τὸ
1850 3785 2031 3851 μεῖζον

389 3863 578 3934 εἰπεῖν,
629 3865 690 3920 οὐ
718 3864 976 3921 τοσοῦτον
1027 3867 1086 3922 ἐκ
1128 3875 1227 3937 τῆς
1276 3867 1480 3923 ἐκείνου
1530 3867 1788 3937 πίστεως,
1821 3869 1941 3922 ὅσον
1979 3867 2037 3922 ἐκ

386 3954 485 4022 τῆς
545 3951 681 4017 ἰδίας
739 3952 1042 4028 δυνάμεως·
1201 3978 1292 4030 μοι
1344 3955 1495 4012 δοκεῖ
1542 3957 1631 4012 καὶ
1682 3954 2036 4032 Ἀλέξανδρος

390 4043 660 4120 θαῤῥήσας
691 4045 718 4099 ὁ
751 4046 888 4098 πάνυ
921 4042 1103 4099 δοῦναι
1159 4047 1234 4119 μή
1291 4045 1451 4119 μόνον
1501 4047 1563 4101 τὸ
1598 4049 1689 4115 ζῆν
1741 4047 2035 4119 ἡττημένῳ

391 4134 589 4207 Πώρῳ,
621 4132 710 4187 καὶ
762 4137 929 4189 ταῦτα
974 4140 1230 4197 νεανικῶς
1284 4136 1456 4198 οὕτως
1503 4134 1866 4210 ἠγωνισμένῳ
1913 4134 2033 4209 περὶ

389 4229 486 4291 τῆς
535 4219 832 4297 βασιλείας,
885 4220 1029 4277 ἀλλὰ
1076 4223 1163 4277 καὶ
1210 4224 1306 4291 τήν
1347 4224 1620 4298 βασιλείαν
1649 4223 1798 4286 αὖθις
1831 4221 2030 4278 Ἰνδῶν·

393 4309 466 4370 ὡς
495 4310 556 4364 τὸ
592 4309 977 4385 μεγαλόψυχον
1009 4312 1120 4384 (47)
1170 4311 1269 4366 οὐκ
1319 4309 1504 4374 ἄλλως
1555 4314 1589 4380 ἢ
1622 4311 1795 4375 οὕτως
1841 4311 2036 4367 ἐπιδει-

392 4397 639 4470 ξόμενος,
689 4401 734 4470 ᾧ
781 4402 1112 4474 κρατηθῆναι
1163 4403 1274 4474 (48)
1329 4407 1515 4476 χεῖρον
1572 4401 1816 4474 ἐνόμιζεν
1880 4400 2034 4456 Ἀλέ-

393 4485 613 4562 ξανδρος
644 4485 716 4543 ὢν
763 4489 798 4558 ἢ
842 4494 958 4552 τοῖς
1009 4488 1226 4551 ὅπλοις·
1275 4494 1372 4544 τοῦ
1423 4488 1498 4559 δὲ,
1553 4491 1596 4546 εἰ
1637 4491 1798 4546 κακόν
1851 4486 2034 4564 λάϐοι,

393 4577 756 4651 χειρώσασθαι
806 4576 969 4632 πάλιν
1027 4577 1110 4633 ἐπ’
1165 4577 1310 4650 αὐτῷ
1366 4581 1757 4655 τυγχάνοντος.
1813 4581 1911 4634 Καὶ
1966 4582 2031 4650 ἦν

393 4663 542 4737 αὐτῷ
571 4667 604 4735 ἡ
637 4667 915 4742 περιουσία
938 4672 1034 4722 τοῦ
1067 4667 1280 4744 θαρρεῖν
1311 4667 1370 4722 τὸ
1398 4667 1796 4747 φιλάνθρωπον.

1775 4796 1852 4827 ι.-

455 4934 582 4990 ΜΒ’.
646 4933 830 4988 Καίτοι
885 4935 936 4988 τί
989 4940 1150 4991 τοῦτο
1207 4935 1595 5009 ἀγωνίζομαι,
1659 4933 1862 5014 σφόδρα
1917 4936 2025 4992 ἐνὸν

378 5027 594 5096 κρατεῖν
631 5023 720 5077 καὶ
770 5024 1076 5096 ἡττημένον
1113 5042 1125 5092 ;
1160 5024 1224 5080 El.
1271 5024 1371 5100 γὰρ
1421 5025 1449 5078 6
1501 5024 1784 5088 πιστεύσας
1842 5026 2027 5096 κακὸς,

414 5221 563 5344 ἑ(42)
615 5221 763 5275 Ἐπεὶ
835 5219 911 5280 δέ.
975 5223 1058 5280 Ita
1114 5223 1376 5297 plerique
1449 5225 1614 5281 codd.
1677 5226 1778 5280 Ed.
1841 5222 2026 5293 ἐπειδὴ

475 5363 566 5430 43)
597 5360 915 5433 Διεξελθεῖν.
951 5367 1092 5421 Tres
1123 5365 1284 5421 Colb.
1321 5363 1574 5422 διελθεῖν.

477 5435 563 5510 id)
593 5436 678 5510 Μῄ
712 5433 797 5490 τά.
831 5438 1082 5510 Combef.
1117 5437 1256 5510 legit
1289 5435 1427 5510 μηδέ
1458 5437 1540 5492 τά.

414 5505 564 5588 ’(45)
597 5505 1049 5588 Ειῖεργετηκόσιν.
1099 5505 1236 5582 Reg.
1272 5505 1312 5576 l',
1354 5505 1449 5566 ΟΡ.
1502 5513 1552 5578 1,
1604 5510 1861 5566 Combef.
1917 5515 2024 5566 etc.

376 5577 823 5650 εὐηργετηκόσίν.

450 5649 694 5774 "HV
747 5649 1056 5721 ἐπιστεύθη.
1103 5656 1242 5725 Reg.
1298 5654 1418 5723 bm,
1472 5651 1633 5710 COIb.
1686 5653 1743 5721 b,
1795 5655 1858 5721 ἧς
1911 5651 2026 5707 ἐπι-

379 5737 597 5794 στευυη.

379 5287 408 5345 δ

2215 3782 2352 3838 XLI.
2386 3783 2469 3836 Ad
2531 3781 2669 3848 hmo,
2717 3785 2802 3851 ut,
2834 3782 2989 3851 quod
3043 3779 3283 3851 majoris
3338 3777 3622 3834 momenti
3679 3780 3790 3845 est,

2146 3871 2360 3935 dicam,
2391 3888 2502 3926 non
2538 3876 2655 3924 tam
2687 3870 2857 3924 istius
2885 3870 2996 3924 {ide
3018 3885 3194 3938 quam
3218 3868 3341 3922 suis
3363 3867 3570 3938 opibus
3600 3870 3656 3922 et
3685 3883 3786 3937 po-

2144 3960 2326 4014 tentia
2375 3960 2707 4015 nitebatur:
2741 3958 2955 4028 quibus
2985 3957 3183 4023 stiam,
3237 3961 3301 4011 ut
3347 3956 3572 4028 opinor,
3606 3957 3789 4011 fretus

2146 4063 2397 4119 magnus
2430 4047 2524 4101 ille
2553 4047 2891 4112 Alexander,
2914 4046 3062 4100 victo
3089 4045 3232 4100 Poro
3266 4061 3380 4099 non
3414 4045 3586 4099 modo
3610 4044 3788 4099 vitam

2147 4137 2325 4203 dedit,
2352 4137 2522 4205 idque
2553 4153 2686 4189 cum
2719 4136 2788 4190 de
2819 4134 3063 4206 imperio
3093 4135 3236 4188 adeo
3267 4137 3502 4188 strenue
3524 4133 3792 4190 dimicas-

2148 4232 2254 4292 set,
2307 4226 2406 4281 sed
2466 4225 2736 4280 Indorum
2794 4224 2968 4279 etiam
3026 4239 3272 4294 regnum
3333 4223 3444 4293 ipsi
3493 4223 3787 4280 restituit:

2147 4316 2386 4388 perinde
2409 4318 2582 4384 atque
2615 4330 2727 4368 non
2755 4312 2866 4368 alia
2893 4313 3115 4367 ratione
3138 4311 3643 4384 magnanimitatis
3665 4329 3791 4383 spe-

2147 4405 2332 4460 cimen
2384 4404 2668 4471 editurus,
2705 4420 2821 4474 qua
2869 4401 3042 4470 vinci,
3075 4417 3209 4456 cum
3259 4400 3584 4456 Alexander
3613 4405 3786 4467 esset,

2145 4493 2378 4564 turpius
2414 4491 2805 4560 existimabat,
2840 4508 3016 4561 quam
3065 4491 3246 4546 armis
3295 4490 3558 4561 superari
3595 4506 3608 4544 :
3644 4507 3792 4561 prae-

2145 4583 2344 4639 sertim
2379 4598 2505 4636 cum
2542 4581 2597 4634 in
2633 4596 2738 4635 sua
2772 4585 3060 4652 potestate
3091 4585 3265 4643 esset,
3298 4595 3454 4646 eum,
3487 4580 3532 4634 si
3566 4579 3788 4635 malum

2144 4670 2527 4741 beneficiique
2565 4669 2966 4724 immemorem
3009 4668 3374 4740 comperiret,
3410 4685 3642 4724 rursum
3677 4670 3786 4725 sub

2145 4759 2382 4815 ditionis
2413 4775 2530 4814 sua:
2555 4760 2765 4830 jugum
2801 4759 3047 4814 mittere.
3082 4759 3167 4813 Ita
3202 4759 3534 4829 benignitas
3564 4758 3682 4813 hmo
3712 4759 3784 4814 ab

2063 4854 2110 4917 Β
2142 4848 2362 4920 ingenti
2395 4849 2648 4919 quadam
2680 4847 2858 4903 animi
2893 4847 3254 4919 praeﬁdentia
3284 4847 3579 4903 manabat.

2212 4937 2375 4993 XLII.
2413 4938 2519 4992 Sed
2556 4937 2694 5008 quid
2728 4937 2784 4990 in
2818 4936 2925 4990 hac
2957 4953 3016 4991 re
3047 4941 3348 5007 tantopere
3378 4935 3576 4993 laboro
3608 4939 3785 5008 atque

2142 5028 2448 5095 contendo,
2484 5043 2617 5082 cum
2650 5026 2795 5081 mihi
2829 5042 3063 5081 causam
3101 5025 3268 5080 facile
3299 5025 3561 5081 obtinere
3591 5025 3782 5096 liceat,

2212 5228 2322 5300 (47)
2353 5221 2774 5300 Μεγαλόψυχον.
2807 5226 2957 5300 Edit.
2992 5229 3049 5280 et
3081 5241 3223 5279 mss.
3261 5223 3527 5300 non-nulli
3563 5225 3788 5281 addunt

2142 5295 2254 5368 μὲν.
2290 5295 2396 5352 Sed
2431 5295 2601 5353 deest
2625 5295 2695 5351 in'
2717 5297 2971 5352 melioris
2998 5302 3145 5352 nota:
3177 5296 3497 5350 codicibus.

2210 5371 2322 5439 (/18)
2353 5369 2418 5441 ᾪ
2448 5369 2812 5441 κρατηθῆναι.
2841 5370 2918 5422 Ad
2950 5369 3070 5422 haec
3108 5369 3280 5422 verba
3314 5369 3450 5441 Reg.
3485 5384 3542 5441 u,
3577 5366 3782 5441 appjnf

2138 5435 2223 5514 git
2274 5435 2492 5510 ξἀύτιξί
2536 5439 2931 5514 μεγαλοψύχῳ·
2967 5447 3228 5514 κρατῆσαι
3273 5438 3375 5512 γὰρ
3400 5435 3631 5508 ’τούτῳξ
3654 5435 3782 5492 ἄλλ’

2139 5508 2198 5584 ού
2243 5508 2572 5583 κρατηθῆναι
2607 5508 2934 5565 ἐϐούλετ’ὁξα
2973 5508 3101 5584 Ipsa
3134 5508 3634 5584 magnanimitate,
3668 5527 3784 5582 qua

2136 5583 2387 5658 yincere
2413 5585 2598 5658 magis
2630 5602 2804 5658 quam
2860 5583 3009 5640 vinci
3060 5583 3360 5640 volebat.»
3395 5584 3534 5640 Rem
3587 5588 3783 5640 narrat

2140 5653 2432 5712 Plutarch.
2472 5653 2538 5712 ἱιῖ
2565 5653 2696 5712 Vita
2729 5659 2880 5713 Alex.
