4148 6290
327 341 446 404 867

1576 345 1640 403 S.
1690 343 1788 402 GR
1801 341 2062 404 ΕΘΟΙίιί
2106 345 2207 404 ΤΗ
2221 344 2498 406 EOLOGl

3623 341 3744 401 568

335 474 514 533 etiam
547 472 859 547 superato?
888 472 1116 530 Etenim
1147 471 1195 529 si
1226 471 1277 530 is
1311 471 1502 530 malus
1532 477 1642 542 est,
1671 474 1771 546 qui
1805 473 1979 530 credi-

2100 471 2149 529 τί
2179 475 2300 528 ποτ’
2352 475 2410 529 ἄν
2459 471 2540 544 εἷίη
2591 478 2715 550 παρ’
2751 472 2951 528 ἐκεῖνον
3000 471 3027 528 ὁ
3075 470 3377 538 πιστευθείς
3410 491 3423 542 ;
3459 469 3559 528 Καὶ
3609 470 3743 528 εἰτὸ

327 565 436 633 dit,
466 564 606 638 quid
640 564 874 619 tandem
906 581 1020 635 prae
1062 579 1128 618 eo
1173 562 1290 634 ille,
1323 563 1418 620 cui
1449 563 1594 620 ﬁdes
1623 563 1825 620 habita
1853 563 1986 620 est?

329 654 420 720 Et,
456 654 505 708 si
540 669 731 709 mores
767 651 926 707 illius
958 669 1072 708 non
1107 653 1463 724 praevidisse,
1497 654 1554 708 in
1605 653 1849 708 crimine
1881 671 1984 724 po-

331 743 591 799 nendum
626 747 734 807 est,
768 741 973 796 vitium
1005 742 1200 813 ipsum
1251 742 1349 796 ubi
1401 743 1635 798 tandem
1671 741 1986 797 collocabi-

331 831 509 887 mus?
555 831 666 886 Sed
721 830 977 903 profecto
1031 847 1123 886 res
1174 831 1441 903 quaedam
1501 831 1986 887 considerationis

329 937 540 993 expers
570 924 658 976 est
706 920 1053 992 improbitas
1089 936 1101 975 :
1136 936 1241 976 nec
1275 920 1394 976 ulla
1424 921 1570 975 ratio
1603 921 1737 975 iniri
1776 925 1985 992 potest,

331 1027 450 1083 qua
481 1009 748 1065 homines
799 1026 1052 1081 nequam
1084 1013 1141 1065 et
1168 1009 1466 1080 improbos
1497 1009 1811 1082 quisquam
1864 1026 1984 1064 me-

328 1099 505 1156 liores
555 1098 791 1154 efficiat.
826 1098 1049 1170 Quippe
1079 1115 1212 1153 cum
1264 1099 1394 1164 iste,
1428 1098 1640 1170 quibus
1689 1115 1757 1153 ex
1811 1098 1987 1153 rebus

331 1189 618 1259 majorem
655 1187 1116 1244 benevolentiam
1159 1189 1482 1259 concipere,
1513 1204 1578 1243 ac
1610 1187 1658 1242 si
1693 1203 1838 1259 quos
1869 1187 1984 1241 im-

2099 565 2174 635 μὴ
2225 561 2535 639 προϊδέσθαι
2581 565 2670 617 τὸν
2728 562 2928 638 τρόπον
2991 561 3259 634 ὑπαίτιον,
3315 561 3480 632 αὐτήν
3534 583 3594 637 γε
3641 564 3740 632 τὴν

2092 651 2280 706 κακίαν
2314 657 2418 707 ποῦ
2457 655 2692 725 θήσομεν
2731 670 2745 720 ;
2781 650 2937 706 Ἀλλ’
2987 647 3157 713 ὄντως
3199 650 3596 724 ἀσυλλόγιστόν
3631 653 3742 724 (49)

2092 762 2143 795 τι
2177 747 2400 817 πρᾶγμα
2429 744 2462 811 ἡ
2514 741 2766 815 πονηρία’
2819 740 2908 794 καὶ
2957 741 3054 795 οὐκ
3104 740 3244 795 ἔστιν
3279 739 3476 812 ᾦτοῦς
3529 743 3742 815 μοχθη-

2097 832 2221 906 ροὺς
2254 832 2312 884 ἄν
2343 853 2424 892 τις
2461 829 2711 905 βελτίους
2759 831 3057 900 ποιήσειεψ
3094 827 3256 883 ὁπότε
3303 829 3546 889 κάκεῖνος
3585 828 3635 899 ἐξ
3669 831 3741 883 ὧν

2095 918 2436 993 εὐνούστερος
2468 925 2697 996 φανῆναι
2751 915 2957 979 δίκαιος
2990 921 3106 991 (50)
3138 921 3222 987 ἦν,
3255 917 3343 971 καὶ
3391 914 3444 970 εἷ’
3466 937 3515 970 τι
3556 917 3744 980 κακίας

2095 1007 2238 1082 εἶχεν
2291 1005 2613 1080 ἐμπ·3ρευμα
2657 1008 2804 1062 τοῦτ’
2861 1006 3090 1074 ἀνελεῖν,
3143 1005 3200 1060 ἐκ
3245 1005 3451 1060 τούτων
3506 1009 3619 1076 (51)
3669 1007 3744 1069 εἰς

2099 1099 2282 1167 μεῖζον
2318 1094 2527 1171 ἐνήφοη
2567 1100 2747 1167 μῖσος,
2780 1094 2868 1148 καὶ
2901 1093 3052 1156 ὅπως
3104 1092 3161 1148 ἃν
3207 1093 3478 1168 ἀμύνηται
3509 1096 3622 1168 (52)
3653 1097 3743 1150 τὸν

2096 1181 2380 1259 εὐεργέτην
2415 1182 2653 1240 ἐσκόπει.

326 1275 637 1350 probitatis
667 1275 956 1348 igniculos
1005 1275 1276 1342 habebat,
1310 1292 1407 1331 eos
1439 1276 1808 1347 exstinguere
1842 1275 2114 1347 debebat,
2147 1291 2216 1330 ex
2247 1274 2336 1330 his
2367 1275 2438 1330 ad
2471 1275 2663 1346 majus
2709 1274 2909 1330 odium
2957 1274 3233 1329 incensus
3283 1273 3382 1341 sit,
3412 1271 3585 1346 idque
3615 1291 3746 1347 spe-

329 1366 522 1436 ctarit,
557 1369 622 1421 ut
649 1366 798 1422 bene
829 1365 900 1421 de
930 1381 992 1420 se
1021 1364 1298 1420 meritum
1330 1363 1728 1421 ulcisceretur.

399 1455 587 1512 XLIII.
629 1455 760 1510 Haec
819 1456 1014 1526 ipsum
1070 1453 1364 1523 Platones,
1424 1459 1480 1510 et
1535 1454 1864 1527 Chrysippi,
1929 1457 1987 1508 et

324 1545 519 1600 clarus
569 1544 897 1616 Peripatus,
932 1548 989 1600 et
1035 1544 1364 1600 veneranda
1393 1544 1550 1611 Stoa,
1585 1548 1642 1599 et
1691 1544 1837 1599 scita
1884 1541 1987 1598 illa

322 1636 574 1690 venusta
605 1649 818 1689 sonoro
841 1637 1078 1705 gutture
1109 1632 1421 1688 fundentes
1453 1633 1829 1688 edocuerunt.
1859 1633 1985 1687 llaec

326 1722 662 1796 geometriae
695 1721 998 1792 aequalitas
1026 1725 1083 1776 et
1108 1721 1178 1776 de
1201 1720 1437 1791 justitia
1468 1737 1788 1789 sermones,
1818 1719 1988 1776 illud-

326 1827 462 1882 que,
523 1809 859 1882 eligendum
917 1810 1110 1882 potius
1171 1826 1299 1866 esse
1364 1809 1644 1881 injuriam
1703 1810 1982 1882 accipere,

2167 1453 2292 1508 Ml".
2327 1454 2504 1506 Ταῦτα
2551 1450 2837 1512 Πλάτωνες
2886 1449 3068 1522 αὐτὸν,
3115 1449 3204 1504 καὶ
3251 1448 3561 1526 Χρνόσιπποι
3588 1495 3602 1522 ,
3658 1452 3748 1506 καὶ

2097 1539 2125 1594 ὀ
2158 1537 2414 1615 λαμπρὸς
2447 1539 2751 1616 Περίπατος
2781 1542 2895 1613 (53)
2923 1539 3011 1594 καὶ
3042 1541 3076 1609 ἡ
3116 1540 3286 1612 σεμνή
3322 1540 3464 1593 Στοὰ
3494 1542 3628 1614 (54),
3659 1541 3748 1596 καὶ

2096 1629 2151 1682 oi
2209 1630 2274 1682 τὰ
2329 1630 2518 1702 κομψά
2567 1627 2979 1704 λαρυγγίζοντες
3040 1625 3408 1698 ἐξεπαίδευσαν
3437 1647 3449 1659 ·
3500 1633 3666 1683 ταῦτα
3709 1631 3744 1699 ἠ

2093 1725 2192 1788 τῆς
2222 1717 2561 1794 γεωμετρίας
2613 1716 2821 1787 ἰσότης,
2853 1719 2944 1771 καὶ
2984 1717 3036 1771 oi
3083 1716 3207 1792 περὶ
3260 1713 3601 1787 δικαιοσῦνης
3651 1717 3745 1773 λό-

2094 1829 2205 1882 γοι,
2238 1805 2324 1862 καί
2356 1806 2418 1861 τὸ
2468 1809 2669 1882 χρῆναι
2721 1803 3017 1869 ἀδικεῖσθαι
3069 1807 3182 1878 (55)
3234 1803 3446 1878 μᾶλλον
3479 1805 3742 1881 αἱρεῖσθαι

331 1915 510 1972 quam
568 1898 801 1954 inferre.
855 1899 986 1955 Haec
1044 1898 1261 1971 egregii
1322 1899 1609 1970 magistri,
1643 1903 1698 1954 et
1755 1898 1979 1970 imperii

2100 1894 2375 1966 ἣᾶδικεῖν·
2409 1901 2574 1950 ταῦτα
2623 1896 2673 1950 oi
2723 1901 2960 1970 γενναῖοι
3011 1892 3346 1960 διδάσκαλοι,
3389 1894 3607 1965 καὶτῆς
3645 1897 3743 1971 βα-

330 1987 667 2044 defensores
699 1992 755 2043 et
779 1986 1166 2060 legislatores,
1197 2005 1346 2059 quos
1395 2006 1464 2044 ex
1512 1987 1695 2044 triviis
1727 1992 1780 2042 et
1812 1988 1980 2043 bara-

331 2076 484 2133 thris
517 2077 628 2133 sibi
659 2075 999 2149 collegerat;
1051 2093 1303 2148 quorum
1335 2094 1450 2131 non
1481 2076 1661 2132 vitam
1693 2093 1758 2131 ac
1791 2092 1980 2130 mores

333 2164 694 2234 laudaverat,
728 2165 830 2220 sed
863 2165 1198 2220 facundiam
1230 2170 1606 2237 suspexerat:
1636 2181 1699 2220 ac
1733 2181 1801 2220 ne
1832 2165 1981 2219 hanc

335 2255 575 2327 quidem
606 2253 876 2322 fortasse,
901 2255 1002 2310 sed
1035 2253 1395 2326 impietatem
1419 2253 1625 2324 solam,
1650 2258 1713 2308 ut
1744 2258 1835 2308 sat
1865 2253 1984 2308 ido-

335 2360 509 2400 neam
541 2345 636 2400 οἵ
674 2341 1091 2411 consiliariam,
1126 2359 1440 2415 rerumque
1472 2343 1860 2415 gerendarum
1894 2341 1983 2398 vel

341 2433 800 2490 omittendarum
832 2432 1199 2503 magistram.

408 2521 594 2577 XLIV.
628 2521 840 2584 Quidni
874 2527 1067 2576 autem
1115 2521 1222 2575 hos
1273 2519 1550 2576 ad'mirari
1587 2537 1692 2592 par
1739 2525 1848 2589 est,
1882 2521 1983 2591 qui

333 2610 599 2666 civitates
649 2609 858 2676 etiam,
907 2625 1033 2679 quas
1081 2609 1273 2680 reipsa
1320 2608 1635 2664 consistere
1683 2625 1798 2664 non
1848 2626 1981 2681 pos-

337 2703 495 2766 sunt,
529 2713 798 2753 sermone
829 2697 1082 2769 ﬁngunt,
1114 2697 1331 2769 quique
1360 2696 1700 2769 splendidas
1729 2700 1984 2770 tyranni-

335 2787 442 2843 des
473 2787 644 2842 modo
676 2803 790 2842 non
831 2787 1100 2856 adorant,
1134 2791 1190 2841 et
1219 2803 1353 2841 cum
1402 2787 1655 2858 superba
1703 2787 1983 2858 gravitate

333 2879 514 2949 supra
544 2877 683 2932 deos
704 2875 941 2931 obolum
975 2876 1254 2944 efferunt;
1283 2892 1532 2948 quorum
1555 2875 1677 2946 alii,
1701 2892 1771 2932 ne
1799 2877 1980 2931 Deum

330 2965 572 3038 quidem
605 2965 845 3021 omnino
875 2981 1022 3036 esse,
1058 2964 1154 3019 alii
1188 2982 1382 3020 rerum
1413 2964 1807 3020 humanarum
1842 2983 1983 3022 cura

335 3070 447 3109 non
488 3054 671 3126 tangi,
704 3055 805 3109 sed
847 3058 1063 3109 temere
1093 3058 1149 3108 et
1178 3053 1418 3108 fortuito
1451 3053 1647 3108 omnia
1679 3054 1810 3109 ferri
1842 3071 1980 3112 cen-

331 3147 492 3210 sent;
528 3143 625 3198 alii
671 3147 864 3198 autem
912 3142 1204 3198 sideribus
1255 3142 1388 3198 duci
1438 3144 1899 3216 necessariisque
1927 3149 1981 3200 et

2091 1986 2296 2048 σιλείας
2372 1985 2758 2061 συναγωνισταί
2835 2007 2894 2040 τε
2968 1986 3056 2040 καὶ
3131 1984 3470 2058 νομοθέται,
3531 1985 3629 2048 οὓς
3687 1985 3746 2041 ἐκ

2088 2080 2194 2129 τῶν
2237 2077 2342 2148 (56)
2391 2074 2623 2150 τριόδων
2674 2073 2764 2128 καὶ
2811 2080 2918 2128 τῶν
2975 2074 3257 2150 βαράθρων
3309 2073 3481 2146 ἐαυτῷ
3533 2073 3746 2131 συνελὲ-

2092 2165 2240 2234 εατοο
2271 2165 2344 2218 ὧν
2395 2164 2459 2217 οὐ
2509 2164 2599 2218 τὸν
2648 2163 2848 2238 τρόπον
2885 2162 3158 2237 ἐπῄνεσεν,
3193 2160 3338 2217 ἀλλὰ
3365 2183 3464 2231 την
3505 2163 3742 2239 εὐγλωτ-

2089 2252 2202 2307 τὶαν
2236 2252 2520 2325 ἐθαύμασε·
2570 2251 2659 2306 καὶ
2705 2249 2829 2306 οὐδὲ
2873 2252 3073 2322 ταύτην
3126 2249 3278 2323 ἴσως,
3311 2249 3457 2306 ἀλλὰ
3501 2248 3742 2309 ἀσέϐειαν

2095 2341 2288 2415 μόνην,
2332 2342 2406 2404 ὡς
2448 2335 2761 2414 σύμϐουλον
2802 2341 2989 2410 ἱκανὴν
3029 2340 3119 2396 καὶ
3163 2345 3270 2395 τῶν
3322 2339 3602 2415 πρακτέων
3656 2345 3746 2399 καὶ

2096 2433 2196 2504 μή,
2231 2427 2556 2485 διδάσκαλον
2587 2432 2721 2503 (57).

2164 2521 2293 2576 ΜΔ’,
2348 2524 2470 2581 Πῶς
2517 2516 2574 2573 δὲ
2624 2518 2685 2573 οὐ
2734 2517 3023 2592 θαυμάζειν
3087 2518 3230 2589 ἄξιον
3274 2540 3524 2592 τουτους,
3559 2520 3610 2576 οἳ
3657 2523 3746 2576 καὶ

2093 2606 2245 2685 λόγῳ
2293 2605 2592 2662 πλάττουσι
2635 2607 2847 2673 πόλεις,
2897 2608 2987 2670 τὰς
3037 2603 3184 2683 ἔργῳ
3234 2617 3488 2679 συστῆναι
3544 2611 3617 2684 μὴ
3653 2607 3744 2662 δυ-

2089 2696 2343 2770 ναμένας,
2405 2697 2494 2750 καὶ
2552 2697 2648 2758 τὰς
2713 2697 2910 2768 σεμνὰς
2966 2694 3282 2772 τυραννίδας
3506 2695 3741 2770 μονονοὺ

2090 2789 2471 2861 προσκυνοῦσι,
2521 2787 2609 2839 καὶ
2658 2786 2748 2839 τὸν
2803 2780 3001 2840 ὀϐολὸν
3039 2786 3170 2861 ὑπὲρ
3201 2785 3325 2847 τοὺς
3367 2786 3518 2847 θεοὺς
3552 2783 3736 2860 ἄγουσι

2095 2875 2228 2948 μετὰ
2255 2882 2353 2944 τῆς
2402 2873 2604 2950 ὀφρύος
2629 2876 2759 2948 (59)
2811 2874 2899 2928 καὶ
2952 2875 3004 2928 oi
3061 2875 3152 2946 μὲν
3189 2872 3314 2929 οὐδὲ
3347 2875 3475 2928 εἶναι
3517 2874 3643 2928 Θεὸν
3675 2874 3738 2928 τὸ

2089 2965 2361 3040 παράπαν,
2391 2965 2443 3017 οἱ
2494 2961 2550 3017 δὲ
2592 2965 2697 3034 (60)
2744 2962 2804 3016 οὐ
2849 2969 3101 3038 προνοεῖν
3145 2967 3252 3017 τῶν
3299 2960 3432 3037 τῇδε
3481 2961 3742 3039 δογματί-

2093 3059 2293 3125 ζουττιν⁹
2328 3050 2454 3108 ἀλλ’
2484 3051 2600 3121 εἰκῆ
2653 3051 2740 3106 καὶ
2790 3051 2862 3113 ὡς
2907 3048 3070 3128 ἔτυχε
3117 3051 3176 3106 τὸ
3231 3058 3332 3106 πᾶν
3386 3053 3657 3128 φέρεσθαι,
3690 3053 3740 3107 oi

2092 3140 2149 3197 δὲ
2179 3143 2430 3218 ἀστράσιν
2478 3139 2698 3215 ἄγεσθαι
2749 3138 2837 3194 καὶ
2885 3146 3299 3215 σχηματισμοῖς
3331 3141 3574 3216 ἀνάγκης
3605 3143 3740 3216 (61),

322 3229 606 3286 fatalibus
641 3230 866 3302 ﬁguris,
902 3231 1054 3286 haud
1110 3231 1229 3287 scio
1272 3232 1428 3286 unde
1459 3236 1514 3286 et
1545 3249 1577 3286 a
1607 3249 1722 3304 quo
1754 3233 1976 3289 ductis:

2100 3231 2192 3286 οὐκ
2223 3228 2323 3285 οἶδ’
2356 3231 2458 3284 ὑπὸ
2487 3229 2632 3291 τίνος
2665 3229 2953 3305 ἀγομένοις
3002 3234 3092 3283 καὶ
3141 3227 3280 3292 ὅθεν·
3316 3229 3366 3284 οἱ
3399 3227 3457 3284 δὲ
3502 3230 3577 3292 εἷς
3609 3228 3741 3300 ἠδο-

326 3319 426 3376 alii
481 3335 616 3374 vero
665 3319 863 3374 omnia
907 3319 1266 3392 voluptatem
1319 3325 1607 3392 appetere,
1641 3322 1813 3391 idque
1852 3323 1980 3377 vitm

325 3409 602 3464 humana!
629 3407 802 3463 fidem
827 3408 1226 3463 arbitrantur?
1249 3408 1448 3464 Virtus
1480 3425 1650 3481 porro
1680 3410 1824 3481 ipsis
1857 3429 1980 3483 spe-

327 3498 552 3554 ciosum
588 3498 873 3552 duntaxat
903 3514 1116 3552 nomen
1152 3502 1259 3564 est,
1295 3515 1398 3552 nec
1431 3496 1585 3552 ultra
1617 3498 1768 3554 hanc
1799 3500 1976 3557 vitam

328 3585 782 3660 porrigitur,nee
805 3583 926 3640 ulla
958 3589 1157 3657 postea
1191 3603 1385 3642 rerum
1419 3587 1476 3640 in
1511 3585 1620 3642 hac
1644 3587 1765 3643 vita
1787 3595 1978 3660 gesta-

397 3753 512 3825 (49)
569 3749 1180 3826 ’Δσυλγλόγιστονμθια
1248 3774 1274 3807 α
1325 3753 1658 3826 Gregorius,
1721 3777 1748 3802 ››
1775 3755 1972 3825 juxta-

325 3823 534 3907 Eliarn,
568 3848 596 3875 ‹‹
630 3825 776 3908 dixit
806 3823 1238 3908 improbitatem
1275 3841 1403 3908 esse
1439 3823 1857 3908 δισυλλᾴγιστὸν,
1889 3827 1976 3908 vel

324 3897 462 3969 quia
485 3913 600 3952 non
625 3897 792 3969 facile
815 3897 1198 3952 animadverti
1227 3913 1294 3952 ac
1316 3897 1671 3968 deprehendi
1706 3897 1974 3969 potest...

325 3968 411 4022 vel
444 3970 584 4039 quia
617 3967 1163 4041 ratiocinandonon
1207 3967 1543 4041 assequitur
1574 3970 1630 4024 id
1663 3967 1818 4040 quod
1844 3972 1979 4041 jus-

325 4043 454 4094 tum
511 4044 670 4113 est.»
705 4039 798 4113 _E_x_
828 4039 1159 4113 Phocylidis
1206 4039 1440 4112 scriptis
1499 4039 1810 4113 desumpta
1847 4039 1979 4098 haec

337 4110 656 4177 sententia;
689 4110 830 4164 dicit
858 4110 1010 4177 enim
1049 4128 1062 4165 :

677 4175 1100 4254 Ἀσυλλόγιστόν
1135 4179 1275 4234 ἐστιν
1308 4183 1343 4249 ἡ
1373 4182 1630 4254 πονηρία,

325 4272 356 4302 «
402 4249 838 4308 inconsiderata
895 4249 985 4307 est
1040 4254 1410 4324 improbitas,
1450 4249 1583 4307 »id
1618 4249 1743 4319 est,
1795 4277 1819 4303 α
1877 4271 1981 4308 nec

325 4323 440 4394 jus,
461 4339 570 4395 nec
600 4339 832 4395 aequum
855 4323 1144 4395 perspicit
1172 4325 1259 4378 vir
1289 4325 1618 4395 improbus.
1649 4349 1668 4372 η
1701 4329 1816 4380 Hac
1851 4342 1982 4380 sen-

328 4393 539 4466 tentia,
570 4393 753 4466 utitur
800 4393 1128 4466 Theologus
1178 4396 1255 4466 ad
1315 4393 1769 4466 signiﬁcandum
1824 4398 1977 4466 quod

330 4465 493 4537 prius
525 4465 784 4539 insinuat
827 4464 1096 4539 Elias_;fid
1133 4464 1411 4522 nimirum
1459 4467 1780 4539 impietatis
1829 4464 1978 4534 esse,

333 4535 398 4591 ut
427 4535 1102 4610 ratiocinationesifallat‘
1118 4553 1352 4610 omnes,
1389 4535 1650 4610 nihilque
1679 4540 1750 4594 ab
1783 4555 1846 4594 ea
1879 4557 1979 4593 ex-

333 4609 741 4690 spectandum,
777 4609 930 4690 quod
962 4609 1020 4662 in
1053 4591 1974 4690 aliisnecessariojconsequitur.
2012 4591 2055 4652 Ῑ)

385 4680 496 4751 nde
545 4678 691 4734 nihil
735 4678 944 4735 mirum
979 4681 1408 4751 exspectatione
1465 4700 1572 4738 sua
1627 4678 1974 4739 frustratum

330 4749 512 4807 fuisse
542 4753 968 4807 Constantium.

420 4824 506 4894 50)
540 4821 777 4894 Δίκαιοςἶ
817 4823 952 4894 Reg.
989 4821 1025 4889 Ι,
1061 4819 1287 4878 δίκαιον.

417 4891 506 4965 51)
543 4893 633 4950 Ἐκ
685 4891 927 4948 τούτωνῖ
965 4894 1232 4962 Savilius,
1285 4895 1312 4948 ὁ
1363 4891 1408 4949 δ’
1457 4895 1514 4948 ἐκ
1569 4894 1800 4959 τούτων,
1851 4912 1975 4965 qua)

323 4965 521 5040 priora
545 4965 727 5040 verba
758 4967 1326 5040 censetretinenda,
1355 4967 1620 5040 quamvis
1669 4965 1864 5021 desint
1917 4967 1974 5020 in

325 5035 592 5092 melioris
624 5045 770 5091 notae
802 5039 1128 5094 codicibus.

388 5109 503 5180 (52)
533 5107 850 5178 Ἀμ·5νηται.
895 5111 1070 5180 Ilegg.
1107 5128 1159 5177 a,
1194 5110 1250 5178 b,
1283 5114 1393 5165 etc.
1428 5107 1714 5179 ἀμύναιτο.

390 5118 481 5177 (52
533 5118 850 5178 Ἀμ·)νηται.
897 5118 1070 5180 ttegg.
1107 5128 1159 5177 a,
1194 5118 1250 5178 ι),
1283 5118 1393 5165 etc.
1428 5118 1714 5179 ἀμύναιτο.

390 5118 794 5254 (53),Λαμπρὸς
843 5182 1162 5254 Ιιερίπατοςμ.
1199 5181 1290 5235 Sic
1321 5181 1577 5251 quinque
1610 5180 1788 5251 Regg.
1833 5178 1967 5234 alii-

319 5267 433 5321 que
464 5250 784 5324 plures.ln
816 5250 954 5324 edit.
990 5251 1201 5324 σεμνός,

321 5391 332 5402 .
390 5321 487 5447 (ὓέ
535 5324 717 5395 Σεμνὴ
749 5322 912 5377 Στοά.
949 5325 1034 5380 Ita
1056 5321 1328 5396 plerique
1375 5323 1544 5377 codd.
1596 5321 1768 5377 Deest
1800 5331 1968 5393 σεμνή

321 5409 378 5446 ιιι
411 5410 441 5446 e
491 5437 504 5447 .

320 5409 378 5446 ιιι
411 5409 504 5449 θα.

391 5463 506 5534 (55)
536 5467 738 5536 Χρῆναι
788 5461 1108 5533 ἀδικεῖσθαι,
1141 5468 1253 5536 etc.
1291 5486 1317 5513 «
1353 5463 1767 5536 Eligendum...
1822 5464 1970 5536 inju-

322 5533 492 5604 riam’
529 5533 665 5604 pati.
721 5561 748 5584 υ
809 5536 1014 5591 Billius
1074 5554 1156 5592 ;‹‹
1218 5533 1618 5604 Optandum...
1689 5533 1966 5604 injuriam

321 5603 492 5678 ferre:
523 5602 761 5678 §i_Paulo
793 5607 960 5663 aliter
989 5607 1150 5678 Plato
1183 5607 1240 5662 in
1263 5602 1388 5678 line
1419 5609 1631 5678 Gorgz‘w
1661 5626 1677 5660 :
1710 5602 1970 5674 Εῖόλαϐη-

318 5672 438 5727 τὲον
469 5671 578 5728 ἐστὶ
607 5677 670 5733 τὸ
701 5674 901 5732 ἀδικεῖν
938 5675 1149 5751 μᾶλλον
1184 5678 1216 5748 ἧ
1250 5671 1563 5755 ἀδικιῖσθρῖ·
1599 5700 1619 5730 ι
1655 5680 1840 5752 Magis
1872 5671 1964 5734 ca-

266 5885 332 5927 ιτ

2089 3321 2186 3389 νὴν
2217 3320 2280 3374 τὸ
2328 3325 2430 3373 πᾶν
2466 3319 2642 3396 φέρειν
2695 3320 2829 3391 (62),
2859 3317 2949 3372 καὶ
2996 3323 3157 3372 τοῦτο
3210 3318 3342 3372 εῖναι
3395 3319 3562 3394 πέρας
3596 3324 3740 3388 ζωῆς

2090 3408 2432 3485 ἀνθρωπίνης
2509 3402 3039 3480 ὑπο)ιαμ6ἀνουσιν;
3096 3413 3155 3460 Ἡ
3215 3407 3378 3484 ἀρετὴ
3440 3405 3495 3463 δὲ
3553 3408 3741 3470 αὐτοῖς

2091 3496 2277 3560 ἄλλως
2333 3491 2506 3569 ὄνομα
2564 3494 2822 3569 εὐπρεπὲς
2857 3540 2871 3568 ,
2931 3495 3019 3550 καὶ
3099 3493 3250 3551 οὐδὲν
3308 3501 3406 3552 τοῦ
3471 3497 3741 3574 παρόντος

2095 3588 2215 3664 βίου
2250 3584 2604 3662 μακρότερον,
2657 3581 2781 3639 οὐδὲ
2829 3606 2911 3646 τις
2967 3585 3199 3656 ἐξέτασις
3241 3589 3346 3640 τῶν
3398 3585 3616 3641 ἐνταύθα
3657 3587 3743 3664 βε-

2086 3755 2339 3810 vendum
2398 3757 2488 3807 est
2524 3751 2826 3826 injuriam
2886 3752 3073 3808 facere
3131 3769 3307 3826 quam
3372 3755 3511 3826 pati.
3549 3776 3576 3803 »
3627 3755 3738 3826 Ra-

2089 3827 2306 3881 tionem
2339 3821 2621 3892 superius
2642 3825 2915 3879 attulerat
2938 3841 2950 3878 :
2978 3821 3250 3878 Δυοῖν-οὗν
3275 3821 3463 3892 δντῶν,
3493 3829 3589 3878 τοῦ
3622 3822 3738 3879 ἀδι-

2086 3901 2198 3973 κεῖν
2261 3893 2744 3973 καζκὰὸικεῖσθαιλ
2788 3899 2970 3973 μεῖζον
3031 3897 3124 3966 μὶν
3187 3896 3347 3950 κακόν
3421 3917 3595 3973 φαμεν
3675 3897 3738 3951 τὸ

2087 3966 2314 4032 ἀδικεῖν,
2339 3961 2561 4041 ἔλαττον
2596 3963 2652 4020 δὲ
2683 3961 3001 4020 ἀδικεῖσθαι.
3031 3961 3228 4041 ιιβυῐῐὶ
3260 3969 3387 4024 duae
3419 3961 3600 4041 igitur
3618 3969 3741 4025 sint

2088 4041 2174 4095 ha:
2209 4056 2320 4104 res,
2353 4039 2629 4111 injuriam
2663 4041 2847 4093 facere
2878 4043 2936 4093 et
2967 4039 3106 4108 pati,
3131 4041 3323 4110 majus
3351 4039 3587 4111 quidem
3620 4058 3718 4096 ma

2087 4112 2211 4166 lum
2245 4127 2374 4182 esse
2405 4110 2655 4182 dicimus
2688 4112 2872 4164 facere
2892 4126 3076 4182 quam
3114 4111 3233 4182 pati
3266 4110 3564 4182 injuriam.
3602 4133 3628 4161 η

2159 4184 2273 4251 (56)
2303 4179 2405 4240 Οὕς
2448 4181 2506 4234 ἐκ
2543 4185 2674 4244 τῶν,
2727 4187 2836 4236 etc.
2888 4179 3273 4254 Porphyrium
3319 4179 3376 4237 et
3428 4185 3736 4238 Libanium

2091 4254 2370 4327 intelligit
2401 4254 2589 4321 Elias;
2643 4254 2859 4323 quibus
2905 4261 3054 4308 recte
3086 4255 3383 4310 addideris
3414 4256 3739 4327 impietatis

2091 4326 2423 4396 magistros.

2161 4389 2273 4464 (57)
2309 4394 2404 4446 Καὶ
2441 4395 2514 4466 μή
2551 4389 2894 4448 διδάσκαλον.
2930 4395 3052 4449 Non
3087 4395 3137 4450 is
3167 4400 3256 4451 est
3293 4395 3504 4451 horum
3537 4396 3738 4452 verbo-

2091 4484 2222 4522 rum
2254 4483 2485 4533 sensus,
2533 4483 2704 4536 quem
2739 4467 2929 4520 reddit
2961 4466 3188 4533 Billius,
3212 4471 3277 4522 ut
3304 4467 3534 4522 videtur
3563 4468 3737 4523 Tille-

2093 4539 2333 4603 montio,
2369 4538 2468 4592 sed
2503 4538 2631 4602 iste,
2657 4561 2683 4585 ‹‹
2719 4537 3080 4610 impietatem
3105 4539 3331 4610 reperis,
3367 4544 3596 4594 tantum
3646 4557 3739 4595 so-

2089 4611 2270 4676 ciam;
2295 4630 2320 4660 ι)
2352 4626 2464 4664 non
2495 4625 2628 4683 vero
2661 4609 3003 4683 magistram
3039 4609 3214 4666 fuisse
3243 4609 3498 4675 Juliano,
3523 4612 3738 4683 quippe

2089 4683 2188 4753 qui
2221 4698 2322 4753 per
2352 4681 2598 4753 scentis
2619 4680 2811 4736 sciret.
2844 4681 2906 4735 In
2939 4681 3116 4753 Regg.
3153 4686 3344 4736 tamen
3386 4680 3556 4738 codd:
3587 4680 3736 4753 opti-

2089 4751 2394 4824 maahotaz,
2429 4752 2551 4824 bm,
2587 4751 2688 4824 hu,
2722 4756 2857 4824 etc,
2882 4751 3157 4824 cum—hac
3188 4753 3580 4824 distinctione,
3606 4751 3734 4824 quas

2087 4823 2253 4879 Billio
2286 4821 2722 4894 favet,_legitur,
2754 4821 2842 4876 καὶ
2880 4822 2952 4894 μὴ
2984 4819 3328 4894 διδάσκαλον.

2158 4897 2270 4965 (58)
2302 4891 2398 4968 Καὶ
2430 4892 2522 4953 τὰς
2550 4891 3116 4968 βεμνὰςᾉτῗυραννῖδας.
3148 4897 3250 4951 Hic
3282 4896 3577 4952 Platonem
3609 4911 3735 4968 car-

2088 4966 2192 5037 pit,
2228 4965 2325 5037 qui
2360 4965 2614 5036 pecuniw
2655 4965 2975 5038 cupiditate
3005 4968 3221 5022 ductus
3270 4969 3340 5022 ad
3393 4966 3736 5038 Dionysium

2086 5039 2392 5108 navigasse
2434 5038 2633 5102 fertur,
2666 5037 2840 5108 atQue
2888 5039 2959 5092 ad
3011 5041 3139 5108 ejus
3171 5040 3346 5109 pedes
3395 5057 3456 5095 se
3506 5037 3734 5109 provol~

2085 5109 2256 5172 Visst',
2293 5109 2522 5180 ipsique
2563 5109 2850 5164 assentari
2899 5110 3293 5174 consucvisse,
3329 5116 3391 5164 ut
3423 5109 3558 5165 hinc
3591 5110 3737 5164 lucri

2085 5180 2303 5253 aliquid
2337 5182 2595 5245 referret,
2629 5186 2800 5253 atque
2833 5180 3067 5253 obolum
3117 5181 3302 5251 pluris
3335 5199 3510 5253 quam
3545 5182 3740 5253 genti-

2082 5251 2227 5306 lium
2263 5253 2403 5307 deos
2447 5253 2671 5307 fecisse.
2707 5251 2924 5307 Deinde
2955 5252 3267 5323 Epicureos
3318 5251 3736 5324 cavillis'petit,

2083 5325 2180 5395 qui
2219 5324 2639 5395 Providentiam
2675 5324 2979 5395 negabant,
3013 5332 3122 5379 etc.

2154 5396 2264 5470 (59)
2295 5395 2439 5470 Met};
2466 5400 2564 5470 τῇς
2598 5392 3078 5470 639950;.gBillius,
3113 5416 3139 5470 (ς
3175 5410 3310 5470 cum
3344 5395 3680 5468 supercilio.
3709 5416 3736 5443 »

2152 5461 2261 5538 ((50)
2293 5466 2352 5517 Oi
2388 5462 2463 5521 δὲ.
2500 5461 2713 5538 Ηρςξὶ,
2745 5472 2804 5538 et
2836 5461 3144 5532 Billius,oi
3179 5461 3322 5538 teat.

2149 5535 2258 5606 (til)
2313 5535 2609 5609 Ἀνάγκηςί
2660 5536 2819 5592 Coll).
2879 5539 2934 5603 k,
2997 5535 3334 5609 ἀναγκαίοις.
3395 5538 3609 5593 Eadem
3673 5536 3732 5590 iu

2079 5608 2542 5680 Theodoreto’dc
2580 5609 2937 5678 providentia
2971 5608 3244 5680 reperias.

2151 5682 2262 5752 ((52)
2293 5679 2498 5751 Φέρειν.
2537 5677 2786 5737 Montac.
2821 5677 3060 5737 mavult.
3095 5677 3295 5755 ῥέπειν.
