4148 6290
339 394 459 454 569

1331 393 1622 454 ORATIO
1666 393 1771 453 ιν.
1805 427 1882 436 -
1912 389 2227 454 CONTRA
2272 393 2668 456 JULIANUM
2715 392 2760 454 Ι.

3633 386 3755 448 570

340 516 629 594 ὃιωμένων
676 521 897 597 ὕστερον
952 523 1051 591 τὴν
1113 520 1319 576 ἀδικίαν
1376 519 1761 579 συστέλλουσα.
1790 522 1858 576 Ἢ
1889 519 1983 598 γὰρ

2109 541 2240 580 rum
2273 541 2522 582 censura
2543 524 2890 597 injustitiam
2924 522 3397 596 reprimens.Aut
3425 519 3582 578 enim
3605 519 3765 594 quis-

340 611 402 666 οὐ
435 609 643 665 συνεῖδέ
689 632 773 673 τις
820 615 989 668 ταῦτα
1033 616 1140 666 τῶν
1187 612 1313 686 παρ’
1364 611 1587 672 ἐκείνοις
1620 615 1818 686 σοιρῶν,
1851 608 1997 664 ἀλλὰ

341 701 496 776 βαθεῖ
530 694 813 776 βορϐόρῳ,
870 701 932 755 τὸ
993 698 1058 769 δὴ
1109 699 1430 774 λεγόμενον,
1488 699 1576 753 καὶ
1627 701 1811 777 ἀφεγεῖ
1847 699 1994 776 ζόφῳ

335 787 548 858 πλανης
601 788 695 844 καὶ
756 789 972 865 ἀγνοίας
1041 791 1155 862 (63)
1198 787 1599 866 συνεκαὶύφθη,
1671 786 1798 860 μηδ’
1868 787 1990 843 ὅσον

333 874 679 953 προσϐλέψαι
730 885 848 941 ταῖς
895 884 997 948 τῆς
1044 877 1306 948 ἀληθείας
1352 879 1540 954 αὐγαῖς
1583 878 1864 954 καθαρθεὶς
1894 878 1991 946 τὴν

337 965 599 1040 διάνοιαν,
653 966 800 1022 ἀλλά
847 967 971 1043 περὶ
1022 967 1089 1022 τὰ
1137 968 1282 1022 κάτω
1328 971 1440 1039 (64)
1472 968 1559 1022 καὶ
1620 969 1718 1037 τὴν
1754 965 1996 1038 αἶ’σθησιν

339 1055 743 1130 ἰλυσπώμενος,
797 1057 885 1110 καὶ
945 1054 1111 1129 μηδὲν
1175 1056 1306 1130 ὑπὲρ
1362 1055 1488 1118 τοὺς
1547 1054 1801 1128 δαίμονας
1869 1077 1995 1133 φαν-

335 1147 596 1214 τασθῆναι
626 1143 896 1215 δυνηθεὶς,
939 1146 1027 1199 καὶ
1069 1143 1345 1220 διαρθῆναι
1554 1151 1651 1200 τοῦ
1698 1145 1995 1216 πεποιηκό-

339 1255 432 1296 τος
462 1233 623 1304 ἀξίως
651 1253 662 1266 ·
712 1236 746 1304 ἢ
799 1233 854 1289 εἷ’
893 1256 974 1297 τις
1026 1230 1278 1308 διέϐλεψε
1325 1233 1413 1288 καὶ
1450 1235 1662 1309 μικρὸν,
1697 1235 1769 1296 ὡς
1804 1232 1994 1309 ὁδηγῷ

342 1321 519 1397 λόγῳ,
550 1323 637 1377 καὶ
692 1325 765 1397 μὴ
815 1329 930 1396 Θεῷ
979 1326 1287 1400 χρώμενος,
1341 1323 1444 1378 ὑπὸ
1490 1327 1586 1378 τοῦ
1624 1324 1992 1400 πιθανωτέρου

338 1411 633 1488 παρεσύρη,
665 1413 755 1468 καὶ
803 1417 898 1468 τοῦ
945 1411 1158 1486 μᾶλλον
1192 1412 1318 1476 τοὺς
1352 1411 1600 1474 πολλοὺς
1635 1409 1889 1476 ἕλκοντος
1923 1410 1992 1468 δι’

337 1500 628 1578 ἐγγύτητα.

410 1810 536 1860 ME'.
569 1805 628 1857 Τί
663 1802 752 1858 οὖν
791 1804 1094 1876 θαυμαστὸν
1139 1805 1228 1858 τὸν
1280 1804 1339 1858 ἐκ
1378 1803 1641 1859 τοιούτων
1674 1803 1766 1876 μὲν
1803 1803 1989 1881 ὁρμώ-

2106 614 2264 686 piam
2297 631 2498 670 eorum
2533 615 2632 686 qui
2682 616 2836 687 apud
2867 613 3001 670 illos
3031 613 3090 668 in
3131 613 3464 685 sapientum
3515 629 3758 668 numero

2107 703 2416 770 habentur,
2449 703 2558 759 hoc
2608 720 2721 759 non
2754 702 3056 771 intellexit,
3090 703 3190 758 sed
3240 702 3298 756 in
3330 701 3447 757 alto
3479 717 3660 769 cceno,
3697 709 3762 756 ut

2105 791 2216 846 dici
2251 791 2416 858 solet,
2451 797 2624 864 atque
2657 793 2902 848 obscura
2935 791 3150 847 erroris
3180 796 3237 846 et
3265 791 3604 862 ignorantiae
3629 789 3764 846 cali-

2105 881 2238 952 gine
2269 883 2513 936 obrutus
2566 882 2756 948 haesit,
2793 898 2861 937 ne
2891 886 3132 936 eatenus
3181 880 3416 951 quidem
3451 885 3759 952 purgatus,

2106 973 2171 1024 ut
2203 969 2460 1024 veritatis
2493 971 2686 1025 radios
2717 969 2928 1024 intueri
2961 976 3180 1040 posset,
3215 985 3416 1024 verum
3449 969 3505 1023 in
3550 974 3760 1024 terres-

2103 1058 2282 1112 trium
2335 1062 2392 1113 et
2423 1057 2792 1113 sensibilium
2835 1075 2996 1113 cceno
3046 1057 3408 1128 provolutus,
3444 1074 3548 1112 nec
3580 1074 3761 1128 supra

2104 1147 2395 1202 daemones
2426 1147 2748 1218 quidquam
2782 1148 2976 1202 animo
3009 1147 3310 1218 concipere
3343 1146 3758 1215 valens,subli-

2104 1235 2398 1306 miusque,
2451 1241 2515 1290 ut
2561 1237 2825 1291 Creatore
2875 1237 3118 1308 dignum
3157 1241 3266 1305 est,
3319 1235 3452 1292 ferri
3494 1253 3507 1291 :
3559 1240 3661 1291 aut
3708 1235 3759 1291 si

2102 1324 2235 1396 quis
2264 1325 2347 1379 vel
2379 1325 2579 1380 leviter
2608 1326 2924 1397 prospexit,
2957 1326 3096 1397 quia
3127 1343 3241 1380 non
3273 1329 3482 1393 Deum,
3514 1326 3616 1381 sed
3648 1324 3755 1380 bu-

2103 1431 2338 1469 manam
2371 1415 2655 1470 rationem
2707 1416 2914 1470 ducem
2962 1419 3326 1486 sequeretur,
3360 1414 3432 1470 ab
3485 1431 3550 1470 eo
3599 1414 3756 1486 quod

2101 1502 2464 1575 probabilius
2514 1507 2659 1570 erat,
2693 1507 2990 1576 petractus
3037 1508 3144 1573 est,
3179 1503 3452 1575 quodque
3503 1503 3758 1575 promis-

2101 1609 2272 1648 cuam
2305 1593 2739 1649 multitudinem
2771 1593 2842 1649 ob
2875 1591 3370 1665 propinquitatem
3413 1593 3600 1664 magis
3627 1591 3756 1648 alli-

2103 1681 2309 1736 ciebat.

2173 1806 2332 1862 XLV.
2366 1806 2514 1870 Quid
2547 1807 2762 1862 mirum
2793 1807 2992 1879 igitur,
3024 1806 3074 1862 si
3107 1807 3176 1872 is,
3213 1805 3312 1877 qui
3343 1806 3414 1861 ab
3447 1804 3754 1876 hujusmo-

343 1913 501 1965 μενον
551 1890 864 1966 δογμάτων,
918 1894 1019 1948 ὑπὸ
1083 1893 1347 1948 τοιούτων
1407 1890 1464 1947 δὲ
1515 1888 1859 1968 κυϐερνητῶν
1913 1892 1983 1948 εὐ-

2101 1897 2160 1952 di
2193 1896 2421 1967 placitis
2455 1897 2742 1964 prodibat,
2777 1902 2950 1968 atque
2981 1897 3050 1951 ab
3095 1895 3432 1966 hujusmodi
3462 1897 3755 1969 guberna-

341 1982 658 2056 θυνόμενον,
722 1982 864 2037 οὕτω
912 1983 1002 2036 καὶ
1051 1987 1129 2053 τῷ
1160 1983 1532 2037 πεπιστευκότι
1565 1983 1797 2058 φανῆναι
1825 1983 1988 2037 κακὸν

340 2072 430 2124 τὸν
488 2073 838 2125 πιστευθέντα
895 2074 1028 2144 (66),
1086 2072 1175 2126 καὶ
1226 2071 1306 2144 τῷ
1352 2075 1642 2144 τιμήσαντι
1672 2072 1763 2126 τὸν
1823 2093 1990 2144 τιμη-

337 2161 526 2228 θὲντα;
561 2160 623 2215 Εἰ
673 2161 776 2235 γὰρ
828 2157 910 2214 δεῖ
954 2181 1006 2214 τι
1036 2161 1125 2214 καὶ
1171 2157 1260 2214 διὰ
1286 2167 1386 2229 τῆς
1417 2159 1748 2236 κατηγορίας
1777 2158 1988 2214 ἀπολο-

335 2250 621 2323 γήσασθαι,
681 2247 741 2302 οὔ
822 2269 915 2321 μοι
980 2246 1129 2303 δοκεῖ
1188 2254 1444 2304 τοσοῦτον
1513 2250 1832 2323 ὑπεραλγῶν
1890 2254 1987 2304 τοῦ

335 2335 596 2411 ἀδελφοῦ,
657 2336 715 2391 ὅν
760 2357 819 2412 γε
868 2336 953 2391 καὶ
1003 2336 1270 2410 πολέμιον
1322 2337 1380 2392 ἐκ
1427 2345 1523 2406 τῆς
1555 2337 1842 2413 θρησκείας
1870 2337 1988 2412 ἐγί-

335 2446 558 2493 νωσκεν,
618 2425 742 2480 ὅσον
793 2426 860 2479 τὰ
915 2427 1248 2500 Χριστιανῶν
1299 2425 1359 2480 οὐ
1409 2427 1584 2503 φέρων
1635 2425 1984 2498 αὐξανόμενα,

333 2515 422 2568 καὶ
482 2513 696 2568 λυσσῶν
758 2515 895 2568 κατά
948 2521 1048 2583 τῆς
1096 2509 1392 2585 εὐσεϐείας,
1438 2520 1554 2576 τοῖς
1602 2515 1987 2584 καθεστηκόσιν

335 2602 520 2657 ἐπιτολ
535 2608 656 2675 μᾷν,
707 2603 796 2657 καὶ
853 2608 1030 2672 ζητεῖν
1067 2603 1367 2675 ἐλευθερίαν
1398 2607 1466 2676 τῇ
1499 2601 1746 2674 ἀπονοίᾳ⁹
1781 2611 1983 2678 χρῆναι

330 2692 433 2767 γὰρ
486 2691 807 2770 φιλοσοφίαν
863 2693 950 2746 καὶ
1005 2690 1304 2766 βασιλείαν,
1355 2693 1429 2753 ὡς
1479 2693 1506 2746 ὁ
1551 2692 1764 2746 ἐκείνων
1797 2691 1980 2767 λόγος,

331 2780 406 2840 εἰς
438 2781 599 2834 ταυτὸ
649 2784 766 2850 (67)
816 2779 1086 2844 συνελθεῖν
1112 2799 1124 2813 ⁸
1179 2779 1278 2834 οὐκ
1318 2779 1409 2835 ’ίνα
1455 2781 1762 2836 παύσωνται
1806 2786 1984 2836 κακῶν

332 2870 385 2922 αἱ
415 2865 631 2938 πόλεις,
663 2867 792 2924 ἀλλ’
819 2867 910 2923 (ίνα
939 2868 1242 2939 πλησθῶσι.

407 3171 505 3239 MC
537 3169 633 3226 Καὶ
680 3171 740 3224 τὸ
792 3171 883 3244 μὲν
931 3175 1144 3246 πρῶτον
1204 3171 1350 3244 αὐτῷ
1403 3178 1503 3242 τῆς
1561 3169 1841 3234 αὐθαδείας
1889 3173 1978 3227 καὶ

2101 1985 2327 2041 toribus
2360 1985 2687 2057 regebatur,
2717 2001 2854 2056 erga
2884 2002 3015 2040 eum
3048 1985 3147 2055 qui
3183 1985 3355 2039 ﬁdem
3387 1983 3499 2056 ipsi
3532 1984 3756 2039 habue-

2100 2080 2207 2143 rat,
2241 2075 2574 2145 honoreque
2605 2074 2799 2145 ipsum
2833 2075 3121 2142 affecerat,
3157 2073 3374 2128 malum
3408 2089 3473 2128 ac
3513 2072 3756 2128 scelera-

2098 2166 2224 2218 tum
2259 2180 2319 2218 se
2348 2163 2641 2235 prabuit?
2663 2163 2806 2217 Nam
2842 2163 2889 2218 si
2926 2180 3027 2234 per
3057 2162 3489 2218 accusationem
3521 2178 3755 2233 quoque

2095 2250 2282 2322 ipsius
2305 2268 2485 2307 causa
2506 2251 2772 2306 nonnihil
2799 2252 3164 2306 defendenda
3188 2255 3294 2316 est,
3312 2267 3426 2305 non
3450 2255 3570 2304 tam
3593 2251 3750 2321 quod

2097 2340 2294 2394 fratris
2325 2341 2630 2396 interitum
2655 2339 3129 2411 doleret,quippe
3152 2355 3328 2410 quem
3351 2339 3575 2394 hostem
3611 2355 3754 2409 quo-

2097 2444 2209 2501 que
2240 2436 2473 2500 propter
2502 2429 2844 2501 religionem
2877 2429 3131 2495 duceret,
3157 2444 3336 2500 quam
3365 2429 3516 2497 quod
3549 2427 3751 2483 Chris-

2094 2518 2388 2572 tianorum
2442 2534 2534 2573 res
2566 2518 2762 2588 augeri
2815 2516 3164 2588 permoleste
3216 2517 3415 2581 ferret,
3445 2522 3619 2586 atque
3650 2518 3752 2571 ad-

2093 2622 2296 2660 versus
2339 2606 2612 2677 pietatem
2662 2606 2900 2671 fureret,
2935 2622 3129 2661 rerum
3164 2610 3383 2660 statum
3431 2603 3754 2660 convellere

2093 2710 2408 2766 aggressus
2431 2711 2580 2758 esse,
2600 2710 2664 2749 ac
2691 2693 3071 2749 contumaciae
3093 2710 3212 2749 suae
3236 2693 3563 2749 libertatem
3587 2709 3750 2765 quas-

2092 2784 2298 2838 sivisse
2356 2783 2602 2838 videtur.
2653 2784 2928 2854 Oportere
2981 2783 3134 2837 enim
3198 2781 3632 2854 philosophiam
3691 2785 3748 2836 et

2091 2872 2592 2943 imperiumJuxta
2613 2871 2847 2926 illorum
2875 2871 3243 2938 sententiam,
3261 2871 3320 2925 in
3343 2887 3526 2925 unum
3550 2869 3703 2925 coire
3731 2887 3746 2937 ;

2091 2977 2206 3016 non
2240 2965 2306 3016 ut
2335 2961 2596 3016 civitates
2628 2961 2851 3016 miserae
2883 2976 3010 3016 esse
3041 2959 3334 3028 desinant,
3353 2960 3453 3015 sed
3485 2963 3550 3013 ut
3580 2957 3752 3014 malis

2091 3049 2288 3121 potius
2319 3049 2695 3121 impleantur.

2161 3173 2260 3230 98
2292 3172 2473 3230 XLVI.
2505 3174 2583 3229 Ac
2634 3173 2888 3243 primum
2923 3173 3160 3246 quidem
3213 3172 3373 3228 illius
3399 3172 3742 3240 arrogantiae

333 3258 589 3322 ἀπονοίας
623 3260 806 3314 ἑαυτὸν
852 3258 1109 3330 ἀναδῆσαι
1155 3263 1288 3335 (68),
1337 3261 1425 3315 καὶ
1468 3265 1535 3335 τῇ
1572 3259 1783 3336 μεγάλῃ
1811 3282 1978 3336 προσ-

2096 3267 2267 3335 atque
2299 3262 2553 3318 audaciae
2583 3263 2809 3318 facinus
2840 3263 2968 3330 fuit,
2988 3264 3142 3334 quod
3173 3262 3286 3318 sibi
3318 3262 3443 3334 ipse
3473 3262 3746 3318 diadema

327 3347 529 3424 ηγορίᾳ
556 3355 784 3422 τιμῆσαι
980 3349 1088 3425 οὐχ
1135 3351 1394 3425 ἅρπαγμα
1436 3350 1634 3426 τύχης,
1681 3349 1807 3405 ἀλλ’
1852 3351 1978 3424 ἀρε-

325 3445 425 3506 τῆς
460 3435 623 3501 ἆθλον
663 3438 696 3506 ἢ
728 3437 930 3514 χρόνος
979 3440 1012 3507 ἢ
1059 3442 1239 3515 ψῆφος
1294 3438 1562 3513 βασιλέως
1611 3439 1912 3514 χαρίζεται,
1944 3440 1978 3508 ἢ

325 3534 421 3594 τῆς
471 3525 786 3602 συγκλήτου
849 3525 1078 3601 βουλῆς,
1134 3528 1207 3590 ὡς
1239 3529 1300 3582 τὸ
1328 3527 1578 3600 παλαιὸν,
1609 3528 1828 3603 κρίσις),
1886 3529 1975 3583 καὶ

326 3614 386 3670 οὐ
417 3621 650 3670 ποιεῖται
681 3620 778 3669 τοῦ
832 3615 1028 3692 μέτρου
1075 3623 1173 3686 τῆς
1210 3624 1378 3690 τιμῆς
1409 3617 1593 3693 κύριον
1627 3619 1717 3672 τὸν
1744 3624 1843 3686 τῆς
1876 3620 1974 3688 βα-

327 3704 568 3766 σιλείας·
646 3701 893 3779 δεύτερον
965 3702 1022 3759 δὲ
1082 3705 1193 3778 (καὶ
1277 3707 1378 3781 γὰρ
1455 3705 1743 3782 ἀναγκαίαν
1803 3708 1975 3779 ἑαυτῷ

324 3795 424 3862 τὴν
456 3796 565 3867 (69)
601 3788 856 3848 ἀπόνοιαν
890 3793 949 3848 ἐκ
982 3799 1088 3848 τῶν
1138 3792 1245 3864 ἤδη
1271 3792 1700 3868 τετολμημένων
1730 3791 1850 3870 ᾔδει
1879 3816 1974 3849 πε-

324 3883 620 3954 ποιηκὼς),
673 3882 725 3937 τί
776 3879 1108 3951 διανοεῖται;
1150 3884 1240 3938 καὶ
1289 3889 1386 3938 ποῖ
1429 3884 1671 3959 πρόεισιν
1735 3880 1975 3946 ἀσεϐειας

321 3991 381 4026 τε
434 3970 522 4025 καὶ
580 3970 954 4046 θρασύτητος;
1015 3973 1078 4025 Ὠ
1122 3973 1220 4042 τῆς
1275 3971 1580 4046 μανιώδους
1631 3972 1836 4044 ἐκείνης
1869 3978 1974 4048 ψυ-

321 4060 611 4134 χῆςί⁹Επ’
661 4059 820 4115 αὐτὸν
877 4058 1234 4134 ἐκστρατεύει,
1287 4061 1373 4116 καὶ
1417 4065 1514 4130 τῆς
1563 4059 1764 4123 δύσεως
1813 4063 1976 4117 ἀπαν-

393 4221 499 4296 (63)
568 4218 666 4274 Καὶ
732 4218 982 4293 ἀγνοίας.
1046 4221 1219 4278 Deest
1282 4221 1342 4276 in
1405 4222 1594 4278 tribus
1665 4223 1857 4296 Regg.
1925 4228 1984 4280 et

323 4292 505 4431 01.6613
537 4360 667 4436 Περὶ
698 4361 766 4415 τὰ
794 4361 962 4429 κάτω,
997 4369 1104 4436 etc.
1138 4363 1363 4432 Billius,
1397 4388 1424 4415 ‹‹
1459 4365 1612 4421 circa
1640 4369 1872 4421 terrena
1901 4369 1982 4422 at-

324 4451 436 4506 que
472 4452 530 4489 in
563 4435 802 4490 sensum
837 4435 1497 4506 cadentia‘provolutus.
1535 4459 1562 4485 ››

542 4507 1084 4579 Διαρθῆναιεῌθὶῐιε.
1121 4503 1429 4579 διαθρῆσαι.

536 4573 1026 4667 Ἑδνὲπιστευχθέντα.
1053 4582 1180 4634 Πεεο
1209 4573 1424 4634 desunt
1444 4579 1502 4632 in
1527 4582 1748 4650 septem
1773 4579 1977 4652 Regg.,
2010 4603 2055 4667 D

321 4647 514 4702 tribus
545 4647 701 4703 Colb.
734 4654 787 4704 et
821 4649 914 4705 Or.
951 4652 1001 4704 1.

393 4721 508 4790 (67)
541 4717 635 4790 Εἰς
665 4719 848 4785 ταυτό,
882 4726 990 4777 etc.
1042 4720 1318 4777 Nonnulli
1352 4720 1584 4776 codices
1627 4718 1843 4775 ταύτόν.
1877 4721 1974 4776 Or.

324 4789 592 4862 {,11616.
629 4790 732 4846 Hic
777 4794 1198 4849 advertendum
1252 4792 1591 4859 discrimen,
1623 4793 1773 4862 quod
1827 4793 1979 4848 inter

321 4861 706 4946 Socratemnet
735 4863 1036 4946 Juiianum
1061 4935 1073 4946 ‘
1090 4865 1412 4946 reperitur:
1431 4861 1668 4920 Volebat
1712 4865 1977 4946 Socrates

321 4950 485 5006 rcges
537 4934 958 5017 philosophari,
992 4935 1075 4992 vel
1124 4934 1506 5007 phi1030phos
1558 4952 1816 5006 regnare,
1852 4959 1879 4986 ‹‹
1913 4941 1978 4990 ut

318 5005 466 5061 bene
507 5013 666 5062 esset
714 5008 1086 5075 cmtatibus;
1125 5030 1150 5057 ››
1207 5025 1236 5063 e
1285 5013 1484 5063 contra
1527 5007 1822 5075 Julianus,
1857 5027 1884 5059 α
1915 5012 1978 5062 ut

317 5077 488 5132 malis
521 5077 905 5148 replerentur.
941 5100 966 5127 ››

388 5151 497 5219 (68)
528 5145 748 5204 Ἑαυτὸν
769 5145 1051 5217 ἀναδῆσαι.
1090 5149 1292 5205 Acrius
1322 5149 1515 5206 verbis
1547 5148 1643 5204 hic
1675 5149 1733 5203 in
1764 5152 1977 5204 Monta-

316 5221 543 5276 cutium
577 5221 936 5276 invehuntur
967 5221 1343 5292 Parisienses,
1378 5236 1444 5277 eo
1477 5221 1627 5292 quod
1676 5221 1977 5291 scripserit

316 5292 748 5365 abAAmmianoi
781 5293 978 5365 negari
1031 5293 1084 5348 id
1135 5293 1288 5364 quod
1339 5292 1974 5365 afﬁrmatnGregorius,

319 5387 343 5411 ‹‹
379 5363 652 5419 diadema
682 5364 794 5419 sibi
831 5363 1132 5419 Iulianum
1167 5380 1492 5434 arrogasse.
1529 5387 1556 5414 ››
1589 5364 1773 5434 Maior
1820 5369 1974 5420 certe

317 5435 460 5507 ﬁdes
495 5436 766 5491 habenda
794 5435 1064 5507 scriptori
1116 5437 1208 5506 pio
1242 5436 1458 5507 pariter
1486 5440 1544 5492 et
1571 5435 1762 5506 docto,
1795 5452 1972 5507 quam

316 5506 586 5574 ethnico,
657 5508 758 5579 qui
827 5506 1133 5579 Apostath
1179 5506 1439 5579 impense
1505 5508 1687 5564 favet.
1756 5506 1970 5563 verum

321 5581 638 5662 utrumque
659 5576 974 5662 conciliare
1007 5576 1174 5660 facile
1221 5576 1346 5662 est}.
1379 5580 1698 5662 nec-enim,
1717 5580 1970 5662 multum

315 5649 1051 5722 dissentiunt.Ammianus
1071 5651 1193 5722 ipse
1215 5651 1422 5706 scribit
1445 5651 1546 5706 lib.
1571 5651 1970 5718 xx,Julianum

317 5725 584 5779 coactum
619 5721 819 5794 fuisse,
839 5727 904 5780 ut
931 5721 1178 5795 Augusti
1211 5738 1420 5780 nomen
1452 5727 1509 5781 et
1535 5723 1806 5780 diadema
1827 5723 1972 5782 acci-

2088 3352 2408 3423 imposuit,
2470 3368 2794 3424 magnoque
2870 3351 3107 3407 nomine
3181 3352 3440 3423 seipsum
3518 3351 3747 3406 ornavit

2087 3441 2262 3513 (quod
2300 3458 2412 3496 non
2448 3442 2690 3495 fortunae
2721 3441 3116 3512 praedam,sed
3146 3441 3378 3495 virtutis
3409 3439 3740 3512 praemium,

2085 3529 2173 3585 vel
2206 3534 2458 3601 tempus,
2493 3529 2578 3584 vel
2620 3529 2990 3600 imperatoris
3017 3529 3280 3585 calculus
3330 3529 3595 3601 largitur,
3629 3527 3740 3598 vel,

2087 3623 2152 3674 ut
2183 3619 2361 3674 moris
2393 3618 2567 3690 prisci
2600 3619 2726 3684 fuit,
2749 3622 2988 3673 senatus
3015 3619 3352 3688 judicium),
3374 3635 3478 3673 nec
3504 3617 3744 3672 honoris

2087 3708 2327 3763 modum
2361 3709 2431 3763 ad
2463 3707 2834 3780 imperatoris
2865 3708 3176 3763 arbitrium
3210 3707 3509 3762 revocavit.
3527 3706 3745 3762 Deinde

2085 3797 2398 3870 (siquidem
2435 3798 2504 3851 ob
2537 3813 2767 3867 ea,quae
2791 3797 2918 3867 jam
2953 3813 3135 3852 ausus
3167 3796 3378 3863 fuerat,
3413 3796 3470 3850 in
3505 3810 3739 3852 omnem

2086 3886 2388 3941 audaciam
2437 3885 2771 3956 providendi
2819 3885 3226 3940 necessitatem
3279 3900 3338 3939 se
3386 3883 3499 3939 sibi
3551 3884 3741 3956 impo-

2087 3974 2273 4030 suisse
2305 3978 2514 4040 norat),
2541 3974 2637 4042 qui
2689 3973 2956 4044 cogitat?
2987 3978 3042 4027 ct
3074 3990 3209 4045 quo,
3237 3978 3360 4028 tum
3395 3973 3739 4045 impietatis,

2085 4069 2214 4119 tum
2244 4063 2591 4118 temeritatis
2623 4063 2990 4135 progreditur
3010 4063 3036 4117 ?
3066 4063 3108 4117 Ο
3143 4062 3421 4118 furiosam
3452 4066 3698 4118 mentem
3724 4062 3736 4116 l

2092 4227 2269 4295 peret.
2306 4221 2489 4293 Igitur
2515 4221 2624 4295 sibi
2657 4221 2948 4293 arrogavit
2977 4221 3112 4278 licet
3141 4225 3414 4289 coactus;
3449 4222 3667 4295 deinde,
3689 4221 3739 4277 si

2091 4293 2325 4349 coactus
2356 4293 2736 4365 accepit,cogi
2772 4311 2829 4349 se
2861 4296 3139 4363 curavit,«
3164 4295 3451 4365 corruptis
3479 4294 3740 4364 largitio-

2091 4383 2186 4432 ne,
2219 4387 2247 4414 ››
2280 4371 2344 4420 ut
2374 4366 2454 4419 ait
2497 4366 2770 4432 Zonaras,
2809 4390 2827 4415 ο
2866 4370 2924 4420 et
2970 4366 3338 4420 humanitate
3386 4365 3638 4420 tribunis
3685 4369 3742 4421 et

2091 4437 2532 4509 centurionibus
2556 4455 2606 4504 ;»
2631 4438 2751 4508 qui,
2769 4442 2835 4509 ut
2862 4443 3064 4509 auctor
3085 4442 3174 4493 est
3198 4436 3484 4503 Zosimus,
3507 4436 3740 4509 gentilis

2089 4509 2354 4579 scriptor,
2374 4508 2563 4577 lihm,
2580 4507 2802 4579 sparsis
2825 4507 3038 4564 libellis
3059 4510 3287 4564 animos
3309 4507 3559 4563 militum
3581 4525 3740 4563 com-

2089 4580 2621 4652 moverant.1taque
2642 4579 2914 4635 Julianus
2936 4583 3125 4652 specie
3148 4586 3319 4636 tenus
3352 4586 3585 4636 coactus
3609 4580 3738 4650 fuit,

2087 4657 2142 4733 et
2163 4668 2296 4733 eum
2322 4651 2744 4733 diadema‘sibi.
2764 4651 3067 4733 arrogasse
3097 4657 3248 4733 recte
3279 4668 3526 4733 vereque
3556 4653 3737 4733 scrip-

2087 4723 2164 4779 sit
2195 4723 2527 4794 Gregorius.
2563 4723 2620 4776 ld
2673 4724 2846 4778 etiam
2890 4723 3238 4778 confirmant
3269 4747 3295 4773 ‹‹
3332 4723 3740 4793 objurgatorize

2087 4800 2140 4852 et
2173 4793 2474 4849 mordaces
2502 4793 2703 4848 littera:
2723 4818 2748 4845 υ
2784 4794 3000 4849 Juliani
3037 4796 3105 4849 ad
3127 4795 3533 4850 Constantium
3558 4811 3742 4849 secre-

2086 4871 2145 4924 to
2175 4868 2474 4933 datsa,non
2508 4866 2878 4938 apologaticae
2901 4867 3126 4929 facti,et
3157 4870 3739 4938 responsaVConstan-

2083 4938 2148 5005 tii
2165 4955 2292 5008 qum
2308 4955 2499 4992 coram
2527 4935 2750 4993 armata
2769 4935 3348 5008 multitudine,quam
3365 4939 3434 4991 de
3449 4935 3740 5008 industria

2085 5007 2450 5074 convocarat,
2478 5008 2589 5080 legi
2608 5009 3134 5064 curavitJulianus.
3156 5007 3432 5079 Denique,
3453 5007 3502 5063 si
3523 5008 3740 5080 invitus

2086 5082 2356 5136 diadema
2386 5079 2626 5150 accepit,
2649 5097 2826 5152 quare
2849 5080 3087 5152 jubenti
3115 5080 3562 5145 Constantio,ut
3593 5079 3736 5135 illud

2085 5153 2416 5223 deponeret,
2437 5169 2638 5223 parere
2661 5151 3000 5223 detrectavit
3023 5152 3050 5204 ‘l
3074 5151 3200 5206 Haec
3225 5153 3423 5206 omnia
3445 5151 3570 5222 ipse
3601 5157 3740 5206 Am-

2087 5222 2318 5280 mianus
2354 5222 2644 5279 memoriae
2670 5225 2968 5278 mandavit
2994 5222 3090 5276 lib.
3114 5239 3188 5277 xx
3219 5227 3274 5277 et
3297 5229 3483 5290 xxr,st
3505 5223 3740 5278 disertis

2084 5296 2273 5350 verbis
2304 5295 2594 5366 scripsit,~
2631 5296 2740 5349 sibi
2773 5294 2883 5364 ipsi
2905 5293 3204 5349 Julianum
3238 5294 3594 5366 imposuisse
3620 5293 3737 5366 dia-

2084 5369 2272 5421 dema.
2312 5390 2336 5414 ››
2374 5364 2590 5435 Ergone
2621 5366 2894 5438 Gregorio
2926 5367 3180 5420 scribere
3206 5364 3539 5438 non'licuit,
3576 5364 3733 5420 nulla

2084 5439 2284 5493 habita
2316 5439 2539 5492 ratione
2572 5455 2670 5492 seu
2707 5437 2870 5501 verre,
2905 5455 3004 5490 seu
3042 5438 3185 5491 ﬁctis
3217 5437 3596 5503 coactionis,«
3633 5441 3735 5492 Ju-

2082 5509 2304 5564 lianum
2338 5509 2610 5564 diadema
2641 5509 2753 5565 sibi
2788 5526 3089 5580 arrogasse
3111 5509 3138 5563 ‘2
3171 5531 3198 5559 »

2152 5582 2264 5647 (69)
2296 5581 2427 5646 Τήν,
2461 5585 2568 5635 etc.
2605 5580 2665 5635 In
2717 5598 2817 5634 ora
2861 5578 2997 5635 edit.
3051 5578 3388 5635 Moutacutii
3440 5578 3735 5645 scribitur,

2079 5651 2177 5728 τὴν
2224 5648 2922 5728 τμαύτηνρπόνοψνῌῇδη
2972 5653 3312 5722 πεποιηκώς.
3347 5654 3526 5709 Abest
3557 5649 3679 5728 ᾔδει
3711 5670 3743 5707 a

2083 5724 2222 5798 Reg.
2254 5722 2358 5796 hu,
2392 5741 2459 5782 ac
2489 5723 2571 5780 ita
2595 5723 2737 5797 legit
2764 5722 2965 5783 Gemb.
