  <div class='ocr_page' id='page_1' title='image "/cluster/home/n/w/nwhite01/storage/ocr_20150623/35/mdp.39015012934389/291.png"; bbox 0 0 4148 6290; ppageno 0'>
   <div class='ocr_carea' id='block_1_1' title="bbox 351 344 465 412">
    <p class='ocr_par' dir='ltr' id='par_1_1' title="bbox 351 344 465 412">
     <span class='ocr_line' id='line_1_1' title="bbox 351 344 465 412; baseline 0.018 -3"><span class='ocrx_word' id='word_1_1' title='bbox 351 344 465 412; x_wconf 71' lang='grc'><strong>571</strong></span> 
     </span>
    </p>
   </div>
   <div class='ocr_carea' id='block_1_2' title="bbox 1601 359 2524 424">
    <p class='ocr_par' dir='ltr' id='par_1_2' title="bbox 1601 359 2524 424">
     <span class='ocr_line' id='line_1_2' title="bbox 1601 359 2524 424; baseline 0 -2"><span class='ocrx_word' id='word_1_2' title='bbox 1601 360 1667 422; x_wconf 88' lang='lat' dir='ltr'><strong>S.</strong></span> <span class='ocrx_word' id='word_1_3' title='bbox 1713 359 2082 423; x_wconf 80' lang='lat' dir='ltr'><strong>GREGOltIl</strong></span> <span class='ocrx_word' id='word_1_4' title='bbox 2129 359 2524 424; x_wconf 82' lang='lat' dir='ltr'><strong>TIIEOLOGI</strong></span> 
     </span>
    </p>
   </div>
   <div class='ocr_carea' id='block_1_3' title="bbox 3649 358 3768 419">
    <p class='ocr_par' dir='ltr' id='par_1_3' title="bbox 3649 358 3768 419">
     <span class='ocr_line' id='line_1_3' title="bbox 3649 358 3768 419; baseline 0.017 -3"><span class='ocrx_word' id='word_1_5' title='bbox 3649 358 3768 419; x_wconf 71' lang='lat'><strong>5&#39;19</strong></span> 
     </span>
    </p>
   </div>
   <div class='ocr_carea' id='block_1_4' title="bbox 355 472 2025 572">
    <p class='ocr_par' dir='ltr' id='par_1_4' title="bbox 355 485 1998 567">
     <span class='ocr_line' id='line_1_4' title="bbox 355 485 1998 567; baseline 0.006 -27"><span class='ocrx_word' id='word_1_6' title='bbox 355 485 654 544; x_wconf 74' lang='lat' dir='ltr'><strong>Adversus</strong></span> <span class='ocrx_word' id='word_1_7' title='bbox 683 502 815 544; x_wconf 87' lang='lat' dir='ltr'><strong>eum</strong></span> <span class='ocrx_word' id='word_1_8' title='bbox 849 488 1272 562; x_wconf 81' lang='lat' dir='ltr'><strong>expeditionem</strong></span> <span class='ocrx_word' id='word_1_9' title='bbox 1306 492 1572 567; x_wconf 88' lang='lat' dir='ltr'><strong>suscipit,</strong></span> <span class='ocrx_word' id='word_1_10' title='bbox 1589 497 1760 567; x_wconf 83' lang='lat' dir='ltr'><strong>atque</strong></span> <span class='ocrx_word' id='word_1_11' title='bbox 1791 495 1860 552; x_wconf 88' lang='lat' dir='ltr'><strong>ab</strong></span> <span class='ocrx_word' id='word_1_12' title='bbox 1893 493 1998 551; x_wconf 72' lang='lat' dir='ltr'><strong>Oc~</strong></span> 
     </span>
    </p>
   </div>
   <div class='ocr_carea' id='block_1_5' title="bbox 2141 472 3768 572">
    <p class='ocr_par' dir='ltr' id='par_1_5' title="bbox 2141 472 3768 572">
     <span class='ocr_line' id='line_1_5' title="bbox 2141 472 3768 572; baseline -0.001 -24"><span class='ocrx_word' id='word_1_13' title='bbox 2141 511 2322 550; x_wconf 82' lang='grc' dir='ltr'><strong>σταται</strong></span> <span class='ocrx_word' id='word_1_14' title='bbox 2355 511 2369 528; x_wconf 76' lang='grc' dir='ltr'><strong><em>ο</em></strong></span> <span class='ocrx_word' id='word_1_15' title='bbox 2423 492 2687 572; x_wconf 81' lang='grc' dir='ltr'><strong>προφάσει</strong></span> <span class='ocrx_word' id='word_1_16' title='bbox 2738 494 2852 568; x_wconf 90' lang='grc'><strong>(70)</strong></span> <span class='ocrx_word' id='word_1_17' title='bbox 2902 490 3017 567; x_wconf 66' lang='grc' dir='ltr'>μὲν,</span> <span class='ocrx_word' id='word_1_18' title='bbox 3068 490 3144 556; x_wconf 82' lang='grc' dir='ltr'>ὡς</span> <span class='ocrx_word' id='word_1_19' title='bbox 3193 493 3303 567; x_wconf 83' lang='grc'>(71)</span> <span class='ocrx_word' id='word_1_20' title='bbox 3344 472 3768 566; x_wconf 59' lang='grc' dir='ltr'>ἁπολογησόμί</span> 
     </span>
    </p>
   </div>
   <div class='ocr_carea' id='block_1_6' title="bbox 358 575 2010 658">
    <p class='ocr_par' dir='ltr' id='par_1_6' title="bbox 358 575 2010 658">
     <span class='ocr_line' id='line_1_6' title="bbox 358 575 2010 658; baseline 0.004 -26"><span class='ocrx_word' id='word_1_21' title='bbox 358 575 588 633; x_wconf 87' lang='lat' dir='ltr'><strong>cidente</strong></span> <span class='ocrx_word' id='word_1_22' title='bbox 619 579 824 650; x_wconf 86' lang='lat' dir='ltr'><strong>pedem</strong></span> <span class='ocrx_word' id='word_1_23' title='bbox 877 586 1069 637; x_wconf 86' lang='lat' dir='ltr'><strong>movet</strong></span> <span class='ocrx_word' id='word_1_24' title='bbox 1104 600 1116 638; x_wconf 91' lang='lat'>:</span> <span class='ocrx_word' id='word_1_25' title='bbox 1153 583 1209 637; x_wconf 91' lang='lat' dir='ltr'><strong>in</strong></span> <span class='ocrx_word' id='word_1_26' title='bbox 1243 584 1496 656; x_wconf 88' lang='lat' dir='ltr'><strong>speciem</strong></span> <span class='ocrx_word' id='word_1_27' title='bbox 1546 585 1806 657; x_wconf 88' lang='lat' dir='ltr'><strong>quidem,</strong></span> <span class='ocrx_word' id='word_1_28' title='bbox 1841 583 2010 658; x_wconf 88' lang='lat' dir='ltr'><strong>quasi</strong></span> 
     </span>
    </p>
   </div>
   <div class='ocr_carea' id='block_1_7' title="bbox 359 667 2012 746">
    <p class='ocr_par' dir='ltr' id='par_1_7' title="bbox 359 667 2012 746">
     <span class='ocr_line' id='line_1_7' title="bbox 359 667 2012 746; baseline 0.004 -24"><span class='ocrx_word' id='word_1_29' title='bbox 359 681 422 722; x_wconf 84' lang='lat' dir='ltr'><strong>se</strong></span> <span class='ocrx_word' id='word_1_30' title='bbox 478 667 549 720; x_wconf 89' lang='lat' dir='ltr'><strong>de</strong></span> <span class='ocrx_word' id='word_1_31' title='bbox 605 672 832 738; x_wconf 89' lang='lat' dir='ltr'><strong>arrepto</strong></span> <span class='ocrx_word' id='word_1_32' title='bbox 889 671 1219 728; x_wconf 80' lang='lat' dir='ltr'><strong>diademate</strong></span> <span class='ocrx_word' id='word_1_33' title='bbox 1277 690 1527 746; x_wconf 89' lang='lat' dir='ltr'><strong>purgare</strong></span> <span class='ocrx_word' id='word_1_34' title='bbox 1582 674 1774 744; x_wconf 83' lang='lat' dir='ltr'><strong>vellet,</strong></span> <span class='ocrx_word' id='word_1_35' title='bbox 1821 675 2012 729; x_wconf 86' lang='lat' dir='ltr'><strong>adhuc</strong></span> 
     </span>
    </p>
   </div>
   <div class='ocr_carea' id='block_1_8' title="bbox 357 754 2011 831">
    <p class='ocr_par' dir='ltr' id='par_1_8' title="bbox 357 754 2011 831">
     <span class='ocr_line' id='line_1_8' title="bbox 357 754 2011 831; baseline 0.005 -22"><span class='ocrx_word' id='word_1_36' title='bbox 357 754 513 809; x_wconf 87' lang='lat' dir='ltr'><strong>enim</strong></span> <span class='ocrx_word' id='word_1_37' title='bbox 547 757 851 812; x_wconf 81' lang='lat' dir='ltr'><strong>audaciam</strong></span> <span class='ocrx_word' id='word_1_38' title='bbox 901 777 1067 816; x_wconf 89' lang='lat' dir='ltr'><strong>suam</strong></span> <span class='ocrx_word' id='word_1_39' title='bbox 1119 763 1409 819; x_wconf 88' lang='lat' dir='ltr'><strong>occultare</strong></span> <span class='ocrx_word' id='word_1_40' title='bbox 1456 765 1778 831; x_wconf 80' lang='lat' dir='ltr'><strong>videbatur,</strong></span> <span class='ocrx_word' id='word_1_41' title='bbox 1813 781 2011 818; x_wconf 79' lang='lat' dir='ltr'><strong>revera</strong></span> 
     </span>
    </p>
   </div>
   <div class='ocr_carea' id='block_1_9' title="bbox 358 847 2012 923">
    <p class='ocr_par' dir='ltr' id='par_1_9' title="bbox 358 847 2012 923">
     <span class='ocr_line' id='line_1_9' title="bbox 358 847 2012 923; baseline 0.005 -26"><span class='ocrx_word' id='word_1_42' title='bbox 358 849 574 915; x_wconf 86' lang='lat' dir='ltr'><strong>autem,</strong></span> <span class='ocrx_word' id='word_1_43' title='bbox 607 848 671 900; x_wconf 90' lang='lat' dir='ltr'><strong>ut</strong></span> <span class='ocrx_word' id='word_1_44' title='bbox 700 849 888 902; x_wconf 89' lang='lat' dir='ltr'><strong>totum</strong></span> <span class='ocrx_word' id='word_1_45' title='bbox 917 847 1226 921; x_wconf 88' lang='lat' dir='ltr'><strong>imperium</strong></span> <span class='ocrx_word' id='word_1_46' title='bbox 1262 853 1332 906; x_wconf 90' lang='lat' dir='ltr'><strong>ad</strong></span> <span class='ocrx_word' id='word_1_47' title='bbox 1367 869 1428 908; x_wconf 87' lang='lat' dir='ltr'><strong>se</strong></span> <span class='ocrx_word' id='word_1_48' title='bbox 1447 853 1796 917; x_wconf 87' lang='lat' dir='ltr'><strong>traduceret,</strong></span> <span class='ocrx_word' id='word_1_49' title='bbox 1813 869 1878 907; x_wconf 89' lang='lat' dir='ltr'><strong>ac</strong></span> <span class='ocrx_word' id='word_1_50' title='bbox 1911 869 2012 923; x_wconf 91' lang='lat' dir='ltr'><strong>per</strong></span> 
     </span>
    </p>
   </div>
   <div class='ocr_carea' id='block_1_10' title="bbox 356 932 2006 1010">
    <p class='ocr_par' dir='ltr' id='par_1_10' title="bbox 356 932 2006 1010">
     <span class='ocr_line' id='line_1_10' title="bbox 356 932 2006 1010; baseline 0.005 -25"><span class='ocrx_word' id='word_1_51' title='bbox 356 932 796 1004; x_wconf 76' lang='lat' dir='ltr'><strong>improbitatem</strong></span> <span class='ocrx_word' id='word_1_52' title='bbox 827 940 880 991; x_wconf 89' lang='lat' dir='ltr'><strong>et</strong></span> <span class='ocrx_word' id='word_1_53' title='bbox 910 936 1394 1010; x_wconf 85' lang='lat' dir='ltr'><strong>ingratitudinem</strong></span> <span class='ocrx_word' id='word_1_54' title='bbox 1418 957 1585 996; x_wconf 90' lang='lat' dir='ltr'><strong>suam</strong></span> <span class='ocrx_word' id='word_1_55' title='bbox 1609 941 1668 995; x_wconf 93' lang='lat' dir='ltr'><strong>in</strong></span> <span class='ocrx_word' id='word_1_56' title='bbox 1701 940 2006 994; x_wconf 86' lang='lat' dir='ltr'><strong>hominum</strong></span> 
     </span>
    </p>
   </div>
   <div class='ocr_carea' id='block_1_11' title="bbox 359 1023 2010 1101">
    <p class='ocr_par' dir='ltr' id='par_1_11' title="bbox 359 1023 2010 1101">
     <span class='ocr_line' id='line_1_11' title="bbox 359 1023 2010 1101; baseline 0.005 -26"><span class='ocrx_word' id='word_1_57' title='bbox 359 1023 808 1080; x_wconf 80' lang='lat' dir='ltr'><strong>admirationem</strong></span> <span class='ocrx_word' id='word_1_58' title='bbox 859 1027 1098 1084; x_wconf 87' lang='lat' dir='ltr'><strong>veniret.</strong></span> <span class='ocrx_word' id='word_1_59' title='bbox 1132 1030 1196 1084; x_wconf 93' lang='lat' dir='ltr'><strong>In</strong></span> <span class='ocrx_word' id='word_1_60' title='bbox 1227 1045 1410 1101; x_wconf 88' lang='lat' dir='ltr'><strong>eoque</strong></span> <span class='ocrx_word' id='word_1_61' title='bbox 1459 1046 1561 1101; x_wconf 92' lang='lat' dir='ltr'><strong>spe</strong></span> <span class='ocrx_word' id='word_1_62' title='bbox 1607 1046 1717 1086; x_wconf 87' lang='lat' dir='ltr'><strong>sua</strong></span> <span class='ocrx_word' id='word_1_63' title='bbox 1765 1029 2010 1084; x_wconf 91' lang='lat' dir='ltr'><strong>minime</strong></span> 
     </span>
    </p>
   </div>
   <div class='ocr_carea' id='block_1_12' title="bbox 357 1109 681 1168">
    <p class='ocr_par' dir='ltr' id='par_1_12' title="bbox 357 1109 681 1168">
     <span class='ocr_line' id='line_1_12' title="bbox 357 1109 681 1168; baseline 0.006 -3"><span class='ocrx_word' id='word_1_64' title='bbox 357 1109 544 1166; x_wconf 82' lang='lat' dir='ltr'><strong>falsus</strong></span> <span class='ocrx_word' id='word_1_65' title='bbox 575 1116 681 1168; x_wconf 88' lang='lat' dir='ltr'><strong>est.</strong></span> 
     </span>
    </p>
   </div>
   <div class='ocr_carea' id='block_1_13' title="bbox 431 1218 2008 1296">
    <p class='ocr_par' dir='ltr' id='par_1_13' title="bbox 431 1218 2008 1296">
     <span class='ocr_line' id='line_1_13' title="bbox 431 1218 2008 1296; baseline 0.004 -23"><span class='ocrx_word' id='word_1_66' title='bbox 431 1218 650 1274; x_wconf 82' lang='lat' dir='ltr'><strong>XLVII.</strong></span> <span class='ocrx_word' id='word_1_67' title='bbox 685 1220 800 1276; x_wconf 88' lang='lat' dir='ltr'><strong>Neo</strong></span> <span class='ocrx_word' id='word_1_68' title='bbox 830 1225 1028 1278; x_wconf 88' lang='lat' dir='ltr'><strong>tamen</strong></span> <span class='ocrx_word' id='word_1_69' title='bbox 1059 1223 1168 1279; x_wconf 84' lang='lat' dir='ltr'><strong>hoc</strong></span> <span class='ocrx_word' id='word_1_70' title='bbox 1200 1224 1505 1295; x_wconf 89' lang='lat' dir='ltr'><strong>mirentur,</strong></span> <span class='ocrx_word' id='word_1_71' title='bbox 1538 1225 1638 1296; x_wconf 88' lang='lat' dir='ltr'><strong>qui</strong></span> <span class='ocrx_word' id='word_1_72' title='bbox 1686 1225 1785 1280; x_wconf 90' lang='lat' dir='ltr'><strong>Dei</strong></span> <span class='ocrx_word' id='word_1_73' title='bbox 1830 1224 2008 1280; x_wconf 84' lang='lat' dir='ltr'><strong>ratio-</strong></span> 
     </span>
    </p>
   </div>
   <div class='ocr_carea' id='block_1_14' title="bbox 363 1309 2009 1386">
    <p class='ocr_par' dir='ltr' id='par_1_14' title="bbox 363 1309 2009 1386">
     <span class='ocr_line' id='line_1_14' title="bbox 363 1309 2009 1386; baseline 0.002 -23"><span class='ocrx_word' id='word_1_74' title='bbox 363 1324 527 1373; x_wconf 88' lang='lat' dir='ltr'><strong>num,</strong></span> <span class='ocrx_word' id='word_1_75' title='bbox 576 1309 793 1380; x_wconf 84' lang='lat' dir='ltr'><strong>quibus</strong></span> <span class='ocrx_word' id='word_1_76' title='bbox 839 1312 1034 1366; x_wconf 84' lang='lat' dir='ltr'><strong>omnia</strong></span> <span class='ocrx_word' id='word_1_77' title='bbox 1080 1318 1384 1386; x_wconf 85' lang='lat' dir='ltr'><strong>reguntur,</strong></span> <span class='ocrx_word' id='word_1_78' title='bbox 1435 1313 1806 1370; x_wconf 82' lang='lat' dir='ltr'><strong>altitudinem</strong></span> <span class='ocrx_word' id='word_1_79' title='bbox 1850 1312 2009 1369; x_wconf 90' lang='lat' dir='ltr'><strong>omni</strong></span> 
     </span>
    </p>
   </div>
   <div class='ocr_carea' id='block_1_15' title="bbox 366 1399 2009 1475">
    <p class='ocr_par' dir='ltr' id='par_1_15' title="bbox 366 1399 2009 1475">
     <span class='ocr_line' id='line_1_15' title="bbox 366 1399 2009 1475; baseline 0.001 -21"><span class='ocrx_word' id='word_1_80' title='bbox 366 1399 701 1468; x_wconf 81' lang='lat' dir='ltr'><strong>conjectura</strong></span> <span class='ocrx_word' id='word_1_81' title='bbox 730 1400 1130 1458; x_wconf 83' lang='lat' dir='ltr'><strong>sublimiorem</strong></span> <span class='ocrx_word' id='word_1_82' title='bbox 1165 1421 1278 1458; x_wconf 94' lang='lat' dir='ltr'><strong>non</strong></span> <span class='ocrx_word' id='word_1_83' title='bbox 1312 1409 1729 1475; x_wconf 83' lang='lat' dir='ltr'><strong>assequuntur,</strong></span> <span class='ocrx_word' id='word_1_84' title='bbox 1761 1420 1864 1458; x_wconf 91' lang='lat' dir='ltr'><strong>nec</strong></span> <span class='ocrx_word' id='word_1_85' title='bbox 1887 1403 2009 1474; x_wconf 93' lang='lat' dir='ltr'><strong>opi-</strong></span> 
     </span>
    </p>
   </div>
   <div class='ocr_carea' id='block_1_16' title="bbox 364 1487 2008 1564">
    <p class='ocr_par' dir='ltr' id='par_1_16' title="bbox 364 1487 2008 1564">
     <span class='ocr_line' id='line_1_16' title="bbox 364 1487 2008 1564; baseline 0.004 -23"><span class='ocrx_word' id='word_1_86' title='bbox 364 1487 456 1542; x_wconf 87' lang='lat' dir='ltr'><strong>ﬁci</strong></span> <span class='ocrx_word' id='word_1_87' title='bbox 491 1488 914 1559; x_wconf 83' lang='lat' dir='ltr'><strong>gubernatione</strong></span> <span class='ocrx_word' id='word_1_88' title='bbox 963 1491 1163 1547; x_wconf 81' lang='lat' dir='ltr'><strong>cedere</strong></span> <span class='ocrx_word' id='word_1_89' title='bbox 1210 1492 1522 1564; x_wconf 81' lang='lat' dir='ltr'><strong>sustinent,</strong></span> <span class='ocrx_word' id='word_1_90' title='bbox 1555 1492 1724 1548; x_wconf 90' lang='lat' dir='ltr'><strong>nobis</strong></span> <span class='ocrx_word' id='word_1_91' title='bbox 1773 1492 2008 1563; x_wconf 88' lang='lat' dir='ltr'><strong>quidem</strong></span> 
     </span>
    </p>
   </div>
   <div class='ocr_carea' id='block_1_17' title="bbox 361 1577 2011 1653">
    <p class='ocr_par' dir='ltr' id='par_1_17' title="bbox 361 1577 2011 1653">
     <span class='ocr_line' id='line_1_17' title="bbox 361 1577 2011 1653; baseline 0.003 -22"><span class='ocrx_word' id='word_1_92' title='bbox 361 1583 516 1632; x_wconf 85' lang='lat' dir='ltr'><strong>certe</strong></span> <span class='ocrx_word' id='word_1_93' title='bbox 545 1577 903 1648; x_wconf 87' lang='lat' dir='ltr'><strong>sapientiori,</strong></span> <span class='ocrx_word' id='word_1_94' title='bbox 937 1596 1183 1651; x_wconf 87' lang='lat' dir='ltr'><strong>suaque,</strong></span> <span class='ocrx_word' id='word_1_95' title='bbox 1235 1586 1291 1637; x_wconf 92' lang='lat' dir='ltr'><strong>et</strong></span> <span class='ocrx_word' id='word_1_96' title='bbox 1319 1598 1456 1652; x_wconf 92' lang='lat' dir='ltr'><strong>quo,</strong></span> <span class='ocrx_word' id='word_1_97' title='bbox 1489 1586 1546 1636; x_wconf 91' lang='lat' dir='ltr'><strong>et</strong></span> <span class='ocrx_word' id='word_1_98' title='bbox 1583 1598 1702 1653; x_wconf 90' lang='lat' dir='ltr'><strong>qua</strong></span> <span class='ocrx_word' id='word_1_99' title='bbox 1748 1581 1888 1650; x_wconf 85' lang='lat' dir='ltr'><strong>vult,</strong></span> <span class='ocrx_word' id='word_1_100' title='bbox 1921 1599 2011 1636; x_wconf 90' lang='lat' dir='ltr'><strong>ra-</strong></span> 
     </span>
    </p>
   </div>
   <div class='ocr_carea' id='block_1_18' title="bbox 359 1665 2011 1741">
    <p class='ocr_par' dir='ltr' id='par_1_18' title="bbox 359 1665 2011 1741">
     <span class='ocr_line' id='line_1_18' title="bbox 359 1665 2011 1741; baseline 0.003 -22"><span class='ocrx_word' id='word_1_101' title='bbox 359 1665 521 1720; x_wconf 80' lang='lat' dir='ltr'><strong>tione</strong></span> <span class='ocrx_word' id='word_1_102' title='bbox 549 1666 804 1734; x_wconf 88' lang='lat' dir='ltr'><strong>ducenti,</strong></span> <span class='ocrx_word' id='word_1_103' title='bbox 837 1684 952 1722; x_wconf 92' lang='lat' dir='ltr'><strong>non</strong></span> <span class='ocrx_word' id='word_1_104' title='bbox 986 1669 1230 1724; x_wconf 89' lang='lat' dir='ltr'><strong>dubium</strong></span> <span class='ocrx_word' id='word_1_105' title='bbox 1261 1675 1456 1726; x_wconf 90' lang='lat' dir='ltr'><strong>autem</strong></span> <span class='ocrx_word' id='word_1_106' title='bbox 1488 1671 1628 1741; x_wconf 91' lang='lat' dir='ltr'><strong>quin</strong></span> <span class='ocrx_word' id='word_1_107' title='bbox 1662 1670 1730 1724; x_wconf 88' lang='lat' dir='ltr'><strong>ad</strong></span> <span class='ocrx_word' id='word_1_108' title='bbox 1767 1671 1822 1724; x_wconf 93' lang='lat' dir='ltr'><strong>id</strong></span> <span class='ocrx_word' id='word_1_109' title='bbox 1856 1671 2011 1741; x_wconf 87' lang='lat' dir='ltr'><strong>quod</strong></span> 
     </span>
    </p>
   </div>
   <div class='ocr_carea' id='block_1_19' title="bbox 365 1754 2011 1831">
    <p class='ocr_par' dir='ltr' id='par_1_19' title="bbox 365 1754 2011 1831">
     <span class='ocr_line' id='line_1_19' title="bbox 365 1754 2011 1831; baseline 0.004 -24"><span class='ocrx_word' id='word_1_110' title='bbox 365 1754 576 1809; x_wconf 91' lang='lat' dir='ltr'><strong>melius</strong></span> <span class='ocrx_word' id='word_1_111' title='bbox 607 1760 901 1825; x_wconf 85' lang='lat' dir='ltr'><strong>est,atque</strong></span> <span class='ocrx_word' id='word_1_112' title='bbox 931 1759 1002 1812; x_wconf 89' lang='lat' dir='ltr'><strong>ad</strong></span> <span class='ocrx_word' id='word_1_113' title='bbox 1035 1760 1373 1814; x_wconf 87' lang='lat' dir='ltr'><strong>morborum</strong></span> <span class='ocrx_word' id='word_1_114' title='bbox 1405 1760 1792 1826; x_wconf 86' lang='lat' dir='ltr'><strong>sanationem,</strong></span> <span class='ocrx_word' id='word_1_115' title='bbox 1825 1776 2011 1831; x_wconf 91' lang='lat' dir='ltr'><strong>quan-</strong></span> 
     </span>
    </p>
   </div>
   <div class='ocr_carea' id='block_1_20' title="bbox 2120 577 3766 658">
    <p class='ocr_par' dir='ltr' id='par_1_20' title="bbox 2120 577 3766 658">
     <span class='ocr_line' id='line_1_20' title="bbox 2120 577 3766 658; baseline -0.002 -20"><span class='ocrx_word' id='word_1_116' title='bbox 2120 604 2210 646; x_wconf 88' lang='grc' dir='ltr'><strong>νος</strong></span> <span class='ocrx_word' id='word_1_117' title='bbox 2257 583 2388 658; x_wconf 70' lang='grc' dir='ltr'>ὑπὲρ</span> <span class='ocrx_word' id='word_1_118' title='bbox 2439 589 2536 639; x_wconf 79' lang='grc' dir='ltr'><strong>τοῦ</strong></span> <span class='ocrx_word' id='word_1_119' title='bbox 2588 581 2960 657; x_wconf 71' lang='grc' dir='ltr'><strong>διαδήματος⁸</strong></span> <span class='ocrx_word' id='word_1_120' title='bbox 3015 577 3092 638; x_wconf 78' lang='grc' dir='ltr'>ἔτι</span> <span class='ocrx_word' id='word_1_121' title='bbox 3141 582 3244 657; x_wconf 75' lang='grc' dir='ltr'><strong>γὰρ</strong></span> <span class='ocrx_word' id='word_1_122' title='bbox 3290 578 3465 636; x_wconf 75' lang='grc' dir='ltr'>ἐδόκει</span> <span class='ocrx_word' id='word_1_123' title='bbox 3511 579 3766 656; x_wconf 74' lang='grc' dir='ltr'>κρύπτειν</span> 
     </span>
    </p>
   </div>
   <div class='ocr_carea' id='block_1_21' title="bbox 2120 669 3766 742">
    <p class='ocr_par' dir='ltr' id='par_1_21' title="bbox 2120 669 3766 742">
     <span class='ocr_line' id='line_1_21' title="bbox 2120 669 3766 742; baseline -0.003 -14"><span class='ocrx_word' id='word_1_124' title='bbox 2120 673 2313 728; x_wconf 73' lang='grc' dir='ltr'>ἑαυτοῦ</span> <span class='ocrx_word' id='word_1_125' title='bbox 2360 674 2458 742; x_wconf 76' lang='grc' dir='ltr'>τὴν</span> <span class='ocrx_word' id='word_1_126' title='bbox 2513 673 2808 728; x_wconf 75' lang='grc' dir='ltr'>ἀπόνοιαν·</span> <span class='ocrx_word' id='word_1_127' title='bbox 2855 673 2916 727; x_wconf 89' lang='grc' dir='ltr'>τὸ</span> <span class='ocrx_word' id='word_1_128' title='bbox 2971 669 3027 726; x_wconf 74' lang='grc' dir='ltr'>δὲ</span> <span class='ocrx_word' id='word_1_129' title='bbox 3082 669 3308 740; x_wconf 73' lang='grc' dir='ltr'>ἀληοὶς,</span> <span class='ocrx_word' id='word_1_130' title='bbox 3375 671 3449 732; x_wconf 83' lang='grc' dir='ltr'>ὡς</span> <span class='ocrx_word' id='word_1_131' title='bbox 3499 671 3766 741; x_wconf 79' lang='grc' dir='ltr'>μεταστή-</span> 
     </span>
    </p>
   </div>
   <div class='ocr_carea' id='block_1_22' title="bbox 2122 757 3767 837">
    <p class='ocr_par' dir='ltr' id='par_1_22' title="bbox 2122 757 3767 837">
     <span class='ocr_line' id='line_1_22' title="bbox 2122 757 3767 837; baseline -0.002 -21"><span class='ocrx_word' id='word_1_132' title='bbox 2122 783 2226 816; x_wconf 88' lang='grc' dir='ltr'><strong>σων</strong></span> <span class='ocrx_word' id='word_1_133' title='bbox 2259 761 2334 823; x_wconf 81' lang='grc' dir='ltr'>εἷς</span> <span class='ocrx_word' id='word_1_134' title='bbox 2381 763 2566 817; x_wconf 70' lang='grc' dir='ltr'>ἑαυτὸν</span> <span class='ocrx_word' id='word_1_135' title='bbox 2617 762 2755 817; x_wconf 75' lang='grc' dir='ltr'>ἂπαν</span> <span class='ocrx_word' id='word_1_136' title='bbox 2805 762 2868 816; x_wconf 89' lang='grc' dir='ltr'>τὸ</span> <span class='ocrx_word' id='word_1_137' title='bbox 2897 761 3114 837; x_wconf 85' lang='grc' dir='ltr'>κράτος,</span> <span class='ocrx_word' id='word_1_138' title='bbox 3147 759 3235 814; x_wconf 83' lang='grc' dir='ltr'><strong>καὶ</strong></span> <span class='ocrx_word' id='word_1_139' title='bbox 3270 757 3360 814; x_wconf 74' lang='grc' dir='ltr'>διὰ</span> <span class='ocrx_word' id='word_1_140' title='bbox 3387 761 3485 827; x_wconf 76' lang='grc' dir='ltr'><strong>τῆς</strong></span> <span class='ocrx_word' id='word_1_141' title='bbox 3515 758 3767 835; x_wconf 87' lang='grc' dir='ltr'>ἀγνωμο-</span> 
     </span>
    </p>
   </div>
   <div class='ocr_carea' id='block_1_23' title="bbox 2121 845 3768 925">
    <p class='ocr_par' dir='ltr' id='par_1_23' title="bbox 2121 845 3768 925">
     <span class='ocr_line' id='line_1_23' title="bbox 2121 845 3768 925; baseline -0.001 -22"><span class='ocrx_word' id='word_1_142' title='bbox 2121 849 2284 919; x_wconf 78' lang='grc' dir='ltr'>σύνης</span> <span class='ocrx_word' id='word_1_143' title='bbox 2341 850 2892 925; x_wconf 77' lang='grc' dir='ltr'>θαυμασθησόμενος·</span> <span class='ocrx_word' id='word_1_144' title='bbox 2955 849 3045 904; x_wconf 85' lang='grc' dir='ltr'><strong>καὶ</strong></span> <span class='ocrx_word' id='word_1_145' title='bbox 3105 848 3203 904; x_wconf 71' lang='grc' dir='ltr'>οὐκ</span> <span class='ocrx_word' id='word_1_146' title='bbox 3261 845 3490 923; x_wconf 78' lang='grc' dir='ltr'>ἐψεύσθη</span> <span class='ocrx_word' id='word_1_147' title='bbox 3549 868 3612 924; x_wconf 85' lang='grc' dir='ltr'><strong>γε</strong></span> <span class='ocrx_word' id='word_1_148' title='bbox 3663 854 3768 916; x_wconf 79' lang='grc' dir='ltr'><strong>τῆς</strong></span> 
     </span>
    </p>
   </div>
   <div class='ocr_carea' id='block_1_24' title="bbox 2119 937 2360 1002">
    <p class='ocr_par' dir='ltr' id='par_1_24' title="bbox 2119 937 2360 1002">
     <span class='ocr_line' id='line_1_24' title="bbox 2119 937 2360 1002; baseline 0.012 -10"><span class='ocrx_word' id='word_1_149' title='bbox 2119 937 2360 1002; x_wconf 75' lang='grc' dir='ltr'>ἐλπίδος.</span> 
     </span>
    </p>
   </div>
   <div class='ocr_carea' id='block_1_25' title="bbox 2188 1199 3772 1298">
    <p class='ocr_par' dir='ltr' id='par_1_25' title="bbox 2188 1199 3772 1298">
     <span class='ocr_line' id='line_1_25' title="bbox 2188 1199 3772 1298; baseline -0.006 -16"><span class='ocrx_word' id='word_1_150' title='bbox 2188 1227 2311 1282; x_wconf 86' lang='grc' dir='ltr'><strong>ΜΖ’.</strong></span> <span class='ocrx_word' id='word_1_151' title='bbox 2339 1226 2424 1293; x_wconf 78' lang='grc' dir='ltr'><strong>Μὴ</strong></span> <span class='ocrx_word' id='word_1_152' title='bbox 2456 1227 2870 1298; x_wconf 71' lang='grc' dir='ltr'>θαυμαζέτωσαν</span> <span class='ocrx_word' id='word_1_153' title='bbox 2902 1225 2952 1279; x_wconf 71' lang='grc' dir='ltr'>οἱ</span> <span class='ocrx_word' id='word_1_154' title='bbox 2983 1228 3090 1278; x_wconf 81' lang='grc' dir='ltr'><strong>τῶν</strong></span> <span class='ocrx_word' id='word_1_155' title='bbox 3132 1227 3229 1278; x_wconf 77' lang='grc' dir='ltr'><strong>τοῦ</strong></span> <span class='ocrx_word' id='word_1_156' title='bbox 3277 1225 3410 1278; x_wconf 69' lang='grc' dir='ltr'>Θεοῦ</span> <span class='ocrx_word' id='word_1_157' title='bbox 3456 1219 3639 1296; x_wconf 86' lang='grc' dir='ltr'>λόγων</span> <span class='ocrx_word' id='word_1_158' title='bbox 3687 1199 3772 1298; x_wconf 59' lang='grc' dir='ltr'><strong>ὑφ’</strong></span> 
     </span>
    </p>
   </div>
   <div class='ocr_carea' id='block_1_26' title="bbox 2120 1310 3770 1391">
    <p class='ocr_par' dir='ltr' id='par_1_26' title="bbox 2120 1310 3770 1391">
     <span class='ocr_line' id='line_1_26' title="bbox 2120 1310 3770 1391; baseline -0.004 -23"><span class='ocrx_word' id='word_1_159' title='bbox 2120 1312 2191 1368; x_wconf 84' lang='grc' dir='ltr'>ὧν</span> <span class='ocrx_word' id='word_1_160' title='bbox 2249 1315 2311 1368; x_wconf 87' lang='grc' dir='ltr'>τὸ</span> <span class='ocrx_word' id='word_1_161' title='bbox 2359 1319 2460 1368; x_wconf 82' lang='grc' dir='ltr'><strong>πᾶν</strong></span> <span class='ocrx_word' id='word_1_162' title='bbox 2522 1314 2756 1391; x_wconf 72' lang='grc' dir='ltr'>φέρεται,</span> <span class='ocrx_word' id='word_1_163' title='bbox 2819 1313 2876 1367; x_wconf 84' lang='grc' dir='ltr'>τὸ</span> <span class='ocrx_word' id='word_1_164' title='bbox 2925 1313 3260 1387; x_wconf 70' lang='grc' dir='ltr'>ἀτέκμαρτον</span> <span class='ocrx_word' id='word_1_165' title='bbox 3313 1312 3386 1384; x_wconf 78' lang='grc' dir='ltr'>μὴ</span> <span class='ocrx_word' id='word_1_166' title='bbox 3422 1310 3770 1381; x_wconf 68' lang='grc' dir='ltr'>ἑπιστάμενοι</span> 
     </span>
    </p>
   </div>
   <div class='ocr_carea' id='block_1_27' title="bbox 2124 1397 3770 1478">
    <p class='ocr_par' dir='ltr' id='par_1_27' title="bbox 2124 1397 3770 1478">
     <span class='ocr_line' id='line_1_27' title="bbox 2124 1397 3770 1478; baseline -0.003 -22"><span class='ocrx_word' id='word_1_167' title='bbox 2124 1401 2307 1478; x_wconf 73' lang='grc' dir='ltr'>βάθος,</span> <span class='ocrx_word' id='word_1_168' title='bbox 2357 1404 2445 1456; x_wconf 79' lang='grc' dir='ltr'><strong>καὶ</strong></span> <span class='ocrx_word' id='word_1_169' title='bbox 2507 1404 2582 1476; x_wconf 85' lang='grc' dir='ltr'><strong>μή</strong></span> <span class='ocrx_word' id='word_1_170' title='bbox 2640 1406 2752 1477; x_wconf 87' lang='grc'><strong>(72)</strong></span> <span class='ocrx_word' id='word_1_171' title='bbox 2800 1406 3252 1478; x_wconf 76' lang='grc' dir='ltr'>παραχωροῦντες</span> <span class='ocrx_word' id='word_1_172' title='bbox 3301 1404 3377 1471; x_wconf 80' lang='grc' dir='ltr'>τῷ</span> <span class='ocrx_word' id='word_1_173' title='bbox 3422 1397 3638 1474; x_wconf 81' lang='grc' dir='ltr'>τεχνίτῃ</span> <span class='ocrx_word' id='word_1_174' title='bbox 3667 1404 3770 1466; x_wconf 85' lang='grc' dir='ltr'><strong>τῆς</strong></span> 
     </span>
    </p>
   </div>
   <div class='ocr_carea' id='block_1_28' title="bbox 2119 1486 3771 1568">
    <p class='ocr_par' dir='ltr' id='par_1_28' title="bbox 2119 1486 3771 1568">
     <span class='ocr_line' id='line_1_28' title="bbox 2119 1486 3771 1568; baseline -0.004 -22"><span class='ocrx_word' id='word_1_175' title='bbox 2119 1488 2514 1568; x_wconf 77' lang='grc' dir='ltr'>κυϐερνήσεως,</span> <span class='ocrx_word' id='word_1_176' title='bbox 2589 1495 2749 1564; x_wconf 72' lang='grc' dir='ltr'>ἡμῶν</span> <span class='ocrx_word' id='word_1_177' title='bbox 2827 1513 2886 1566; x_wconf 88' lang='grc' dir='ltr'><strong>γε</strong></span> <span class='ocrx_word' id='word_1_178' title='bbox 2961 1493 3176 1551; x_wconf 80' lang='grc' dir='ltr'>πάντως</span> <span class='ocrx_word' id='word_1_179' title='bbox 3255 1487 3623 1562; x_wconf 84' lang='grc' dir='ltr'>συνετωτέρῳ.</span> <span class='ocrx_word' id='word_1_180' title='bbox 3678 1486 3771 1540; x_wconf 81' lang='grc' dir='ltr'><strong>καὶ</strong></span> 
     </span>
    </p>
   </div>
   <div class='ocr_carea' id='block_1_29' title="bbox 2122 1572 3774 1655">
    <p class='ocr_par' dir='ltr' id='par_1_29' title="bbox 2122 1572 3774 1655">
     <span class='ocr_line' id='line_1_29' title="bbox 2122 1572 3774 1655; baseline -0.005 -19"><span class='ocrx_word' id='word_1_181' title='bbox 2122 1583 2307 1654; x_wconf 83' lang='grc' dir='ltr'>ἄγοντι</span> <span class='ocrx_word' id='word_1_182' title='bbox 2336 1581 2398 1635; x_wconf 88' lang='grc' dir='ltr'>τὸ</span> <span class='ocrx_word' id='word_1_183' title='bbox 2430 1581 2628 1636; x_wconf 76' lang='grc' dir='ltr'>οἰκεῖον</span> <span class='ocrx_word' id='word_1_184' title='bbox 2661 1580 2768 1650; x_wconf 81' lang='grc' dir='ltr'><strong>ὅπη</strong></span> <span class='ocrx_word' id='word_1_185' title='bbox 2798 1581 2886 1635; x_wconf 78' lang='grc' dir='ltr'><strong>καὶ</strong></span> <span class='ocrx_word' id='word_1_186' title='bbox 2918 1582 3068 1642; x_wconf 83' lang='grc' dir='ltr'>’ὁπως</span> <span class='ocrx_word' id='word_1_187' title='bbox 3111 1577 3364 1655; x_wconf 76' lang='grc' dir='ltr'>βούλεται</span> <span class='ocrx_word' id='word_1_188' title='bbox 3389 1597 3401 1610; x_wconf 71' lang='grc'><strong><em>⁸</em></strong></span> <span class='ocrx_word' id='word_1_189' title='bbox 3453 1577 3665 1636; x_wconf 74' lang='grc' dir='ltr'>πάντως</span> <span class='ocrx_word' id='word_1_190' title='bbox 3715 1572 3774 1629; x_wconf 81' lang='grc' dir='ltr'>δὲ</span> 
     </span>
    </p>
   </div>
   <div class='ocr_carea' id='block_1_30' title="bbox 2121 1663 3776 1746">
    <p class='ocr_par' dir='ltr' id='par_1_30' title="bbox 2121 1663 3776 1746">
     <span class='ocr_line' id='line_1_30' title="bbox 2121 1663 3776 1746; baseline -0.004 -22"><span class='ocrx_word' id='word_1_191' title='bbox 2121 1671 2256 1746; x_wconf 85' lang='grc' dir='ltr'>πρὸς</span> <span class='ocrx_word' id='word_1_192' title='bbox 2277 1671 2338 1725; x_wconf 90' lang='grc' dir='ltr'>τὸ</span> <span class='ocrx_word' id='word_1_193' title='bbox 2384 1675 2629 1745; x_wconf 83' lang='grc' dir='ltr'>κρεῖττον</span> <span class='ocrx_word' id='word_1_194' title='bbox 2675 1670 2764 1724; x_wconf 85' lang='grc' dir='ltr'><strong>καὶ</strong></span> <span class='ocrx_word' id='word_1_195' title='bbox 2810 1671 2910 1738; x_wconf 78' lang='grc' dir='ltr'><strong>τὴν</strong></span> <span class='ocrx_word' id='word_1_196' title='bbox 2959 1668 3216 1742; x_wconf 73' lang='grc' dir='ltr'>ἰατρείαν,</span> <span class='ocrx_word' id='word_1_197' title='bbox 3265 1666 3359 1722; x_wconf 77' lang='grc' dir='ltr'><strong>κᾶν</strong></span> <span class='ocrx_word' id='word_1_198' title='bbox 3404 1667 3454 1721; x_wconf 75' lang='grc' dir='ltr'>οἳ</span> <span class='ocrx_word' id='word_1_199' title='bbox 3488 1663 3776 1740; x_wconf 77' lang='grc' dir='ltr'>θεραπευό-</span> 
     </span>
    </p>
   </div>
   <div class='ocr_carea' id='block_1_31' title="bbox 2127 1750 3777 1835">
    <p class='ocr_par' dir='ltr' id='par_1_31' title="bbox 2127 1750 3777 1835">
     <span class='ocr_line' id='line_1_31' title="bbox 2127 1750 3777 1835; baseline -0.004 -22"><span class='ocrx_word' id='word_1_200' title='bbox 2127 1780 2284 1832; x_wconf 83' lang='grc' dir='ltr'>μενοι</span> <span class='ocrx_word' id='word_1_201' title='bbox 2340 1756 2801 1835; x_wconf 78' lang='grc' dir='ltr'>δυσχεραίνωσινο</span> <span class='ocrx_word' id='word_1_202' title='bbox 2866 1759 2952 1835; x_wconf 71' lang='grc' dir='ltr'><strong>ὑφ’</strong></span> <span class='ocrx_word' id='word_1_203' title='bbox 3009 1759 3082 1811; x_wconf 83' lang='grc' dir='ltr'>ὧν</span> <span class='ocrx_word' id='word_1_204' title='bbox 3144 1755 3326 1830; x_wconf 89' lang='grc' dir='ltr'>λόγων</span> <span class='ocrx_word' id='word_1_205' title='bbox 3383 1755 3627 1812; x_wconf 80' lang='grc' dir='ltr'>κάκεῖνος</span> <span class='ocrx_word' id='word_1_206' title='bbox 3675 1750 3777 1806; x_wconf 75' lang='grc' dir='ltr'><strong>οὐκ</strong></span> 
     </span>
    </p>
   </div>
   <div class='ocr_carea' id='block_1_32' title="bbox 363 1839 2025 1935">
    <p class='ocr_par' dir='ltr' id='par_1_32' title="bbox 363 1843 2012 1921">
     <span class='ocr_line' id='line_1_32' title="bbox 363 1843 2012 1921; baseline 0.004 -25"><span class='ocrx_word' id='word_1_207' title='bbox 363 1844 584 1898; x_wconf 83' lang='lat' dir='ltr'><strong>tumvis</strong></span> <span class='ocrx_word' id='word_1_208' title='bbox 603 1843 640 1897; x_wconf 91' lang='lat' dir='ltr'><strong>ii</strong></span> <span class='ocrx_word' id='word_1_209' title='bbox 664 1845 878 1915; x_wconf 89' lang='lat' dir='ltr'><strong>quibus</strong></span> <span class='ocrx_word' id='word_1_210' title='bbox 903 1847 1191 1902; x_wconf 90' lang='lat' dir='ltr'><strong>medicina</strong></span> <span class='ocrx_word' id='word_1_211' title='bbox 1212 1847 1709 1921; x_wconf 86' lang='lat' dir='ltr'><strong>ﬁt,indignentur.</strong></span> <span class='ocrx_word' id='word_1_212' title='bbox 1733 1851 1768 1903; x_wconf 82' lang='grc' dir='ltr'><strong>Λ</strong></span> <span class='ocrx_word' id='word_1_213' title='bbox 1797 1848 2012 1919; x_wconf 85' lang='lat' dir='ltr'><strong>quibus</strong></span> 
     </span>
    </p>
   </div>
   <div class='ocr_carea' id='block_1_33' title="bbox 2141 1839 3774 1935">
    <p class='ocr_par' dir='ltr' id='par_1_33' title="bbox 2141 1839 3774 1920">
     <span class='ocr_line' id='line_1_33' title="bbox 2141 1839 3774 1920; baseline -0.006 -17"><span class='ocrx_word' id='word_1_214' title='bbox 2141 1851 2335 1920; x_wconf 71' lang='grc' dir='ltr'>επήρθη</span> <span class='ocrx_word' id='word_1_215' title='bbox 2393 1849 2486 1920; x_wconf 77' lang='grc' dir='ltr'>μὲν</span> <span class='ocrx_word' id='word_1_216' title='bbox 2547 1846 2624 1909; x_wconf 88' lang='grc' dir='ltr'><strong>εἰς</strong></span> <span class='ocrx_word' id='word_1_217' title='bbox 2696 1849 2796 1914; x_wconf 76' lang='grc' dir='ltr'>τὴν</span> <span class='ocrx_word' id='word_1_218' title='bbox 2851 1846 3076 1901; x_wconf 83' lang='grc' dir='ltr'>κακίαν·</span> <span class='ocrx_word' id='word_1_219' title='bbox 3130 1843 3366 1900; x_wconf 84' lang='grc' dir='ltr'>ἀναίτιον</span> <span class='ocrx_word' id='word_1_220' title='bbox 3418 1839 3774 1916; x_wconf 77' lang='grc' dir='ltr'>γὰρ’παντά-</span> 
     </span>
    </p>
   </div>
   <div class='ocr_carea' id='block_1_34' title="bbox 365 1932 2016 2007">
    <p class='ocr_par' dir='ltr' id='par_1_34' title="bbox 365 1932 2016 2007">
     <span class='ocr_line' id='line_1_34' title="bbox 365 1932 2016 2007; baseline 0.002 -20"><span class='ocrx_word' id='word_1_221' title='bbox 365 1932 694 1988; x_wconf 84' lang='lat' dir='ltr'><strong>rationibus</strong></span> <span class='ocrx_word' id='word_1_222' title='bbox 740 1951 854 1989; x_wconf 91' lang='lat' dir='ltr'><strong>non</strong></span> <span class='ocrx_word' id='word_1_223' title='bbox 907 1935 1004 1991; x_wconf 89' lang='lat' dir='ltr'><strong>ille</strong></span> <span class='ocrx_word' id='word_1_224' title='bbox 1051 1936 1288 2007; x_wconf 90' lang='lat' dir='ltr'><strong>quidem</strong></span> <span class='ocrx_word' id='word_1_225' title='bbox 1339 1938 1410 1992; x_wconf 92' lang='lat' dir='ltr'><strong>ad</strong></span> <span class='ocrx_word' id='word_1_226' title='bbox 1461 1937 1682 1992; x_wconf 89' lang='lat' dir='ltr'><strong>malum</strong></span> <span class='ocrx_word' id='word_1_227' title='bbox 1732 1937 2016 1992; x_wconf 82' lang='lat' dir='ltr'><strong>excitatus</strong></span> 
     </span>
    </p>
   </div>
   <div class='ocr_carea' id='block_1_35' title="bbox 365 2021 2018 2097">
    <p class='ocr_par' dir='ltr' id='par_1_35' title="bbox 365 2021 2018 2097">
     <span class='ocr_line' id='line_1_35' title="bbox 365 2021 2018 2097; baseline 0.002 -21"><span class='ocrx_word' id='word_1_228' title='bbox 365 2027 456 2076; x_wconf 88' lang='lat' dir='ltr'><strong>est</strong></span> <span class='ocrx_word' id='word_1_229' title='bbox 483 2037 494 2074; x_wconf 88' lang='lat'>:</span> <span class='ocrx_word' id='word_1_230' title='bbox 523 2021 674 2076; x_wconf 79' lang='lat' dir='ltr'><strong>Deus</strong></span> <span class='ocrx_word' id='word_1_231' title='bbox 697 2024 848 2078; x_wconf 89' lang='lat' dir='ltr'><strong>enim</strong></span> <span class='ocrx_word' id='word_1_232' title='bbox 883 2024 1044 2080; x_wconf 93' lang='lat' dir='ltr'><strong>nullo</strong></span> <span class='ocrx_word' id='word_1_233' title='bbox 1074 2027 1246 2081; x_wconf 85' lang='lat' dir='ltr'><strong>modo</strong></span> <span class='ocrx_word' id='word_1_234' title='bbox 1280 2026 1416 2081; x_wconf 90' lang='lat' dir='ltr'><strong>mali</strong></span> <span class='ocrx_word' id='word_1_235' title='bbox 1450 2043 1630 2082; x_wconf 90' lang='lat' dir='ltr'><strong>causa</strong></span> <span class='ocrx_word' id='word_1_236' title='bbox 1658 2030 1767 2094; x_wconf 89' lang='lat' dir='ltr'><strong>est,</strong></span> <span class='ocrx_word' id='word_1_237' title='bbox 1801 2026 2018 2097; x_wconf 86' lang='lat' dir='ltr'><strong>quippe</strong></span> 
     </span>
    </p>
   </div>
   <div class='ocr_carea' id='block_1_36' title="bbox 367 2110 2015 2187">
    <p class='ocr_par' dir='ltr' id='par_1_36' title="bbox 367 2110 2015 2187">
     <span class='ocr_line' id='line_1_36' title="bbox 367 2110 2015 2187; baseline 0.003 -24"><span class='ocrx_word' id='word_1_238' title='bbox 367 2113 578 2164; x_wconf 88' lang='lat' dir='ltr'><strong>natura</strong></span> <span class='ocrx_word' id='word_1_239' title='bbox 606 2110 816 2175; x_wconf 90' lang='lat' dir='ltr'><strong>bonus,</strong></span> <span class='ocrx_word' id='word_1_240' title='bbox 847 2112 1174 2186; x_wconf 88' lang='lat' dir='ltr'><strong>vitiumque</strong></span> <span class='ocrx_word' id='word_1_241' title='bbox 1205 2118 1333 2186; x_wconf 88' lang='lat' dir='ltr'><strong>ejus</strong></span> <span class='ocrx_word' id='word_1_242' title='bbox 1362 2119 1451 2171; x_wconf 79' lang='lat' dir='ltr'><strong>est</strong></span> <span class='ocrx_word' id='word_1_243' title='bbox 1483 2116 1583 2187; x_wconf 90' lang='lat' dir='ltr'><strong>qui</strong></span> <span class='ocrx_word' id='word_1_244' title='bbox 1613 2114 1820 2187; x_wconf 84' lang='lat' dir='ltr'><strong>elegit;</strong></span> <span class='ocrx_word' id='word_1_245' title='bbox 1861 2114 2015 2169; x_wconf 89' lang='lat' dir='ltr'><strong>haud</strong></span> 
     </span>
    </p>
   </div>
   <div class='ocr_carea' id='block_1_37' title="bbox 367 2201 2020 2276">
    <p class='ocr_par' dir='ltr' id='par_1_37' title="bbox 367 2201 2020 2276">
     <span class='ocr_line' id='line_1_37' title="bbox 367 2201 2020 2276; baseline 0.002 -21"><span class='ocrx_word' id='word_1_246' title='bbox 367 2202 565 2255; x_wconf 87' lang='lat' dir='ltr'><strong>tamen</strong></span> <span class='ocrx_word' id='word_1_247' title='bbox 599 2201 670 2256; x_wconf 90' lang='lat' dir='ltr'><strong>ab</strong></span> <span class='ocrx_word' id='word_1_248' title='bbox 700 2201 921 2274; x_wconf 85' lang='lat' dir='ltr'><strong>impetu</strong></span> <span class='ocrx_word' id='word_1_249' title='bbox 956 2220 1063 2259; x_wconf 90' lang='lat' dir='ltr'><strong>suo</strong></span> <span class='ocrx_word' id='word_1_250' title='bbox 1095 2221 1396 2276; x_wconf 90' lang='lat' dir='ltr'><strong>repressus</strong></span> <span class='ocrx_word' id='word_1_251' title='bbox 1426 2206 1758 2262; x_wconf 89' lang='lat' dir='ltr'><strong>est.Verum</strong></span> <span class='ocrx_word' id='word_1_252' title='bbox 1779 2221 1914 2260; x_wconf 90' lang='lat' dir='ltr'><strong>cum</strong></span> <span class='ocrx_word' id='word_1_253' title='bbox 1935 2203 2020 2258; x_wconf 89' lang='lat' dir='ltr'><strong>in-</strong></span> 
     </span>
    </p>
   </div>
   <div class='ocr_carea' id='block_1_38' title="bbox 372 2288 2018 2364">
    <p class='ocr_par' dir='ltr' id='par_1_38' title="bbox 372 2288 2018 2364">
     <span class='ocr_line' id='line_1_38' title="bbox 372 2288 2018 2364; baseline 0.002 -21"><span class='ocrx_word' id='word_1_254' title='bbox 372 2288 530 2361; x_wconf 84' lang='lat' dir='ltr'><strong>genti</strong></span> <span class='ocrx_word' id='word_1_255' title='bbox 585 2288 900 2356; x_wconf 87' lang='lat' dir='ltr'><strong>celeritate,</strong></span> <span class='ocrx_word' id='word_1_256' title='bbox 952 2296 1078 2346; x_wconf 91' lang='lat' dir='ltr'><strong>tum</strong></span> <span class='ocrx_word' id='word_1_257' title='bbox 1127 2294 1425 2364; x_wconf 87' lang='lat' dir='ltr'><strong>regionem</strong></span> <span class='ocrx_word' id='word_1_258' title='bbox 1473 2311 1664 2364; x_wconf 91' lang='lat' dir='ltr'><strong>suam,</strong></span> <span class='ocrx_word' id='word_1_259' title='bbox 1695 2298 1822 2348; x_wconf 89' lang='lat' dir='ltr'><strong>tum</strong></span> <span class='ocrx_word' id='word_1_260' title='bbox 1872 2310 2018 2348; x_wconf 90' lang='lat' dir='ltr'><strong>non-</strong></span> 
     </span>
    </p>
   </div>
   <div class='ocr_carea' id='block_1_39' title="bbox 372 2376 2018 2456">
    <p class='ocr_par' dir='ltr' id='par_1_39' title="bbox 372 2376 2018 2456">
     <span class='ocr_line' id='line_1_39' title="bbox 372 2376 2018 2456; baseline 0.002 -24"><span class='ocrx_word' id='word_1_261' title='bbox 372 2376 597 2433; x_wconf 89' lang='lat' dir='ltr'><strong>nullam</strong></span> <span class='ocrx_word' id='word_1_262' title='bbox 629 2379 944 2436; x_wconf 68' lang='lat' dir='ltr'><strong>barbaricre</strong></span> <span class='ocrx_word' id='word_1_263' title='bbox 976 2398 1088 2436; x_wconf 71' lang='lat' dir='ltr'><strong>oras</strong></span> <span class='ocrx_word' id='word_1_264' title='bbox 1120 2386 1346 2454; x_wconf 89' lang='lat' dir='ltr'><strong>partem</strong></span> <span class='ocrx_word' id='word_1_265' title='bbox 1386 2387 1772 2456; x_wconf 86' lang='lat' dir='ltr'><strong>peragrasset,</strong></span> <span class='ocrx_word' id='word_1_266' title='bbox 1805 2382 2018 2437; x_wconf 89' lang='lat' dir='ltr'><strong>transi-</strong></span> 
     </span>
    </p>
   </div>
   <div class='ocr_carea' id='block_1_40' title="bbox 367 2466 2021 2542">
    <p class='ocr_par' dir='ltr' id='par_1_40' title="bbox 367 2466 2021 2542">
     <span class='ocr_line' id='line_1_40' title="bbox 367 2466 2021 2542; baseline 0.002 -21"><span class='ocrx_word' id='word_1_267' title='bbox 367 2469 636 2538; x_wconf 87' lang='lat' dir='ltr'><strong>tumque,</strong></span> <span class='ocrx_word' id='word_1_268' title='bbox 670 2466 921 2524; x_wconf 86' lang='lat' dir='ltr'><strong>fallendo</strong></span> <span class='ocrx_word' id='word_1_269' title='bbox 954 2471 1148 2540; x_wconf 90' lang='lat' dir='ltr'><strong>potius</strong></span> <span class='ocrx_word' id='word_1_270' title='bbox 1177 2488 1347 2541; x_wconf 92' lang='lat' dir='ltr'><strong>quam</strong></span> <span class='ocrx_word' id='word_1_271' title='bbox 1380 2473 1682 2542; x_wconf 89' lang='lat' dir='ltr'><strong>vincendo,</strong></span> <span class='ocrx_word' id='word_1_272' title='bbox 1707 2471 2021 2541; x_wconf 86' lang='lat' dir='ltr'><strong>rapuisset,</strong></span> 
     </span>
    </p>
   </div>
   <div class='ocr_carea' id='block_1_41' title="bbox 373 2554 2021 2630">
    <p class='ocr_par' dir='ltr' id='par_1_41' title="bbox 373 2554 2021 2630">
     <span class='ocr_line' id='line_1_41' title="bbox 373 2554 2021 2630; baseline 0.002 -21"><span class='ocrx_word' id='word_1_273' title='bbox 373 2554 520 2609; x_wconf 73' lang='lat' dir='ltr'><strong>aulas</strong></span> <span class='ocrx_word' id='word_1_274' title='bbox 569 2555 880 2610; x_wconf 87' lang='lat' dir='ltr'><strong>imminere</strong></span> <span class='ocrx_word' id='word_1_275' title='bbox 927 2557 1175 2629; x_wconf 91' lang='lat' dir='ltr'><strong>incipit:</strong></span> <span class='ocrx_word' id='word_1_276' title='bbox 1231 2563 1296 2614; x_wconf 91' lang='lat' dir='ltr'><strong>ut</strong></span> <span class='ocrx_word' id='word_1_277' title='bbox 1343 2560 1579 2630; x_wconf 88' lang='lat' dir='ltr'><strong>quidem</strong></span> <span class='ocrx_word' id='word_1_278' title='bbox 1630 2564 1874 2615; x_wconf 85' lang='lat' dir='ltr'><strong>narrant</strong></span> <span class='ocrx_word' id='word_1_279' title='bbox 1921 2557 2021 2630; x_wconf 91' lang='lat' dir='ltr'><strong>qui</strong></span> 
     </span>
    </p>
   </div>
   <div class='ocr_carea' id='block_1_42' title="bbox 373 2643 2022 2719">
    <p class='ocr_par' dir='ltr' id='par_1_42' title="bbox 373 2643 2022 2719">
     <span class='ocr_line' id='line_1_42' title="bbox 373 2643 2022 2719; baseline 0.004 -23"><span class='ocrx_word' id='word_1_280' title='bbox 373 2646 573 2714; x_wconf 89' lang='lat' dir='ltr'><strong>partes</strong></span> <span class='ocrx_word' id='word_1_281' title='bbox 604 2643 732 2713; x_wconf 89' lang='lat' dir='ltr'><strong>ejus</strong></span> <span class='ocrx_word' id='word_1_282' title='bbox 759 2648 1018 2712; x_wconf 89' lang='lat' dir='ltr'><strong>tuentur,</strong></span> <span class='ocrx_word' id='word_1_283' title='bbox 1043 2647 1224 2702; x_wconf 88' lang='lat' dir='ltr'><strong>futuri</strong></span> <span class='ocrx_word' id='word_1_284' title='bbox 1259 2649 1610 2719; x_wconf 65' lang='lat' dir='ltr'><strong>prenotione</strong></span> <span class='ocrx_word' id='word_1_285' title='bbox 1642 2650 1712 2704; x_wconf 93' lang='lat' dir='ltr'><strong>ad</strong></span> <span class='ocrx_word' id='word_1_286' title='bbox 1742 2649 1892 2704; x_wconf 86' lang='lat' dir='ltr'><strong>hanc</strong></span> <span class='ocrx_word' id='word_1_287' title='bbox 1923 2663 2022 2702; x_wconf 83' lang='lat' dir='ltr'><strong>ex-</strong></span> 
     </span>
    </p>
   </div>
   <div class='ocr_carea' id='block_1_43' title="bbox 375 2731 2022 2809">
    <p class='ocr_par' dir='ltr' id='par_1_43' title="bbox 375 2731 2022 2809">
     <span class='ocr_line' id='line_1_43' title="bbox 375 2731 2022 2809; baseline 0.002 -24"><span class='ocrx_word' id='word_1_288' title='bbox 375 2731 732 2803; x_wconf 90' lang='lat' dir='ltr'><strong>peditionem</strong></span> <span class='ocrx_word' id='word_1_289' title='bbox 752 2733 1066 2790; x_wconf 89' lang='lat' dir='ltr'><strong>ineundam</strong></span> <span class='ocrx_word' id='word_1_290' title='bbox 1085 2735 1753 2808; x_wconf 75' lang='lat' dir='ltr'><strong>elatus,daamonumque</strong></span> <span class='ocrx_word' id='word_1_291' title='bbox 1767 2736 2022 2809; x_wconf 91' lang='lat' dir='ltr'><strong>impulsu</strong></span> 
     </span>
    </p>
   </div>
   <div class='ocr_carea' id='block_1_44' title="bbox 379 2820 2023 2901">
    <p class='ocr_par' dir='ltr' id='par_1_44' title="bbox 379 2820 2023 2901">
     <span class='ocr_line' id='line_1_44' title="bbox 379 2820 2023 2901; baseline 0.003 -26"><span class='ocrx_word' id='word_1_292' title='bbox 379 2825 556 2901; x_wconf 87' lang='lat' dir='ltr'><strong>atque</strong></span> <span class='ocrx_word' id='word_1_293' title='bbox 602 2820 860 2890; x_wconf 90' lang='lat' dir='ltr'><strong>hortatu,</strong></span> <span class='ocrx_word' id='word_1_294' title='bbox 893 2840 1236 2896; x_wconf 89' lang='lat' dir='ltr'><strong>prosperum</strong></span> <span class='ocrx_word' id='word_1_295' title='bbox 1281 2831 1550 2882; x_wconf 91' lang='lat' dir='ltr'><strong>eventum</strong></span> <span class='ocrx_word' id='word_1_296' title='bbox 1597 2826 2023 2898; x_wconf 90' lang='lat' dir='ltr'><strong>pollicentium,</strong></span> 
     </span>
    </p>
   </div>
   <div class='ocr_carea' id='block_1_45' title="bbox 378 2909 2027 2981">
    <p class='ocr_par' dir='ltr' id='par_1_45' title="bbox 378 2909 2027 2981">
     <span class='ocr_line' id='line_1_45' title="bbox 378 2909 2027 2981; baseline 0.003 -17"><span class='ocrx_word' id='word_1_297' title='bbox 378 2909 674 2981; x_wconf 87' lang='lat' dir='ltr'><strong>rebusque</strong></span> <span class='ocrx_word' id='word_1_298' title='bbox 733 2913 1118 2968; x_wconf 85' lang='lat' dir='ltr'><strong>mutationem</strong></span> <span class='ocrx_word' id='word_1_299' title='bbox 1176 2915 1660 2971; x_wconf 88' lang='lat' dir='ltr'><strong>decernentium:</strong></span> <span class='ocrx_word' id='word_1_300' title='bbox 1713 2919 1778 2970; x_wconf 91' lang='lat' dir='ltr'><strong>ut</strong></span> <span class='ocrx_word' id='word_1_301' title='bbox 1831 2919 2027 2970; x_wconf 88' lang='lat' dir='ltr'><strong>autem</strong></span> 
     </span>
    </p>
   </div>
   <div class='ocr_carea' id='block_1_46' title="bbox 384 2997 2027 3080">
    <p class='ocr_par' dir='ltr' id='par_1_46' title="bbox 384 2997 2027 3080">
     <span class='ocr_line' id='line_1_46' title="bbox 384 2997 2027 3080; baseline 0.004 -28"><span class='ocrx_word' id='word_1_302' title='bbox 384 2997 568 3068; x_wconf 89' lang='lat' dir='ltr'><strong>aiunt,</strong></span> <span class='ocrx_word' id='word_1_303' title='bbox 602 2999 703 3070; x_wconf 91' lang='lat' dir='ltr'><strong>qui</strong></span> <span class='ocrx_word' id='word_1_304' title='bbox 735 3016 871 3055; x_wconf 87' lang='lat' dir='ltr'><strong>vera</strong></span> <span class='ocrx_word' id='word_1_305' title='bbox 913 3001 1253 3080; x_wconf 88' lang='lat' dir='ltr'><strong>loquuntur,</strong></span> <span class='ocrx_word' id='word_1_306' title='bbox 1286 3005 1386 3059; x_wconf 83' lang='lat'><strong>99</strong></span> <span class='ocrx_word' id='word_1_307' title='bbox 1420 3005 1491 3059; x_wconf 92' lang='lat' dir='ltr'><strong>ad</strong></span> <span class='ocrx_word' id='word_1_308' title='bbox 1535 3009 1768 3076; x_wconf 90' lang='lat' dir='ltr'><strong>tempus</strong></span> <span class='ocrx_word' id='word_1_309' title='bbox 1818 3020 2027 3059; x_wconf 88' lang='lat' dir='ltr'><strong>arcano</strong></span> 
     </span>
    </p>
   </div>
   <div class='ocr_carea' id='block_1_47' title="bbox 383 3089 2026 3165">
    <p class='ocr_par' dir='ltr' id='par_1_47' title="bbox 383 3089 2026 3165">
     <span class='ocr_line' id='line_1_47' title="bbox 383 3089 2026 3165; baseline 0.003 -23"><span class='ocrx_word' id='word_1_310' title='bbox 383 3091 558 3159; x_wconf 84' lang='lat' dir='ltr'><strong>atque</strong></span> <span class='ocrx_word' id='word_1_311' title='bbox 587 3089 812 3144; x_wconf 90' lang='lat' dir='ltr'><strong>occulto</strong></span> <span class='ocrx_word' id='word_1_312' title='bbox 861 3090 1103 3147; x_wconf 80' lang='lat' dir='ltr'><strong>facinori</strong></span> <span class='ocrx_word' id='word_1_313' title='bbox 1133 3094 1523 3165; x_wconf 84' lang='lat' dir='ltr'><strong>praestitutum</strong></span> <span class='ocrx_word' id='word_1_314' title='bbox 1571 3094 1907 3159; x_wconf 89' lang='lat' dir='ltr'><strong>adveniens,</strong></span> <span class='ocrx_word' id='word_1_315' title='bbox 1940 3096 2026 3148; x_wconf 89' lang='lat' dir='ltr'><strong>at-</strong></span> 
     </span>
    </p>
   </div>
   <div class='ocr_carea' id='block_1_48' title="bbox 383 3177 2028 3254">
    <p class='ocr_par' dir='ltr' id='par_1_48' title="bbox 383 3177 2028 3254">
     <span class='ocr_line' id='line_1_48' title="bbox 383 3177 2028 3254; baseline 0.003 -23"><span class='ocrx_word' id='word_1_316' title='bbox 383 3192 497 3248; x_wconf 90' lang='lat' dir='ltr'><strong>que</strong></span> <span class='ocrx_word' id='word_1_317' title='bbox 521 3177 593 3232; x_wconf 91' lang='lat' dir='ltr'><strong>ad</strong></span> <span class='ocrx_word' id='word_1_318' title='bbox 617 3183 886 3250; x_wconf 86' lang='lat' dir='ltr'><strong>mortem,</strong></span> <span class='ocrx_word' id='word_1_319' title='bbox 919 3181 1089 3252; x_wconf 88' lang='lat' dir='ltr'><strong>cujus</strong></span> <span class='ocrx_word' id='word_1_320' title='bbox 1120 3181 1245 3254; x_wconf 89' lang='lat' dir='ltr'><strong>ipse</strong></span> <span class='ocrx_word' id='word_1_321' title='bbox 1264 3182 1616 3238; x_wconf 87' lang='lat' dir='ltr'><strong>architectus</strong></span> <span class='ocrx_word' id='word_1_322' title='bbox 1647 3187 1791 3248; x_wconf 88' lang='lat' dir='ltr'><strong>erat,</strong></span> <span class='ocrx_word' id='word_1_323' title='bbox 1821 3197 2028 3254; x_wconf 88' lang='lat' dir='ltr'><strong>prope-</strong></span> 
     </span>
    </p>
   </div>
   <div class='ocr_carea' id='block_1_49' title="bbox 383 3269 2026 3344">
    <p class='ocr_par' dir='ltr' id='par_1_49' title="bbox 383 3269 2026 3344">
     <span class='ocr_line' id='line_1_49' title="bbox 383 3269 2026 3344; baseline 0.004 -26"><span class='ocrx_word' id='word_1_324' title='bbox 383 3280 543 3331; x_wconf 89' lang='lat' dir='ltr'><strong>rans,</strong></span> <span class='ocrx_word' id='word_1_325' title='bbox 594 3271 866 3323; x_wconf 86' lang='lat' dir='ltr'><strong>conatum</strong></span> <span class='ocrx_word' id='word_1_326' title='bbox 916 3269 1151 3325; x_wconf 85' lang='lat' dir='ltr'><strong>interim</strong></span> <span class='ocrx_word' id='word_1_327' title='bbox 1199 3288 1374 3326; x_wconf 87' lang='lat' dir='ltr'><strong>suum</strong></span> <span class='ocrx_word' id='word_1_328' title='bbox 1422 3288 1526 3344; x_wconf 91' lang='lat' dir='ltr'><strong>per</strong></span> <span class='ocrx_word' id='word_1_329' title='bbox 1572 3271 2026 3328; x_wconf 88' lang='lat' dir='ltr'><strong>domesticorum</strong></span> 
     </span>
    </p>
   </div>
   <div class='ocr_carea' id='block_1_50' title="bbox 386 3354 2028 3432">
    <p class='ocr_par' dir='ltr' id='par_1_50' title="bbox 386 3354 2028 3432">
     <span class='ocr_line' id='line_1_50' title="bbox 386 3354 2028 3432; baseline 0.004 -24"><span class='ocrx_word' id='word_1_330' title='bbox 386 3354 697 3424; x_wconf 87' lang='lat' dir='ltr'><strong>quemdam</strong></span> <span class='ocrx_word' id='word_1_331' title='bbox 729 3356 945 3412; x_wconf 78' lang='lat' dir='ltr'><strong>celans.</strong></span> <span class='ocrx_word' id='word_1_332' title='bbox 982 3360 1065 3414; x_wconf 91' lang='lat' dir='ltr'><strong>Ita</strong></span> <span class='ocrx_word' id='word_1_333' title='bbox 1095 3359 1320 3415; x_wconf 75' lang='lat' dir='ltr'><strong>facinus</strong></span> <span class='ocrx_word' id='word_1_334' title='bbox 1350 3359 1515 3427; x_wconf 91' lang='lat' dir='ltr'><strong>illud,</strong></span> <span class='ocrx_word' id='word_1_335' title='bbox 1551 3378 1665 3416; x_wconf 91' lang='lat' dir='ltr'><strong>non</strong></span> <span class='ocrx_word' id='word_1_336' title='bbox 1716 3360 2028 3432; x_wconf 68' lang='lat' dir='ltr'><strong>praescion-</strong></span> 
     </span>
    </p>
   </div>
   <div class='ocr_carea' id='block_1_51' title="bbox 383 3441 2032 3522">
    <p class='ocr_par' dir='ltr' id='par_1_51' title="bbox 383 3441 2032 3522">
     <span class='ocr_line' id='line_1_51' title="bbox 383 3441 2032 3522; baseline 0.004 -26"><span class='ocrx_word' id='word_1_337' title='bbox 383 3441 488 3510; x_wconf 87' lang='lat' dir='ltr'><strong>tia,</strong></span> <span class='ocrx_word' id='word_1_338' title='bbox 521 3444 621 3498; x_wconf 88' lang='lat' dir='ltr'><strong>sed</strong></span> <span class='ocrx_word' id='word_1_339' title='bbox 655 3444 897 3500; x_wconf 82' lang='lat' dir='ltr'><strong>scientia</strong></span> <span class='ocrx_word' id='word_1_340' title='bbox 923 3454 1066 3517; x_wconf 89' lang='lat' dir='ltr'><strong>erat,</strong></span> <span class='ocrx_word' id='word_1_341' title='bbox 1100 3449 1452 3521; x_wconf 86' lang='lat' dir='ltr'><strong>scelerisque</strong></span> <span class='ocrx_word' id='word_1_342' title='bbox 1483 3467 1650 3522; x_wconf 91' lang='lat' dir='ltr'><strong>opus,</strong></span> <span class='ocrx_word' id='word_1_343' title='bbox 1676 3467 1793 3504; x_wconf 93' lang='lat' dir='ltr'><strong>non</strong></span> <span class='ocrx_word' id='word_1_344' title='bbox 1825 3450 2032 3503; x_wconf 66' lang='lat' dir='ltr'><strong>daemo-</strong></span> 
     </span>
    </p>
   </div>
   <div class='ocr_carea' id='block_1_52' title="bbox 386 3533 2033 3608">
    <p class='ocr_par' dir='ltr' id='par_1_52' title="bbox 386 3533 2033 3608">
     <span class='ocr_line' id='line_1_52' title="bbox 386 3533 2033 3608; baseline 0.003 -21"><span class='ocrx_word' id='word_1_345' title='bbox 386 3549 528 3588; x_wconf 89' lang='lat' dir='ltr'><strong>num</strong></span> <span class='ocrx_word' id='word_1_346' title='bbox 559 3533 908 3590; x_wconf 85' lang='lat' dir='ltr'><strong>beneﬁcium</strong></span> <span class='ocrx_word' id='word_1_347' title='bbox 946 3553 957 3591; x_wconf 90' lang='lat'><strong><em>:</em></strong></span> <span class='ocrx_word' id='word_1_348' title='bbox 992 3536 1092 3608; x_wconf 92' lang='lat' dir='ltr'><strong>qui</strong></span> <span class='ocrx_word' id='word_1_349' title='bbox 1142 3538 1400 3608; x_wconf 87' lang='lat' dir='ltr'><strong>quidem,</strong></span> <span class='ocrx_word' id='word_1_350' title='bbox 1433 3555 1608 3608; x_wconf 88' lang='lat' dir='ltr'><strong>quam</strong></span> <span class='ocrx_word' id='word_1_351' title='bbox 1638 3539 1698 3593; x_wconf 92' lang='lat' dir='ltr'><strong>in</strong></span> <span class='ocrx_word' id='word_1_352' title='bbox 1731 3539 1824 3593; x_wconf 88' lang='lat' dir='ltr'><strong>his</strong></span> <span class='ocrx_word' id='word_1_353' title='bbox 1857 3539 2033 3593; x_wconf 88' lang='lat' dir='ltr'><strong>rebus</strong></span> 
     </span>
    </p>
   </div>
   <div class='ocr_carea' id='block_1_53' title="bbox 385 3623 2029 3691">
    <p class='ocr_par' dir='ltr' id='par_1_53' title="bbox 385 3623 2029 3691">
     <span class='ocr_line' id='line_1_53' title="bbox 385 3623 2029 3691; baseline 0.002 -12"><span class='ocrx_word' id='word_1_354' title='bbox 385 3623 517 3679; x_wconf 79' lang='lat' dir='ltr'><strong>sciti</strong></span> <span class='ocrx_word' id='word_1_355' title='bbox 549 3639 615 3678; x_wconf 88' lang='lat' dir='ltr'><strong>ac</strong></span> <span class='ocrx_word' id='word_1_356' title='bbox 662 3623 904 3680; x_wconf 89' lang='lat' dir='ltr'><strong>solertes</strong></span> <span class='ocrx_word' id='word_1_357' title='bbox 953 3625 1095 3691; x_wconf 89' lang='lat' dir='ltr'><strong>sint,</strong></span> <span class='ocrx_word' id='word_1_358' title='bbox 1142 3627 1339 3681; x_wconf 89' lang='lat' dir='ltr'><strong>Persia</strong></span> <span class='ocrx_word' id='word_1_359' title='bbox 1384 3626 1713 3683; x_wconf 89' lang='lat' dir='ltr'><strong>luculenter</strong></span> <span class='ocrx_word' id='word_1_360' title='bbox 1757 3626 2029 3683; x_wconf 89' lang='lat' dir='ltr'><strong>ostendit.</strong></span> 
     </span>
    </p>
   </div>
   <div class='ocr_carea' id='block_1_54' title="bbox 2125 1929 3774 2011">
    <p class='ocr_par' dir='ltr' id='par_1_54' title="bbox 2125 1929 3774 2011">
     <span class='ocr_line' id='line_1_54' title="bbox 2125 1929 3774 2011; baseline -0.005 -20"><span class='ocrx_word' id='word_1_361' title='bbox 2125 1958 2254 1992; x_wconf 89' lang='grc' dir='ltr'>πασι</span> <span class='ocrx_word' id='word_1_362' title='bbox 2312 1941 2489 1990; x_wconf 79' lang='grc' dir='ltr'>κακῶν</span> <span class='ocrx_word' id='word_1_363' title='bbox 2547 1936 2611 1990; x_wconf 89' lang='grc' dir='ltr'>τὸ</span> <span class='ocrx_word' id='word_1_364' title='bbox 2669 1940 2845 2004; x_wconf 85' lang='grc' dir='ltr'>Θεῖον,</span> <span class='ocrx_word' id='word_1_365' title='bbox 2898 1934 3112 2011; x_wconf 75' lang='grc' dir='ltr'>ἀγαθὸν,</span> <span class='ocrx_word' id='word_1_366' title='bbox 3158 1938 3227 2008; x_wconf 80' lang='grc' dir='ltr'><strong>τῇ</strong></span> <span class='ocrx_word' id='word_1_367' title='bbox 3278 1933 3430 2006; x_wconf 77' lang='grc' dir='ltr'>φύσει</span> <span class='ocrx_word' id='word_1_368' title='bbox 3481 1929 3774 2005; x_wconf 79' lang='grc' dir='ltr'>τυγχάνον,</span> 
     </span>
    </p>
   </div>
   <div class='ocr_carea' id='block_1_55' title="bbox 2126 2018 3774 2099">
    <p class='ocr_par' dir='ltr' id='par_1_55' title="bbox 2126 2018 3774 2099">
     <span class='ocr_line' id='line_1_55' title="bbox 2126 2018 3774 2099; baseline -0.005 -19"><span class='ocrx_word' id='word_1_369' title='bbox 2126 2026 2213 2080; x_wconf 79' lang='grc' dir='ltr'><strong>καὶ</strong></span> <span class='ocrx_word' id='word_1_370' title='bbox 2267 2029 2364 2080; x_wconf 72' lang='grc' dir='ltr'><strong>τοῦ</strong></span> <span class='ocrx_word' id='word_1_371' title='bbox 2420 2021 2794 2099; x_wconf 68' lang='grc' dir='ltr'>προελομένου</span> <span class='ocrx_word' id='word_1_372' title='bbox 2847 2024 2914 2078; x_wconf 80' lang='grc' dir='ltr'><strong>τὰ</strong></span> <span class='ocrx_word' id='word_1_373' title='bbox 2965 2031 3066 2091; x_wconf 81' lang='grc' dir='ltr'><strong>τῆς</strong></span> <span class='ocrx_word' id='word_1_374' title='bbox 3119 2027 3230 2096; x_wconf 88' lang='grc'>(73)</span> <span class='ocrx_word' id='word_1_375' title='bbox 3269 2021 3495 2082; x_wconf 83' lang='grc' dir='ltr'>κακίας’</span> <span class='ocrx_word' id='word_1_376' title='bbox 3549 2018 3612 2073; x_wconf 78' lang='grc' dir='ltr'>οὐ</span> <span class='ocrx_word' id='word_1_377' title='bbox 3667 2020 3774 2090; x_wconf 80' lang='grc' dir='ltr'>μὴν</span> 
     </span>
    </p>
   </div>
   <div class='ocr_carea' id='block_1_56' title="bbox 2128 2108 3778 2189">
    <p class='ocr_par' dir='ltr' id='par_1_56' title="bbox 2128 2108 3778 2189">
     <span class='ocr_line' id='line_1_56' title="bbox 2128 2108 3778 2189; baseline -0.005 -21"><span class='ocrx_word' id='word_1_378' title='bbox 2128 2113 2391 2188; x_wconf 73' lang='grc' dir='ltr'>ἐπεσχὲοη</span> <span class='ocrx_word' id='word_1_379' title='bbox 2444 2134 2504 2188; x_wconf 93' lang='grc' dir='ltr'><strong>γε</strong></span> <span class='ocrx_word' id='word_1_380' title='bbox 2549 2120 2649 2181; x_wconf 78' lang='grc' dir='ltr'><strong>τῆς</strong></span> <span class='ocrx_word' id='word_1_381' title='bbox 2699 2115 2914 2189; x_wconf 83' lang='grc' dir='ltr'>ὁρμῆς⁶</span> <span class='ocrx_word' id='word_1_382' title='bbox 2970 2110 3115 2166; x_wconf 73' lang='grc' dir='ltr'>ἀλλὰ</span> <span class='ocrx_word' id='word_1_383' title='bbox 3162 2111 3319 2186; x_wconf 83' lang='grc' dir='ltr'>τάχει</span> <span class='ocrx_word' id='word_1_384' title='bbox 3363 2108 3562 2178; x_wconf 85' lang='grc' dir='ltr'>πολλῴ</span> <span class='ocrx_word' id='word_1_385' title='bbox 3589 2109 3688 2178; x_wconf 72' lang='grc' dir='ltr'><strong>τήν</strong></span> <span class='ocrx_word' id='word_1_386' title='bbox 3720 2128 3778 2160; x_wconf 85' lang='grc' dir='ltr'><strong>τε</strong></span> 
     </span>
    </p>
   </div>
   <div class='ocr_carea' id='block_1_57' title="bbox 2128 2193 3775 2278">
    <p class='ocr_par' dir='ltr' id='par_1_57' title="bbox 2128 2193 3775 2278">
     <span class='ocr_line' id='line_1_57' title="bbox 2128 2193 3775 2278; baseline -0.003 -20"><span class='ocrx_word' id='word_1_387' title='bbox 2128 2203 2350 2274; x_wconf 73' lang='grc' dir='ltr'>οἰκείαν,</span> <span class='ocrx_word' id='word_1_388' title='bbox 2403 2203 2492 2257; x_wconf 87' lang='grc' dir='ltr'><strong>καὶ</strong></span> <span class='ocrx_word' id='word_1_389' title='bbox 2548 2205 2646 2270; x_wconf 79' lang='grc' dir='ltr'><strong>τῆς</strong></span> <span class='ocrx_word' id='word_1_390' title='bbox 2704 2198 3041 2278; x_wconf 77' lang='grc' dir='ltr'>βαρϐαρικῆς</span> <span class='ocrx_word' id='word_1_391' title='bbox 3093 2196 3269 2275; x_wconf 76' lang='grc' dir='ltr'>ὄχθης</span> <span class='ocrx_word' id='word_1_392' title='bbox 3321 2197 3462 2253; x_wconf 77' lang='grc' dir='ltr'>ἔστιν</span> <span class='ocrx_word' id='word_1_393' title='bbox 3537 2199 3653 2270; x_wconf 86' lang='grc'>(74)</span> <span class='ocrx_word' id='word_1_394' title='bbox 3707 2193 3775 2264; x_wconf 76' lang='grc' dir='ltr'>ἤν</span> 
     </span>
    </p>
   </div>
   <div class='ocr_carea' id='block_1_58' title="bbox 2130 2287 3779 2368">
    <p class='ocr_par' dir='ltr' id='par_1_58' title="bbox 2130 2287 3779 2368">
     <span class='ocr_line' id='line_1_58' title="bbox 2130 2287 3779 2368; baseline -0.005 -21"><span class='ocrx_word' id='word_1_395' title='bbox 2130 2290 2466 2368; x_wconf 81' lang='grc' dir='ltr'>διαδραμὼν,</span> <span class='ocrx_word' id='word_1_396' title='bbox 2517 2292 2605 2347; x_wconf 76' lang='grc' dir='ltr'>καὶ</span> <span class='ocrx_word' id='word_1_397' title='bbox 2644 2297 2723 2364; x_wconf 79' lang='grc' dir='ltr'><strong>τῷ</strong></span> <span class='ocrx_word' id='word_1_398' title='bbox 2773 2291 2956 2347; x_wconf 88' lang='grc' dir='ltr'>λαθεῖν</span> <span class='ocrx_word' id='word_1_399' title='bbox 3002 2292 3114 2362; x_wconf 83' lang='grc'>(75)</span> <span class='ocrx_word' id='word_1_400' title='bbox 3168 2287 3377 2363; x_wconf 78' lang='grc' dir='ltr'>μᾶλλον</span> <span class='ocrx_word' id='word_1_401' title='bbox 3409 2289 3443 2357; x_wconf 80' lang='grc' dir='ltr'>ἣ</span> <span class='ocrx_word' id='word_1_402' title='bbox 3471 2287 3550 2358; x_wconf 78' lang='grc' dir='ltr'>τῷ</span> <span class='ocrx_word' id='word_1_403' title='bbox 3580 2292 3779 2362; x_wconf 80' lang='grc' dir='ltr'>κρατῆ-</span> 
     </span>
    </p>
   </div>
   <div class='ocr_carea' id='block_1_59' title="bbox 2131 2374 3775 2456">
    <p class='ocr_par' dir='ltr' id='par_1_59' title="bbox 2131 2374 3775 2456">
     <span class='ocr_line' id='line_1_59' title="bbox 2131 2374 3775 2456; baseline -0.006 -20"><span class='ocrx_word' id='word_1_404' title='bbox 2131 2403 2214 2436; x_wconf 92' lang='grc' dir='ltr'><strong>σαι</strong></span> <span class='ocrx_word' id='word_1_405' title='bbox 2269 2383 2361 2451; x_wconf 77' lang='grc' dir='ltr'>τὴν</span> <span class='ocrx_word' id='word_1_406' title='bbox 2409 2379 2644 2456; x_wconf 84' lang='grc' dir='ltr'>πάροδον</span> <span class='ocrx_word' id='word_1_407' title='bbox 2695 2382 2959 2454; x_wconf 86' lang='grc' dir='ltr'>ἁρπάσας,</span> <span class='ocrx_word' id='word_1_408' title='bbox 3017 2379 3248 2450; x_wconf 74' lang='grc' dir='ltr'>πλησίον</span> <span class='ocrx_word' id='word_1_409' title='bbox 3308 2382 3414 2432; x_wconf 75' lang='grc' dir='ltr'>τῶν</span> <span class='ocrx_word' id='word_1_410' title='bbox 3488 2374 3775 2450; x_wconf 83' lang='grc' dir='ltr'>βασιλείων</span> 
     </span>
    </p>
   </div>
   <div class='ocr_carea' id='block_1_60' title="bbox 2128 2464 3781 2546">
    <p class='ocr_par' dir='ltr' id='par_1_60' title="bbox 2128 2464 3781 2546">
     <span class='ocr_line' id='line_1_60' title="bbox 2128 2464 3781 2546; baseline -0.005 -21"><span class='ocrx_word' id='word_1_411' title='bbox 2128 2471 2328 2546; x_wconf 87' lang='grc' dir='ltr'>γίνεται</span> <span class='ocrx_word' id='word_1_412' title='bbox 2363 2490 2375 2503; x_wconf 88' lang='grc'><strong>·</strong></span> <span class='ocrx_word' id='word_1_413' title='bbox 2434 2471 2506 2532; x_wconf 81' lang='grc' dir='ltr'>ὡς</span> <span class='ocrx_word' id='word_1_414' title='bbox 2567 2473 2659 2542; x_wconf 75' lang='grc' dir='ltr'>μὲν</span> <span class='ocrx_word' id='word_1_415' title='bbox 2712 2471 2763 2524; x_wconf 71' lang='grc' dir='ltr'>οἱ</span> <span class='ocrx_word' id='word_1_416' title='bbox 2820 2471 2888 2524; x_wconf 86' lang='grc' dir='ltr'>τὰ</span> <span class='ocrx_word' id='word_1_417' title='bbox 2956 2467 3163 2523; x_wconf 78' lang='grc' dir='ltr'>ἐκείνου</span> <span class='ocrx_word' id='word_1_418' title='bbox 3235 2471 3574 2544; x_wconf 76' lang='grc' dir='ltr'>φρονοῦντες,</span> <span class='ocrx_word' id='word_1_419' title='bbox 3644 2464 3781 2518; x_wconf 83' lang='grc' dir='ltr'><strong>κατά</strong></span> 
     </span>
    </p>
   </div>
   <div class='ocr_carea' id='block_1_61' title="bbox 2130 2553 3778 2634">
    <p class='ocr_par' dir='ltr' id='par_1_61' title="bbox 2130 2553 3778 2634">
     <span class='ocr_line' id='line_1_61' title="bbox 2130 2553 3778 2634; baseline -0.005 -21"><span class='ocrx_word' id='word_1_420' title='bbox 2130 2559 2432 2634; x_wconf 86' lang='grc' dir='ltr'>πρόγνωσιν</span> <span class='ocrx_word' id='word_1_421' title='bbox 2481 2557 2567 2613; x_wconf 72' lang='grc' dir='ltr'><strong>ἐπὶ</strong></span> <span class='ocrx_word' id='word_1_422' title='bbox 2631 2561 2728 2628; x_wconf 75' lang='grc' dir='ltr'>τὴν</span> <span class='ocrx_word' id='word_1_423' title='bbox 2811 2557 3148 2631; x_wconf 77' lang='grc' dir='ltr'>ἐκστρατείαν</span> <span class='ocrx_word' id='word_1_424' title='bbox 3220 2558 3331 2630; x_wconf 87' lang='grc'>(76)</span> <span class='ocrx_word' id='word_1_425' title='bbox 3406 2554 3610 2630; x_wconf 78' lang='grc' dir='ltr'>ἀρθεὶς,</span> <span class='ocrx_word' id='word_1_426' title='bbox 3687 2553 3778 2606; x_wconf 85' lang='grc' dir='ltr'>καὶ</span> 
     </span>
    </p>
   </div>
   <div class='ocr_carea' id='block_1_62' title="bbox 2133 2643 3776 2721">
    <p class='ocr_par' dir='ltr' id='par_1_62' title="bbox 2133 2643 3776 2721">
     <span class='ocr_line' id='line_1_62' title="bbox 2133 2643 3776 2721; baseline -0.005 -19"><span class='ocrx_word' id='word_1_427' title='bbox 2133 2646 2405 2721; x_wconf 80' lang='grc' dir='ltr'>δαιμόνων</span> <span class='ocrx_word' id='word_1_428' title='bbox 2455 2669 2663 2718; x_wconf 86' lang='grc' dir='ltr'>κινησιν</span> <span class='ocrx_word' id='word_1_429' title='bbox 2709 2649 2771 2702; x_wconf 89' lang='grc' dir='ltr'>τὸ</span> <span class='ocrx_word' id='word_1_430' title='bbox 2824 2646 3026 2721; x_wconf 72' lang='grc' dir='ltr'>μέλλον</span> <span class='ocrx_word' id='word_1_431' title='bbox 3057 2644 3528 2721; x_wconf 71' lang='grc' dir='ltr'>ὑπισχνουμένων,</span> <span class='ocrx_word' id='word_1_432' title='bbox 3560 2643 3649 2696; x_wconf 86' lang='grc' dir='ltr'><strong>καὶ</strong></span> <span class='ocrx_word' id='word_1_433' title='bbox 3685 2662 3776 2714; x_wconf 84' lang='grc' dir='ltr'>με·</span> 
     </span>
    </p>
   </div>
   <div class='ocr_carea' id='block_1_63' title="bbox 2130 2727 3779 2810">
    <p class='ocr_par' dir='ltr' id='par_1_63' title="bbox 2130 2727 3779 2810">
     <span class='ocr_line' id='line_1_63' title="bbox 2130 2727 3779 2810; baseline -0.007 -18"><span class='ocrx_word' id='word_1_434' title='bbox 2130 2729 2372 2804; x_wconf 76' lang='grc' dir='ltr'>ταϐολήν</span> <span class='ocrx_word' id='word_1_435' title='bbox 2422 2737 2856 2809; x_wconf 89' lang='grc' dir='ltr'>πρυτανευόντων</span> <span class='ocrx_word' id='word_1_436' title='bbox 2918 2741 3036 2798; x_wconf 80' lang='grc' dir='ltr'>τοῖς</span> <span class='ocrx_word' id='word_1_437' title='bbox 3101 2736 3452 2810; x_wconf 82' lang='grc' dir='ltr'>πράγμασιν·</span> <span class='ocrx_word' id='word_1_438' title='bbox 3503 2732 3576 2792; x_wconf 84' lang='grc' dir='ltr'>ὡς</span> <span class='ocrx_word' id='word_1_439' title='bbox 3636 2727 3692 2783; x_wconf 76' lang='grc' dir='ltr'>δὲ</span> <span class='ocrx_word' id='word_1_440' title='bbox 3750 2733 3779 2781; x_wconf 69' lang='grc' dir='ltr'>ὁ</span> 
     </span>
    </p>
   </div>
   <div class='ocr_carea' id='block_1_64' title="bbox 2131 2818 3775 2901">
    <p class='ocr_par' dir='ltr' id='par_1_64' title="bbox 2131 2818 3775 2901">
     <span class='ocr_line' id='line_1_64' title="bbox 2131 2818 3775 2901; baseline -0.005 -21"><span class='ocrx_word' id='word_1_441' title='bbox 2131 2829 2239 2880; x_wconf 82' lang='grc' dir='ltr'>τῶν</span> <span class='ocrx_word' id='word_1_442' title='bbox 2302 2825 2678 2894; x_wconf 80' lang='grc' dir='ltr'>ἀληθευόντων</span> <span class='ocrx_word' id='word_1_443' title='bbox 2755 2824 2941 2901; x_wconf 89' lang='grc' dir='ltr'>λόγος,</span> <span class='ocrx_word' id='word_1_444' title='bbox 2991 2827 3129 2880; x_wconf 82' lang='grc' dir='ltr'>κατὰ</span> <span class='ocrx_word' id='word_1_445' title='bbox 3183 2820 3509 2898; x_wconf 83' lang='grc' dir='ltr'>προθεσμίαν</span> <span class='ocrx_word' id='word_1_446' title='bbox 3568 2818 3775 2894; x_wconf 87' lang='grc' dir='ltr'>παρὼν,</span> 
     </span>
    </p>
   </div>
   <div class='ocr_carea' id='block_1_65' title="bbox 2137 2903 3778 2990">
    <p class='ocr_par' dir='ltr' id='par_1_65' title="bbox 2137 2903 3778 2990">
     <span class='ocr_line' id='line_1_65' title="bbox 2137 2903 3778 2990; baseline -0.006 -22"><span class='ocrx_word' id='word_1_447' title='bbox 2137 2913 2262 2968; x_wconf 73' lang='grc' dir='ltr'>ἀλλ’</span> <span class='ocrx_word' id='word_1_448' title='bbox 2499 2912 2938 2990; x_wconf 74' lang='grc' dir='ltr'>ἀποῤῥητοτέραν</span> <span class='ocrx_word' id='word_1_449' title='bbox 3014 2934 3073 2968; x_wconf 86' lang='grc' dir='ltr'><strong>τε</strong></span> <span class='ocrx_word' id='word_1_450' title='bbox 3155 2911 3243 2967; x_wconf 81' lang='grc' dir='ltr'>καὶ</span> <span class='ocrx_word' id='word_1_451' title='bbox 3324 2907 3632 2984; x_wconf 70' lang='grc' dir='ltr'>βαθυτέραν,</span> <span class='ocrx_word' id='word_1_452' title='bbox 3689 2903 3778 2960; x_wconf 85' lang='grc' dir='ltr'>καὶ</span> 
     </span>
    </p>
   </div>
   <div class='ocr_carea' id='block_1_66' title="bbox 2138 2990 3786 3074">
    <p class='ocr_par' dir='ltr' id='par_1_66' title="bbox 2138 2990 3786 3074">
     <span class='ocr_line' id='line_1_66' title="bbox 2138 2990 3786 3074; baseline -0.007 -18"><span class='ocrx_word' id='word_1_453' title='bbox 2138 2999 2378 3056; x_wconf 77' lang='grc' dir='ltr'>σπεύδων</span> <span class='ocrx_word' id='word_1_454' title='bbox 2424 3000 2510 3055; x_wconf 81' lang='grc' dir='ltr'>ἐπὶ</span> <span class='ocrx_word' id='word_1_455' title='bbox 2561 3003 2800 3069; x_wconf 78' lang='grc' dir='ltr'>θάνατον,</span> <span class='ocrx_word' id='word_1_456' title='bbox 2853 2998 2914 3054; x_wconf 78' lang='grc' dir='ltr'><strong>οὗ</strong></span> <span class='ocrx_word' id='word_1_457' title='bbox 2960 2999 3298 3074; x_wconf 77' lang='grc' dir='ltr'>δημιουργὸς</span> <span class='ocrx_word' id='word_1_458' title='bbox 3348 2996 3506 3058; x_wconf 82' lang='grc' dir='ltr'>αὐτὸς</span> <span class='ocrx_word' id='word_1_459' title='bbox 3538 2995 3629 3062; x_wconf 76' lang='grc' dir='ltr'>ἦν,</span> <span class='ocrx_word' id='word_1_460' title='bbox 3661 2990 3786 3046; x_wconf 72' lang='grc' dir='ltr'><strong>κλέ-</strong></span> 
     </span>
    </p>
   </div>
   <div class='ocr_carea' id='block_1_67' title="bbox 2138 3081 3785 3165">
    <p class='ocr_par' dir='ltr' id='par_1_67' title="bbox 2138 3081 3785 3165">
     <span class='ocr_line' id='line_1_67' title="bbox 2138 3081 3785 3165; baseline -0.007 -21"><span class='ocrx_word' id='word_1_461' title='bbox 2138 3094 2240 3164; x_wconf 82' lang='grc' dir='ltr'><strong>ψας</strong></span> <span class='ocrx_word' id='word_1_462' title='bbox 2290 3090 2396 3144; x_wconf 84' lang='grc' dir='ltr'>τινὶ</span> <span class='ocrx_word' id='word_1_463' title='bbox 2437 3095 2541 3144; x_wconf 77' lang='grc' dir='ltr'><strong>τῶν</strong></span> <span class='ocrx_word' id='word_1_464' title='bbox 2593 3087 2740 3144; x_wconf 81' lang='grc' dir='ltr'>ἔνδον</span> <span class='ocrx_word' id='word_1_465' title='bbox 2792 3091 2889 3159; x_wconf 74' lang='grc' dir='ltr'>τὴν</span> <span class='ocrx_word' id='word_1_466' title='bbox 2943 3088 3284 3165; x_wconf 82' lang='grc' dir='ltr'>ἐπιχείρησιν</span> <span class='ocrx_word' id='word_1_467' title='bbox 3334 3089 3485 3159; x_wconf 89' lang='grc'>(78)·</span> <span class='ocrx_word' id='word_1_468' title='bbox 3537 3081 3674 3136; x_wconf 84' lang='grc' dir='ltr'>ὣστε</span> <span class='ocrx_word' id='word_1_469' title='bbox 3705 3081 3785 3134; x_wconf 74' lang='grc' dir='ltr'>εἷο</span> 
     </span>
    </p>
   </div>
   <div class='ocr_carea' id='block_1_68' title="bbox 2139 3167 3782 3254">
    <p class='ocr_par' dir='ltr' id='par_1_68' title="bbox 2139 3167 3782 3254">
     <span class='ocr_line' id='line_1_68' title="bbox 2139 3167 3782 3254; baseline -0.007 -20"><span class='ocrx_word' id='word_1_470' title='bbox 2139 3201 2222 3234; x_wconf 90' lang='grc' dir='ltr'><strong>ναι</strong></span> <span class='ocrx_word' id='word_1_471' title='bbox 2265 3181 2339 3251; x_wconf 79' lang='grc' dir='ltr'>μὴ</span> <span class='ocrx_word' id='word_1_472' title='bbox 2380 3182 2490 3252; x_wconf 86' lang='grc'>(79)</span> <span class='ocrx_word' id='word_1_473' title='bbox 2538 3178 2866 3254; x_wconf 87' lang='grc' dir='ltr'>πρόγνωσιν,</span> <span class='ocrx_word' id='word_1_474' title='bbox 2917 3176 3063 3233; x_wconf 79' lang='grc' dir='ltr'>ἀλλὰ</span> <span class='ocrx_word' id='word_1_475' title='bbox 3110 3179 3329 3252; x_wconf 80' lang='grc' dir='ltr'>γνῶσιν,</span> <span class='ocrx_word' id='word_1_476' title='bbox 3377 3195 3465 3228; x_wconf 86' lang='grc' dir='ltr'><strong>και</strong></span> <span class='ocrx_word' id='word_1_477' title='bbox 3513 3167 3782 3245; x_wconf 82' lang='grc' dir='ltr'>πονηρίας</span> 
     </span>
    </p>
   </div>
   <div class='ocr_carea' id='block_1_69' title="bbox 2140 3258 3782 3346">
    <p class='ocr_par' dir='ltr' id='par_1_69' title="bbox 2140 3258 3782 3346">
     <span class='ocr_line' id='line_1_69' title="bbox 2140 3258 3782 3346; baseline -0.007 -23"><span class='ocrx_word' id='word_1_478' title='bbox 2140 3267 2321 3346; x_wconf 80' lang='grc' dir='ltr'>ἔργον,</span> <span class='ocrx_word' id='word_1_479' title='bbox 2382 3265 2526 3322; x_wconf 76' lang='grc' dir='ltr'>ἀλλὰ</span> <span class='ocrx_word' id='word_1_480' title='bbox 2586 3269 2660 3341; x_wconf 76' lang='grc' dir='ltr'>μὴ</span> <span class='ocrx_word' id='word_1_481' title='bbox 2721 3265 2993 3339; x_wconf 83' lang='grc' dir='ltr'>δαιμόνων</span> <span class='ocrx_word' id='word_1_482' title='bbox 3050 3264 3391 3340; x_wconf 64' lang='grc' dir='ltr'>εὐεργέτημα</span> <span class='ocrx_word' id='word_1_483' title='bbox 3445 3262 3505 3316; x_wconf 83' lang='grc' dir='ltr'>τὸ</span> <span class='ocrx_word' id='word_1_484' title='bbox 3567 3258 3782 3336; x_wconf 86' lang='grc' dir='ltr'>γινόμε-</span> 
     </span>
    </p>
   </div>
   <div class='ocr_carea' id='block_1_70' title="bbox 2135 3351 3782 3431">
    <p class='ocr_par' dir='ltr' id='par_1_70' title="bbox 2135 3351 3782 3431">
     <span class='ocr_line' id='line_1_70' title="bbox 2135 3351 3782 3431; baseline -0.007 -20"><span class='ocrx_word' id='word_1_485' title='bbox 2135 3377 2258 3413; x_wconf 79' lang='grc' dir='ltr'>νον’</span> <span class='ocrx_word' id='word_1_486' title='bbox 2311 3354 2363 3410; x_wconf 81' lang='grc' dir='ltr'>ο⁴’ί</span> <span class='ocrx_word' id='word_1_487' title='bbox 2410 3378 2473 3431; x_wconf 91' lang='grc' dir='ltr'><strong>γε</strong></span> <span class='ocrx_word' id='word_1_488' title='bbox 2517 3361 2634 3418; x_wconf 82' lang='grc' dir='ltr'><strong>πῶς</strong></span> <span class='ocrx_word' id='word_1_489' title='bbox 2681 3353 2932 3430; x_wconf 69' lang='grc' dir='ltr'>εὔστοχοι</span> <span class='ocrx_word' id='word_1_490' title='bbox 2978 3355 3045 3409; x_wconf 74' lang='grc' dir='ltr'>τὰ</span> <span class='ocrx_word' id='word_1_491' title='bbox 3089 3351 3332 3418; x_wconf 72' lang='grc' dir='ltr'>τοιαῧτα,</span> <span class='ocrx_word' id='word_1_492' title='bbox 3380 3351 3573 3426; x_wconf 85' lang='grc' dir='ltr'>Περσὶς</span> <span class='ocrx_word' id='word_1_493' title='bbox 3603 3351 3782 3424; x_wconf 78' lang='grc' dir='ltr'>σαφῶς</span> 
     </span>
    </p>
   </div>
   <div class='ocr_carea' id='block_1_71' title="bbox 2140 3436 3785 3519">
    <p class='ocr_par' dir='ltr' id='par_1_71' title="bbox 2140 3436 3785 3519">
     <span class='ocr_line' id='line_1_71' title="bbox 2140 3436 3785 3519; baseline -0.004 -19"><span class='ocrx_word' id='word_1_494' title='bbox 2140 3445 2269 3516; x_wconf 83' lang='grc' dir='ltr'>ἔειξε</span> <span class='ocrx_word' id='word_1_495' title='bbox 2344 3448 2475 3519; x_wconf 87' lang='lat'>(80).</span> <span class='ocrx_word' id='word_1_496' title='bbox 2547 3444 2642 3499; x_wconf 82' lang='grc' dir='ltr'>Καὶ</span> <span class='ocrx_word' id='word_1_497' title='bbox 2701 3446 3088 3507; x_wconf 79' lang='grc' dir='ltr'>παυσάσθωσαν</span> <span class='ocrx_word' id='word_1_498' title='bbox 3147 3443 3199 3496; x_wconf 74' lang='grc' dir='ltr'>οἱ</span> <span class='ocrx_word' id='word_1_499' title='bbox 3249 3441 3311 3495; x_wconf 87' lang='grc' dir='ltr'><strong>τὸ</strong></span> <span class='ocrx_word' id='word_1_500' title='bbox 3367 3438 3570 3494; x_wconf 71' lang='grc' dir='ltr'>ἐκείνου</span> <span class='ocrx_word' id='word_1_501' title='bbox 3615 3436 3785 3510; x_wconf 79' lang='grc' dir='ltr'>τάχος</span> 
     </span>
    </p>
   </div>
   <div class='ocr_carea' id='block_1_72' title="bbox 2139 3523 3784 3610">
    <p class='ocr_par' dir='ltr' id='par_1_72' title="bbox 2139 3523 3784 3610">
     <span class='ocr_line' id='line_1_72' title="bbox 2139 3523 3784 3610; baseline -0.009 -20"><span class='ocrx_word' id='word_1_502' title='bbox 2139 3540 2257 3596; x_wconf 82' lang='grc' dir='ltr'>τοῖς</span> <span class='ocrx_word' id='word_1_503' title='bbox 2292 3532 2539 3608; x_wconf 89' lang='grc' dir='ltr'>δαίμοσιν</span> <span class='ocrx_word' id='word_1_504' title='bbox 2574 3532 2991 3610; x_wconf 67' lang='grc' dir='ltr'>ἐπιφημίζοντες</span> <span class='ocrx_word' id='word_1_505' title='bbox 3019 3552 3030 3564; x_wconf 88' lang='grc'><strong>·</strong></span> <span class='ocrx_word' id='word_1_506' title='bbox 3067 3531 3111 3586; x_wconf 82' lang='grc' dir='ltr'>εἷ</span> <span class='ocrx_word' id='word_1_507' title='bbox 3147 3533 3220 3604; x_wconf 71' lang='grc' dir='ltr'><strong>μή</strong></span> <span class='ocrx_word' id='word_1_508' title='bbox 3254 3551 3315 3608; x_wconf 89' lang='grc' dir='ltr'><strong>γε</strong></span> <span class='ocrx_word' id='word_1_509' title='bbox 3361 3531 3473 3603; x_wconf 79' lang='grc'>(81)</span> <span class='ocrx_word' id='word_1_510' title='bbox 3521 3527 3611 3581; x_wconf 86' lang='grc' dir='ltr'>καὶ</span> <span class='ocrx_word' id='word_1_511' title='bbox 3655 3523 3784 3578; x_wconf 72' lang='grc' dir='ltr'>αὐτὸ</span> 
     </span>
    </p>
   </div>
   <div class='ocr_carea' id='block_1_73' title="bbox 2142 3621 3232 3696">
    <p class='ocr_par' dir='ltr' id='par_1_73' title="bbox 2142 3621 3232 3696">
     <span class='ocr_line' id='line_1_73' title="bbox 2142 3621 3232 3696; baseline -0.002 -18"><span class='ocrx_word' id='word_1_512' title='bbox 2142 3625 2204 3679; x_wconf 87' lang='grc' dir='ltr'>τὸ</span> <span class='ocrx_word' id='word_1_513' title='bbox 2233 3621 2395 3678; x_wconf 78' lang='grc' dir='ltr'>κακὸν</span> <span class='ocrx_word' id='word_1_514' title='bbox 2430 3624 2561 3678; x_wconf 80' lang='grc' dir='ltr'>εἶναι</span> <span class='ocrx_word' id='word_1_515' title='bbox 2591 3623 2803 3684; x_wconf 78' lang='grc' dir='ltr'>τούτοις</span> <span class='ocrx_word' id='word_1_516' title='bbox 2833 3623 3232 3696; x_wconf 82' lang='grc' dir='ltr'>προσθήσομεν.</span> 
     </span>
    </p>
   </div>
   <div class='ocr_carea' id='block_1_74' title="bbox 384 3705 3791 3788">
    <p class='ocr_par' dir='ltr' id='par_1_74' title="bbox 384 3705 3791 3788">
     <span class='ocr_line' id='line_1_74' title="bbox 384 3705 3791 3788; baseline -0.002 -22"><span class='ocrx_word' id='word_1_517' title='bbox 384 3717 467 3766; x_wconf 80' lang='lat' dir='ltr'><strong>Ac</strong></span> <span class='ocrx_word' id='word_1_518' title='bbox 498 3713 673 3768; x_wconf 76' lang='lat' dir='ltr'><strong>finem</strong></span> <span class='ocrx_word' id='word_1_519' title='bbox 705 3713 944 3769; x_wconf 87' lang='lat' dir='ltr'><strong>tandem</strong></span> <span class='ocrx_word' id='word_1_520' title='bbox 976 3715 1214 3786; x_wconf 79' lang='lat' dir='ltr'><strong>faciant,</strong></span> <span class='ocrx_word' id='word_1_521' title='bbox 1249 3715 1350 3788; x_wconf 93' lang='lat' dir='ltr'><strong>qui</strong></span> <span class='ocrx_word' id='word_1_522' title='bbox 1380 3715 1540 3772; x_wconf 90' lang='lat' dir='ltr'><strong>illius</strong></span> <span class='ocrx_word' id='word_1_523' title='bbox 1573 3715 1931 3772; x_wconf 88' lang='lat' dir='ltr'><strong>celeritatem</strong></span> <span class='ocrx_word' id='word_1_524' title='bbox 1963 3716 2328 3772; x_wconf 74' lang='lat' dir='ltr'><strong>daemonibus</strong></span> <span class='ocrx_word' id='word_1_525' title='bbox 2360 3715 2661 3771; x_wconf 81' lang='lat' dir='ltr'><strong>ascribunt</strong></span> <span class='ocrx_word' id='word_1_526' title='bbox 2695 3731 2707 3768; x_wconf 90' lang='lat'>:</span> <span class='ocrx_word' id='word_1_527' title='bbox 2742 3715 2855 3769; x_wconf 92' lang='lat' dir='ltr'><strong>nisi</strong></span> <span class='ocrx_word' id='word_1_528' title='bbox 2889 3715 2996 3769; x_wconf 90' lang='lat' dir='ltr'><strong>hoc</strong></span> <span class='ocrx_word' id='word_1_529' title='bbox 3023 3727 3258 3784; x_wconf 87' lang='lat' dir='ltr'><strong>quoque</strong></span> <span class='ocrx_word' id='word_1_530' title='bbox 3290 3710 3510 3783; x_wconf 88' lang='lat' dir='ltr'><strong>ipsum,</strong></span> <span class='ocrx_word' id='word_1_531' title='bbox 3543 3705 3791 3762; x_wconf 86' lang='lat' dir='ltr'><strong>scelera-</strong></span> 
     </span>
    </p>
   </div>
   <div class='ocr_carea' id='block_1_75' title="bbox 385 3799 1262 3876">
    <p class='ocr_par' dir='ltr' id='par_1_75' title="bbox 385 3799 1262 3876">
     <span class='ocr_line' id='line_1_75' title="bbox 385 3799 1262 3876; baseline 0.011 -26"><span class='ocrx_word' id='word_1_532' title='bbox 385 3799 512 3856; x_wconf 86' lang='lat' dir='ltr'><strong>tum</strong></span> <span class='ocrx_word' id='word_1_533' title='bbox 542 3818 690 3871; x_wconf 85' lang='lat' dir='ltr'><strong>esse,</strong></span> <span class='ocrx_word' id='word_1_534' title='bbox 723 3802 817 3858; x_wconf 89' lang='lat' dir='ltr'><strong>his</strong></span> <span class='ocrx_word' id='word_1_535' title='bbox 847 3803 1262 3876; x_wconf 88' lang='lat' dir='ltr'><strong>adjungamus.</strong></span> 
     </span>
    </p>
   </div>
   <div class='ocr_carea' id='block_1_76' title="bbox 459 3910 2034 3983">
    <p class='ocr_par' dir='ltr' id='par_1_76' title="bbox 459 3910 2034 3983">
     <span class='ocr_line' id='line_1_76' title="bbox 459 3910 2034 3983; baseline 0.001 -18"><span class='ocrx_word' id='word_1_536' title='bbox 459 3910 696 3966; x_wconf 85' lang='lat' dir='ltr'><strong>XLVIII.</strong></span> <span class='ocrx_word' id='word_1_537' title='bbox 731 3912 891 3976; x_wconf 86' lang='lat' dir='ltr'><strong>Quod</strong></span> <span class='ocrx_word' id='word_1_538' title='bbox 926 3911 1041 3967; x_wconf 91' lang='lat' dir='ltr'><strong>nisi</strong></span> <span class='ocrx_word' id='word_1_539' title='bbox 1069 3912 1299 3983; x_wconf 82' lang='lat' dir='ltr'><strong>tyranni</strong></span> <span class='ocrx_word' id='word_1_540' title='bbox 1338 3913 1650 3969; x_wconf 90' lang='lat' dir='ltr'><strong>adventum</strong></span> <span class='ocrx_word' id='word_1_541' title='bbox 1683 3915 1740 3968; x_wconf 89' lang='lat' dir='ltr'><strong>et</strong></span> <span class='ocrx_word' id='word_1_542' title='bbox 1786 3911 2034 3983; x_wconf 90' lang='lat' dir='ltr'><strong>impres-</strong></span> 
     </span>
    </p>
   </div>
   <div class='ocr_carea' id='block_1_77' title="bbox 389 3999 2038 4074">
    <p class='ocr_par' dir='ltr' id='par_1_77' title="bbox 389 3999 2038 4074">
     <span class='ocr_line' id='line_1_77' title="bbox 389 3999 2038 4074; baseline 0.001 -19"><span class='ocrx_word' id='word_1_543' title='bbox 389 3999 612 4055; x_wconf 82' lang='lat' dir='ltr'><strong>sionem</strong></span> <span class='ocrx_word' id='word_1_544' title='bbox 665 4017 823 4055; x_wconf 90' lang='lat' dir='ltr'><strong>mors</strong></span> <span class='ocrx_word' id='word_1_545' title='bbox 879 4001 1248 4074; x_wconf 88' lang='lat' dir='ltr'><strong>imperatoris</strong></span> <span class='ocrx_word' id='word_1_546' title='bbox 1300 4001 1726 4073; x_wconf 87' lang='lat' dir='ltr'><strong>antevertisset,</strong></span> <span class='ocrx_word' id='word_1_547' title='bbox 1787 3999 2038 4073; x_wconf 90' lang='lat' dir='ltr'><strong>plusque</strong></span> 
     </span>
    </p>
   </div>
   <div class='ocr_carea' id='block_1_78' title="bbox 390 4089 2036 4163">
    <p class='ocr_par' dir='ltr' id='par_1_78' title="bbox 390 4089 2036 4163">
     <span class='ocr_line' id='line_1_78' title="bbox 390 4089 2036 4163; baseline 0.001 -21"><span class='ocrx_word' id='word_1_548' title='bbox 390 4090 707 4143; x_wconf 90' lang='lat' dir='ltr'><strong>obscurum</strong></span> <span class='ocrx_word' id='word_1_549' title='bbox 757 4089 996 4155; x_wconf 91' lang='lat' dir='ltr'><strong>bellum,</strong></span> <span class='ocrx_word' id='word_1_550' title='bbox 1029 4107 1203 4160; x_wconf 89' lang='lat' dir='ltr'><strong>quam</strong></span> <span class='ocrx_word' id='word_1_551' title='bbox 1238 4095 1438 4163; x_wconf 87' lang='lat' dir='ltr'><strong>aperta</strong></span> <span class='ocrx_word' id='word_1_552' title='bbox 1485 4107 1697 4146; x_wconf 89' lang='lat' dir='ltr'><strong>manus</strong></span> <span class='ocrx_word' id='word_1_553' title='bbox 1727 4091 2036 4162; x_wconf 89' lang='lat' dir='ltr'><strong>potuisset,</strong></span> 
     </span>
    </p>
   </div>
   <div class='ocr_carea' id='block_1_79' title="bbox 388 4175 2041 4237">
    <p class='ocr_par' dir='ltr' id='par_1_79' title="bbox 388 4175 2041 4237">
     <span class='ocr_line' id='line_1_79' title="bbox 388 4175 2041 4237; baseline 0.001 -5"><span class='ocrx_word' id='word_1_554' title='bbox 388 4175 771 4234; x_wconf 83' lang='lat' dir='ltr'><strong>intellexisset</strong></span> <span class='ocrx_word' id='word_1_555' title='bbox 816 4179 1062 4236; x_wconf 83' lang='lat' dir='ltr'><strong>fortasse</strong></span> <span class='ocrx_word' id='word_1_556' title='bbox 1090 4179 1520 4237; x_wconf 89' lang='lat' dir='ltr'><strong>consceleratus</strong></span> <span class='ocrx_word' id='word_1_557' title='bbox 1551 4180 1648 4236; x_wconf 91' lang='lat' dir='ltr'><strong>ille</strong></span> <span class='ocrx_word' id='word_1_558' title='bbox 1676 4196 1744 4236; x_wconf 86' lang='lat' dir='ltr'><strong>ac</strong></span> <span class='ocrx_word' id='word_1_559' title='bbox 1782 4179 2041 4235; x_wconf 82' lang='lat' dir='ltr'><strong>nefarius</strong></span> 
     </span>
    </p>
   </div>
   <div class='ocr_carea' id='block_1_80' title="bbox 465 4405 1656 4484">
    <p class='ocr_par' dir='ltr' id='par_1_80' title="bbox 465 4405 1656 4484">
     <span class='ocr_line' id='line_1_80' title="bbox 465 4405 1656 4484; baseline -0.014 -7"><span class='ocrx_word' id='word_1_560' title='bbox 608 4407 899 4484; x_wconf 63' lang='grc' dir='ltr'>βροφεὶσει.</span> <span class='ocrx_word' id='word_1_561' title='bbox 935 4407 1334 4484; x_wconf 49' lang='grc' dir='ltr'><strong>ΙξΙυΓθεηοοάἀ.</strong></span> <span class='ocrx_word' id='word_1_562' title='bbox 1366 4405 1656 4484; x_wconf 81' lang='grc' dir='ltr'>πρόφασιν.</span> 
     </span>
    </p>
   </div>
   <div class='ocr_carea' id='block_1_81' title="bbox 462 4475 1210 4548">
    <p class='ocr_par' dir='ltr' id='par_1_81' title="bbox 462 4475 1210 4548">
     <span class='ocr_line' id='line_1_81' title="bbox 462 4475 1210 4548; baseline -0.001 -16"><span class='ocrx_word' id='word_1_563' title='bbox 462 4475 579 4548; x_wconf 83' lang='grc'>(71)</span> <span class='ocrx_word' id='word_1_564' title='bbox 608 4475 718 4539; x_wconf 73' lang='grc' dir='ltr'>Ὦς.</span> <span class='ocrx_word' id='word_1_565' title='bbox 738 4475 908 4535; x_wconf 71' lang='grc' dir='ltr'><strong>Ὀοιὺ,</strong></span> <span class='ocrx_word' id='word_1_566' title='bbox 940 4482 994 4546; x_wconf 89' lang='lat'><strong>3,</strong></span> <span class='ocrx_word' id='word_1_567' title='bbox 1025 4478 1098 4539; x_wconf 85' lang='grc' dir='ltr'>ὡς</span> <span class='ocrx_word' id='word_1_568' title='bbox 1129 4475 1210 4532; x_wconf 81' lang='grc' dir='ltr'><strong>ἄν.</strong></span> 
     </span>
    </p>
   </div>
   <div class='ocr_carea' id='block_1_82' title="bbox 465 4550 2041 4624">
    <p class='ocr_par' dir='ltr' id='par_1_82' title="bbox 465 4550 2041 4624">
     <span class='ocr_line' id='line_1_82' title="bbox 465 4550 2041 4624; baseline 0.001 -21"><span class='ocrx_word' id='word_1_569' title='bbox 465 4552 574 4622; x_wconf 83' lang='grc'>(72)</span> <span class='ocrx_word' id='word_1_570' title='bbox 607 4551 717 4624; x_wconf 16' lang='grc' dir='ltr'>Καὶ,</span> <span class='ocrx_word' id='word_1_571' title='bbox 751 4551 848 4623; x_wconf 77' lang='grc' dir='ltr'><strong>μή.</strong></span> <span class='ocrx_word' id='word_1_572' title='bbox 883 4553 969 4607; x_wconf 91' lang='lat' dir='ltr'><strong>Ita</strong></span> <span class='ocrx_word' id='word_1_573' title='bbox 1010 4551 1150 4624; x_wconf 83' lang='lat' dir='ltr'><strong>Reg.</strong></span> <span class='ocrx_word' id='word_1_574' title='bbox 1197 4551 1299 4619; x_wconf 92' lang='lat' dir='ltr'><strong>hu,</strong></span> <span class='ocrx_word' id='word_1_575' title='bbox 1345 4550 1503 4606; x_wconf 88' lang='lat' dir='ltr'><strong>Colb.</strong></span> <span class='ocrx_word' id='word_1_576' title='bbox 1558 4553 1610 4621; x_wconf 90' lang='lat'><strong>3,</strong></span> <span class='ocrx_word' id='word_1_577' title='bbox 1644 4550 1740 4607; x_wconf 89' lang='lat' dir='ltr'><strong>Or.</strong></span> <span class='ocrx_word' id='word_1_578' title='bbox 1791 4551 1844 4621; x_wconf 78' lang='lat' dir='ltr'><strong>l,</strong></span> <span class='ocrx_word' id='word_1_579' title='bbox 1878 4550 2041 4606; x_wconf 88' lang='lat' dir='ltr'><strong>Pass.</strong></span> 
     </span>
    </p>
   </div>
   <div class='ocr_carea' id='block_1_83' title="bbox 396 4623 888 4694">
    <p class='ocr_par' dir='ltr' id='par_1_83' title="bbox 396 4623 888 4694">
     <span class='ocr_line' id='line_1_83' title="bbox 396 4623 888 4694; baseline -0.004 -14"><span class='ocrx_word' id='word_1_580' title='bbox 396 4623 565 4680; x_wconf 81' lang='lat' dir='ltr'><strong>Deest</strong></span> <span class='ocrx_word' id='word_1_581' title='bbox 596 4624 669 4694; x_wconf 78' lang='grc' dir='ltr'><strong>μή</strong></span> <span class='ocrx_word' id='word_1_582' title='bbox 705 4623 764 4678; x_wconf 92' lang='lat' dir='ltr'><strong>in</strong></span> <span class='ocrx_word' id='word_1_583' title='bbox 795 4625 888 4678; x_wconf 91' lang='lat' dir='ltr'><strong>ed.</strong></span> 
     </span>
    </p>
   </div>
   <div class='ocr_carea' id='block_1_84' title="bbox 465 4692 2042 4765">
    <p class='ocr_par' dir='ltr' id='par_1_84' title="bbox 465 4692 2042 4765">
     <span class='ocr_line' id='line_1_84' title="bbox 465 4692 2042 4765; baseline 0.001 -17"><span class='ocrx_word' id='word_1_584' title='bbox 465 4692 675 4765; x_wconf 84' lang='grc' dir='ltr'>(73)Τά</span> <span class='ocrx_word' id='word_1_585' title='bbox 701 4700 822 4762; x_wconf 82' lang='grc' dir='ltr'>τῆς.</span> <span class='ocrx_word' id='word_1_586' title='bbox 855 4693 1056 4749; x_wconf 87' lang='lat' dir='ltr'><strong>Plures</strong></span> <span class='ocrx_word' id='word_1_587' title='bbox 1085 4694 1252 4749; x_wconf 88' lang='lat' dir='ltr'><strong>codd.</strong></span> <span class='ocrx_word' id='word_1_588' title='bbox 1272 4692 1334 4747; x_wconf 89' lang='grc' dir='ltr'>τὸ</span> <span class='ocrx_word' id='word_1_589' title='bbox 1361 4699 1479 4761; x_wconf 82' lang='grc' dir='ltr'>τῆς.</span> <span class='ocrx_word' id='word_1_590' title='bbox 1511 4693 1814 4750; x_wconf 90' lang='lat' dir='ltr'><strong>Calvinum</strong></span> <span class='ocrx_word' id='word_1_591' title='bbox 1846 4693 1940 4749; x_wconf 86' lang='lat' dir='ltr'><strong>his</strong></span> <span class='ocrx_word' id='word_1_592' title='bbox 1962 4692 2042 4749; x_wconf 81' lang='lat' dir='ltr'><strong>fe-</strong></span> 
     </span>
    </p>
   </div>
   <div class='ocr_carea' id='block_1_85' title="bbox 392 4765 1408 4838">
    <p class='ocr_par' dir='ltr' id='par_1_85' title="bbox 392 4765 1408 4838">
     <span class='ocr_line' id='line_1_85' title="bbox 392 4765 1408 4838; baseline 0.001 -19"><span class='ocrx_word' id='word_1_593' title='bbox 392 4765 491 4820; x_wconf 90' lang='lat' dir='ltr'><strong>riri</strong></span> <span class='ocrx_word' id='word_1_594' title='bbox 527 4766 614 4821; x_wconf 88' lang='lat' dir='ltr'><strong>vel</strong></span> <span class='ocrx_word' id='word_1_595' title='bbox 645 4768 770 4838; x_wconf 84' lang='lat' dir='ltr'><strong>ipse</strong></span> <span class='ocrx_word' id='word_1_596' title='bbox 804 4766 1195 4838; x_wconf 83' lang='lat' dir='ltr'><strong>Montacutius</strong></span> <span class='ocrx_word' id='word_1_597' title='bbox 1228 4771 1408 4821; x_wconf 91' lang='lat' dir='ltr'><strong>notat.</strong></span> 
     </span>
    </p>
   </div>
   <div class='ocr_carea' id='block_1_86' title="bbox 388 4830 2038 4962">
    <p class='ocr_par' dir='ltr' id='par_1_86' title="bbox 388 4830 2038 4962">
     <span class='ocr_line' id='line_1_86' title="bbox 388 4830 2038 4962; baseline -0.005 -68"><span class='ocrx_word' id='word_1_598' title='bbox 388 4905 412 4962; x_wconf 61' lang='grc' dir='ltr'><strong>ἐ</strong></span> <span class='ocrx_word' id='word_1_599' title='bbox 462 4830 819 4962; x_wconf 37' lang='lat' dir='ltr'><strong>(PFO-7.01;:</strong></span> <span class='ocrx_word' id='word_1_600' title='bbox 877 4834 1039 4892; x_wconf 78' lang='grc' dir='ltr'>ἔστιν.</span> <span class='ocrx_word' id='word_1_601' title='bbox 1101 4838 1240 4910; x_wconf 85' lang='lat' dir='ltr'><strong>Reg.</strong></span> <span class='ocrx_word' id='word_1_602' title='bbox 1283 4855 1341 4911; x_wconf 87' lang='lat' dir='ltr'><strong>u,</strong></span> <span class='ocrx_word' id='word_1_603' title='bbox 1387 4845 1441 4893; x_wconf 89' lang='lat' dir='ltr'><strong>et</strong></span> <span class='ocrx_word' id='word_1_604' title='bbox 1489 4838 1649 4892; x_wconf 87' lang='lat' dir='ltr'><strong>Pass.</strong></span> <span class='ocrx_word' id='word_1_605' title='bbox 1710 4830 1886 4910; x_wconf 73' lang='grc' dir='ltr'>ὄχθης</span> <span class='ocrx_word' id='word_1_606' title='bbox 1939 4832 2038 4903; x_wconf 82' lang='grc' dir='ltr'>ὅση</span> 
     </span>
     <span class='ocr_line' id='line_1_87' title="bbox 415 4929 549 4962; baseline 0 0"><span class='ocrx_word' id='word_1_607' title='bbox 415 4929 549 4962; x_wconf 86' lang='grc' dir='ltr'>στν.</span> 
     </span>
    </p>
   </div>
   <div class='ocr_carea' id='block_1_87' title="bbox 415 4929 549 4963">
    <p class='ocr_par' dir='ltr' id='par_1_87' title="bbox 415 4929 549 4963">
     <span class='ocr_line' id='line_1_88' title="bbox 415 4929 549 4963; baseline -0.007 0"><span class='ocrx_word' id='word_1_608' title='bbox 415 4929 549 4963; x_wconf 88' lang='grc' dir='ltr'>στιν.</span> 
     </span>
    </p>
   </div>
   <div class='ocr_carea' id='block_1_88' title="bbox 460 4975 2042 5054">
    <p class='ocr_par' dir='ltr' id='par_1_88' title="bbox 460 4975 2042 5054">
     <span class='ocr_line' id='line_1_89' title="bbox 460 4975 2042 5054; baseline -0.003 -20"><span class='ocrx_word' id='word_1_609' title='bbox 460 4982 575 5054; x_wconf 85' lang='grc'>(75)</span> <span class='ocrx_word' id='word_1_610' title='bbox 614 4980 702 5054; x_wconf 68' lang='grc' dir='ltr'><strong>Τῷ</strong></span> <span class='ocrx_word' id='word_1_611' title='bbox 749 4975 956 5054; x_wconf 64' lang='grc' dir='ltr'>λαθεῖν.</span> <span class='ocrx_word' id='word_1_612' title='bbox 1009 4981 1148 5054; x_wconf 82' lang='lat' dir='ltr'><strong>Reg.</strong></span> <span class='ocrx_word' id='word_1_613' title='bbox 1183 4979 1446 5037; x_wconf 91' lang='lat' dir='ltr'><strong>nonnulli</strong></span> <span class='ocrx_word' id='word_1_614' title='bbox 1478 4985 1548 5054; x_wconf 89' lang='lat' dir='ltr'><strong>_et</strong></span> <span class='ocrx_word' id='word_1_615' title='bbox 1573 4978 1731 5035; x_wconf 87' lang='lat' dir='ltr'><strong>Colb.</strong></span> <span class='ocrx_word' id='word_1_616' title='bbox 1766 4979 1867 5054; x_wconf 63' lang='lat' dir='ltr'><strong>0r.</strong></span> <span class='ocrx_word' id='word_1_617' title='bbox 1896 4979 1948 5054; x_wconf 79' lang='lat'><strong>1,</strong></span> <span class='ocrx_word' id='word_1_618' title='bbox 1981 4976 2042 5030; x_wconf 81' lang='grc' dir='ltr'>τὸ</span> 
     </span>
    </p>
   </div>
   <div class='ocr_carea' id='block_1_89' title="bbox 393 5049 2044 5128">
    <p class='ocr_par' dir='ltr' id='par_1_89' title="bbox 393 5049 2044 5128">
     <span class='ocr_line' id='line_1_90' title="bbox 393 5049 2044 5128; baseline -0.001 -24"><span class='ocrx_word' id='word_1_619' title='bbox 393 5049 575 5128; x_wconf 75' lang='grc' dir='ltr'>λαθεῖν</span> <span class='ocrx_word' id='word_1_620' title='bbox 595 5049 706 5128; x_wconf 64' lang='grc' dir='ltr'><strong>Δμξν</strong></span> <span class='ocrx_word' id='word_1_621' title='bbox 813 5052 878 5128; x_wconf 72' lang='grc' dir='ltr'>τὸ</span> <span class='ocrx_word' id='word_1_622' title='bbox 908 5049 1194 5128; x_wconf 64' lang='grc' dir='ltr'>κρατῆσαι.</span> <span class='ocrx_word' id='word_1_623' title='bbox 1245 5054 1408 5128; x_wconf 79' lang='lat' dir='ltr'><strong>Pass.</strong></span> <span class='ocrx_word' id='word_1_624' title='bbox 1439 5049 1529 5128; x_wconf 52' lang='grc' dir='ltr'><strong>τὸ-</strong></span> <span class='ocrx_word' id='word_1_625' title='bbox 1550 5054 1782 5128; x_wconf 68' lang='grc' dir='ltr'>κρατεῖν.</span> <span class='ocrx_word' id='word_1_626' title='bbox 1816 5049 1905 5104; x_wconf 86' lang='lat' dir='ltr'><strong>Sic</strong></span> <span class='ocrx_word' id='word_1_627' title='bbox 1926 5049 2044 5128; x_wconf 58' lang='lat' dir='ltr'><strong>iter</strong></span> 
     </span>
    </p>
   </div>
   <div class='ocr_carea' id='block_1_90' title="bbox 388 5121 2039 5193">
    <p class='ocr_par' dir='ltr' id='par_1_90' title="bbox 388 5121 2039 5193">
     <span class='ocr_line' id='line_1_91' title="bbox 388 5121 2039 5193; baseline -0.001 -16"><span class='ocrx_word' id='word_1_628' title='bbox 388 5121 619 5179; x_wconf 84' lang='lat' dir='ltr'><strong>Juliani</strong></span> <span class='ocrx_word' id='word_1_629' title='bbox 640 5121 979 5180; x_wconf 75' lang='lat' dir='ltr'><strong>describunt</strong></span> <span class='ocrx_word' id='word_1_630' title='bbox 1007 5127 1472 5193; x_wconf 81' lang='lat' dir='ltr'><strong>Mammertinus,</strong></span> <span class='ocrx_word' id='word_1_631' title='bbox 1507 5122 1785 5178; x_wconf 87' lang='lat' dir='ltr'><strong>Libanius</strong></span> <span class='ocrx_word' id='word_1_632' title='bbox 1816 5124 1960 5177; x_wconf 85' lang='lat' dir='ltr'><strong>orat.</strong></span> <span class='ocrx_word' id='word_1_633' title='bbox 1984 5121 2039 5190; x_wconf 89' lang='lat'><strong>2,</strong></span> 
     </span>
    </p>
   </div>
   <div class='ocr_carea' id='block_1_91' title="bbox 387 5195 1630 5266">
    <p class='ocr_par' dir='ltr' id='par_1_91' title="bbox 387 5195 1630 5266">
     <span class='ocr_line' id='line_1_92' title="bbox 387 5195 1630 5266; baseline -0.002 -15"><span class='ocrx_word' id='word_1_634' title='bbox 387 5195 655 5252; x_wconf 90' lang='lat' dir='ltr'><strong>Zosimus</strong></span> <span class='ocrx_word' id='word_1_635' title='bbox 684 5201 742 5252; x_wconf 90' lang='lat' dir='ltr'><strong>et</strong></span> <span class='ocrx_word' id='word_1_636' title='bbox 771 5197 1112 5254; x_wconf 83' lang='lat' dir='ltr'><strong>Ammianus</strong></span> <span class='ocrx_word' id='word_1_637' title='bbox 1135 5197 1237 5252; x_wconf 92' lang='lat' dir='ltr'><strong>lib.</strong></span> <span class='ocrx_word' id='word_1_638' title='bbox 1270 5213 1386 5266; x_wconf 72' lang='lat' dir='ltr'><strong>xxx,</strong></span> <span class='ocrx_word' id='word_1_639' title='bbox 1419 5211 1476 5266; x_wconf 92' lang='lat' dir='ltr'><strong>p.</strong></span> <span class='ocrx_word' id='word_1_640' title='bbox 1509 5196 1630 5266; x_wconf 82' lang='lat'><strong>18_8.</strong></span> 
     </span>
    </p>
   </div>
   <div class='ocr_carea' id='block_1_92' title="bbox 459 5262 1896 5340">
    <p class='ocr_par' dir='ltr' id='par_1_92' title="bbox 459 5262 1896 5340">
     <span class='ocr_line' id='line_1_93' title="bbox 459 5262 1896 5340; baseline -0.004 -20"><span class='ocrx_word' id='word_1_641' title='bbox 459 5270 572 5339; x_wconf 87' lang='lat'><strong>(76)</strong></span> <span class='ocrx_word' id='word_1_642' title='bbox 601 5268 990 5340; x_wconf 77' lang='grc' dir='ltr'>Ἐκστρατείαν.</span> <span class='ocrx_word' id='word_1_643' title='bbox 1024 5271 1202 5340; x_wconf 79' lang='lat' dir='ltr'><strong>Regg.</strong></span> <span class='ocrx_word' id='word_1_644' title='bbox 1238 5285 1289 5336; x_wconf 72' lang='lat' dir='ltr'><strong>il,</strong></span> <span class='ocrx_word' id='word_1_645' title='bbox 1418 5262 1537 5340; x_wconf 68' lang='lat' dir='ltr'><strong>inn,</strong></span> <span class='ocrx_word' id='word_1_646' title='bbox 1565 5262 1896 5340; x_wconf 12' lang='grc' dir='ltr'>-ἐγκστρατίαν,</span> 
     </span>
    </p>
   </div>
   <div class='ocr_carea' id='block_1_93' title="bbox 461 5332 2045 5426">
    <p class='ocr_par' dir='ltr' id='par_1_93' title="bbox 461 5332 2045 5426">
     <span class='ocr_line' id='line_1_94' title="bbox 461 5332 2045 5426; baseline 0 0"><span class='ocrx_word' id='word_1_647' title='bbox 461 5332 574 5426; x_wconf 65' lang='lat' dir='ltr'><strong>mg)</strong></span> <span class='ocrx_word' id='word_1_648' title='bbox 597 5332 813 5426; x_wconf 55' lang='grc' dir='ltr'><strong>ηερείιξυ,</strong></span> <span class='ocrx_word' id='word_1_649' title='bbox 849 5337 996 5426; x_wconf 56' lang='grc' dir='ltr'>ἀλλ’.</span> <span class='ocrx_word' id='word_1_650' title='bbox 1031 5332 1286 5426; x_wconf 58' lang='grc' dir='ltr'>ῐιειᾜεξξὲ</span> <span class='ocrx_word' id='word_1_651' title='bbox 1308 5339 1450 5426; x_wconf 74' lang='grc' dir='ltr'>,ιπης</span> <span class='ocrx_word' id='word_1_652' title='bbox 1485 5336 1644 5426; x_wconf 61' lang='grc' dir='ltr'><strong>σεω-</strong></span> <span class='ocrx_word' id='word_1_653' title='bbox 1683 5332 2045 5426; x_wconf 52' lang='grc' dir='ltr'>ιιιπιιειτξςςφι</span> 
     </span>
    </p>
   </div>
   <div class='ocr_carea' id='block_1_94' title="bbox 393 5408 2044 5483">
    <p class='ocr_par' dir='ltr' id='par_1_94' title="bbox 393 5408 2044 5483">
     <span class='ocr_line' id='line_1_95' title="bbox 393 5408 2044 5483; baseline -0.002 -17"><span class='ocrx_word' id='word_1_654' title='bbox 393 5408 490 5466; x_wconf 81' lang='lat' dir='ltr'><strong>0r.</strong></span> <span class='ocrx_word' id='word_1_655' title='bbox 536 5415 586 5468; x_wconf 91' lang='grc'><strong>1.</strong></span> <span class='ocrx_word' id='word_1_656' title='bbox 620 5408 729 5468; x_wconf 78' lang='lat' dir='ltr'><strong>Alii</strong></span> <span class='ocrx_word' id='word_1_657' title='bbox 763 5419 878 5468; x_wconf 88' lang='lat' dir='ltr'><strong>tres</strong></span> <span class='ocrx_word' id='word_1_658' title='bbox 911 5413 1068 5483; x_wconf 76' lang='lat' dir='ltr'><strong>Regii</strong></span> <span class='ocrx_word' id='word_1_659' title='bbox 1102 5408 1266 5464; x_wconf 80' lang='grc' dir='ltr'><strong>ἀλλά.</strong></span> <span class='ocrx_word' id='word_1_660' title='bbox 1306 5415 1364 5464; x_wconf 89' lang='lat' dir='ltr'><strong>In</strong></span> <span class='ocrx_word' id='word_1_661' title='bbox 1398 5409 1666 5482; x_wconf 89' lang='lat' dir='ltr'><strong>pluribus</strong></span> <span class='ocrx_word' id='word_1_662' title='bbox 1698 5410 1859 5464; x_wconf 86' lang='lat' dir='ltr'><strong>deest</strong></span> <span class='ocrx_word' id='word_1_663' title='bbox 1889 5408 2044 5463; x_wconf 72' lang='lat' dir='ltr'><strong>Sicut</strong></span> 
     </span>
    </p>
   </div>
   <div class='ocr_carea' id='block_1_95' title="bbox 391 5485 572 5538">
    <p class='ocr_par' dir='ltr' id='par_1_95' title="bbox 391 5485 572 5538">
     <span class='ocr_line' id='line_1_96' title="bbox 391 5485 572 5538; baseline 0 0"><span class='ocrx_word' id='word_1_664' title='bbox 391 5485 448 5538; x_wconf 90' lang='lat' dir='ltr'><strong>in</strong></span> <span class='ocrx_word' id='word_1_665' title='bbox 482 5485 572 5538; x_wconf 64' lang='lat' dir='ltr'><strong>ed.</strong></span> 
     </span>
    </p>
   </div>
   <div class='ocr_carea' id='block_1_96' title="bbox 484 5546 2040 5631">
    <p class='ocr_par' dir='ltr' id='par_1_96' title="bbox 484 5546 2040 5631">
     <span class='ocr_line' id='line_1_97' title="bbox 484 5546 2040 5631; baseline -0.003 -21"><span class='ocrx_word' id='word_1_666' title='bbox 484 5559 575 5628; x_wconf 82' lang='lat'><strong>78)</strong></span> <span class='ocrx_word' id='word_1_667' title='bbox 630 5552 843 5631; x_wconf 69' lang='grc' dir='ltr'>’Κλέψας</span> <span class='ocrx_word' id='word_1_668' title='bbox 913 5553 1016 5608; x_wconf 84' lang='grc' dir='ltr'>τινὶ</span> <span class='ocrx_word' id='word_1_669' title='bbox 1101 5555 1207 5607; x_wconf 79' lang='grc' dir='ltr'><strong>τῶν</strong></span> <span class='ocrx_word' id='word_1_670' title='bbox 1286 5546 1434 5605; x_wconf 80' lang='grc' dir='ltr'>ἔνδον</span> <span class='ocrx_word' id='word_1_671' title='bbox 1503 5551 1601 5619; x_wconf 74' lang='grc' dir='ltr'><strong>τὴν</strong></span> <span class='ocrx_word' id='word_1_672' title='bbox 1679 5549 2040 5631; x_wconf 64' lang='grc' dir='ltr'>ᾆπιχείρησιν.</span> 
     </span>
    </p>
   </div>
   <div class='ocr_carea' id='block_1_97' title="bbox 393 5625 2044 5697">
    <p class='ocr_par' dir='ltr' id='par_1_97' title="bbox 393 5625 2044 5697">
     <span class='ocr_line' id='line_1_98' title="bbox 393 5625 2044 5697; baseline -0.004 -12"><span class='ocrx_word' id='word_1_673' title='bbox 393 5648 421 5675; x_wconf 80' lang='grc' dir='ltr'><strong>α</strong></span> <span class='ocrx_word' id='word_1_674' title='bbox 458 5625 919 5688; x_wconf 65' lang='grc' dir='ltr'>1)ο;ᾏ.οεῒὶοοῐ·υῐη</span> <span class='ocrx_word' id='word_1_675' title='bbox 969 5627 1145 5685; x_wconf 87' lang='lat' dir='ltr'><strong>unius</strong></span> <span class='ocrx_word' id='word_1_676' title='bbox 1177 5641 1351 5696; x_wconf 83' lang='lat' dir='ltr'><strong>opera</strong></span> <span class='ocrx_word' id='word_1_677' title='bbox 1398 5642 1518 5681; x_wconf 89' lang='lat' dir='ltr'><strong>rem</strong></span> <span class='ocrx_word' id='word_1_678' title='bbox 1557 5625 2044 5697; x_wconf 26' lang='lat' dir='ltr'><strong>furtim’aggres-</strong></span> 
     </span>
    </p>
   </div>
   <div class='ocr_carea' id='block_1_98' title="bbox 396 5699 2043 5779">
    <p class='ocr_par' dir='ltr' id='par_1_98' title="bbox 396 5699 2043 5779">
     <span class='ocr_line' id='line_1_99' title="bbox 396 5699 2043 5779; baseline -0.005 -18"><span class='ocrx_word' id='word_1_679' title='bbox 396 5715 521 5776; x_wconf 73' lang='lat' dir='ltr'><strong>sua,</strong></span> <span class='ocrx_word' id='word_1_680' title='bbox 557 5727 585 5755; x_wconf 84' lang='grc'><strong><em>››</em></strong></span> <span class='ocrx_word' id='word_1_681' title='bbox 619 5720 827 5779; x_wconf 89' lang='lat' dir='ltr'><strong>nempe</strong></span> <span class='ocrx_word' id='word_1_682' title='bbox 857 5719 960 5776; x_wconf 87' lang='lat' dir='ltr'><strong>per</strong></span> <span class='ocrx_word' id='word_1_683' title='bbox 1006 5700 1174 5758; x_wconf 91' lang='lat' dir='ltr'><strong>illum</strong></span> <span class='ocrx_word' id='word_1_684' title='bbox 1203 5699 1360 5758; x_wconf 87' lang='lat' dir='ltr'><strong>lento</strong></span> <span class='ocrx_word' id='word_1_685' title='bbox 1390 5699 1794 5758; x_wconf 85' lang='lat' dir='ltr'><strong>Constantium</strong></span> <span class='ocrx_word' id='word_1_686' title='bbox 1823 5711 2043 5755; x_wconf 87' lang='lat' dir='ltr'><strong>veneno</strong></span> 
     </span>
    </p>
   </div>
   <div class='ocr_carea' id='block_1_99' title="bbox 2219 3897 3795 3983">
    <p class='ocr_par' dir='ltr' id='par_1_99' title="bbox 2219 3897 3795 3983">
     <span class='ocr_line' id='line_1_100' title="bbox 2219 3897 3795 3983; baseline -0.009 -18"><span class='ocrx_word' id='word_1_687' title='bbox 2219 3915 2349 3965; x_wconf 69' lang='grc' dir='ltr'><strong>ΜΗ.</strong></span> <span class='ocrx_word' id='word_1_688' title='bbox 2383 3909 2445 3964; x_wconf 79' lang='grc' dir='ltr'>Εἰ</span> <span class='ocrx_word' id='word_1_689' title='bbox 2480 3909 2571 3983; x_wconf 76' lang='grc' dir='ltr'>μὶν</span> <span class='ocrx_word' id='word_1_690' title='bbox 2605 3907 2694 3963; x_wconf 78' lang='grc' dir='ltr'>οὖν</span> <span class='ocrx_word' id='word_1_691' title='bbox 2731 3909 2805 3981; x_wconf 78' lang='grc' dir='ltr'>μὴ</span> <span class='ocrx_word' id='word_1_692' title='bbox 2838 3901 3117 3983; x_wconf 70' lang='grc' dir='ltr'>προῦλαϐε</span> <span class='ocrx_word' id='word_1_693' title='bbox 3154 3907 3270 3978; x_wconf 83' lang='grc'>(82)</span> <span class='ocrx_word' id='word_1_694' title='bbox 3309 3904 3408 3971; x_wconf 80' lang='grc' dir='ltr'>τὴν</span> <span class='ocrx_word' id='word_1_695' title='bbox 3460 3897 3649 3979; x_wconf 78' lang='grc' dir='ltr'>ἔφοδον</span> <span class='ocrx_word' id='word_1_696' title='bbox 3698 3901 3795 3952; x_wconf 76' lang='grc' dir='ltr'><strong>τοῦ</strong></span> 
     </span>
    </p>
   </div>
   <div class='ocr_carea' id='block_1_100' title="bbox 2145 3986 3796 4074">
    <p class='ocr_par' dir='ltr' id='par_1_100' title="bbox 2145 3986 3796 4074">
     <span class='ocr_line' id='line_1_101' title="bbox 2145 3986 3796 4074; baseline -0.008 -21"><span class='ocrx_word' id='word_1_697' title='bbox 2145 3999 2400 4074; x_wconf 82' lang='grc' dir='ltr'>τυράννου</span> <span class='ocrx_word' id='word_1_698' title='bbox 2429 3999 2490 4051; x_wconf 86' lang='grc' dir='ltr'>τὸ</span> <span class='ocrx_word' id='word_1_699' title='bbox 2522 3996 2679 4058; x_wconf 70' lang='grc' dir='ltr'>τέλος</span> <span class='ocrx_word' id='word_1_700' title='bbox 2708 4001 2804 4051; x_wconf 76' lang='grc' dir='ltr'><strong>τοῦ</strong></span> <span class='ocrx_word' id='word_1_701' title='bbox 2841 3992 3128 4070; x_wconf 69' lang='grc' dir='ltr'>βασιλέως,</span> <span class='ocrx_word' id='word_1_702' title='bbox 3168 3989 3307 4066; x_wconf 67' lang='grc' dir='ltr'>μηδὲ</span> <span class='ocrx_word' id='word_1_703' title='bbox 3338 3993 3366 4046; x_wconf 86' lang='grc' dir='ltr'>ὁ</span> <span class='ocrx_word' id='word_1_704' title='bbox 3399 3990 3604 4068; x_wconf 74' lang='grc' dir='ltr'>ἀφανής</span> <span class='ocrx_word' id='word_1_705' title='bbox 3633 3986 3796 4074; x_wconf 78' lang='grc' dir='ltr'>πόλε-</span> 
     </span>
    </p>
   </div>
   <div class='ocr_carea' id='block_1_101' title="bbox 2153 4072 3791 4163">
    <p class='ocr_par' dir='ltr' id='par_1_101' title="bbox 2153 4072 3791 4163">
     <span class='ocr_line' id='line_1_102' title="bbox 2153 4072 3791 4163; baseline -0.008 -21"><span class='ocrx_word' id='word_1_706' title='bbox 2153 4072 2251 4160; x_wconf 81' lang='grc' dir='ltr'><strong>μος</strong></span> <span class='ocrx_word' id='word_1_707' title='bbox 2275 4094 2374 4156; x_wconf 80' lang='grc' dir='ltr'><strong>τῆς</strong></span> <span class='ocrx_word' id='word_1_708' title='bbox 2407 4092 2636 4163; x_wconf 79' lang='grc' dir='ltr'>φανερᾶς</span> <span class='ocrx_word' id='word_1_709' title='bbox 2675 4086 2861 4161; x_wconf 81' lang='grc' dir='ltr'>χειρὸς</span> <span class='ocrx_word' id='word_1_710' title='bbox 2893 4083 3082 4139; x_wconf 88' lang='grc' dir='ltr'>πλεῖον</span> <span class='ocrx_word' id='word_1_711' title='bbox 3118 4080 3326 4157; x_wconf 61' lang='grc' dir='ltr'>ἴσχυσε,</span> <span class='ocrx_word' id='word_1_712' title='bbox 3357 4081 3501 4156; x_wconf 81' lang='grc' dir='ltr'>τάχα</span> <span class='ocrx_word' id='word_1_713' title='bbox 3550 4078 3609 4132; x_wconf 78' lang='grc' dir='ltr'>ἂν</span> <span class='ocrx_word' id='word_1_714' title='bbox 3655 4072 3791 4150; x_wconf 79' lang='grc' dir='ltr'>ἔγνω</span> 
     </span>
    </p>
   </div>
   <div class='ocr_carea' id='block_1_102' title="bbox 2149 4163 3796 4252">
    <p class='ocr_par' dir='ltr' id='par_1_102' title="bbox 2149 4163 3796 4252">
     <span class='ocr_line' id='line_1_103' title="bbox 2149 4163 3796 4252; baseline -0.009 -21"><span class='ocrx_word' id='word_1_715' title='bbox 2149 4177 2264 4232; x_wconf 88' lang='grc' dir='ltr'>κατ’</span> <span class='ocrx_word' id='word_1_716' title='bbox 2322 4177 2510 4231; x_wconf 70' lang='grc' dir='ltr'>ἑαυτοῦ</span> <span class='ocrx_word' id='word_1_717' title='bbox 2565 4174 2802 4252; x_wconf 76' lang='grc' dir='ltr'>ταχύνας</span> <span class='ocrx_word' id='word_1_718' title='bbox 2860 4175 2887 4229; x_wconf 91' lang='grc' dir='ltr'>ὁ</span> <span class='ocrx_word' id='word_1_719' title='bbox 2954 4171 3258 4247; x_wconf 76' lang='grc' dir='ltr'>ἀλιτήριος·</span> <span class='ocrx_word' id='word_1_720' title='bbox 3337 4168 3427 4224; x_wconf 85' lang='grc' dir='ltr'><strong>καὶ</strong></span> <span class='ocrx_word' id='word_1_721' title='bbox 3495 4168 3618 4242; x_wconf 86' lang='grc' dir='ltr'>πρὶν</span> <span class='ocrx_word' id='word_1_722' title='bbox 3693 4163 3796 4218; x_wconf 80' lang='grc' dir='ltr'><strong>ὑπό</strong></span> 
     </span>
    </p>
   </div>
   <div class='ocr_carea' id='block_1_103' title="bbox 2152 4396 3800 4477">
    <p class='ocr_par' dir='ltr' id='par_1_103' title="bbox 2152 4396 3800 4477">
     <span class='ocr_line' id='line_1_104' title="bbox 2152 4396 3800 4477; baseline -0.007 -15"><span class='ocrx_word' id='word_1_723' title='bbox 2152 4407 2566 4477; x_wconf 86' lang='lat' dir='ltr'><strong>exstincturus,</strong></span> <span class='ocrx_word' id='word_1_724' title='bbox 2600 4411 2664 4460; x_wconf 87' lang='lat' dir='ltr'><strong>ut</strong></span> <span class='ocrx_word' id='word_1_725' title='bbox 2710 4406 2781 4477; x_wconf 86' lang='lat' dir='ltr'><strong>ad</strong></span> <span class='ocrx_word' id='word_1_726' title='bbox 2815 4404 3206 4477; x_wconf 74' lang='lat' dir='ltr'><strong>praestitutum</strong></span> <span class='ocrx_word' id='word_1_727' title='bbox 3258 4400 3410 4477; x_wconf 75' lang='lat' dir='ltr'><strong>diem</strong></span> <span class='ocrx_word' id='word_1_728' title='bbox 3460 4399 3588 4477; x_wconf 76' lang='lat' dir='ltr'><strong>ipse</strong></span> <span class='ocrx_word' id='word_1_729' title='bbox 3628 4396 3800 4477; x_wconf 68' lang='lat' dir='ltr'><strong>adve-</strong></span> 
     </span>
    </p>
   </div>
   <div class='ocr_carea' id='block_1_104' title="bbox 2153 4469 3803 4550">
    <p class='ocr_par' dir='ltr' id='par_1_104' title="bbox 2153 4469 3803 4550">
     <span class='ocr_line' id='line_1_105' title="bbox 2153 4469 3803 4550; baseline -0.007 -16"><span class='ocrx_word' id='word_1_730' title='bbox 2153 4479 2341 4545; x_wconf 89' lang='lat' dir='ltr'><strong>niens,</strong></span> <span class='ocrx_word' id='word_1_731' title='bbox 2387 4478 2446 4532; x_wconf 90' lang='lat' dir='ltr'><strong>in</strong></span> <span class='ocrx_word' id='word_1_732' title='bbox 2497 4469 3049 4550; x_wconf 57' lang='lat' dir='ltr'><strong>demortui&#39;locum,</strong></span> <span class='ocrx_word' id='word_1_733' title='bbox 3099 4473 3409 4546; x_wconf 90' lang='lat' dir='ltr'><strong>imperium</strong></span> <span class='ocrx_word' id='word_1_734' title='bbox 3444 4469 3667 4550; x_wconf 78' lang='lat' dir='ltr'><strong>adiret.</strong></span> 
     </span>
    </p>
   </div>
   <div class='ocr_carea' id='block_1_105' title="bbox 2153 4538 3800 4633">
    <p class='ocr_par' dir='ltr' id='par_1_105' title="bbox 2153 4538 3800 4633">
     <span class='ocr_line' id='line_1_106' title="bbox 2153 4538 3800 4633; baseline 0 0"><span class='ocrx_word' id='word_1_735' title='bbox 2153 4538 2346 4633; x_wconf 53' lang='lat' dir='ltr'><strong>Locum</strong></span> <span class='ocrx_word' id='word_1_736' title='bbox 2377 4550 2536 4632; x_wconf 67' lang='lat' dir='ltr'><strong>hunc</strong></span> <span class='ocrx_word' id='word_1_737' title='bbox 2565 4548 2849 4633; x_wconf 45' lang='lat' dir='ltr'><strong>stellis“</strong></span> <span class='ocrx_word' id='word_1_738' title='bbox 2872 4538 3070 4633; x_wconf 59' lang='grc' dir='ltr'><strong>σοφὲ-</strong></span> <span class='ocrx_word' id='word_1_739' title='bbox 3094 4538 3418 4633; x_wconf 48' lang='lat' dir='ltr'><strong>Defessa?</strong></span> <span class='ocrx_word' id='word_1_740' title='bbox 3439 4538 3800 4633; x_wconf 51' lang='lat'><strong>199.8931???</strong></span> 
     </span>
    </p>
   </div>
   <div class='ocr_carea' id='block_1_106' title="bbox 2075 4605 3804 4694">
    <p class='ocr_par' dir='ltr' id='par_1_106' title="bbox 2075 4605 3804 4694">
     <span class='ocr_line' id='line_1_107' title="bbox 2075 4605 3804 4694; baseline -0.009 -15"><span class='ocrx_word' id='word_1_741' title='bbox 2075 4605 2122 4671; x_wconf 84' lang='lat' dir='ltr'><strong>D</strong></span> <span class='ocrx_word' id='word_1_742' title='bbox 2154 4605 2486 4694; x_wconf 62' lang='lat' dir='ltr'><strong>Gregorius,</strong></span> <span class='ocrx_word' id='word_1_743' title='bbox 2521 4621 2667 4676; x_wconf 90' lang='lat' dir='ltr'><strong>nihil</strong></span> <span class='ocrx_word' id='word_1_744' title='bbox 2699 4605 2874 4694; x_wconf 61' lang='lat' dir='ltr'><strong>Elias,</strong></span> <span class='ocrx_word' id='word_1_745' title='bbox 2909 4618 3054 4694; x_wconf 75' lang='lat' dir='ltr'><strong>nihil</strong></span> <span class='ocrx_word' id='word_1_746' title='bbox 3097 4617 3430 4694; x_wconf 70' lang='lat' dir='ltr'><strong>Scholiasta.</strong></span> <span class='ocrx_word' id='word_1_747' title='bbox 3462 4615 3578 4669; x_wconf 89' lang='lat' dir='ltr'><strong>Iste</strong></span> <span class='ocrx_word' id='word_1_748' title='bbox 3607 4609 3804 4694; x_wconf 80' lang='lat' dir='ltr'><strong>prodi-</strong></span> 
     </span>
    </p>
   </div>
   <div class='ocr_carea' id='block_1_107' title="bbox 2149 4687 3796 4756">
    <p class='ocr_par' dir='ltr' id='par_1_107' title="bbox 2149 4687 3796 4756">
     <span class='ocr_line' id='line_1_108' title="bbox 2149 4687 3796 4756; baseline -0.01 -5"><span class='ocrx_word' id='word_1_749' title='bbox 2149 4687 2298 4750; x_wconf 68' lang='lat' dir='ltr'><strong>toris</strong></span> <span class='ocrx_word' id='word_1_750' title='bbox 2327 4687 2550 4748; x_wconf 75' lang='lat' dir='ltr'><strong>tantUm</strong></span> <span class='ocrx_word' id='word_1_751' title='bbox 2586 4693 2853 4748; x_wconf 89' lang='lat' dir='ltr'><strong>meminit</strong></span> <span class='ocrx_word' id='word_1_752' title='bbox 2878 4691 3112 4746; x_wconf 88' lang='lat' dir='ltr'><strong>Juliano</strong></span> <span class='ocrx_word' id='word_1_753' title='bbox 3143 4687 3479 4751; x_wconf 87' lang='lat' dir='ltr'><strong>indicantis,</strong></span> <span class='ocrx_word' id='word_1_754' title='bbox 3502 4701 3617 4756; x_wconf 91' lang='lat' dir='ltr'><strong>quo</strong></span> <span class='ocrx_word' id='word_1_755' title='bbox 3647 4688 3796 4736; x_wconf 90' lang='lat' dir='ltr'><strong>tem-</strong></span> 
     </span>
    </p>
   </div>
   <div class='ocr_carea' id='block_1_108' title="bbox 2153 4757 3792 4838">
    <p class='ocr_par' dir='ltr' id='par_1_108' title="bbox 2153 4757 3792 4838">
     <span class='ocr_line' id='line_1_109' title="bbox 2153 4757 3792 4838; baseline -0.02 0"><span class='ocrx_word' id='word_1_756' title='bbox 2153 4783 2290 4838; x_wconf 78' lang='grc' dir='ltr'><strong>ΡοΓθ</strong></span> <span class='ocrx_word' id='word_1_757' title='bbox 2312 4782 2431 4820; x_wconf 73' lang='lat' dir='ltr'><strong>rem</strong></span> <span class='ocrx_word' id='word_1_758' title='bbox 2457 4764 2689 4838; x_wconf 70' lang='lat' dir='ltr'><strong>aggredi</strong></span> <span class='ocrx_word' id='word_1_759' title='bbox 2714 4769 3068 4838; x_wconf 79' lang='lat' dir='ltr'><strong>opportuum</strong></span> <span class='ocrx_word' id='word_1_760' title='bbox 3093 4765 3266 4817; x_wconf 86' lang='lat' dir='ltr'><strong>esset.</strong></span> <span class='ocrx_word' id='word_1_761' title='bbox 3301 4758 3457 4838; x_wconf 84' lang='lat' dir='ltr'><strong>Elias</strong></span> <span class='ocrx_word' id='word_1_762' title='bbox 3478 4771 3610 4811; x_wconf 89' lang='lat' dir='ltr'><strong>vero</strong></span> <span class='ocrx_word' id='word_1_763' title='bbox 3642 4757 3792 4807; x_wconf 89' lang='lat' dir='ltr'><strong>stru-</strong></span> 
     </span>
    </p>
   </div>
   <div class='ocr_carea' id='block_1_109' title="bbox 2152 4835 3797 4898">
    <p class='ocr_par' dir='ltr' id='par_1_109' title="bbox 2152 4835 3797 4898">
     <span class='ocr_line' id='line_1_110' title="bbox 2152 4835 3797 4898; baseline -0.01 -4"><span class='ocrx_word' id='word_1_764' title='bbox 2152 4835 2276 4894; x_wconf 75' lang='lat' dir='ltr'><strong>ctas</strong></span> <span class='ocrx_word' id='word_1_765' title='bbox 2294 4835 2612 4892; x_wconf 84' lang='lat' dir='ltr'><strong>Constantii</strong></span> <span class='ocrx_word' id='word_1_766' title='bbox 2632 4836 2762 4890; x_wconf 65' lang='lat' dir='ltr'><strong>vitae</strong></span> <span class='ocrx_word' id='word_1_767' title='bbox 2779 4835 3025 4890; x_wconf 90' lang='lat' dir='ltr'><strong>insidias</strong></span> <span class='ocrx_word' id='word_1_768' title='bbox 3047 4835 3467 4888; x_wconf 89' lang='lat' dir='ltr'><strong>commemorat</strong></span> <span class='ocrx_word' id='word_1_769' title='bbox 3489 4846 3502 4895; x_wconf 90' lang='lat'>;</span> <span class='ocrx_word' id='word_1_770' title='bbox 3531 4840 3797 4898; x_wconf 75' lang='lat' dir='ltr'><strong>quaenam</strong></span> 
     </span>
    </p>
   </div>
   <div class='ocr_carea' id='block_1_110' title="bbox 2152 4895 3806 4976">
    <p class='ocr_par' dir='ltr' id='par_1_110' title="bbox 2152 4895 3806 4976">
     <span class='ocr_line' id='line_1_111' title="bbox 2152 4895 3806 4976; baseline -0.008 -12"><span class='ocrx_word' id='word_1_771' title='bbox 2152 4915 2348 4965; x_wconf 89' lang='lat' dir='ltr'><strong>autem</strong></span> <span class='ocrx_word' id='word_1_772' title='bbox 2404 4908 2514 4963; x_wconf 73' lang='lat' dir='ltr'><strong>illae</strong></span> <span class='ocrx_word' id='word_1_773' title='bbox 2568 4907 2805 4973; x_wconf 83' lang='lat' dir='ltr'><strong>fuerint,</strong></span> <span class='ocrx_word' id='word_1_774' title='bbox 2847 4907 2996 4962; x_wconf 90' lang='lat' dir='ltr'><strong>silet.</strong></span> <span class='ocrx_word' id='word_1_775' title='bbox 3029 4905 3154 4960; x_wconf 91' lang='lat' dir='ltr'><strong>Non</strong></span> <span class='ocrx_word' id='word_1_776' title='bbox 3213 4903 3369 4976; x_wconf 87' lang='lat' dir='ltr'><strong>aliud</strong></span> <span class='ocrx_word' id='word_1_777' title='bbox 3428 4895 3619 4955; x_wconf 75' lang='lat' dir='ltr'><strong>forsan</strong></span> <span class='ocrx_word' id='word_1_778' title='bbox 3677 4895 3806 4976; x_wconf 82' lang='lat' dir='ltr'><strong>vult</strong></span> 
     </span>
    </p>
   </div>
   <div class='ocr_carea' id='block_1_111' title="bbox 2152 4975 3802 5053">
    <p class='ocr_par' dir='ltr' id='par_1_111' title="bbox 2152 4975 3802 5053">
     <span class='ocr_line' id='line_1_112' title="bbox 2152 4975 3802 5053; baseline -0.009 -16"><span class='ocrx_word' id='word_1_779' title='bbox 2152 4980 2480 5053; x_wconf 85' lang='lat' dir='ltr'><strong>Gregorius.</strong></span> <span class='ocrx_word' id='word_1_780' title='bbox 2504 4995 2678 5053; x_wconf 88' lang='lat' dir='ltr'><strong>quam</strong></span> <span class='ocrx_word' id='word_1_781' title='bbox 2710 4979 2945 5053; x_wconf 78' lang='lat' dir='ltr'><strong>Juliano</strong></span> <span class='ocrx_word' id='word_1_782' title='bbox 2976 4982 3201 5053; x_wconf 76' lang='lat' dir='ltr'><strong>certum</strong></span> <span class='ocrx_word' id='word_1_783' title='bbox 3235 4975 3437 5043; x_wconf 83' lang='lat' dir='ltr'><strong>fuisse,</strong></span> <span class='ocrx_word' id='word_1_784' title='bbox 3460 4975 3802 5053; x_wconf 65' lang='lat' dir='ltr'><strong>Constantio</strong></span> 
     </span>
    </p>
   </div>
   <div class='ocr_carea' id='block_1_112' title="bbox 2152 5040 3805 5126">
    <p class='ocr_par' dir='ltr' id='par_1_112' title="bbox 2152 5040 3805 5126">
     <span class='ocr_line' id='line_1_113' title="bbox 2152 5040 3805 5126; baseline -0.009 -17"><span class='ocrx_word' id='word_1_785' title='bbox 2152 5040 2350 5126; x_wconf 65' lang='lat' dir='ltr'><strong>necem</strong></span> <span class='ocrx_word' id='word_1_786' title='bbox 2385 5040 2765 5126; x_wconf 51' lang='lat' dir='ltr'><strong>consciscere,</strong></span> <span class='ocrx_word' id='word_1_787' title='bbox 2789 5049 3309 5126; x_wconf 39' lang='lat' dir='ltr'><strong>dolo,_prodit.io_ne,</strong></span> <span class='ocrx_word' id='word_1_788' title='bbox 3333 5040 3580 5126; x_wconf 76' lang='lat' dir='ltr'><strong>veneno,</strong></span> <span class='ocrx_word' id='word_1_789' title='bbox 3604 5040 3805 5096; x_wconf 87' lang='lat' dir='ltr'><strong>aliisve</strong></span> 
     </span>
    </p>
   </div>
   <div class='ocr_carea' id='block_1_113' title="bbox 2152 5115 3804 5193">
    <p class='ocr_par' dir='ltr' id='par_1_113' title="bbox 2152 5115 3804 5193">
     <span class='ocr_line' id='line_1_114' title="bbox 2152 5115 3804 5193; baseline -0.008 -13"><span class='ocrx_word' id='word_1_790' title='bbox 2152 5125 2344 5180; x_wconf 92' lang='lat' dir='ltr'><strong>modis</strong></span> <span class='ocrx_word' id='word_1_791' title='bbox 2374 5115 2809 5193; x_wconf 54' lang='lat' dir='ltr'><strong>occultioribu&#39;s,</strong></span> <span class='ocrx_word' id='word_1_792' title='bbox 2843 5127 2899 5178; x_wconf 91' lang='lat' dir='ltr'><strong>et</strong></span> <span class='ocrx_word' id='word_1_793' title='bbox 2929 5115 3063 5190; x_wconf 71' lang='lat' dir='ltr'><strong>jam</strong></span> <span class='ocrx_word' id='word_1_794' title='bbox 3099 5119 3170 5174; x_wconf 88' lang='lat' dir='ltr'><strong>ad</strong></span> <span class='ocrx_word' id='word_1_795' title='bbox 3205 5119 3430 5175; x_wconf 85' lang='lat' dir='ltr'><strong>facinus</strong></span> <span class='ocrx_word' id='word_1_796' title='bbox 3479 5115 3633 5170; x_wconf 89' lang='lat' dir='ltr'><strong>diem</strong></span> <span class='ocrx_word' id='word_1_797' title='bbox 3665 5128 3804 5168; x_wconf 90' lang='lat' dir='ltr'><strong>con-</strong></span> 
     </span>
    </p>
   </div>
   <div class='ocr_carea' id='block_1_114' title="bbox 2152 5199 3802 5340">
    <p class='ocr_par' dir='ltr' id='par_1_114' title="bbox 2152 5199 3802 5340">
     <span class='ocr_line' id='line_1_115' title="bbox 2152 5199 3802 5340; baseline -0.01 -16"><span class='ocrx_word' id='word_1_798' title='bbox 2152 5199 2525 5340; x_wconf 37' lang='lat' dir='ltr'><strong>milia)qu</strong></span> <span class='ocrx_word' id='word_1_799' title='bbox 2554 5266 2684 5318; x_wconf 77' lang='grc' dir='ltr'>εἶναι</span> <span class='ocrx_word' id='word_1_800' title='bbox 2721 5262 2818 5340; x_wconf 72' lang='grc' dir='ltr'><strong>μή.</strong></span> <span class='ocrx_word' id='word_1_801' title='bbox 2840 5262 3142 5340; x_wconf 75' lang='lat' dir='ltr'><strong>Sic_Regg.</strong></span> <span class='ocrx_word' id='word_1_802' title='bbox 3170 5259 3428 5317; x_wconf 89' lang='lat' dir='ltr'><strong>melioris</strong></span> <span class='ocrx_word' id='word_1_803' title='bbox 3458 5261 3608 5313; x_wconf 65' lang='lat' dir='ltr'><strong>nota;</strong></span> <span class='ocrx_word' id='word_1_804' title='bbox 3634 5253 3802 5311; x_wconf 87' lang='lat' dir='ltr'><strong>codd.</strong></span> 
     </span>
    </p>
   </div>
   <div class='ocr_carea' id='block_1_115' title="bbox 2153 5332 3064 5407">
    <p class='ocr_par' dir='ltr' id='par_1_115' title="bbox 2153 5332 3064 5407">
     <span class='ocr_line' id='line_1_116' title="bbox 2153 5332 3064 5407; baseline -0.011 -11"><span class='ocrx_word' id='word_1_805' title='bbox 2153 5358 2204 5405; x_wconf 77' lang='grc' dir='ltr'><strong>ο,</strong></span> <span class='ocrx_word' id='word_1_806' title='bbox 2229 5332 2296 5407; x_wconf 19' lang='lat' dir='ltr'><strong>Vl),</strong></span> <span class='ocrx_word' id='word_1_807' title='bbox 2319 5332 2390 5405; x_wconf 59' lang='lat' dir='ltr'><strong>&#39;u,</strong></span> <span class='ocrx_word' id='word_1_808' title='bbox 2421 5339 2542 5407; x_wconf 83' lang='lat' dir='ltr'><strong>bm.</strong></span> <span class='ocrx_word' id='word_1_809' title='bbox 2573 5343 2637 5392; x_wconf 90' lang='lat' dir='ltr'><strong>In</strong></span> <span class='ocrx_word' id='word_1_810' title='bbox 2669 5332 2758 5393; x_wconf 87' lang='lat' dir='ltr'><strong>ed.</strong></span> <span class='ocrx_word' id='word_1_811' title='bbox 2801 5334 2875 5406; x_wconf 84' lang='grc' dir='ltr'>μή</span> <span class='ocrx_word' id='word_1_812' title='bbox 2908 5332 3064 5407; x_wconf 58' lang='lat' dir='ltr'><strong>alvei.</strong></span> 
     </span>
    </p>
   </div>
   <div class='ocr_carea' id='block_1_116' title="bbox 2243 5401 3686 5482">
    <p class='ocr_par' dir='ltr' id='par_1_116' title="bbox 2243 5401 3686 5482">
     <span class='ocr_line' id='line_1_117' title="bbox 2243 5401 3686 5482; baseline 0.003 -19"><span class='ocrx_word' id='word_1_813' title='bbox 2243 5401 2335 5479; x_wconf 57' lang='lat' dir='ltr'><strong>EO)</strong></span> <span class='ocrx_word' id='word_1_814' title='bbox 2363 5401 2587 5482; x_wconf 76' lang='grc' dir='ltr'>Ἔδειξὲ.</span> <span class='ocrx_word' id='word_1_815' title='bbox 2620 5401 2871 5473; x_wconf 70' lang='grc' dir='ltr'>0011).’1ς,</span> <span class='ocrx_word' id='word_1_816' title='bbox 2905 5401 3128 5482; x_wconf 72' lang='grc' dir='ltr'>ἐδίδαξε.</span> <span class='ocrx_word' id='word_1_817' title='bbox 3219 5474 3229 5482; x_wconf 84' lang='lat'><strong>_</strong></span> <span class='ocrx_word' id='word_1_818' title='bbox 3285 5475 3296 5482; x_wconf 89' lang='lat'>_</span> <span class='ocrx_word' id='word_1_819' title='bbox 3457 5474 3470 5482; x_wconf 90' lang='lat'><em>_</em></span> <span class='ocrx_word' id='word_1_820' title='bbox 3675 5471 3686 5482; x_wconf 43' lang='grc' dir='ltr'>ι</span> 
     </span>
    </p>
   </div>
   <div class='ocr_carea' id='block_1_117' title="bbox 2220 5413 3809 5554">
    <p class='ocr_par' dir='ltr' id='par_1_117' title="bbox 2220 5413 3809 5554">
     <span class='ocr_line' id='line_1_118' title="bbox 2243 5413 3686 5482; baseline -0.006 -19"><span class='ocrx_word' id='word_1_821' title='bbox 2243 5413 2335 5479; x_wconf 55' lang='lat'><strong>80)</strong></span> <span class='ocrx_word' id='word_1_822' title='bbox 2363 5413 2587 5478; x_wconf 76' lang='grc' dir='ltr'><strong>”Εδειξὲ.</strong></span> <span class='ocrx_word' id='word_1_823' title='bbox 2620 5413 2780 5464; x_wconf 88' lang='lat' dir='ltr'><strong>Colb.</strong></span> <span class='ocrx_word' id='word_1_824' title='bbox 2813 5413 2870 5473; x_wconf 85' lang='lat' dir='ltr'><strong>k,</strong></span> <span class='ocrx_word' id='word_1_825' title='bbox 2905 5413 3128 5473; x_wconf 71' lang='grc' dir='ltr'>ἐδίδαξε.</span> <span class='ocrx_word' id='word_1_826' title='bbox 3675 5471 3686 5482; x_wconf 38' lang='grc' dir='ltr'>ι</span> 
     </span>
     <span class='ocr_line' id='line_1_119' title="bbox 2220 5413 3809 5554; baseline -0.006 -19"><span class='ocrx_word' id='word_1_827' title='bbox 2220 5413 2334 5554; x_wconf 60' lang='grc'>(81)</span> <span class='ocrx_word' id='word_1_828' title='bbox 2366 5479 2428 5536; x_wconf 83' lang='lat' dir='ltr'><strong>Ei</strong></span> <span class='ocrx_word' id='word_1_829' title='bbox 2483 5482 2555 5552; x_wconf 78' lang='grc' dir='ltr'><strong>μή</strong></span> <span class='ocrx_word' id='word_1_830' title='bbox 2610 5499 2692 5554; x_wconf 80' lang='grc' dir='ltr'><strong>γε,</strong></span> <span class='ocrx_word' id='word_1_831' title='bbox 2745 5483 2852 5554; x_wconf 71' lang='lat' dir='ltr'><strong>etc.</strong></span> <span class='ocrx_word' id='word_1_832' title='bbox 2907 5478 3130 5554; x_wconf 81' lang='lat' dir='ltr'><strong>«_1\&#39;am</strong></span> <span class='ocrx_word' id='word_1_833' title='bbox 3182 5474 3230 5530; x_wconf 87' lang='lat' dir='ltr'><strong>si</strong></span> <span class='ocrx_word' id='word_1_834' title='bbox 3285 5471 3809 5554; x_wconf 70' lang='lat' dir='ltr'><strong>ho_c_da_:mombus</strong></span> 
     </span>
    </p>
   </div>
   <div class='ocr_carea' id='block_1_118' title="bbox 2154 5543 3806 5622">
    <p class='ocr_par' dir='ltr' id='par_1_118' title="bbox 2154 5543 3806 5622">
     <span class='ocr_line' id='line_1_120' title="bbox 2154 5543 3806 5622; baseline -0.007 -13"><span class='ocrx_word' id='word_1_835' title='bbox 2154 5543 2566 5620; x_wconf 76' lang='lat' dir='ltr'><strong>concedamus,</strong></span> <span class='ocrx_word' id='word_1_836' title='bbox 2597 5543 2772 5608; x_wconf 72' lang='lat' dir='ltr'><strong>etiam</strong></span> <span class='ocrx_word' id='word_1_837' title='bbox 2821 5549 2932 5622; x_wconf 87' lang='lat' dir='ltr'><strong>hoc</strong></span> <span class='ocrx_word' id='word_1_838' title='bbox 2959 5548 3156 5622; x_wconf 80' lang='lat' dir='ltr'><strong>ipsum</strong></span> <span class='ocrx_word' id='word_1_839' title='bbox 3207 5547 3358 5619; x_wconf 89' lang='lat' dir='ltr'><strong>quod</strong></span> <span class='ocrx_word' id='word_1_840' title='bbox 3401 5543 3675 5602; x_wconf 85' lang='lat' dir='ltr'><strong>Julianus</strong></span> <span class='ocrx_word' id='word_1_841' title='bbox 3705 5559 3806 5599; x_wconf 85' lang='lat' dir='ltr'><strong>ne-</strong></span> 
     </span>
    </p>
   </div>
   <div class='ocr_carea' id='block_1_119' title="bbox 2154 5621 3358 5698">
    <p class='ocr_par' dir='ltr' id='par_1_119' title="bbox 2154 5621 3358 5698">
     <span class='ocr_line' id='line_1_121' title="bbox 2154 5621 3358 5698; baseline -0.007 -16"><span class='ocrx_word' id='word_1_842' title='bbox 2154 5642 2334 5698; x_wconf 89' lang='lat' dir='ltr'><strong>quam</strong></span> <span class='ocrx_word' id='word_1_843' title='bbox 2365 5630 2422 5680; x_wconf 88' lang='lat' dir='ltr'><strong>et</strong></span> <span class='ocrx_word' id='word_1_844' title='bbox 2451 5625 2764 5698; x_wconf 66' lang='lat' dir='ltr'><strong>imprpbus</strong></span> <span class='ocrx_word' id='word_1_845' title='bbox 2786 5621 2880 5692; x_wconf 87' lang='lat' dir='ltr'><strong>sit,</strong></span> <span class='ocrx_word' id='word_1_846' title='bbox 2916 5621 3302 5698; x_wconf 76' lang='lat' dir='ltr'><strong>sseribemus.</strong></span> <span class='ocrx_word' id='word_1_847' title='bbox 3325 5640 3358 5698; x_wconf 59' lang='grc' dir='ltr'><strong><em>ῃ</em></strong></span> 
     </span>
    </p>
   </div>
   <div class='ocr_carea' id='block_1_120' title="bbox 2226 5681 3502 5771">
    <p class='ocr_par' dir='ltr' id='par_1_120' title="bbox 2226 5681 3502 5771">
     <span class='ocr_line' id='line_1_122' title="bbox 2226 5681 3502 5771; baseline -0.007 -17"><span class='ocrx_word' id='word_1_848' title='bbox 2226 5681 2340 5770; x_wconf 80' lang='lat'><strong>(82)</strong></span> <span class='ocrx_word' id='word_1_849' title='bbox 2370 5681 2676 5771; x_wconf 62' lang='lat' dir='ltr'><strong>npotxuse.</strong></span> <span class='ocrx_word' id='word_1_850' title='bbox 2711 5681 3178 5762; x_wconf 35' lang='lat' dir='ltr'><strong>Mssfnonnulli,</strong></span> <span class='ocrx_word' id='word_1_851' title='bbox 3207 5681 3502 5767; x_wconf 73' lang='grc' dir='ltr'>προίλαόι.</span> 
     </span>
    </p>
   </div>
  </div>
