4148 6290
377 394 493 458 673

1367 400 1656 462 ORATIO
1700 398 1807 463 IV.
1842 427 1915 445 —-
1947 396 2253 461 CONTRA
2300 396 2699 463 JULIANUM
2746 397 2792 460 Ι.

3668 389 3787 453 574

378 531 593 602 Περσῶν
626 527 723 596 τὴν
753 525 1057 601 ἐμπληξίαν
1109 531 1220 602 (83)
1269 532 1699 608 σωφρονισθῆναι
1747 537 1850 601 τῆς
1889 529 2015 586 ἀπο·

2141 532 2285 590 sein
2332 531 2539 607 capitis
2586 532 2677 589 sui
2728 526 3041 605 perniciem
3090 527 3200 584 hac
3256 522 3549 583 celeritate
3606 539 3781 583 usum

377 623 549 686 νοίας,
602 612 798 671 ἔδωκεν
847 619 905 672 ἅν
957 615 1109 687 δίκην
1162 618 1211 674 ἐν
1259 620 1409 694 ὅροις
1455 620 1762 694 Ῥωμαίων,
1824 622 1896 675 ὧν
1933 642 2027 676 κα-

376 712 487 768 κῶς
570 706 984 779 κατετόλμησε·
1061 711 1358 784 τεκμήριον
1439 707 1534 764 δὲ·
1602 710 1691 764 καὶ
1771 712 1875 787 γὰρ
1946 710 2026 765 ἓτι

373 797 583 871 προϊὼν
631 795 720 850 καὶ
770 796 1156 870 ἀγνοούμενος,
1208 797 1282 859 ὡς
1335 796 1598 871 ἐνόμιζεν,
1657 799 1759 854 ὑπὸ
1790 804 1885 854 τοῦ
1914 820 2032 874 γεν-

373 885 660 939 ναιοτάτου
745 884 1015 958 βασιΛέως
1090 889 1202 959 (84)
1276 887 1497 962 στρατίᾳ
1573 883 2031 961 περιλαμϐάνεται

374 973 863 1050 προϋποτεμνούσῃ
909 974 998 1028 καὶ
1043 976 1141 1044 τήν
1196 976 1391 1054 φυγὴν,
1458 977 1534 1038 ὡς
1590 974 1759 1045 δῆλον
1818 976 2028 1052 γέγονεν

374 1061 434 1118 ἐκ
478 1066 584 1117 τῶν
632 1062 889 1138 ὓστερον·
938 1064 1025 1117 καὶ
1073 1066 1173 1140 γὰρ
1213 1062 1321 1133 ἤδη
1371 1065 1434 1119 τὸ
1487 1063 1684 1138 κράτος
1732 1062 1938 1140 ἔχοντι,
1971 1067 2032 1119 τὸ

372 1158 634 1225 κρατῆσαι
664 1151 866 1221 ταύτης
908 1151 969 1206 οὐ
1025 1154 1215 1228 μικρὸν
1270 1152 1426 1228 ἔργον
1463 1154 1667 1229 ἐγένετο
1694 1173 1705 1186 ·
1739 1159 1829 1208 νῦν
1888 1152 1946 1208 δὲ
2002 1156 2030 1209 ὁ

378 1242 471 1313 μὲν
531 1242 683 1312 θυμῷ
744 1241 873 1308 ζὲων
935 1248 1069 1296 κατα
1124 1249 1223 1311 τῆς
1279 1242 1543 1304 ἀπονοίας
1601 1244 1741 1316 ὁμοῦ
1788 1247 1877 1298 καὶ
1926 1250 2029 1313 τῆς

378 1324 641 1400 ἀσεϐείας,
699 1330 788 1383 καὶ
844 1332 934 1384 τὸν
995 1333 1306 1408 σοφώτατον
1367 1329 1510 1407 ἔχων
1570 1332 1621 1386 ἐν
1682 1332 1925 1407 ἄρκυσιν,
1985 1330 2029 1386 ὣ

370 1425 473 1486 τῆς
530 1416 798 1493 ἡμετέρας
854 1418 1045 1480 κακίας
1102 1423 1254 1493 (85)!
1312 1419 1361 1475 ἐν
1425 1421 1573 1493 ἀκμῇ
1631 1427 1731 1489 τῆς
1765 1418 1893 1475 ὁδοῦ
1924 1442 2020 1476 κα-

369 1506 559 1561 ταλύει
591 1508 678 1561 τὸν
726 1507 864 1582 βίον,
899 1506 1085 1562 πολλὰ
1115 1511 1228 1582 (86)
1260 1509 1348 1563 καὶ
1397 1514 1513 1581 eaq.
1568 1510 1656 1564 καὶ
1716 1509 2025 1585 ἀνθρώποις

376 1596 508 1671 ὑπὲρ
564 1603 664 1665 τῆς
722 1597 913 1651 ἑαυτοῦ
962 1596 1367 1673 φιλανθρωπίας
1400 1597 1903 1674 ἀπολογησάμενος,
1934 1601 2023 1653 καὶ

373 1682 461 1738 διὰ
490 1692 590 1754 τῆς
623 1686 802 1761 ὁρμῆς
852 1688 961 1759 (87)
1012 1684 1182 1757 δείξας
1230 1693 1566 1761 Χριστιανοῖς
1611 1688 1709 1757 τὴν
1752 1688 1883 1763 ὑπὲρ
1912 1696 2012 1756 τῆς

375 1769 642 1835 εὐσεϐείας
673 1774 904 1844 κίνησιν.

2140 623 2352 691 fuisse;
2385 641 2451 679 ac
2478 623 2820 695 priusquam
2856 621 3039 675 Persae
3062 619 3133 673 de
3156 616 3341 688 ipsius
3388 614 3625 671 vesania
3647 632 3784 687 sup.

2142 713 2379 782 plicium
2409 712 2823 781 sumpsissent,
2852 707 3117 765 amentiae
3152 722 3350 776 poenas
3399 704 3459 758 in
3491 704 3781 759 Romano—

2145 819 2274 856 rum
2315 802 2552 869 finibus,
2587 801 2645 854 in
2679 798 3120 871 quosimpetum
3146 795 3332 849 facere
3355 808 3469 848 non
3486 791 3784 847 dubitarat

2144 890 2553 962 persolvisset;
2601 889 2755 960 quod
2833 886 2919 941 vel
2983 886 3121 940 hinc
3182 883 3516 953 conjectura
3588 880 3783 953 colligi

2143 983 2350 1051 potest.
2385 979 2530 1033 Nam
2562 993 2695 1032 cum
2729 976 2926 1031 adhuc
2959 973 3422 1046 progrederetur,
3473 973 3649 1041 atque
3679 969 3781 1025 ob-

2141 1085 2379 1124 scurum
2401 1072 2457 1123 et
2486 1066 2843 1138 incognitam
2869 1062 3298 1135 expeditionem
3317 1077 3487 1116 suam
3516 1075 3646 1115 esse
3666 1058 3782 1114 exi-

2140 1158 2424 1223 stimaret,
2461 1154 2981 1227 prtestantissimus
3020 1152 3337 1223 imperator
3382 1149 3463 1205 ita
3493 1164 3628 1204 eum
3658 1150 3778 1204 toto

2138 1245 2389 1301 exercitu
2418 1243 2818 1311 circumfudit,
2852 1246 3025 1313 atque
3057 1242 3448 1312 uudequaque
3478 1236 3678 1306 cinxit,
3715 1241 3781 1293 ut

2142 1336 2337 1405 fugam
2372 1350 2604 1405 quoque
2636 1348 2868 1387 omnem
2903 1331 3013 1403 ipsi
3039 1327 3781 1401 praecideret,quemadmo-

2139 1426 2278 1478 dum
2310 1440 2377 1477 ex
2408 1422 2499 1478 his
2532 1439 2657 1493 quae
2691 1425 2891 1493 postea
2910 1423 3111 1476 secuta
3128 1416 3515 1488 sunt,liquido
3537 1417 3776 1471 demon-

2136 1516 2387 1568 stratum
2420 1511 2681 1567 est.Nam
2714 1510 2980 1579 cumjam
3005 1509 3183 1564 etiam
3204 1506 3448 1579 imperio
3473 1505 3776 1577 potiretur,

2137 1602 2207 1657 ad
2239 1601 2395 1655 hunc
2416 1605 2609 1655 tamen
2642 1600 2957 1654 exercitum
2992 1597 3391 1669 superandum
3423 1611 3537 1649 non
3570 1609 3774 1665 parum

2136 1689 2350 1761 negotii
2399 1687 2620 1742 habuit.
2681 1690 2753 1741 At
2798 1701 2953 1741 nunc
2999 1683 3097 1739 ille
3144 1684 3422 1739 adversus
3470 1682 3775 1737 audaciam

2136 1776 2311 1833 simul
2344 1782 2399 1832 et
2427 1775 2792 1847 impietatem
2824 1775 3019 1830 furore
3046 1774 3280 1841 ardens,
3312 1788 3378 1827 ac
3409 1768 3774 1843 sapientissi-

376 1881 537 1918 mum
610 1865 904 1919 hominem
964 1865 1190 1936 laqueis
1253 1866 1543 1921 irretitum
1610 1872 1835 1935 tenens,
1906 1867 2049 1939 proh
2092 1866 2314 1923 malum
2373 1870 2427 1920 et
2486 1869 2784 1936 peccatum
2843 1862 3150 1920 nostrum!
3195 1861 3253 1915 in
3314 1860 3505 1917 medio
3564 1857 3775 1914 itinere

369 1953 521 2008 diem
551 1953 679 2007 vitae
718 1960 1041 2009 extremum
1073 1955 1316 2025 claudit,
1350 1972 1481 2011 cum
1560 1957 1629 2011 de
1690 1955 2047 2028 benignitate
2105 1972 2232 2024 sua,
2294 1960 2414 2009 tum
2482 1959 2591 2009 Deo
2636 1958 2761 2008 tum
2821 1952 3177 2022 hominibus,
3220 1950 3422 2005 multis
3473 1948 3662 2003 verbis
3711 1962 3774 2003 se

369 2047 725 2109 excusasset,
759 2058 825 2097 ac
857 2058 958 2114 per
979 2049 1160 2115 empta
1190 2061 1297 2099 sua
1326 2049 1382 2100 et
1414 2049 1657 2101 conatus
1690 2049 1967 2101 testatum
2000 2044 2347 2100 Christianis
2388 2043 2737 2115 reliquisset,
2781 2046 3000 2114 quanto
3051 2040 3282 2113 pietatis
3322 2040 3548 2096 tuendas
3580 2037 3771 2094 studio

367 2130 726 2186 inoitaretur.

438 2223 563 2272 M62
594 2215 721 2272 Ὧδε
766 2216 824 2272 δέ
870 2238 922 2271 τι
970 2222 1081 2291 (88)
1133 2216 1358 2294 δάκρυον
1420 2218 1705 2295 ἐπέρχεταί
1750 2240 1840 2293 μοι
1873 2225 2015 2296 χαρᾷ

2197 2222 2586 2292 XLIX.Atque
2607 2220 2703 2275 hic
2726 2219 2868 2275 mihi
2897 2220 2969 2275 ob
2983 2236 3049 2275 ea
3072 2235 3195 2287 quas
3219 2217 3491 2288 deinceps
3515 2231 3771 2287 sequun-

371 2307 637 2380 συμμιγὲς
681 2304 769 2360 διὰ
814 2308 879 2361 τὰ
928 2306 1046 2377 ἑξῆς
1097 2313 1191 2362 νοῦ
1241 2308 1409 2383 λόγου
1440 2329 1452 2341 ·
1504 2310 1592 2363 καὶ
1625 2310 1737 2363 οἷον
1769 2314 2019 2381 ποταμοῦ

371 2394 460 2449 καὶ
492 2394 763 2469 πελάγους
798 2395 973 2471 μάχη,
1006 2396 1093 2450 καὶ
1143 2395 1306 2469 μίξις,
1358 2398 1448 2451 καὶ
1494 2398 1700 2465 στάσις,
1748 2395 2020 2465 ἀλληλοις

376 2483 852 2555 ἀντιστατοῦντων,
904 2485 992 2539 καὶ
1047 2485 1365 2541 συνιόντωνε
1414 2486 1473 2541 ἐκ
1525 2488 1617 2559 μὲν
1659 2487 1761 2561 γὰρ
1793 2491 1900 2540 τῶν
1932 2507 2019 2540 τε-

377 2570 639 2627 λευταίων
673 2572 871 2647 πάσχω
908 2573 974 2628 τά
1015 2576 1126 2647 (89)
1174 2581 1274 2643 τῆς
1320 2572 1546 2645 ἡδονῆς,
1585 2575 1642 2630 ἐκ
1673 2573 1729 2629 δὲ
1762 2580 1865 2629 τῶν
1892 2596 2019 2649 προ-

373 2655 648 2716 λαϐόντων
704 2662 765 2715 τὸ
828 2658 1098 2736 δάκρυονο
1145 2662 1251 2738 οὐχ
1301 2664 1431 2739 ὑπὲρ
1480 2666 1809 2739 Χριστιανῶν
1856 2664 2017 2737 μόνον

370 2751 455 2803 καὶ
508 2758 610 2818 τῆς
668 2750 1048 2822 συμπεσούσης
1100 2752 1283 2814 αὐτοῖς
1333 2753 1609 2824 ἐπηρείας,
1656 2750 1692 2821 ἤ
1726 2756 1869 2829 παρά
1923 2758 2020 2809 τοῦ

372 2844 615 2914 πονηροῦ
663 2839 1097 2914 προσπεσούσης,
1146 2841 1235 2895 καὶ
1286 2845 1398 2914 (90)
1442 2842 1587 2916 παρὰ
1633 2847 1766 2897 Θεοῦ
1799 2864 2018 2919 συγχω-

374 2928 626 2996 ρηθείσης
660 2926 728 2983 δι’
760 2928 820 2989 ἃς
853 2926 995 2983 οἶδεν
1025 2929 1216 3001 αἰτίας,
1249 2931 1337 2984 καὶ
1368 2930 1535 3005 τυχὸν
1570 2928 1659 2985 διὰ
1704 2932 1801 2998 τήν
1850 2928 2018 3007 ’ἐπαρ-

372 3035 451 3067 σιν
487 3019 642 3085 ἡμῶν
705 3015 965 3089 δεομένην
1024 3018 1330 3093 καθάρσεως
1388 3022 1536 3089 (9Ι)’
1591 3018 1736 3074 ἀλλὰ
1764 3020 1852 3074 καὶ
1888 3020 2016 3094 ὑπὲρ

371 3102 540 3171 αὐτῆς
572 3111 669 3171 τῆς
719 3105 920 3161 ἐκείνου
971 3110 1178 3181 ψυχῆς,
1228 3107 1317 3161 κάί
1365 3113 1471 3163 τῶν
1518 3109 1604 3163 ὑπ’
1634 3106 1799 3163 αὐτοῦ
1829 3130 2018 3185 συναρ-

369 3191 677 3256 πασθέντων
713 3195 841 3270 πρὸς
866 3198 963 3264 τὴν
998 3196 1162 3264 αὐτὴν
1195 3195 1492 3254 ἀπώλειαν.

436 3372 518 3424 N'-
552 3371 614 3423 Οἱ
654 3370 746 3442 μὲν
788 3392 887 3445 γαρ
918 3373 1014 3434 τάς
1071 3371 1384 3435 τελευταίας
1441 3373 1614 3429 αὐτῶν
1664 3373 1879 3450 πληγεὶς
1927 3375 2016 3429 καὶ

360 3459 453 3520 τάς
507 3458 743 3513 ἐντεῦθεν
804 3460 1059 3533 βασάνους
1120 3459 1440 3536 ὀδύρονται·
1493 3465 1575 3525 οἷς
1624 3463 1685 3517 τὸ
1730 3467 1823 3536 ζῇν
1854 3468 2015 3518 τοῦτο

362 3547 636 3618 νομίζεται
689 3552 803 3621 (92)
850 3548 1033 3620 μόνον,
1078 3551 1166 3604 καὶ
1219 3549 1317 3605 οὐκ
1346 3550 1674 3620 ἐξικνοῦνται
1698 3556 1766 3625 τῇ
1800 3549 2017 3624 διανοίᾳ

362 3637 495 3708 πρὸς
545 3636 611 3690 τὰ
657 3635 879 3703 ἐκεῖθεν,
931 3636 1053 3693 οὐδὲ
1103 3638 1237 3692 εἷναί
1264 3660 1382 3693 τινα
1411 3640 1717 3713 νομίζουσι,
1749 3645 1855 3694 τῶν
1886 3640 2016 3714 τῇδε

367 3719 715 3799 βεϐιωμένων
770 3724 1036 3801 λογισμὸν
1082 3730 1196 3800 (73)
1236 3728 1325 3782 καὶ
1357 3726 1621 3783 ἀντίδοσιν
1658 3749 1669 3761 ·
1705 3729 1849 3785 ἀλλά
1882 3735 2011 3799 ζῶσι

369 3812 484 3884 βίον
547 3811 784 3888 ἀλόγων,
851 3814 914 3868 τὸ
972 3814 1107 3890 πρὸς
1165 3814 1373 3891 ἡμέραν
1438 3816 1526 3870 καὶ
1582 3817 1647 3871 τὸ
1703 3818 1872 3892 παρὸν
1931 3819 2012 3873 ἀεὶ

369 3900 725 3974 βιοτεύοντες,
796 3902 872 3956 ἑνὶ
940 3904 1139 3976 τούτῳ,
1202 3904 1270 3979 τῇ
1326 3905 1562 3968 ἐντεῦθεν
1626 3904 1868 3979 ῥᾳστώνῃ
1923 3928 2015 3979 με-

361 3993 610 4064 τροῦντες
660 3991 721 4045 τὸ
772 3989 1132 4063 εὐδαιμονεῖν,
1183 3993 1272 4046 καὶ
1319 3997 1398 4063 τῷ
1456 3992 1675 4065 ἐναντίῳ
1732 3995 1795 4048 τὸ
1850 4015 2011 4049 κακο-

363 4074 638 4149 δαιμονεῖν
670 4085 789 4141 τοῖς
820 4080 1225 4135 ἀντιπίπτουσιν
1254 4100 1266 4113 ⁸
1316 4080 1438 4153 ἐμοὶ
1485 4079 1543 4136 δὶ
1589 4082 1758 4137 πλέον
1794 4085 2008 4158 θρηνεῖν

360 4166 557 4228 αὐτοὺς
610 4167 782 4223 ἔπεισι
837 4174 943 4223 τῶν
1004 4169 1199 4232 ἐκεῖθεν
1264 4168 1533 4245 βασάνων,
1579 4170 1668 4225 καὶ
1726 4178 1826 4239 τῆς
1881 4171 2013 4225 ἀπο-

359 4257 617 4327 κειμένης
674 4263 789 4319 τοῖς
845 4264 1114 4333 πονηροῖς
1169 4257 1465 4321 κολάσεως.
1522 4260 1618 4314 Καὶ
1677 4259 1829 4314 οὕπω
1869 4259 2012 4335 λέγω

360 4345 422 4398 τὸ
457 4346 727 4421 μέγιστον,
760 4347 889 4402 αὐτὸ
920 4349 981 4402 τὸ
1028 4348 1322 4420 ἐξωσθῆναι
1367 4353 1523 4417 Θεοῦ,
1562 4346 1797 4419 πηλίκον
1827 4348 2012 4411 αὐτοῖς

362 4432 438 4495 εἷς
470 4433 716 4491 κόλασιν.

2127 2313 2243 2375 tur,
2279 2310 2544 2383 tacrymaa
2592 2310 2806 2381 gaudio
2858 2308 3144 2381 permistae
3194 2307 3485 2373 subeunt;
3519 2322 3584 2360 ac
3614 2303 3771 2360 velut

2129 2399 2393 2455 fluminis
2423 2404 2481 2453 et
2512 2399 2691 2454 maris
2723 2414 2938 2470 pugna,
3006 2395 3455 2467 commistioque
3507 2399 3564 2449 et
3592 2392 3767 2449 dissi-

2129 2488 2313 2556 (lium,
2375 2488 2526 2542 inter
2580 2504 2641 2543 se
2698 2486 3197 2555 contendentium,
3273 2502 3339 2539 ac
3413 2482 3769 2539 coeuntium.

2129 2578 2630 2643 Quemadmodum
2662 2578 2816 2631 100
2846 2576 3001 2630 enim
3032 2592 3101 2631 ex
3142 2574 3452 2646 postremis
3481 2573 3768 2644 voluptas,

2130 2667 2210 2722 ita
2238 2684 2307 2722 ex
2332 2666 2405 2721 iis
2436 2682 2564 2738 qua:
2596 2669 3037 2738 praecesserunt,
3072 2663 3216 2719 mihi
3265 2663 3531 2736 lacrymze
3571 2662 3770 2717 oriun-

2131 2760 2265 2821 tur;
2299 2773 2412 2810 non
2446 2756 2518 2811 ob
2546 2755 2906 2810 Christianos
2936 2758 3595 2824 tantum,eamque,qua3
3623 2750 3769 2823 ipsis

2129 2844 2359 2912 accidit,
2392 2844 2772 2913 vexationem,
2797 2848 2898 2898 aut
2928 2859 2961 2898 a
2991 2840 3221 2897 diabolo
3254 2841 3477 2897 invecta
3506 2844 3614 2909 est,
3648 2844 3706 2895 et
3737 2855 3771 2894 a

2129 2933 2245 2989 Deo
2279 2932 2781 3004 propterjudicia,
2813 2948 2943 3003 quae
2972 2932 3097 3003 ipse
3148 2931 3326 2996 novit,
3360 2928 3667 3001 permissa,
3700 2944 3766 2983 ac

2128 3023 2373 3078 fortasse
2427 3026 2660 3094 propter
2718 3021 3030 3077 elationem
3080 3023 3359 3095 nostram,
3424 3017 3769 3089 purgatione

2127 3110 2523 3182 indigentem;
2557 3126 2755 3165 verum
2788 3110 2965 3164 ctiam
2997 3109 3069 3164 ob
3101 3108 3288 3179 ipsam
3321 3106 3482 3162 illius
3509 3107 3769 3160 animam

2127 3216 2444 3269 eorumque
2473 3199 2574 3269 qui
2605 3200 2674 3253 ad
2708 3198 2974 3253 eamdem
3007 3197 3324 3269 perniciem
3376 3196 3447 3250 ab
3492 3212 3557 3251 eo
3590 3192 3769 3251 simul

2127 3288 2353 3360 abrepti
2385 3292 2544 3343 sunt.

2200 3377 2518 3444 L.Quidam
2539 3376 2693 3431 enim
2717 3381 3007 3431 extremas
3025 3376 3521 3431 duntaxateorum
3548 3373 3769 3445 plagas,

2128 3482 2439 3538 poenasque
2498 3467 2552 3520 in
2615 3467 2719 3521 hoc
2778 3464 2985 3520 amulo
3038 3464 3366 3535 persolutas
3424 3462 3769 3535 deplorant;

2131 3555 2411 3611 nimirum
2436 3556 2473 3609 ii
2500 3555 2599 3626 qui
2627 3555 2802 3625 hujus
2824 3560 3052 3609 tantum
3077 3554 3206 3608 vitae
3232 3554 3513 3608 rationem
3534 3552 3769 3620 habent,

2132 3660 2234 3699 nec
2285 3645 2354 3699 ad
2417 3646 2615 3699 futura
2671 3643 2965 3715 supplicia
3018 3648 3211 3699 mente
3287 3645 3612 3714 penetrant,
3666 3656 3769 3695 nec

2126 3732 2303 3787 ullam
2332 3750 2525 3788 rerum
2551 3733 2609 3787 in
2634 3732 2741 3787 hac
2758 3733 2872 3788 vita
2899 3736 3199 3805 gestarum
3225 3731 3580 3786 reddendam
3594 3729 3769 3784 ratio-

2125 3837 2257 3876 nem
2290 3826 2463 3893 atque
2496 3822 2820 3877 mercedem
2855 3821 2974 3876 fore
3003 3820 3363 3876 arbitrantur
3396 3844 3410 3887 ;
3443 3818 3543 3874 sed
3573 3818 3771 3872 bruto-

2124 3925 2253 3963 rum
2283 3909 2675 3964 animantium
2727 3910 2839 3963 ritu
2875 3909 2931 3962 in
2987 3908 3142 3963 diem
3193 3913 3368 3978 atque
3419 3908 3478 3961 in
3513 3922 3768 3977 presens

2123 4013 2355 4068 semper
2386 3998 2603 4064 vivunt,
2639 4014 2702 4052 ac
2752 3998 2876 4053 sola
2926 3997 3106 4067 hujus
3161 3996 3292 4051 vitae
3342 3994 3769 4066 tranquillitate

2124 4086 2541 4141 beatitudinem
2576 4086 2916 4151 metiuntur,
2935 4090 3250 4156 contraque
3280 4084 3540 4139 adversis
3571 4100 3765 4139 rerum

2122 4175 2358 4230 casibus
2388 4174 2788 4230 infelicitatem
2830 4174 3134 4229 definiunt.
3185 4174 3323 4228 Mihi
3368 4189 3500 4229 vero
3531 4172 3766 4245 gravius

2122 4281 2221 4319 eos
2249 4262 2447 4335 lugere
2478 4263 2637 4319 subit
2667 4264 2740 4318 ob
2771 4263 3069 4335 sequentis
3092 4264 3216 4317 vitae
3248 4262 3765 4334 cruciatus,eaque

2123 4368 2249 4424 quae
2308 4352 2603 4424 improbos
2652 4357 2708 4406 et
2765 4352 3072 4407 sceleratos
3134 4357 3392 4420 manent,
3452 4350 3763 4423 supplicia.

2121 4441 2393 4496 Nondum
2426 4441 2581 4495 enim
2615 4441 2769 4511 quod
2804 4441 3124 4495 maximum
3156 4445 3245 4497 est
3265 4440 3631 4511 dico,nempe
3654 4439 3763 4495 hoc

2122 4530 2381 4602 ipsum,a
2399 4529 2512 4585 Deo
2534 4528 2873 4602 ejici,quam
2896 4530 3041 4584 dura
3062 4532 3119 4585 et
3140 4530 3346 4586 acerba
3366 4528 3482 4585 illis
3502 4546 3668 4602 pcena
3688 4528 3765 4585 sit

432 4728 545 4817 (88)
576 4728 679 4817 Τῂν
709 4727 1037 4817 ἐμπληξίαν.
1081 4731 1332 4817 ξίοὶροῑο
1369 4730 1785 4804 Reg.,quatuor
1815 4734 1997 4799 Colb.,
2032 4754 2076 4817 Β
2109 4735 2208 4790 tio.
2245 4735 2400 4789 Idem
2436 4734 2621 4817 potuit
2655 4735 3039 4817 nihilominus
3068 4733 3646 4817 imperiumluliano
3676 4751 3763 4789 as-

361 4800 540 4874 Οτηί,
576 4806 684 4856 etc.
712 4798 817 4874 Ed.
849 4798 945 4869 τῆς
978 4798 1301 4874 ἐμπληξίας.

432 4872 543 4943 (84)
579 4870 870 4949 Βασιλέως.
904 4870 1017 4929 Ξειζ
1044 4875 1221 4949 Regg.
1255 4873 1495 4949 aliique
1522 4874 1811 4943 nonnulli,
1850 4876 1998 4949 βασι-

360 4938 698 5017 λέων,ἀιιο[1
727 4948 1007 5017 majorem
1042 4938 1598 5017 emphasim'habet.

428 5016 631 5087 (85)"32
661 5021 759 5083 τῆς
792 5016 1056 5087 ἡμετέρας
1086 5015 1275 5076 κακίας
1304 5016 1314 5070 l
1351 5040 1376 5065 ‹‹
1416 5017 1559 5071 Proh
1611 5016 1830 5071 malum
1864 5035 2001 5073 nos-

356 5090 511 5140 trum
540 5086 551 5140 l
590 5111 615 5135 n
644 5087 698 5140 id
733 5086 856 5142 est:
884 5111 911 5137 α
942 5086 1149 5144 Nostro
1172 5089 1308 5143 vitio
1332 5089 1597 5143 effectum
1623 5095 1802 5154 est,ut
1822 5092 2004 5145 Cons-

359 5158 582 5283 tantiﬁls
612 5163 746 5283 atnte
778 5168 1119 5227 moreretur,
1154 5176 1330 5231 quam
1351 5159 1657 5215 Julianum
1690 5160 1914 5217 vincert
1937 5179 2005 5216 ac

359 5245 489 5283 rene
538 5246 633 5283 ere
666 5273 678 5283 .
718 5253 743 5279 ι)

355 5234 701 5299 repelleret.
718 5253 743 5279 ››

422 5297 538 5374 (86)
568 5297 779 5365 Πολλά,
816 5308 924 5356 etc.
957 5301 1098 5374 Vult
1128 5301 1222 5356 hic
1254 5301 1569 5374 Gregorius
1591 5301 2001 5359 Constantium

361 5372 704 5427 morientem
740 5372 1183 5429 sumJulianum
1218 5372 1595 5444 benignitatis
1639 5374 1999 5445 paenituisse.

354 5445 701 5518 Ammianus
731 5461 865 5499 vero
897 5445 1099 5499 scribit
1119 5462 1253 5500 eum
1272 5447 1549 5502 statuisse
1585 5462 1764 5501 «voce
1786 5463 1993 5518 supre-

359 5530 454 5569 ma
483 5522 539 5570 et
569 5515 793 5587 integro
819 5522 1090 5585 sensu,ut
1120 5534 1265 5572 suus
1294 5522 1448 5573 esset
1477 5533 1785 5573 successor
1814 5515 1999 5573 Julia-

360 5602 553 5659 nus._»
589 5587 841 5659 Uterque
871 5589 1066 5644 forsan
1102 5593 1191 5644 est
1236 5604 1428 5643 verax.
1484 5589 1737 5644 Promoti
1784 5589 2000 5645 Juliani

359 5657 636 5737 paenitere
668 5657 859 5730 potuit
889 5660 1571 5731 Constantium,eumque
1602 5662 1794 5732 reipsa
1825 5660 2004 5737 pmni-

359 5733 543 5787 tuisse
573 5740 916 5803 argumento
947 5737 1035 5791 est
1064 5742 1338 5804 suscepta
1374 5737 1575 5790 contra
1604 5748 1739 5790 eum
1768 5733 2001 5805 expedi-

2111 4807 2484 4877 serere,quod
2509 4806 2627 4876 jam
2662 4808 2889 4862 auferre
2922 4824 3034 4863 non
3068 4806 3313 4877 valebat,
3336 4808 3514 4877 idque
3538 4811 3601 4859 ut
3634 4811 3758 4859 tum

2110 4877 2354 4948 publica:
2386 4878 2953 4949 tranquillitati,tum
2986 4878 3341 4949 imperatrici
3378 4878 3670 4932 Faustina
3695 4882 3753 4931 et

2116 4949 2353 5035 fructui,
2388 4950 2773 5035 quo~gravida
2802 4957 2954 5035 erat,
2980 4949 3323 5032 consuleret.

2187 5022 2298 5091 (87)
2330 5019 2426 5073 Διά
2473 5019 2574 5087 τῆς
2621 5020 2821 5092 ὁρμῆς,
2856 5045 2881 5070 ››
2917 5027 2991 5075 Ex
3042 5022 3167 5091 ipsa
3216 5019 3575 5091 egressione,
3627 5036 3758 5075 sus-

2113 5099 2280 5163 cepta
2314 5092 2549 5163 pietatis
2581 5109 2759 5148 causa
2790 5093 3177 5163 expeditione,
3213 5114 3240 5139 ››
3272 5096 3380 5145 etc.

2186 5159 2470 5233 (88)"983
2501 5159 2575 5217 δέ.
2611 5164 2780 5219 Deest
2812 5159 2956 5219 δέ’ίη
2992 5163 3194 5218 multis
3227 5163 3395 5217 codd.

2185 5233 2655 5309 (89)_T:E)\e'naituv
2692 5235 2890 5309 πάσχω
2919 5235 3003 5309 τά.
3040 5236 3134 5309 Sic
3164 5234 3357 5309 plures
3395 5233 3757 5309 mss.Regg.;

2112 5305 2193 5360 sic
2224 5306 2395 5361 Coisl.
2428 5311 2484 5361 et
2518 5308 2672 5363 Pass.
2700 5325 2712 5374 ;
2747 5305 2841 5363 sic
2862 5308 3035 5361 etiam
3068 5306 3270 5377 legunt
3321 5307 3450 5361 Sav.
3499 5308 3556 5360 et
3598 5310 3761 5359 Com-

2114 5378 2223 5431 bef.
2262 5378 2433 5450 Deest
2464 5378 2660 5450 πάσχω
2697 5380 2749 5432 in
2783 5380 2873 5433 ed.

2182 5450 2293 5523 (90)
2326 5446 2443 5523 Καί,
2473 5446 2775 5523 εἰοίἶθες.
2830 5454 3056 5520 septem
3113 5464 3213 5519 pro
3270 5446 3329 5513 ἢ,
3381 5446 3537 5519 quod
3585 5461 3803 5518 prave,

2111 5518 2326 5574 habent
2355 5520 2517 5574 editi.

2184 5592 2295 5665 (91)
2324 5591 2655 5665 Καθάρσεως.
2690 5591 2958 5662 Plerique
2987 5590 3159 5665 codd.
3189 5586 3567 5665 καθαιρέσεως.

2185 5658 2298 5736 (9;)
2333 5658 2643 5736 Νομίζεται.
2679 5658 3111 5736 Monk-scribit,
3145 5658 3435 5736 λογίζεται.

2182 5732 2294 5807 (93)
2322 5732 2621 5810 Λογισμόν.
2653 5735 2883 5803 Billiua,
2921 5758 2942 5787 ι
2978 5732 3311 5793 censuram.
3336 5756 3366 5786 »
