4148 6290
336 351 452 420 377
1323 346 1612 416 ORATIO
1661 351 1764 415 IV.
1800 387 1875 398 -—
1906 354 2217 414 CONTRA
2258 347 2657 415 JULlANUM
2701 346 2749 412 Ι.
3632 358 3749 420 578

342 489 524 558 στήσω
552 491 669 547 τοῖς
701 481 939 561 λέγουσι.
974 484 1068 539 Καὶ
1099 485 1202 559 γὰρ
1251 483 1411 546 αὐτος
1461 487 1538 558 (5)
1586 481 1983 555 ταλαντεύομαι
2014 513 2033 552 λ

2154 483 2365 539 nnium
2397 500 2662 540 sermone
2693 483 3039 552 celebratur,
3066 487 3363 555 mandare,
3399 504 3468 542 an
3503 506 3748 544 narran-

342 578 440 644 τήν
491 575 744 651 γνώμην,
797 573 885 629 καὶ
936 573 1035 628 οὐκ
1073 572 1189 650 ἔχω
1221 572 1528 648 ὁποτέρωσε
1670 571 1860 643 νεύσω,
1899 592 1996 644 με-

2155 573 2264 628 bus
2305 573 2477 629 fidem
2532 574 2811 646 abrogare
2855 573 3119 630 debeam.
3153 575 3381 630 Etenim
3431 576 3554 647 ipse
3586 578 3749 633 dubii

351 664 631 738 μιγμένων
689 668 795 717 τῶν
860 661 1080 724 δικαίως
1136 663 1194 717 ἂν
1271 662 1658 717 πιστευθὲντων
1727 666 1843 721 τοῖς
1903 661 2002 715 οὐκ

2154 667 2284 733 tque
2327 661 2596 733 ancipitis
2642 679 2774 717 sum
2807 662 3009 731 animi,
3043 680 3149 718 nec
3201 669 3390 719 utram
3424 665 3478 719 in
3523 672 3749 738 partem

350 753 518 824 ἀξίοις
552 753 805 814 πίστεως·
836 752 898 806 τὸ
935 752 1026 825 μὲν
1060 752 1164 826 γὰρ
1196 750 1529 823 ἐπισημῆναί
1570 771 1621 804 τι
1654 754 1720 822 τῇ
1769 748 2000 822 τοσαύτῃ

2154 751 2526 821 rependeam,
2575 750 2780 822 habeo,
2818 755 3014 823 utpote
3067 752 3258 807 mistis
3292 752 3360 807 iis
3410 770 3535 824 quae
3577 755 3752 811 {idem

2111 838 2319 894 mereri
2370 844 2605 910 queant,
2640 857 2772 894 cum
2822 839 2892 894 iis
2925 858 3051 910 qua:
3084 842 3195 895 fide
3239 858 3434 897 carere
3465 843 3751 900 videnlur.

2111 928 2255 983 Nam
2285 928 2438 1000 quod
2471 934 2586 983 tam
2623 945 2766 983 novo
2793 933 2971 1000 atque
3014 930 3292 985 inusitato
3324 931 3525 987 sceleri
3557 938 3613 988 et
3645 934 3754 989 im-

2115 1015 2314 1088 pietati
2362 1017 2598 1088 signum
2657 1017 2888 1088 aliquod
2943 1023 2997 1072 et
3041 1024 3376 1090 portentum
3427 1023 3756 1091 accesserit,

2115 1105 2224 1160 hoc
2257 1122 2369 1160 non
2419 1106 2588 1161 modo
2639 1122 2671 1160 a
2701 1122 2831 1162 vero
2863 1123 2976 1162 non
3027 1107 3321 1178 abhorret,
3352 1111 3452 1166 sed
3503 1127 3757 1184 persaepe

347 847 445 897 τοῦ
503 846 671 897 κακοῦ
729 839 1052 913 καινοτομίᾳ
1098 840 1187 894 καὶ
1243 835 1522 912 δυσσεϐείᾳ
1575 844 1683 894 τῶν
1740 838 1838 893 οὐκ
1876 837 2001 892 ἀπί-

353 953 489 986 στων
523 932 624 1006 (7),
658 927 804 986 ἀλλὰ
831 929 920 984 καὶ
951 927 1221 991 πολλάκις
1250 927 1357 999 ἤδη
1400 923 1825 1000 συμϐεϐηκότων
1879 926 2002 1002 περὶ

347 1022 444 1083 τὰς
497 1019 746 1096 μεγίστας
799 1013 1143 1092 μεταϐολάς·
1189 1018 1252 1072 τὸ
1305 1016 1362 1073 δὲ
1405 1018 1494 1072 καὶ
1528 1020 1603 1092 (8)
1653 1019 1741 1072 τὸν
1801 1015 2000 1092 τρόπον

353 1114 544 1164 τοῦτον
597 1105 802 1187 σφόδρα
842 1106 966 1182 ἐμοὶ
1013 1112 1140 1184 γοῦν
1189 1107 1464 1179 θαύματος
1519 1103 1685 1176 ἄξιον,
1737 1107 1826 1160 καὶ
1876 1111 2006 1159 πᾶσι

356 1203 474 1260 τοῖς
523 1201 769 1270 καθαρῶς
813 1195 1114 1268 δηλοῦσθαι
1160 1197 1228 1251 τὰ
1278 1194 1487 1269 καθαρὰ
1540 1193 1901 1270 βουλομένοις
1949 1214 2008 1248 τε

2154 1211 2236 1250 1m
2267 1194 2327 1249 in
2360 1194 2632 1251 maximis
2653 1195 3081 1252 mutationibus
3111 1197 3339 1252 accidit.
3366 1199 3527 1262 Quod
3561 1205 3757 1257 autem

361 1286 453 1340 καὶ
484 1286 783 1359 νομίζουσι.

2157 1284 2192 1338 d
2223 1283 2379 1338 hunc
2402 1284 2636 1339 modum
2667 1283 2722 1339 id
2743 1284 3071 1357 contigerit,
3092 1286 3145 1340 id
3173 1303 3303 1342 vero
3329 1291 3418 1343 est
3445 1291 3600 1360 quod
3626 1288 3772 1346 mihi

361 1376 596 1449 quidem
629 1376 1018 1432 admiratione
1049 1393 1181 1431 cum
1214 1375 1422 1448 primis
1468 1375 1712 1447 dignum
1746 1375 1993 1440 videtur,
2025 1377 2201 1444 atque
2249 1372 2546 1443 omnibus,
2581 1373 2677 1445 qui
2713 1389 2804 1428 res
2835 1391 3013 1445 puras
3057 1391 3201 1446 pure
3233 1375 3516 1433 declarari
3547 1378 3771 1446 volunt,

369 1483 434 1521 ac
465 1464 848 1521 declarandae
877 1465 1236 1522 existimant.

440 1553 555 1607 NA'.
579 1551 650 1605 Τὸ
682 1549 729 1606 δ’
785 1549 875 1606 οῦν
907 1550 1227 1626 λεγόμενον,
1261 1550 1343 1605 δτί
1372 1550 1618 1623 θυομένῳ
1647 1548 1713 1604 τὰ
1734 1548 2022 1625 σπλάγχνα

2204 1549 2340 1606 LIV.
2374 1549 2589 1604 Ferunt
2621 1549 2817 1621 igitur,
2849 1567 2982 1606 eum
3035 1551 3158 1624 ipse
3198 1556 3476 1622 sacraret,
3515 1555 3776 1614 victima-

370 1640 458 1694 τὸν
512 1641 737 1714 σταυρὸν
783 1637 1116 1695 ἀναδείκνυσι
1162 1639 1616 1717 στεφανούμενον,
1677 1637 1706 1692 ὅ
1751 1643 1867 1700 τοῖς
1925 1637 2019 1709 μὲν

2154 1655 2262 1692 -um
2295 1642 2423 1693 exta
2472 1643 2804 1694 coronatam
2839 1655 3067 1694 crucem
3117 1641 3466 1698 ostendisse.
3503 1646 3636 1710 Quae
3686 1663 3779 1702 res

374 1727 570 1790 ἄλλοις
604 1729 800 1805 φρίκην
832 1728 1092 1804 παρέσχε,
1141 1729 1228 1783 καὶ
1280 1729 1532 1804 ἀγωνίαν,
1574 1725 1663 1782 καέ
1691 1732 1789 1782 τοῦ
1819 1728 2018 1799 ἡμετε-

375 1837 471 1892 ρου
523 1819 752 1892 κράτους
811 1817 1154 1887 συναίσθησιν
1205 1818 1282 1891 (9)
1318 1835 1329 1848 ⁸
1385 1821 1464 1889 τῷ
1491 1814 1547 1870 δὶ
1577 1813 1891 1886 διδασκάλῳ
1920 1817 2020 1883 τῆς

374 1900 615 1967 ἀσεϐείας
684 1906 774 1960 καὶ
852 1907 1046 1982 θάρσος
1122 1903 1297 1977 δῆθεν,
1366 1905 1440 1967 ὡς
1508 1904 2023 1980 περι-γεγραμμένων

373 1998 533 2068 ἡμῶν
583 1995 672 2050 καὶ
719 1994 1114 2071 συνειργμὲνων
1169 1998 1303 2068 (10)’
1365 1993 1507 2049 οὕτω
1539 1994 1640 2068 γὰρ
1671 1994 1760 2046 τὸν
1797 1993 2022 2066 σταυρὸν

375 2085 463 2139 καὶ
507 2085 597 2139 τὸν
646 2083 847 2140 κύκλον
896 2082 1304 2159 παρεσχεδιάσε.
1348 2087 1516 2138 Τοῦτο
1580 2083 1672 2156 μὲν
1708 2079 1773 2151 δὴ
1803 2082 1865 2136 τὸ
1897 2081 2024 2154 ἐμὸν

375 2176 588 2246 θαῦμα·
649 2173 739 2227 καὶ
799 2173 844 2227 εἰ
905 2175 998 2246 μὲν
1044 2170 1257 2246 ψευδὲς,
1305 2169 1464 2248 αῦραι
1521 2172 1765 2249 φέροιεν·
1850 2171 1895 2224 εί
1973 2167 2030 2224 δὲ

379 2260 602 2332 ἀληθὲς,
659 2259 823 2316 πάλιν
879 2261 1106 2334 Βαλαὰμ
1179 2260 1532 2337 προφηυεύει,
1607 2261 1696 2313 καὶ
1762 2257 2029 2331 Σαμουὴλ

381 2347 614 2420 ἕλκεται,
665 2351 699 2419 ἣ
747 2348 896 2404 δοκεῖ
943 2354 986 2423 (1
1011 2351 1078 2423 Ι),
1129 2347 1196 2404 δι’
1226 2348 1676 2426 ἐγγαστριμύθου,
1711 2347 1797 2402 καὶ
1832 2345 2031 2420 δαίμο-

379 2462 461 2502 νες
518 2437 852 2515 ὁμολογοῦσι
905 2440 996 2494 τὸν
1074 2440 1282 2509 Ἰησοῦν
1342 2437 1578 2505 ἄκοντες,
1638 2437 1725 2492 καὶ
1786 2435 1872 2491 διὰ
1927 2440 2033 2491 τῶν

383 2528 659 2600 ἐναντίων,
696 2526 788 2582 ’ἱνα
846 2527 935 2582 καὶ
981 2529 1090 2601 (12)
1136 2530 1395 2601 πιστευθῇ
1449 2525 1683 2600 μᾶλλον,
1738 2528 1772 2596 ἡ
1805 2525 2035 2595 ἀλήθεια

387 2617 650 2673 δείκνυται
678 2637 689 2648 ·
749 2619 917 2692 τυχὸν
967 2619 1077 2691 (13)
1108 2617 1353 2671 κάκεῖνον
1401 2615 1752 2691 ἐπισχεθῆναι
1784 2621 1882 2682 τῆς
1912 2614 2032 2668 ἀσε-

387 2701 534 2769 ϐείας
584 2706 671 2762 διὰ
714 2707 922 2762 τούτων
973 2705 1356 2783 ἑπρυτανεύετο
1381 2724 1393 2736 ·
1437 2703 1651 2766 πολλὰς
1679 2704 1778 2779 γάρ
1810 2703 1898 2757 καὶ
1931 2723 2032 2757 πα-

386 2793 640 2872 ραδόξους
693 2794 853 2858 ὁδοὺς
898 2795 1169 2868 σωτηρίας
1222 2793 1334 2850 οἶδε
1383 2795 1442 2850 τὸ
1485 2799 1636 2849 Θεῖον
1668 2798 2032 2863 καινοτομεῖν,

381 2889 532 2938 νεῦον
559 2885 696 2958 πρὸς
741 2882 804 2940 τὰ
853 2883 1232 2962 φιλάνθρωπον
1262 2904 1272 2914 ·
1307 2882 1336 2937 ὅ
1368 2880 1425 2937 δὲ
1467 2882 1679 2958 λέγεται
1712 2883 1814 2936 ὑπὸ
1844 2879 2034 2935 πλειό-

384 2994 514 3040 νων,
545 2974 634 3028 καὶ
664 2970 930 3035 πίστεύειν
968 2972 1066 3028 οὐκ
1094 2973 1201 3028 ἀπὸ
1232 2973 1442 3046 τρόπου
1474 2974 1608 3043 (14).

2133 1725 2277 1782 alios
2312 1727 2547 1797 quidem
2571 1726 2808 1782 horrore
2839 1733 3013 1798 atque
3044 1729 3330 1784 anxietate
3352 1732 3627 1802 perfudit,
3645 1733 3779 1789 ell'e-

2132 1816 2322 1887 citque
2356 1822 2420 1870 ut
2449 1816 2767 1887 potentiam
2811 1822 3073 1872 nostram
3120 1826 3503 1889 agnoscerent
3533 1837 3545 1876 :
3581 1827 3638 1876 at
3667 1821 3784 1876 im-

2134 1904 2365 1975 pietatis
2382 1905 2662 1976 magistro
2678 1905 2941 1959 animum
2965 1905 3227 1962 videlicet
3243 1908 3487 1976 addidit,
3502 1914 3783 1981 tanquam

2135 1992 2558 2065 circumscripti
2618 1997 2796 2065 atque
2855 1993 3110 2065 undique
3176 1996 3438 2053 conclusi
3496 2015 3783 2056 essemus.

2144 2082 2290 2137 I02
2336 2081 2430 2137 Sic
2478 2081 2632 2137 enim
2687 2099 2919 2137 crucem
2969 2087 3026 2138 et
3072 2084 3360 2141 circulum
3404 2102 3471 2141 ex
3523 2093 3787 2159 tempore

2139 2169 2554 2241 interpretatus
2584 2174 2690 2226 est.
2723 2175 2912 2242 Atque
2961 2171 3070 2226 hoc
3102 2190 3240 2228 sane
3271 2179 3378 2241 est,
3418 2178 3573 2246 quod
3607 2177 3786 2233 mira-

2141 2259 2254 2315 culi
2295 2260 2483 2314 iustar
2532 2259 2736 2315 habeo.
2793 2260 2952 2325 Quod
2996 2261 3041 2315 si
3097 2261 3308 2318 falsum
3358 2270 3466 2334 est,
3499 2265 3556 2318 in
3610 2282 3786 2321 auras

2143 2348 2312 2403 abeat
2344 2365 2357 2403 :
2394 2347 2444 2404 si
2486 2355 2681 2404 autem
2729 2366 2952 2417 verum,
2984 2367 3188 2406 rursus
3239 2352 3470 2407 Balaam
3505 2354 3788 2410 vaticina-

2141 2441 2238 2491 tur
2267 2437 2332 2505 ³ο,
2363 2441 2420 2492 et
2472 2437 2706 2492 Samuel
2749 2454 2850 2508 per
2894 2439 3322 2510 ventriloquam
3372 2441 3648 2511 trahitur,
3685 2448 3788 2500 aut

2141 2525 2294 2581 trahi
2327 2525 2556 2581 videtur
2576 2527 2645 2595 3‘,
2679 2532 2735 2582 et
2757 2528 3049 2583 daemones
3079 2530 3276 2583 Jesum
3310 2529 3474 2584 inviti
3505 2533 3789 2588 confiten-

2145 2621 2240 2670 tur
2257 2615 2321 2685 ³²,
2355 2633 2421 2670 ae
2452 2633 2554 2687 per
2583 2619 2890 2685 contraria,
2917 2634 3030 2690 quo
3063 2617 3195 2689 plus
3230 2619 3358 2674 fidei
3387 2624 3560 2691 atque
3592 2626 3791 2676 aucto-

2146 2704 2335 2760 ritatis
2386 2705 2613 2774 habeat,
2657 2707 2869 2762 veritas
2920 2708 3373 2762 demonstratur.
3423 2710 3498 2764 Ac
3547 2711 3793 2768 fortasse

2145 2792 2238 2848 his
2269 2793 2442 2848 rebus
2475 2794 2530 2848 id
2564 2795 2774 2866 agebat
2807 2796 3188 2866 providentia,
3224 2802 3288 2850 ut
3327 2797 3487 2853 illius
3521 2799 3789 2870 impieta-

2148 2889 2263 2938 tem
2296 2890 2707 2954 compesceret.
2745 2884 2958 2940 Multas
2983 2885 3136 2940 enim
3162 2891 3219 2940 et
3251 2886 3546 2943 mirabiles
3577 2889 3791 2944 salutis

2149 2971 2242 3026 via
2277 2977 2426 3027 Deus
2457 2971 2746 3028 inusitato
2781 2975 2950 3029 modo
2982 2975 3206 3046 aperire
3242 2976 3416 3043 novit,
3452 2977 3522 3031 ad
3576 2977 3790 3034 huma-

389 3063 630 3117 nitatem
662 3069 718 3119 et
748 3065 1205 3120 misericordiam
1238 3063 1624 3136 propendens.
1658 3063 1817 3128 Quod
1851 3067 2045 3116 autem
2077 3076 2111 3115 a
2158 3059 2428 3131 pluribus
2458 3068 2970 3130 commemoratur,
3007 3080 3110 3118 nec
3140 3080 3173 3118 a
3225 3064 3336 3120 fide
3366 3064 3624 3122 alienum
3671 3072 3782 3136 est,

392 3151 654 3207 oratione
679 3169 1012 3225 persequar.

466 3244 582 3294 NE'.
617 3239 811 3312 Κατῄει
847 3242 942 3313 μὲν
993 3237 1069 3302 εἵς
1116 3262 1169 3295 τι
1198 3243 1306 3295 τῶν
1349 3237 1555 3294 ἀδύτων
1589 3242 1696 3294 τῶν
1724 3243 1839 3300 τοῖς
1897 3236 2033 3293 πολ-

2221 3238 2331 3293 LV.
2398 3240 2790 3295 Descendebat
2843 3241 2900 3294 in
2960 3243 3255 3313 quoddam
3313 3245 3552 3316 adytum
3617 3246 3794 3320 vulgo

397 3327 517 3390 λοῐς
572 3323 782 3383 ἀϐάτων
838 3329 927 3383 καὶ
986 3324 1231 3406 φοϐερῶν
1279 3329 1377 3404 (ὡς
1426 3327 1636 3407 ὤφελόν
1685 3349 1747 3402 γε
1797 3329 1906 3401 (15)
1952 3325 2041 3380 καὶ

389 3419 490 3486 τήν
567 3417 644 3479 εἷς
714 3413 846 3487 ᾅδου
920 3417 1203 3496 φέρουσαν,
1282 3418 1405 3494 πρὶν
1485 3418 1559 3479 εἰς
1634 3422 1856 3472 τοιαῦτα
1906 3416 2044 3470 κακὰ

394 3505 725 3582 προελθεῖν),
779 3507 1157 3584 συμπαρόντος
1205 3506 1351 3579 αὐτῷ
1406 3508 1495 3561 καὶ
1541 3511 1638 3562 τοῦ
1666 3504 1890 3560 ποΛλῶν
1922 3502 2045 3560 ἀδύ-

394 3617 501 3651 των
553 3595 724 3669 ἀξίου,
780 3599 877 3650 τοῦ
926 3601 1093 3671 σοφοῦ
1147 3597 1212 3650 τὰ
1257 3600 1497 3667 τοιαῦτα,
1548 3594 1720 3650 εἱίτουν
1773 3597 1881 3666 (16)
1949 3613 2045 3647 σο-

398 3687 620 3760 φιστοῦ*
656 3681 766 3737 ἔστι
815 3684 914 3758 γὰρ
949 3681 1014 3751 δὴ
1048 3681 1320 3737 καὶτοῦτο
1374 3680 1514 3744 εἶδος
1548 3682 1794 3756 μαντείας
1835 3682 2042 3753 αὐτοῖς,

404 3771 512 3844 ζόῳ
568 3772 671 3826 τινὶ
703 3771 792 3826 καὶ
827 3772 1179 3847 ὑποχθονίοις
1208 3769 1432 3844 δαίμοσι
1469 3771 1594 3846 περὶ
1640 3776 1748 3826 τῶν
1811 3769 2044 3845 μελλόν-

397 3883 505 3916 των
557 3861 929 3938 συγγίνεσθαι·
988 3858 1096 3916 εἷίτε
1148 3861 1223 3923 ὡς
1268 3861 1444 3933 σκότῳ
1491 3859 1746 3937 χαίρουσι
1807 3857 2043 3933 μᾶλλον,

399 3950 513 4006 ἐπεὶ
570 3950 659 4005 καὶ
717 3950 818 4005 εἶσὶ
869 3945 1081 4018 σκότος,
1130 3949 1218 4004 καὶ
1267 3949 1491 4012 σκότους
1562 3947 1899 4026 δημιουργοὶ
1943 3955 2044 4018 τῆς

397 4040 584 4101 κακίας
610 4058 622 4070 '
658 4036 764 4094 εἷίτε
793 4039 866 4100 ὡς
899 4038 1154 4116 φεύγουσι
1193 4039 1286 4100 τὰς
1333 4037 1607 4110 ἐπιμιξίας
1654 4043 1760 4093 τῶν
1814 4033 2046 4092 εὐσεϐῶν

401 4128 532 4200 ὑπὲρ
577 4135 681 4202 γῆς
729 4129 864 4200 (17),
911 4127 999 4181 καὶ
1049 4124 1138 4181 διὰ
1183 4125 1379 4188 ταύτας
1419 4125 1808 4204 ἀσθενεστέροις
1835 4147 1846 4160 ’
1881 4127 1954 4188 ὡς
1990 4124 2047 4181 δὲ

400 4217 661 4292 προϊόντα
718 4220 830 4289 (18)
887 4217 977 4270 τὸν
1034 4213 1286 4290 γεννάδαν
1346 4210 1682 4290 προσϐάλλει
1734 4217 1800 4270 τὰ
1857 4213 2046 4288 δείμαο

400 4327 466 4360 τα
497 4309 632 4378 (19),
665 4306 752 4360 καὶ
802 4304 882 4359 ἀεὶ
931 4303 1104 4360 πλείω
1151 4305 1241 4359 καὶ
1285 4299 1650 4382 φοϐερώτερα,
1692 4304 1870 4381 ἤχους
1898 4304 2046 4367 τινάς

401 4415 556 4471 φασιν
612 4395 794 4465 ἀήθεις
849 4396 990 4468 (20),
1037 4394 1126 4448 καὶ
1175 4393 1347 4466 ὀδμὰς
1393 4397 1501 4448 τῶν
1553 4391 1754 4464 ἀηδῶν,
1801 4394 1889 4448 καὶ
1920 4415 2050 4465 πυρ-

403 4485 545 4556 αυγῆ
603 4483 873 4560 φάσματα,
931 4483 1019 4537 καὶ
1065 4482 1164 4536 οὐκ
1220 4479 1322 4536 οἶδ’
1371 4483 1612 4544 οὕστινας
1687 4481 1884 4545 ὕθλους
1958 4483 2048 4537 καὶ

476 4582 521 4616 ³ο
546 4582 716 4638 Num.
749 4600 885 4649 xxn,
916 4584 968 4637 7.
1044 4582 1086 4616 ³¹
1120 4586 1143 4634 Ι
1174 4582 1313 4653 Reg.
1347 4598 1543 4652 xxvui,
1579 4583 1665 4636 12.

404 4753 608 4808 fuisse.
647 4753 747 4806 Hic
777 4752 952 4807 etiam
1007 4768 1241 4807 cernere
1271 4757 1378 4824 est,
1411 4766 1586 4824 quam
1619 4758 1788 4824 caute
1833 4758 2046 4824 Grego-

407 4824 528 4911 rius
559 4840 621 4879 se
652 4829 914 4911 gereret,’
935 4825 1226 4911 rebusque
1257 4823 1625 4911 m‘irisﬁdem
1658 4822 1977 4911 adhiberet";

477 4898 555 4967 (5)
586 4893 682 4968 Καξ
716 4895 818 4968 γὰρ
859 4893 1037 4968 αὐτός.
1070 4893 1163 4949 Sic
1194 4893 1473 4968 melioris
1506 4900 1666 4968 notae,
1684 4896 1912 4968 codices
1946 4896 2050 4950 Re-

405 4963 492 5040 gii.
514 4963 635 5040 βω,
673 4963 803 5040 1,ὐ,
837 4973 944 5020 etc.
979 4967 1107 5040 Par.
1142 4966 1254 5040 θείη
1291 4963 1383 5040 Καὶ
1417 4965 1518 5039 γὰρ
1551 4965 1710 5040 αὐτὸς
1743 4966 1851 5020 καί.

481 5039 549 5108 (6)
582 5035 942 5111 Ὀποτέρωσε.
979 5037 1153 5111 Regg.
1188 5038 1307 5111 brp,
1339 5035 1379 5105 1,
1415 5035 1799 5111 u,:1101épm_ca.

475 5106 550 5184 (7)
582 5106 878 5184 animm.
907 5106 1126 5181 Reg]:
1155 5112 1221 5184 et
1241 5109 1403 5184 Pass.
1439 5106 1677 5184 addunt,
1709 5106 1870 5161 ἐστίν.

497 5183 552 5253 8)
582 5181 652 5234 Τὸ
692 5177 750 5234 δὲ
791 5178 907 5253 καί..
940 5177 1106 5236 Déest
1135 5178 1222 5253 καί
1254 5180 1310 5234 in
1341 5180 1630 5253 pluribus.

497 5185 552 5253 8)
582 5185 652 5234 Τὸ
692 5185 750 5234 δὲ
791 5185 900 5234 καί.
940 5185 1106 5236 Deest
1135 5185 1222 5232 καί
1254 5185 1310 5234 in
1341 5185 1630 5252 pluribus.

476 5185 552 5324 (9)
582 5256 687 5306 Τοῦ
743 5249 1016 5324 ἡμετέρου
1071 5250 1299 5324 κράτους
1367 5250 1732 5324 συναίσθησιν.
1772 5249 2049 5324 Combet‘.

405 5347 434 5375 ‹‹
468 5322 681 5380 nostrae
737 5322 976 5380 sensum
1006 5322 1300 5394 (potentiae
1349 5339 1414 5376 ac
1461 5322 1713 5378 victoriae
1768 5322 1986 5393 injecit.
2023 5342 2051 5369 »

404 5396 525 5453 Hoc
555 5403 666 5463 est,
697 5395 948 5453 ominari
996 5393 1149 5464 fecit,
1185 5395 1300 5450 fore
1352 5399 1414 5447 ut
1447 5412 1536 5450 res
1585 5393 2054 5450 Christianorum

405 5473 734 5525 crescerent
764 5465 1337 5538 Graecisqueritibus
1364 5483 1428 5538 s_u
1443 5466 1694 5538 perieres
1724 5467 2051 5522 evaderent.

405 5541 839 5612 Quodqquidem
873 5536 1070 5612 narrat
1098 5537 1349 5612 So_zom.,
1381 5536 1484 5592 lib.
1515 5555 1568 5605 ν,
1602 5555 1651 5612 c.
1685 5541 1738 5591 2.

619 5607 1053 5687 ίΣυνειργμὲνωνε
1090 5609 1246 5665 Colb.
1264 5610 1336 5687 _3,
1362 5626 1560 5681 συνῃρη
1572 5607 1767 5680 μένων.

483 5679 595 5756 (11)
623 5685 695 5740 Ἥ
725 5679 896 5740 δοκεῖ.
944 5705 972 5734 ‹‹
1004 5680 1148 5737 Vere
1179 5685 1280 5738 aut
1311 5679 1658 5754 apparenter
1698 5683 1988 5738 evocatur.
2024 5699 2054 5731 ››

2153 3327 2518 3383 inaccessum
2551 3333 2607 3383 et
2627 3329 2983 3384 horrendum
3013 3333 3536 3403 (quemadmodum
3570 3336 3795 3392 utinam

2153 3416 2212 3470 in
2227 3415 2520 3472 internum
2537 3434 2687 3488 quoq
2701 3418 3140 3492 ue,priusquam
3155 3420 3210 3474 in
3228 3420 3799 3493 hujusmodiscelera

2153 3505 2622 3578 prorumperet!)
2667 3507 2940 3563 comitem
2989 3524 3122 3563 eum
3173 3509 3416 3577 habens,
3449 3513 3543 3582 qui
3598 3512 3799 3569 multis

2155 3594 2345 3662 adytis
2368 3595 2582 3666 dignus
2601 3601 2743 3663 erat,
2767 3595 2876 3652 hoc
2907 3602 3015 3666 est,
3043 3597 3338 3654 hominem
3366 3599 3423 3654 in
3457 3600 3799 3672 hujusmodi

2153 3683 2329 3738 rebus
2361 3685 2683 3754 sapientem
2707 3689 2808 3739 aut
2837 3685 3109 3756 sophum,
3135 3687 3218 3742 vel
3243 3688 3437 3758 potius
3469 3689 3798 3761 sophistam

2153 3775 2211 3826 et
2229 3771 2629 3843 impostorem.
2655 3777 2801 3828 Nam
2830 3774 2938 3828 hoc
2959 3791 3188 3845 quoque
3207 3779 3356 3847 apud
3387 3777 3544 3848 ipsos
3571 3779 3794 3835 divina-

2154 3858 2330 3916 tionis
2380 3877 2565 3932 genus
2614 3867 2723 3929 est,
2757 3862 2908 3916 utin
2955 3863 3273 3934 caliginoso
3323 3866 3576 3936 quodam
3618 3884 3796 3940 specu

2155 3965 2289 4003 cum
2312 3949 2706 4004 subterraneis
2726 3949 3088 4006 daemonibus
3106 3951 3177 4006 ob
3197 3968 3287 4007 res
3309 3952 3536 4008 futuras
3552 3971 3799 4028 congre-

2156 4037 2394 4093 diantur
2426 4053 2437 4092 :
2475 4037 2596 4093 sive
2628 4038 2764 4109 quia
2795 4039 3050 4094 tenebris
3083 4040 3268 4112 magis
3309 4041 3700 4116 obiectantur,
3734 4049 3800 4102 ut

2157 4127 2255 4198 qui
2289 4127 2400 4197 ipsi
2431 4127 2681 4182 tenebrae
2723 4143 2955 4198 quoque
2985 4128 3123 4192 sint,
3155 4145 3222 4184 ac
3270 4132 3644 4188 tenebrarum
3676 4135 3800 4191 vitii

2158 4215 2448 4283 artifices;
2485 4216 2601 4271 sive
2633 4217 2771 4287 quia
2801 4217 3029 4287 piorum
3064 4216 3392 4286 hominum,
3427 4221 3524 4291 qui
3557 4222 3615 4277 in
3647 4227 3802 4280 terra

2158 4312 2314 4371 sunt,
2352 4306 2685 4360 societatem
2720 4310 2774 4359 et
2806 4321 3183 4378 congressum
3215 4307 3470 4380 fugiunt,
3503 4327 3572 4365 ex
3600 4313 3803 4385 eisque

2159 4393 2507 4448 inﬁrmiores
2558 4395 2904 4449 redduntur.
2942 4395 3006 4451 Ut
3037 4401 3231 4451 autem
3283 4398 3578 4470 egregium
3614 4402 3801 4457 virum

2159 4483 2624 4556 progredientem
2649 4490 2893 4539 terrores
2916 4485 3535 4557 adoriricceperunt,ac
3555 4489 3806 4546 subinde

1740 4583 1784 4616 ³²
1815 4583 1988 4638 Marc.
2021 4599 2062 4648 ι,
2097 4584 2205 4648 34;
2243 4583 2378 4635 Luc.
2412 4597 2488 4647 iv,
2523 4581 2608 4635 41.

403 4683 616 4752 potest,
642 4679 790 4735 hanc
821 4679 1146 4736 orationem
1169 4696 1364 4735 coram
1395 4678 1609 4751 populo
1640 4679 1903 4736 habitam
1937 4697 2050 4736 non
2082 4683 2127 4747 D

2234 4679 2343 4750 (12)
2375 4679 2485 4731 Ἵνα
2509 4677 2623 4750 καί.
2658 4678 2829 4733 Deest
2861 4680 2946 4732 καί
2983 4682 3032 4726 in
3074 4682 3390 4737 nonnullis.

2234 4748 2342 4836 (ιβ)
2374 4748 2569 4822 ἰὐχίν.
2621 4751 2752 4821 lieg.
2808 4755 2845 4804 t'.
2897 4755 3055 4806 Coll).
3112 4771 3159 4818 r,
3193 4755 3385 4823 Pass.,
3441 4755 3664 4824 Comb.,
3717 4753 3806 4808 καὶ

2159 4841 2260 4874 τυγ
2273 4841 2350 4874 ον.

2228 4841 2606 4964 (ξιοέ).Τρόπου.
2645 4892 2801 4946 Pass.
2857 4897 2912 4947 et
2960 4894 3091 4958 Reg.
3130 4894 3166 4959 l,
3203 4897 3426 4950 addunt
3475 4892 3692 4964 δέξασθε
3723 4893 3806 4950 δι-

2162 4960 2551 5036 ηγούμενονηιι(
2591 4965 2845 5036 ._\c_cipite
2880 4981 2996 5017 rem
3034 4977 3093 5018 ut
3124 4969 3336 5021 audivi.
3372 4990 3399 5016 ››

2232 5030 2346 5105 (15)
2369 5035 2454 5093 Ὡς
2488 5030 2696 5109 ὤφελόν
2722 5030 2805 5109 (γε.
2838 5057 2864 5083 ί(
2898 5037 3083 5109 Atque
3112 5039 3336 5093 utinam
3368 5041 3681 5094 ducentem
3707 5056 3805 5094 or—

2163 5124 2294 5162 cum
2323 5108 2474 5176 viam
2509 5105 2914 5176 capessivisset
2952 5105 3132 5176 prius,
3173 5135 3192 5158 ι.
3230 5115 3339 5163 etc.

2260 5180 2342 5246 16)
2379 5173 2595 5231 liii/100v.—
2627 5179 2826 5231 Plures
2858 5173 3022 5230 (mild.
3058 5174 3152 5230 εἴτ’
3183 5180 3295 5234 οὗν.

2260 5181 2342 5246 16)
2379 5181 2585 5231 Εἴτουν.
2627 5181 2826 5231 Plures
2858 5181 3022 5230 (mild.
3058 5181 3119 5230 εἷ”ι

2234 5181 2345 5320 (171
2379 5248 2539 5322 Ὑπὲρ
2566 5250 2687 5320 γῆς.
2718 5250 2849 5322 ξαν.
2883 5247 2968 5322 ἐπὶ
2999 5251 3119 5322 γῆς.

2233 5318 2343 5390 (18)
2377 5318 2660 5391 Ιιροϊόντα.
2716 5320 2852 5394 Reg.
2890 5318 3351 5394 hu-,’itpoc:0'v11,
3395 5321 3649 5394 «_virumi
3693 5323 3808 5376 for-

2161 5395 2276 5446 tem
2311 5407 2373 5446 ac
2416 5397 2721 5446 strenuum
2768 5393 2827 5445 in
2861 5391 3036 5461 malo,
3074 5391 3094 5441 ni
3144 5401 3208 5448 ut
3253 5395 3335 5450 ait
3366 5392 3538 5460 Elias,
3572 5393 3654 5448 vel
3691 5394 3804 5450 iro-

2165 5479 2314 5517 nice.

2235 5533 2345 5604 (19)
2377 5530 2630 5604 Δείματα.
2663 5532 2800 5604 Reg.
2835 5550 2886 5596 ει,
2924 5528 3210 5604 δείγματι..

2235 5591 2346 5678 (20)
2383 5591 2617 5675 Ἀἦθειςο
2653 5591 2823 5661 Deest
2853 5591 2909 5660 in
2942 5591 3101 5662 Colh.
3134 5624 3181 5664 r.
