  <div class='ocr_page' id='page_1' title='image "/cluster/home/n/w/nwhite01/storage/ocr_20150623/35/mdp.39015012934389/295.png"; bbox 0 0 4148 6290; ppageno 0'>
   <div class='ocr_carea' id='block_1_1' title="bbox 414 372 531 438">
    <p class='ocr_par' dir='ltr' id='par_1_1' title="bbox 414 372 531 438">
     <span class='ocr_line' id='line_1_1' title="bbox 414 372 531 438; baseline 0 -1"><span class='ocrx_word' id='word_1_1' title='bbox 414 372 531 438; x_wconf 76' lang='lat'>5&#39;79</span> 
     </span>
    </p>
   </div>
   <div class='ocr_carea' id='block_1_2' title="bbox 1651 365 2568 435">
    <p class='ocr_par' dir='ltr' id='par_1_2' title="bbox 1651 365 2568 435">
     <span class='ocr_line' id='line_1_2' title="bbox 1651 365 2568 435; baseline 0.001 -3"><span class='ocrx_word' id='word_1_2' title='bbox 1651 373 1713 432; x_wconf 92' lang='lat' dir='ltr'>S.</span> <span class='ocrx_word' id='word_1_3' title='bbox 1763 370 2131 435; x_wconf 76' lang='lat' dir='ltr'>GREGORH</span> <span class='ocrx_word' id='word_1_4' title='bbox 2178 365 2568 434; x_wconf 83' lang='lat' dir='ltr'>&#39;I‘HEOLOGI</span> 
     </span>
    </p>
   </div>
   <div class='ocr_carea' id='block_1_3' title="bbox 3693 372 3815 439">
    <p class='ocr_par' dir='ltr' id='par_1_3' title="bbox 3693 372 3815 439">
     <span class='ocr_line' id='line_1_3' title="bbox 3693 372 3815 439; baseline 0.016 -2"><span class='ocrx_word' id='word_1_5' title='bbox 3693 372 3815 439; x_wconf 76' lang='lat'>580</span> 
     </span>
    </p>
   </div>
   <div class='ocr_carea' id='block_1_4' title="bbox 412 500 2036 583">
    <p class='ocr_par' dir='ltr' id='par_1_4' title="bbox 412 503 2036 583">
     <span class='ocr_line' id='line_1_4' title="bbox 412 503 2036 583; baseline -0.002 -18"><span class='ocrx_word' id='word_1_6' title='bbox 412 511 611 583; x_wconf 87' lang='lat' dir='ltr'>plures</span> <span class='ocrx_word' id='word_1_7' title='bbox 641 512 697 564; x_wconf 88' lang='lat' dir='ltr'>et</span> <span class='ocrx_word' id='word_1_8' title='bbox 746 503 1230 563; x_wconf 81' lang='lat' dir='ltr'>formidabiliores</span> <span class='ocrx_word' id='word_1_9' title='bbox 1282 509 1591 561; x_wconf 86' lang='lat' dir='ltr'>evaserunt</span> <span class='ocrx_word' id='word_1_10' title='bbox 1638 506 1835 576; x_wconf 91' lang='lat' dir='ltr'>(sonos</span> <span class='ocrx_word' id='word_1_11' title='bbox 1866 522 2036 578; x_wconf 90' lang='lat' dir='ltr'>quos-</span> 
     </span>
    </p>
   </div>
   <div class='ocr_carea' id='block_1_5' title="bbox 2151 500 3809 583">
    <p class='ocr_par' dir='ltr' id='par_1_5' title="bbox 2165 500 3809 583">
     <span class='ocr_line' id='line_1_5' title="bbox 2165 500 3809 583; baseline 0.004 -26"><span class='ocrx_word' id='word_1_12' title='bbox 2165 503 2413 577; x_wconf 73' lang='grc' dir='ltr'>λήρους),</span> <span class='ocrx_word' id='word_1_13' title='bbox 2447 507 2524 575; x_wconf 82' lang='grc' dir='ltr'>τῷ</span> <span class='ocrx_word' id='word_1_14' title='bbox 2572 500 2827 575; x_wconf 81' lang='grc' dir='ltr'>ἀδοκητῴ</span> <span class='ocrx_word' id='word_1_15' title='bbox 2876 501 3126 579; x_wconf 77' lang='grc' dir='ltr'>πληγεὶς,</span> <span class='ocrx_word' id='word_1_16' title='bbox 3174 504 3392 583; x_wconf 76' lang='grc' dir='ltr'>καὶγὰρ</span> <span class='ocrx_word' id='word_1_17' title='bbox 3433 505 3499 576; x_wconf 76' lang='grc' dir='ltr'>ἦν</span> <span class='ocrx_word' id='word_1_18' title='bbox 3533 509 3809 582; x_wconf 67' lang='grc' dir='ltr'>ὀψιμαθὴς</span> 
     </span>
    </p>
   </div>
   <div class='ocr_carea' id='block_1_6' title="bbox 411 596 2046 666">
    <p class='ocr_par' dir='ltr' id='par_1_6' title="bbox 411 596 2046 666">
     <span class='ocr_line' id='line_1_6' title="bbox 411 596 2046 666; baseline -0.004 -9"><span class='ocrx_word' id='word_1_19' title='bbox 411 602 543 656; x_wconf 87' lang='lat' dir='ltr'>dam</span> <span class='ocrx_word' id='word_1_20' title='bbox 577 599 839 653; x_wconf 88' lang='lat' dir='ltr'>insuetos</span> <span class='ocrx_word' id='word_1_21' title='bbox 869 596 1056 651; x_wconf 89' lang='lat' dir='ltr'>audiri</span> <span class='ocrx_word' id='word_1_22' title='bbox 1102 596 1286 666; x_wconf 91' lang='lat' dir='ltr'>aiunt,</span> <span class='ocrx_word' id='word_1_23' title='bbox 1320 600 1617 665; x_wconf 87' lang='lat' dir='ltr'>tctrosque</span> <span class='ocrx_word' id='word_1_24' title='bbox 1663 610 1791 651; x_wconf 88' lang='lat' dir='ltr'>esse</span> <span class='ocrx_word' id='word_1_25' title='bbox 1820 596 2046 661; x_wconf 90' lang='lat' dir='ltr'>odores,</span> 
     </span>
    </p>
   </div>
   <div class='ocr_carea' id='block_1_7' title="bbox 408 682 2049 759">
    <p class='ocr_par' dir='ltr' id='par_1_7' title="bbox 408 682 2049 759">
     <span class='ocr_line' id='line_1_7' title="bbox 408 682 2049 759; baseline -0.004 -15"><span class='ocrx_word' id='word_1_26' title='bbox 408 691 583 759; x_wconf 75' lang='lat' dir='ltr'>atque</span> <span class='ocrx_word' id='word_1_27' title='bbox 622 686 791 757; x_wconf 90' lang='lat' dir='ltr'>ignea</span> <span class='ocrx_word' id='word_1_28' title='bbox 823 688 1069 756; x_wconf 87' lang='lat' dir='ltr'>spectra,</span> <span class='ocrx_word' id='word_1_29' title='bbox 1103 689 1159 739; x_wconf 91' lang='lat' dir='ltr'>et</span> <span class='ocrx_word' id='word_1_30' title='bbox 1188 684 1385 738; x_wconf 84' lang='lat' dir='ltr'>nescio</span> <span class='ocrx_word' id='word_1_31' title='bbox 1426 701 1571 754; x_wconf 90' lang='lat' dir='ltr'>quas</span> <span class='ocrx_word' id='word_1_32' title='bbox 1604 700 1791 755; x_wconf 83' lang='lat' dir='ltr'>nugas</span> <span class='ocrx_word' id='word_1_33' title='bbox 1821 687 1877 739; x_wconf 88' lang='lat' dir='ltr'>et</span> <span class='ocrx_word' id='word_1_34' title='bbox 1907 682 2049 738; x_wconf 90' lang='lat' dir='ltr'>deli-</span> 
     </span>
    </p>
   </div>
   <div class='ocr_carea' id='block_1_8' title="bbox 404 772 2046 845">
    <p class='ocr_par' dir='ltr' id='par_1_8' title="bbox 404 772 2046 845">
     <span class='ocr_line' id='line_1_8' title="bbox 404 772 2046 845; baseline -0.004 -13"><span class='ocrx_word' id='word_1_35' title='bbox 404 776 713 845; x_wconf 76' lang='lat' dir='ltr'>ramenta),</span> <span class='ocrx_word' id='word_1_36' title='bbox 772 774 851 829; x_wconf 97' lang='lat' dir='ltr'>rei</span> <span class='ocrx_word' id='word_1_37' title='bbox 912 773 1165 828; x_wconf 76' lang='lat' dir='ltr'>novitate</span> <span class='ocrx_word' id='word_1_38' title='bbox 1231 772 1555 844; x_wconf 88' lang='lat' dir='ltr'>perculsus,</span> <span class='ocrx_word' id='word_1_39' title='bbox 1616 773 1824 827; x_wconf 89' lang='lat' dir='ltr'>harum</span> <span class='ocrx_word' id='word_1_40' title='bbox 1893 772 2046 829; x_wconf 85' lang='lat' dir='ltr'>enim</span> 
     </span>
    </p>
   </div>
   <div class='ocr_carea' id='block_1_9' title="bbox 405 861 2047 932">
    <p class='ocr_par' dir='ltr' id='par_1_9' title="bbox 405 861 2047 932">
     <span class='ocr_line' id='line_1_9' title="bbox 405 861 2047 932; baseline -0.004 -11"><span class='ocrx_word' id='word_1_41' title='bbox 405 881 597 921; x_wconf 87' lang='lat' dir='ltr'>rerum</span> <span class='ocrx_word' id='word_1_42' title='bbox 633 862 898 917; x_wconf 90' lang='lat' dir='ltr'>studium</span> <span class='ocrx_word' id='word_1_43' title='bbox 945 877 1073 916; x_wconf 86' lang='lat' dir='ltr'>sero</span> <span class='ocrx_word' id='word_1_44' title='bbox 1106 861 1408 932; x_wconf 82' lang='lat' dir='ltr'>amplexus</span> <span class='ocrx_word' id='word_1_45' title='bbox 1449 862 1656 925; x_wconf 79' lang='lat' dir='ltr'>fuerat,</span> <span class='ocrx_word' id='word_1_46' title='bbox 1697 862 1769 916; x_wconf 90' lang='lat' dir='ltr'>ad</span> <span class='ocrx_word' id='word_1_47' title='bbox 1817 876 2047 916; x_wconf 90' lang='lat' dir='ltr'>crucem</span> 
     </span>
    </p>
   </div>
   <div class='ocr_carea' id='block_1_10' title="bbox 2160 592 3810 674">
    <p class='ocr_par' dir='ltr' id='par_1_10' title="bbox 2160 592 3810 674">
     <span class='ocr_line' id='line_1_10' title="bbox 2160 592 3810 674; baseline 0.005 -28"><span class='ocrx_word' id='word_1_48' title='bbox 2160 594 2224 647; x_wconf 72' lang='grc' dir='ltr'>τὰ</span> <span class='ocrx_word' id='word_1_49' title='bbox 2268 597 2511 665; x_wconf 81' lang='grc' dir='ltr'>τοιαῦτα,</span> <span class='ocrx_word' id='word_1_50' title='bbox 2570 592 2657 646; x_wconf 80' lang='grc' dir='ltr'>ἐπὶ</span> <span class='ocrx_word' id='word_1_51' title='bbox 2701 594 2789 647; x_wconf 82' lang='grc' dir='ltr'>τὸν</span> <span class='ocrx_word' id='word_1_52' title='bbox 2836 595 3059 669; x_wconf 88' lang='grc' dir='ltr'>σταυρὸν</span> <span class='ocrx_word' id='word_1_53' title='bbox 3108 596 3452 674; x_wconf 72' lang='grc' dir='ltr'>καταφεύγει,</span> <span class='ocrx_word' id='word_1_54' title='bbox 3497 597 3678 652; x_wconf 84' lang='grc' dir='ltr'>καὶτὸ</span> <span class='ocrx_word' id='word_1_55' title='bbox 3708 621 3810 654; x_wconf 85' lang='grc' dir='ltr'>πα-</span> 
     </span>
    </p>
   </div>
   <div class='ocr_carea' id='block_1_11' title="bbox 2160 679 3811 758">
    <p class='ocr_par' dir='ltr' id='par_1_11' title="bbox 2160 679 3811 758">
     <span class='ocr_line' id='line_1_11' title="bbox 2160 679 3811 758; baseline 0.004 -23"><span class='ocrx_word' id='word_1_56' title='bbox 2160 679 2315 735; x_wconf 86' lang='grc' dir='ltr'>λαιὸν</span> <span class='ocrx_word' id='word_1_57' title='bbox 2374 682 2674 758; x_wconf 67' lang='grc' dir='ltr'>φάρμακον,</span> <span class='ocrx_word' id='word_1_58' title='bbox 2718 681 2807 736; x_wconf 82' lang='grc' dir='ltr'>καὶ</span> <span class='ocrx_word' id='word_1_59' title='bbox 2861 681 3039 755; x_wconf 64' lang='grc' dir='ltr'>τούτῳ</span> <span class='ocrx_word' id='word_1_60' title='bbox 3094 686 3209 757; x_wconf 90' lang='grc'>(21)</span> <span class='ocrx_word' id='word_1_61' title='bbox 3283 689 3605 757; x_wconf 87' lang='grc' dir='ltr'>σημειοῦται</span> <span class='ocrx_word' id='word_1_62' title='bbox 3675 689 3811 743; x_wconf 85' lang='grc' dir='ltr'>κατά</span> 
     </span>
    </p>
   </div>
   <div class='ocr_carea' id='block_1_12' title="bbox 2158 766 3809 848">
    <p class='ocr_par' dir='ltr' id='par_1_12' title="bbox 2158 766 3809 848">
     <span class='ocr_line' id='line_1_12' title="bbox 2158 766 3809 848; baseline 0.004 -23"><span class='ocrx_word' id='word_1_63' title='bbox 2158 775 2264 825; x_wconf 77' lang='grc' dir='ltr'>τῶν</span> <span class='ocrx_word' id='word_1_64' title='bbox 2300 766 2503 847; x_wconf 76' lang='grc' dir='ltr'>φόϐων,</span> <span class='ocrx_word' id='word_1_65' title='bbox 2534 770 2622 824; x_wconf 80' lang='grc' dir='ltr'>καὶ</span> <span class='ocrx_word' id='word_1_66' title='bbox 2658 771 2856 846; x_wconf 82' lang='grc' dir='ltr'>βοηθὸν</span> <span class='ocrx_word' id='word_1_67' title='bbox 2889 778 3123 826; x_wconf 86' lang='grc' dir='ltr'>ποιεῖται</span> <span class='ocrx_word' id='word_1_68' title='bbox 3155 775 3245 827; x_wconf 86' lang='grc' dir='ltr'>τὸν</span> <span class='ocrx_word' id='word_1_69' title='bbox 3291 772 3625 848; x_wconf 81' lang='grc' dir='ltr'>διωκόμενον</span> <span class='ocrx_word' id='word_1_70' title='bbox 3653 796 3665 808; x_wconf 89' lang='grc'><strong>·</strong></span> <span class='ocrx_word' id='word_1_71' title='bbox 3718 780 3809 833; x_wconf 80' lang='grc' dir='ltr'>καὶ</span> 
     </span>
    </p>
   </div>
   <div class='ocr_carea' id='block_1_13' title="bbox 2158 856 2825 935">
    <p class='ocr_par' dir='ltr' id='par_1_13' title="bbox 2158 856 2825 935">
     <span class='ocr_line' id='line_1_13' title="bbox 2158 856 2825 935; baseline 0.003 -23"><span class='ocrx_word' id='word_1_72' title='bbox 2158 858 2224 912; x_wconf 80' lang='grc' dir='ltr'>τὰ</span> <span class='ocrx_word' id='word_1_73' title='bbox 2254 858 2375 928; x_wconf 74' lang='grc' dir='ltr'>ἑξῆς</span> <span class='ocrx_word' id='word_1_74' title='bbox 2408 879 2475 935; x_wconf 74' lang='grc' dir='ltr'>ιρρ</span> <span class='ocrx_word' id='word_1_75' title='bbox 2487 856 2825 935; x_wconf 85' lang='grc' dir='ltr'>ικωδέστερα.</span> 
     </span>
    </p>
   </div>
   <div class='ocr_carea' id='block_1_14' title="bbox 404 950 3807 1027">
    <p class='ocr_par' dir='ltr' id='par_1_14' title="bbox 404 950 3807 1027">
     <span class='ocr_line' id='line_1_14' title="bbox 404 950 3807 1027; baseline 0.001 -17"><span class='ocrx_word' id='word_1_76' title='bbox 404 958 689 1023; x_wconf 81' lang='lat' dir='ltr'>vetusque</span> <span class='ocrx_word' id='word_1_77' title='bbox 736 950 1063 1005; x_wconf 84' lang='lat' dir='ltr'>remedium</span> <span class='ocrx_word' id='word_1_78' title='bbox 1114 950 1395 1021; x_wconf 83' lang='lat' dir='ltr'>confugit,</span> <span class='ocrx_word' id='word_1_79' title='bbox 1448 950 1673 1021; x_wconf 89' lang='lat' dir='ltr'>hocque</span> <span class='ocrx_word' id='word_1_80' title='bbox 1721 968 1781 1006; x_wconf 90' lang='lat' dir='ltr'>se</span> <span class='ocrx_word' id='word_1_81' title='bbox 1811 951 2089 1005; x_wconf 86' lang='lat' dir='ltr'>adversus</span> <span class='ocrx_word' id='word_1_82' title='bbox 2136 953 2386 1004; x_wconf 88' lang='lat' dir='ltr'>terrores</span> <span class='ocrx_word' id='word_1_83' title='bbox 2426 950 2751 1022; x_wconf 85' lang='lat' dir='ltr'>consignat,</span> <span class='ocrx_word' id='word_1_84' title='bbox 2800 967 3070 1023; x_wconf 89' lang='lat' dir='ltr'>eumque,</span> <span class='ocrx_word' id='word_1_85' title='bbox 3105 969 3279 1024; x_wconf 86' lang='lat' dir='ltr'>quem</span> <span class='ocrx_word' id='word_1_86' title='bbox 3328 956 3807 1027; x_wconf 78' lang='lat' dir='ltr'>persequebatur,</span> 
     </span>
    </p>
   </div>
   <div class='ocr_carea' id='block_1_15' title="bbox 401 1037 2305 1115">
    <p class='ocr_par' dir='ltr' id='par_1_15' title="bbox 401 1037 2305 1115">
     <span class='ocr_line' id='line_1_15' title="bbox 401 1037 2305 1115; baseline -0.004 -16"><span class='ocrx_word' id='word_1_87' title='bbox 401 1040 811 1115; x_wconf 84' lang='lat' dir='ltr'>opitulatorem</span> <span class='ocrx_word' id='word_1_88' title='bbox 843 1039 1094 1095; x_wconf 90' lang='lat' dir='ltr'>asciscit.</span> <span class='ocrx_word' id='word_1_89' title='bbox 1126 1041 1203 1093; x_wconf 85' lang='lat' dir='ltr'>Ac</span> <span class='ocrx_word' id='word_1_90' title='bbox 1232 1056 1359 1110; x_wconf 75' lang='lat' dir='ltr'>qua:</span> <span class='ocrx_word' id='word_1_91' title='bbox 1391 1044 1738 1111; x_wconf 90' lang='lat' dir='ltr'>sequuntur,</span> <span class='ocrx_word' id='word_1_92' title='bbox 1771 1039 1959 1111; x_wconf 87' lang='lat' dir='ltr'>magis</span> <span class='ocrx_word' id='word_1_93' title='bbox 1984 1037 2305 1094; x_wconf 88' lang='lat' dir='ltr'>tremenda.</span> 
     </span>
    </p>
   </div>
   <div class='ocr_carea' id='block_1_16' title="bbox 474 1125 2039 1200">
    <p class='ocr_par' dir='ltr' id='par_1_16' title="bbox 474 1125 2039 1200">
     <span class='ocr_line' id='line_1_16' title="bbox 474 1125 2039 1200; baseline -0.004 -13"><span class='ocrx_word' id='word_1_94' title='bbox 474 1132 609 1187; x_wconf 85' lang='lat' dir='ltr'>LVI.</span> <span class='ocrx_word' id='word_1_95' title='bbox 642 1128 841 1184; x_wconf 86' lang='lat' dir='ltr'>Valuit</span> <span class='ocrx_word' id='word_1_96' title='bbox 887 1126 1277 1200; x_wconf 83' lang='lat' dir='ltr'>signaculum,</span> <span class='ocrx_word' id='word_1_97' title='bbox 1312 1129 1527 1183; x_wconf 90' lang='lat' dir='ltr'>cedunt</span> <span class='ocrx_word' id='word_1_98' title='bbox 1574 1129 1884 1192; x_wconf 73' lang='lat' dir='ltr'>daemones,</span> <span class='ocrx_word' id='word_1_99' title='bbox 1919 1125 2039 1198; x_wconf 85' lang='lat' dir='ltr'>pel-</span> 
     </span>
    </p>
   </div>
   <div class='ocr_carea' id='block_1_17' title="bbox 401 1216 2037 1288">
    <p class='ocr_par' dir='ltr' id='par_1_17' title="bbox 401 1216 2037 1288">
     <span class='ocr_line' id='line_1_17' title="bbox 401 1216 2037 1288; baseline -0.003 -12"><span class='ocrx_word' id='word_1_100' title='bbox 401 1219 607 1276; x_wconf 88' lang='lat' dir='ltr'>luntur</span> <span class='ocrx_word' id='word_1_101' title='bbox 653 1217 913 1273; x_wconf 80' lang='lat' dir='ltr'>timores.</span> <span class='ocrx_word' id='word_1_102' title='bbox 965 1216 1111 1280; x_wconf 87' lang='lat' dir='ltr'>Quid</span> <span class='ocrx_word' id='word_1_103' title='bbox 1164 1217 1421 1271; x_wconf 84' lang='lat' dir='ltr'>deinde?</span> <span class='ocrx_word' id='word_1_104' title='bbox 1469 1216 1733 1288; x_wconf 85' lang='lat' dir='ltr'>Respirat</span> <span class='ocrx_word' id='word_1_105' title='bbox 1784 1216 2037 1283; x_wconf 80' lang='lat' dir='ltr'>malum;</span> 
     </span>
    </p>
   </div>
   <div class='ocr_carea' id='block_1_18' title="bbox 401 1304 2041 1377">
    <p class='ocr_par' dir='ltr' id='par_1_18' title="bbox 401 1304 2041 1377">
     <span class='ocr_line' id='line_1_18' title="bbox 401 1304 2041 1377; baseline -0.003 -13"><span class='ocrx_word' id='word_1_106' title='bbox 401 1324 610 1364; x_wconf 82' lang='lat' dir='ltr'>rursus</span> <span class='ocrx_word' id='word_1_107' title='bbox 632 1306 936 1362; x_wconf 78' lang='lat' dir='ltr'>audaciam</span> <span class='ocrx_word' id='word_1_108' title='bbox 960 1304 1229 1377; x_wconf 82' lang='lat' dir='ltr'>concipit,</span> <span class='ocrx_word' id='word_1_109' title='bbox 1246 1321 1452 1360; x_wconf 87' lang='lat' dir='ltr'>rursus</span> <span class='ocrx_word' id='word_1_110' title='bbox 1474 1306 2041 1376; x_wconf 84' lang='lat' dir='ltr'>aggreditur,rursus</span> 
     </span>
    </p>
   </div>
   <div class='ocr_carea' id='block_1_19' title="bbox 401 1393 2043 1466">
    <p class='ocr_par' dir='ltr' id='par_1_19' title="bbox 401 1393 2043 1466">
     <span class='ocr_line' id='line_1_19' title="bbox 401 1393 2043 1466; baseline -0.002 -13"><span class='ocrx_word' id='word_1_111' title='bbox 401 1398 578 1453; x_wconf 90' lang='lat' dir='ltr'>iidem</span> <span class='ocrx_word' id='word_1_112' title='bbox 610 1401 861 1451; x_wconf 89' lang='lat' dir='ltr'>terrores</span> <span class='ocrx_word' id='word_1_113' title='bbox 894 1399 1099 1466; x_wconf 87' lang='lat' dir='ltr'>urgent</span> <span class='ocrx_word' id='word_1_114' title='bbox 1133 1412 1144 1448; x_wconf 90' lang='lat'>:</span> <span class='ocrx_word' id='word_1_115' title='bbox 1178 1411 1384 1449; x_wconf 81' lang='lat' dir='ltr'>rursus</span> <span class='ocrx_word' id='word_1_116' title='bbox 1407 1394 1775 1465; x_wconf 82' lang='lat' dir='ltr'>signaculum</span> <span class='ocrx_word' id='word_1_117' title='bbox 1810 1393 2043 1449; x_wconf 86' lang='lat' dir='ltr'>adbibe-</span> 
     </span>
    </p>
   </div>
   <div class='ocr_carea' id='block_1_20' title="bbox 399 1482 2042 1555">
    <p class='ocr_par' dir='ltr' id='par_1_20' title="bbox 399 1482 2042 1555">
     <span class='ocr_line' id='line_1_20' title="bbox 399 1482 2042 1555; baseline -0.003 -13"><span class='ocrx_word' id='word_1_118' title='bbox 399 1490 518 1555; x_wconf 84' lang='lat' dir='ltr'>tur,</span> <span class='ocrx_word' id='word_1_119' title='bbox 542 1502 607 1541; x_wconf 91' lang='lat' dir='ltr'>ac</span> <span class='ocrx_word' id='word_1_120' title='bbox 628 1486 921 1540; x_wconf 78' lang='lat' dir='ltr'>daemones</span> <span class='ocrx_word' id='word_1_121' title='bbox 942 1482 1384 1553; x_wconf 89' lang='lat' dir='ltr'>conquiescunt.</span> <span class='ocrx_word' id='word_1_122' title='bbox 1420 1487 1605 1538; x_wconf 71' lang='lat' dir='ltr'>Haeret</span> <span class='ocrx_word' id='word_1_123' title='bbox 1625 1482 1849 1537; x_wconf 89' lang='lat' dir='ltr'>consilii</span> <span class='ocrx_word' id='word_1_124' title='bbox 1873 1482 2042 1553; x_wconf 90' lang='lat' dir='ltr'>inops</span> 
     </span>
    </p>
   </div>
   <div class='ocr_carea' id='block_1_21' title="bbox 403 1570 2044 1645">
    <p class='ocr_par' dir='ltr' id='par_1_21' title="bbox 403 1570 2044 1645">
     <span class='ocr_line' id='line_1_21' title="bbox 403 1570 2044 1645; baseline -0.002 -17"><span class='ocrx_word' id='word_1_125' title='bbox 403 1572 731 1645; x_wconf 87' lang='lat' dir='ltr'>discipulus</span> <span class='ocrx_word' id='word_1_126' title='bbox 763 1588 775 1626; x_wconf 90' lang='lat'><strong>:</strong></span> <span class='ocrx_word' id='word_1_127' title='bbox 810 1588 876 1627; x_wconf 87' lang='lat' dir='ltr'>ac</span> <span class='ocrx_word' id='word_1_128' title='bbox 905 1587 1201 1627; x_wconf 88' lang='lat' dir='ltr'>sacrorum</span> <span class='ocrx_word' id='word_1_129' title='bbox 1235 1570 1706 1641; x_wconf 86' lang='lat' dir='ltr'>antistes,ipsius</span> <span class='ocrx_word' id='word_1_130' title='bbox 1736 1570 1901 1626; x_wconf 87' lang='lat' dir='ltr'>lateri</span> <span class='ocrx_word' id='word_1_131' title='bbox 1933 1570 2044 1625; x_wconf 73' lang='lat' dir='ltr'>hae-</span> 
     </span>
    </p>
   </div>
   <div class='ocr_carea' id='block_1_22' title="bbox 403 1659 2043 1731">
    <p class='ocr_par' dir='ltr' id='par_1_22' title="bbox 403 1659 2043 1731">
     <span class='ocr_line' id='line_1_22' title="bbox 403 1659 2043 1731; baseline -0.003 -13"><span class='ocrx_word' id='word_1_132' title='bbox 403 1679 559 1731; x_wconf 89' lang='lat' dir='ltr'>rens,</span> <span class='ocrx_word' id='word_1_133' title='bbox 581 1660 883 1716; x_wconf 79' lang='lat' dir='ltr'>veritatem</span> <span class='ocrx_word' id='word_1_134' title='bbox 916 1660 1152 1714; x_wconf 89' lang='lat' dir='ltr'>sinistre</span> <span class='ocrx_word' id='word_1_135' title='bbox 1182 1659 1596 1730; x_wconf 86' lang='lat' dir='ltr'>interpretatur</span> <span class='ocrx_word' id='word_1_136' title='bbox 1625 1675 1637 1714; x_wconf 90' lang='lat'>:</span> <span class='ocrx_word' id='word_1_137' title='bbox 1674 1682 1700 1707; x_wconf 88' lang='grc'>‹‹</span> <span class='ocrx_word' id='word_1_138' title='bbox 1724 1659 2043 1714; x_wconf 85' lang='lat' dir='ltr'>Abomina-</span> 
     </span>
    </p>
   </div>
   <div class='ocr_carea' id='block_1_23' title="bbox 401 1747 2041 1819">
    <p class='ocr_par' dir='ltr' id='par_1_23' title="bbox 401 1747 2041 1819">
     <span class='ocr_line' id='line_1_23' title="bbox 401 1747 2041 1819; baseline -0.002 -13"><span class='ocrx_word' id='word_1_139' title='bbox 401 1750 546 1806; x_wconf 88' lang='lat' dir='ltr'>tioni</span> <span class='ocrx_word' id='word_1_140' title='bbox 579 1749 694 1805; x_wconf 90' lang='lat' dir='ltr'>illis</span> <span class='ocrx_word' id='word_1_141' title='bbox 726 1748 969 1813; x_wconf 78' lang='lat' dir='ltr'>fuimus,</span> <span class='ocrx_word' id='word_1_142' title='bbox 1004 1748 1216 1819; x_wconf 91' lang='lat' dir='ltr'>inquit,</span> <span class='ocrx_word' id='word_1_143' title='bbox 1251 1764 1363 1801; x_wconf 89' lang='lat' dir='ltr'>non</span> <span class='ocrx_word' id='word_1_144' title='bbox 1395 1748 1598 1802; x_wconf 91' lang='lat' dir='ltr'>terrori</span> <span class='ocrx_word' id='word_1_145' title='bbox 1636 1764 1648 1802; x_wconf 91' lang='lat'>:</span> <span class='ocrx_word' id='word_1_146' title='bbox 1682 1747 1859 1801; x_wconf 81' lang='lat' dir='ltr'>vincit</span> <span class='ocrx_word' id='word_1_147' title='bbox 1892 1749 2041 1819; x_wconf 88' lang='lat' dir='ltr'>quod</span> 
     </span>
    </p>
   </div>
   <div class='ocr_carea' id='block_1_24' title="bbox 400 1835 2042 1912">
    <p class='ocr_par' dir='ltr' id='par_1_24' title="bbox 400 1835 2042 1912">
     <span class='ocr_line' id='line_1_24' title="bbox 400 1835 2042 1912; baseline -0.002 -17"><span class='ocrx_word' id='word_1_148' title='bbox 400 1840 569 1912; x_wconf 85' lang='lat' dir='ltr'>pejus</span> <span class='ocrx_word' id='word_1_149' title='bbox 590 1843 695 1894; x_wconf 89' lang='lat' dir='ltr'>est.</span> <span class='ocrx_word' id='word_1_150' title='bbox 714 1860 741 1887; x_wconf 89' lang='grc'><strong>››</strong></span> <span class='ocrx_word' id='word_1_151' title='bbox 767 1838 895 1892; x_wconf 66' lang='lat' dir='ltr'>Haec</span> <span class='ocrx_word' id='word_1_152' title='bbox 912 1837 1065 1892; x_wconf 91' lang='lat' dir='ltr'>enim</span> <span class='ocrx_word' id='word_1_153' title='bbox 1090 1836 1369 1907; x_wconf 86' lang='lat' dir='ltr'>loquitur,</span> <span class='ocrx_word' id='word_1_154' title='bbox 1384 1841 1440 1891; x_wconf 87' lang='lat' dir='ltr'>et</span> <span class='ocrx_word' id='word_1_155' title='bbox 1464 1835 1691 1891; x_wconf 89' lang='lat' dir='ltr'>loculus</span> <span class='ocrx_word' id='word_1_156' title='bbox 1716 1838 2042 1908; x_wconf 81' lang='lat' dir='ltr'>persuadet,</span> 
     </span>
    </p>
   </div>
   <div class='ocr_carea' id='block_1_25' title="bbox 401 1924 2046 2000">
    <p class='ocr_par' dir='ltr' id='par_1_25' title="bbox 401 1924 2046 2000">
     <span class='ocr_line' id='line_1_25' title="bbox 401 1924 2046 2000; baseline -0.004 -16"><span class='ocrx_word' id='word_1_157' title='bbox 401 1943 868 2000; x_wconf 80' lang='lat' dir='ltr'>persuasumque</span> <span class='ocrx_word' id='word_1_158' title='bbox 913 1927 1064 1981; x_wconf 76' lang='lat'>103</span> <span class='ocrx_word' id='word_1_159' title='bbox 1115 1924 1469 1997; x_wconf 90' lang='lat' dir='ltr'>discipulum</span> <span class='ocrx_word' id='word_1_160' title='bbox 1505 1926 1571 1979; x_wconf 88' lang='lat' dir='ltr'>ad</span> <span class='ocrx_word' id='word_1_161' title='bbox 1625 1925 1783 1979; x_wconf 77' lang='lat' dir='ltr'>exitii</span> <span class='ocrx_word' id='word_1_162' title='bbox 1817 1925 2046 1997; x_wconf 80' lang='lat' dir='ltr'>voragi-</span> 
     </span>
    </p>
   </div>
   <div class='ocr_carea' id='block_1_26' title="bbox 2224 1126 3810 1205">
    <p class='ocr_par' dir='ltr' id='par_1_26' title="bbox 2224 1126 3810 1205">
     <span class='ocr_line' id='line_1_26' title="bbox 2224 1126 3810 1205; baseline 0.006 -28"><span class='ocrx_word' id='word_1_163' title='bbox 2224 1126 2332 1187; x_wconf 71' lang='lat' dir='ltr'>Nq&#39;.</span> <span class='ocrx_word' id='word_1_164' title='bbox 2390 1132 2638 1200; x_wconf 71' lang='grc' dir='ltr'>Ἴσχυι-εν</span> <span class='ocrx_word' id='word_1_165' title='bbox 2698 1128 2733 1195; x_wconf 84' lang='grc' dir='ltr'><strong>ἡ</strong></span> <span class='ocrx_word' id='word_1_166' title='bbox 2798 1128 3046 1205; x_wconf 79' lang='grc' dir='ltr'>σφραγὶς,</span> <span class='ocrx_word' id='word_1_167' title='bbox 3095 1129 3365 1197; x_wconf 78' lang='grc' dir='ltr'>ἡττῶνται</span> <span class='ocrx_word' id='word_1_168' title='bbox 3418 1131 3469 1185; x_wconf 75' lang='grc' dir='ltr'>οἱ</span> <span class='ocrx_word' id='word_1_169' title='bbox 3529 1128 3810 1204; x_wconf 87' lang='grc' dir='ltr'>δαίμονες,</span> 
     </span>
    </p>
   </div>
   <div class='ocr_carea' id='block_1_27' title="bbox 2150 1209 3810 1297">
    <p class='ocr_par' dir='ltr' id='par_1_27' title="bbox 2150 1209 3810 1297">
     <span class='ocr_line' id='line_1_27' title="bbox 2150 1209 3810 1297; baseline 0.005 -30"><span class='ocrx_word' id='word_1_170' title='bbox 2150 1211 2366 1267; x_wconf 81' lang='grc' dir='ltr'>λύονται</span> <span class='ocrx_word' id='word_1_171' title='bbox 2418 1214 2468 1267; x_wconf 76' lang='grc' dir='ltr'>οἱ</span> <span class='ocrx_word' id='word_1_172' title='bbox 2518 1209 2699 1291; x_wconf 72' lang='grc' dir='ltr'>φόϐοι.</span> <span class='ocrx_word' id='word_1_173' title='bbox 2752 1215 2884 1270; x_wconf 76' lang='grc' dir='ltr'>Εἶτα</span> <span class='ocrx_word' id='word_1_174' title='bbox 2929 1216 3020 1286; x_wconf 87' lang='grc' dir='ltr'>τί;</span> <span class='ocrx_word' id='word_1_175' title='bbox 3080 1220 3335 1274; x_wconf 79' lang='grc' dir='ltr'>’Δναπνεῖ</span> <span class='ocrx_word' id='word_1_176' title='bbox 3382 1221 3441 1275; x_wconf 85' lang='grc' dir='ltr'>τὸ</span> <span class='ocrx_word' id='word_1_177' title='bbox 3467 1222 3649 1293; x_wconf 85' lang='grc' dir='ltr'>κακὸν,</span> <span class='ocrx_word' id='word_1_178' title='bbox 3687 1232 3810 1297; x_wconf 85' lang='grc' dir='ltr'>θρα-</span> 
     </span>
    </p>
   </div>
   <div class='ocr_carea' id='block_1_28' title="bbox 2150 1301 3802 1389">
    <p class='ocr_par' dir='ltr' id='par_1_28' title="bbox 2150 1301 3802 1389">
     <span class='ocr_line' id='line_1_28' title="bbox 2150 1301 3802 1389; baseline 0.007 -35"><span class='ocrx_word' id='word_1_179' title='bbox 2150 1301 2358 1357; x_wconf 63' lang='grc' dir='ltr'>σύνεται</span> <span class='ocrx_word' id='word_1_180' title='bbox 2408 1302 2592 1376; x_wconf 80' lang='grc' dir='ltr'>πάλιν,</span> <span class='ocrx_word' id='word_1_181' title='bbox 2651 1301 2801 1366; x_wconf 78' lang='grc' dir='ltr'>αὖθις</span> <span class='ocrx_word' id='word_1_182' title='bbox 2863 1305 3009 1379; x_wconf 77' lang='grc' dir='ltr'>ὁρμὴ</span> <span class='ocrx_word' id='word_1_183' title='bbox 3042 1308 3175 1380; x_wconf 84' lang='grc'>(22),</span> <span class='ocrx_word' id='word_1_184' title='bbox 3230 1307 3318 1362; x_wconf 73' lang='grc' dir='ltr'>καὶ</span> <span class='ocrx_word' id='word_1_185' title='bbox 3351 1309 3402 1363; x_wconf 74' lang='grc' dir='ltr'>οἱ</span> <span class='ocrx_word' id='word_1_186' title='bbox 3435 1308 3586 1365; x_wconf 80' lang='grc' dir='ltr'>αὐτοὶ</span> <span class='ocrx_word' id='word_1_187' title='bbox 3618 1308 3802 1389; x_wconf 85' lang='grc' dir='ltr'>φόϐοι,</span> 
     </span>
    </p>
   </div>
   <div class='ocr_carea' id='block_1_29' title="bbox 2150 1391 3803 1472">
    <p class='ocr_par' dir='ltr' id='par_1_29' title="bbox 2150 1391 3803 1472">
     <span class='ocr_line' id='line_1_29' title="bbox 2150 1391 3803 1472; baseline 0.006 -27"><span class='ocrx_word' id='word_1_188' title='bbox 2150 1391 2239 1445; x_wconf 83' lang='grc' dir='ltr'>καὶ</span> <span class='ocrx_word' id='word_1_189' title='bbox 2288 1394 2323 1460; x_wconf 79' lang='grc' dir='ltr'>ἡ</span> <span class='ocrx_word' id='word_1_190' title='bbox 2370 1392 2600 1469; x_wconf 74' lang='grc' dir='ltr'>σφραγὶς</span> <span class='ocrx_word' id='word_1_191' title='bbox 2647 1394 2833 1465; x_wconf 84' lang='grc' dir='ltr'>πάλιν,</span> <span class='ocrx_word' id='word_1_192' title='bbox 2893 1395 2981 1449; x_wconf 80' lang='grc' dir='ltr'>καὶ</span> <span class='ocrx_word' id='word_1_193' title='bbox 3020 1398 3350 1471; x_wconf 73' lang='grc' dir='ltr'>ἠρεμοῦντες</span> <span class='ocrx_word' id='word_1_194' title='bbox 3410 1400 3460 1453; x_wconf 79' lang='grc' dir='ltr'>οἱ</span> <span class='ocrx_word' id='word_1_195' title='bbox 3512 1397 3803 1472; x_wconf 74' lang='grc' dir='ltr'>δαίμονεςο</span> 
     </span>
    </p>
   </div>
   <div class='ocr_carea' id='block_1_30' title="bbox 2150 1478 3802 1564">
    <p class='ocr_par' dir='ltr' id='par_1_30' title="bbox 2150 1478 3802 1564">
     <span class='ocr_line' id='line_1_30' title="bbox 2150 1478 3802 1564; baseline 0.005 -30"><span class='ocrx_word' id='word_1_196' title='bbox 2150 1478 2238 1534; x_wconf 85' lang='grc' dir='ltr'>καί</span> <span class='ocrx_word' id='word_1_197' title='bbox 2266 1482 2293 1534; x_wconf 85' lang='grc' dir='ltr'>ὁ</span> <span class='ocrx_word' id='word_1_198' title='bbox 2355 1480 2562 1553; x_wconf 68' lang='grc' dir='ltr'>μύστης</span> <span class='ocrx_word' id='word_1_199' title='bbox 2614 1480 2665 1535; x_wconf 79' lang='grc' dir='ltr'>ἐν</span> <span class='ocrx_word' id='word_1_200' title='bbox 2704 1482 2903 1558; x_wconf 78' lang='grc' dir='ltr'>ἀπορίᾳ</span> <span class='ocrx_word' id='word_1_201' title='bbox 2927 1503 2939 1515; x_wconf 88' lang='grc'><strong>·</strong></span> <span class='ocrx_word' id='word_1_202' title='bbox 2992 1485 3082 1538; x_wconf 89' lang='grc' dir='ltr'>καὶ</span> <span class='ocrx_word' id='word_1_203' title='bbox 3133 1486 3161 1538; x_wconf 85' lang='grc' dir='ltr'><strong>ὁ</strong></span> <span class='ocrx_word' id='word_1_204' title='bbox 3195 1488 3552 1562; x_wconf 79' lang='grc' dir='ltr'>μυσταγωγὸς</span> <span class='ocrx_word' id='word_1_205' title='bbox 3587 1487 3802 1564; x_wconf 68' lang='grc' dir='ltr'>ἐγγύθεν</span> 
     </span>
    </p>
   </div>
   <div class='ocr_carea' id='block_1_31' title="bbox 2149 1568 3799 1652">
    <p class='ocr_par' dir='ltr' id='par_1_31' title="bbox 2149 1568 3799 1652">
     <span class='ocr_line' id='line_1_31' title="bbox 2149 1568 3799 1652; baseline 0.005 -29"><span class='ocrx_word' id='word_1_206' title='bbox 2149 1568 2628 1644; x_wconf 76' lang='grc' dir='ltr'>παρεξηγούμενος</span> <span class='ocrx_word' id='word_1_207' title='bbox 2730 1572 2829 1640; x_wconf 77' lang='grc' dir='ltr'>τήν</span> <span class='ocrx_word' id='word_1_208' title='bbox 2935 1571 3232 1643; x_wconf 74' lang='grc' dir='ltr'>ἀληθειαν·</span> <span class='ocrx_word' id='word_1_209' title='bbox 3330 1570 3799 1652; x_wconf 75' lang='grc' dir='ltr'>Ἐϐδελύχθημεν,</span> 
     </span>
    </p>
   </div>
   <div class='ocr_carea' id='block_1_32' title="bbox 2154 1654 3797 1741">
    <p class='ocr_par' dir='ltr' id='par_1_32' title="bbox 2154 1654 3797 1741">
     <span class='ocr_line' id='line_1_32' title="bbox 2154 1654 3797 1741; baseline 0.004 -29"><span class='ocrx_word' id='word_1_210' title='bbox 2154 1656 2352 1731; x_wconf 84' lang='grc' dir='ltr'>λέγων,</span> <span class='ocrx_word' id='word_1_211' title='bbox 2434 1658 2532 1712; x_wconf 81' lang='grc' dir='ltr'>οὐκ</span> <span class='ocrx_word' id='word_1_212' title='bbox 2606 1654 2948 1735; x_wconf 67' lang='grc' dir='ltr'>ἐφοϐήσαμεν</span> <span class='ocrx_word' id='word_1_213' title='bbox 3017 1664 3176 1734; x_wconf 85' lang='grc'>(23)’</span> <span class='ocrx_word' id='word_1_214' title='bbox 3255 1669 3376 1734; x_wconf 76' lang='grc' dir='ltr'>νικᾷ</span> <span class='ocrx_word' id='word_1_215' title='bbox 3442 1666 3503 1719; x_wconf 86' lang='grc' dir='ltr'>τὸ</span> <span class='ocrx_word' id='word_1_216' title='bbox 3561 1672 3747 1741; x_wconf 78' lang='grc' dir='ltr'>χεῖρον</span> <span class='ocrx_word' id='word_1_217' title='bbox 3784 1686 3797 1700; x_wconf 90' lang='grc'><strong>·</strong></span> 
     </span>
    </p>
   </div>
   <div class='ocr_carea' id='block_1_33' title="bbox 2156 1744 3801 1831">
    <p class='ocr_par' dir='ltr' id='par_1_33' title="bbox 2156 1744 3801 1831">
     <span class='ocr_line' id='line_1_33' title="bbox 2156 1744 3801 1831; baseline 0.005 -30"><span class='ocrx_word' id='word_1_218' title='bbox 2156 1744 2297 1821; x_wconf 80' lang='grc' dir='ltr'>λέγει</span> <span class='ocrx_word' id='word_1_219' title='bbox 2356 1747 2458 1820; x_wconf 70' lang='grc' dir='ltr'>γὰρ</span> <span class='ocrx_word' id='word_1_220' title='bbox 2506 1752 2694 1815; x_wconf 80' lang='grc' dir='ltr'>ταῦτα,</span> <span class='ocrx_word' id='word_1_221' title='bbox 2751 1748 2841 1802; x_wconf 89' lang='grc' dir='ltr'>καὶ</span> <span class='ocrx_word' id='word_1_222' title='bbox 2886 1750 3050 1803; x_wconf 72' lang='grc' dir='ltr'>εἰπὼν</span> <span class='ocrx_word' id='word_1_223' title='bbox 3100 1752 3294 1824; x_wconf 78' lang='grc' dir='ltr'>πείθει,</span> <span class='ocrx_word' id='word_1_224' title='bbox 3350 1754 3437 1807; x_wconf 85' lang='grc' dir='ltr'>καὶ</span> <span class='ocrx_word' id='word_1_225' title='bbox 3468 1754 3651 1817; x_wconf 83' lang='grc' dir='ltr'>πείσας</span> <span class='ocrx_word' id='word_1_226' title='bbox 3686 1755 3801 1831; x_wconf 80' lang='grc' dir='ltr'>ἄγει</span> 
     </span>
    </p>
   </div>
   <div class='ocr_carea' id='block_1_34' title="bbox 2154 1835 3800 1918">
    <p class='ocr_par' dir='ltr' id='par_1_34' title="bbox 2154 1835 3800 1918">
     <span class='ocr_line' id='line_1_34' title="bbox 2154 1835 3800 1918; baseline 0.007 -30"><span class='ocrx_word' id='word_1_227' title='bbox 2154 1835 2242 1889; x_wconf 84' lang='grc' dir='ltr'>τὸν</span> <span class='ocrx_word' id='word_1_228' title='bbox 2294 1836 2538 1908; x_wconf 83' lang='grc' dir='ltr'>μαθητήν</span> <span class='ocrx_word' id='word_1_229' title='bbox 2591 1836 2675 1890; x_wconf 74' lang='grc' dir='ltr'>ἐπὶ</span> <span class='ocrx_word' id='word_1_230' title='bbox 2733 1838 2794 1891; x_wconf 88' lang='grc' dir='ltr'>τὸ</span> <span class='ocrx_word' id='word_1_231' title='bbox 2867 1845 2965 1907; x_wconf 74' lang='grc' dir='ltr'>τῆς</span> <span class='ocrx_word' id='word_1_232' title='bbox 3036 1839 3293 1903; x_wconf 85' lang='grc' dir='ltr'>ἀπολείας</span> <span class='ocrx_word' id='word_1_233' title='bbox 3357 1843 3638 1918; x_wconf 78' lang='grc' dir='ltr'>βάραθρον.</span> <span class='ocrx_word' id='word_1_234' title='bbox 3698 1845 3800 1901; x_wconf 80' lang='grc' dir='ltr'>Καὶ</span> 
     </span>
    </p>
   </div>
   <div class='ocr_carea' id='block_1_35' title="bbox 2153 1922 3803 2008">
    <p class='ocr_par' dir='ltr' id='par_1_35' title="bbox 2153 1922 3803 2008">
     <span class='ocr_line' id='line_1_35' title="bbox 2153 1922 3803 2008; baseline 0.007 -31"><span class='ocrx_word' id='word_1_235' title='bbox 2153 1924 2457 1996; x_wconf 83' lang='grc' dir='ltr'>θαυμαστὸν</span> <span class='ocrx_word' id='word_1_236' title='bbox 2491 1922 2642 1979; x_wconf 78' lang='grc' dir='ltr'>οὐδὲν</span> <span class='ocrx_word' id='word_1_237' title='bbox 2666 1944 2677 1955; x_wconf 90' lang='grc'><strong>·</strong></span> <span class='ocrx_word' id='word_1_238' title='bbox 2730 1926 3047 2003; x_wconf 77' lang='grc' dir='ltr'>πρόχειρος,</span> <span class='ocrx_word' id='word_1_239' title='bbox 3098 1931 3209 2002; x_wconf 77' lang='grc'>(24)</span> <span class='ocrx_word' id='word_1_240' title='bbox 3255 1932 3354 2006; x_wconf 75' lang='grc' dir='ltr'>γάρ</span> <span class='ocrx_word' id='word_1_241' title='bbox 3395 1934 3427 2001; x_wconf 81' lang='grc' dir='ltr'>ἡ</span> <span class='ocrx_word' id='word_1_242' title='bbox 3460 1932 3695 2008; x_wconf 87' lang='grc' dir='ltr'>πονηρία</span> <span class='ocrx_word' id='word_1_243' title='bbox 3723 1938 3803 2006; x_wconf 80' lang='grc' dir='ltr'>τῷ</span> 
     </span>
    </p>
   </div>
   <div class='ocr_carea' id='block_1_36' title="bbox 2730 1572 2829 1640">
    <p class='ocr_par' dir='ltr' id='par_1_36' title="bbox 2730 1572 2829 1640">
     <span class='ocr_line' id='line_1_36' title="bbox 2730 1572 2829 1640; baseline 0 -15"><span class='ocrx_word' id='word_1_244' title='bbox 2730 1572 2829 1640; x_wconf 74' lang='grc' dir='ltr'>τὴν</span> 
     </span>
    </p>
   </div>
   <div class='ocr_carea' id='block_1_37' title="bbox 399 1988 2036 2095">
    <p class='ocr_par' dir='ltr' id='par_1_37' title="bbox 399 1988 2036 2085">
     <span class='ocr_line' id='line_1_37' title="bbox 399 1988 2036 2085; baseline -0.003 -12"><span class='ocrx_word' id='word_1_245' title='bbox 399 1988 534 2073; x_wconf 71' lang='lat' dir='ltr'>nem</span> <span class='ocrx_word' id='word_1_246' title='bbox 567 2016 746 2071; x_wconf 87' lang='lat' dir='ltr'>ducit.</span> <span class='ocrx_word' id='word_1_247' title='bbox 772 1988 897 2070; x_wconf 46' lang='lat' dir='ltr'>.Nec</span> <span class='ocrx_word' id='word_1_248' title='bbox 929 2014 1141 2069; x_wconf 89' lang='lat' dir='ltr'>mirum</span> <span class='ocrx_word' id='word_1_249' title='bbox 1166 1988 1345 2068; x_wconf 77' lang='lat' dir='ltr'>videri</span> <span class='ocrx_word' id='word_1_250' title='bbox 1387 2014 1494 2069; x_wconf 90' lang='lat' dir='ltr'>hoc</span> <span class='ocrx_word' id='word_1_251' title='bbox 1526 2015 1710 2069; x_wconf 92' lang='lat' dir='ltr'>debet.</span> <span class='ocrx_word' id='word_1_252' title='bbox 1739 1988 2036 2085; x_wconf 46' lang='lat' dir='ltr'>Improbum</span> 
     </span>
    </p>
   </div>
   <div class='ocr_carea' id='block_1_38' title="bbox 2151 1988 3801 2095">
    <p class='ocr_par' dir='ltr' id='par_1_38' title="bbox 2152 1988 3801 2095">
     <span class='ocr_line' id='line_1_38' title="bbox 2260 1988 3785 2008; baseline 0.007 -12"><span class='ocrx_word' id='word_1_253' title='bbox 2260 1988 2269 1996; x_wconf 89' lang='lat'>.</span> <span class='ocrx_word' id='word_1_254' title='bbox 2773 1988 3427 2006; x_wconf 22' lang='lat' dir='ltr'>....r..,...</span> <span class='ocrx_word' id='word_1_255' title='bbox 3590 1988 3617 2008; x_wconf 80' lang='grc' dir='ltr'>ι.</span> <span class='ocrx_word' id='word_1_256' title='bbox 3775 1988 3785 2006; x_wconf 80' lang='lat'>.</span> 
     </span>
     <span class='ocr_line' id='line_1_39' title="bbox 2152 2012 3801 2095; baseline 0.007 -29"><span class='ocrx_word' id='word_1_257' title='bbox 2152 2018 2301 2084; x_wconf 83' lang='grc' dir='ltr'>κακῷ</span> <span class='ocrx_word' id='word_1_258' title='bbox 2352 2012 2564 2085; x_wconf 78' lang='grc' dir='ltr'>μᾶλλον</span> <span class='ocrx_word' id='word_1_259' title='bbox 2624 2012 2941 2069; x_wconf 72' lang='grc' dir='ltr'>ἀκολουθεῖν</span> <span class='ocrx_word' id='word_1_260' title='bbox 3002 2018 3035 2084; x_wconf 71' lang='grc' dir='ltr'><strong>ἢ</strong></span> <span class='ocrx_word' id='word_1_261' title='bbox 3072 2018 3172 2071; x_wconf 87' lang='grc' dir='ltr'>ὑπὸ</span> <span class='ocrx_word' id='word_1_262' title='bbox 3215 2024 3311 2073; x_wconf 86' lang='grc' dir='ltr'>τοῦ</span> <span class='ocrx_word' id='word_1_263' title='bbox 3342 2020 3649 2095; x_wconf 74' lang='grc' dir='ltr'>κρείττονος</span> <span class='ocrx_word' id='word_1_264' title='bbox 3681 2024 3801 2077; x_wconf 77' lang='grc' dir='ltr'>ἀνα-</span> 
     </span>
    </p>
   </div>
   <div class='ocr_carea' id='block_1_39' title="bbox 397 2101 2041 2177">
    <p class='ocr_par' dir='ltr' id='par_1_39' title="bbox 397 2101 2041 2177">
     <span class='ocr_line' id='line_1_40' title="bbox 397 2101 2041 2177; baseline -0.002 -17"><span class='ocrx_word' id='word_1_265' title='bbox 397 2106 554 2160; x_wconf 90' lang='lat' dir='ltr'>enim</span> <span class='ocrx_word' id='word_1_266' title='bbox 580 2104 911 2177; x_wconf 88' lang='lat' dir='ltr'>promptius</span> <span class='ocrx_word' id='word_1_267' title='bbox 929 2119 994 2157; x_wconf 81' lang='lat' dir='ltr'>ac</span> <span class='ocrx_word' id='word_1_268' title='bbox 1016 2101 1293 2157; x_wconf 86' lang='lat' dir='ltr'>libentius</span> <span class='ocrx_word' id='word_1_269' title='bbox 1317 2102 1534 2156; x_wconf 89' lang='lat' dir='ltr'>malum</span> <span class='ocrx_word' id='word_1_270' title='bbox 1559 2103 1847 2167; x_wconf 87' lang='lat' dir='ltr'>sequitur,</span> <span class='ocrx_word' id='word_1_271' title='bbox 1866 2119 2041 2173; x_wconf 89' lang='lat' dir='ltr'>quam</span> 
     </span>
    </p>
   </div>
   <div class='ocr_carea' id='block_1_40' title="bbox 397 2190 2034 2264">
    <p class='ocr_par' dir='ltr' id='par_1_40' title="bbox 397 2190 2034 2264">
     <span class='ocr_line' id='line_1_41' title="bbox 397 2190 2034 2264; baseline -0.004 -13"><span class='ocrx_word' id='word_1_272' title='bbox 397 2211 432 2250; x_wconf 80' lang='grc' dir='ltr'>ι</span> <span class='ocrx_word' id='word_1_273' title='bbox 481 2195 630 2250; x_wconf 91' lang='lat' dir='ltr'>bono</span> <span class='ocrx_word' id='word_1_274' title='bbox 672 2192 988 2249; x_wconf 86' lang='lat' dir='ltr'>cohibetur.</span> <span class='ocrx_word' id='word_1_275' title='bbox 1025 2191 1157 2254; x_wconf 68' lang='lat' dir='ltr'>Quae</span> <span class='ocrx_word' id='word_1_276' title='bbox 1212 2208 1382 2262; x_wconf 89' lang='lat' dir='ltr'>porro</span> <span class='ocrx_word' id='word_1_277' title='bbox 1432 2190 1637 2246; x_wconf 85' lang='lat' dir='ltr'>dixerit</span> <span class='ocrx_word' id='word_1_278' title='bbox 1685 2191 2034 2264; x_wconf 47' lang='lat' dir='ltr'>autgfecerit,</span> 
     </span>
    </p>
   </div>
   <div class='ocr_carea' id='block_1_41' title="bbox 397 2280 2037 2354">
    <p class='ocr_par' dir='ltr' id='par_1_41' title="bbox 397 2280 2037 2354">
     <span class='ocr_line' id='line_1_42' title="bbox 397 2280 2037 2354; baseline -0.002 -16"><span class='ocrx_word' id='word_1_279' title='bbox 397 2286 500 2338; x_wconf 87' lang='lat' dir='ltr'>aut</span> <span class='ocrx_word' id='word_1_280' title='bbox 530 2282 746 2354; x_wconf 88' lang='lat' dir='ltr'>quibus</span> <span class='ocrx_word' id='word_1_281' title='bbox 776 2280 1119 2350; x_wconf 83' lang='lat' dir='ltr'>imposturis</span> <span class='ocrx_word' id='word_1_282' title='bbox 1151 2280 1352 2335; x_wconf 90' lang='lat' dir='ltr'>elusus</span> <span class='ocrx_word' id='word_1_283' title='bbox 1400 2280 1497 2347; x_wconf 87' lang='lat' dir='ltr'>sit,</span> <span class='ocrx_word' id='word_1_284' title='bbox 1531 2280 1873 2351; x_wconf 84' lang='lat' dir='ltr'>priusquam</span> <span class='ocrx_word' id='word_1_285' title='bbox 1909 2296 2037 2335; x_wconf 89' lang='lat' dir='ltr'>sur-</span> 
     </span>
    </p>
   </div>
   <div class='ocr_carea' id='block_1_42' title="bbox 395 2368 2040 2441">
    <p class='ocr_par' dir='ltr' id='par_1_42' title="bbox 395 2368 2040 2441">
     <span class='ocr_line' id='line_1_43' title="bbox 395 2368 2040 2441; baseline -0.003 -13"><span class='ocrx_word' id='word_1_286' title='bbox 395 2388 529 2428; x_wconf 86' lang='lat' dir='ltr'>sum</span> <span class='ocrx_word' id='word_1_287' title='bbox 576 2369 988 2437; x_wconf 88' lang='lat' dir='ltr'>remitteretur,</span> <span class='ocrx_word' id='word_1_288' title='bbox 1038 2368 1231 2423; x_wconf 88' lang='lat' dir='ltr'>norint</span> <span class='ocrx_word' id='word_1_289' title='bbox 1282 2368 1341 2435; x_wconf 91' lang='lat' dir='ltr'>ii,</span> <span class='ocrx_word' id='word_1_290' title='bbox 1393 2369 1490 2440; x_wconf 90' lang='lat' dir='ltr'>qui</span> <span class='ocrx_word' id='word_1_291' title='bbox 1544 2370 1836 2441; x_wconf 82' lang='lat' dir='ltr'>mysteriis</span> <span class='ocrx_word' id='word_1_292' title='bbox 1880 2368 2040 2423; x_wconf 88' lang='lat' dir='ltr'>hisce</span> 
     </span>
    </p>
   </div>
   <div class='ocr_carea' id='block_1_43' title="bbox 398 2457 2041 2532">
    <p class='ocr_par' dir='ltr' id='par_1_43' title="bbox 398 2457 2041 2532">
     <span class='ocr_line' id='line_1_44' title="bbox 398 2457 2041 2532; baseline -0.002 -17"><span class='ocrx_word' id='word_1_293' title='bbox 398 2460 607 2532; x_wconf 89' lang='lat' dir='ltr'>partim</span> <span class='ocrx_word' id='word_1_294' title='bbox 641 2459 785 2514; x_wconf 90' lang='lat' dir='ltr'>alios</span> <span class='ocrx_word' id='word_1_295' title='bbox 826 2458 1078 2524; x_wconf 90' lang='lat' dir='ltr'>initiant,</span> <span class='ocrx_word' id='word_1_296' title='bbox 1110 2458 1322 2529; x_wconf 85' lang='lat' dir='ltr'>partim</span> <span class='ocrx_word' id='word_1_297' title='bbox 1355 2458 1465 2528; x_wconf 88' lang='lat' dir='ltr'>ipsi</span> <span class='ocrx_word' id='word_1_298' title='bbox 1516 2457 1841 2512; x_wconf 90' lang='lat' dir='ltr'>initiantur.</span> <span class='ocrx_word' id='word_1_299' title='bbox 1873 2461 2041 2512; x_wconf 68' lang='lat' dir='ltr'>Caete-</span> 
     </span>
    </p>
   </div>
   <div class='ocr_carea' id='block_1_44' title="bbox 398 2546 2037 2617">
    <p class='ocr_par' dir='ltr' id='par_1_44' title="bbox 398 2546 2037 2617">
     <span class='ocr_line' id='line_1_45' title="bbox 398 2546 2037 2617; baseline -0.003 -13"><span class='ocrx_word' id='word_1_300' title='bbox 398 2564 530 2604; x_wconf 85' lang='lat' dir='ltr'>rum</span> <span class='ocrx_word' id='word_1_301' title='bbox 584 2548 866 2613; x_wconf 88' lang='lat' dir='ltr'>ascendit,</span> <span class='ocrx_word' id='word_1_302' title='bbox 895 2552 1021 2601; x_wconf 88' lang='lat' dir='ltr'>tum</span> <span class='ocrx_word' id='word_1_303' title='bbox 1054 2546 1248 2601; x_wconf 89' lang='lat' dir='ltr'>animo</span> <span class='ocrx_word' id='word_1_304' title='bbox 1295 2546 1655 2617; x_wconf 88' lang='lat' dir='ltr'>arreptitius,</span> <span class='ocrx_word' id='word_1_305' title='bbox 1689 2550 1813 2600; x_wconf 90' lang='lat' dir='ltr'>tum</span> <span class='ocrx_word' id='word_1_306' title='bbox 1863 2547 2037 2600; x_wconf 81' lang='lat' dir='ltr'>rebus</span> 
     </span>
    </p>
   </div>
   <div class='ocr_carea' id='block_1_45' title="bbox 396 2632 2035 2707">
    <p class='ocr_par' dir='ltr' id='par_1_45' title="bbox 396 2632 2035 2707">
     <span class='ocr_line' id='line_1_46' title="bbox 396 2632 2035 2707; baseline -0.002 -17"><span class='ocrx_word' id='word_1_307' title='bbox 396 2635 565 2707; x_wconf 89' lang='lat' dir='ltr'>ipsis,</span> <span class='ocrx_word' id='word_1_308' title='bbox 600 2651 664 2689; x_wconf 88' lang='lat' dir='ltr'>ac</span> <span class='ocrx_word' id='word_1_309' title='bbox 696 2633 913 2688; x_wconf 84' lang='lat' dir='ltr'>furioso</span> <span class='ocrx_word' id='word_1_310' title='bbox 944 2632 1247 2687; x_wconf 90' lang='lat' dir='ltr'>oculorum</span> <span class='ocrx_word' id='word_1_311' title='bbox 1272 2633 1475 2687; x_wconf 88' lang='lat' dir='ltr'>obtutu</span> <span class='ocrx_word' id='word_1_312' title='bbox 1508 2632 1650 2687; x_wconf 87' lang='lat' dir='ltr'>satis</span> <span class='ocrx_word' id='word_1_313' title='bbox 1675 2633 2035 2703; x_wconf 83' lang='lat' dir='ltr'>signiﬁcans,</span> 
     </span>
    </p>
   </div>
   <div class='ocr_carea' id='block_1_46' title="bbox 398 2721 2037 2796">
    <p class='ocr_par' dir='ltr' id='par_1_46' title="bbox 398 2721 2037 2796">
     <span class='ocr_line' id='line_1_47' title="bbox 398 2721 2037 2796; baseline -0.002 -17"><span class='ocrx_word' id='word_1_314' title='bbox 398 2740 548 2796; x_wconf 89' lang='lat' dir='ltr'>quos</span> <span class='ocrx_word' id='word_1_315' title='bbox 580 2723 859 2780; x_wconf 84' lang='lat' dir='ltr'>coluisset</span> <span class='ocrx_word' id='word_1_316' title='bbox 892 2737 905 2776; x_wconf 90' lang='lat'><strong>:</strong></span> <span class='ocrx_word' id='word_1_317' title='bbox 940 2721 1049 2776; x_wconf 89' lang='lat' dir='ltr'>nisi</span> <span class='ocrx_word' id='word_1_318' title='bbox 1082 2725 1279 2776; x_wconf 87' lang='lat' dir='ltr'>tamen</span> <span class='ocrx_word' id='word_1_319' title='bbox 1311 2722 1383 2777; x_wconf 86' lang='lat' dir='ltr'>ab</span> <span class='ocrx_word' id='word_1_320' title='bbox 1417 2736 1480 2775; x_wconf 93' lang='lat' dir='ltr'>eo</span> <span class='ocrx_word' id='word_1_321' title='bbox 1513 2721 1745 2790; x_wconf 84' lang='lat' dir='ltr'>quidem</span> <span class='ocrx_word' id='word_1_322' title='bbox 1781 2721 1893 2788; x_wconf 92' lang='lat' dir='ltr'>die,</span> <span class='ocrx_word' id='word_1_323' title='bbox 1925 2736 2037 2790; x_wconf 91' lang='lat' dir='ltr'>quo</span> 
     </span>
    </p>
   </div>
   <div class='ocr_carea' id='block_1_47' title="bbox 396 2808 2041 2882">
    <p class='ocr_par' dir='ltr' id='par_1_47' title="bbox 396 2808 2041 2882">
     <span class='ocr_line' id='line_1_48' title="bbox 396 2808 2041 2882; baseline -0.003 -14"><span class='ocrx_word' id='word_1_324' title='bbox 396 2818 518 2869; x_wconf 88' lang='lat' dir='ltr'>tam</span> <span class='ocrx_word' id='word_1_325' title='bbox 552 2812 773 2869; x_wconf 84' lang='lat' dir='ltr'>nefaria</span> <span class='ocrx_word' id='word_1_326' title='bbox 804 2811 863 2866; x_wconf 91' lang='lat' dir='ltr'>in</span> <span class='ocrx_word' id='word_1_327' title='bbox 889 2811 1149 2866; x_wconf 88' lang='lat' dir='ltr'>animum</span> <span class='ocrx_word' id='word_1_328' title='bbox 1183 2810 1429 2880; x_wconf 83' lang='lat' dir='ltr'>induxit,</span> <span class='ocrx_word' id='word_1_329' title='bbox 1455 2809 1817 2864; x_wconf 79' lang='lat' dir='ltr'>daemonibus</span> <span class='ocrx_word' id='word_1_330' title='bbox 1847 2808 2041 2882; x_wconf 84' lang='lat' dir='ltr'>cpple-</span> 
     </span>
    </p>
   </div>
   <div class='ocr_carea' id='block_1_48' title="bbox 396 2898 2036 2971">
    <p class='ocr_par' dir='ltr' id='par_1_48' title="bbox 396 2898 2036 2971">
     <span class='ocr_line' id='line_1_49' title="bbox 396 2898 2036 2971; baseline -0.004 -13"><span class='ocrx_word' id='word_1_331' title='bbox 396 2906 493 2958; x_wconf 83' lang='lat' dir='ltr'>tus</span> <span class='ocrx_word' id='word_1_332' title='bbox 524 2905 633 2958; x_wconf 81' lang='lat' dir='ltr'>est.</span> <span class='ocrx_word' id='word_1_333' title='bbox 665 2901 880 2956; x_wconf 79' lang='lat' dir='ltr'>Verum</span> <span class='ocrx_word' id='word_1_334' title='bbox 915 2900 968 2954; x_wconf 91' lang='lat' dir='ltr'>id</span> <span class='ocrx_word' id='word_1_335' title='bbox 1002 2898 1263 2971; x_wconf 88' lang='lat' dir='ltr'>apertius</span> <span class='ocrx_word' id='word_1_336' title='bbox 1292 2903 1430 2953; x_wconf 90' lang='lat' dir='ltr'>tunc</span> <span class='ocrx_word' id='word_1_337' title='bbox 1463 2898 1686 2969; x_wconf 88' lang='lat' dir='ltr'>patuit;</span> <span class='ocrx_word' id='word_1_338' title='bbox 1733 2904 1795 2953; x_wconf 88' lang='lat' dir='ltr'>ut</span> <span class='ocrx_word' id='word_1_339' title='bbox 1825 2914 1895 2953; x_wconf 91' lang='lat' dir='ltr'>ne</span> <span class='ocrx_word' id='word_1_340' title='bbox 1927 2898 2036 2954; x_wconf 87' lang='lat' dir='ltr'>sci-</span> 
     </span>
    </p>
   </div>
   <div class='ocr_carea' id='block_1_49' title="bbox 394 2988 2038 3060">
    <p class='ocr_par' dir='ltr' id='par_1_49' title="bbox 394 2988 2038 3060">
     <span class='ocr_line' id='line_1_50' title="bbox 394 2988 2038 3060; baseline -0.002 -13"><span class='ocrx_word' id='word_1_341' title='bbox 394 2991 529 3048; x_wconf 85' lang='lat' dir='ltr'>licet</span> <span class='ocrx_word' id='word_1_342' title='bbox 555 2990 853 3046; x_wconf 87' lang='lat' dir='ltr'>incassum</span> <span class='ocrx_word' id='word_1_343' title='bbox 880 2989 1272 3055; x_wconf 89' lang='lat' dir='ltr'>descendisse,</span> <span class='ocrx_word' id='word_1_344' title='bbox 1298 3004 1363 3043; x_wconf 86' lang='lat' dir='ltr'>ac</span> <span class='ocrx_word' id='word_1_345' title='bbox 1393 2988 1724 3043; x_wconf 77' lang='lat' dir='ltr'>daemonum</span> <span class='ocrx_word' id='word_1_346' title='bbox 1751 2988 2038 3060; x_wconf 86' lang='lat' dir='ltr'>particeps</span> 
     </span>
    </p>
   </div>
   <div class='ocr_carea' id='block_1_50' title="bbox 2150 2101 3802 2181">
    <p class='ocr_par' dir='ltr' id='par_1_50' title="bbox 2150 2101 3802 2181">
     <span class='ocr_line' id='line_1_51' title="bbox 2150 2101 3802 2181; baseline 0.006 -26"><span class='ocrx_word' id='word_1_347' title='bbox 2150 2101 2460 2157; x_wconf 79' lang='grc' dir='ltr'>κόπτεσθαι.</span> <span class='ocrx_word' id='word_1_348' title='bbox 2495 2106 2561 2155; x_wconf 76' lang='lat' dir='ltr'>&quot;A</span> <span class='ocrx_word' id='word_1_349' title='bbox 2617 2103 2710 2174; x_wconf 72' lang='grc' dir='ltr'>μὲν</span> <span class='ocrx_word' id='word_1_350' title='bbox 2762 2102 2855 2156; x_wconf 76' lang='grc' dir='ltr'>οῦν</span> <span class='ocrx_word' id='word_1_351' title='bbox 2907 2104 3092 2171; x_wconf 82' lang='grc' dir='ltr'>εἰπὼν,</span> <span class='ocrx_word' id='word_1_352' title='bbox 3141 2107 3174 2174; x_wconf 78' lang='grc' dir='ltr'>ἦ</span> <span class='ocrx_word' id='word_1_353' title='bbox 3225 2111 3475 2178; x_wconf 75' lang='grc' dir='ltr'>ποιήσας,</span> <span class='ocrx_word' id='word_1_354' title='bbox 3527 2112 3559 2178; x_wconf 80' lang='grc' dir='ltr'>ἢ</span> <span class='ocrx_word' id='word_1_355' title='bbox 3610 2110 3802 2181; x_wconf 81' lang='grc' dir='ltr'>ἐξαπα-</span> 
     </span>
    </p>
   </div>
   <div class='ocr_carea' id='block_1_51' title="bbox 2146 2188 3803 2261">
    <p class='ocr_par' dir='ltr' id='par_1_51' title="bbox 2146 2188 3803 2261">
     <span class='ocr_line' id='line_1_52' title="bbox 2146 2188 3803 2261; baseline 0.004 -17"><span class='ocrx_word' id='word_1_356' title='bbox 2146 2190 2332 2258; x_wconf 76' lang='grc' dir='ltr'>τηθεὶς</span> <span class='ocrx_word' id='word_1_357' title='bbox 2383 2189 2773 2261; x_wconf 73' lang='grc' dir='ltr'>ἀναπέμπεται,</span> <span class='ocrx_word' id='word_1_358' title='bbox 2826 2188 3011 2246; x_wconf 79' lang='grc' dir='ltr'>εἰδεῖεν</span> <span class='ocrx_word' id='word_1_359' title='bbox 3063 2192 3121 2247; x_wconf 75' lang='grc' dir='ltr'>ἂν</span> <span class='ocrx_word' id='word_1_360' title='bbox 3154 2195 3206 2248; x_wconf 78' lang='grc' dir='ltr'>οἱ</span> <span class='ocrx_word' id='word_1_361' title='bbox 3240 2196 3305 2249; x_wconf 75' lang='grc' dir='ltr'>τὰ</span> <span class='ocrx_word' id='word_1_362' title='bbox 3334 2202 3555 2252; x_wconf 86' lang='grc' dir='ltr'>τοιαῦτα</span> <span class='ocrx_word' id='word_1_363' title='bbox 3582 2197 3803 2253; x_wconf 84' lang='grc' dir='ltr'>τελοῦν-</span> 
     </span>
    </p>
   </div>
   <div class='ocr_carea' id='block_1_52' title="bbox 2146 2278 3798 2363">
    <p class='ocr_par' dir='ltr' id='par_1_52' title="bbox 2146 2278 3798 2363">
     <span class='ocr_line' id='line_1_53' title="bbox 2146 2278 3798 2363; baseline 0.005 -31"><span class='ocrx_word' id='word_1_364' title='bbox 2146 2278 2231 2339; x_wconf 78' lang='grc' dir='ltr'>τές</span> <span class='ocrx_word' id='word_1_365' title='bbox 2288 2299 2345 2332; x_wconf 84' lang='grc' dir='ltr'>τε</span> <span class='ocrx_word' id='word_1_366' title='bbox 2399 2280 2488 2332; x_wconf 80' lang='grc' dir='ltr'>καὶ</span> <span class='ocrx_word' id='word_1_367' title='bbox 2544 2278 2903 2351; x_wconf 73' lang='grc' dir='ltr'>τελούμενειο</span> <span class='ocrx_word' id='word_1_368' title='bbox 2957 2278 3122 2335; x_wconf 76' lang='grc' dir='ltr'>ἄνεισι</span> <span class='ocrx_word' id='word_1_369' title='bbox 3175 2280 3220 2337; x_wconf 81' lang='grc' dir='ltr'>δ’</span> <span class='ocrx_word' id='word_1_370' title='bbox 3269 2283 3357 2337; x_wconf 77' lang='grc' dir='ltr'>οῦν</span> <span class='ocrx_word' id='word_1_371' title='bbox 3409 2286 3495 2339; x_wconf 72' lang='grc' dir='ltr'>καὶ</span> <span class='ocrx_word' id='word_1_372' title='bbox 3546 2291 3611 2360; x_wconf 74' lang='grc' dir='ltr'>τῇ</span> <span class='ocrx_word' id='word_1_373' title='bbox 3645 2291 3798 2363; x_wconf 62' lang='grc' dir='ltr'>φυγῇ</span> 
     </span>
    </p>
   </div>
   <div class='ocr_carea' id='block_1_53' title="bbox 2150 2356 3797 2446">
    <p class='ocr_par' dir='ltr' id='par_1_53' title="bbox 2150 2365 3797 2446">
     <span class='ocr_line' id='line_1_54' title="bbox 2150 2365 3797 2446; baseline 0.006 -25"><span class='ocrx_word' id='word_1_374' title='bbox 2150 2365 2419 2440; x_wconf 80' lang='grc' dir='ltr'>δαιμονῶν</span> <span class='ocrx_word' id='word_1_375' title='bbox 2464 2367 2553 2421; x_wconf 82' lang='grc' dir='ltr'>καὶ</span> <span class='ocrx_word' id='word_1_376' title='bbox 2611 2373 2724 2428; x_wconf 86' lang='grc' dir='ltr'>τοῖς</span> <span class='ocrx_word' id='word_1_377' title='bbox 2766 2368 3069 2443; x_wconf 78' lang='grc' dir='ltr'>πράγμασι,</span> <span class='ocrx_word' id='word_1_378' title='bbox 3120 2371 3207 2424; x_wconf 71' lang='grc' dir='ltr'>καὶ</span> <span class='ocrx_word' id='word_1_379' title='bbox 3255 2378 3332 2444; x_wconf 76' lang='grc' dir='ltr'>τῷ</span> <span class='ocrx_word' id='word_1_380' title='bbox 3379 2373 3637 2446; x_wconf 81' lang='grc' dir='ltr'>μανιώδει</span> <span class='ocrx_word' id='word_1_381' title='bbox 3688 2382 3797 2430; x_wconf 84' lang='grc' dir='ltr'>τῶν</span> 
     </span>
    </p>
   </div>
   <div class='ocr_carea' id='block_1_54' title="bbox 2150 2455 3798 2540">
    <p class='ocr_par' dir='ltr' id='par_1_54' title="bbox 2150 2455 3798 2540">
     <span class='ocr_line' id='line_1_55' title="bbox 2150 2455 3798 2540; baseline 0.006 -30"><span class='ocrx_word' id='word_1_382' title='bbox 2150 2455 2447 2532; x_wconf 73' lang='grc' dir='ltr'>ὀφθαλμῶν</span> <span class='ocrx_word' id='word_1_383' title='bbox 2501 2456 2870 2529; x_wconf 82' lang='grc' dir='ltr'>ἐπισημαίνων</span> <span class='ocrx_word' id='word_1_384' title='bbox 2916 2457 3006 2519; x_wconf 76' lang='grc' dir='ltr'>οὕς</span> <span class='ocrx_word' id='word_1_385' title='bbox 3067 2458 3449 2532; x_wconf 73' lang='grc' dir='ltr'>ἐθεράπευσεν·</span> <span class='ocrx_word' id='word_1_386' title='bbox 3512 2464 3555 2518; x_wconf 85' lang='grc' dir='ltr'>εἷ</span> <span class='ocrx_word' id='word_1_387' title='bbox 3610 2467 3682 2536; x_wconf 78' lang='grc' dir='ltr'>μή</span> <span class='ocrx_word' id='word_1_388' title='bbox 3735 2486 3798 2540; x_wconf 83' lang='grc' dir='ltr'>γε</span> 
     </span>
    </p>
   </div>
   <div class='ocr_carea' id='block_1_55' title="bbox 2147 2543 3797 2631">
    <p class='ocr_par' dir='ltr' id='par_1_55' title="bbox 2147 2543 3797 2631">
     <span class='ocr_line' id='line_1_56' title="bbox 2147 2543 3797 2631; baseline 0.005 -33"><span class='ocrx_word' id='word_1_389' title='bbox 2147 2544 2236 2598; x_wconf 76' lang='grc' dir='ltr'>καὶ</span> <span class='ocrx_word' id='word_1_390' title='bbox 2270 2545 2359 2599; x_wconf 89' lang='grc' dir='ltr'>ἀπ’</span> <span class='ocrx_word' id='word_1_391' title='bbox 2398 2543 2605 2613; x_wconf 76' lang='grc' dir='ltr'>ἐκείνης</span> <span class='ocrx_word' id='word_1_392' title='bbox 2653 2552 2753 2614; x_wconf 80' lang='grc' dir='ltr'>τῆς</span> <span class='ocrx_word' id='word_1_393' title='bbox 2800 2546 3008 2618; x_wconf 77' lang='grc' dir='ltr'>ἡμέρας</span> <span class='ocrx_word' id='word_1_394' title='bbox 3060 2545 3306 2618; x_wconf 68' lang='grc' dir='ltr'>ἐπλήσθη</span> <span class='ocrx_word' id='word_1_395' title='bbox 3360 2548 3656 2623; x_wconf 84' lang='grc' dir='ltr'>δαιμόνιον,</span> <span class='ocrx_word' id='word_1_396' title='bbox 3709 2555 3797 2631; x_wconf 73' lang='grc' dir='ltr'>ἀφ’</span> 
     </span>
    </p>
   </div>
   <div class='ocr_carea' id='block_1_56' title="bbox 2147 2632 3795 2719">
    <p class='ocr_par' dir='ltr' id='par_1_56' title="bbox 2147 2632 3795 2719">
     <span class='ocr_line' id='line_1_57' title="bbox 2147 2632 3795 2719; baseline 0.006 -33"><span class='ocrx_word' id='word_1_397' title='bbox 2147 2636 2212 2701; x_wconf 73' lang='grc' dir='ltr'>ἧς</span> <span class='ocrx_word' id='word_1_398' title='bbox 2246 2632 2387 2687; x_wconf 66' lang='grc' dir='ltr'>οὕτω</span> <span class='ocrx_word' id='word_1_399' title='bbox 2434 2634 2647 2708; x_wconf 78' lang='grc' dir='ltr'>πονηρά</span> <span class='ocrx_word' id='word_1_400' title='bbox 2694 2633 2997 2709; x_wconf 75' lang='grc' dir='ltr'>προῦθετο·</span> <span class='ocrx_word' id='word_1_401' title='bbox 3058 2634 3202 2690; x_wconf 84' lang='grc' dir='ltr'>ἀλλά</span> <span class='ocrx_word' id='word_1_402' title='bbox 3257 2637 3379 2691; x_wconf 86' lang='grc' dir='ltr'>τότε</span> <span class='ocrx_word' id='word_1_403' title='bbox 3426 2639 3515 2693; x_wconf 75' lang='grc' dir='ltr'>καί</span> <span class='ocrx_word' id='word_1_404' title='bbox 3572 2662 3795 2719; x_wconf 79' lang='grc' dir='ltr'>περιφα-</span> 
     </span>
    </p>
   </div>
   <div class='ocr_carea' id='block_1_57' title="bbox 2146 2720 3786 2799">
    <p class='ocr_par' dir='ltr' id='par_1_57' title="bbox 2146 2720 3786 2799">
     <span class='ocr_line' id='line_1_58' title="bbox 2146 2720 3786 2799; baseline 0.006 -24"><span class='ocrx_word' id='word_1_405' title='bbox 2146 2724 2429 2794; x_wconf 82' lang='grc' dir='ltr'>νέστερον·</span> <span class='ocrx_word' id='word_1_406' title='bbox 2476 2720 2566 2775; x_wconf 70' lang='grc' dir='ltr'>’ίνα</span> <span class='ocrx_word' id='word_1_407' title='bbox 2626 2724 2700 2794; x_wconf 77' lang='grc' dir='ltr'>μὴ</span> <span class='ocrx_word' id='word_1_408' title='bbox 2766 2722 2936 2795; x_wconf 90' lang='grc' dir='ltr'>μάτην</span> <span class='ocrx_word' id='word_1_409' title='bbox 3081 2725 3491 2799; x_wconf 86' lang='grc' dir='ltr'>κατεληλυθὼς,</span> <span class='ocrx_word' id='word_1_410' title='bbox 3541 2730 3627 2783; x_wconf 80' lang='grc' dir='ltr'>καὶ</span> <span class='ocrx_word' id='word_1_411' title='bbox 3676 2737 3786 2785; x_wconf 81' lang='grc' dir='ltr'>τῶν</span> 
     </span>
    </p>
   </div>
   <div class='ocr_carea' id='block_1_58' title="bbox 2150 2806 3787 2888">
    <p class='ocr_par' dir='ltr' id='par_1_58' title="bbox 2150 2806 3787 2888">
     <span class='ocr_line' id='line_1_59' title="bbox 2150 2806 3787 2888; baseline 0.005 -24"><span class='ocrx_word' id='word_1_412' title='bbox 2150 2806 2421 2881; x_wconf 81' lang='grc' dir='ltr'>δαιμόνων</span> <span class='ocrx_word' id='word_1_413' title='bbox 2486 2808 2828 2887; x_wconf 71' lang='grc' dir='ltr'>μετειληφὼς</span> <span class='ocrx_word' id='word_1_414' title='bbox 2883 2815 3017 2884; x_wconf 77' lang='grc'>(25),</span> <span class='ocrx_word' id='word_1_415' title='bbox 3070 2812 3125 2866; x_wconf 76' lang='grc' dir='ltr'>ὅν</span> <span class='ocrx_word' id='word_1_416' title='bbox 3180 2812 3559 2888; x_wconf 81' lang='grc' dir='ltr'>ἐνθουσιασμὸν</span> <span class='ocrx_word' id='word_1_417' title='bbox 3594 2818 3787 2874; x_wconf 85' lang='grc' dir='ltr'>ἐκεῖνοι</span> 
     </span>
    </p>
   </div>
   <div class='ocr_carea' id='block_1_59' title="bbox 2148 2897 3787 2980">
    <p class='ocr_par' dir='ltr' id='par_1_59' title="bbox 2148 2897 3787 2980">
     <span class='ocr_line' id='line_1_60' title="bbox 2148 2897 3787 2980; baseline 0.006 -28"><span class='ocrx_word' id='word_1_418' title='bbox 2148 2897 2395 2955; x_wconf 77' lang='grc' dir='ltr'>καλοῦσι.</span> <span class='ocrx_word' id='word_1_419' title='bbox 2452 2904 2864 2971; x_wconf 85' lang='grc' dir='ltr'>μεταποιοῦντες</span> <span class='ocrx_word' id='word_1_420' title='bbox 2911 2906 3119 2973; x_wconf 76' lang='grc' dir='ltr'>σεμνῶς</span> <span class='ocrx_word' id='word_1_421' title='bbox 3176 2904 3241 2956; x_wconf 73' lang='grc' dir='ltr'>τὰ</span> <span class='ocrx_word' id='word_1_422' title='bbox 3292 2903 3545 2977; x_wconf 80' lang='grc' dir='ltr'>ὀνόματα.</span> <span class='ocrx_word' id='word_1_423' title='bbox 3587 2907 3659 2960; x_wconf 82' lang='grc' dir='ltr'>Τὰ</span> <span class='ocrx_word' id='word_1_424' title='bbox 3692 2909 3787 2980; x_wconf 72' lang='grc' dir='ltr'>μὲν</span> 
     </span>
    </p>
   </div>
   <div class='ocr_carea' id='block_1_60' title="bbox 2151 2984 2708 3061">
    <p class='ocr_par' dir='ltr' id='par_1_60' title="bbox 2151 2984 2708 3061">
     <span class='ocr_line' id='line_1_61' title="bbox 2151 2984 2708 3061; baseline 0.005 -20"><span class='ocrx_word' id='word_1_425' title='bbox 2151 2984 2218 3054; x_wconf 80' lang='grc' dir='ltr'>δὴ</span> <span class='ocrx_word' id='word_1_426' title='bbox 2248 2992 2437 3061; x_wconf 77' lang='grc' dir='ltr'>πρῶτα</span> <span class='ocrx_word' id='word_1_427' title='bbox 2466 2992 2708 3045; x_wconf 86' lang='grc' dir='ltr'>τοιαῦτα.</span> 
     </span>
    </p>
   </div>
   <div class='ocr_carea' id='block_1_61' title="bbox 396 3074 3795 3151">
    <p class='ocr_par' dir='ltr' id='par_1_61' title="bbox 396 3074 3795 3151">
     <span class='ocr_line' id='line_1_62' title="bbox 396 3074 3795 3151; baseline 0.001 -12"><span class='ocrx_word' id='word_1_428' title='bbox 396 3081 585 3139; x_wconf 77' lang='lat' dir='ltr'>factus</span> <span class='ocrx_word' id='word_1_429' title='bbox 617 3080 799 3136; x_wconf 78' lang='lat' dir='ltr'>fuisse</span> <span class='ocrx_word' id='word_1_430' title='bbox 829 3079 1141 3147; x_wconf 84' lang='lat' dir='ltr'>videretur,</span> <span class='ocrx_word' id='word_1_431' title='bbox 1163 3092 1335 3149; x_wconf 87' lang='lat' dir='ltr'>quem</span> <span class='ocrx_word' id='word_1_432' title='bbox 1368 3074 1453 3130; x_wconf 91' lang='lat' dir='ltr'>illi</span> <span class='ocrx_word' id='word_1_433' title='bbox 1485 3076 1955 3132; x_wconf 89' lang='lat' dir='ltr'>enthusiasmum</span> <span class='ocrx_word' id='word_1_434' title='bbox 1986 3076 2303 3150; x_wconf 88' lang='lat' dir='ltr'>appellant,</span> <span class='ocrx_word' id='word_1_435' title='bbox 2328 3077 2571 3132; x_wconf 88' lang='lat' dir='ltr'>honeste</span> <span class='ocrx_word' id='word_1_436' title='bbox 2601 3093 2810 3150; x_wconf 90' lang='lat' dir='ltr'>nempe</span> <span class='ocrx_word' id='word_1_437' title='bbox 2841 3094 2907 3134; x_wconf 90' lang='lat' dir='ltr'>ac</span> <span class='ocrx_word' id='word_1_438' title='bbox 2936 3080 3198 3151; x_wconf 84' lang='lat' dir='ltr'>speciose</span> <span class='ocrx_word' id='word_1_439' title='bbox 3219 3083 3499 3140; x_wconf 88' lang='lat' dir='ltr'>vocabula</span> <span class='ocrx_word' id='word_1_440' title='bbox 3529 3102 3795 3143; x_wconf 87' lang='lat' dir='ltr'>commu-</span> 
     </span>
    </p>
   </div>
   <div class='ocr_carea' id='block_1_62' title="bbox 395 3165 1891 3239">
    <p class='ocr_par' dir='ltr' id='par_1_62' title="bbox 395 3165 1891 3239">
     <span class='ocr_line' id='line_1_63' title="bbox 395 3165 1891 3239; baseline -0.003 -14"><span class='ocrx_word' id='word_1_441' title='bbox 395 3173 609 3226; x_wconf 75' lang='lat' dir='ltr'>tantes.</span> <span class='ocrx_word' id='word_1_442' title='bbox 640 3172 771 3223; x_wconf 68' lang='lat' dir='ltr'>Haec</span> <span class='ocrx_word' id='word_1_443' title='bbox 802 3168 989 3239; x_wconf 89' lang='lat' dir='ltr'>prima</span> <span class='ocrx_word' id='word_1_444' title='bbox 1016 3166 1205 3238; x_wconf 86' lang='lat' dir='ltr'>ipsius</span> <span class='ocrx_word' id='word_1_445' title='bbox 1236 3166 1494 3221; x_wconf 82' lang='lat' dir='ltr'>facinora</span> <span class='ocrx_word' id='word_1_446' title='bbox 1521 3165 1891 3220; x_wconf 85' lang='lat' dir='ltr'>exstiterunt.</span> 
     </span>
    </p>
   </div>
   <div class='ocr_carea' id='block_1_63' title="bbox 470 3253 2104 3325">
    <p class='ocr_par' dir='ltr' id='par_1_63' title="bbox 470 3253 2104 3325">
     <span class='ocr_line' id='line_1_64' title="bbox 470 3253 2104 3325; baseline -0.002 -13"><span class='ocrx_word' id='word_1_447' title='bbox 470 3257 635 3312; x_wconf 90' lang='lat' dir='ltr'>LVII.</span> <span class='ocrx_word' id='word_1_448' title='bbox 667 3257 809 3311; x_wconf 89' lang='lat' dir='ltr'>Cum</span> <span class='ocrx_word' id='word_1_449' title='bbox 841 3260 1033 3311; x_wconf 88' lang='lat' dir='ltr'>autem</span> <span class='ocrx_word' id='word_1_450' title='bbox 1061 3257 1205 3325; x_wconf 85' lang='lat' dir='ltr'>jam,</span> <span class='ocrx_word' id='word_1_451' title='bbox 1239 3254 1391 3325; x_wconf 91' lang='lat' dir='ltr'>quod</span> <span class='ocrx_word' id='word_1_452' title='bbox 1442 3253 1819 3325; x_wconf 88' lang='lat' dir='ltr'>parturiebat,</span> <span class='ocrx_word' id='word_1_453' title='bbox 1854 3254 2032 3309; x_wconf 86' lang='lat' dir='ltr'>conti-</span> <span class='ocrx_word' id='word_1_454' title='bbox 2062 3256 2104 3322; x_wconf 82' lang='lat' dir='ltr'>C</span> 
     </span>
    </p>
   </div>
   <div class='ocr_carea' id='block_1_64' title="bbox 394 3344 2033 3417">
    <p class='ocr_par' dir='ltr' id='par_1_64' title="bbox 394 3344 2033 3417">
     <span class='ocr_line' id='line_1_65' title="bbox 394 3344 2033 3417; baseline -0.002 -15"><span class='ocrx_word' id='word_1_455' title='bbox 394 3362 533 3402; x_wconf 88' lang='lat' dir='ltr'>nere</span> <span class='ocrx_word' id='word_1_456' title='bbox 547 3360 660 3400; x_wconf 91' lang='lat' dir='ltr'>non</span> <span class='ocrx_word' id='word_1_457' title='bbox 682 3348 898 3417; x_wconf 86' lang='lat' dir='ltr'>posset,</span> <span class='ocrx_word' id='word_1_458' title='bbox 922 3344 1364 3415; x_wconf 89' lang='lat' dir='ltr'>persecutioque</span> <span class='ocrx_word' id='word_1_459' title='bbox 1384 3348 1734 3414; x_wconf 86' lang='lat' dir='ltr'>erumperet,</span> <span class='ocrx_word' id='word_1_460' title='bbox 1755 3344 2033 3415; x_wconf 87' lang='lat' dir='ltr'>quiddam</span> 
     </span>
    </p>
   </div>
   <div class='ocr_carea' id='block_1_65' title="bbox 395 3430 2033 3503">
    <p class='ocr_par' dir='ltr' id='par_1_65' title="bbox 395 3430 2033 3503">
     <span class='ocr_line' id='line_1_66' title="bbox 395 3430 2033 3503; baseline -0.002 -13"><span class='ocrx_word' id='word_1_461' title='bbox 395 3434 854 3492; x_wconf 78' lang='lat' dir='ltr'>animadvertere</span> <span class='ocrx_word' id='word_1_462' title='bbox 886 3433 1081 3503; x_wconf 84' lang='lat' dir='ltr'>coepit,</span> <span class='ocrx_word' id='word_1_463' title='bbox 1103 3430 1347 3503; x_wconf 87' lang='lat' dir='ltr'>sapienti</span> <span class='ocrx_word' id='word_1_464' title='bbox 1374 3431 1431 3486; x_wconf 91' lang='lat' dir='ltr'>in</span> <span class='ocrx_word' id='word_1_465' title='bbox 1464 3431 1600 3486; x_wconf 81' lang='lat' dir='ltr'>vitio</span> <span class='ocrx_word' id='word_1_466' title='bbox 1632 3436 1806 3502; x_wconf 89' lang='lat' dir='ltr'>atque</span> <span class='ocrx_word' id='word_1_467' title='bbox 1838 3432 1893 3487; x_wconf 91' lang='lat' dir='ltr'>in</span> <span class='ocrx_word' id='word_1_468' title='bbox 1930 3432 2033 3486; x_wconf 89' lang='lat' dir='ltr'>im-</span> 
     </span>
    </p>
   </div>
   <div class='ocr_carea' id='block_1_66' title="bbox 392 3520 2030 3597">
    <p class='ocr_par' dir='ltr' id='par_1_66' title="bbox 392 3520 2030 3597">
     <span class='ocr_line' id='line_1_67' title="bbox 392 3520 2030 3597; baseline -0.002 -18"><span class='ocrx_word' id='word_1_469' title='bbox 392 3524 605 3597; x_wconf 88' lang='lat' dir='ltr'>pietate</span> <span class='ocrx_word' id='word_1_470' title='bbox 638 3521 939 3577; x_wconf 82' lang='lat' dir='ltr'>excellenti</span> <span class='ocrx_word' id='word_1_471' title='bbox 966 3521 1087 3576; x_wconf 90' lang='lat' dir='ltr'>viro</span> <span class='ocrx_word' id='word_1_472' title='bbox 1110 3520 1350 3592; x_wconf 86' lang='lat' dir='ltr'>dignum</span> <span class='ocrx_word' id='word_1_473' title='bbox 1380 3538 1392 3588; x_wconf 91' lang='lat'><strong>;</strong></span> <span class='ocrx_word' id='word_1_474' title='bbox 1429 3524 1527 3575; x_wconf 90' lang='lat' dir='ltr'>aut</span> <span class='ocrx_word' id='word_1_475' title='bbox 1549 3525 1701 3575; x_wconf 89' lang='lat' dir='ltr'>certe</span> <span class='ocrx_word' id='word_1_476' title='bbox 1732 3522 1802 3575; x_wconf 93' lang='lat' dir='ltr'>ab</span> <span class='ocrx_word' id='word_1_477' title='bbox 1826 3521 1896 3575; x_wconf 87' lang='lat' dir='ltr'>iis</span> <span class='ocrx_word' id='word_1_478' title='bbox 1931 3520 2030 3592; x_wconf 90' lang='lat' dir='ltr'>qui</span> 
     </span>
    </p>
   </div>
   <div class='ocr_carea' id='block_1_67' title="bbox 391 3610 2030 3687">
    <p class='ocr_par' dir='ltr' id='par_1_67' title="bbox 391 3610 2030 3687">
     <span class='ocr_line' id='line_1_68' title="bbox 391 3610 2030 3687; baseline -0.002 -17"><span class='ocrx_word' id='word_1_479' title='bbox 391 3614 588 3687; x_wconf 91' lang='lat' dir='ltr'>ipsum</span> <span class='ocrx_word' id='word_1_480' title='bbox 622 3613 691 3667; x_wconf 89' lang='lat' dir='ltr'>ad</span> <span class='ocrx_word' id='word_1_481' title='bbox 723 3629 848 3667; x_wconf 90' lang='lat' dir='ltr'>eam</span> <span class='ocrx_word' id='word_1_482' title='bbox 875 3612 1179 3677; x_wconf 88' lang='lat' dir='ltr'>acuebant,</span> <span class='ocrx_word' id='word_1_483' title='bbox 1205 3627 1270 3665; x_wconf 89' lang='lat' dir='ltr'>ac</span> <span class='ocrx_word' id='word_1_484' title='bbox 1302 3610 1459 3665; x_wconf 86' lang='lat' dir='ltr'>velut</span> <span class='ocrx_word' id='word_1_485' title='bbox 1489 3610 1867 3681; x_wconf 83' lang='lat' dir='ltr'>inungebant,</span> <span class='ocrx_word' id='word_1_486' title='bbox 1893 3611 2030 3666; x_wconf 89' lang='lat' dir='ltr'>edo-</span> 
     </span>
    </p>
   </div>
   <div class='ocr_carea' id='block_1_68' title="bbox 391 3698 2032 3770">
    <p class='ocr_par' dir='ltr' id='par_1_68' title="bbox 391 3698 2032 3770">
     <span class='ocr_line' id='line_1_69' title="bbox 391 3698 2032 3770; baseline -0.003 -12"><span class='ocrx_word' id='word_1_487' title='bbox 391 3705 522 3758; x_wconf 88' lang='lat' dir='ltr'>ctus</span> <span class='ocrx_word' id='word_1_488' title='bbox 546 3705 651 3758; x_wconf 88' lang='lat' dir='ltr'>est.</span> <span class='ocrx_word' id='word_1_489' title='bbox 676 3701 769 3757; x_wconf 92' lang='lat' dir='ltr'>Sic</span> <span class='ocrx_word' id='word_1_490' title='bbox 789 3700 942 3756; x_wconf 85' lang='lat' dir='ltr'>enim</span> <span class='ocrx_word' id='word_1_491' title='bbox 969 3715 1166 3755; x_wconf 89' lang='lat' dir='ltr'>secum</span> <span class='ocrx_word' id='word_1_492' title='bbox 1189 3699 1495 3770; x_wconf 84' lang='lat' dir='ltr'>reputavit,</span> <span class='ocrx_word' id='word_1_493' title='bbox 1523 3699 1570 3753; x_wconf 92' lang='lat' dir='ltr'>si</span> <span class='ocrx_word' id='word_1_494' title='bbox 1598 3698 1809 3753; x_wconf 89' lang='lat' dir='ltr'>bellum</span> <span class='ocrx_word' id='word_1_495' title='bbox 1836 3705 2032 3770; x_wconf 84' lang='lat' dir='ltr'>aperte</span> 
     </span>
    </p>
   </div>
   <div class='ocr_carea' id='block_1_69' title="bbox 390 3788 2027 3863">
    <p class='ocr_par' dir='ltr' id='par_1_69' title="bbox 390 3788 2027 3863">
     <span class='ocr_line' id='line_1_70' title="bbox 390 3788 2027 3863; baseline -0.004 -16"><span class='ocrx_word' id='word_1_496' title='bbox 390 3792 738 3863; x_wconf 87' lang='lat' dir='ltr'>susciperet,</span> <span class='ocrx_word' id='word_1_497' title='bbox 788 3806 967 3861; x_wconf 89' lang='lat' dir='ltr'>seque</span> <span class='ocrx_word' id='word_1_498' title='bbox 1014 3788 1333 3859; x_wconf 85' lang='lat' dir='ltr'>impietatis</span> <span class='ocrx_word' id='word_1_499' title='bbox 1380 3788 1586 3842; x_wconf 89' lang='lat' dir='ltr'>ducem</span> <span class='ocrx_word' id='word_1_500' title='bbox 1639 3790 2027 3859; x_wconf 81' lang='lat' dir='ltr'>proﬁteretur,</span> 
     </span>
    </p>
   </div>
   <div class='ocr_carea' id='block_1_70' title="bbox 390 3877 2028 3953">
    <p class='ocr_par' dir='ltr' id='par_1_70' title="bbox 390 3877 2028 3953">
     <span class='ocr_line' id='line_1_71' title="bbox 390 3877 2028 3953; baseline -0.002 -17"><span class='ocrx_word' id='word_1_501' title='bbox 390 3888 774 3953; x_wconf 80' lang='lat' dir='ltr'>praeterquam</span> <span class='ocrx_word' id='word_1_502' title='bbox 799 3879 952 3950; x_wconf 88' lang='lat' dir='ltr'>quod</span> <span class='ocrx_word' id='word_1_503' title='bbox 974 3878 1027 3932; x_wconf 90' lang='lat' dir='ltr'>id</span> <span class='ocrx_word' id='word_1_504' title='bbox 1058 3877 1231 3932; x_wconf 89' lang='lat' dir='ltr'>nimis</span> <span class='ocrx_word' id='word_1_505' title='bbox 1254 3878 1628 3932; x_wconf 87' lang='lat' dir='ltr'>temerarium</span> <span class='ocrx_word' id='word_1_506' title='bbox 1653 3884 1827 3948; x_wconf 88' lang='lat' dir='ltr'>atque</span> <span class='ocrx_word' id='word_1_507' title='bbox 1851 3877 2028 3949; x_wconf 75' lang='lat' dir='ltr'>impe~</span> 
     </span>
    </p>
   </div>
   <div class='ocr_carea' id='block_1_71' title="bbox 390 3966 2025 4038">
    <p class='ocr_par' dir='ltr' id='par_1_71' title="bbox 390 3966 2025 4038">
     <span class='ocr_line' id='line_1_72' title="bbox 390 3966 2025 4038; baseline -0.003 -12"><span class='ocrx_word' id='word_1_508' title='bbox 390 3970 566 4026; x_wconf 87' lang='lat' dir='ltr'>ritum</span> <span class='ocrx_word' id='word_1_509' title='bbox 601 3971 860 4025; x_wconf 81' lang='lat' dir='ltr'>futurum</span> <span class='ocrx_word' id='word_1_510' title='bbox 895 3974 1069 4032; x_wconf 91' lang='lat' dir='ltr'>esset,</span> <span class='ocrx_word' id='word_1_511' title='bbox 1101 3966 1234 4021; x_wconf 90' lang='lat' dir='ltr'>huic</span> <span class='ocrx_word' id='word_1_512' title='bbox 1265 3968 1507 4038; x_wconf 87' lang='lat' dir='ltr'>insuper</span> <span class='ocrx_word' id='word_1_513' title='bbox 1537 3984 1730 4036; x_wconf 82' lang='lat' dir='ltr'>scopo,</span> <span class='ocrx_word' id='word_1_514' title='bbox 1756 3967 1825 4020; x_wconf 88' lang='lat' dir='ltr'>ad</span> <span class='ocrx_word' id='word_1_515' title='bbox 1851 3983 2025 4036; x_wconf 88' lang='lat' dir='ltr'>quem</span> 
     </span>
    </p>
   </div>
   <div class='ocr_carea' id='block_1_72' title="bbox 389 4054 2026 4126">
    <p class='ocr_par' dir='ltr' id='par_1_72' title="bbox 389 4054 2026 4126">
     <span class='ocr_line' id='line_1_73' title="bbox 389 4054 2026 4126; baseline -0.004 -12"><span class='ocrx_word' id='word_1_516' title='bbox 389 4058 747 4126; x_wconf 88' lang='lat' dir='ltr'>collimabat,</span> <span class='ocrx_word' id='word_1_517' title='bbox 780 4056 1016 4111; x_wconf 88' lang='lat' dir='ltr'>omnino</span> <span class='ocrx_word' id='word_1_518' title='bbox 1049 4055 1402 4110; x_wconf 87' lang='lat' dir='ltr'>contrarium</span> <span class='ocrx_word' id='word_1_519' title='bbox 1446 4054 1583 4110; x_wconf 88' lang='lat' dir='ltr'>fore.</span> <span class='ocrx_word' id='word_1_520' title='bbox 1622 4055 1735 4110; x_wconf 89' lang='lat' dir='ltr'>Nos</span> <span class='ocrx_word' id='word_1_521' title='bbox 1766 4055 1946 4121; x_wconf 90' lang='lat' dir='ltr'>enim,</span> <span class='ocrx_word' id='word_1_522' title='bbox 1976 4054 2026 4109; x_wconf 90' lang='lat' dir='ltr'>si</span> 
     </span>
    </p>
   </div>
   <div class='ocr_carea' id='block_1_73' title="bbox 386 4143 2026 4212">
    <p class='ocr_par' dir='ltr' id='par_1_73' title="bbox 386 4143 2026 4212">
     <span class='ocr_line' id='line_1_74' title="bbox 386 4143 2026 4212; baseline -0.003 -10"><span class='ocrx_word' id='word_1_523' title='bbox 386 4146 473 4202; x_wconf 82' lang='lat' dir='ltr'>vis</span> <span class='ocrx_word' id='word_1_524' title='bbox 499 4147 695 4201; x_wconf 68' lang='lat' dir='ltr'>inferri</span> <span class='ocrx_word' id='word_1_525' title='bbox 716 4155 832 4212; x_wconf 89' lang='lat' dir='ltr'>tur,</span> <span class='ocrx_word' id='word_1_526' title='bbox 875 4143 1081 4199; x_wconf 88' lang='lat' dir='ltr'>acriori</span> <span class='ocrx_word' id='word_1_527' title='bbox 1114 4144 1482 4198; x_wconf 86' lang='lat' dir='ltr'>contentione</span> <span class='ocrx_word' id='word_1_528' title='bbox 1511 4144 1565 4197; x_wconf 89' lang='lat' dir='ltr'>in</span> <span class='ocrx_word' id='word_1_529' title='bbox 1604 4143 1901 4198; x_wconf 88' lang='lat' dir='ltr'>victoriam</span> <span class='ocrx_word' id='word_1_530' title='bbox 1936 4145 2026 4197; x_wconf 88' lang='lat' dir='ltr'>in-</span> 
     </span>
    </p>
   </div>
   <div class='ocr_carea' id='block_1_74' title="bbox 387 4232 2026 4305">
    <p class='ocr_par' dir='ltr' id='par_1_74' title="bbox 387 4232 2026 4305">
     <span class='ocr_line' id='line_1_75' title="bbox 387 4232 2026 4305; baseline -0.002 -15"><span class='ocrx_word' id='word_1_531' title='bbox 387 4234 709 4305; x_wconf 87' lang='lat' dir='ltr'>cubituros,</span> <span class='ocrx_word' id='word_1_532' title='bbox 744 4250 808 4288; x_wconf 83' lang='lat' dir='ltr'>ac</span> <span class='ocrx_word' id='word_1_533' title='bbox 853 4234 1145 4305; x_wconf 73' lang='lat' dir='ltr'>tyrannidi</span> <span class='ocrx_word' id='word_1_534' title='bbox 1198 4232 1475 4287; x_wconf 88' lang='lat' dir='ltr'>obnixum</span> <span class='ocrx_word' id='word_1_535' title='bbox 1520 4233 1754 4303; x_wconf 88' lang='lat' dir='ltr'>pietatis</span> <span class='ocrx_word' id='word_1_536' title='bbox 1798 4233 2026 4287; x_wconf 66' lang='lat' dir='ltr'>tuendae</span> 
     </span>
    </p>
   </div>
   <div class='ocr_carea' id='block_1_75' title="bbox 387 4319 2027 4393">
    <p class='ocr_par' dir='ltr' id='par_1_75' title="bbox 387 4319 2027 4393">
     <span class='ocr_line' id='line_1_76' title="bbox 387 4319 2027 4393; baseline -0.002 -13"><span class='ocrx_word' id='word_1_537' title='bbox 387 4322 651 4381; x_wconf 84' lang='lat' dir='ltr'>studium</span> <span class='ocrx_word' id='word_1_538' title='bbox 693 4321 1024 4392; x_wconf 89' lang='lat' dir='ltr'>objecturos</span> <span class='ocrx_word' id='word_1_539' title='bbox 1073 4319 1364 4393; x_wconf 85' lang='lat' dir='ltr'>cogitavit.</span> <span class='ocrx_word' id='word_1_540' title='bbox 1414 4319 1612 4376; x_wconf 89' lang='lat' dir='ltr'>Solent</span> <span class='ocrx_word' id='word_1_541' title='bbox 1654 4320 1806 4375; x_wconf 89' lang='lat' dir='ltr'>enim</span> <span class='ocrx_word' id='word_1_542' title='bbox 1851 4322 2027 4377; x_wconf 82' lang='lat' dir='ltr'>fortes</span> 
     </span>
    </p>
   </div>
   <div class='ocr_carea' id='block_1_76' title="bbox 481 4552 1695 4680">
    <p class='ocr_par' dir='ltr' id='par_1_76' title="bbox 481 4552 1695 4680">
     <span class='ocr_line' id='line_1_77' title="bbox 481 4552 1695 4680; baseline -0.002 -70"><span class='ocrx_word' id='word_1_543' title='bbox 481 4557 572 4628; x_wconf 85' lang='grc'>21)</span> <span class='ocrx_word' id='word_1_544' title='bbox 602 4552 808 4625; x_wconf 76' lang='grc' dir='ltr'>Τούτῳ.</span> <span class='ocrx_word' id='word_1_545' title='bbox 844 4555 1020 4680; x_wconf 61' lang='lat' dir='ltr'>Regg.</span> <span class='ocrx_word' id='word_1_546' title='bbox 1056 4552 1177 4618; x_wconf 87' lang='lat' dir='ltr'>bm,</span> <span class='ocrx_word' id='word_1_547' title='bbox 1210 4554 1265 4623; x_wconf 86' lang='lat' dir='ltr'>b,</span> <span class='ocrx_word' id='word_1_548' title='bbox 1301 4553 1394 4608; x_wconf 86' lang='lat' dir='ltr'>Or.</span> <span class='ocrx_word' id='word_1_549' title='bbox 1430 4554 1481 4620; x_wconf 75' lang='grc'>4,</span> <span class='ocrx_word' id='word_1_550' title='bbox 1515 4556 1695 4608; x_wconf 88' lang='grc' dir='ltr'>τοῦτο.</span> 
     </span>
     <span class='ocr_line' id='line_1_78' title="bbox 484 4623 1695 4680; baseline 0 0"><span class='ocrx_word' id='word_1_551' title='bbox 484 4629 574 4680; x_wconf 77' lang='lat'>22)</span> <span class='ocrx_word' id='word_1_552' title='bbox 604 4628 799 4680; x_wconf 72' lang='grc' dir='ltr'>Ὁρμή.</span> <span class='ocrx_word' id='word_1_553' title='bbox 851 4630 979 4680; x_wconf 83' lang='lat' dir='ltr'>Cms</span> <span class='ocrx_word' id='word_1_554' title='bbox 1009 4669 1021 4680; x_wconf 91' lang='lat'>.</span> <span class='ocrx_word' id='word_1_555' title='bbox 1055 4625 1109 4680; x_wconf 85' lang='lat'>2.</span> <span class='ocrx_word' id='word_1_556' title='bbox 1170 4623 1349 4680; x_wconf 71' lang='grc' dir='ltr'>ὁρμεῖ.</span> <span class='ocrx_word' id='word_1_557' title='bbox 1383 4627 1537 4680; x_wconf 80' lang='lat' dir='ltr'>quod</span> <span class='ocrx_word' id='word_1_558' title='bbox 1588 4643 1695 4680; x_wconf 74' lang='lat' dir='ltr'>mai</span> 
     </span>
    </p>
   </div>
   <div class='ocr_carea' id='block_1_77' title="bbox 484 4628 1021 4700">
    <p class='ocr_par' dir='ltr' id='par_1_77' title="bbox 484 4628 1021 4700">
     <span class='ocr_line' id='line_1_79' title="bbox 484 4628 1021 4700; baseline -0.002 -19"><span class='ocrx_word' id='word_1_559' title='bbox 484 4629 574 4699; x_wconf 79' lang='lat'>22)</span> <span class='ocrx_word' id='word_1_560' title='bbox 604 4628 799 4700; x_wconf 78' lang='grc' dir='ltr'>Ὁρμή.</span> <span class='ocrx_word' id='word_1_561' title='bbox 851 4628 1021 4681; x_wconf 91' lang='lat' dir='ltr'>Coisl.</span> 
     </span>
    </p>
   </div>
   <div class='ocr_carea' id='block_1_78' title="bbox 388 4700 841 4755">
    <p class='ocr_par' dir='ltr' id='par_1_78' title="bbox 388 4700 841 4755">
     <span class='ocr_line' id='line_1_80' title="bbox 388 4700 841 4755; baseline -0.009 0"><span class='ocrx_word' id='word_1_562' title='bbox 388 4700 841 4755; x_wconf 84' lang='lat' dir='ltr'>Parisiensihus.</span> 
     </span>
    </p>
   </div>
   <div class='ocr_carea' id='block_1_79' title="bbox 460 4764 2034 4843">
    <p class='ocr_par' dir='ltr' id='par_1_79' title="bbox 460 4764 2034 4843">
     <span class='ocr_line' id='line_1_81' title="bbox 460 4764 2034 4843; baseline -0.002 -19"><span class='ocrx_word' id='word_1_563' title='bbox 460 4773 574 4843; x_wconf 84' lang='lat'><strong>(23)</strong></span> <span class='ocrx_word' id='word_1_564' title='bbox 606 4764 1093 4843; x_wconf 31' lang='lat' dir='ltr'>&#39;E6861610npev:</span> <span class='ocrx_word' id='word_1_565' title='bbox 1117 4766 1212 4822; x_wconf 90' lang='lat' dir='ltr'>Sic</span> <span class='ocrx_word' id='word_1_566' title='bbox 1251 4767 1455 4839; x_wconf 88' lang='lat' dir='ltr'>Magus</span> <span class='ocrx_word' id='word_1_567' title='bbox 1486 4766 1705 4843; x_wconf 79' lang='lat' dir='ltr'>Juliani</span> <span class='ocrx_word' id='word_1_568' title='bbox 1751 4766 2034 4843; x_wconf 74' lang='lat' dir='ltr'>magister</span> 
     </span>
    </p>
   </div>
   <div class='ocr_carea' id='block_1_80' title="bbox 388 4839 2032 4914">
    <p class='ocr_par' dir='ltr' id='par_1_80' title="bbox 388 4839 2032 4914">
     <span class='ocr_line' id='line_1_82' title="bbox 388 4839 2032 4914; baseline -0.003 -17"><span class='ocrx_word' id='word_1_569' title='bbox 388 4839 747 4914; x_wconf 82' lang='lat' dir='ltr'>discipulum</span> <span class='ocrx_word' id='word_1_570' title='bbox 792 4839 1027 4914; x_wconf 74' lang='lat' dir='ltr'>delusit.</span> <span class='ocrx_word' id='word_1_571' title='bbox 1064 4840 1351 4914; x_wconf 87' lang='lat' dir='ltr'>Quantam</span> <span class='ocrx_word' id='word_1_572' title='bbox 1393 4845 1596 4914; x_wconf 81' lang='lat' dir='ltr'>autem</span> <span class='ocrx_word' id='word_1_573' title='bbox 1639 4839 1706 4914; x_wconf 89' lang='lat' dir='ltr'>ad</span> <span class='ocrx_word' id='word_1_574' title='bbox 1745 4840 2032 4908; x_wconf 80' lang='lat' dir='ltr'>fugandos</span> 
     </span>
    </p>
   </div>
   <div class='ocr_carea' id='block_1_81' title="bbox 386 4909 2032 4982">
    <p class='ocr_par' dir='ltr' id='par_1_81' title="bbox 386 4909 2032 4982">
     <span class='ocr_line' id='line_1_83' title="bbox 386 4909 2032 4982; baseline -0.004 -13"><span class='ocrx_word' id='word_1_575' title='bbox 386 4909 680 4970; x_wconf 62' lang='lat' dir='ltr'>demones</span> <span class='ocrx_word' id='word_1_576' title='bbox 709 4913 824 4967; x_wconf 89' lang='lat' dir='ltr'>vim</span> <span class='ocrx_word' id='word_1_577' title='bbox 852 4912 1063 4967; x_wconf 83' lang='lat' dir='ltr'>haheat</span> <span class='ocrx_word' id='word_1_578' title='bbox 1084 4912 1315 4982; x_wconf 87' lang='lat' dir='ltr'>signum</span> <span class='ocrx_word' id='word_1_579' title='bbox 1337 4911 1547 4975; x_wconf 85' lang='lat' dir='ltr'>crucis,</span> <span class='ocrx_word' id='word_1_580' title='bbox 1568 4909 1782 4974; x_wconf 90' lang='lat' dir='ltr'>duplex</span> <span class='ocrx_word' id='word_1_581' title='bbox 1804 4916 2032 4982; x_wconf 89' lang='lat' dir='ltr'>porten-</span> 
     </span>
    </p>
   </div>
   <div class='ocr_carea' id='block_1_82' title="bbox 387 4981 2033 5057">
    <p class='ocr_par' dir='ltr' id='par_1_82' title="bbox 387 4981 2033 5057">
     <span class='ocr_line' id='line_1_84' title="bbox 387 4981 2033 5057; baseline -0.003 -18"><span class='ocrx_word' id='word_1_582' title='bbox 387 4992 538 5054; x_wconf 88' lang='lat' dir='ltr'>tum,</span> <span class='ocrx_word' id='word_1_583' title='bbox 574 4986 725 5057; x_wconf 91' lang='lat' dir='ltr'>quod</span> <span class='ocrx_word' id='word_1_584' title='bbox 780 4985 872 5039; x_wconf 91' lang='lat' dir='ltr'>hic</span> <span class='ocrx_word' id='word_1_585' title='bbox 904 4988 1101 5038; x_wconf 89' lang='lat' dir='ltr'>narrat</span> <span class='ocrx_word' id='word_1_586' title='bbox 1148 4981 1723 5057; x_wconf 81' lang='lat' dir='ltr'>Gregorius_,_prohat</span> <span class='ocrx_word' id='word_1_587' title='bbox 1773 4981 1937 5047; x_wconf 78' lang='lat' dir='ltr'>satis,</span> <span class='ocrx_word' id='word_1_588' title='bbox 1972 4988 2033 5057; x_wconf 79' lang='lat' dir='ltr'>ut</span> 
     </span>
    </p>
   </div>
   <div class='ocr_carea' id='block_1_83' title="bbox 386 5050 2032 5125">
    <p class='ocr_par' dir='ltr' id='par_1_83' title="bbox 386 5050 2032 5125">
     <span class='ocr_line' id='line_1_85' title="bbox 386 5050 2032 5125; baseline -0.004 -14"><span class='ocrx_word' id='word_1_589' title='bbox 386 5050 790 5112; x_wconf 46' lang='lat' dir='ltr'>dicere-liceat</span> <span class='ocrx_word' id='word_1_590' title='bbox 838 5072 967 5111; x_wconf 88' lang='lat' dir='ltr'>cum</span> <span class='ocrx_word' id='word_1_591' title='bbox 1000 5050 1343 5125; x_wconf 65' lang='lat' dir='ltr'>Augustino,</span> <span class='ocrx_word' id='word_1_592' title='bbox 1378 5074 1417 5125; x_wconf 65' lang='lat' dir='ltr'>a</span> <span class='ocrx_word' id='word_1_593' title='bbox 1452 5050 1677 5125; x_wconf 9' lang='lat' dir='ltr'>Magna,</span> <span class='ocrx_word' id='word_1_594' title='bbox 1712 5066 1802 5125; x_wconf 84' lang='lat' dir='ltr'>res</span> <span class='ocrx_word' id='word_1_595' title='bbox 1834 5057 1924 5125; x_wconf 82' lang='lat' dir='ltr'>est</span> <span class='ocrx_word' id='word_1_596' title='bbox 1954 5050 2032 5105; x_wconf 88' lang='lat' dir='ltr'>si-</span> 
     </span>
    </p>
   </div>
   <div class='ocr_carea' id='block_1_84' title="bbox 387 5122 2032 5200">
    <p class='ocr_par' dir='ltr' id='par_1_84' title="bbox 387 5122 2032 5200">
     <span class='ocr_line' id='line_1_86' title="bbox 387 5122 2032 5200; baseline -0.005 -16"><span class='ocrx_word' id='word_1_597' title='bbox 387 5145 594 5200; x_wconf 86' lang='lat' dir='ltr'>gnum,</span> <span class='ocrx_word' id='word_1_598' title='bbox 620 5134 674 5183; x_wconf 90' lang='lat' dir='ltr'>et</span> <span class='ocrx_word' id='word_1_599' title='bbox 697 5145 835 5183; x_wconf 84' lang='lat' dir='ltr'>crux</span> <span class='ocrx_word' id='word_1_600' title='bbox 860 5122 1150 5200; x_wconf 36' lang='lat' dir='ltr'>(lhristign</span> <span class='ocrx_word' id='word_1_601' title='bbox 1186 5126 1306 5200; x_wconf 79' lang='lat' dir='ltr'>Vim</span> <span class='ocrx_word' id='word_1_602' title='bbox 1332 5124 1489 5179; x_wconf 89' lang='lat' dir='ltr'>illam</span> <span class='ocrx_word' id='word_1_603' title='bbox 1525 5122 1714 5200; x_wconf 84' lang='lat' dir='ltr'>crucis</span> <span class='ocrx_word' id='word_1_604' title='bbox 1743 5122 1892 5200; x_wconf 72' lang='lat' dir='ltr'>signi</span> <span class='ocrx_word' id='word_1_605' title='bbox 1921 5138 2032 5176; x_wconf 88' lang='lat' dir='ltr'>uno</span> 
     </span>
    </p>
   </div>
   <div class='ocr_carea' id='block_1_85' title="bbox 386 5195 2030 5278">
    <p class='ocr_par' dir='ltr' id='par_1_85' title="bbox 386 5195 2030 5278">
     <span class='ocr_line' id='line_1_87' title="bbox 386 5195 2030 5278; baseline -0.005 -22"><span class='ocrx_word' id='word_1_606' title='bbox 386 5195 483 5256; x_wconf 72' lang='lat' dir='ltr'>ore</span> <span class='ocrx_word' id='word_1_607' title='bbox 511 5195 828 5278; x_wconf 58' lang='lat' dir='ltr'>pradicant</span> <span class='ocrx_word' id='word_1_608' title='bbox 871 5198 1047 5278; x_wconf 69' lang='lat' dir='ltr'>Graeci</span> <span class='ocrx_word' id='word_1_609' title='bbox 1086 5198 1389 5278; x_wconf 53' lang='lat' dir='ltr'>Latinique</span> <span class='ocrx_word' id='word_1_610' title='bbox 1421 5200 1641 5278; x_wconf 72' lang='lat' dir='ltr'>Patres.</span> <span class='ocrx_word' id='word_1_611' title='bbox 1684 5199 1799 5278; x_wconf 45' lang='lat' dir='ltr'>hec</span> <span class='ocrx_word' id='word_1_612' title='bbox 1834 5195 1888 5249; x_wconf 84' lang='lat' dir='ltr'>id</span> <span class='ocrx_word' id='word_1_613' title='bbox 1925 5211 2030 5247; x_wconf 87' lang='lat' dir='ltr'>un-</span> 
     </span>
    </p>
   </div>
   <div class='ocr_carea' id='block_1_86' title="bbox 387 5264 1829 5345">
    <p class='ocr_par' dir='ltr' id='par_1_86' title="bbox 387 5264 1829 5345">
     <span class='ocr_line' id='line_1_88' title="bbox 387 5264 1829 5345; baseline -0.008 -17"><span class='ocrx_word' id='word_1_614' title='bbox 387 5264 565 5345; x_wconf 74' lang='lat' dir='ltr'>quam</span> <span class='ocrx_word' id='word_1_615' title='bbox 598 5277 874 5345; x_wconf 89' lang='lat' dir='ltr'>negatum</span> <span class='ocrx_word' id='word_1_616' title='bbox 908 5269 1021 5325; x_wconf 89' lang='lat' dir='ltr'>nisi</span> <span class='ocrx_word' id='word_1_617' title='bbox 1055 5268 1139 5345; x_wconf 83' lang='lat' dir='ltr'>al)_</span> <span class='ocrx_word' id='word_1_618' title='bbox 1158 5264 1404 5345; x_wconf 78' lang='lat' dir='ltr'>ethnicis</span> <span class='ocrx_word' id='word_1_619' title='bbox 1436 5264 1829 5345; x_wconf 66' lang='lat' dir='ltr'>et_h2er_eticis.</span> 
     </span>
    </p>
   </div>
   <div class='ocr_carea' id='block_1_87' title="bbox 456 5336 2033 5417">
    <p class='ocr_par' dir='ltr' id='par_1_87' title="bbox 456 5336 2033 5417">
     <span class='ocr_line' id='line_1_89' title="bbox 456 5336 2033 5417; baseline -0.006 -19"><span class='ocrx_word' id='word_1_620' title='bbox 456 5344 572 5415; x_wconf 75' lang='grc'>(24)</span> <span class='ocrx_word' id='word_1_621' title='bbox 604 5336 934 5417; x_wconf 52' lang='grc' dir='ltr'>Πρᾌχειρος,</span> <span class='ocrx_word' id='word_1_622' title='bbox 979 5345 1086 5417; x_wconf 88' lang='lat' dir='ltr'>etc.</span> <span class='ocrx_word' id='word_1_623' title='bbox 1124 5340 1191 5417; x_wconf 85' lang='lat' dir='ltr'>ld_</span> <span class='ocrx_word' id='word_1_624' title='bbox 1235 5344 1372 5417; x_wconf 86' lang='lat' dir='ltr'>est_:</span> <span class='ocrx_word' id='word_1_625' title='bbox 1416 5360 1441 5386; x_wconf 89' lang='grc'><strong>‹‹</strong></span> <span class='ocrx_word' id='word_1_626' title='bbox 1479 5336 1729 5391; x_wconf 87' lang='lat' dir='ltr'>Facilius</span> <span class='ocrx_word' id='word_1_627' title='bbox 1765 5352 2033 5417; x_wconf 42' lang='lat' dir='ltr'>_nam‘que</span> 
     </span>
    </p>
   </div>
   <div class='ocr_carea' id='block_1_88' title="bbox 380 5407 2030 5479">
    <p class='ocr_par' dir='ltr' id='par_1_88' title="bbox 380 5407 2030 5479">
     <span class='ocr_line' id='line_1_90' title="bbox 380 5407 2030 5479; baseline -0.005 -10"><span class='ocrx_word' id='word_1_628' title='bbox 380 5407 792 5479; x_wconf 69' lang='lat' dir='ltr'>virimprobiis</span> <span class='ocrx_word' id='word_1_629' title='bbox 813 5407 1158 5469; x_wconf 79' lang='lat' dir='ltr'>sceleratum</span> <span class='ocrx_word' id='word_1_630' title='bbox 1179 5410 1500 5474; x_wconf 88' lang='lat' dir='ltr'>hominem,</span> <span class='ocrx_word' id='word_1_631' title='bbox 1521 5426 1552 5462; x_wconf 90' lang='lat' dir='ltr'>a</span> <span class='ocrx_word' id='word_1_632' title='bbox 1575 5425 1688 5479; x_wconf 93' lang='lat' dir='ltr'>quo</span> <span class='ocrx_word' id='word_1_633' title='bbox 1712 5409 1779 5462; x_wconf 91' lang='lat' dir='ltr'>ad</span> <span class='ocrx_word' id='word_1_634' title='bbox 1809 5407 2030 5463; x_wconf 89' lang='lat' dir='ltr'>malum</span> 
     </span>
    </p>
   </div>
   <div class='ocr_carea' id='block_1_89' title="bbox 382 5480 2031 5559">
    <p class='ocr_par' dir='ltr' id='par_1_89' title="bbox 382 5480 2031 5559">
     <span class='ocr_line' id='line_1_91' title="bbox 382 5480 2031 5559; baseline -0.005 -17"><span class='ocrx_word' id='word_1_635' title='bbox 382 5480 728 5559; x_wconf 83' lang='lat' dir='ltr'>impellitur,</span> <span class='ocrx_word' id='word_1_636' title='bbox 764 5502 938 5559; x_wconf 88' lang='lat' dir='ltr'>quam</span> <span class='ocrx_word' id='word_1_637' title='bbox 990 5483 1177 5537; x_wconf 89' lang='lat' dir='ltr'>virum</span> <span class='ocrx_word' id='word_1_638' title='bbox 1213 5483 1453 5547; x_wconf 90' lang='lat' dir='ltr'>bonum,</span> <span class='ocrx_word' id='word_1_639' title='bbox 1487 5481 1585 5550; x_wconf 90' lang='lat' dir='ltr'>qui</span> <span class='ocrx_word' id='word_1_640' title='bbox 1633 5497 1765 5535; x_wconf 91' lang='lat' dir='ltr'>eum</span> <span class='ocrx_word' id='word_1_641' title='bbox 1801 5498 1832 5534; x_wconf 90' lang='lat' dir='ltr'>a</span> <span class='ocrx_word' id='word_1_642' title='bbox 1879 5480 2031 5534; x_wconf 90' lang='lat' dir='ltr'>malo</span> 
     </span>
    </p>
   </div>
   <div class='ocr_carea' id='block_1_90' title="bbox 384 5558 1024 5627">
    <p class='ocr_par' dir='ltr' id='par_1_90' title="bbox 384 5558 1024 5627">
     <span class='ocr_line' id='line_1_92' title="bbox 384 5558 1024 5627; baseline -0.008 -14"><span class='ocrx_word' id='word_1_643' title='bbox 384 5558 645 5627; x_wconf 85' lang='lat' dir='ltr'>retrahit,</span> <span class='ocrx_word' id='word_1_644' title='bbox 681 5558 964 5627; x_wconf 86' lang='lat' dir='ltr'>sequitur.</span> <span class='ocrx_word' id='word_1_645' title='bbox 1004 5578 1024 5602; x_wconf 75' lang='grc' dir='ltr'>ι</span> 
     </span>
    </p>
   </div>
   <div class='ocr_carea' id='block_1_91' title="bbox 456 5622 2030 5702">
    <p class='ocr_par' dir='ltr' id='par_1_91' title="bbox 456 5622 2030 5702">
     <span class='ocr_line' id='line_1_93' title="bbox 456 5622 2030 5702; baseline -0.004 -19"><span class='ocrx_word' id='word_1_646' title='bbox 456 5630 571 5702; x_wconf 81' lang='grc'>(25)</span> <span class='ocrx_word' id='word_1_647' title='bbox 622 5622 903 5702; x_wconf 66' lang='grc' dir='ltr'>Δαιμὸνων</span> <span class='ocrx_word' id='word_1_648' title='bbox 959 5622 1575 5702; x_wconf 36' lang='grc' dir='ltr'>μετειληφῴςπ-ΠΟΟ-φὶρ.</span> <span class='ocrx_word' id='word_1_649' title='bbox 1630 5643 1657 5672; x_wconf 78' lang='grc' dir='ltr'>ι(</span> <span class='ocrx_word' id='word_1_650' title='bbox 1699 5622 2030 5702; x_wconf 65' lang='lat' dir='ltr'>daemonum</span> 
     </span>
    </p>
   </div>
   <div class='ocr_carea' id='block_1_92' title="bbox 385 5694 2029 5773">
    <p class='ocr_par' dir='ltr' id='par_1_92' title="bbox 385 5694 2029 5773">
     <span class='ocr_line' id='line_1_94' title="bbox 385 5694 2029 5773; baseline -0.005 -12"><span class='ocrx_word' id='word_1_651' title='bbox 385 5694 735 5762; x_wconf 76' lang='lat' dir='ltr'>commercio</span> <span class='ocrx_word' id='word_1_652' title='bbox 780 5694 1056 5771; x_wconf 82' lang='lat' dir='ltr'>donatus,</span> <span class='ocrx_word' id='word_1_653' title='bbox 1094 5694 1248 5773; x_wconf 81' lang='lat' dir='ltr'>quod</span> <span class='ocrx_word' id='word_1_654' title='bbox 1295 5694 1376 5759; x_wconf 87' lang='lat' dir='ltr'>illi</span> <span class='ocrx_word' id='word_1_655' title='bbox 1428 5695 1687 5753; x_wconf 87' lang='lat' dir='ltr'>divinum</span> <span class='ocrx_word' id='word_1_656' title='bbox 1742 5694 2029 5767; x_wconf 68' lang='lat' dir='ltr'>afflatum,</span> 
     </span>
    </p>
   </div>
   <div class='ocr_carea' id='block_1_93' title="bbox 1055 4623 2040 4698">
    <p class='ocr_par' dir='ltr' id='par_1_93' title="bbox 1055 4623 2040 4698">
     <span class='ocr_line' id='line_1_95' title="bbox 1055 4623 2040 4698; baseline 0 -20"><span class='ocrx_word' id='word_1_657' title='bbox 1055 4625 1109 4689; x_wconf 86' lang='lat'>2,</span> <span class='ocrx_word' id='word_1_658' title='bbox 1170 4623 1349 4698; x_wconf 78' lang='grc' dir='ltr'>ὁρμεῖ,</span> <span class='ocrx_word' id='word_1_659' title='bbox 1383 4627 1537 4697; x_wconf 90' lang='lat' dir='ltr'>quod</span> <span class='ocrx_word' id='word_1_660' title='bbox 1588 4625 1777 4698; x_wconf 86' lang='lat' dir='ltr'>magis</span> <span class='ocrx_word' id='word_1_661' title='bbox 1824 4623 2040 4679; x_wconf 89' lang='lat' dir='ltr'>arridet</span> 
     </span>
    </p>
   </div>
   <div class='ocr_carea' id='block_1_94' title="bbox 2216 3250 3796 3341">
    <p class='ocr_par' dir='ltr' id='par_1_94' title="bbox 2216 3250 3796 3341">
     <span class='ocr_line' id='line_1_96' title="bbox 2216 3250 3796 3341; baseline 0.009 -36"><span class='ocrx_word' id='word_1_662' title='bbox 2216 3255 2329 3309; x_wconf 79' lang='lat' dir='ltr'>NZ&#39;.</span> <span class='ocrx_word' id='word_1_663' title='bbox 2363 3250 2600 3341; x_wconf 45' lang='lat' dir='ltr'>’Emie‘e</span> <span class='ocrx_word' id='word_1_664' title='bbox 2628 3256 2663 3323; x_wconf 80' lang='grc' dir='ltr'>ἡ</span> <span class='ocrx_word' id='word_1_665' title='bbox 2697 3251 2827 3316; x_wconf 85' lang='grc' dir='ltr'>ὠδὶς</span> <span class='ocrx_word' id='word_1_666' title='bbox 2862 3254 3091 3331; x_wconf 68' lang='grc' dir='ltr'>ἰκράτει,</span> <span class='ocrx_word' id='word_1_667' title='bbox 3136 3258 3224 3312; x_wconf 84' lang='grc' dir='ltr'>καὶ</span> <span class='ocrx_word' id='word_1_668' title='bbox 3271 3260 3299 3313; x_wconf 86' lang='grc' dir='ltr'><strong>ὁ</strong></span> <span class='ocrx_word' id='word_1_669' title='bbox 3356 3257 3599 3336; x_wconf 84' lang='grc' dir='ltr'>διωγμὸς</span> <span class='ocrx_word' id='word_1_670' title='bbox 3658 3263 3796 3341; x_wconf 81' lang='grc' dir='ltr'>ἐξερ-</span> 
     </span>
    </p>
   </div>
   <div class='ocr_carea' id='block_1_95' title="bbox 2146 3339 3791 3429">
    <p class='ocr_par' dir='ltr' id='par_1_95' title="bbox 2146 3339 3791 3429">
     <span class='ocr_line' id='line_1_97' title="bbox 2146 3339 3791 3429; baseline 0.009 -36"><span class='ocrx_word' id='word_1_671' title='bbox 2146 3340 2402 3417; x_wconf 75' lang='grc' dir='ltr'>ῥήγνυτο,</span> <span class='ocrx_word' id='word_1_672' title='bbox 2466 3339 2573 3396; x_wconf 74' lang='grc' dir='ltr'>εἶδέ</span> <span class='ocrx_word' id='word_1_673' title='bbox 2639 3363 2691 3395; x_wconf 90' lang='grc' dir='ltr'>τι</span> <span class='ocrx_word' id='word_1_674' title='bbox 2749 3344 2881 3417; x_wconf 79' lang='grc'>(26),</span> <span class='ocrx_word' id='word_1_675' title='bbox 2943 3342 3040 3398; x_wconf 75' lang='grc' dir='ltr'>εἷά’</span> <span class='ocrx_word' id='word_1_676' title='bbox 3088 3344 3182 3399; x_wconf 77' lang='grc' dir='ltr'>οὖν</span> <span class='ocrx_word' id='word_1_677' title='bbox 3230 3345 3421 3421; x_wconf 81' lang='grc' dir='ltr'>ἀνδρὸς</span> <span class='ocrx_word' id='word_1_678' title='bbox 3474 3356 3643 3429; x_wconf 69' lang='grc' dir='ltr'>σοφοῦ</span> <span class='ocrx_word' id='word_1_679' title='bbox 3690 3339 3791 3423; x_wconf 66' lang='grc' dir='ltr'>την</span> 
     </span>
    </p>
   </div>
   <div class='ocr_carea' id='block_1_96' title="bbox 2142 3429 3789 3518">
    <p class='ocr_par' dir='ltr' id='par_1_96' title="bbox 2142 3429 3789 3518">
     <span class='ocr_line' id='line_1_98' title="bbox 2142 3429 3789 3518; baseline 0.008 -34"><span class='ocrx_word' id='word_1_680' title='bbox 2142 3430 2330 3485; x_wconf 88' lang='grc' dir='ltr'>κακίαν</span> <span class='ocrx_word' id='word_1_681' title='bbox 2363 3431 2452 3485; x_wconf 84' lang='grc' dir='ltr'>καὶ</span> <span class='ocrx_word' id='word_1_682' title='bbox 2513 3435 2764 3506; x_wconf 88' lang='grc' dir='ltr'>περιττοῦ</span> <span class='ocrx_word' id='word_1_683' title='bbox 2818 3434 2917 3501; x_wconf 73' lang='grc' dir='ltr'>τήν</span> <span class='ocrx_word' id='word_1_684' title='bbox 2965 3429 3229 3508; x_wconf 82' lang='grc' dir='ltr'>ἀσέϐειαν,</span> <span class='ocrx_word' id='word_1_685' title='bbox 3282 3436 3375 3491; x_wconf 66' lang='grc' dir='ltr'>εἶτ’</span> <span class='ocrx_word' id='word_1_686' title='bbox 3408 3437 3497 3493; x_wconf 77' lang='grc' dir='ltr'>οὖν</span> <span class='ocrx_word' id='word_1_687' title='bbox 3528 3438 3789 3518; x_wconf 78' lang='grc' dir='ltr'>ἐδιδάχθη</span> 
     </span>
    </p>
   </div>
   <div class='ocr_carea' id='block_1_97' title="bbox 2138 3519 3797 3604">
    <p class='ocr_par' dir='ltr' id='par_1_97' title="bbox 2138 3519 3797 3604">
     <span class='ocr_line' id='line_1_99' title="bbox 2138 3519 3797 3604; baseline 0.008 -31"><span class='ocrx_word' id='word_1_688' title='bbox 2138 3519 2284 3595; x_wconf 83' lang='grc' dir='ltr'>παρᾶ</span> <span class='ocrx_word' id='word_1_689' title='bbox 2332 3526 2439 3574; x_wconf 78' lang='grc' dir='ltr'>τῶν</span> <span class='ocrx_word' id='word_1_690' title='bbox 2500 3520 2577 3582; x_wconf 75' lang='grc' dir='ltr'>εἷς</span> <span class='ocrx_word' id='word_1_691' title='bbox 2633 3519 2832 3592; x_wconf 65' lang='grc' dir='ltr'>ταύτην</span> <span class='ocrx_word' id='word_1_692' title='bbox 2895 3522 3051 3576; x_wconf 72' lang='grc' dir='ltr'>αὐτὸν</span> <span class='ocrx_word' id='word_1_693' title='bbox 3101 3520 3456 3603; x_wconf 71' lang='grc' dir='ltr'>ἀλειφόντιον.</span> <span class='ocrx_word' id='word_1_694' title='bbox 3492 3536 3574 3591; x_wconf 81' lang='grc' dir='ltr'>Ὠς</span> <span class='ocrx_word' id='word_1_695' title='bbox 3604 3533 3665 3585; x_wconf 86' lang='grc' dir='ltr'>τὸ</span> <span class='ocrx_word' id='word_1_696' title='bbox 3702 3532 3797 3604; x_wconf 75' lang='grc' dir='ltr'>μὶν</span> 
     </span>
    </p>
   </div>
   <div class='ocr_carea' id='block_1_98' title="bbox 2142 3606 3795 3692">
    <p class='ocr_par' dir='ltr' id='par_1_98' title="bbox 2142 3606 3795 3692">
     <span class='ocr_line' id='line_1_100' title="bbox 2142 3606 3795 3692; baseline 0.008 -30"><span class='ocrx_word' id='word_1_697' title='bbox 2142 3614 2382 3687; x_wconf 74' lang='grc' dir='ltr'>φανερῶς</span> <span class='ocrx_word' id='word_1_698' title='bbox 2458 3606 2731 3663; x_wconf 84' lang='grc' dir='ltr'>ἀνελέσθαι</span> <span class='ocrx_word' id='word_1_699' title='bbox 2807 3611 2897 3664; x_wconf 85' lang='grc' dir='ltr'>τὸν</span> <span class='ocrx_word' id='word_1_700' title='bbox 2966 3610 3229 3685; x_wconf 84' lang='grc' dir='ltr'>πόλεμον,</span> <span class='ocrx_word' id='word_1_701' title='bbox 3274 3615 3362 3669; x_wconf 83' lang='grc' dir='ltr'>καὶ</span> <span class='ocrx_word' id='word_1_702' title='bbox 3421 3623 3795 3692; x_wconf 83' lang='grc' dir='ltr'>προκακεσθῆ-</span> 
     </span>
    </p>
   </div>
   <div class='ocr_carea' id='block_1_99' title="bbox 2138 3692 3793 3779">
    <p class='ocr_par' dir='ltr' id='par_1_99' title="bbox 2138 3692 3793 3779">
     <span class='ocr_line' id='line_1_101' title="bbox 2138 3692 3793 3779; baseline 0.004 -28"><span class='ocrx_word' id='word_1_703' title='bbox 2138 3718 2223 3751; x_wconf 89' lang='grc' dir='ltr'>ναι</span> <span class='ocrx_word' id='word_1_704' title='bbox 2255 3700 2366 3770; x_wconf 80' lang='grc'>(27)</span> <span class='ocrx_word' id='word_1_705' title='bbox 2398 3703 2495 3766; x_wconf 80' lang='grc' dir='ltr'>τῆς</span> <span class='ocrx_word' id='word_1_706' title='bbox 2536 3692 2777 3759; x_wconf 81' lang='grc' dir='ltr'>ἀσεϐείας</span> <span class='ocrx_word' id='word_1_707' title='bbox 2829 3698 3140 3776; x_wconf 77' lang='grc' dir='ltr'>αὐτόχειρα,</span> <span class='ocrx_word' id='word_1_708' title='bbox 3190 3704 3325 3779; x_wconf 85' lang='grc' dir='ltr'>πρὸς</span> <span class='ocrx_word' id='word_1_709' title='bbox 3377 3710 3454 3777; x_wconf 80' lang='grc' dir='ltr'>τῷ</span> <span class='ocrx_word' id='word_1_710' title='bbox 3502 3710 3613 3779; x_wconf 76' lang='lat'><strong>(28)</strong></span> <span class='ocrx_word' id='word_1_711' title='bbox 3670 3708 3793 3765; x_wconf 72' lang='grc' dir='ltr'>λίαν</span> 
     </span>
    </p>
   </div>
   <div class='ocr_carea' id='block_1_100' title="bbox 2138 3785 3789 3870">
    <p class='ocr_par' dir='ltr' id='par_1_100' title="bbox 2138 3785 3789 3870">
     <span class='ocr_line' id='line_1_102' title="bbox 2138 3785 3789 3870; baseline 0.008 -31"><span class='ocrx_word' id='word_1_712' title='bbox 2138 3788 2271 3840; x_wconf 79' lang='grc' dir='ltr'>εἶναι</span> <span class='ocrx_word' id='word_1_713' title='bbox 2301 3785 2464 3860; x_wconf 67' lang='grc' dir='ltr'>θρασὺ</span> <span class='ocrx_word' id='word_1_714' title='bbox 2520 3787 2609 3840; x_wconf 82' lang='grc' dir='ltr'>καὶ</span> <span class='ocrx_word' id='word_1_715' title='bbox 2656 3785 3000 3859; x_wconf 80' lang='grc' dir='ltr'>ἀπαίδευτον,</span> <span class='ocrx_word' id='word_1_716' title='bbox 3054 3787 3129 3844; x_wconf 79' lang='grc' dir='ltr'>ἔτι</span> <span class='ocrx_word' id='word_1_717' title='bbox 3172 3792 3259 3846; x_wconf 83' lang='grc' dir='ltr'>καὶ</span> <span class='ocrx_word' id='word_1_718' title='bbox 3294 3792 3679 3851; x_wconf 79' lang='grc' dir='ltr'>ἐναντιώτατον</span> <span class='ocrx_word' id='word_1_719' title='bbox 3709 3803 3789 3870; x_wconf 82' lang='grc' dir='ltr'>τῷ</span> 
     </span>
    </p>
   </div>
   <div class='ocr_carea' id='block_1_101' title="bbox 2761 3874 3788 3961">
    <p class='ocr_par' dir='ltr' id='par_1_101' title="bbox 2761 3874 3788 3961">
     <span class='ocr_line' id='line_1_103' title="bbox 2761 3874 3788 3961; baseline 0.014 -33"><span class='ocrx_word' id='word_1_720' title='bbox 2761 3874 3227 3954; x_wconf 79' lang='grc' dir='ltr'>φιλονεικοτέρους</span> <span class='ocrx_word' id='word_1_721' title='bbox 3285 3885 3386 3956; x_wconf 69' lang='grc' dir='ltr'>γὰρ</span> <span class='ocrx_word' id='word_1_722' title='bbox 3432 3884 3489 3937; x_wconf 85' lang='grc' dir='ltr'>ἂν</span> <span class='ocrx_word' id='word_1_723' title='bbox 3520 3889 3668 3957; x_wconf 70' lang='grc' dir='ltr'>ἡμᾶς</span> <span class='ocrx_word' id='word_1_724' title='bbox 3699 3908 3788 3961; x_wconf 83' lang='grc' dir='ltr'>γε·</span> 
     </span>
    </p>
   </div>
   <div class='ocr_carea' id='block_1_102' title="bbox 2135 3965 3785 4048">
    <p class='ocr_par' dir='ltr' id='par_1_102' title="bbox 2135 3965 3785 4048">
     <span class='ocr_line' id='line_1_104' title="bbox 2135 3965 3785 4048; baseline 0.008 -31"><span class='ocrx_word' id='word_1_725' title='bbox 2135 3965 2314 4027; x_wconf 75' lang='grc' dir='ltr'>νέσῡαι</span> <span class='ocrx_word' id='word_1_726' title='bbox 2388 3965 2762 4039; x_wconf 77' lang='grc' dir='ltr'>βιαζομένους,</span> <span class='ocrx_word' id='word_1_727' title='bbox 2820 3966 2907 4019; x_wconf 84' lang='grc' dir='ltr'>καὶ</span> <span class='ocrx_word' id='word_1_728' title='bbox 2952 3966 3251 4037; x_wconf 71' lang='grc' dir='ltr'>ἀντιθήσειν</span> <span class='ocrx_word' id='word_1_729' title='bbox 3281 3976 3345 4044; x_wconf 80' lang='grc' dir='ltr'>τῇ</span> <span class='ocrx_word' id='word_1_730' title='bbox 3381 3973 3652 4048; x_wconf 84' lang='grc' dir='ltr'>τυραννίδι</span> <span class='ocrx_word' id='word_1_731' title='bbox 3686 3977 3785 4044; x_wconf 74' lang='grc' dir='ltr'>τὴν</span> 
     </span>
    </p>
   </div>
   <div class='ocr_carea' id='block_1_103' title="bbox 2141 4048 3785 4139">
    <p class='ocr_par' dir='ltr' id='par_1_103' title="bbox 2141 4048 3785 4139">
     <span class='ocr_line' id='line_1_105' title="bbox 2141 4048 3785 4139; baseline 0.007 -32"><span class='ocrx_word' id='word_1_732' title='bbox 2141 4053 2271 4127; x_wconf 71' lang='grc' dir='ltr'>ὑπὲρ</span> <span class='ocrx_word' id='word_1_733' title='bbox 2331 4048 2599 4113; x_wconf 72' lang='grc' dir='ltr'>εὐσεϐείας</span> <span class='ocrx_word' id='word_1_734' title='bbox 2649 4051 2989 4129; x_wconf 80' lang='grc' dir='ltr'>φιλοτιμίαν.</span> <span class='ocrx_word' id='word_1_735' title='bbox 3053 4056 3215 4112; x_wconf 76' lang='grc' dir='ltr'>Φιλεῖ</span> <span class='ocrx_word' id='word_1_736' title='bbox 3270 4061 3371 4134; x_wconf 71' lang='grc' dir='ltr'>γάρ</span> <span class='ocrx_word' id='word_1_737' title='bbox 3430 4064 3496 4116; x_wconf 77' lang='grc' dir='ltr'>τά</span> <span class='ocrx_word' id='word_1_738' title='bbox 3570 4070 3785 4139; x_wconf 79' lang='grc' dir='ltr'>γενναῖο</span> 
     </span>
    </p>
   </div>
   <div class='ocr_carea' id='block_1_104' title="bbox 2139 4142 3789 4227">
    <p class='ocr_par' dir='ltr' id='par_1_104' title="bbox 2139 4142 3789 4227">
     <span class='ocr_line' id='line_1_106' title="bbox 2139 4142 3789 4227; baseline 0.01 -33"><span class='ocrx_word' id='word_1_739' title='bbox 2139 4144 2457 4219; x_wconf 71' lang='grc' dir='ltr'>φρονήματα</span> <span class='ocrx_word' id='word_1_740' title='bbox 2504 4142 2638 4217; x_wconf 83' lang='grc' dir='ltr'>πρὸς</span> <span class='ocrx_word' id='word_1_741' title='bbox 2686 4142 2747 4195; x_wconf 86' lang='grc' dir='ltr'>τὸ</span> <span class='ocrx_word' id='word_1_742' title='bbox 2810 4142 2900 4217; x_wconf 78' lang='grc' dir='ltr'>βίᾳ</span> <span class='ocrx_word' id='word_1_743' title='bbox 2948 4150 3175 4216; x_wconf 83' lang='grc' dir='ltr'>κρατοῦν</span> <span class='ocrx_word' id='word_1_744' title='bbox 3230 4147 3635 4219; x_wconf 75' lang='grc' dir='ltr'>αὐθαδιάζεσθαι</span> <span class='ocrx_word' id='word_1_745' title='bbox 3675 4157 3789 4227; x_wconf 80' lang='grc'>(29)</span> 
     </span>
    </p>
   </div>
   <div class='ocr_carea' id='block_1_105' title="bbox 2137 4229 3777 4314">
    <p class='ocr_par' dir='ltr' id='par_1_105' title="bbox 2137 4229 3777 4314">
     <span class='ocr_line' id='line_1_107' title="bbox 2137 4229 3777 4314; baseline 0.006 -29"><span class='ocrx_word' id='word_1_746' title='bbox 2137 4230 2226 4285; x_wconf 85' lang='grc' dir='ltr'>καὶ</span> <span class='ocrx_word' id='word_1_747' title='bbox 2283 4231 2522 4304; x_wconf 83' lang='grc' dir='ltr'>γαθάπερ</span> <span class='ocrx_word' id='word_1_748' title='bbox 2574 4229 2705 4307; x_wconf 68' lang='grc' dir='ltr'>φλὸξ</span> <span class='ocrx_word' id='word_1_749' title='bbox 2756 4231 2857 4285; x_wconf 82' lang='grc' dir='ltr'>ὑπὸ</span> <span class='ocrx_word' id='word_1_750' title='bbox 2902 4231 3101 4304; x_wconf 83' lang='grc' dir='ltr'>ἀνέμου</span> <span class='ocrx_word' id='word_1_751' title='bbox 3156 4234 3473 4310; x_wconf 68' lang='grc' dir='ltr'>ῥιπίζομένη</span> <span class='ocrx_word' id='word_1_752' title='bbox 3532 4241 3777 4314; x_wconf 58' lang='grc' dir='ltr'>τοσούτῳ</span> 
     </span>
    </p>
   </div>
   <div class='ocr_carea' id='block_1_106' title="bbox 2141 4316 3789 4404">
    <p class='ocr_par' dir='ltr' id='par_1_106' title="bbox 2141 4316 3789 4404">
     <span class='ocr_line' id='line_1_108' title="bbox 2141 4316 3789 4404; baseline 0.008 -32"><span class='ocrx_word' id='word_1_753' title='bbox 2141 4316 2351 4392; x_wconf 77' lang='grc' dir='ltr'>μᾶλλον</span> <span class='ocrx_word' id='word_1_754' title='bbox 2398 4319 2739 4391; x_wconf 83' lang='grc' dir='ltr'>ἀνάπτεσθαι,</span> <span class='ocrx_word' id='word_1_755' title='bbox 2800 4319 2909 4393; x_wconf 81' lang='grc' dir='ltr'>ὅσῳ</span> <span class='ocrx_word' id='word_1_756' title='bbox 2967 4342 3067 4396; x_wconf 89' lang='grc' dir='ltr'>περ</span> <span class='ocrx_word' id='word_1_757' title='bbox 3134 4323 3192 4377; x_wconf 79' lang='grc' dir='ltr'>ἂν</span> <span class='ocrx_word' id='word_1_758' title='bbox 3244 4324 3602 4404; x_wconf 74' lang='grc' dir='ltr'>σφοδρότερον</span> <span class='ocrx_word' id='word_1_759' title='bbox 3652 4351 3789 4385; x_wconf 83' lang='grc' dir='ltr'>κατα</span> 
     </span>
    </p>
   </div>
   <div class='ocr_carea' id='block_1_107' title="bbox 2136 3873 2699 3946">
    <p class='ocr_par' dir='ltr' id='par_1_107' title="bbox 2136 3873 2699 3946">
     <span class='ocr_line' id='line_1_109' title="bbox 2136 3873 2699 3946; baseline 0 -17"><span class='ocrx_word' id='word_1_760' title='bbox 2136 3880 2322 3946; x_wconf 88' lang='grc' dir='ltr'>σκοπῷ</span> <span class='ocrx_word' id='word_1_761' title='bbox 2377 3873 2656 3937; x_wconf 83' lang='grc' dir='ltr'>παντελῶς</span> <span class='ocrx_word' id='word_1_762' title='bbox 2688 3897 2699 3907; x_wconf 91' lang='grc'>·</span> 
     </span>
    </p>
   </div>
   <div class='ocr_carea' id='block_1_108' title="bbox 2068 4551 3013 4627">
    <p class='ocr_par' dir='ltr' id='par_1_108' title="bbox 2068 4551 3013 4627">
     <span class='ocr_line' id='line_1_110' title="bbox 2068 4551 3013 4627; baseline 0.004 -19"><span class='ocrx_word' id='word_1_763' title='bbox 2068 4563 2115 4627; x_wconf 81' lang='grc' dir='ltr'>Ι)</span> <span class='ocrx_word' id='word_1_764' title='bbox 2148 4551 2753 4627; x_wconf 68' lang='lat' dir='ltr'>seu_ent_husiasmum</span> <span class='ocrx_word' id='word_1_765' title='bbox 2788 4560 3013 4614; x_wconf 89' lang='lat' dir='ltr'>vocant.</span> 
     </span>
    </p>
   </div>
   <div class='ocr_carea' id='block_1_109' title="bbox 2240 4619 3792 4706">
    <p class='ocr_par' dir='ltr' id='par_1_109' title="bbox 2240 4619 3792 4706">
     <span class='ocr_line' id='line_1_111' title="bbox 2240 4619 3792 4706; baseline 0.008 -29"><span class='ocrx_word' id='word_1_766' title='bbox 2240 4625 2331 4706; x_wconf 80' lang='grc'>20)</span> <span class='ocrx_word' id='word_1_767' title='bbox 2365 4619 2488 4706; x_wconf 73' lang='grc' dir='ltr'>Εῑδέ</span> <span class='ocrx_word' id='word_1_768' title='bbox 2519 4643 2609 4705; x_wconf 41' lang='grc' dir='ltr'>,τι.</span> <span class='ocrx_word' id='word_1_769' title='bbox 2660 4624 2802 4706; x_wconf 62' lang='grc' dir='ltr'>ᾙθβ.</span> <span class='ocrx_word' id='word_1_770' title='bbox 2846 4628 2965 4696; x_wconf 90' lang='lat' dir='ltr'>bm,</span> <span class='ocrx_word' id='word_1_771' title='bbox 3019 4624 3151 4681; x_wconf 73' lang='grc' dir='ltr'>εἶδέν</span> <span class='ocrx_word' id='word_1_772' title='bbox 3202 4649 3274 4688; x_wconf 87' lang='grc' dir='ltr'>τι.</span> <span class='ocrx_word' id='word_1_773' title='bbox 3322 4631 3460 4705; x_wconf 79' lang='lat' dir='ltr'>Reg.</span> <span class='ocrx_word' id='word_1_774' title='bbox 3511 4652 3566 4705; x_wconf 75' lang='grc' dir='ltr'>Χ,</span> <span class='ocrx_word' id='word_1_775' title='bbox 3610 4632 3690 4688; x_wconf 59' lang='grc' dir='ltr'>ἴδε</span> <span class='ocrx_word' id='word_1_776' title='bbox 3739 4634 3792 4690; x_wconf 85' lang='grc' dir='ltr'>τί</span> 
     </span>
    </p>
   </div>
   <div class='ocr_carea' id='block_1_110' title="bbox 2144 4695 3793 4775">
    <p class='ocr_par' dir='ltr' id='par_1_110' title="bbox 2144 4695 3793 4775">
     <span class='ocr_line' id='line_1_112' title="bbox 2144 4695 3793 4775; baseline 0.011 -30"><span class='ocrx_word' id='word_1_777' title='bbox 2144 4718 2171 4745; x_wconf 88' lang='grc'>‹‹</span> <span class='ocrx_word' id='word_1_778' title='bbox 2207 4695 2382 4775; x_wconf 75' lang='lat' dir='ltr'>P_orrp</span> <span class='ocrx_word' id='word_1_779' title='bbox 2431 4695 2610 4764; x_wconf 88' lang='lat' dir='ltr'>hujus</span> <span class='ocrx_word' id='word_1_780' title='bbox 2654 4695 2771 4775; x_wconf 74' lang='lat' dir='ltr'>loci</span> <span class='ocrx_word' id='word_1_781' title='bbox 2810 4706 3185 4775; x_wconf 26' lang='lat' dir='ltr'>sensus‘est,</span> <span class='ocrx_word' id='word_1_782' title='bbox 3218 4724 3246 4751; x_wconf 68' lang='grc' dir='ltr'>ν</span> <span class='ocrx_word' id='word_1_783' title='bbox 3300 4695 3492 4775; x_wconf 65' lang='lat' dir='ltr'>inquit</span> <span class='ocrx_word' id='word_1_784' title='bbox 3541 4695 3793 4763; x_wconf 79' lang='lat' dir='ltr'>Basilius</span> 
     </span>
    </p>
   </div>
   <div class='ocr_carea' id='block_1_111' title="bbox 2147 4765 3794 4850">
    <p class='ocr_par' dir='ltr' id='par_1_111' title="bbox 2147 4765 3794 4850">
     <span class='ocr_line' id='line_1_113' title="bbox 2147 4765 3794 4850; baseline 0.011 -34"><span class='ocrx_word' id='word_1_785' title='bbox 2147 4788 2175 4816; x_wconf 90' lang='grc'>‹‹</span> <span class='ocrx_word' id='word_1_786' title='bbox 2207 4765 2326 4847; x_wconf 69' lang='lat' dir='ltr'>sive</span> <span class='ocrx_word' id='word_1_787' title='bbox 2356 4766 2464 4819; x_wconf 91' lang='lat' dir='ltr'>hoc</span> <span class='ocrx_word' id='word_1_788' title='bbox 2496 4782 2527 4818; x_wconf 90' lang='lat' dir='ltr'>a</span> <span class='ocrx_word' id='word_1_789' title='bbox 2558 4782 2618 4850; x_wconf 76' lang='lat' dir='ltr'>se</span> <span class='ocrx_word' id='word_1_790' title='bbox 2651 4767 2775 4838; x_wconf 87' lang='lat' dir='ltr'>ipse</span> <span class='ocrx_word' id='word_1_791' title='bbox 2809 4769 3241 4850; x_wconf 30' lang='lat' dir='ltr'>invenerim-nec</span> <span class='ocrx_word' id='word_1_792' title='bbox 3265 4776 3335 4829; x_wconf 90' lang='lat' dir='ltr'>ab</span> <span class='ocrx_word' id='word_1_793' title='bbox 3360 4765 3487 4831; x_wconf 58' lang='lat' dir='ltr'>aliis</span> <span class='ocrx_word' id='word_1_794' title='bbox 3508 4780 3794 4850; x_wconf 86' lang='lat' dir='ltr'>acceperit</span> 
     </span>
    </p>
   </div>
   <div class='ocr_carea' id='block_1_112' title="bbox 2144 4838 3785 4963">
    <p class='ocr_par' dir='ltr' id='par_1_112' title="bbox 2144 4838 3785 4963">
     <span class='ocr_line' id='line_1_114' title="bbox 2144 4838 3785 4963; baseline 0.007 -74"><span class='ocrx_word' id='word_1_795' title='bbox 2144 4838 2239 4963; x_wconf 46' lang='lat' dir='ltr'>Egi</span> <span class='ocrx_word' id='word_1_796' title='bbox 2260 4838 2977 4961; x_wconf 42' lang='lat' dir='ltr'>ipsumquodammodoad</span> <span class='ocrx_word' id='word_1_797' title='bbox 2994 4841 3354 4914; x_wconf 84' lang='lat' dir='ltr'>impietatem</span> <span class='ocrx_word' id='word_1_798' title='bbox 3374 4838 3785 4937; x_wconf 51' lang='lat' dir='ltr'>inungebaq’tm</span> 
     </span>
     <span class='ocr_line' id='line_1_115' title="bbox 2193 4904 3768 4963; baseline 0.001 -2"><span class='ocrx_word' id='word_1_799' title='bbox 2193 4908 2256 4961; x_wconf 84' lang='grc' dir='ltr'>ιτ⁹</span> <span class='ocrx_word' id='word_1_800' title='bbox 2306 4906 2396 4959; x_wconf 74' lang='grc' dir='ltr'>οὖν</span> <span class='ocrx_word' id='word_1_801' title='bbox 2454 4926 2477 4960; x_wconf 81' lang='grc' dir='ltr'>ι</span> <span class='ocrx_word' id='word_1_802' title='bbox 2521 4904 2740 4963; x_wconf 79' lang='grc' dir='ltr'>ιδάγθη.</span> <span class='ocrx_word' id='word_1_803' title='bbox 2806 4910 3079 4963; x_wconf 84' lang='grc' dir='ltr'>τουτέστιν</span> <span class='ocrx_word' id='word_1_804' title='bbox 3137 4914 3224 4963; x_wconf 71' lang='grc' dir='ltr'>ἀφ’</span> <span class='ocrx_word' id='word_1_805' title='bbox 3284 4918 3474 4963; x_wconf 62' lang='grc' dir='ltr'>ἑαυτοῦ</span> <span class='ocrx_word' id='word_1_806' title='bbox 3534 4928 3768 4963; x_wconf 71' lang='grc' dir='ltr'>(τηνεῖἠςν</span> 
     </span>
    </p>
   </div>
   <div class='ocr_carea' id='block_1_113' title="bbox 2189 4904 3792 4991">
    <p class='ocr_par' dir='ltr' id='par_1_113' title="bbox 2189 4904 3792 4991">
     <span class='ocr_line' id='line_1_116' title="bbox 2189 4904 3792 4991; baseline 0.011 -33"><span class='ocrx_word' id='word_1_807' title='bbox 2189 4904 2396 4991; x_wconf 32' lang='lat' dir='ltr'>ﬁci-06y</span> <span class='ocrx_word' id='word_1_808' title='bbox 2454 4904 2740 4991; x_wconf 70' lang='grc' dir='ltr'>ἐδιδάχθη,</span> <span class='ocrx_word' id='word_1_809' title='bbox 2806 4904 3097 4991; x_wconf 55' lang='grc' dir='ltr'>τουτέστιν⁸</span> <span class='ocrx_word' id='word_1_810' title='bbox 3137 4914 3224 4991; x_wconf 73' lang='grc' dir='ltr'>ἀφ’</span> <span class='ocrx_word' id='word_1_811' title='bbox 3284 4918 3474 4972; x_wconf 76' lang='grc' dir='ltr'>ἑαυτοῦ</span> <span class='ocrx_word' id='word_1_812' title='bbox 3519 4904 3792 4977; x_wconf 61' lang='grc' dir='ltr'>ιἷγινινεῖίῖεν.</span> 
     </span>
    </p>
   </div>
   <div class='ocr_carea' id='block_1_114' title="bbox 2143 4976 3792 5065">
    <p class='ocr_par' dir='ltr' id='par_1_114' title="bbox 2143 4976 3792 5065">
     <span class='ocr_line' id='line_1_117' title="bbox 2143 4976 3792 5065; baseline 0.008 -33"><span class='ocrx_word' id='word_1_813' title='bbox 2143 4976 2269 5065; x_wconf 81' lang='grc' dir='ltr'>ἀλλ’</span> <span class='ocrx_word' id='word_1_814' title='bbox 2328 4977 2388 5032; x_wconf 82' lang='grc' dir='ltr'>οὐ</span> <span class='ocrx_word' id='word_1_815' title='bbox 2439 4976 2739 5053; x_wconf 40' lang='lat' dir='ltr'>rapat-Itth</span> <span class='ocrx_word' id='word_1_816' title='bbox 2802 4981 2878 5043; x_wconf 82' lang='grc' dir='ltr'>εἷς</span> <span class='ocrx_word' id='word_1_817' title='bbox 2934 4976 3193 5037; x_wconf 74' lang='grc' dir='ltr'>ἀσέϐειαν⁸</span> <span class='ocrx_word' id='word_1_818' title='bbox 3230 4985 3564 5065; x_wconf 64' lang='grc' dir='ltr'>ἀλεινρόντιον</span> <span class='ocrx_word' id='word_1_819' title='bbox 3616 4990 3792 5046; x_wconf 78' lang='grc' dir='ltr'>ἐδιδά-</span> 
     </span>
    </p>
   </div>
   <div class='ocr_carea' id='block_1_115' title="bbox 2188 5062 2277 5119">
    <p class='ocr_par' dir='ltr' id='par_1_115' title="bbox 2188 5062 2277 5119">
     <span class='ocr_line' id='line_1_118' title="bbox 2188 5062 2277 5119; baseline 0.067 -6"><span class='ocrx_word' id='word_1_820' title='bbox 2188 5062 2277 5119; x_wconf 80' lang='grc' dir='ltr'>Θη-</span> 
     </span>
    </p>
   </div>
   <div class='ocr_carea' id='block_1_116' title="bbox 2143 5070 3790 5203">
    <p class='ocr_par' dir='ltr' id='par_1_116' title="bbox 2143 5070 3790 5203">
     <span class='ocr_line' id='line_1_119' title="bbox 2143 5070 3790 5203; baseline 0.01 -29"><span class='ocrx_word' id='word_1_821' title='bbox 2367 5120 2870 5203; x_wconf 65' lang='grc' dir='ltr'>Προκαθεσθῆναι...</span> <span class='ocrx_word' id='word_1_822' title='bbox 2905 5123 3237 5203; x_wconf 54' lang='grc' dir='ltr'>αὐτόχειρα.</span> <span class='ocrx_word' id='word_1_823' title='bbox 3292 5133 3429 5203; x_wconf 74' lang='lat' dir='ltr'>Reg.</span> <span class='ocrx_word' id='word_1_824' title='bbox 3465 5151 3505 5189; x_wconf 83' lang='grc' dir='ltr'>ιῐ</span> <span class='ocrx_word' id='word_1_825' title='bbox 3538 5134 3698 5191; x_wconf 80' lang='lat' dir='ltr'>Coll).</span> <span class='ocrx_word' id='word_1_826' title='bbox 3732 5136 3790 5203; x_wconf 80' lang='lat' dir='ltr'>k,</span> 
     </span>
    </p>
   </div>
   <div class='ocr_carea' id='block_1_117' title="bbox 2144 5192 3785 5284">
    <p class='ocr_par' dir='ltr' id='par_1_117' title="bbox 2144 5192 3785 5284">
     <span class='ocr_line' id='line_1_120' title="bbox 2144 5192 3785 5284; baseline 0.009 -36"><span class='ocrx_word' id='word_1_827' title='bbox 2144 5194 2349 5284; x_wconf 46' lang='lat' dir='ltr'>O,r.&#39;1,</span> <span class='ocrx_word' id='word_1_828' title='bbox 2409 5192 2491 5246; x_wconf 88' lang='lat' dir='ltr'>illi</span> <span class='ocrx_word' id='word_1_829' title='bbox 2554 5193 2608 5246; x_wconf 88' lang='lat' dir='ltr'>in</span> <span class='ocrx_word' id='word_1_830' title='bbox 2672 5197 3009 5284; x_wconf 28' lang='lat' dir='ltr'>textuhiste</span> <span class='ocrx_word' id='word_1_831' title='bbox 3154 5192 3294 5270; x_wconf 69' lang='grc' dir='ltr'>ὀι-ο,</span> <span class='ocrx_word' id='word_1_832' title='bbox 3344 5192 3785 5275; x_wconf 48' lang='grc' dir='ltr'>πξὲοκαθῆσθαι..ί</span> 
     </span>
    </p>
   </div>
   <div class='ocr_carea' id='block_1_118' title="bbox 2146 5274 3792 5349">
    <p class='ocr_par' dir='ltr' id='par_1_118' title="bbox 2146 5274 3792 5349">
     <span class='ocr_line' id='line_1_121' title="bbox 2146 5274 3792 5349; baseline 0.01 -32"><span class='ocrx_word' id='word_1_833' title='bbox 2146 5274 2425 5349; x_wconf 53' lang='grc' dir='ltr'>αὐτόχειρ,</span> <span class='ocrx_word' id='word_1_834' title='bbox 2464 5283 2485 5311; x_wconf 73' lang='grc' dir='ltr'><em>α</em></span> <span class='ocrx_word' id='word_1_835' title='bbox 2521 5280 2768 5334; x_wconf 64' lang='lat' dir='ltr'>praeesse</span> <span class='ocrx_word' id='word_1_836' title='bbox 2826 5274 2881 5349; x_wconf 72' lang='lat' dir='ltr'>et</span> <span class='ocrx_word' id='word_1_837' title='bbox 2930 5274 3096 5339; x_wconf 88' lang='lat' dir='ltr'>quasi</span> <span class='ocrx_word' id='word_1_838' title='bbox 3132 5274 3440 5349; x_wconf 77' lang='lat' dir='ltr'>praesidere</span> <span class='ocrx_word' id='word_1_839' title='bbox 3493 5279 3615 5331; x_wconf 83' lang='lat' dir='ltr'>suis</span> <span class='ocrx_word' id='word_1_840' title='bbox 3662 5280 3792 5349; x_wconf 84' lang='lat' dir='ltr'>ipse</span> 
     </span>
    </p>
   </div>
   <div class='ocr_carea' id='block_1_119' title="bbox 2143 5340 3783 5421">
    <p class='ocr_par' dir='ltr' id='par_1_119' title="bbox 2143 5340 3783 5421">
     <span class='ocr_line' id='line_1_122' title="bbox 2143 5340 3783 5421; baseline 0.007 -30"><span class='ocrx_word' id='word_1_841' title='bbox 2143 5340 2415 5421; x_wconf 74' lang='lat' dir='ltr'>manibus</span> <span class='ocrx_word' id='word_1_842' title='bbox 2446 5351 2736 5421; x_wconf 48' lang='lat' dir='ltr'>ptignans.</span> <span class='ocrx_word' id='word_1_843' title='bbox 2776 5362 2795 5387; x_wconf 78' lang='grc' dir='ltr'>ιι</span> <span class='ocrx_word' id='word_1_844' title='bbox 2836 5340 3037 5421; x_wconf 56' lang='lat' dir='ltr'>Begg.,</span> <span class='ocrx_word' id='word_1_845' title='bbox 3081 5340 3223 5410; x_wconf 43' lang='lat' dir='ltr'>a,_b,</span> <span class='ocrx_word' id='word_1_846' title='bbox 3253 5346 3291 5415; x_wconf 86' lang='lat'>1,</span> <span class='ocrx_word' id='word_1_847' title='bbox 3324 5365 3377 5419; x_wconf 66' lang='grc' dir='ltr'>γ,</span> <span class='ocrx_word' id='word_1_848' title='bbox 3410 5340 3783 5421; x_wconf 69' lang='grc' dir='ltr'>προκαθῆσθαι</span> 
     </span>
    </p>
   </div>
   <div class='ocr_carea' id='block_1_120' title="bbox 2146 5406 3162 5493">
    <p class='ocr_par' dir='ltr' id='par_1_120' title="bbox 2146 5406 3162 5493">
     <span class='ocr_line' id='line_1_123' title="bbox 2146 5406 3162 5493; baseline 0.003 -31"><span class='ocrx_word' id='word_1_849' title='bbox 2146 5407 2458 5493; x_wconf 44' lang='grc' dir='ltr'>αὐτόχεέκιιξ</span> <span class='ocrx_word' id='word_1_850' title='bbox 2492 5406 2630 5487; x_wconf 71' lang='lat' dir='ltr'>Reg.</span> <span class='ocrx_word' id='word_1_851' title='bbox 2662 5410 2784 5493; x_wconf 55' lang='lat' dir='ltr'>hin,</span> <span class='ocrx_word' id='word_1_852' title='bbox 2820 5406 3162 5485; x_wconf 53' lang='grc' dir='ltr'>αὐτόὶειροξ..</span> 
     </span>
    </p>
   </div>
   <div class='ocr_carea' id='block_1_121' title="bbox 2143 5480 3785 5605">
    <p class='ocr_par' dir='ltr' id='par_1_121' title="bbox 2143 5480 3785 5605">
     <span class='ocr_line' id='line_1_124' title="bbox 2143 5480 3785 5605; baseline 0.007 -70"><span class='ocrx_word' id='word_1_853' title='bbox 2143 5480 2625 5605; x_wconf 33' lang='grc' dir='ltr'>Ρϐξιφπῐὲὲξςτὲιῖμ</span> <span class='ocrx_word' id='word_1_854' title='bbox 2661 5480 2753 5536; x_wconf 91' lang='lat' dir='ltr'>Sic</span> <span class='ocrx_word' id='word_1_855' title='bbox 2785 5499 2885 5537; x_wconf 87' lang='lat' dir='ltr'>sex</span> <span class='ocrx_word' id='word_1_856' title='bbox 2917 5480 3094 5557; x_wconf 73' lang='lat' dir='ltr'>Régg.</span> <span class='ocrx_word' id='word_1_857' title='bbox 3131 5493 3248 5557; x_wconf 87' lang='lat' dir='ltr'>0r.,</span> <span class='ocrx_word' id='word_1_858' title='bbox 3286 5492 3333 5558; x_wconf 91' lang='grc'>1,</span> <span class='ocrx_word' id='word_1_859' title='bbox 3369 5496 3477 5547; x_wconf 87' lang='lat' dir='ltr'>etc.</span> <span class='ocrx_word' id='word_1_860' title='bbox 3511 5492 3620 5548; x_wconf 90' lang='lat' dir='ltr'>Alii</span> <span class='ocrx_word' id='word_1_861' title='bbox 3654 5508 3785 5547; x_wconf 88' lang='lat' dir='ltr'>cum</span> 
     </span>
    </p>
   </div>
   <div class='ocr_carea' id='block_1_122' title="bbox 2190 5568 2578 5615">
    <p class='ocr_par' dir='ltr' id='par_1_122' title="bbox 2190 5568 2578 5615">
     <span class='ocr_line' id='line_1_125' title="bbox 2190 5568 2578 5615; baseline -0.005 -10"><span class='ocrx_word' id='word_1_862' title='bbox 2190 5569 2300 5615; x_wconf 84' lang='lat' dir='ltr'>ar.,</span> <span class='ocrx_word' id='word_1_863' title='bbox 2332 5569 2466 5615; x_wconf 83' lang='grc' dir='ltr'>προς</span> <span class='ocrx_word' id='word_1_864' title='bbox 2494 5568 2578 5603; x_wconf 85' lang='grc' dir='ltr'>το.</span> 
     </span>
    </p>
   </div>
   <div class='ocr_carea' id='block_1_123' title="bbox 2189 5569 3788 5769">
    <p class='ocr_par' dir='ltr' id='par_1_123' title="bbox 2189 5569 3788 5769">
     <span class='ocr_line' id='line_1_126' title="bbox 2189 5569 3788 5749; baseline 0.012 -75"><span class='ocrx_word' id='word_1_865' title='bbox 2189 5569 2800 5749; x_wconf 46' lang='grc' dir='ltr'>ῗὲςὲ)ἵπὲῦδαδῗάζεσθαι.</span> <span class='ocrx_word' id='word_1_866' title='bbox 2833 5625 3011 5701; x_wconf 84' lang='lat' dir='ltr'>Regg.</span> <span class='ocrx_word' id='word_1_867' title='bbox 3044 5628 3083 5699; x_wconf 93' lang='lat' dir='ltr'>l,</span> <span class='ocrx_word' id='word_1_868' title='bbox 3114 5646 3171 5686; x_wconf 91' lang='lat' dir='ltr'>u.</span> <span class='ocrx_word' id='word_1_869' title='bbox 3206 5630 3397 5701; x_wconf 89' lang='lat' dir='ltr'>Herv.,</span> <span class='ocrx_word' id='word_1_870' title='bbox 3430 5635 3589 5710; x_wconf 80' lang='lat' dir='ltr'>Ald.,</span> <span class='ocrx_word' id='word_1_871' title='bbox 3631 5636 3788 5694; x_wconf 81' lang='lat' dir='ltr'>Oxon</span> 
     </span>
     <span class='ocr_line' id='line_1_127' title="bbox 2189 5693 2543 5769; baseline 0.006 -21"><span class='ocrx_word' id='word_1_872' title='bbox 2189 5717 2210 5753; x_wconf 62' lang='grc' dir='ltr'><em>θ</em></span> <span class='ocrx_word' id='word_1_873' title='bbox 2248 5714 2279 5749; x_wconf 89' lang='grc' dir='ltr'>α</span> <span class='ocrx_word' id='word_1_874' title='bbox 2323 5693 2543 5769; x_wconf 79' lang='grc' dir='ltr'>.ζεσθαι.</span> 
     </span>
    </p>
   </div>
   <div class='ocr_carea' id='block_1_124' title="bbox 2146 5711 2543 5753">
    <p class='ocr_par' dir='ltr' id='par_1_124' title="bbox 2146 5711 2543 5753">
     <span class='ocr_line' id='line_1_128' title="bbox 2146 5711 2543 5753; baseline -0.01 -3"><span class='ocrx_word' id='word_1_875' title='bbox 2146 5711 2543 5753; x_wconf 63' lang='grc' dir='ltr'>αυυαοιιεσυαι.</span> 
     </span>
    </p>
   </div>
  </div>
