4148 6290
332 354 443 422 581

1326 348 1614 414 ORATIO
1656 339 1764 411 lV.
1797 382 1875 394 —
1904 341 2216 410 CONTRA
2262 345 2658 413 JULIANUM
2710 345 2757 411 1.

3630 353 3752 419 582

330 491 580 556 πνέηται.
613 485 712 541 Καὶ
740 487 903 539 τοῦτο
933 482 1035 538 οὐκ
1063 481 1122 537 ἐκ
1146 485 1254 537 τῶν
1283 480 1570 555 λογισμῶν
1613 479 1827 553 εὕρισκε
1875 480 1987 551 (30)
2019 515 2031 548 λ

2152 498 2158 534 ;
2186 481 2451 553 generosi
2485 482 2689 549 animi,
2720 483 2792 554 ei,
2826 483 2927 555 qui
2957 480 3077 538 vim
3095 481 3298 540 afferre
3328 490 3514 556 parat,
3546 494 3751 547 contu-

337 580 518 654 μόνον,
568 575 716 630 ἀλλὰ
762 574 851 628 καὶ
899 578 1015 634 τοῖς
1066 565 1407 647 προλαϐοῦσι
1445 567 1726 643 διωγμοῖς
1761 568 1879 643 εἶχε
1908 588 1991 641 γι-

335 670 577 723 νώσκειν.
618 664 670 719 οἳ
699 661 1027 736 τιμιώτεόον
1059 661 1148 714 τὸν
1200 659 1619 734 Χριστιανισμὸν
1665 659 1994 726 πεποιήκασι

339 764 526 813 θᾶττον
579 755 615 824 ἦ
674 751 1072 826 ἀσθενέστερον,
1153 748 1423 824 ῥώσαντες
1495 749 1591 808 τὰς
1665 747 1844 820 ψυχὰς
1921 745 1996 808 εἲς

341 841 639 915 εὐσέϐειαν,
695 841 783 897 καὶ
845 839 1025 914 ὣσπερ
1085 835 1306 911 σίδηρον
1385 835 1584 910 θερμὸν
1645 832 1821 902 ὕδατι,
1879 839 1998 896 τοῖς

342 933 610 996 κινδύνοις
644 931 1046 1004 στομώσαντες.
1078 927 1137 981 Εἰ
1188 924 1245 981 δὲ
1298 925 1432 998 μετὰ
1476 927 1574 993 τῆς
1606 923 1806 999 τέχνης
1840 943 1999 998 στρα-

343 1026 566 1092 τεύσειε,
615 1021 706 1076 καὶ
759 1024 840 1091 τῷ
886 1017 1085 1073 πείθειν
1134 1016 1196 1070 τὸ
1245 1017 1358 1088 (31)
1413 1015 1685 1089 βιάζεσθαι
1736 1014 1998 1088 χρώσειεν

340 1115 376 1185 ἢ
407 1114 645 1186 καθάπερ
691 1106 890 1183 χαλκῴ
936 1101 1269 1181 περιϐάλλοι
1319 1105 1432 1177 (32)
1481 1101 1672 1178 δὲλεαρ
1713 1105 1782 1174 τῇ
1809 1121 2002 1177 τυραν-

342 1200 449 1258 νίδι
495 1201 560 1256 τὸ
604 1197 896 1273 προσηνὲς,
945 1195 1109 1273 σοφόν
1158 1215 1220 1249 τε
1268 1192 1440 1254 οὕτως
1483 1190 1541 1245 ἂν
1589 1194 1702 1265 (33)
1753 1189 1867 1264 ’ἁμα
1915 1188 2003 1244 καὶ

348 1289 570 1347 δυνατὸν
601 1287 845 1363 γενέσθαι
877 1285 1023 1357 αὖτῷ
1053 1285 1116 1339 τὸ
1148 1283 1454 1358 ἀγώνισμα.

2104 571 2344 625 maciter
2401 571 2718 639 obsistere;
2754 589 2866 627 non
2919 589 3088 628 secus
3139 590 3206 628 ac
3256 573 3514 645 ﬂamma,
3548 596 3677 650 qua
3724 600 3759 639 a

2105 665 2275 715 vento
2323 661 2624 728 excitatur,
2673 677 2788 731 quo
2836 662 3092 733 amplius
3143 663 3440 735 perﬂatur,
3472 683 3538 722 eo
3587 670 3760 726 vehe-

2107 749 2361 804 mentius
2393 749 2749 804 accenditur.
2785 750 2966 820 quue
3019 767 3132 806 non
3185 752 3535 824 cogitatione
3566 757 3760 817 solum

2110 837 2456 908 reperiebat,
2482 839 2582 892 sed
2609 855 2678 893 ex
2707 838 2972 909 pristinis
2997 857 3230 911 quoque
3257 846 3762 913 persccutionibus

2111 943 2459 997 cognoscere
2505 932 2752 997 poterat,
2795 943 2921 999 qua
2975 928 3366 986 Christianam
3415 932 3761 1006 religionem

2113 1013 2307 1087 potius
2356 1014 2741 1084 illustrarant,
2775 1032 2950 1088 quam
2983 1017 3376 1088 debilitarent,
3410 1021 3639 1080 animas
3671 1025 3762 1080 ni-

2113 1103 2328 1158 mirum
2353 1103 2424 1159 ad
2449 1103 2721 1175 pietatem
2747 1105 3105 1177 roborantes,
3121 1124 3187 1162 ac
3209 1109 3506 1181 periculis,
3525 1116 3592 1168 ut
3611 1130 3764 1184 aqua

2115 1193 2374 1248 candens
2415 1192 2654 1261 ferrum,
2678 1194 3052 1251 obdurantes.
3081 1197 3154 1251 At
3201 1197 3250 1252 si
3300 1198 3507 1256 callide
3537 1206 3594 1257 et
3624 1203 3763 1259 arti-

2116 1281 2317 1336 ﬁciose
2359 1279 2582 1336 bellum
2613 1287 2858 1353 gereret,
2892 1299 2958 1338 ac
2987 1283 3104 1339 vim
3154 1287 3531 1357 persuasione
3557 1292 3763 1349 verbo-

351 1395 601 1452 rumque
629 1375 929 1433 blanditiis
961 1374 1230 1440 illincret,
1266 1377 1368 1427 aut
1400 1369 1696 1442 tyrannidi
1727 1369 2098 1425 clementiam
2130 1376 2414 1442 tanquam
2457 1369 2632 1426 hamo
2677 1387 2872 1426 escam
2903 1374 3388 1445 circumponeret,
3422 1378 3502 1434 ita
3527 1379 3766 1437 demum

350 1487 468 1528 non
501 1467 693 1525 solum
729 1465 1106 1538 prudentem,
1139 1463 1241 1518 sed
1270 1460 1519 1516 validam
1552 1475 1778 1530 quoque
1809 1459 1919 1514 sibi
1951 1458 2442 1515 concertationem
2475 1459 2615 1514 fore.

425 1557 558 1614 NH'.
596 1553 696 1609 Καὶ
745 1553 849 1628 γάρ
897 1552 1034 1627 πρὸς
1083 1554 1202 1612 τοῖς
1253 1545 1446 1609 ἄλλοις
1484 1546 1701 1616 καὶτῆς
1732 1551 1839 1601 τῶν
1871 1565 2010 1620 μαρ-

353 1645 532 1722 τύρων
577 1648 747 1715 τιμῆς
797 1640 1008 1718 ἐφθόνει
1052 1644 1169 1700 τοῖς
1227 1635 1490 1705 ἀθληταῖς
1517 1655 1530 1667 ⁸
1581 1635 1670 1690 καὶ
1716 1632 1804 1689 διὰ
1847 1632 2009 1689 τοῦτο

365 1721 676 1810 μήχανᾶται
726 1729 886 1791 αὐτὸς
942 1729 1034 1801 μὶν
1086 1727 1175 1782 καὶ
1229 1725 1524 1802 βιάζεσθαι,
1572 1723 1660 1778 καί
1697 1725 1771 1797 μὴ
1809 1721 2011 1792 δοκεῖν,

2193 1548 2383 1605 LVIII.
2417 1548 2646 1604 Etenim
2670 1552 2734 1603 ut
2763 1548 2898 1620 alia,
2921 1549 3004 1606 ita
3032 1567 3167 1606 eum
3192 1570 3441 1626 quoque,
3469 1573 3580 1626 quo
3611 1575 3767 1616 mar.

2120 1641 2278 1709 tyres
2308 1637 2462 1693 afﬁci
2512 1636 2716 1703 solent,
2752 1637 3031 1696 honorem
3083 1641 3320 1700 athletis
3352 1647 3507 1702 104
3543 1647 3767 1705 invide-

2121 1727 2244 1781 bat.
2277 1727 2356 1781 Ac
2386 1726 2631 1797 proinde
2661 1727 2719 1782 id
2751 1727 3012 1795 molitur,
3049 1734 3114 1785 ut
3145 1729 3270 1802 ipse
3301 1734 3537 1804 quidem
3571 1741 3627 1791 et
3654 1738 3771 1793 vim

361 1806 508 1895 ἧμας
565 1818 622 1877 δὲ
668 1820 759 1874 καὶ
812 1819 1067 1893 πάσχειν,
1126 1815 1216 1870 καὶ
1269 1814 1345 1886 μὴ
1384 1815 1552 1887 τιμὴν
1597 1809 1739 1888 ἔχειν
1775 1815 1886 1886 (34)
1945 1813 2017 1873 ὡς

2152 1815 2348 1884 ια’θιοειῐ,
2393 1819 2450 1870 et
2494 1815 2727 1871 interim
2758 1818 2962 1872 afferre
2993 1835 3109 1873 non
3140 1821 3434 1891 videatur;
3488 1842 3592 1881 nos
3641 1843 3776 1884 con-

365 1913 498 1987 ὑπὲρ
538 1912 770 1984 Χριστοῦ
801 1906 1134 1981 πάσχοντας.
1177 1908 1244 1957 Ὤ
1289 1907 1388 1972 τῆς
1449 1901 1727 1973 εὖηθείαςῐ
1789 1905 2008 1975 Πρῶτον

368 2003 464 2076 μὶν
524 1999 572 2054 εἴ
631 1997 905 2062 λανθάνειν
967 1993 1211 2068 ἐνόμισεν
1274 1992 1404 2064 ὑπὲρ
1452 1991 1598 2052 τίνος
1643 1992 1696 2044 οἱ
1751 1988 2012 2060 κίνδυνοι,

363 2091 454 2146 καὶ
485 2085 844 2164 συγκαλύψειν
875 2086 974 2154 τὴν
1015 2082 1272 2154 ἀλήθειαν
1321 2086 1438 2143 τοῖς
1489 2080 1838 2158 σοφίσμασιν,
1889 2079 2017 2134 ἀλλ’

364 2178 474 2254 οὐχ
516 2176 629 2249 ὅσῳ
670 2177 806 2230 κατά
850 2178 957 2228 τῶν
1001 2176 1175 2245 τιμῶν
1227 2169 1454 2232 ἐπενόει,
1503 2189 1748 2240 τοσουτῳ
1801 2168 2013 2241 μείζους

365 2267 526 2328 αὐτὰς
555 2266 802 2335 ποιήσειν
834 2262 922 2317 καὶ
956 2260 1360 2335 λαμπροτέρας.

2123 1908 2214 1959 tra
2241 1909 2299 1959 et
2329 1904 2617 1975 supplicia
2646 1907 3031 1977 perferamus,
3064 1913 3121 1963 et
3158 1925 3222 1964 eo
3263 1910 3497 1968 interim
3529 1915 3772 1989 honore,

2125 1991 2226 2064 qui
2274 2008 2378 2063 pro
2409 1991 2623 2047 Christi
2679 1993 2914 2049 nomine
2945 1995 3300 2066 patientibus
3349 1999 3549 2057 haberi
3601 2005 3777 2078 solet,

2126 2097 2450 2136 careamus.
2484 2081 2528 2136 Ο
2559 2081 2918 2153 singularem
2967 2083 3226 2142 hominis
3257 2088 3609 2147 stultitiam!
3654 2094 3775 2150 Pri-

2127 2186 2290 2226 mum
2323 2169 2372 2224 si
2403 2170 2572 2238 cujus
2601 2186 2780 2226 causa
2810 2172 3066 2242 pericula
3098 2191 3132 2228 a
3163 2175 3330 2231 nobis
3361 2180 3664 2236 adirentur
3691 2181 3777 2238 la-

2127 2262 2247 2313 tere
2275 2256 2666 2329 existimabat,
2701 2259 3110 2333 facturamque
3136 2280 3201 2318 se
3241 2267 3506 2337 putabat,
3540 2274 3604 2325 ut
3633 2272 3778 2327 arti-

371 2360 484 2415 bus
515 2357 639 2414 suis
670 2352 1189 2424 callidissimisque
1219 2350 1479 2406 consiliis
1509 2349 1808 2404 veritatem
1839 2349 2154 2419 obtegeret,
2187 2363 2254 2402 ac
2285 2364 2397 2403 non
2447 2348 2663 2419 potius,
2695 2365 2810 2420 quo
2843 2349 3014 2421 plura
3041 2353 3322 2412 adversus
3374 2358 3619 2416 honores
3650 2362 3782 2421 ίιιο,

376 2445 942 2508 comminisceretur,
974 2440 1083 2495 hoc
1115 2455 1213 2494 cos
1244 2439 1494 2508 majores
1523 2436 1915 2507 clarioresque
1942 2435 2228 2491 redderet.

455 2533 576 2590 NG'.
637 2529 892 2603 Δεύτερον
953 2527 1027 2596 δὲ,
1091 2527 1136 2581 εἷ
1187 2524 1344 2599 δόξης
1393 2524 1651 2597 ἐπιθυμίᾳ
1710 2522 2029 2578 κινδυνεῦειν

387 2625 554 2695 ἡμᾶς,
613 2618 759 2674 ἀλλὰ
821 2619 896 2691 μή
943 2624 1044 2686 τῆς
1092 2614 1367 2686 ἀληθείας,
1417 2608 1687 2668 ὑπέλαϐε·
1737 2617 1903 2666 ταῦτα
1938 2613 2030 2683 μὶν

393 2710 728 2780 παιζέτωσαν
955 2706 1080 2781 παρ’
1139 2703 1360 2765 ἐκείνοις
1433 2699 1822 2776 Ἐμπεδοκλεῖς
1899 2703 2035 2774 (36),

395 2800 484 2854 καὶ
514 2800 832 2874 Ἀρισταῖοι,
890 2794 978 2849 καὶ
1031 2789 1424 2866 Ἐμπεδότιμοί
1471 2812 1632 2860 τινες,
1689 2790 1778 2844 καὶ
1810 2790 2038 2865 Τροφώ-

391 2907 522 2960 νιοι,
551 2885 641 2940 καὶ
670 2883 931 2940 τοιούτων
985 2879 1263 2955 δυστυχῶν
1317 2879 1544 2956 ἀριθμός
1570 2900 1583 2912 ’
1618 2881 1690 2933 ὢν
1727 2881 1753 2934 ὁ
1793 2879 1884 2952 μὲν
1924 2883 2039 2939 τοῖς

2213 2524 2356 2580 LIX.
2381 2523 2617 2594 Deinde,
2641 2525 2691 2581 si
2717 2525 2909 2599 gloria
2931 2529 3270 2601 cupiditate,
3295 2550 3360 2589 ac
3385 2551 3499 2592 non
3521 2539 3786 2598 veritatis

2143 2613 2339 2669 studio
2369 2623 2422 2668 et
2450 2630 2649 2670 amore
2695 2633 2803 2671 nos
2852 2617 3110 2687 pericula
3155 2622 3316 2678 adire
3362 2625 3782 2687 existimabat:

2145 2703 2436 2792 haereane
2459 2704 2613 2792 apud
2642 2703 2774 2760 illos
2805 2707 3014 2762 ludant
3041 2708 3441 2781 Empedocles,
3464 2721 3521 2770 et
3539 2717 3788 2792 Arislai,

2147 2795 2204 2845 et
2248 2790 2636 2863 Empedotimi
2682 2793 2942 2864 quidam,
2976 2812 3041 2850 ac
3087 2797 3422 2870 Trophonii,
3457 2808 3630 2876 atque
3678 2790 3789 2862 hu-

2140 2879 2404 2950 jusmodi
2453 2879 2802 2936 miserorum
2853 2882 3156 2941 hominum
3207 2888 3440 2946 chorus.
3469 2893 3545 2948 Ex
3574 2895 3792 2965 quibus

394 2973 704 3036 Σικελικοῖς
731 2979 1024 3048 κρατῆρσιν
1081 2970 1265 3024 ἑαυτὸν
1327 2970 1549 3034 θεώσας,
1609 2969 1682 3029 ὡς
1742 2966 1902 3040 ᾢετο,
1949 2966 2031 3021 καῖ

2152 2967 2269 3033 ille,
2297 2985 2431 3022 cum
2464 2985 2566 3039 per
2603 2969 2799 3025 Sicula
2847 2972 3132 3028 foramina
3164 2977 3550 3051 divinitatem,
3587 2958 3648 3038 ut
3677 2984 3791 3040 sibi

394 3061 472 3125 εἷς
513 3063 612 3131 τὴν
661 3061 932 3137 κρείττονα
986 3058 1140 3129 λῆξιν
1191 3059 1279 3136 ἀφ’
1327 3061 1486 3130 ἡμῶν
1697 3057 2036 3130 ἀναπέμψας,

390 3155 473 3223 τῷ
505 3147 752 3228 φιλτάτῳ
799 3146 1050 3220 σανδάλῳ
1105 3147 1450 3220 κατεμηνύθη
1511 3148 1655 3222 παρά
1702 3150 1799 3200 τοῦ
1869 3144 2038 3220 πυρὸς

390 3237 733 3314 ἐκορασθὲντι
769 3257 780 3269 ·
831 3235 921 3292 καὶ
966 3236 1027 3290 οὐ
1081 3237 1198 3298 θεὸς
1249 3233 1466 3310 ἐδείχθη
1687 3236 1801 3306 μετ’
1832 3232 2039 3308 ἄνθρω-

392 3350 492 3384 πον
524 3330 658 3402 (39),
708 3323 834 3383 ἀλλ’
882 3327 1163 3402 ἄνθρωπος
1218 3322 1520 3395 κενόδοξος,
1565 3323 1652 3378 καὶ
1704 3321 2040 3400 ἀφιλόσοφος

397 3417 532 3492 μετὰ
567 3413 816 3489 θάνατον,
865 3415 954 3469 καὶ
1004 3411 1128 3468 οὐδὲ
1174 3413 1239 3468 τὰ
1274 3414 1430 3468 κοινᾶ
1457 3413 1672 3475 συνετός
1695 3432 1707 3445 ο
1742 3413 1792 3466 o't
1825 3409 1882 3466 δὲ
1914 3407 2041 3466 ἀδύ-

389 3529 507 3570 τοις
537 3508 676 3562 τισῖν
735 3504 955 3567 ἑαυτοὺς
1013 3504 1368 3580 ἐγκρύψαντες
1420 3506 1521 3559 ὑπὸ
1562 3511 1662 3574 τῆς
1692 3503 1857 3572 αὐτῆς
1887 3501 2046 3557 νόσου

393 3597 484 3652 καὶ
544 3593 830 3674 φιλαυτίας
891 3597 1024 3667 (40),
1075 3593 1168 3648 εἶτ’
1216 3593 1576 3670 ἐκεγχθέντες,
1625 3593 1685 3647 οὐ
1721 3591 1934 3665 μᾶλλον
1989 3591 2050 3647 ὲκ

396 3693 496 3756 τῆς
525 3687 737 3755 κλοπῆς
765 3683 1096 3756 ἐτιμήθησαν
1127 3684 1160 3752 ἦ
1191 3682 1249 3737 ἐκ
1273 3687 1371 3738 τοῦ
1427 3684 1502 3756 μὴ
1557 3681 1736 3737 λαθεῖν
1795 3675 2051 3758 καθυϐρί-

401 3787 621 3846 σθησαν.

472 4046 554 4101 Ξ’.
587 4047 926 4117 Χριστιανοῖς
989 4040 1046 4097 δὲ
1101 4040 1254 4112 ἣδιον
1305 4045 1415 4115 (41)
1474 4039 1606 4114 ὑπὲρ
1667 4034 1937 4113 εὐσεϐείας
1991 4039 2053 4093 τὸ

403 4135 657 4208 πάσχειν,
689 4131 785 4186 κᾶν
834 4132 1034 4194 πάντας
1080 4131 1434 4202 λανθάνωσιν,
1484 4131 1518 4198 ἢ
1570 4127 1763 4190 ἄλλοις
1803 4129 1866 4184 τὸ
1898 4125 2054 4182 εὗδο-

403 4223 507 4293 ξεῖν
543 4221 676 4295 μετὰ
702 4228 802 4291 τῆς
831 4216 1071 4282 ἀσεϐείας
1096 4241 1107 4253 ·
1134 4225 1231 4275 τοῦ
1265 4221 1360 4294 μὲν
1401 4220 1504 4294 γάρ
1555 4219 1882 4294 ἀνθρώποις,
1931 4217 2055 4293 ἀρὲ-

2146 3055 2420 3127 opinione
2445 3058 2719 3128 tingebat,
2745 3067 3157 3130 comparasset,
3182 3079 3362 3135 seque
3392 3069 3464 3122 ad
3493 3070 3792 3129 meliorem

2147 3146 2344 3201 sedem
2376 3147 2822 3215 transmisisset,
2854 3148 3200 3206 charissimo
3232 3153 3424 3211 calceo
3463 3155 3618 3230 ignis
3649 3166 3796 3216 astu

2149 3235 2352 3305 ejecto,
2385 3234 2648 3305 proditus
2699 3239 2788 3291 est
2818 3253 2832 3292 :
2866 3240 3040 3308 atque
3079 3239 3160 3295 ita
3190 3259 3302 3297 non
3335 3245 3478 3300 deu
3528 3252 3661 3319 post
3689 3249 3794 3306 ho-

2152 3322 2370 3378 minem
2401 3328 2672 3378 ostensus
2724 3329 2833 3392 est,
2868 3342 3068 3382 verum
3125 3328 3298 3386 homo
3348 3333 3541 3391 inanis
3597 3336 3795 3410 gloria

2155 3410 2456 3467 studiosus
2488 3411 2991 3486 philosophiaque
3019 3422 3152 3489 post
3197 3427 3441 3478 mortem
3473 3441 3700 3497 expers,
3733 3445 3800 3486 ac

2156 3517 2228 3556 ne
2249 3502 2547 3557 communi
2566 3501 2802 3573 quidem
2826 3520 3002 3560 sensu
3026 3509 3322 3577 praditus.
3343 3511 3411 3567 Hi
3434 3518 3648 3582 autem,
3664 3533 3799 3572 cum

2156 3590 2360 3646 eodem
2393 3593 2595 3647 morbo
2625 3592 2940 3664 gloriaque
2969 3611 3165 3652 amore
3185 3599 3395 3667 affecti,
3420 3601 3480 3656 in
3511 3605 3805 3675 penitissi-

2160 3695 2288 3734 mos
2320 3680 2604 3750 quosdam
2634 3684 2804 3736 terra
2835 3699 3099 3739 recessus
3129 3703 3256 3742 sese
3288 3690 3670 3762 abdidissent,
3702 3695 3803 3750 de-

2160 3768 2449 3840 prehensa
2479 3772 2680 3839 postea
2729 3771 2949 3839 fraude,
2985 3789 3100 3828 non
3148 3774 3279 3844 plus
3327 3777 3565 3836 honoris
3594 3796 3663 3836 ex
3695 3782 3805 3838 hu-

2154 3856 2418 3929 jusmodi
2452 3856 2665 3912 furtivo
2695 3874 2927 3914 secessu
2973 3862 3165 3932 adepti
3213 3869 3370 3936 sunt,
3396 3883 3573 3937 quam
3605 3877 3807 3928 contu-

2163 3945 2345 4001 melia
2374 3945 2447 4001 ob
2478 3951 2836 4017 compertam
2869 3947 3154 4004 fraudem.

2237 4033 2349 4090 LX.
2379 4036 2451 4088 At
2480 4033 2826 4090 Christianis
2857 4036 3182 4106 jucundius
3213 4046 3304 4097 est
3351 4043 3582 4114 pietatis
3631 4063 3811 4105 causa

2165 4123 2307 4195 pati,
2339 4123 2568 4178 etiamsi
2601 4140 2774 4178 nemo
2821 4123 2878 4178 id
2930 4126 3251 4184 rescituros
3299 4132 3396 4202 sit,
3429 4151 3605 4205 quam
3656 4136 3808 4206 aliis,

2166 4229 2300 4267 cum
2331 4213 2630 4283 impietate
2658 4211 2880 4280 ﬂorere,
2913 4221 3089 4286 atque
3121 4217 3179 4271 in
3211 4217 3397 4290 gloria
3423 4223 3664 4280 versari.
3700 4225 3812 4281 Ho-

404 4332 547 4366 σχειν
587 4310 792 4386 βραχὺς
823 4311 957 4382 ἡμῖν
996 4311 1022 4363 ὃ
1054 4310 1220 4385 λόγος
1247 4329 1259 4340 ·
1291 4315 1392 4377 τῆς
1425 4305 1482 4362 δὲ
1519 4307 1664 4383 παρὰ
1717 4311 1850 4361 Θεοῦ
1886 4312 2031 4379 τιμῆς

2168 4301 2426 4356 minibus
2452 4302 2668 4374 quippe
2690 4303 2903 4373 pluere,
2926 4321 3130 4374 parum
3156 4307 3473 4366 admodum
3498 4329 3810 4371 curamus:

403 4402 440 4470 ἡ
471 4405 614 4454 πᾶσα
652 4397 864 4476 ἔφεσις·
926 4397 1136 4472 μᾶλλον
1185 4396 1244 4452 δὲ
1290 4397 1378 4452 καὶ
1431 4397 1563 4472 ὑπὲρ
1612 4395 1812 4465 ταύτην
1864 4394 2054 4468 (42),ὁ

407 4508 472 4564 γε
503 4487 723 4557 ἀληθῶς
771 4487 1063 4566 φιλόσοφοι
1111 4487 1200 4542 καὶ
1245 4484 1510 4563 φιλόθεοι,
1561 4485 1660 4553 τὴν
1701 4484 1837 4558 πρὸς
1865 4484 1927 4539 τὸ
1956 4503 2053 4538 κα-

629 4701 874 4778 Είᾷρισκε.
904 4704 1110 4778 Plures
1139 4702 1303 4758 codd.
1338 4697 1584 4771 ηὕρισκε.

507 4771 596 4846 31)
625 4771 1021 4847 Té'Reg._bm.
1049 4778 1147 4845 τῷ.

629 4835 993 4922 Περιϐἇῗλλοι.Δ
1021 4835 1198 4922 ltegg.
1232 4845 1331 4922 bm
1362 4848 1419 4900 et
1446 4842 1487 4910 l,
1520 4835 1831 4916 περιϐάλοι.

509 4921 598 4990 33)
629 4917 746 4975 "Av.
785 4924 952 4975 Deest
982 4917 1210 4990 inlteg.
1243 4917 1364 4990 bm.

485 4983 595 5062 (34)
627 4990 725 5045 Καὶ
761 4991 835 5062 μή
866 4989 1034 5060 τιμὴν
1059 4983 1224 5062 ἔχεῧδ.
1249 4986 1506 5043 Combef.
1531 4985 1614 5062 sic
1636 4983 1822 5039 reddit
1849 5001 1861 5039 :
1885 5005 1909 5062 α
1936 4999 2061 5062 nec,

409 5056 589 5118 velut'
614 5065 715 5134 qui
762 5056 868 5135 pro
899 5056 1127 5117 Christo
1173 5063 1527 5132 pateremur,
1559 5056 1840 5112 honorem
1889 5056 2063 5112 habe-

415 5149 639 5190 remus.
664 5157 686 5186 ι

451 5207 600 5330 .(3?)
629 5202 992 5272 Παιζέτωσαν.
1049 5202 1178 5258 Bill.
1217 5222 1245 5252 «
1294 5203 1454 5257 velut
1507 5198 1688 5254 animi
1747 5213 1924 5254 causa
1981 5197 2064 5252 fa-

451 5293 545 5330 Ian
584 5319 596 5330 .
625 5298 652 5324 ››

411 5293 596 5332 Οιᾶῐη.
625 5298 652 5324 ³)

485 5349 600 5419 (36)
629 5341 1047 5419 Ἐμπεδοκλεῖς,
1077 5347 1199 5419 etc._
1219 5339 1594 5419 Empedocles
1643 5339 1838 5419 inanis
1867 5337 2065 5419 goria

413 5410 636 5485 studio,
662 5410 727 5474 ut
758 5418 869 5474 sibi
913 5410 1236 5473 divinitatis
1260 5486 1264 5487 ί
1285 5410 1636 5487 opinionem,
1667 5410 1833 5487 quasi
1865 5410 1924 5465 in
1955 5427 2067 5464 ca-

412 5493 540 5546 lum
583 5484 836 5563 raptus,
881 5489 1199 5563 colligeret,
1230 5484 1663 5563 _in'_arde‘ntem
1720 5484 1950 5539 IEtnam
2007 5497 2070 5537 se

421 5556 780 5638 pracipitem
811 5560 990 5618 dedit.
1025 5556 1120 5616 Sic
1150 5557 1308 5615 enim
1340 5556 1536 5612 Horat.
1567 5557 1694 5611 Arte
1720 5563 1864 5629 poet.
1891 5572 1910 5612 :

985 5709 1127 5761 Deus
1157 5699 1486 5760 immortali:
1515 5697 1718 5756 haberi

2167 4393 2223 4446 id
2256 4408 2440 4445 unum
2472 4397 2824 4462 eXpetentes,
2863 4400 2924 4446 ut
2965 4394 3241 4451 honorem
3274 4417 3308 4453 a
3339 4399 3452 4455 Deo
3483 4418 3818 4476 consequa-

2167 4499 2356 4538 mur:
2405 4481 2522 4536 imo
2579 4480 2895 4536 sublimius
2954 4485 3129 4539 etiam
3192 4490 3684 4565 assurgimus(de
3739 4494 3814 4551 iis

2242 4698 2563 4822 ῗιέῃίῗιιρῖι
2601 4696 2961 4767 Empedocles,
2995 4700 3284 4758 ardentem
3326 4703 3568 4776 [rigidus
3596 4708 3817 4764 rEmam

2267 4785 2297 4820 η
2436 4812 2450 4822 .
2483 4784 2512 4822 e
2547 4784 2594 4821 c.

2267 4784 2450 4836 nszm,
2483 4784 2594 4822 etc.

2171 4907 2566 4990 Trophonius,
2593 4908 3116 4990 Empedotimus_et
3145 4912 3421 4968 Aristaeus
3446 4915 3706 4972 Thebani
3729 4935 3822 4976 va-

2172 4983 2370 5060 tes,_in
2406 4983 2835 5060 subterraneos
2876 4984 3158 5060 quosdam
3211 5002 3420 5054 specus
3470 5005 3531 5043 se
3582 4990 3823 5047 abdide-

2173 5057 2328 5113 runt,
2362 5056 2425 5105 ut
2457 5052 2512 5105 in
2545 5052 2752 5105 calum
2777 5122 2782 5123 γ
2805 5054 2948 5123 rapti
2982 5052 3477 5120 existima—rentur.
3509 5077 3574 5115 ac
3606 5063 3685 5117 dii
3718 5062 3824 5119 hs.-

2175 5125 2484 5188 berentur;
2517 5138 2717 5176 verum
2753 5122 3049 5179 illic'fame
3079 5129 3346 5182 exstincti
3378 5137 3536 5185 sunt.

2176 5266 2211 5320 b
2249 5195 2361 5264 (37)
2393 5193 2511 5269 Ἀφ’
2561 5194 2743 5264 ἡμῶν.
2776 5215 2802 5246 a
2830 5198 2876 5248 A
2927 5197 3114 5266 nobis,
3155 5220 3182 5246 «
3234 5200 3372 5266 sive,
3402 5223 3431 5250 ς(
3475 5220 3508 5257 a
3558 5203 3822 5259 mortali-

2220 5283 2307 5319 us.
2339 5290 2364 5313 ι)

2220 5283 2664 5459 υὲἷξέζέἱίξῗίχθη.
2699 5339 2834 5408 Reg.
2879 5336 2918 5406 1,
2951 5343 3006 5392 et
3055 5338 3232 5395 Mont.
3268 5341 3324 5395 in
3356 5358 3456 5396 ora
3503 5362 3591 5416 γρ.
3644 5342 3826 5420 ὤφθη,

2180 5431 2207 5459 ‹‹
2242 5423 2531 5477 apparutt.
2563 5430 2588 5455 η

2252 5480 2363 5550 (39)
2393 5477 2518 5551 Μετ’
2551 5475 2856 5551 ἄνθρωπον.
2889 5499 2911 5526 ι
2945 5481 3088 5536 Cum
3131 5480 3429 5540 hominem
3460 5488 3736 5544 exuisset.
3764 5509 3794 5540 »

2252 5546 2359 5622 (40)
2395 5546 2710 5622 φιλαυτίας.
2745 5572 2764 5598 ι
2800 5551 2958 5606 Caco
2990 5552 3079 5606 sui
3115 5570 3385 5622 amore.»

2395 5615 2612 5705 11:18‘tov.
2666 5622 2945 5705 ’Nonnull‘i
2996 5625 3163 5705 codd.
3199 5621 3358 5705 ἴδιον,
3396 5651 3423 5678 ‹‹
3458 5631 3775 5701 proprium.
3805 5655 3833 5684 »

2254 5693 2365 5768 (42)
2397 5691 2552 5768 ’Υπὲρ
2583 5691 2802 5765 ταύτην.
2838 5694 2966 5751 Ald.
3001 5701 3057 5754 et
3087 5695 3281 5768 Herv.,
3316 5691 3698 5778 ὑπερπαότης.
