4148 6290
394 364 513 428 583

1636 362 1702 423 S.
1750 360 2120 424 GREGORII
2171 357 2568 425 THEOLOGI

3692 359 3811 428 584

391 498 618 570 loquor,
652 496 751 569 qui
801 511 933 552 vere
990 488 1342 568 philosophi,
1373 505 1626 566 Veroque
1682 495 1782 549 Dei
1842 511 2034 551 amore

2154 491 2248 548 λὸν
2283 496 2394 567 (43)
2425 494 2693 550 οἱκείωσιν
2727 495 3035 570 ἀγαπῶντες
3087 493 3157 551 δι’
3198 498 3327 553 αὐτὸ
3374 500 3436 553 τὸ
3493 496 3682 570 καλὸν,
3743 499 3805 554 οὐ

394 586 622 661 praediti
671 587 830 652 sunt)
865 603 877 639 :
911 585 1127 657 quippe
1158 585 1255 655 qui
1290 584 1438 639 bono
1485 583 1764 655 conjungi
1810 588 2048 655 propter

391 675 584 748 ipsum
609 675 825 728 bonum
850 679 1218 745 excptamus,
1245 690 1360 728 non
1388 676 1580 728 autem
1609 675 1846 743 propter
1868 671 2046 726 hono-

330 801 336 806 -
392 780 484 819 res
524 765 584 818 in
635 762 813 818 altero
845 779 960 816 aavo
989 762 1339 816 reconditos.
1378 762 1682 816 Secundus
1736 761 1891 816 enim
1952 762 2045 816 hic

389 852 770 908 honestorum
816 855 870 907 et
917 850 1301 905 laudabilium
1339 850 1592 905 virorum
1654 851 1872 922 gradus
1933 855 2042 916 est,

390 941 576 1013 pretio
608 957 672 995 ac
711 940 973 994 mercede
1023 939 1243 1009 aliquid
1279 941 1493 1006 facere;
1546 939 2042 1010 quemadmodum

389 1030 449 1084 in
481 1029 651 1084 tertia
701 1029 886 1083 classe
920 1027 1234 1083 collocandi
1270 1033 1430 1097 sunt,
1466 1028 1562 1100 qui
1601 1045 1782 1099 poenae
1817 1032 1978 1082 metu
2011 1045 2044 1082 a

2157 584 2249 644 τὰς
2307 583 2662 657 ἀποκειμένας
2714 585 2948 640 ἐντεῦθεν
3007 588 3210 658 τιμάς·
3271 585 3490 663 δευτέρα
3533 587 3634 663 γὰρ
3667 588 3801 658 αὕτη

2153 671 2300 742 τάξις
2331 677 2437 727 τῶν
2468 673 2779 746 ἐπαινετῶν,
2809 674 2872 728 τὸ
2907 680 3101 747 μισθοῦ
3131 697 3181 730 τι
3225 676 3475 750 πράττειν
3537 679 3648 748 (44)
3714 678 3808 732 καὶ

2157 759 2226 815 δι’
2257 760 2548 816 ἀντίδοσιν·
2592 761 2770 839 ὥσπερ
2800 764 2955 839 τρίτη
2987 769 3065 836 τῷ
3096 760 3250 842 φόϐῳ
3285 763 3564 827 κολάσεως
3597 767 3811 844 φεύγειν

2153 851 2252 917 τὴν
2299 851 2631 926 μοχθηρίαν.
2689 853 2763 907 Τὰ
2823 853 2915 926 μὲν
2975 854 3065 908 οὖν
3132 853 3372 927 ἡμέτερα
3426 859 3649 910 τοιαῦτα
3718 855 3809 910 καὶ

2158 935 2332 1001 οὕτως
2363 935 2560 1014 ἔχοντα
2584 961 2596 974 ο
2655 942 2744 995 καὶ
2794 939 2976 1018 ῥᾴδιον
3026 948 3186 998 τοῦτο
3218 943 3278 998 ἐκ
3306 941 3574 999 πλειόνων
3605 943 3808 1000 ἐπιδεῖ-

2157 1027 2239 1097 ξαι
2263 1033 2379 1089 τοῖς
2417 1028 2796 1102 βουλομένοις.

389 1117 604 1174 scelere
634 1120 690 1173 et
720 1115 1004 1171 maleﬁcio
1036 1117 1420 1172 deterrentur.
1454 1118 1532 1170 Ac
1565 1121 1776 1172 nostris
1827 1117 2062 1188 quidem
2099 1133 2190 1173 res
2222 1119 2292 1172 ad
2327 1119 2485 1175 hunc
2537 1121 2778 1178 modum
2809 1138 2872 1178 se
2901 1121 3152 1192 habent;
3185 1123 3361 1196 idque
3391 1128 3724 1198 promptum
3759 1140 3817 1192 et

385 1207 639 1278 proclive
669 1210 758 1261 est
787 1205 1058 1278 pluribus
1089 1206 1454 1277 argumentis
1488 1206 1912 1273 demonstrare,
1948 1205 1997 1259 si
2029 1207 2122 1261 cui
2155 1207 2234 1262 ita
2265 1207 2616 1266 collibuerit.

455 1313 593 1368 LXI.
631 1313 729 1368 llic
761 1330 894 1368 vero
927 1313 1166 1384 perinde
1198 1329 1263 1368 ac
1295 1313 1346 1367 si
1369 1312 1736 1368 Christianos
1769 1313 1917 1369 105
1956 1312 2040 1366 in-

385 1402 540 1475 signi
589 1402 846 1475 quodam
897 1400 1117 1456 honore
1167 1400 1526 1472 spoliaturus
1575 1405 1730 1456 esset
1759 1401 2042 1471 (plerique

389 1492 545 1548 enim
577 1491 844 1546 homines
867 1489 1010 1546 alios
1034 1491 1339 1546 affectibus
1365 1491 1489 1546 suis
1521 1490 1885 1562 metiuntur),
1911 1493 2042 1545 ante

391 1581 504 1638 alia
526 1580 768 1654 gloriam
792 1584 1051 1635 nostram
1077 1579 1451 1650 nominisque
1473 1579 1860 1635 celebritatem
1895 1579 2042 1634 inse-

393 1675 602 1726 ctatur.
625 1669 741 1725 Nec
761 1685 893 1724 vero
925 1673 1162 1724 strenuo
1185 1685 1248 1723 ac
1270 1685 1550 1740 generoso
1575 1668 1794 1734 animo,
1823 1674 1886 1723 ut
1908 1668 2041 1724 aliis

386 1757 860 1832 persecutoribus
880 1757 1059 1812 moris
1077 1763 1219 1827 erat,
1235 1757 1592 1828 impietatem
1611 1758 1797 1812 edicto
1818 1757 2040 1829 proﬁte-

2221 1316 2347 1369 ΞΑ¹.
2383 1314 2438 1366 Ὀ
2481 1311 2556 1386 δὲ,
2591 1315 2666 1377 ὡς
2700 1315 2951 1392 μεγάλης
2979 1324 3151 1390 τιμῆς
3175 1318 3561 1394 ἀποστερήσειν
3589 1317 3810 1392 μέλλων

2153 1402 2514 1476 Χριστιανοὺς
2564 1404 2823 1480 (κρίνουσι
2871 1406 2971 1481 γὰρ
3036 1408 3087 1460 οἱ
3140 1405 3344 1462 πολλοὶ
3381 1408 3448 1462 τὰ
3476 1413 3583 1462 τῶν
3620 1407 3808 1464 ἄλλων

2148 1495 2264 1550 τοῖς
2297 1488 2454 1553 ἰδίοις
2483 1494 2714 1562 πάθεσι),
2746 1499 2907 1548 τοῦτο
2941 1492 3123 1550 ’διώκει
3167 1497 3272 1564 πρὸ
3318 1500 3424 1550 τῶν
3471 1495 3655 1552 ἄλλων
3709 1500 3808 1567 τήν

2151 1575 2523 1653 εὐδοκίμησιν.
2586 1582 2682 1636 Καὶ
2741 1581 2866 1637 οὐδὲ
2940 1583 3368 1660 μεγαλοψύχως,
3438 1591 3553 1648 τοῖς
3611 1584 3809 1650 ἄλλοις

2151 1664 2405 1751 διώκταις
2469 1670 2675 1743 ὁμοίως
2735 1674 2866 1743 (45),
2929 1673 3300 1751 ἀπο-γράφεται
3360 1676 3471 1747 (46)
3531 1676 3630 1744 τήν
3684 1675 3808 1730 ἀσὲο

2151 1750 2298 1811 ϐειαν
2326 1775 2336 1786 ·
2374 1754 2508 1831 οὐδ’,
2564 1759 2608 1813 εἰ
2651 1762 2725 1832 μὴ
2783 1761 3104 1835 βασιΛικῶς,
3148 1767 3483 1832 τυραννικῶς
3515 1784 3577 1838 γε
3609 1763 3810 1818 παντά-

387 1851 514 1914 tur;
538 1846 726 1914 nec,si
752 1863 867 1901 non
891 1845 1600 1917 imperatorie,tyrannice
1623 1845 1830 1900 saltem
1861 1846 2034 1900 omni-

2154 1866 2276 1899 πασι
2311 1843 2600 1901 διανοεῖται
2634 1848 2756 1922 περὶ
2801 1851 2984 1921 ἡμῶν,
3033 1847 3108 1902 *ἶν’
3230 1852 3344 1923 (47)
3397 1849 3812 1928 μεγαλοπρεπὲς

392 1951 469 1991 no
491 1935 562 1990 de
585 1934 753 1990 nobis
779 1934 1088 1990 consilium
1112 1934 1253 1991 init:
1282 1940 1343 1988 ut
1363 1934 1592 2006 insigne
1620 1940 1794 2005 atque
1817 1934 2048 1990 honori-

390 2025 569 2080 ﬁcum
603 2023 789 2096 ipsius
822 2023 1013 2079 scelus
1046 2024 1142 2089 sit,
1165 2024 1324 2078 orbis
1355 2023 1566 2095 populo
1599 2024 1712 2079 vim
1747 2024 2038 2092 intulisse,

391 2113 837 2185 doctrinamque
858 2113 1132 2168 omnibus
1155 2113 1435 2167 doctrinis
1466 2113 1820 2184 superiorem
1849 2119 2043 2185 tyran-

393 2202 530 2258 nide
586 2202 948 2274 oppressisse
993 2220 1005 2256 :
1054 2219 1253 2256 verum
1305 2202 1555 2273 turpiter
1611 2203 1927 2257 admodum
1986 2215 2042 2258 et

389 2291 597 2363 ignave
627 2291 901 2363 pietatem
934 2296 1118 2358 vexat,
1155 2291 1450 2362 animique
1486 2291 1720 2346 fraudes
1751 2297 1806 2346 et
1837 2309 2034 2346 versu-

391 2381 506 2436 tias
539 2379 946 2453 persecutioni,
972 2396 1147 2451 quam
1175 2381 1454 2435 adversus
1478 2397 1583 2436 nos
1604 2381 1912 2446 excitabat,
1951 2381 2036 2435 in-

391 2469 575 2524 duxit.
601 2468 880 2533 Quocirca
910 2484 1042 2522 cum
1085 2469 1345 2538 potentia
1391 2470 1448 2522 in
1499 2470 1937 2540 persuasionem
1984 2473 2040 2523 et

391 2558 751 2614 coactionem
783 2556 966 2611 divisa
1011 2556 1106 2624 sit,
1141 2556 1220 2611 ita
1259 2574 1320 2612 se
1359 2558 1732 2628 comparavit,
1768 2563 1831 2612 ut
1881 2559 2036 2628 quod

392 2644 779 2702 inhumanius
819 2648 961 2710 erat,
995 2644 1101 2700 hoc
1141 2649 1247 2710 est,
1279 2645 1394 2699 vim
1430 2651 1486 2700 et
1517 2647 1904 2717 tyrannidem,
1943 2665 2038 2716 po-

391 2734 582 2807 pulari
610 2734 792 2789 turba:
815 2734 1261 2804 civitatibusque
1285 2734 1666 2805 permitteret,
1693 2740 1756 2790 ut
1787 2753 2036 2806 quarum

390 2839 603 2880 vesana
637 2824 881 2878 audacia
913 2827 1146 2895 propter
1175 2824 1516 2878 temerarios
1548 2824 1878 2879 animorum
1913 2843 2034 2880 mo-

391 2917 486 2969 tus
510 2912 952 2984 praecipitesque
975 2913 1045 2966 ad
1069 2913 1266 2967 omnia
1287 2913 1541 2984 impetus
1560 2916 1889 2968 effrenatior
1912 2931 2038 2970 esse

387 3002 684 3058 videretur
708 3018 719 3056 :
743 3000 920 3073 idque
953 3001 1108 3055 baud
1143 3001 1377 3072 publico
1409 3002 1617 3072 edicto,
1644 3019 1840 3057 verum
1873 3019 1941 3057 ex
1969 3020 2034 3058 eo

2155 1933 2300 2007 αὖτῷ
2357 1937 2418 1990 τὸ
2467 1931 2717 2009 ἀσέϐημα
2777 1937 3050 2012 βιάζεσθαι
3282 1938 3411 1995 λαὸν
3461 1939 3813 2013 οἰκουμένης,

2151 2023 2239 2077 καὶ
2271 2032 2597 2100 τυραννῆσαι
2639 2028 2750 2098 (49)
2811 2023 2990 2101 δόγμα
3036 2027 3252 2081 πάντων
3305 2025 3594 2104 δογμάτων
3647 2030 3817 2104 ὑπερ-

2150 2113 2480 2183 ανεστηκός·
2543 2111 2936 2189 δουλιοπρεπῶς
2987 2118 3100 2189 (50)
3151 2114 3208 2171 δὲ
3257 2115 3376 2171 λίαν
3423 2118 3514 2172 καὶ
3575 2119 3804 2194 ἀγεννῶς

2148 2208 2442 2278 κακουργεῖ
2470 2204 2566 2272 τὴν
2601 2199 2893 2272 εὐσέϐειαν,
2923 2205 3011 2258 καὶ
3040 2205 3136 2267 τὰς
3166 2207 3289 2282 περὶ
3336 2207 3462 2268 τοὺς
3499 2205 3812 2283 λογισμοὺς

2148 2290 2361 2353 πλοκὰς
2418 2295 2529 2365 (51)
2585 2295 2674 2347 καὶ
2734 2291 2966 2355 διπλόας
3024 2299 3101 2365 τῷ
3157 2297 3274 2349 καθ’
3339 2298 3498 2368 ἡμῶν
3576 2295 3805 2374 διωγμῷ

2149 2379 2323 2457 φέρων
2385 2379 2731 2456 ἐπεισήγαγε.
2791 2387 3091 2458 Τοιγαροῦν
3143 2384 3217 2445 εἷς
3275 2381 3370 2439 δύο
3414 2389 3578 2440 ταῦτα
3613 2383 3802 2462 διῃρη-

2153 2468 2310 2542 μένου
2339 2474 2436 2524 τοῦ
2492 2475 2702 2546 κρατεῖν
2756 2474 2888 2543 (52),
2940 2473 3001 2526 τὸ
3048 2472 3247 2553 πείθειν
3279 2472 3367 2526 καὶ
3412 2474 3472 2527 τὸ
3504 2473 3798 2549 βιάζεσθαι,

2148 2555 2178 2610 ὅ
2230 2557 2324 2629 μὲν
2380 2558 2447 2626 ἧν
2507 2557 3016 2635 ἀπανθρωπότερον,
3072 2557 3272 2633 δήμοις
3330 2561 3493 2638 ὶφῆκε
3541 2564 3653 2635 (53)
3709 2563 3800 2617 καὶ

2146 2645 2337 2701 πόλεσι
2376 2647 2438 2700 τὸ
2468 2653 2568 2715 τῆς
2600 2645 3012 2722 τυραννίδες,ὦν
3041 2649 3130 2702 καὶ
3167 2647 3378 2721 μᾶλλον
3409 2648 3655 2720 ἄληπτος
3686 2654 3799 2724 (54)

2146 2737 2180 2804 ἡ
2231 2734 2460 2790 ἀπόνοια
2508 2733 2596 2790 διὰ
2649 2737 2748 2805 τήν
2807 2735 3052 2813 ἀλογίαν,
3103 2737 3190 2791 καὶ
3247 2739 3346 2806 τὴν
3403 2739 3794 2813 ἀπερίσκεπτον

2149 2823 2235 2876 ἐπὶ
2288 2822 2457 2877 πάντα
2513 2825 2680 2900 φοράν
2713 2843 2724 2853 ·
2785 2824 2873 2877 καὶ
2927 2828 3086 2878 τοῦτο
3146 2823 3208 2877 οὐ
3256 2822 3632 2898 προστάγματι
3683 2827 3801 2898 (55)

2148 2907 2421 2984 δημοσίῳ,
2482 2915 2558 2982 τῷ
2616 2908 2672 2965 δὲ
2733 2914 2808 2983 μή
2863 2911 3179 2965 ἀνακόπτειν
3226 2913 3319 2974 τὰς
3353 2913 3522 2985 ὁρμὰς
3555 2909 3797 2989 ἄγραφον

2146 3000 2363 3076 προθεὶς
2394 2999 2561 3072 νόμον
2593 2998 2654 3053 td
2692 2997 2976 3074 βούλεσθαι
3011 3002 3146 3074 (56).

391 3090 547 3163 quod
579 3089 864 3161 impetum
899 3089 1321 3161 audaciamque
1354 3090 1594 3146 minime
1627 3092 1998 3162 reprimebat,
2041 3090 2197 3147 velut
2239 3091 2538 3162 proposita
2589 3090 2841 3161 quadam
2873 3089 2998 3162 lege
3059 3107 3172 3145 non
3205 3090 3441 3163 scripta,
3477 3091 3534 3146 id
3568 3107 3630 3147 se
3659 3090 3805 3147 velle

391 3177 799 3251 promulgans.

459 3283 623 3339 LXI].
656 3285 820 3348 Quod
870 3288 1064 3339 autem
1097 3283 1287 3339 lenius
1318 3289 1490 3355 atque
1523 3285 1839 3341 humanius
1889 3291 2029 3354 erat,
2065 3293 2107 3358 ί]

387 3372 694 3444 magisque
714 3371 1124 3443 imperatorem
1152 3374 1411 3441 decebat,
1441 3374 1496 3428 id
1525 3376 1638 3429 sibi
1658 3375 1926 3429 videlicet
1949 3394 2036 3430 as-

385 3461 590 3528 sumit,
617 3478 822 3532 nempe
854 3462 1134 3516 suadendi
1169 3467 1341 3532 atque
1371 3461 1650 3517 illiciendi
1684 3469 1896 3534 partes.
1923 3465 2034 3520 Nec

385 3553 583 3606 tamen
617 3549 674 3604 id
709 3550 944 3620 quidem
976 3567 1394 3622 usquequaque
1428 3552 1684 3607 retinuit.
1712 3553 1835 3607 Non
1874 3555 2031 3608 enim

384 3640 595 3694 natura
625 3638 844 3693 ferebat
874 3642 937 3693 ut
961 3641 1044 3693 vel
1074 3639 1293 3709 pardus
1324 3640 1633 3695 distinctas
1663 3641 2029 3696 macularum

454 3841 567 3914 (43)
593 3841 663 3895 Τὸ
718 3835 965 3897 καλὸν.‹‹
999 3844 1177 3910 Bono,
1213 3866 1239 3892 ››
1292 3861 1406 3898 non
1461 3848 1525 3898 ut
1579 3845 1752 3899 vertit
1811 3845 2030 3914 Billius,

387 3936 416 3964 ‹‹
448 3930 682 3970 summo
714 3916 884 3970 bono.
916 3938 935 3962 υ

452 3985 562 4071 (μ)
623 3984 900 4059 ΙΙράττειν.
972 3986 1065 4040 Sic
1145 3985 1373 4040 codices
1448 3986 1842 4042 communius.
1906 3989 2027 4054 Ed.,

379 4073 658 4128 πρασσειν.

594 4125 844 4201 Ὁμοίως.
880 4132 942 4181 In
976 4128 1248 4201 Montac.,
1271 4147 1356 4201 γρ.
1387 4125 1600 4198 ὅμοιος.

451 4196 565 4269 (46)
597 4196 1014 4272 Ἀπηροὶφεται.
1037 4222 1065 4272 Διι
1126 4196 1322 4252 Edicto
1378 4196 1700 4270 profitetur.
1734 4223 1758 4249 >>
1789 4201 2030 4254 Addidi-

378 4285 515 4394 ἷῑιῖιε
545 4293 573 4318 (ι
604 4270 812 4337 edicto,
838 4270 866 4319 ἡ
899 4270 1054 4341 quod
1099 4272 1337 4340 quidem
1370 4272 1567 4327 Graeca
1599 4274 1867 4326 videntur
1897 4290 2031 4343 pos-

407 4357 441 4394 u
473 4356 589 4394 are.

378 4345 589 4396 tulere.

474 4411 562 4483 47)
593 4410 685 4483 "Ivi
715 4408 773 4483 ᾗ.
795 4411 1097 4483 AReg.bm,
1125 4407 1217 4463 ’ἕνα
1247 4409 1301 4482 ᾖ.

476 4481 567 4551 48)
595 4481 917 4549 Βιάζεσθαιξ
945 4482 1211 4553 Quinque
1258 4481 1468 4555 'Regg”
1518 4490 1635 4541 tres
1687 4485 1871 4552 Colb.,
1909 4483 2026 4558 βιά-

381 4563 592 4614 σασθαι.

449 4625 568 4750 (49ὲ
590 4628 941 4697 Τυραννῆσαι.
979 4625 1044 4680 Sit

379 4712 499 4770 cesi.
516 4768 527 4770 Δ
549 4698 626 4751 λά.
641 4738 654 4762 ,
683 4700 1044 4770 τυραννεῦσαι.

379 4837 392 4852 ⁸
447 4768 558 4839 (50)
615 4766 1034 4850 Δουλοπρεπῶς.
1095 4792 1120 4819 ‹ι
1181 4768 1384 4824 Servili
1457 4771 1772 4826 admodum
1851 4775 2026 4843 atque

376 4856 585 4912 ignavo
619 4857 837 4912 animo.
870 4863 896 4889 ))

447 4912 562 4978 (51)
591 4908 830 4971 Πλοκάς.
885 4912 979 4966 Sic
1036 4911 1171 4983 Reg.
1210 4913 1243 4976 Ι,
1280 4916 1335 4966 et
1382 4912 1552 4967 Coisl.
1585 4916 1637 4966 2.
1674 4914 1811 4976 Quae
1859 4911 2025 4983 lectio

373 4981 606 5053 videtur
656 4983 876 5038 casteria
928 4980 1299 5053 praeferenda,
1335 4989 1458 5037 tum
1513 4986 1583 5038 ob
1635 4999 1882 5052 sequens
1944 4980 2024 5036 δι-

373 5051 575 5126 πηόας,
605 5060 730 5108 tum
765 5057 838 5109 ob
869 5051 1087 5110 similia
1118 5055 1376 5126 Gregorii
1406 5054 1542 5126 loca
1567 5051 1785 5126 in_aliis
1818 5057 2024 5126 oratio-

377 5121 573 5187 nibus,
608 5126 853 5199 maxime
907 5121 1306 5199 o_rat._xxx,'n_.
1343 5144 1371 5180 θ
1402 5121 1588 5199 ἐπειδῇ
1631 5122 1822 5199 ἐκτῶν
1865 5125 2021 5199 λογι-

373 5198 805 5267 σμῶν-στροφὰς
864 5196 951 5249 καὶ
1011 5195 1226 5256 πλοκὰς
1287 5195 1479 5256 ἱκανῶς
1539 5193 1885 5267 διεσείσαμεν,
1922 5193 2018 5253 tibi

371 5247 589 5329 sica.
618 5247 836 5325 liil‘iiiis
867 5247 1099 5323 acte}.
1132 5247 1373 5323 heims};
1412 5247 1841 5339 interpretantis.
1875 5247 2019 5324 1νᾷιῆ

372 5339 577 5396 Latine
621 5341 761 5395 nihil
813 5357 879 5395 ex
928 5357 1092 5412 aequo
1141 5341 1471 5412 respondet.
1510 5341 1744 5412 Locum,
1781 5341 1850 5394 de
1905 5358 2018 5412 quo

371 5413 585 5479 agitur,
621 5414 836 5467 rectius
881 5412 935 5464 in
988 5411 1111 5466 Elia
1159 5427 1334 5481 quam
1393 5411 1449 5465 in
1511 5411 1769 5466 oratione
1831 5411 2020 5467 reddit

371 5483 598 5538 Billius.
625 5484 821 5538 Graeca
844 5483 926 5537 sic
959 5483 1116 5537 reddi
1146 5483 1372 5553 possint
1399 5500 1446 5537 τε(
1471 5483 1693 5536 Fraude
1715 5489 1772 5537 et
1794 5484 2019 5540 malitia

371 5569 492 5608 rem
525 5555 647 5625 agit
675 5561 876 5609 contra
906 5554 1210 5626 pietatem;
1245 5559 1302 5608 et
1333 5570 1460 5623 qua:
1513 5554 1569 5607 in
1623 5554 2017 5612 ratiocinatio-

373 5626 550 5697 nibus
571 5624 862 5681 intricatas
893 5624 957 5681 ac
987 5624 1282 5697 implicita:
1320 5641 1447 5680 esse
1479 5632 1742 5697 possunt,
1777 5632 1877 5682 aut
1908 5629 2013 5683 du-

373 5694 512 5777 plici
542 5712 718 5754 sensu
749 5697 1008 5774 argutiae,
1044 5694 1141 5755 eas
1179 5694 1570 5774 persecutioni
1605 5713 1778 5773 quam
1812 5700 2014 5757 adver-

590 4628 941 4697 Τυραννῆσαι.
979 4625 1070 4681 Sic
1117 4641 1339 4694 omnes,
1374 4643 1520 4698 quos
1568 4629 1841 4694 vidimus,
1876 4629 2028 4684 codi-
2059 4606 2106 4670 Ι)

2217 3286 2345 3340 ΞΒ’.
2378 3286 2446 3341 ’Ὁ
2478 3281 2534 3338 δὲ
2563 3285 2912 3361 ἡμερώτερον
2943 3284 3030 3339 καὶ
3064 3280 3512 3360 ϐασιλικώτερον,
3557 3284 3632 3347 εἰς
3684 3285 3802 3339 ἑαυ-

2144 3374 2234 3428 τὸν
2269 3371 2425 3442 δῆθεν
2457 3373 2625 3450 φέρει,
2657 3374 2718 3428 τὸ
2748 3381 2846 3442 τῆς
2879 3373 3094 3434 πειθοῦς
3119 3383 3134 3404 ⁶
3169 3372 3229 3427 οὐ
3267 3375 3372 3447 μὴν
3404 3373 3478 3435 εἷς
3534 3374 3596 3428 τὸ
3662 3395 3796 3427 παν-

2142 3461 2295 3523 τελὲς
2325 3459 2486 3516 τοῦτό
2516 3484 2576 3537 γε
2607 3460 2899 3516 διεσώσατο
2929 3481 2942 3494 ’
2982 3459 3107 3516 οὐδὲ
3151 3463 3253 3536 γὰρ
3309 3461 3425 3537 εἶχε
3475 3465 3588 3535 (57)
3639 3461 3794 3539 φύσιν

2150 3548 2472 3626 ἢπάρδαλιν
2520 3551 2804 3605 ἀποθέσθαι
2854 3551 2916 3605 τὸ
2964 3552 3337 3622 κατάστικτον,
3385 3553 3419 3619 ἣ
3463 3550 3697 3607 Αἰθίοπα
3733 3552 3796 3605 τὸ

2144 3639 2335 3714 μέλαν,
2388 3641 2421 3709 ἣ
2478 3645 2584 3714 πῦρ
2639 3640 2702 3694 τὸ
2752 3640 2940 3708 καίειν,
3000 3641 3032 3709 ἦ
3087 3640 3175 3694 τὸν
3225 3639 3463 3714 πονηρὸν
3695 3640 3791 3708 τήν

2140 3861 2272 3901 sum
2311 3863 2413 3900 nos
2438 3846 2742 3916 excitabat,
2767 3846 3193 3916 superinduxit.
3218 3864 3246 3894 »
3281 3845 3392 3900 Par
3413 3847 3526 3910 ed.,
3559 3842 3790 3906 κλοπάς.

2209 3918 2323 3987 (52)
2353 3920 2456 3989 Τοῦ
2494 3921 2730 3989 κρατεῖν.
2758 3942 2784 3967 α
2818 3920 2961 3972 Cum
3011 3917 3269 3984 victoria,
3295 3935 3411 3988 qua
3444 3917 3578 3988 quis
3610 3918 3793 3974 alium

2141 3995 2398 4059 superat,
2433 3988 2488 4042 in
2523 3988 2752 4044 duobus
2785 3989 2896 4044 sita
2926 3989 3024 4053 sit,
3057 3990 3332 4043 suasione
3363 3993 3418 4044 et
3448 3989 3525 4043 vi.
3560 4011 3588 4038 »

2356 4061 2577 4134 {Ec-71m.
2615 4061 2838 4134 Regiab,
2876 4066 2932 4134 et
2985 4060 3168 4134 Pass.,
3204 4059 3394 4134 ἀφῇκε.

2233 4132 2324 4202 54)
2364 4130 2665 4198 Ἀ’Ληπτος.
2701 4130 2810 4186 ’3ἰο
2861 4130 3122 4202 plerique
3171 4130 3421 4186 codices.
3461 4152 3489 4180 ‹‹
3541 4132 3791 4202 Inexpu-

2139 4203 2413 4275 gnabilis,
2439 4203 2774 4268 eti‘renata,»
2797 4203 2923 4258 vela
2952 4203 3508 4275 inculpabilis,»_s_eu
3538 4225 3564 4252 «
3593 4203 3792 4275 minus

2139 4269 2467 4344 culpabilis,
2508 4297 2526 4322 ιο
2584 4281 2669 4346 ιη,
2701 4269 3331 4346 apud__Thucydidem,
3393 4269 3788 4346 ἀληπτότεροι,

2147 4364 2167 4391 ι
2195 4342 2392 4418 minus
2423 4342 2821 4418 culpabiles—:9
2850 4342 3113 4418 ἀλήπτωξ
3139 4346 3293 4418 apud
3320 4342 3568 4418 'Suidam
3601 4342 3794 4399 ἀκαταὲ

2137 4415 2411 4488 γνώστως.
2446 4415 2540 4473 Sic
2569 4417 2978 4488 Combeﬂsius,
3012 4417 3106 4473 cui
3155 4415 3360 4472 Billius
3392 4416 3487 4471 hic
3519 4433 3635 4472 non
3667 4417 3792 4488 pla-

2137 4492 2246 4560 cet,
2281 4488 2472 4544 locum
2507 4489 2662 4544 hunc
2693 4489 2884 4544 reddit
2917 4507 2929 4545 :
2959 4505 3272 4560 «:quarum
3301 4504 3517 4560 vesana
3546 4489 3795 4546 audacia

2138 4559 2349 4633 minus,
2396 4576 2640 4633 nocens;
2677 4584 2703 4610 ››
2753 4577 2854 4616 seu
2919 4559 3106 4633 magis
3163 4577 3198 4617 a
3253 4559 3430 4633 culpa
3482 4560 3789 4633 immunis.

2144 4632 2355 4704 g_quod
2388 4631 2608 4704 ratione
2639 4637 2835 4687 careat
2865 4637 2920 4686 et
2949 4631 3096 4687 caeco
3128 4633 3351 4704 impetu
3385 4631 3731 4704 abripiatur.
3758 4654 3786 4681 η

2137 4700 2254 4756 Hac
2286 4707 2406 4758 arte
2457 4702 2728 4758 Julianus
2760 4721 2792 4759 ιι
2823 4719 2884 4775 se
2917 4700 3338 4775 persecutionis
3386 4700 3666 4758 invidiam
3700 4719 3789 4758 re-

2135 4789 2364 4846 movere
2397 4775 2732 4846 satagebat:
2759 4774 3228 4831 nullo’adversus
3259 4775 3617 4830 Christianos
3653 4791 3786 4842 pro-

2135 4845 2322 4916 posito
2355 4845 2564 4913 edicto,
2599 4847 2696 4901 sed
2740 4847 3032 4902 saevientis
3065 4848 3120 4901 in
3153 4863 3250 4902 eos
3297 4846 3496 4917 populi
3530 4848 3783 4901 furorem

2135 4918 2624 5042 nonicolgiibendo,
2658 4923 2831 4989 atque
2872 4920 3013 4974 adeo
3048 4917 3216 4990 quasi
3247 4917 3372 4990 lege
3406 4935 3520 4974 non
3565 4917 3786 4989 scripta

2135 5004 2352 5042 nromn
2403 5005 2452 5042 o.

2176 5005 2452 5042 I‘ODBDGO.

2133 5004 2737 5133 Wagniiigénawan.
2759 5061 3009 5133 Addunt
3039 5065 3156 5116 tres
3188 5064 3390 5133 negg,
3414 5060 3601 5126 Pass.,
3629 5059 3784 5133 Sav.,

2132 5130 2332 5204 Comi).
2358 5130 2634 5204 κατορθοῖ,
2662 5156 2687 5181 ‹‹
2718 5132 2772 5186 id
2809 5138 3074 5201 prastat;
3105 5155 3130 5178 η
3156 5130 3293 5202 (μιαί
3315 5130 3418 5186 vox
3438 5131 3788 5204 necessaria

2132 5202 2300 5256 nobis
2333 5220 2444 5258 non
2480 5201 2728 5274 videtur.
2761 5204 2977 5274 Legant
3009 5201 3200 5274 tamen
3237 5204 3334 5274 qui
3369 5201 3565 5258 velint.

2200 5273 2579 5348 (56)”;005ic
2609 5273 2777 5348 νομον
2825 5273 2887 5327 τὸ
2943 5273 3306 5348 βούνιεσθαιιία
3345 5274 3528 5348 Veluti
3575 5273 3784 5348 lea-em,

2131 5345 2335 5418 agendi
2372 5363 2473 5418 pro
2524 5346 2766 5401 libidine
2797 5364 2862 5401 ac
2891 5345 3185 5402 veluntate
3235 5346 3528 5400 licentiam
3563 5347 3788 5400 denun-

2129 5417 2305 5471 tians.
2332 5439 2351 5465 η

2198 5484 2516 5564 (57)-ῌΕἷχε.
2561 5493 2681 5545 Duo
2731 5488 2958 5545 codices
3005 5484 3137 5564 ἔχει.
3171 5511 3199 5541 ‹‹
3232 5489 3419 5557 Forte,
3471 5488 3553 5544 ait.
3607 5486 3780 5544 Hein-

2128 5557 2268 5634 sius,
2299 5557 2358 5628 ἐᾷ
2386 5557 2566 5634 φύσις.

2199 5631 2307 5704 (58)
2337 5629 2434 5686 Τόν
2466 5629 2724 5707 πονηρόν.
2761 5631 2899 5704 Reg.
2933 5633 3053 5707 bm,
3084 5634 3192 5686 τῶν
3227 5633 3505 5708 πονηρῶν.
