4148 6290
340 346 454 409 585

1366 336 1657 400 ORATIO
1700 335 1800 395 IV.
1838 368 1916 377 -——
1944 330 2254 393 CONTRA
2304 331 2703 394 JULIANUM
2750 332 2797 393 Ι.

3628 331 3750 394 586

345 472 748 552 μισανθρωπίαν
820 472 1079 548 ἀπαρχῆς
1131 467 1577 544 ἀνθρωποκτόνον
1631 462 1991 552 τυγχάνοντα,

2135 465 2296 531 notas,
2328 463 2414 519 vel
2445 462 2706 535 rEthiops
2738 467 2932 522 atrum
2963 464 3215 522 colorem
3246 464 3314 534 ³³,
3360 462 3449 521 vel
3481 463 3635 537 ignis
3658 482 3750 521 ar—

341 548 603 636 ἦᾶκεῖνον
656 565 755 631 τὴν
803 560 1092 636 πονηρίαν,
1148 560 1235 635 ἀφ’
1264 560 1330 627 ἧς
1359 558 1476 621 καθ’
1507 557 1666 629 ἡμῶν
1718 548 1993 627 ὥρμησεν·

344 654 469 711 ἀλλ’
502 648 684 729 ὥσπερ
715 652 805 706 τὸν
836 650 1214 727 χαμαιλέοντα
1260 644 1426 722 λόγος
1457 641 1712 700 παντοίόν
1761 642 1997 719 γίνεσθαι

350 740 588 821 ῥᾳδίως,
649 740 738 795 καὶ
796 742 970 801 πάσας
1025 739 1118 812 μὶν
1179 730 1575 809 ἀναλαμϐάνειν
1636 735 1748 807 (59)
1803 730 1996 821 χρόας,

348 819 493 901 πλὴν
533 837 658 905 μιᾶς
690 838 789 899 τῆς
838 827 1189 899 λευκότητος,
1219 826 1310 881 τὸν
1356 826 1456 901 γὰρ
1488 821 1717 898 Πρωτέα
1760 819 1998 897 παρίημι

346 922 438 977 τὸν
476 925 574 975 τοῦ
628 918 799 993 μύθου
847 918 939 973 τὸν
984 916 1275 992 Αίγύπτιον
1330 914 1611 991 σοφιστὴν,
1645 911 1789 967 οὕτω
1820 910 1999 965 κάκεῖ-

348 1032 437 1072 νος
468 1010 643 1065 πάντα
670 1009 736 1077 ἧν
787 1008 876 1062 καὶ
927 1005 1137 1082 ἐγίνετο
1192 1008 1563 1079 Χριπιανοῖς,
1614 999 1759 1070 πλὴν
1789 997 2002 1075 ἡμερό-

347 1121 536 1169 τητος,
588 1098 678 1153 καὶ
728 1100 790 1166 ἦν
842 1094 965 1150 λίαν
1018 1094 1377 1171 ἀπάνθρωπον
1414 1092 1559 1163 αὐτῷ
1598 1092 1659 1146 τὸ
1691 1087 2002 1168 φιλάνθρω-

350 1209 478 1262 πον,
508 1188 599 1243 καὶ
626 1187 689 1242 τὸ
718 1184 942 1250 πιθανὸν
981 1184 1180 1260 βίαιον,
1214 1182 1301 1237 καὶ
1323 1179 1598 1257 ἀπολογία
1618 1187 1720 1250 τῆς
1742 1177 2001 1255 ἀγριότη-

354 1299 448 1340 τος
494 1280 529 1347 ἡ
581 1274 917 1352 χρηστότης·
962 1270 1035 1327 ’ίν’
1083 1272 1305 1335 είκότως
1364 1268 1499 1345 δοκῇ
1564 1268 1858 1345 βιάζεσθαι,
1906 1271 2004 1322 τοῦ

358 1366 555 1423 πείθειν
589 1364 1003 1441 ἀποτυγχάνων.

2108 553 2330 620 dorem,
2362 552 2449 608 vel
2480 552 2750 609 diabolus
2780 554 2879 626 qui
2909 554 3198 611 homicida
3230 558 3320 611 est
3349 554 3420 611 ab
3473 555 3638 612 initio
3680 556 3750 624 ³⁸,

2108 640 2365 697 hominis
2395 642 2618 707 odium,
2648 642 2737 698 vel
2770 643 2879 699 iste
2919 644 3372 716 improbitatem,
3406 660 3522 715 qua
3553 645 3757 701 adver-

2111 746 2241 786 sum
2278 747 2384 787 nos
2413 730 2841 804 impellebatur,
2883 733 3179 803 abjiceret.
3230 733 3440 789 Verum
3468 734 3757 806 quemad-

2112 820 2356 875 modum
2388 820 2841 877 chamaeleonem
2873 822 3036 878 aiunt
3066 823 3123 879 in
3166 822 3396 896 quidvis
3429 822 3596 880 facile
3626 841 3755 880 mu-

2110 910 2427 981 tari,atque
2446 926 2648 966 omnes
2666 912 2915 967 subinde
2946 912 3447 982 colores,candore
3470 929 3585 970 uno
3602 929 3759 969 exce—

2113 1003 2234 1071 pto,
2292 999 2609 1071 suscipere,
2673 1001 2937 1058 fabulum
3012 1003 3169 1058 enim
3246 1002 3413 1059 illum
3485 1007 3759 1060 Proteum

2112 1089 2447 1161 Egyptium
2479 1090 2802 1162 sophistam
2838 1096 3130 1163 praetereo,
3162 1093 3244 1149 sic
3275 1093 3449 1149 etiam
3482 1093 3579 1150 ille
3598 1092 3762 1150 Chri-

2115 1178 2314 1244 tianis,
2348 1183 2557 1251 praeter
2602 1179 2970 1238 clementiam
3019 1182 3079 1239 in
3112 1182 3344 1256 quidvis
3391 1200 3453 1240 se
3503 1183 3765 1240 vertebat

2116 1285 2182 1325 ac
2213 1285 2497 1340 perquam
2529 1269 2784 1327 crudelis
2816 1274 2939 1327 erat
2971 1272 3157 1345 ipsius
3188 1270 3483 1340 lenitas,et
3513 1271 3766 1328 violenta

2119 1358 2445 1431 persuasio,
2479 1362 2655 1431 atque
2704 1376 2806 1431 per
2855 1360 3196 1432 hujusmodi
3242 1363 3395 1417 106
3445 1360 3769 1435 benignita-

360 1464 479 1515 tem
511 1456 796 1512 arcerbati
825 1452 1275 1525 crudelitatique
1305 1468 1422 1508 suae
1453 1449 1887 1507 excusationem
1922 1448 2218 1521 quarebat
2251 1466 2262 1503 :
2302 1457 2362 1504 ut
2394 1466 2508 1505 non
2542 1449 2667 1505 sine
2697 1467 2876 1508 causa
2903 1451 3021 1507 vim
3050 1452 3255 1508 afferre
3284 1452 3597 1525 videretur,
3632 1467 3767 1509 cum

358 1546 711 1605 blandiendo
742 1548 797 1601 et
828 1544 1138 1600 alliciendo
1171 1542 1317 1597 nihil
1349 1542 1707 1614 profecisset.

431 1635 552 1691 ΞΓ.
587 1633 687 1691 Καὶ
719 1636 880 1687 τοῦτο
933 1630 1103 1699 δῆλον
1155 1629 1207 1701 ἐξ
1252 1631 1325 1684 ὧν
1358 1628 1536 1705 βραχὺ
1592 1629 1684 1702 μὲν
1718 1628 1844 1701 παρ’
1869 1625 2015 1698 αὖτῷ

2198 1628 2387 1694 LXIII,
2432 1629 2610 1701 quue
2657 1646 2725 1685 ex
2774 1646 2839 1686 eo
2881 1631 3256 1703 perspicuum
3306 1635 3413 1703 est,
3467 1634 3621 1704 quod
3652 1649 3769 1689 non

361 1725 423 1780 τὸ
479 1730 579 1793 τῆς
636 1724 877 1786 πειθοῦς,
935 1719 1126 1775 πλεῖον
1180 1722 1292 1794 (60)
1344 1716 1401 1773 δὲ
1445 1719 1508 1773 τὸ
1557 1725 1655 1788 τῆς
1708 1718 1825 1792 βίας
1859 1714 2013 1777 εὐθὺς

2135 1717 2383 1774 multum
2417 1720 2690 1775 suasione
2722 1719 3126 1787 utebatur,sed
3158 1719 3291 1794 plus
3321 1721 3607 1778 violentiae
3630 1738 3773 1778 con-

363 1813 626 1886 ὲπόμενον
681 1814 769 1881 ἦν’
820 1808 929 1877 τίν“,
992 1809 1172 1885 ὥσπερ
1222 1809 1273 1863 ἐν
1335 1812 1453 1870 ταῖς
1513 1810 1748 1884 θήραις,
1806 1806 1841 1875 ἢ
1896 1810 2013 1867 ταῖς

364 1902 563 1978 πάγαις
597 1899 838 1973 ἁλῶμεν,
868 1901 903 1969 ἢ
934 1903 1052 1961 τοῖς
1103 1895 1397 1973 διώγμασι,
1446 1895 1535 1951 καὶ
1586 1897 1661 1958 εἴς
1710 1916 1771 1973 γε
1809 1894 2015 1970 τρόπος

366 1992 582 2053 πάντως
615 1992 765 2063 ἡμᾶς
815 1988 1174 2064 χειρώσηται.
1207 1986 1361 2041 Οὕτω
1412 1982 1469 2040 δὲ
1500 1982 1807 2057 διανοηθείς
1839 2005 1898 2040 τε
1926 1982 2015 2039 καὶ

370 2078 708 2153 διελόμενος,
770 2076 1014 2151 δεύτερον
1074 2075 1246 2131 ἐκεῖνο
1309 2080 1643 2152 στρατηγεῖ,
1701 2074 1790 2129 καὶ
1854 2074 2014 2147 μόνον

370 2167 649 2247 ἀσφαλῶς,
681 2168 724 2222 εἶ
756 2166 846 2223 καὶ
898 2160 1105 2228 ἀσεϐῶς
1156 2164 1301 2234 λίαν,
1333 2164 1394 2219 ἐκ
1440 2168 1546 2219 τῶν
1600 2163 1875 2240 ἐγγυτάτω
1906 2164 2018 2236 (61)

368 2259 586 2328 καὶτῆς
616 2256 737 2330 περῖ
770 2254 928 2309 αὐτὸν
979 2254 1187 2329 χειρὸς,
1242 2253 1271 2309 ’ὀ
1310 2258 1440 2308 πᾶσι
1485 2249 1741 2314 διώκταις
1774 2252 2016 2324 σύνηθες,

369 2355 469 2418 τῆς
496 2346 684 2408 κακίας
717 2346 963 2421 ἄρχεται·
1017 2344 1105 2399 καὶ
1155 2343 1257 2419 γὰρ
1304 2340 1430 2398 οὐδὲ
1482 2343 1592 2397 οἷόν
1636 2364 1695 2397 τε
1742 2346 1854 2415 (62)
1900 2347 2019 2404 τοῖς

2127 1806 2319 1863 festim
2344 1809 2697 1880 sequebatur
2729 1826 2740 1864 :
2774 1811 3369 1882 ut,quemadmodum
3389 1810 3448 1867 in
3469 1812 3776 1868 venatione

2127 1900 2229 1951 aut
2259 1895 2485 1970 laqueis
2525 1902 2624 1953 aut
2652 1898 3159 1969 persecutionibus
3206 1915 3566 1972 caperemur,
3600 1906 3775 1973 atque

2133 1986 2415 2043 alterutro
2447 1987 2689 2043 omnino
2722 1988 2894 2045 modo
2928 1989 2987 2044 in
3020 1989 3208 2062 ipsius
3238 1994 3585 2061 potestatem
3615 1990 3775 2046 veni-

2128 2077 2514 2140 remus.Quod
2548 2093 2680 2131 cum
2714 2077 2771 2131 in
2799 2077 3064 2133 animum
3090 2077 3774 2151 induxisset,negotium-

2129 2182 2243 2236 que
2276 2165 2356 2220 ita
2387 2165 2637 2236 partitus
2678 2170 2832 2221 esset
2879 2166 3127 2222 alterum
3179 2166 3367 2239 ipsius
3416 2171 3775 2239 strategema

2131 2254 2239 2309 hoc
2271 2254 2401 2320 fuit,
2431 2254 2739 2326 solumque
2770 2272 2836 2311 ex
2868 2255 3144 2311 omnibus
3170 2262 3407 2312 cautum
3438 2260 3494 2312 et
3522 2255 3771 2313 cireum-

2132 2349 2417 2414 spectum,
2452 2345 2687 2399 tametsi
2736 2343 2955 2415 alioqui
2986 2344 3152 2400 valde
3196 2345 3464 2417 impium,
3496 2350 3559 2401 ut
3606 2362 3640 2401 a
3669 2345 3772 2402 do—

374 2437 523 2499 ἐκτὸς
579 2435 895 2510 ἐγχειρῆσαι
956 2435 1115 2507 (63),
1181 2434 1256 2505 μή
1310 2432 1517 2488 τούτων
1579 2431 1966 2487 οἷκειωθέντων
2002 2474 2015 2501 ,

373 2526 553 2602 ὥσπερ
586 2522 710 2579 οὐδὲ
755 2523 977 2599 στρατὸν
1032 2520 1249 2598 ἐπάγειν
1293 2524 1407 2596 (64)
1451 2521 1694 2599 ἐχθροῖς,
1746 2522 1881 2595 πρὸς
1925 2519 2016 2576 τὸν

374 2614 671 2689 στρατηγὸν
706 2612 1075 2679 στασιάζοντα.

2135 2612 2328 2682 Neque
2362 2611 2517 2667 enim
2552 2612 2677 2667 ﬁeri
2710 2629 2901 2695 posse,
2936 2617 2999 2668 ut
3030 2617 3297 2669 externos
3347 2615 3784 2686 aggrederetur,

374 2707 489 2763 nisi
521 2704 613 2761 his
642 2704 751 2759 sibi
785 2701 1109 2758 conciliatis
1138 2704 1313 2774 atque
1342 2701 1670 2773 adjunctis;
1704 2701 2204 2772 quemadmodum
2236 2717 2341 2756 nec
2372 2701 2689 2757 exercitum
2714 2703 2993 2759 adversus
3028 2703 3221 2760 hostes
3252 2703 3482 2771 ducere,
3516 2720 3650 2760 cum
3682 2705 3790 2762 im-

379 2800 639 2868 peratore
672 2792 1118 2848 contendentem
1149 2794 1206 2846 et
1236 2790 1642 2846 dissidentem.

459 2883 583 2938 ΞΔ’.
617 2881 719 2937 Καὶ
751 2876 840 2934 διὰ
866 2882 1028 2934 τοῦτο
1065 2883 1347 2951 μεταποιεῖ
1379 2878 1472 2951 μὶν
1505 2878 1573 2933 τὰ
1605 2876 1871 2954 βασίλεια,
1904 2877 2033 2941 τοὺς

2130 2431 2389 2488 mesticis
2419 2437 2476 2487 et
2508 2432 2827 2489 satellitum
2859 2450 3060 2502 manu,
3095 2435 3249 2505 quod
3284 2434 3558 2490 omnibus
3591 2452 3781 2507 perse-

2131 2521 2431 2577 cutoribus
2468 2522 2754 2577 familiare
2785 2527 2892 2589 est,
2927 2523 3163 2579 sceleris
3186 2524 3487 2579 exordium
3521 2525 3781 2582 duceret.

2218 2880 2600 2953 LXIV.Atque
2630 2882 2701 2937 ob
2732 2881 2883 2937 hanc
2915 2899 3152 2937 causam
3185 2882 3378 2938 aulam
3411 2886 3596 2940 totam
3629 2900 3787 2941 com-

384 2972 480 3043 μὶν
526 2969 735 3041 θανάτῳ
778 2967 1236 3045 προϋπεξαγαγὼν
1284 2966 1570 3044 πρότερον,
1625 2966 1753 3029 τοὺς
1804 2965 1861 3021 δὲ
1893 2988 2017 3043 παρ-

477 3057 488 3075 ’
552 3078 559 3079 ,
607 3078 615 3079 κ
646 3077 684 3079 γ-
746 3058 836 3079 γ’-.
906 3056 920 3078 ι
952 3076 963 3079 -
1022 3053 1071 3079 ων
1117 3077 1149 3079 ,γ
1189 3077 1200 3079 -
1250 3059 1311 3079 βυ
1384 3054 1575 3079 ,,_,U’_\,
1658 3054 1871 3079 D,._,‘|_‘,'
1920 3059 2005 3079 [DE

2146 2969 2495 3039 mutat,aliis
2523 2974 2708 3025 morte
2734 2971 2899 3042 prius
2921 2971 3229 3027 subductis
3252 2989 3317 3027 ac
3349 2973 3419 3027 de
3443 2972 3633 3028 medio
3657 2974 3794 3030 sub-

2144 3058 2278 3079 ._.._
2357 3058 2483 3079 ,ιεεη
2541 3059 2822 3079 “that
2882 3064 2927 3079 ,ι
3318 3078 3321 3079 ,
3370 3078 3373 3079 ,
3486 3066 3521 3079 .,
3666 3078 3671 3079 ,
3741 3063 3751 3074 -

383 3057 686 3130 ωσάμενοςο
738 3058 843 3132 οὐχ
891 3056 964 3118 ὡς
1017 3053 1201 3117 εὔνους
1246 3059 1325 3127 τῷ
1380 3054 1607 3130 μεγάλῳ
1658 3054 1871 3131 βασιλεῖ
1918 3059 2017 3129 (65,

2144 3058 2301 3128 latis,
2354 3058 2485 3114 aliis
2536 3059 2825 3115 submotis
2874 3064 2931 3115 et
2972 3059 3271 3131 expulsis;
3315 3078 3430 3117 non
3482 3066 3602 3117 tam
3653 3063 3795 3134 quia

388 3146 578 3221 μόνον,
611 3143 752 3201 ἀλλά
778 3147 864 3200 καὶ
897 3145 971 3207 ὡς
1003 3144 1385 3219 εὐνουστέρους
1418 3146 1531 3219 (66)
1560 3143 1642 3217 τῷ
1677 3145 1903 3218 μείζονι,
1939 3144 2017 3200 κατ

2142 3148 2420 3204 benevolo
2439 3165 2576 3220 erga
2597 3165 2878 3221 magnum
2903 3149 3313 3221 imperatorem
3329 3150 3525 3206 animo
3542 3151 3792 3222 fuerant,

387 3233 723 3296 ἀλυσιτελεῖς
772 3235 916 3306 αὐτῷ
962 3236 1077 3289 κατ’
1111 3234 1409 3313 ἀμφότεροι⁹
1446 3233 1788 3289 ὑποποιεῖται
1834 3236 1945 3307 (67)
1978 3231 2017 3289 δῖ

2146 3254 2325 3309 quam
2381 3238 2534 3308 quod
2586 3238 2792 3307 majori
2853 3254 2990 3310 erga
3036 3239 3319 3309 majorem
3381 3239 3794 3313 imperatorem

387 3326 450 3381 τὸ
481 3324 886 3400 στρατιωτικὸν,
916 3324 979 3379 τὸ
1034 3323 1125 3397 μὲν
1180 3320 1249 3378 δι’
1283 3324 1498 3395 ἑαυτοῦ,
1528 3324 1590 3379 τὸ
1621 3320 1677 3378 δὲ
1726 3321 1814 3378 διὰ
1841 3327 1949 3378 τῶν
1982 3322 2017 3378 ἐκ

2147 3325 2551 3382 benevolentia
2582 3327 2972 3393 afﬁcerentur,
3019 3344 3085 3383 ac
3134 3327 3375 3399 proinde
3416 3333 3661 3401 utroque
3692 3345 3796 3385 no-

380 3414 528 3471 τὲλει
580 3417 717 3488 (68),
762 3414 791 3469 ’ὀ
834 3414 925 3468 καὶ
980 3411 1197 3486 μᾶλλον
1245 3408 1491 3468 εὕπιστον
1546 3408 1925 3487 ὑπελάμϐανε,
1975 3414 2017 3466 τέ

2150 3413 2307 3470 mine
2335 3413 2447 3485 ipsi
2479 3415 2836 3470 incommodi
2869 3420 3087 3471 essent.
3124 3416 3336 3473 Milites
3376 3419 3575 3487 etiam,
3607 3422 3665 3473 et
3696 3433 3798 3490 per

390 3504 483 3578 μὶν
514 3508 623 3559 τῶν
648 3507 826 3576 τιμῶν
878 3502 1216 3575 ἡττώμενον,
1253 3502 1316 3556 τὸ
1367 3500 1425 3557 δὲ
1474 3501 1744 3573 ἁπλότητι
1797 3523 2009 3579 παρασυ

2150 3519 2213 3559 se
2244 3503 2456 3576 ipse,et
2486 3521 2588 3575 per
2608 3521 2706 3560 eos
2740 3504 2841 3577 qui
2873 3506 3254 3578 mogistratus
3284 3506 3795 3579 gerebant,allicit,

389 3592 637 3669 ρόμενον,
668 3591 758 3647 καὶ
786 3590 953 3665 νόμον
985 3586 1081 3645 ἕνα
1123 3594 1389 3666 γινῶσκον
1443 3590 1629 3665 μόνον,
1661 3591 1760 3659 τήν
1811 3595 1909 3646 τοῦ
1944 3593 2011 3667 βα

2152 3610 2298 3665 quos
2331 3592 2505 3650 etiam
2539 3594 2608 3649 ad
2642 3596 3116 3666 persuadendum
3140 3596 3432 3654 faciliores
3464 3612 3621 3653 essse
3651 3595 3799 3652 arbi-

392 3681 590 3745 σιλὲως
628 3678 916 3757 βούλησιν.

2151 3682 2439 3753 trahatur,
2499 3683 2654 3754 quod
2716 3683 2931 3755 partim
2980 3684 3304 3742 honoribus
3347 3685 3529 3742 dediti
3578 3689 3798 3753 essent,

389 3774 602 3847 partim
635 3789 740 3846 per
768 3771 949 3829 animi
982 3769 1421 3844 simplicitatem
1445 3770 1874 3844 abriperentur,
1908 3769 2250 3843 nullamque
2282 3771 2457 3829 aliam
2485 3772 2672 3844 legem
2704 3789 2821 3843 qua
2870 3773 3153 3846 principis
3199 3774 3558 3832 voluntatem
3590 3791 3799 3848 agnos-

388 3867 605 3920 cerent.

459 3951 584 4006 ΞΕ’.
620 3946 845 4006 Μᾶλλον
895 3944 952 4003 δὲ
998 3952 1095 4003 τοῦ
1144 3950 1534 4025 στρατιωτικοῦ
1587 3948 1750 4024 μέρος
1785 3949 1895 4021 (69)
1944 3948 2017 4003 οὖς

2224 3949 2380 4006 LXV.
2428 3951 2570 4019 lmo,
2623 3949 2673 4005 si
2714 3950 2931 4005 rectius
2981 3950 3343 4024 loquendum
3390 3956 3498 4021 est,
3546 3952 3803 4009 militum

390 4036 709 4116 ἐλάχιστον,
759 4038 848 4093 καὶ
897 4038 1021 4093 ’ὁσον
1074 4036 1193 4111 εὗρε
1245 4038 1437 4113 σαθρὸν
1488 4038 1577 4092 καὶ
1624 4033 1893 4105 νοσῶδες,
1945 4042 2017 4091 το⁴

2153 4044 2379 4110 partem
2412 4056 2527 4094 non
2562 4038 2869 4095 minimam
2901 4040 2972 4095 ad
3007 4057 3067 4095 se
3094 4040 3396 4112 pertraxit,
3430 4046 3489 4098 et
3518 4046 3805 4115 quotquot

389 4131 581 4202 καιροῦ
614 4125 808 4182 δοῦλον
841 4127 930 4181 καὶ
961 4126 1083 4181 τότε
1110 4125 1202 4180 καὶ
1232 4126 1495 4202 πρότερον
1531 4125 1592 4179 οὗ
1629 4126 1693 4181 τὸ
1728 4126 1820 4198 μὲν
1855 4122 2011 4179 δεδοὖ

2154 4142 2225 4180 ex
2255 4125 2330 4180 iis
2361 4142 2543 4197 aegros
2575 4129 2631 4181 et
2660 4126 2981 4183 imbecilles
3031 4128 3273 4197 invenit,
3297 4130 3715 4202 temporisque,
3748 4135 3807 4187 et

394 4217 563 4287 λωτο,
590 4218 653 4272 τὸ
685 4214 743 4271 δὲ
785 4213 1032 4285 ἤλπιζεν.
1063 4214 1140 4272 Οὐ
1188 4215 1289 4290 γὰρ
1320 4212 1384 4283 δὴ
1416 4215 1478 4269 τὸ
1513 4218 1615 4269 πᾶν
1651 4213 1891 4292 ὑφεῖλεν,
1922 4211 2014 4269 οὗδ

2152 4218 2301 4285 tum,
2325 4219 2381 4270 et
2403 4216 2528 4286 jam
2550 4220 2718 4270 antea
2748 4232 2943 4272 servos
2970 4234 2983 4285 ;
3020 4234 3169 4289 quos
3202 4218 3433 4291 veljam
3462 4220 3519 4275 in
3544 4225 3804 4293 potesta-

392 4327 648 4362 τοσουτον
705 4301 901 4360 ἔδωκεν
983 4303 1129 4376 αὐτῷ
1198 4305 1314 4358 καθ’
1385 4307 1542 4376 ῆμῶν
1605 4305 1633 4359 ὁ
1694 4301 1763 4358 δι’
1837 4302 2017 4358 ἐκείνοι

2150 4284 2291 4358 tem,
2325 4284 2646 4375 redegerat,
2676 4305 2762 4359 vel
2814 4284 3190 4362 redeaturum
3245 4284 3328 4364 sev
3354 4284 3645 4381 sperabat.
3681 4308 3807 4368 Non

396 4392 633 4465 διώκτης
667 4397 798 4469 (70)*
836 4392 960 4448 ἀλλ’
990 4388 1204 4465 ἔμειναν
1240 4392 1371 4467 ὑπὲρ
1400 4391 1528 4454 τοὺς
1572 4391 2017 4466 ἑπτακισχιλίους

2155 4392 2311 4447 enim
2345 4410 2549 4449 omnes
2582 4394 2881 4465 pertraxit,
2929 4412 3032 4451 nec
3082 4401 3313 4452 tantum
3362 4398 3446 4453 illi
3495 4400 3807 4456 adversum

394 4484 447 4539 οἱ
484 4486 559 4557 μὴ
612 4482 925 4558 κάμψαντες
957 4481 1086 4557 γόνυ
1115 4485 1184 4555 τῇ
1234 4480 1402 4547 Βαὰλ,
1460 4478 1601 4554 μηδὲ
1644 4484 1713 4554 τῇ
1765 4481 1927 4536 εἰκόνι
1975 4487 2017 4536 τέ

2158 4498 2264 4537 nos
2296 4482 2474 4551 dedit,
2511 4484 2610 4554 qui
2665 4500 2768 4555 per
2824 4500 2958 4539 eum
3014 4488 3415 4557 persecutione
3472 4489 3807 4546 excitabat:

392 4576 578 4649 χρυσῇ
608 4572 1098 4647 προσκυνήσαντες,
1137 4567 1278 4643 μηδὲ
1327 4569 1431 4625 ὑπὸ
1457 4573 1566 4627 τῶν
1608 4564 1781 4648 ὄφεων
1813 4570 2015 4645 τρωθὲν

2157 4588 2359 4627 verum
2392 4572 2525 4643 plus
2555 4588 2732 4644 quam
2768 4576 2991 4645 septem
3040 4575 3348 4633 hominum
3404 4577 3570 4635 milla
3599 4576 3810 4651 reliqui

471 4672 517 4708 ⁸³
545 4670 663 4728 Jer.
690 4687 814 4740 xm,
843 4672 935 4727 23.
961 4669 1007 4705 ³⁸
1032 4670 1201 4726 Joan.
1233 4686 1356 4735 vm,
1388 4670 1474 4725 44.

474 4770 588 4897 (59)
635 4761 1095 4853 ’Ava).ap6atv_uv.
1166 4768 1401 4855 Septem
1454 4771 1629 4895 Regg.
1685 4768 1779 4823 Or.
1843 4767 1866 4823 I
1933 4771 2056 4822 tres

474 4844 565 4897 ib.
599 4839 768 4897 πάσας
805 4833 1162 4897 μεταϐάλλειν
1198 4858 1393 4897 γοοας.
1425 4839 1536 4894 A111
1613 4856 1686 4895 uo
1735 4838 1920 4897 Colb..
1961 4856 2053 4897 με·

404 4833 768 4927 00]6.’πάσας
805 4833 1162 4913 μεταϐάλλειν
1198 4833 1393 4914 χρόας.
1425 4833 1686 4895 Αίίἱνᾶαο
1735 4838 1920 4906 Colb.,
1961 4856 2053 4910 με·

408 4907 815 4984 ταλαμϐάνεινί
1962 4907 1970 4910 ’

480 4986 593 5056 (60)
618 4982 842 5056 Ἠλεῖον.
876 4982 970 5039 Sic
1001 4998 1147 5055 pene
1176 4998 1379 5038 omnes
1414 4982 1661 5039 codices.
1694 4976 2053 5040 Passmkéov.

412 5053 541 5113 Par.
575 5053 774 5111 πλείω.
1002 5053 1019 5055 ⁷

504 5129 595 5199 61)
628 5123 953 5201 Ἐγγυτάτω.
986 5124 1146 5179 Pass.
1182 5118 1508 5199 ἐγγυτάτων.

482 5129 598 5271 (62)
629 5198 753 5271 Οζόν
783 5217 861 5252 τι.
891 5199 1067 5269 ltegg.
1103 5196 1220 5251 bm.
1276 5196 1316 5262 l,
1352 5198 1503 5251 addu

2169 4784 2318 4846 ρους.
2350 4768 2696 4823 Ammianus
2727 4767 2871 4846 ipse,
2905 4769 3008 4846 lib.
3042 4788 3181 4838 xxu,
3206 4788 3259 4846 p.
3291 4774 3398 4846 206
3425 4776 3483 4829 et
3509 4772 3812 4846 207,10ngo

2167 4838 2371 4912 Ordine
2392 4846 2654 4896 recenset
2672 4838 2819 4911 quos
2839 4842 3112 4898 Julianus
3134 4838 3430 4899 submovit
3454 4862 3467 4912 ;
3494 4844 3595 4899 ubi
3617 4838 3817 4901 narr'at

2164 4909 2488 4983 Iulianum,
2522 4909 2788 4982 quamvis
2820 4931 2853 4967 a
2884 4915 3135 4983 pueritia
3166 4915 3223 4969 in
3244 4909 3557 4970 numinum
3589 4916 3815 4973 cultum

2167 4987 2327 5059 esset
2358 4982 2713 5059 inclinatior,
2742 4982 2922 5040 animi
2956 4992 3148 5059 tamen
3180 4989 3656 5059 arcana,nonnisi
3677 4988 3816 5047 abo-

2169 5053 2450 5127 litisiqua
2481 5056 2806 5127 verebatur,
2841 5057 3206 5127 patefecisse.

2242 5125 2357 5195 (67)
2384 5130 2769 5181 Ὺποποιεῖται.
2794 5125 2987 5184 (Ξὶὺί
3020 5129 3278 5200 subjicit,

506 5192 598 5271 62)
629 5192 753 5321 Οὲόν
783 5217 861 5252 τι.
891 5199 1067 5269 ltegg.
1103 5192 1230 5251 bm.
1256 5192 1316 5262 Ἰ,
1352 5198 1574 5252 addunt
1620 5196 1704 5265 ἦν.
1756 5200 1923 5252 Pass.
1956 5192 2017 5247 οὐ

506 5292 530 5323 ν
572 5290 629 5323 τε
692 5290 757 5337 ,‘l.
1064 5336 1088 5338 ῃ
1236 5336 1244 5338 ν
1395 5334 1406 5338 _
1596 5336 1601 5338 Δ

2175 5218 2201 5246 ι(
2236 5192 2375 5251 SUOS
2407 5200 2604 5253 et'llcit.
2642 5223 2663 5251 ι

2244 5268 2357 5338 (68)
2404 5273 2517 5322 Τῶν
2579 5268 2629 5323 ἰν
2682 5267 2775 5323 τὲλ

2446 5289 2517 5322 ων
2579 5289 2629 5323 εν
2682 5289 2849 5325 τιΛει.
2907 5294 2927 5321 α

2175 5342 2363 5486 ωῗῷέ)
2395 5410 2593 5486 Μέρος.
2636 5413 2815 5485 Regg.
2869 5414 2988 5484 bm,
3039 5414 3079 5470 1.
3125 5416 3281 5473 Colb.
3333 5417 3387 5485 3,

3334 5153 3354 5179 ι
3398 5130 3508 5200 vel,
3542 5135 3607 5186 ut
3639 5131 3814 5201 Elias,

414 5270 1003 5431 οιιῖἒΒῖεὲξῆί-ειρῆσαι
1060 5336 1199 5461 3.6%.
1233 5336 1355 5404 bm,
1390 5334 1716 5413 ἐγχειρίσαι.

486 5414 604 5483 (64)
632 5411 1125 5483 ἘπαγεινηΡαξεη
1190 5414 1467 5483 παγαγεῖν.

2989 5272 3318 5341 Praefectus,
3377 5274 3554 5330 duces
3604 5272 3819 5330 exerci-

3442 5414 3661 5487 μέρους.
3711 5415 3821 5472 Ne-

494 5411 589 5468 64
632 5411 904 5468 ’E‘nfai—aiv.
936 5411 1125 5472 Pass,
1163 5411 1494 5483 ἐπαγαγεῖν(
1553 5411 1557 5412 ν
2249 5411 2363 5481 (69)
2395 5411 2593 5486 Μέρος.
2636 5413 2815 5485 Regg.
2869 5414 2988 5484 bm,
3039 5414 3079 5470 1.
3125 5416 3281 5473 Colb.
3333 5417 3387 5485 3,
3442 5414 3507 5487 μέ
3546 5435 3661 5478 ους,
3711 5415 3821 5472 Ne.

486 5420 612 5611 (65$l
630 5432 872 5558 Μεγςῖλῳ
908 5477 1141 5558 βασιλεῖ.
1177 5502 1205 5529 α
1234 5483 1641 5537 Constantium
1678 5505 1705 5531 ››
1739 5481 1833 5537 hic
1853 5478 2071 5564 intelli-
2177 5482 2334 5552 gatio
2366 5481 2484 5551 οὐκ,
2518 5502 2643 5556 quae
2675 5485 2964 5558 sequitur,
2995 5486 3157 5543 deest
3189 5490 3247 5544 in
3281 5434 3583 5546 nonnulfis
3614 5487 3826 5547 eodici-

486 5558 571 5611 tT
618 5556 878 5611 eologus.
929 5560 987 5610 et
1036 5550 1211 5611 Daulo
1261 5558 1410 5611 Dost.
1454 5553 1533 5611 τῶ
1578 5551 1804 5611 μείζονί.
1850 5576 1877 5603 ‹‹
1909 5552 2070 5608 Chrl-
2180 5554 2311 5609 bus.

418 5550 506 5629 git
528 5550 878 5630 Theologus,
910 5550 987 5610 'et
1036 5550 1211 5625 paulo
1260 5558 1410 5624 post,
1454 5553 1533 5623 τῷ
1578 5551 1804 5627 μείζονί,
1850 5552 2017 5608 «Chr

2180 5550 2311 5630 511.8;

418 5625 777 5705 impar»;
943 5694 952 5705 .
1221 5692 1266 5705 ..
1464 5695 1572 5705 ,η
1767 5625 1795 5705 .’

2257 5625 2372 5701 (70)
2404 5625 2672 5699 Διώκτης.
2707 5651 2735 5681 ι(
2767 5627 3079 5688 Diabolum
3112 5653 3142 5684 »
3172 5631 3463 5705 intelligit.

486 5700 601 5774 (66)
698 5694 1116 5772 Εὐνουστὲρους.
1221 5692 1365 5750 Tres
1457 5695 1640 5766 Colb.,
1731 5694 2071 5753 εὐνουστοτέ-

747 5830 1006 5893 Ρλτιιοι..
1058 5824 1168 5885 Gn.
1218 5820 1369 5885 ΧΧῖ
1388 5823 1463 5891 v.
3442 5834 3514 5914 ,9
