4148 6290
399 324 516 389 587

1641 323 1704 383 S.
1754 325 1796 384 G
1811 321 2127 384 BEGORII
2175 321 2572 384 THEOLOGI

3691 324 3811 386 588

397 462 656 528 fuerunt,
691 459 790 530 qui
824 475 937 513 non
968 458 1252 512 ﬂexerunt
1275 472 1427 528 genu
1452 471 1644 510 coram
1673 453 1807 510 Baal
1840 455 1904 520 ³⁵,
1937 471 2027 510 nec

2153 475 2264 522 τες,
2297 452 2356 508 ἐκ
2383 457 2477 508 τοῦ
2513 451 2731 529 βλέπειν
2785 455 2859 516 εἰς
2901 455 2992 510 τὸν
3041 449 3162 532 ὅφιν
3217 456 3328 530 (71)
3355 453 3447 511 τὸν
3479 455 3808 532 κρεμασθέν-

397 566 591 606 arcam
623 547 936 619 imaginem
971 547 1290 601 adorarunt
1317 546 1380 616 ³⁸,
1415 561 1519 599 nec
1578 561 1612 600 a
1669 545 2040 614 serpentibus

395 637 680 692 vulnerati
705 636 922 703 sunt”;
949 635 1103 706 quod
1139 638 1469 705 serpentem
1495 632 1660 687 illum
1685 649 2040 704 suspensum

394 726 722 797 Christique
750 725 1121 797 passionibus
1147 740 1493 795 oppressum
1515 727 1690 794 atque
1711 723 2040 778 confectum

395 816 799 882 intuerentur;
833 814 1000 869 multi
1036 812 1256 868 scilicet
1298 829 1586 884 proceres,
1619 811 2044 882 altissimisque

396 904 782 977 dignitatibus
811 903 1216 975 prazditi,quos
1243 901 1441 957 minus
1465 901 1640 956 etiam
1665 900 1878 955 mirum
1907 899 2047 956 fuis-

397 999 503 1065 set,
540 1001 663 1049 tum
700 994 843 1047 107
899 991 1298 1063 periculorum
1359 995 1545 1058 metu,
1574 994 1701 1044 tum
1758 989 2045 1045 honorum

399 1100 522 1156 spe,
563 1081 765 1138 cedere
815 1098 879 1136 ac
911 1097 1124 1136 manus
1173 1082 1353 1146 dare;
1390 1079 1556 1134 multi
1609 1079 1784 1134 etiam
1837 1077 2047 1149 piebeii

399 1171 643 1240 ordinis,
678 1188 743 1226 ac
775 1187 1016 1225 numero
1049 1169 1173 1225 solo
1209 1170 1608 1242 cogniti,quos
1640 1185 1773 1223 cum
1807 1168 2049 1223 adortus

399 1266 574 1330 erset,
605 1276 722 1316 non
755 1259 922 1316 aliter
954 1260 1223 1331 repulsus
1257 1264 1368 1328 est,
1391 1275 1569 1328 quam
1606 1257 1746 1312 levis
1779 1256 2048 1328 quaedam

2149 564 2234 614 τα,
2267 543 2357 597 καὶ
2389 542 2750 598 καταλυθέντα
2777 549 2894 606 τοῖς
2943 547 3178 619 Χριστοῦ
3215 547 3424 608 πάθεσι*
3476 541 3675 600 πολλοῖ
3710 546 3807 618 μὶν

2150 636 2256 686 τῶν
2287 631 2336 685 ἐν
2387 629 2719 694 δυναστείαις
2762 635 2875 707 (72)
2924 634 3013 687 καὶ
3066 632 3272 707 ὕψεσιν,
3307 633 3398 696 οὓς
3447 633 3536 688 καὶ
3591 631 3804 706 μᾶλλον

2153 720 2293 782 εἰκὸς
2325 722 2390 790 ἦν
2441 724 2746 792 ἡττηθῆναι
2792 722 2882 776 καὶ
2935 719 3020 776 διὰ
3065 718 3256 800 φόϐον,
3303 721 3392 778 καὶ
3443 721 3513 776 δι’
3557 721 3802 786 ἐλπίδας·

2154 809 2355 865 πολλοὶ
2389 807 2445 864 δὲ
2476 815 2578 864 τῶν
2613 811 2758 866 κάτω
2792 811 2880 865 καὶ
2914 812 3130 888 ἀριθμῷ
3163 812 3315 885 μόνῳ
3358 811 3804 887 γνωριζομένων,

2155 900 2237 961 οἷς
2295 894 2620 975 προσϐαλὼν
2682 899 3048 976 ἀπεκρούσθη,
3101 901 3339 976 καθάπερ
3398 901 3498 955 ὑπὸ
3556 901 3806 976 γενναίου

2153 987 2370 1062 τείχους
2407 989 2719 1064 μηχάνημά
2746 1010 2797 1043 τι
2832 994 2940 1045 τῶν
2971 988 3032 1044 οὐ
3080 989 3326 1065 καιρίων.
3363 988 3520 1058 ΙΙλήν
3555 989 3652 1044 οὐκ
3681 989 3810 1059 ἠνία

2161 1075 2373 1152 μᾶλλον
2409 1079 2522 1151 (73)
2567 1079 2629 1132 τὸ
2677 1076 2962 1156 διαφεῦγον
3007 1081 3041 1147 ἢ
3088 1078 3390 1154 ἐθάρσυνεν,
3440 1079 3516 1141 ὡς
3564 1077 3622 1133 ἃν
3676 1078 3808 1134 λυσ-

2157 1171 2354 1239 σῶντα,
2388 1166 2448 1221 τὸ
2499 1165 2875 1240 άλισκὸμενοψ
2927 1167 3017 1223 καὶ
3046 1167 3109 1224 τὸ
3144 1166 3433 1242 βούλεσθαι
3477 1166 3712 1244 παρίστη
3744 1168 3808 1224 τὸ

2161 1254 2413 1310 ἐλπισθὲν
2442 1256 2517 1318 ὡς
2549 1256 2936 1330 κρατούμενον.

397 1351 676 1409 machina
700 1368 735 1406 a
763 1350 1104 1406 ﬁrmissimo
1127 1366 1312 1403 muro.
1348 1348 1631 1402 Caeterum
1663 1363 1730 1402 eo
1761 1346 1955 1401 animo
1979 1351 2123 1417 erat,
2159 1353 2222 1403 ut
2253 1365 2365 1403 non
2400 1347 2587 1419 magis
2617 1349 2689 1403 ob
2719 1365 2815 1404 eos
2848 1347 2946 1420 qui
2978 1346 3090 1419 ipsi
3139 1347 3515 1421 effugiebant,
3561 1362 3810 1421 angere-

395 1447 514 1510 tur,
538 1456 738 1513 quam,
772 1443 973 1510 utpote
1006 1439 1200 1493 furore
1232 1437 1508 1508 percitus,
1539 1438 1609 1491 oh
1642 1453 1740 1490 eos
1767 1435 1867 1506 qui
1899 1435 2301 1506 capiebantur,
2337 1437 2663 1506 praefideret
2693 1455 2706 1493 :
2742 1437 3161 1510 volunstasque
3203 1438 3352 1510 ipsa,
3388 1437 3443 1493 id
3495 1439 3650 1511 quod
3705 1452 3809 1510 spe

395 1535 744 1603 conceptum
777 1535 920 1593 erat,
954 1529 1123 1599 quasi
1145 1529 1267 1598 jam
1296 1527 1569 1581 manibus
1603 1530 1917 1592 teneretur,
1953 1527 2422 1597 repraesentabat.

464 1620 656 1676 ι’(νι.
689 1619 838 1685 Quin
865 1620 987 1689 jam
1031 1618 1207 1672 etiam
1258 1619 1538 1672 adversus
1590 1631 1869 1687 magnum
1903 1614 2044 1669 illud

2227 1616 2344 1683 Ξζ’.
2374 1611 2566 1686 Τολμᾷ
2598 1612 2655 1668 δὲ
2684 1611 2791 1684 ἤδη
2822 1615 2912 1669 καὶ
2944 1617 3078 1670 κατὰ
3105 1619 3202 1669 τοῦ
3251 1613 3495 1690 μεγάλου
3527 1616 3806 1688 συνθήμαο

394 1708 669 1765 vexillum
719 1708 963 1762 audacia
1014 1707 1271 1773 eil‘ertur,
1326 1706 1480 1776 quod
1535 1721 1668 1758 cum
1700 1720 1870 1759 cruce
1921 1721 2027 1759 mat

2153 1724 2267 1775 τος,
2326 1705 2354 1758 ὃ
2417 1703 2552 1777 μετά
2606 1708 2702 1759 τοῦ
2763 1708 2992 1778 σταυροῦ
3052 1703 3346 1777 πομπεύει,
3399 1703 3487 1759 καὶ
3548 1701 3662 1781 ἄγει
3716 1705 3808 1758 τὸν

393 1799 603 1871 gniﬁce
642 1797 936 1868 praecedit,
991 1796 1049 1849 in
1102 1796 1402 1866 altumque
1452 1793 1692 1864 elatum,
1727 1793 2042 1848 exercitum

395 1887 578 1954 ducit,
604 1886 870 1941 laborum
903 1884 1312 1939 solvendorum
1357 1884 1470 1937 vim
1517 1884 1757 1947 habens,
1791 1882 2044 1952 hincque

396 1976 552 2047 apud
586 1975 821 2030 Latinos
854 1990 1063 2028 nomen
1097 1977 1361 2037 trahens,
1410 1972 1944 2042 principatumque,
1980 1975 2042 2026 ut

396 2065 478 2121 ita
509 2066 719 2131 dicam,
753 2063 812 2117 in
864 2061 1090 2132 reliqua
1138 2061 1334 2116 omnia
1384 2060 1592 2116 vexilla
1640 2065 1882 2126 tenens;
1919 2064 2038 2115 tam

397 2171 521 2225 quae
549 2153 967 2224 imperatorum
1005 2150 1380 2221 imaginibus,
1417 2155 1584 2218 atque
1623 2148 1884 2221 expassis
1915 2154 2040 2204 tex-

397 2243 568 2314 turis,
598 2242 658 2297 in
690 2240 863 2296 variis
898 2240 1164 2295 tincturis
1188 2256 1252 2293 ac
1287 2238 1612 2293 litterarum
1645 2239 1911 2309 picturis,
1946 2239 2042 2293 de-

397 2334 694 2398 corentur,
726 2329 998 2399 velutque
1031 2327 1344 2396 exsultant,
1370 2344 1547 2397 quam
1582 2344 1706 2398 quas
1736 2326 2042 2383 horrendis

395 2422 716 2477 draconum
760 2417 1019 2472 hiatibus
1071 2433 1245 2487 super
1295 2433 1561 2470 summas
1594 2416 1824 2469 lanceas
1873 2413 2041 2470 elatis

395 2510 619 2576 inﬂata,
649 2513 706 2562 et
736 2524 837 2578 per
869 2511 1091 2560 tractus
1124 2504 1403 2558 contextis
1437 2504 1700 2573 squamis
1732 2502 2042 2559 distinctos

394 2596 1138 2670 agitata,jucundissrmum
1159 2593 1333 2647 simul
1366 2599 1419 2646 et
1439 2592 1793 2646 horrendum
1813 2597 2040 2662 Specta-

392 2685 588 2741 culum
627 2685 814 2739 oculis
848 2685 1120 2753 praebent.
1159 2686 1541 2749 Posteaquam
1590 2686 1782 2734 antem
1815 2697 1906 2734 res
1938 2681 2037 2734 do-

392 2774 666 2830 mesticas
699 2788 766 2827 ex
799 2771 979 2826 animi
1013 2771 1304 2825 sententia
1336 2770 1601 2836 confecit,
1619 2785 1684 2822 ac
1715 2767 2039 2839 periculum

2155 1792 2375 1868 στρατὸν
2407 1791 2483 1854 εἷς
2516 1791 2648 1865 ὕψος
2678 1792 2986 1868 αἱρόμενον,
3017 1791 3273 1866 καμάτων
3307 1795 3419 1866 (74)
3453 1791 3712 1868 λυτήριον
3747 1787 3804 1846 ὅν

2151 1903 2208 1936 τε
2239 1881 2324 1936 καὶ
2371 1883 2506 1936 κατᾶ
2547 1881 2855 1954 Ῥωμαίους
2907 1881 3308 1954 ὀνομαζόμενον
3359 1882 3448 1937 καὶ
3496 1881 3805 1958 βασιλεῦον,

2153 1969 2228 2032 ὡς
2275 1969 2331 2024 ἂν
2382 1968 2524 2024 εἷ’ποι
2573 1991 2680 2039 τις,
2728 1974 2836 2025 τῶν
2894 1968 3104 2025 λοιπῶν
3169 1970 3544 2043 συνθημάτων·
3597 1970 3694 2026 ὅσα
3749 1991 3810 2027 τε.

2157 2057 2422 2133 βασιλέων
2499 2060 2814 2135 προσώποις
2891 2057 3237 2134 ἀγάλλεται,
3295 2060 3386 2114 καὶ
3442 2061 3808 2133 πεπετασμέ-

2151 2169 2266 2210 νοις
2311 2151 2421 2222 (75)
2473 2149 2773 2225 ὑφάσμασιν
2820 2148 2870 2202 ἐν
2923 2146 3203 2226 διαφόροις
3253 2149 3448 2227 βαφαῖς
3495 2150 3584 2204 καὶ
3624 2151 3806 2225 γράμ-

2155 2258 2338 2309 μασιν,
2371 2236 2468 2290 ὅσα
2509 2257 2566 2292 τε
2618 2234 2919 2312 δρακόντων
2973 2232 3228 2314 φοϐεροῖς
3259 2239 3534 2313 χάσμασιν
3577 2236 3808 2310 ἐμπνεό-

2156 2347 2288 2399 μενα
2320 2329 2432 2400 (76)
2484 2325 2565 2380 ἐπ’
2613 2328 2790 2399 ἄκρων
2841 2324 3082 2402 δοράτων
3135 2325 3561 2402 αἱωρουμένοις,
3593 2325 3682 2381 καί
3715 2325 3806 2382 διὰ

2149 2419 2255 2468 τῶν
2290 2413 2468 2469 ὁλκῶν
2507 2415 2826 2491 ῥιπιζόμενα
2856 2413 3072 2493 φολίσιν
3105 2416 3361 2493 ὑφανταῖς
3409 2415 3798 2488 καταστίκτων,

2150 2501 2370 2572 ἥδιστόν
2401 2524 2460 2557 τε
2491 2504 2630 2575 ὁμοῦ
2679 2504 2766 2558 καὶ
2820 2505 3040 2582 φρικτὸν
3086 2505 3260 2578 θὲαμα
3303 2505 3632 2580 προσπίπτει
3680 2511 3800 2568 ταῖς

2151 2588 2353 2666 ὄψεσιν.
2388 2594 2472 2653 Ὡς
2527 2589 2584 2646 δὲ
2628 2595 2772 2668 εἶχεν
2825 2593 2971 2665 αὐτῷ
3001 2593 3136 2648 κατὰ
3161 2597 3284 2648 νοῦν
3326 2595 3393 2648 τά
3420 2592 3677 2665 πλησίον,
3711 2592 3801 2649 καί

2147 2685 2244 2734 τοῦ
2277 2679 2328 2734 ἐν
2366 2680 2576 2756 χερσὶν,
2626 2681 2703 2742 ὡς
2742 2679 2900 2753 ᾤετο,
2959 2679 3210 2736 κινδύνου
3256 2682 3515 2758 κρείττων
3567 2683 3799 2758 ἐγένετο,

2151 2767 2323 2830 οίίτως
2351 2766 2458 2838 ’ἤδη
2491 2774 2740 2845 πειρᾶται
2771 2771 2886 2842 (77)
2915 2771 3004 2824 καὶ
3033 2774 3140 2825 τῶν
3177 2771 3321 2841 ἑξῆς.

388 2864 557 2931 illud,
588 2863 744 2934 quod
775 2863 836 2918 in
870 2862 1139 2917 manibus
1165 2865 1306 2930 erat,
1346 2863 1405 2913 ut
1432 2857 1823 2928 existimabat,
1875 2857 2119 2930 depulit,
2175 2859 2258 2914 ita
2304 2860 2543 2916 demum
2595 2878 2663 2916 ea
2707 2877 2833 2932 quis
2882 2861 3158 2934 deinceps
3209 2865 3554 2933 sequentur,
3587 2877 3796 2934 aggre-

388 2953 569 3009 ditur.

461 3042 675 3098 LXVII.
713 3042 895 3097 Homo
929 3038 1302 3105 stultissime,
1337 3041 1391 3092 et
1450 3036 1823 3108 impiissime,
1884 3041 1939 3091 et
1970 3037 2029 3092 in
2061 3039 2102 3106 C

390 3132 622 3205 magnis
655 3131 828 3186 rebus
862 3128 1303 3200 imperitissimo
1335 3127 1344 3179 !
1381 3127 1538 3180 Tunc
1572 3127 1850 3181 adversus
1904 3131 2034 3180 tau-

390 3224 513 3275 tam
543 3225 851 3284 sortem,ac
884 3235 984 3289 per
1015 3221 1202 3272 totum
1237 3217 1434 3270 orbem
1471 3215 1660 3269 fusam
1694 3213 2032 3282 Ecclesiam,

394 3325 522 3381 quae
556 3324 653 3380 per
684 3306 970 3362 sermonis
1004 3305 1308 3369 vilitatem,
1359 3303 1926 3375 przedicatiouisque,
1973 3307 2034 3358 ut

390 3397 504 3470 ipsi
537 3399 782 3451 fortasse
815 3394 1099 3460 dixeritis,
1153 3392 1460 3448 stultitiam
1516 3393 1581 3458 ³⁸,
1633 3408 1836 3446 omnes
1869 3396 2030 3446 terra:

393 3486 535 3542 tines
568 3483 868 3556 complexa
890 3490 998 3552 est,
1033 3500 1159 3553 quze
1200 3483 1493 3552 sapientes
1526 3480 1680 3544 vicit,
1711 3487 1765 3535 et
1814 3481 2028 3536 daemo-

384 3591 490 3631 nes
517 3573 828 3645 oppressit,
862 3577 918 3627 et
965 3577 1197 3641 tempus
1248 3569 1576 3639 superavit;
1611 3569 1813 3624 eadem
1860 3573 2026 3625 vetus

384 3663 582 3731 simul,
616 3669 672 3717 et
703 3679 868 3729 nova,
906 3667 967 3716 ut
1006 3678 1103 3715 vos
1148 3662 1387 3713 deorum
1427 3658 1742 3728 quemdam
1779 3675 1847 3728 po
1889 3663 2019 3712 ten-

379 3760 504 3808 tose
532 3751 904 3823 contingitis;
941 3751 1039 3803 illa
1071 3749 1419 3820 paucis,hzec
1456 3746 1798 3816 promiscna:
1823 3746 2020 3801 multi-

373 3841 563 3898 tudini
598 3859 610 3908 ;
643 3840 742 3894 illa
774 3839 1237 3908 adumbratione,
1273 3838 1389 3891 haec
1424 3836 1770 3908 perfectione
1804 3841 2019 3906 myste-

372 3932 443 3987 rii
474 3932 544 3987 ad
571 3948 680 3986 sua
703 3935 968 4000 tempora
999 3928 1270 3983 reservati
1297 3927 1322 3980 ‘2
1353 3928 1515 3980 Tune
1545 3924 1702 3995 (quis
1736 3929 2020 3992 autem,et

371 4029 651 4093 quantus,
684 4026 740 4073 et
771 4020 921 4073 unde
942 4021 987 4085 Υ)
1022 4019 1300 4071 adversus
1341 4031 1612 4085 magnam
1647 4014 1858 4068 Christi
1895 4013 2014 4068 hie-

368 4108 673 4164 reditatem
703 4107 729 4159 ‘?
762 4123 1056 4177 magnam,
1092 4106 1356 4174 inquam,
1395 4103 1578 4167 illam,
1615 4119 1735 4164 nec,
1769 4101 2013 4157 etiamsi

371 4196 609 4268 quidam
644 4195 853 4265 majori
884 4211 1058 4264 quam
1097 4200 1153 4247 tu
1187 4195 1375 4246 lurore
1409 4198 1581 4260 atque
1614 4189 1843 4245 insania
1876 4207 2014 4261 prae-

440 4333 488 4368 ³³
520 4331 596 4386 ΙΙΙ
630 4331 768 4400 Reg.
800 4346 914 4394 xxx,
950 4330 1050 4382 18:
1087 4328 1277 4390 Rom.,
1311 4343 1386 4394 ιι,
1422 4327 1470 4379 4.
1548 4325 1590 4364 ³⁸
1626 4325 1764 4380 Dan.
1798 4340 1882 4393 In,
1916 4323 2003 4380 48.

2211 3038 2330 3092 ΞΖ’.
2382 3035 2716 3104 Εὗηθὲστατε
2749 3083 2763 3108 ,
2813 3037 2902 3090 καὶ
2953 3034 3287 3109 ἀσεϐέστατε,
3338 3037 3432 3092 καὶ
3477 3034 3804 3092 ἀπαιδευτό-

2145 3144 2268 3178 τατε
2317 3124 2384 3178 τά
2443 3123 2651 3201 μεγάλα
2679 3127 2689 3181 !
2720 3123 2782 3178 σὺ
2832 3126 2968 3178 κατὰ
3011 3126 3273 3180 τοσούτου
3319 3125 3535 3201 κλήρου
3572 3126 3660 3180 καὶ
3701 3133 3801 3196 τῆς

2147 3213 2527 3286 οἱκουμενικῆς
2573 3212 2945 3290 καρποφορίας
3000 3217 3160 3288 (78),
3205 3221 3305 3284 τῆς
3367 3216 3543 3270 πάντα
3601 3212 3793 3270 διαλα-

2145 3297 2345 3370 δούσης
2385 3302 2451 3356 τὰ
2499 3303 2724 3378 πέρατα,
2769 3300 2857 3356 διὰ
2903 3310 3002 3372 τῆς
3053 3301 3320 3365 εὐτελείας
3350 3308 3447 3358 τοῦ
3499 3303 3667 3378 λόγου
3698 3304 3788 3358 καὶ

2141 3397 2240 3459 τῆς
2277 3390 2507 3466 μωρίας,
2557 3391 2633 3452 ὡς
2682 3391 2741 3445 ἂν
2788 3390 2940 3446 αὐτοὶ
2975 3392 3188 3469 φαίητε,
3219 3397 3314 3446 τοῦ
3344 3392 3716 3467 κηρύγματος,
3750 3393 3779 3448 ὃ

2140 3479 2337 3558 σοφοὺς
2372 3478 2600 3552 ἐνίκησε,
2631 3481 2720 3534 καὶ
2752 3478 3013 3553 δαίμονας
3043 3479 3238 3535 ἔπαυσε
3279 3484 3413 3554 (79),
3448 3482 3537 3536 καὶ
3582 3481 3784 3557 χρόνον

2141 3568 2545 3644 ὑπερηκόντισε,
2603 3569 2666 3624 τὸ
2724 3569 2852 3623 αὐτὸ
2911 3567 3144 3624 παλαιόν
3195 3589 3254 3624 τε
3311 3569 3455 3641 ὁμοῦ
3511 3571 3782 3645 τυγχάνον

2136 3657 2223 3712 καὶ
2255 3657 2394 3728 νέον,
2437 3659 2510 3719 ὡς
2554 3657 2708 3730 ὑμεῖς
2757 3662 2863 3712 τῶν
2917 3662 3049 3722 θεῶν
3094 3679 3210 3713 τινα
3258 3660 3370 3730 (80)
3417 3660 3780 3733 τερατεύεσθεο

2131 3748 2194 3800 τὸ
2227 3747 2318 3818 μὲν
2353 3752 2466 3807 τοῖς
2513 3746 2746 3821 ὀλίγοις,
2795 3746 2858 3800 τὸ
2908 3744 2964 3800 δὲ
2998 3753 3113 3808 τοῖς
3164 3743 3420 3808 πολλοῖς
3455 3747 3543 3801 καὶ
3587 3748 3650 3802 τὸ
3686 3748 3782 3820 μὶν

2130 3837 2197 3908 τῇ
2249 3835 2608 3911 σκιαγραφίᾳ,
2658 3835 2720 3889 τὸ
2780 3832 2837 3890 δὲ
2879 3839 2949 3908 τῇ
2999 3834 3278 3890 τελειώσει
3326 3840 3427 3889 τοῦ
3480 3837 3781 3912 μυστηρίου

2127 3929 2336 3999 καιροῖς
2386 3922 2547 3986 ἰδίοις
2586 3923 2963 3997 ταμιευθὲντος
2999 3944 3012 3993 ;
3049 3923 3123 3978 Σὺ
3181 3923 3316 3979 κατὰ
3369 3927 3470 3994 τῆς
3531 3927 3780 4000 μεγάλης

2126 4018 2222 4067 τοῦ
2249 4014 2485 4089 Χριστοῦ
2515 4015 2626 4085 (81)
2659 4013 3035 4089 κληρονομίας
3068 4032 3081 4082 ;
3116 4014 3166 4086 (ὁ
3196 4013 3300 4080 τίς,
3334 4013 3422 4068 καὶ
3468 4014 3657 4083 πόσος,
3689 4015 3780 4070 καὶ

2125 4102 2283 4156 πόθεν
2319 4104 2358 4171 ς)
2415 4109 2515 4171 τῆς
2575 4101 2822 4175 μεγάλης
2876 4102 2964 4156 καὶ
3019 4101 3080 4156 οὐ
3140 4103 3512 4175 παυσομένης,
3563 4101 3678 4158 ουδ’
3719 4103 3780 4158 ἂν

2124 4188 2289 4245 πλέον
2329 4193 2362 4260 ἢ
2418 4191 2479 4244 σὺ
2529 4191 2733 4263 μανῶσί
2777 4211 2940 4263 τινες,
2994 4190 3120 4245 ἀλλ’
3172 4190 3259 4246 ἐπὶ
3310 4189 3501 4246 πλεῖον
3551 4194 3664 4265 (82)
3696 4193 3778 4248 ἀεὶ

2081 4324 2122 4360 ³⁷
2155 4329 2328 4380 Num.
2360 4343 2475 4394 xxx,
2507 4325 2560 4381 9.
2589 4326 2633 4360 ⁸⁸
2667 4330 2691 4379 I
2721 4328 2846 4382 Cor.
2883 4343 2921 4392 ι,
2955 4327 3044 4380 24.

441 4466 555 4591 (74)
583 4464 765 4539 ”Οφιν.
802 4485 827 4512 ‹‹
864 4463 1203 4532 Serpentem
1252 4476 1626 4530 suspensum.
1665 4482 1693 4509 »
1725 4459 1803 4514 De
1832 4481 1858 4509 «
1896 4457 2016 4512 dia-

441 4563 444 4585 ι
472 4555 502 4591 o
537 4559 559 4588 ι
593 4537 1006 4591 interpretatur
1040 4533 1212 4586 tilias.

2147 4478 2275 4512 Levat.
2311 4481 2338 4507 «
2374 4457 2708 4513 Volitantia.
2747 4480 2775 4507 »

2197 4531 2308 4591 (77)
2343 4533 2618 4591 Πειρᾶται.
2651 4553 2677 4579 κ(
2712 4537 2775 4591 At

373 4533 502 4594 bolo
537 4533 559 4588 ὦ
593 4533 1006 4605 interpretatur
1040 4533 1212 4605 ullas.

439 4609 550 4680 (72)
607 4599 817 4661 Πολλοὶ
873 4604 966 4676 μὲν
1029 4607 1133 4655 τῶν
1175 4602 1240 4680 -ἐν
1272 4599 1658 4680 δυναστείαις..
1696 4601 1810 4680 Ηοε
1838 4603 2009 4680 Δἱῐιΐοιθ

369 4674 686 4753 generosos
727 4674 1110 4744 cont'essores,
1159 4677 1437 4730 Jovianus
1485 4683 1540 4729 ct
1560 4674 2005 4730 Valentinianus

365 4755 770 4808 numerantur.

431 4827 544 4894 (73)
577 4822 690 4878 Οὐκ
723 4820 844 4888 ἡνία
881 4817 1120 4894 μᾶλλον,
1149 4825 1256 4872 etc.
1293 4843 1317 4866 ‹‹
1378 4823 1495 4871 Non
1555 4815 1687 4894 pl_us
1739 4817 2003 4872 mceroris

362 4888 738 4950 ac‘molestize
772 4894 842 4946 ob
874 4888 991 4956 eos,
1029 4892 1123 4962 qui
1161 4895 1286 4957 ejus
1321 4906 1530 4941 manus
1560 4888 2004 4962 cll‘ugccant,ca-

362 4969 577 5038 piebat,
613 4982 785 5036 quam
838 4960 1057 5016 mqu
1108 4963 1567 5038 pertumn-batur
1610 4960 1682 5038 ob
1715 4976 1812 5012 eos
1857 4977 2003 5028 quos

350 5031 478 5106 jam
514 5031 800 5106 corp-erat;
836 5053 898 5088 cx
942 5031 1153 5104 quibus
1203 5036 1309 5086 hoc
1362 5031 1805 5106 assequebatur,
1841 5036 1904 5106 ut
1935 5047 2004 5106 ne

362 5101 432 5162 de
483 5101 614 5162 illis-
647 5110 879 5178 quidem
931 5101 1265 5176 desperaret
1297 5127 1309 5166 ς
1343 5119 1538 5156 verum
1592 5101 1858 5155 voluntas
1892 5102 2001 5170 ipsi

362 5181 515 5251 quod
569 5196 670 5249 spe
717 5178 1219 5248 conreporatJam
1277 5181 1579 5243 acceptum
1622 5180 1998 5243 reprresenta-

453 5274 528 5305 .))

453 5293 464 5305 ι
501 5274 528 5301 ))

357 5256 540 5391 ΓΘ(74)
577 5321 860 5392 Καμάτων.
917 5341 941 5366 (ι
987 5320 1295 5372 Lalior‘um.
1351 5339 1376 5362 ›)
1427 5315 1519 5368 Sic
1550 5313 1678 5368 Bill.
1719 5313 1778 5368 in
1813 5313 2001 5384 prima

357 5396 495 5450 edit.
530 5395 738 5448 melius
765 5409 958 5462 quam,
995 5414 1020 5438 ‹‹
1055 5404 1472 5462 aerumnarum.
1508 5409 1533 5434 ››

429 5468 541 5536 (75)
577 5455 1022 5536 ΙΙεπετασμένοις.
1075 5461 1278 5514 Plures
1322 5459 1464 5529 regii
1511 5455 1755 5525 codices,
1808 5457 1905 5512 Or.
1943 5459 1993 5526 1,

355 5535 518 5592 Pass.
552 5535 912 5606 πεπταμένοις
925 5577 935 5587 .

429 5608 540 5677 (76)
587 5599 979 5677 Ἐμπνεόμενα.
1044 5604 1137 5657 Sic
1213 5603 1414 5673 legunt
1486 5599 1658 5677 Elius,
1723 5601 1992 5677 Montet

350 5677 495 5740 Gab.
524 5667 771 5735 'Codices
818 5667 1010 5733 tamen
1066 5691 1210 5748 pene
1259 5667 1461 5728 omnes
1511 5673 1726 5727 habent
1754 5667 1990 5746 ἐμπετά-

2197 4531 2618 4602 (77)(Ιλ1ειρᾶται.
2651 4553 2677 4579 u
2712 4529 3087 4600 Aggreditur,
3123 4551 3151 4579 ››
3185 4544 3393 4602 nempe
3424 4528 3770 4602 religionem

2124 4601 2201 4655 Ch
2213 4601 2515 4655 ristianum
2548 4606 2822 4656 evertere.

2187 4673 2312 4752 (7§)_
2351 4671 2756 4752 Καρποιοορίας.
2792 4669 3016 4752 Billius,
3050 4675 3181 4752 post
3211 4671 3421 4740 Eliam,
3460 4695 3481 4721 ιι
3517 4672 3587 4726 de
3608 4671 3769 4752 citri:

2117 4745 2188 4814 sti
2224 4744 2516 4798 oblatione
2549 4767 2574 4792 ‹‹
2612 4744 3029 4812 interpretatur
3053 4744 3204 4797 hanc
3237 4759 3594 4814 vocem,qu
3619 4744 3766 4799 nihil

2115 4813 2272 4868 aliud
2307 4821 2478 4868 sonat
2511 4832 2685 4885 quam
2719 4841 2744 4864 ι(
2781 4813 2936 4868 urbis
2966 4815 3151 4886 totius
3175 4831 3428 4886 messem
3463 4813 3495 4862 ›ἱ
3527 4818 3761 4886 frugum

2119 4887 2462 4949 ubertatem,
2499 4884 2561 4939 ut
2589 4886 2732 4939 bene
2763 4886 2959 4938 Comb.
2997 4902 3009 4940 :
3052 4906 3078 4936 α
3109 4884 3256 4940 Vitis
3278 4884 3377 4939 illa
3397 4884 3762 4956 est,qua§or-

2117 4957 2244 5010 bem
2280 4956 2732 5026 iinplevit,cujus
2759 4957 2966 5010 umbra
2983 4958 3212 5026 operuit
3235 4965 3522 5011 montes.»
3543 4957 3762 5013 Christi

2119 5029 2374 5097 profecto
2405 5027 2712 5083 haereditas
2744 5034 2832 5082 est
2861 5027 3138 5095 Ecclesia,
3170 5045 3297 5098 quas
3347 5045 3448 5098 per
3477 5030 3759 5098 praedica-

2115 5099 2291 5172 tionis
2323 5099 2627 5172 stultitiam
2662 5100 2856 5172 omnia
2890 5099 3159 5170 pervasit,
3185 5116 3311 5168 quae
3337 5099 3569 5170 quidem
3607 5117 3756 5172 pra:-

2113 5170 2326 5224 dicatio
2354 5193 2381 5217 «
2416 5171 2710 5242 sapientes
2743 5170 2894 5235 vicit,
2926 5189 2957 5222 ››
2991 5175 3100 5225 etc.

2112 5313 2123 5324 ο
2358 5238 2627 5312 Δαίμονας
2679 5238 2890 5295 ἔπαυσε.
2940 5262 2968 5290 u
3026 5241 3401 5296 Daemonibus
3449 5239 3754 5298 silentium

2112 5330 2165 5366 in
2217 5320 2336 5366 let.
2374 5334 2400 5360 ››

2110 5315 2336 5367 indixit.
2374 5334 2400 5360 ››

2182 5386 2292 5456 (80)
2337 5387 2451 5436 Τῶν
2497 5383 2633 5456 θεῶν
2678 5402 2817 5438 τινα.
2872 5384 3012 5439 Mss.
3083 5399 3196 5438 non
3251 5382 3420 5454 pauci
3467 5381 3527 5438 in
3559 5399 3747 5456 marg.

2108 5450 2379 5519 Διόνυσον,
2419 5478 2438 5503 ιι
2479 5455 2786 5510 Bacchum.
2819 5477 2848 5504 »
3251 5450 3269 5454 ’
3694 5450 3724 5456 ⁷
3830 5450 3840 5464 ⁵

2177 5529 2289 5601 (8i)
2315 5527 2426 5601 Γ[οῦ
2455 5527 2708 5601 Χριστοῦ.
2747 5527 2882 5601 Β,Θᾶ
2917 5527 3063 5601 bm_.,
3094 5527 3191 5577 τοῦ
3223 5527 3376 5601 θεοῦ..

2173 5599 2292 5670 (82)
2352 5597 2468 5652 Ἐπὶ
2507 5596 2784 5652 πλεῖον...
2837 5596 3182 5672 δρωμένοις.
3243 5596 3393 5653 Billi.
3428 5619 3458 5648 «
3509 5596 3747 5673 longius
