4148 6290
371 334 485 394 591

1615 333 1680 390 S.
1731 328 2100 390 GREGOBII
2145 328 2540 390 THEOLOGI

3666 333 3784 393 593

371 464 508 521 latis
537 463 852 521 excitatum
884 461 1195 518 admiraris
1221 478 1232 530 ;
1267 465 1322 517 et
1350 460 1578 534 Pelopis
1619 461 2012 528 laniationem,

2134 462 2236 512 τῶν
2271 480 2393 535 περι
2421 463 2675 535 γυναῖκας
2707 459 3076 532 ἀδικημάτων·
3110 460 3201 517 καί
3228 463 3325 532 τὴν
3366 460 3618 525 Πέλοπος
3665 464 3781 537 (95)

369 555 555 620 illam,
587 553 851 625 inquam,
879 551 966 608 vel
1012 551 1382 622 hospitalem,
1415 552 1502 606 vel
1535 568 1568 606 a
1596 552 1837 606 deorum
1866 551 2016 604 I09

371 659 569 700 amore
599 643 933 714 profectam,
967 657 1035 695 ex
1083 658 1194 711 qua
1227 640 1508 714 Pelopida:
1558 642 1629 696 ab
1669 640 1934 694 humeris
1961 644 2019 694 et

371 733 543 788 ebore
573 731 867 787 nobilitati
899 735 1037 787 sunt
1064 747 1075 785 :
1112 732 1210 803 qui
1260 731 1435 785 etiam
1466 730 1783 803 Phrygum,
1818 728 1918 800 qui
1949 728 2016 783 ti-

369 825 477 880 biae
507 821 793 878 suavitate
825 819 1241 887 mulcentur,et
1271 825 1404 891 post
1431 819 1585 874 tibiae
1619 823 1854 874 cantum
1886 834 2017 872 con-

369 912 616 970 tumelia
646 910 1005 976 afﬁciuntur,
1058 909 1419 964 exsectiones
1445 934 1458 975 ;
1491 913 1548 963 et
1579 909 1637 963 in
1670 907 1891 962 Mithrae
1923 922 2016 961 sa-

368 1002 484 1060 cris
515 1001 809 1059 adhibitos
856 997 1168 1065 cruciatus,
1194 999 1507 1069 justasque
1552 1001 1652 1052 aut
1680 997 1855 1052 etiam
1889 1011 2016 1066 my-

365 1091 549 1149 sticas
579 1091 842 1146 ustiones
869 1112 882 1156 ;
914 1092 970 1142 et
999 1086 1294 1158 hospitum
1328 1088 1482 1157 apud
1525 1087 1747 1141 Tauros
1779 1084 2016 1152 caedem,

365 1179 628 1252 illudque
657 1177 812 1250 apud
844 1177 1079 1246 Trojam
1113 1175 1316 1246 puellae
1349 1175 1517 1246 regis:
1551 1174 1926 1240 sacriﬁcium,
1959 1177 2018 1228 et

363 1268 641 1334 Menmcei
671 1284 775 1340 pro
807 1265 1102 1323 Thebanis
1133 1266 1330 1320 fusum
1382 1264 1750 1336 sanguinem,
1780 1268 2015 1335 postea-

365 1375 478 1432 que
507 1357 762 1413 ﬁliarum
814 1355 1046 1410 Scedasi
1099 1354 1156 1407 in
1209 1354 1514 1408 Leuctris:
1561 1353 1659 1424 qui
1699 1357 2014 1424 Spartanos

362 1448 760 1506 adolescentes
790 1445 966 1516 virgis
998 1459 1125 1498 sese
1157 1442 1480 1498 lacerantes
1512 1444 1737 1511 laudas,
1771 1451 1822 1496 et
1854 1457 2013 1497 aram

363 1553 568 1594 cruore
598 1549 950 1606 respersam,
982 1533 1150 1587 deam
1180 1537 1399 1586 castam
1431 1537 1486 1586 et
1515 1532 1798 1602 virginem
1831 1531 2025 1588 oblec.

362 1630 586 1682 tantem
621 1643 634 1680 :
667 1625 769 1696 qui
801 1622 1052 1677 Socratis
1103 1622 1353 1676 cicutam
1409 1620 1658 1685 extollis,
1690 1627 1744 1674 et
1775 1621 2015 1691 Epicteti

364 1730 518 1784 crus,
539 1717 594 1769 et
623 1710 947 1768 Anaxarchi
979 1714 1166 1764 utrem
1195 1726 1473 1780 ;quorum
1508 1708 1787 1780 patientia
1817 1713 2017 1764 coacta

361 1803 560 1876 potius
607 1818 673 1858 ac
725 1799 1075 1868 necessaria,
1109 1815 1283 1870 quam
1342 1798 1522 1853 libera
1579 1802 1636 1853 et
1687 1797 2013 1853 voluntaria

364 1897 525 1950 erat:
557 1890 656 1963 qui
686 1889 1034 1946 Cleombroti
1066 1886 1449 1942 Ambraciota
1482 1886 1804 1953 saltum,ad
1839 1903 2012 1959 quem

363 1998 433 2038 ex
462 1979 644 2036 libelli
672 1981 748 2034 De
777 1979 966 2032 anima
1013 1977 1258 2032 lectione
1289 1975 1581 2047 impulsus
1614 1981 1702 2031 est
1735 1994 1746 2029 :
1782 1976 1880 2047 qui
1914 1977 2017 2048 Py-

361 2068 721 2142 thagoricam
754 2067 913 2121 illam
949 2083 1050 2137 pro
1084 2065 1231 2120 fabis
1266 2065 1717 2131 contentionem,
1753 2070 1810 2120 et
1834 2065 2016 2120 Thea-

361 2163 606 2228 nus,aut
635 2157 829 2212 nescio
878 2157 1047 2226 cujus
1075 2153 1227 2209 alius
1261 2171 1329 2209 ex
1359 2154 1430 2208 iis
1480 2155 1577 2225 qui
1621 2154 2018 2226 Pythagoricis

361 2246 656 2322 mysteriis
676 2245 888 2301 initiati
921 2251 1087 2300 erant
1117 2245 1358 2314 ejusque
1389 2245 1666 2315 dogmata
1697 2244 2023 2316 sequeban-

359 2341 475 2406 tur,
513 2335 721 2392 mortis
753 2334 1266 2406 contemptionem.

360 2445 458 2500 sit.
489 2444 656 2499 Hunc
683 2440 958 2497 Julianus
991 2456 1220 2512 rogum,
1265 2445 1546 2512 tanquam
1581 2439 1756 2494 animi
1791 2441 2016 2512 magni-

358 2515 568 2571 tudine
597 2515 816 2569 factum
840 2511 1579 2582 admirabatur.Gregorius
1598 2529 1730 2566 vero
1749 2511 2017 2567 demons-

361 2590 479 2642 trat
506 2585 565 2640 id
587 2583 814 2639 Herculi
840 2583 1242 2638 exinfortunio
1261 2583 1656 2654 etcalamitatc
1679 2585 2011 2654 contigisse.

435 2657 548 2729 (95)
575 2655 854 2729 Ιιὲλοπος.
893 2655 1186 2729 Ριθςᾋξηῐξ,
1234 2650 2014 2729 l‘lélomoq.Tantalus—Pelo-

363 2726 498 2801 pem
530 2727 718 2801 ﬁlium
749 2731 973 2801 coctum
1002 2726 1114 2780 diis
1147 2726 1477 2801 hospitibus
1510 2726 1566 2778 in
1602 2743 2014 2801 mensaappo-

299 2860 310 2870 ,
365 2798 504 2857 suit.
556 2799 644 2854 Illi
696 2815 828 2854 vero
877 2799 949 2852 ab
1002 2814 1106 2852 esu
1155 2798 1585 2870 abstinuerunt,
1642 2803 1698 2851 et
1747 2798 2014 2869 Pelopem

367 2872 438 2928 ad
468 2871 647 2927 vitam
679 2873 1024 2926 revocarunt
1065 2869 1288 2939 junctis
1336 2869 1622 2939 partibus,
1659 2875 1864 2938 praeter
1903 2870 2012 2924 hu-

366 2959 594 2998 merum
628 2960 661 2998 a
707 2943 909 2997 Cerere
952 2946 1240 3006 voratum,
1273 2941 1442 3010 cujus
1490 2940 1613 2995 loco
1663 2943 1897 2996 additus
1929 2946 2017 2998 est

363 3015 678 3072 eburneus.

436 3087 544 3157 (96)
573 3085 675 3145 Τὰς
727 3087 985 3158 φρυγῶνᾷ
1004 3080 1257 3158 ἐκτομάς.
1315 3105 1341 3158 ε(
1394 3083 1685 3158 Phrygum
1736 3084 2013 3138 exsectio-

361 3173 486 3212 nes.
523 3154 551 3206 5»
583 3158 644 3210 In
678 3154 926 3228 Phrygia
957 3155 1124 3210 Rheae
1160 3154 1443 3228 templum
1477 3157 1692 3220 erat,in
1727 3172 2011 3228 quo,cum

361 3229 488 3299 dies
518 3228 651 3282 festi
690 3226 1030 3299 agebantur,
1079 3227 1328 3299 nefanda
1360 3226 1416 3280 in
1451 3243 1660 3296 pueros
1700 3227 2014 3282 crudelitas

361 3298 770 3366 adhibebatur,
805 3315 869 3353 ac
900 3299 1059 3352 tibiis
1091 3298 1395 3364 canebant,
1433 3303 1494 3351 ut
1542 3315 1743 3352 eorum
1786 3299 2014 3354 dolores

361 3370 636 3426 lenirent.

430 3442 548 3512 (97)
579 3441 724 3495 Μετὰ
765 3439 856 3492 τὸν
905 3436 1089 3512 αὐλόν.
1143 3438 1419 3494 Permulti
1473 3439 1721 3505 codices,
1776 3438 1905 3495 Ald.
1959 3443 2016 3495 et

360 3507 494 3569 Βὰε.
527 3507 621 3569 ed.
660 3512 927 3582 μετὰτῶν
955 3507 1158 3582 αὐλῶν.

429 3577 684 3657 (98)-Ἐν
743 3581 949 3654 Μίθρου
1013 3579 1275 3657 βασάνους
1335 3580 1422 3633 καὶ
1482 3578 1695 3657 καύσεις
1753 3577 2011 3657 ἐνδίκους.

361 3649 580 3728 Ηάε.’1
640 3661 697 3710 et
755 3649 921 3710 Aass.
993 3649 1082 3712 ii;
1155 3649 1511 3728 Evaizouq,”‘})
1572 3652 1658 3704 καὶ
1734 3653 2010 3722 μυστικάς.

358 3723 519 3784 Hanc
547 3727 856 3782 lectionem
890 3727 1157 3796 sequitur
1189 3724 1316 3778 Bill.
1353 3723 1555 3779 Melius
1587 3742 1716 3779 vero
1753 3725 2010 3780 Combef.

357 3800 588 3856 videtur
616 3800 856 3854 reddere
905 3798 1100 3853 Graeca
1136 3803 1196 3851 ut
1230 3813 1382 3850 nunc
1422 3802 1559 3851 sunt
1595 3814 1610 3855 :
1643 3820 1668 3844 (ί
1700 3799 2014 3868 justasque

359 3873 655 3942 ustiones,
678 3871 956 3942 mysticae
981 3869 1118 3942 illas
1149 3874 1205 3923 et
1239 3885 1306 3922 ex
1339 3885 1639 3942 sacrorum
1673 3870 1807 3942 ritu,
1844 3890 1872 3942 ᾳ)
1902 3875 2010 3923 etc.

362 3943 562 4012 Porro,
585 3940 821 4016 Μίθρου,
853 3964 894 4016 «_
912 3941 1115 4016 solem,
1148 3963 1174 3989 ››
1213 3945 1357 4016 teste
1380 3940 1532 4016 Elia,
1571 3941 1802 4016 plurimi
1839 3941 2013 3995 inter-

404 4011 826 4078 retartturﬂQui
878 4013 1099 4067 Mithrae
1151 4013 1331 4066 sacris
1378 4011 1644 4066 initiandi
1697 4016 1878 4078 erant,
1915 4029 2014 4082 per

405 4087 671 4142 undecim
745 4085 1039 4139 cruciatus
1117 4084 1495 4144 ducebantur,
1558 4083 1834 4136 nimirum
1885 4099 2016 4154 per

362 4157 582 4229 ignem,
617 4172 720 4229 per
745 4157 948 4229 frigus,
973 4172 1072 4225 per
1104 4156 1335 4229 famem,
1356 4172 1454 4229 per
1486 4154 1662 4219 sitim,
1684 4170 1782 4223 per
1812 4153 2010 4226 nigra,

364 4225 468 4300 p'er
495 4225 722 4300 itineris
755 4225 1117 4300 molestiam,
1137 4225 1374 4300 aliaque”
1399 4226 1450 4300 id
1487 4243 1689 4293 genus.

434 4300 546 4371 (99)
579 4299 664 4371 Ἐν
697 4296 944 4361 Ταύροις.
982 4299 1042 4371 in
1075 4296 1322 4371 Taurica
1352 4296 1727 4371 Chersoqeso,
1767 4297 1833 4349 ad
1872 4295 2012 4349 Pon-

361 4366 487 4426 tum
518 4366 831 4431 Euxinum,
855 4373 980 4423 erat
1008 4368 1238 4436 insigne
1271 4366 1556 4436 templum
1587 4368 1777 4421 Diana:
1810 4383 2009 4420 conse-

363 4445 611 4509 cratum,
645 4441 705 4495 in
737 4457 849 4511 quo
883 4439 992 4510 ipsi
1029 4438 1296 4511 homines
1347 4438 1830 4506 immolabantur,
1864 4455 2008 4511 prte-

362 4514 566 4568 sertim
598 4513 646 4569 si
678 4509 776 4583 qui
825 4509 1130 4581 naufragio
1162 4511 1230 4563 ad
1281 4509 1422 4564 istas
1474 4528 1605 4564 oras
1655 4511 1820 4580 ejecti
1870 4510 2011 4564 fuis-

361 4589 512 4640 sent.

458 4657 508 4740 1)
541 4653 663 4711 Ἐπί
694 4652 948 4729 Τροίας...
981 4655 1080 4720 τῆς
1125 4648 1410 4740 βασιλικῆς
1440 4650 1814 4740 κόιρηςςὶξυῐὶῑι
1859 4668 2010 4740 ρῳ(-

361 4722 507 4784 nulli
537 4728 658 4798 qui,
697 4722 798 4797 per
830 4749 856 4776 ‹‹
892 4722 1413 4798 regiampucllam,
1436 4747 1462 4772 ››
1499 4722 1823 4795 intelligant
1859 4722 2010 4798 Iphi-

360 4794 592 4871 geniam
629 4794 1078 4871 Agamemnonis
1116 4797 1542 4871 liliamtquaur
1570 4802 1750 4871 pater,
1788 4794 2011 4871 ut_Di_av

361 4864 496 4926 nam
531 4864 743 4926 Grzecis
775 4870 982 4924 iratam
1017 4869 1288 4941 placaret,
1326 4867 1386 4941 in
1420 4867 1621 4920 Aulide
1669 4864 2009 4941 immolavit:

360 4942 577 4997 Verum
629 4943 946 4996 notandum
1001 4937 1106 5009 est,
1137 4941 1289 5009 quod
1342 4938 1388 4990 si
1439 4956 1504 4991 ea
1552 4944 1705 4990 esset.
1754 4937 2010 5009 Gregorii

361 5029 548 5085 mens,
600 5031 714 5068 non
767 5012 851 5065 ἐπὶ
900 5005 1114 5085 Τροίας,
1151 5005 1174 5057 ἶ(
1212 5011 1364 5080 apud
1409 5009 1666 5085 Trojam,
1710 5009 1869 5085 ised
1924 5005 2009 5085 επὶ

360 5081 574 5168 Τροίαν,
616 5106 641 5136 α
673 5078 950 5168 adversus
984 5078 1301 5168 :l‘rojam,:»
1337 5078 1872 5168 scripsi‘s'set..U‘ndIe
1890 5078 2009 5168 ple:

359 5149 529 5227 rique
561 5157 930 5227 reperiuntur
984 5149 1348 5227 interpretes,
1392 5151 1488 5220 qui
1543 5151 1635 5227 hic
1686 5149 2012 5227 intelligant

360 5174 406 5212 r1
459 5174 529 5212 ue
561 5174 930 5227 reperluntur
984 5174 1348 5222 lntcrpt'etes,
1392 5174 1488 5220 qui
1543 5174 1635 5205 ult:
1686 5174 2009 5230 intelligunt

360 5174 706 5302 Ptilyxenam
761 5228 980 5302 Priami
1009 5226 1206 5284 "ilium,
1241 5239 1413 5302 quam
1465 5223 1718 5302 Pyrrhus
1772 5221 2009 5302 Agllillls

359 5292 635 5357 manibus
667 5300 1024 5354 immolando
1056 5296 1431 5350 consecravit.
1472 5298 1552 5347 ita
1603 5299 1798 5347 censet
1831 5292 2007 5355 Elias,

400 5374 458 5428 ui
495 5372 642 5427 hanc
675 5372 980 5426 historiam
1010 5368 1290 5422 veriorem
1314 5381 1440 5418 esse
1465 5365 1708 5434 judicat,
1735 5369 1789 5418 et
1821 5365 2008 5436 magis

407 5445 612 5520 regorii
647 5444 1017 5520 sermonibus
1049 5441 1502 5520 congruentem..-

427 5508 502 5583 (2)
535 5516 862 5574 Μενοικέως.
900 5514 1226 5567 Menoeceus
1277 5508 1540 5583 Creontis
1590 5508 2004 5583 Thebanorum

357 5579 512 5654 regis
545 5585 700 5640 ﬁlius
732 5590 907 5640 erat.«
929 5585 1071 5638 Cum
1096 5587 1311 5647 autem,
1332 5601 1356 5626 ››
1379 5580 1568 5654 inquit
1590 5580 1800 5654 Elias,«
1820 5579 2007 5651 ipsius

355 5651 546 5727 patria
575 5655 725 5711 bello
757 5662 1137 5726 premeretur,
1164 5659 1337 5723 atque
1372 5651 1670 5727 oraculum
1693 5653 1892 5727 datum
1914 5666 2004 5727 es-

355 5722 464 5808 iet,
498 5726 618 5808 fore
651 5732 716 5784 ut
746 5722 966 5784 bellum
994 5722 1482 5799 exstingueretur,
1511 5728 1566 5779 et
1599 5722 1793 5780 hostes
1823 5723 1881 5780 in
1916 5722 2003 5779 fu-

2126 549 2467 623 κρεουργίαν,
2518 549 2614 618 τήν
2664 547 2966 627 φιλόξενον,
3087 551 3362 626 φιλόθεον,
3414 551 3465 622 ἐξ
3494 554 3561 620 ἧς
3594 551 3778 622 ἐπίση-

2132 658 2225 709 μοι
2280 635 2574 691 Πελοπίδαι
2624 637 2770 712 παρὰ
2814 642 2920 692 τῶν
2971 637 3137 706 ὤμων
3189 639 3404 695 καὶτοῦ
3446 637 3773 717 ἐλέφαντος·

2127 727 2216 779 καὶ
2262 728 2356 788 τὰς
2406 731 2637 801 Φρυγῶν
2688 725 2921 799 ἐκτομάς
2953 730 3085 801 (96),
3107 734 3212 784 τῶν
3247 728 3336 782 ὑπ’
3365 728 3536 783 αὐλοῦ
3567 727 3781 801 κηλου-

2133 813 2326 886 μένων,
2381 816 2468 870 καὶ
2530 816 2663 887 μετὰ
2713 817 2802 870 τὸν
2855 815 3018 871 αύλὸν
3062 820 3173 890 (97)
3225 813 3594 894 ὑϐριζομένων
3624 839 3634 851 ·
3686 819 3778 875 καὶ

2124 905 2218 965 τὰς
2271 903 2321 958 ἐν
2373 903 2581 979 Μίθρου
2635 905 2897 980 βασάνους
2946 907 3033 961 καὶ
3082 907 3297 970 καύσεις
3363 906 3602 971 ἐνδίκους
3663 911 3779 982 (98)

2123 991 2216 1054 τὰς
2273 994 2532 1066 μυστικάς
2559 1012 2572 1025 °
2617 994 2707 1048 καὶ
2752 995 2851 1062 τὴν
2895 994 2945 1049 ἒν
3003 996 3228 1071 Ταύροις
3266 998 3380 1069 (99)
3409 996 3764 1072 ξενοκτονίαν,

2121 1081 2210 1136 καὶ
2240 1083 2337 1151 τὴν
2369 1081 2455 1136 ἐπὶ
2504 1081 2696 1158 Τροίας
2748 1083 2929 1147 θυσίαν
2979 1091 3079 1154 τῆς
3127 1084 3417 1160 βασιλικῆς
3446 1085 3616 1163 κόρης
3647 1088 3724 1160 (1)
3761 1105 3775 1121 ·

2124 1170 2214 1226 καὶ
2262 1172 2322 1226 τὸ
2371 1170 2674 1233 Μενοικέως
2732 1174 2806 1247 (2)
2860 1173 2990 1247 ὑπὲρ
3047 1169 3242 1244 Θηϐῶν
3301 1175 3458 1249 αἷμα,
3515 1174 3605 1230 καὶ
3662 1178 3770 1232 τῶν

2126 1257 2397 1314 Σκεδάσου
2457 1258 2761 1337 θυγατέρων
2823 1263 2899 1334 (3)
2953 1261 3003 1317 ἐν
3064 1263 3357 1336 Λεύκτροις
3419 1263 3678 1338 ὕστερον·
3740 1264 3770 1320 ὁ

2123 1347 2248 1410 τοὺς
2307 1347 2655 1411 Λακωνικοὺς
2714 1349 2944 1404 ἐπαινῶν
3015 1346 3251 1428 ἐφήϐους
3302 1351 3649 1426 ξαινομένους
3698 1353 3783 1425 (4)

2122 1443 2240 1499 ταῖς
2299 1437 2530 1509 μάστιξι,
2589 1439 2676 1492 καὶ
2733 1437 2796 1492 τό
2857 1434 3160 1512 ἐπιϐώμιον
3224 1442 3360 1513 αἷμα
3411 1441 3608 1516 τέρπον
3657 1442 3780 1496 θεὰν

2124 1527 2289 1602 ἁγνὴν
2342 1533 2430 1581 καὶ
2480 1525 2776 1600 παρθένονο
2838 1528 2865 1581 ὁ
2916 1529 2978 1583 τὸ
3031 1530 3351 1605 Σωκράτους
3398 1528 3632 1607 ἐπαίρων
3693 1535 3779 1605 (5)

2124 1617 2372 1686 κώνειον,
2449 1617 2537 1670 καὶ
2612 1617 2674 1670 τὸ
2747 1619 3072 1688 Ἐπικτήτου
3133 1617 3324 1681 σκέλος
3379 1622 3480 1693 (6),
3538 1620 3629 1674 καὶ
3680 1620 3773 1675 τὸν

2125 1705 2460 1780 Ἀναξάρχου
2485 1705 2714 1769 θύλακον
2737 1709 2836 1780 (7),
2862 1707 2933 1761 ὧν
2960 1708 3216 1783 ἀναγκαία
3240 1707 3452 1781 μᾶλλον
3476 1710 3509 1778 ἢ
3531 1708 3777 1772 ἑκούσιος

2127 1794 2159 1850 ὰ
2189 1793 2518 1873 φιλοσοφίαο
2571 1794 2660 1850 καὶ
2705 1794 2766 1850 τό
2817 1792 3210 1871 Κλεομϐρότου
3257 1795 3486 1870 κήδημα
3513 1801 3612 1853 τοῦ
3645 1800 3782 1872 Ἀμ-

2123 1879 2430 1960 ϐρακιώτου
2479 1885 2575 1958 (8),
2625 1888 2704 1956 τῷ
2747 1884 2876 1960 Περὶ
2925 1888 3110 1961 ψυχῆς
3159 1885 3310 1962 λόγῳ
3355 1884 3770 1965 φιλοσοφηθέν·

2127 1973 2216 2028 καὶ
2246 1974 2344 2041 τὴν
2380 1973 2511 2047 ὑπὲρ
2560 1977 2666 2027 τῶν
2718 1972 2940 2044 κυάμων
2974 1975 3354 2050 Πυθαγορικὴν
3407 1978 3482 2048 (9)
3513 1972 3778 2048 ἔνστασιν,

2128 2062 2217 2117 καὶ
2294 2062 2519 2125 θανάτου
2588 2062 2974 2139 περιφρόνησιν
3051 2069 3280 2126 Θεανοῦς
3364 2066 3496 2139 (10),
3576 2068 3610 2134 ἢ
3683 2065 3784 2121 οὐκ

2132 2149 2230 2206 οἶδ’
2280 2149 2488 2213 οὗτινος
2531 2156 2633 2206 τῶν
2683 2153 2750 2206 τὰ
2793 2151 2994 2207 ἐκείνου
3041 2153 3436 2227 τετελεσμένων
3469 2155 3504 2223 ἢ
3551 2153 3783 2234 φιλοσο-

2131 2240 2435 2320 φησάντων.

2127 2455 2260 2511 gam
2290 2440 2674 2511 verterentur,
2708 2437 2922 2511 siquis
2953 2454 2982 2493 e
3012 2438 3169 2510 regia
3199 2438 3422 2495 familia
3452 2444 3781 2508 necaretur,

2127 2508 2187 2566 re
2217 2509 2448 2579 cognita
2481 2508 2823 2582 ille,_inscio'
2848 2515 3032 2582 patre,
3064 2508 3126 2566 se
3157 2514 3214 2566 in
3251 2517 3496 2568 mortem
3531 2513 3710 2568 dedit.
3744 2535 3773 2564 »

2198 2582 2273 2651 (3)
2290 2576 2415 2632 TE»:
2434 2576 2722 2654 »Σκεδάσου
2751 2576 3081 2654 Θυγῖιτέρών,
3119 2603 3147 2654 (ι
3176 2583 3411 2639 Scedasi
3444 2583 3722 2653 ﬁliarum,
3744 2605 3772 2637 υ

2127 2669 2252 2723 quae
2283 2669 2315 2705 a
2346 2652 2701 2722 quibusdam
2736 2652 3187 2709 Lacedaemoniis
3214 2654 3268 2708 vi
3311 2657 3549 2710 fuerunt
3577 2673 3776 2711 corru-

2127 2729 2254 2795 ptae,
2288 2727 2462 2795 atque
2493 2724 2668 2779 etiam
2701 2725 2850 2780 ferro
2881 2725 3273 2781 occisaeﬂanc
3303 2726 3608 2782 historiam
3641 2742 3778 2782 nar-

2125 2794 2215 2850 rat
2244 2794 2608 2850 Plutarchus.

2196 2867 2272 2938 (4)
2301 2864 2433 2925 Τοὺς
2464 2864 2879 2927 Λακωνικοὺς...
2914 2866 3280 2940 ξαινομένους,
3330 2872 3439 2924 etc.
3475 2890 3502 2919 ‹‹
3535 2868 3773 2940 Sparta-

2125 2954 2331 3011 neos...
2366 2955 2613 3011 quorum
2649 2955 2890 3010 corpora
2942 2939 3140 3011 flagris
3171 2939 3621 3006 dilaniantur,»
3658 2957 3777 2996 non

2125 3009 2362 3080 quidem
2397 3009 2504 3080 ipsi
2529 3009 2773 3079 seipsos,
2794 3015 2894 3064 aut
2917 3009 3211 3075 alii'alios,
3234 3018 3297 3065 ut
3327 3012 3516 3067 reddit
3546 3011 3776 3078 Billius,

2125 3083 2430 3147 caederent,
2463 3082 2562 3135 sed
2595 3083 2667 3136 ab
2716 3082 2798 3136 eis
2829 3082 2925 3152 qui
2959 3082 3095 3137 huic
3124 3083 3491 3153 Epheborum
3538 3084 3776 3137 carniﬁ-

2127 3152 2271 3206 cinae
2333 3158 2615 3223 praeerant
2671 3153 3112 3209 dilaniarentur.
3173 3152 3258 3209 Ita
3339 3155 3456 3210 fere
3517 3154 3775 3210 Combef.

2127 3223 2294 3297 Apud
2329 3225 2790 3297 Lacedaemonios
2838 3225 2896 3279 in
2929 3225 3215 3297 honorem
3259 3225 3447 3281 Diana
3479 3227 3776 3297 quoddam

2124 3295 2525 3368 celebrabatur
2556 3296 2793 3364 festum,
2836 3297 2891 3350 in
2927 3314 3039 3368 quo
3093 3295 3513 3364 adolescentes,
3547 3300 3777 3352 fortitu-

2124 3367 2278 3442 diuis
2299 3367 2590 3442 nimirum
2616 3368 2912 3438 specimen
2963 3369 3350 3442 praeferentes,
3378 3369 3578 3442 ﬂagris
3609 3386 3774 3442 pros-

2123 3438 2534 3512 cindebantur,
2563 3443 2618 3492 et
2644 3455 2813 3512 aram
2839 3438 3126 3512 sanguine
3159 3438 3594 3512 respergebant.

2195 3511 2266 3581 (5)
2302 3509 2644 3584 ’Σωκράτους
2690 3507 3066 3584 ἐπαξρωνῖίζει
3117 3507 3292 3584 Βθεέ.
3326 3507 3389 3580 υς
3435 3528 3490 3581 x,
3522 3529 3579 3584 y,
3611 3510 3772 3584 Colb.

2119 3583 2174 3655 3_,
2207 3587 2262 3636 et
2291 3581 2384 3635 Or.
2419 3581 2642 3655 l._Qua
2689 3581 2859 3638 lectio
2889 3583 3172 3655 orationis
3206 3581 3395 3655 'scopo
3426 3581 3778 3655 convenien-

2121 3653 2234 3706 tior
2265 3669 2440 3725 quam
2477 3649 2730 3725 ἐπαινῶν,
2751 3654 2906 3725 quod
2941 3660 3133 3709 tamen
3165 3671 3296 3709 cum
3324 3649 3522 3722 editis,
3546 3653 3778 3712 codices

2123 3741 2236 3778 non
2272 3724 3040 3796 pauciexhibentﬁocrates
3063 3730 3247 3781 morte
3267 3727 3600 3792 damnatus,
3617 3727 3775 3796 quod

2124 3812 2270 3850 nova
2297 3795 2563 3870 quaedam
2613 3797 2899 3870 daemonia
2947 3798 3250 3853 induceret
3293 3814 3358 3854 ac
3409 3795 3774 3870 praedicaret,

2121 3872 2291 3938 epota
2321 3868 2510 3938 cicuta
2540 3867 2776 3922 interiit.

2194 3940 2272 4006 (6)
2322 3937 2648 4005 Ἐπικτήτου
2698 3934 2908 3998 σκέλος.
2944 3962 2972 3988 ‹‹
3005 3939 3247 4010 Epicteti
3299 3956 3452 3995 crus.
3502 3962 3530 3989 κ
3564 3939 3708 3995 Cum
3743 3958 3778 3995 a

2123 4013 2368 4080 tyranno
2401 4011 2653 4081 quodam
2684 4011 2914 4065 vinctus
2945 4011 3150 4066 fuisset
3197 4011 3512 4081 Epictetus,
3547 4012 3777 4066 diutur-

2123 4097 2196 4136 no
2230 4085 2362 4153 post
2387 4086 2642 4152 tempore
2691 4083 3101 4153 interrogatus,
3137 4087 3334 4137 utrum
3384 4082 3528 4139 solvi
3557 4083 3778 4139 vellet?

2129 4174 2149 4200 ε
2187 4152 2374 4222 quid?
2409 4175 2433 4199 ››
2466 4153 2677 4223 inquit,
2710 4176 2736 4202 (ί
2771 4171 2843 4207 an
2876 4152 3104 4208 vinctus
3139 4170 3270 4209 sum
3294 4153 3321 4207 ?
3352 4175 3380 4204 ››

2192 4225 2267 4294 (7)
2319 4224 2652 4297 Ἀναξάρχου
2706 4223 2960 4279 Ούλακον.
3020 4248 3047 4274 ‹‹
3100 4225 3427 4297 Anaxarchi
3483 4230 3692 4281 utrem.
3746 4249 3776 4276 υ

2123 4295 2517 4349 Anaxarchus
2539 4295 2921 4368 philosophus
2944 4297 3014 4351 ab
3048 4295 3324 4352 Archelao
3343 4302 3591 4368 tyranno
3623 4313 3778 4352 com-

2165 4367 2468 4432 rehensus,
2500 4383 2633 4421 cum
2664 4366 2721 4421 in
2758 4366 3033 4422 mortario
3055 4368 3304 4438 injectus
3333 4366 3678 4424 tunderetur
3709 4374 3775 4424 ut

2165 4384 2468 4432 remensus,
2500 4384 2633 4421 cum
2664 4384 2721 4421 1n
2758 4384 3033 4422 mortario
3055 4384 3304 4438 injecws
3333 4384 3678 4424 tunderetur
3709 4384 3772 4424 ut

2121 4384 2453 4492 llordeum:
2494 4459 2519 4488 ‹‹
2547 4439 2862 4503 Tundite,»
2895 4440 3104 4510 inquit,
3123 4462 3150 4489 «
3182 4440 3506 4496 Anaxarchi
3541 4445 3729 4498 utrem
3758 4457 3772 4508 ;

2122 4525 2308 4579 neque
2339 4509 2934 4579 enim‘Anaxarchum
2968 4509 3236 4566 tunditis.
3274 4533 3301 4579 ρ

2313 4573 2695 4655 Κλεομϐρότου
2743 4578 2982 4655 πήδημα,
3021 4585 3118 4655 τοῦ
3166 4576 3604 4655 Ἀμὸρακιώτου.
3653 4581 3778 4638 Cle-

2121 4652 2605 4720 ombrotus,lecto
2642 4653 2896 4708 Platonis
2929 4653 3076 4707 libro
3101 4654 3173 4708 De
3203 4652 3516 4710 a‘nimorum
3548 4656 3775 4710 immor-

2121 4721 2361 4797 talitate,
2395 4728 2555 4797 tanto
2605 4726 2732 4797 ejus
2767 4742 2962 4779 amore
3014 4727 3248 4792 exarsit,
3283 4731 3347 4780 ut
3396 4728 3593 4781 statim
3628 4742 3776 4797 pras-

2123 4793 2321 4893 gipitio
2371 4795 2545 4849 vitam
2596 4796 2829 4852 ﬁnierit.
2878 4805 3053 4866 Aug,
3103 4798 3177 4852 De
3225 4799 3327 4853 civ.
3377 4799 3493 4863 Dei,
3546 4797 3583 4851 l.
3626 4793 3666 4865 ἰ,
3720 4815 3774 4854 c.

2191 4935 2466 5010 (9)13”...
2503 4937 2899 5010 Πυθαγορικήν,
2933 4942 3038 5010 etc.
3076 4960 3115 5010 «ί
3139 4938 3580 5010 Pythagoricum
3615 4937 3774 4994 illam

2123 5023 2223 5080 pro
2258 5007 2402 5061 fabis
2451 5007 2902 5064 contentiOnem.
2940 5033 2960 5059 υ
2998 5007 3356 5080 Pythagoras
3386 5028 3415 5066 ε
3463 5010 3613 5064 fabis
3640 5011 3776 5065 abs-

2121 5078 2303 5152 tinere
2337 5083 2647 5135 sectatores
2697 5098 2834 5136 suos
2875 5078 3141 5152 jubebat,
3176 5078 3344 5152 cujus
3377 5082 3454 5136 rei
3501 5081 3596 5136 alii
3629 5081 3778 5137 alias

2121 5150 2369 5225 afferunt
2404 5152 2677 5225 rationes.
2711 5154 2855 5205 Sunt
2886 5151 2985 5222 qui
3019 5150 3351 5208 existiment
3383 5153 3777 5225 Pythagoram

2122 5221 2266 5275 nihil
2299 5221 2452 5276 aliud
2487 5223 2758 5288 voluisse,
2781 5221 2956 5294 quam
2992 5228 3054 5278 ut
3087 5240 3224 5279 suos
3254 5221 3683 5294 dehortaret'ur,
3707 5241 3778 5280 no

2111 5294 2406 5368 judicunr
2434 5311 2688 5368 munere,
2712 5295 3113 5368 fungerentur.
3163 5295 3392 5352 Veteres
3422 5312 3679 5368 namque
3715 5296 3774 5351 in

2111 5365 2349 5434 judiciis
2385 5365 2636 5420 ferendis
2667 5367 2815 5420 fabis
2851 5367 3181 5421 utebantur.

2187 5437 2298 5510 (lQ)
2331 5441 2580 5510 βεανοῦς.
2613 5438 2846 5493 Theano
2878 5456 2910 5492 a
2941 5443 3186 5508 tyranno
3226 5439 3671 5510 comprehensa,
3705 5455 3779 5494 ne

2117 5507 2473 5563 cruciatibus
2495 5510 2691 5582 patriae
2725 5525 2937 5564 arcana
2953 5507 3260 5582 enuntiare
3291 5507 3615 5582 cogeretur,
3637 5507 3776 5566 con-

2114 5582 2340 5656 tempta
2392 5581 2596 5656 mortis
2629 5598 3017 5656 commorsam
3069 5581 3456 5656 linguam,"ac
3495 5582 3774 5639 dentibus

2116 5651 2366 5705 excisam
2399 5651 2457 5706 in
2489 5657 2804 5726 tyrannum
2837 5653 3059 5728 expuit.
