4148 6290
406 417 526 479 593

1401 416 1690 478 ORATIO
1735 415 1840 476 IV.
1874 446 1952 459 —
1984 413 2295 475 CONTRA
2342 415 2741 477 JULIANUM
2785 417 2833 476 Ι.

3709 419 3827 481 594

475 549 593 607 GA'.
627 549 706 603 Σὺ
736 544 814 620 δὲ,
839 547 885 602 εί
919 549 994 622 μὴ
1029 547 1222 620 ἐκεῖνα,
1251 548 1319 603 τά
1357 568 1420 623 γε
1448 547 1689 623 παρόντα
1717 541 2063 619 θαύμασον,ὧ

2253 547 2436 604 LXXI.
2473 549 2634 613 Quod
2667 549 2717 604 si
2759 552 2820 604 tu
2855 549 3156 622 superiora
3184 549 3284 604 illa
3325 553 3525 607 nostra
3565 567 3683 608 non
3712 552 3825 609 mi-

407 637 819 715 ριλοσοφώτατε
847 636 937 692 καὶ
970 637 1332 712 γενναιότατε,
1363 637 1453 692 καὶ
1483 637 1609 698 τοὺς
1656 632 2068 710 Ἐπαμινώνδας

405 726 643 788 ἐκείνους
671 727 764 781 καὶ
797 726 1102 789 Σκιπίωνας
1135 731 1202 800 τῇ
1235 727 1490 803 καρτερίᾳ
1523 726 1762 802 βλέπωψ
1798 726 1825 779 6
1858 719 2065 796 συμϐα-

409 813 572 885 δίζων
601 820 681 887 τῷ
713 820 944 891 στρατῷ,
978 815 1066 870 καὶ
1107 820 1227 870 σῖτα
1259 814 1579 890 αἱρούμενος
1602 812 1816 890 σχὲὸια,
1849 815 1937 868 καὶ
1965 814 2064 881 τὴν

409 905 708 980 αὐτουργὸν
739 904 971 959 ἐπαινῶν
1007 905 1362 980 στρατηγίαν.
1404 904 1555 958 Ἐστι
1586 923 1669 958 τοι
1703 901 1947 977 γενναίου
1976 901 2065 955 καὶ

411 993 714 1074 φιλοσόφου
744 997 931 1070 ψυχῆς
966 992 1104 1067 μηδέ
1125 993 1405 1066 πολεμίων
1435 993 1629 1066 ἀρετὴν
1662 990 2065 1064 ἀτιμάζειν,καὶ

408 1083 600 1140 πλεῖον
628 1082 810 1155 νέμειν
841 1083 1053 1158 ἐχθρῶν
1085 1082 1418 1159 γενναιότητι
1450 1084 1484 1152 ἣ
1521 1082 1681 1152 κακίᾳ
1710 1085 1815 1136 τῶν
1866 1079 2064 1135 οἰκειο-

408 1175 579 1228 τάτων
613 1176 704 1226 καί
737 1171 998 1244 μαλακίᾳ.
1023 1173 1181 1243 Ὁρᾷς
1213 1171 1339 1233 τοὺς
1371 1165 1557 1233 ἀϐίους
1597 1169 1822 1231 τούτους
1853 1170 1942 1224 καὶ
1973 1169 2064 1223 ἀν-

409 1261 639 1328 εστίους,
677 1261 768 1316 καὶ
801 1258 1068 1336 ἀσάρκους
1107 1265 1304 1335 μικροῦ
1331 1259 1420 1314 καὶ
1452 1259 1768 1332 ἀναίμονας,
1818 1259 1908 1313 καὶ
1954 1263 2066 1330 Θεῷ

409 1350 545 1406 κατᾶ
573 1347 731 1404 τοῦτο
780 1349 1223 1419 πλησιάζοντας;
1272 1349 1398 1411 τοὺς
1447 1346 1812 1410 ἀνιπτόποδας
1843 1347 1932 1402 καὶ
1965 1367 2066 1423 χα-

412 1437 690 1513 μαιεύνας,
724 1439 753 1494 ὃ
784 1460 945 1516 φησιν
977 1441 1087 1512 (11)
1119 1440 1146 1494 6
1178 1439 1270 1501 σὸς
1300 1441 1575 1513 ’Ὀμηρος,
1601 1435 1692 1491 ’ίνα
1721 1438 1840 1493 τινὰ
1872 1435 2065 1510 δαιμό-

409 1549 514 1584 νων
571 1529 784 1603 τιμήσῃ
838 1532 917 1599 τῷ
973 1529 1254 1602 πλάσματι
1329 1530 1465 1601 (12),
1531 1527 1658 1588 τοὺς
1732 1529 1878 1582 κάτω
1952 1528 2064 1600 (13)

410 1617 500 1673 καὶ
554 1615 688 1694 ὗπὶρ
737 1617 807 1672 τὰ
851 1618 1041 1686 κάτω;
1093 1618 1222 1679 τοὺς
1271 1617 1324 1672 ἐν
1359 1617 1684 1692 ἀνθρώποις,
1716 1618 1805 1671 καὶ
1840 1617 1969 1691 ὑπὲρ
1999 1618 2067 1671 τὰ

408 1704 758 1783 ἀνθρώπινας
807 1707 936 1769 τοὺς
987 1703 1324 1780 δεδεμένους,
1369 1707 1457 1761 καὶ
1519 1705 1871 1781 ὲλευθὲρους;
1936 1707 2064 1768 τοὺς

409 1795 870 1873 κεκρατημένους,
893 1796 984 1850 καὶ
1017 1797 1391 1871 ἀκρατήτους;
1427 1796 1499 1849 ὧν
1536 1792 1687 1850 οὐδὲν
1740 1794 1790 1849 ἐν
1850 1793 2063 1867 κόσμῳ.

408 1883 498 1940 καί
542 1885 714 1940 πάντα
752 1885 820 1940 τὰ
871 1885 1002 1961 ὑπὲρ
1051 1885 1297 1958 κόσμον;
1348 1886 1421 1938 ὠν
1473 1881 1700 1940 διπλοῦν
1742 1884 1804 1938 τὸ
1838 1883 1950 1958 ζῇν,
2002 1884 2065 1938 τὸ
2099 1927 2146 1989 Β

456 1975 473 1989 \
570 1973 584 1989 ο
792 1974 803 1989 1
1096 1974 1109 1989 ς
1179 1969 1219 1989 ἢκ
1426 1970 1449 1989 ἢ
1493 1973 1547 1989 ...1
1873 1973 1885 1989 \
1986 1970 2008 1989 ἢ
2047 1972 2060 1988 κ

417 1975 512 2046 μὶν
565 1973 1007 2050 ὑπερορώμενον,
1056 1974 1119 2028 τὸ
1175 1969 1232 2028 δὲ
1279 1970 1760 2046 σπουδαζόμενονς
1805 1973 1932 2034 τοὺς
1982 1970 2071 2026 διὰ

411 2064 513 2132 τὴν
566 2063 829 2139 νέκρωσιν
884 2062 1197 2127 ἀθανάτους,
1248 2061 1374 2124 τοὺς
1432 2061 1521 2116 διὰ
1570 2061 1722 2118 λύσιν
1776 2065 1889 2136 (14)
1957 2067 2070 2133 Θεῷ

416 2150 834 2226 συνημμένους
883 2151 1015 2213 τοὺς
1060 2149 1162 2221 ἕξω
1211 2150 1383 2214 πόθου
1438 2153 1570 2224 (15),
1630 2153 1718 2206 καὶ
1788 2152 1921 2224 μετὰ
1974 2155 2069 2205 τοῦ

416 2241 564 2296 θείου
619 2240 708 2296 καὶ
759 2240 998 2302 ἀπαθοῦς
1044 2239 1285 2316 ἔρωτος;
1338 2242 1410 2294 ὢν
1461 2243 1495 2310 ἡ
1538 2241 1692 2315 πηγή
1740 2245 1836 2295 τοῦ
1868 2241 2068 2318 φωτὸς,

411 2330 501 2386 καὶ
552 2328 626 2384 ὧν
673 2327 782 2400 ἤδη
832 2331 900 2384 τὰ
951 2328 1384 2405 ἀπαυγάσματα;
1428 2331 1499 2383 ὧν
1535 2330 1589 2383 αἱ
1619 2326 1898 2405 ἀγγελικαὶ
1929 2328 2069 2402 ψαλ-

413 2417 638 2494 μῳδίαι,
671 2418 762 2474 καὶ
793 2421 828 2489 ἡ
879 2420 1155 2494 πάννυχος
1205 2420 1409 2486 στάσις,
1459 2419 1547 2473 καὶ
1598 2422 1632 2488 ἡ
1680 2423 1778 2473 τοῦ
1807 2423 1902 2472 νοῦ
1933 2419 2070 2494 πρὸς

409 2509 540 2568 θεὸν
590 2506 829 2580 ἐκδημία
872 2509 1402 2584 προαρπαζομένου;
1447 2509 1518 2562 ὧν
1577 2511 1610 2578 ἡ
1672 2510 1949 2584 κάθαρσις,
1983 2509 2071 2562 καὶ

411 2598 486 2654 ὧν
518 2598 582 2653 τὸ
631 2596 978 2672 καθαίρεσθαι
1029 2600 1163 2671 (16),
1218 2595 1386 2671 μηδὲν
1442 2596 1635 2674 μέτρον
1691 2595 1912 2652 εἰδότων
1945 2597 2070 2651 ἀνα-

411 2681 612 2748 ϐἕσεως
659 2687 749 2742 καὶ
791 2687 1046 2749 θεώσεως
1083 2707 1095 2744 :
1141 2688 1215 2740 ὧν
1267 2688 1320 2741 αἱ
1359 2688 1571 2762 πέτραι,
1605 2687 1692 2741 καὶ
1725 2694 1798 2740 ὡν
1832 2689 1884 2740 οἱ
1911 2686 2072 2762 ούρα-

409 2775 532 2846 νοί;
562 2777 638 2831 ὧν
664 2776 728 2831 τὸ
759 2774 1028 2853 ὶρῥίφθαι,
1079 2775 1167 2830 καὶ
1216 2778 1289 2829 ὠν
1339 2778 1388 2830 οἱ
1438 2776 1660 2851 θρόνοι;
1693 2775 1765 2830 ὦν
1804 2779 1838 2846 ἡ
1871 2775 2074 2852 γυμνό-

410 2886 534 2936 της,
565 2865 656 2920 καὶ
689 2866 762 2920 ὧν
797 2864 1094 2942 ἀφθαρσίας
1129 2862 1370 2939 ἔνδυμα;
1406 2867 1478 2919 ὧν
1511 2867 1545 2934 ἡ
1590 2865 1810 2940 ἐρημία,
1861 2865 1948 2919 καὶ
2001 2864 2073 2919 ὦν

414 2956 452 3024 ἡ
491 2952 690 3018 ἐκεῖθεν
723 2955 1064 3031 πανήγυρις;
1099 2955 1172 3006 ὧν
1212 2955 1273 3008 τὸ
1305 2955 1666 3028 τυραννεῖσθαι
1715 2956 1808 3016 τὰς
1853 2951 2072 3024 ἡδονὰς,

421 3042 514 3096 καὶ
544 3045 618 3096 ών
650 3045 687 3113 ἡ
736 3041 1033 3104 ἀπόλαυσις
1081 3044 1192 3116 (17)
1245 3045 1278 3112 ἡ
1323 3041 1518 3105 ἅλυτος
1548 3047 1660 3114 (18)
1691 3045 1780 3098 καὶ
1812 3044 2072 3121 ἀνέκφρα-

425 3151 586 3200 στοςς
615 3131 688 3185 ὧν
717 3131 780 3186 τὸ
826 3130 1055 3208 δάκρυον
1111 3131 1374 3208 ἁμαρτίας
1423 3131 1825 3204 κατακλυσμὸς,
1867 3132 2074 3204 κόσμου

420 3219 747 3294 κασάρσιον;
827 3222 901 3275 ὧν
976 3221 1186 3283 ἕκτασις
1266 3225 1466 3297 χειρῶν
1542 3219 1723 3296 φλόγα
1807 3215 2074 3288 σϐέννυσι,

2179 639 2350 704 raris,
2384 642 2443 693 at
2474 643 2628 695 certe
2660 639 2967 711 praesentia
2990 639 3221 708 mirare,
3247 657 3278 695 0
3309 639 3572 696 omnium
3599 642 3828 714 sapien-

2178 727 2407 782 tissime
2438 732 2495 781 et
2515 727 2850 796 fortissime,
2871 728 2966 799 qui
2999 729 3434 800 Epaminondas
3463 728 3594 786 illos
3616 735 3673 786 et
3701 732 3828 788 Sci-

2179 817 2379 887 piones
2403 816 2722 872 tolerantiae
2744 818 2966 873 ratione
2991 819 3275 874 intuearis
3309 833 3321 872 :
3357 819 3455 890 qui
3487 819 3664 875 simul
3687 837 3823 878 cum

2177 906 2431 961 exercitu
2463 907 2573 961 iter
2605 907 2818 979 carpis,
2851 912 2907 962 et
2954 907 3171 962 victum
3221 911 3457 963 tenuem
3491 925 3558 965 ac
3587 909 3822 967 obvium

2177 995 2566 1065 amplecteris,
2597 1001 2654 1050 et
2673 1011 2800 1051 eam
2824 995 3062 1068 gerendi
3086 995 3222 1052 belli
3241 997 3527 1053 rationem
3550 997 3822 1056 laudibus

2179 1083 2369 1149 ell'ers,
2404 1083 2463 1138 in
2513 1100 2629 1154 qua
2658 1085 2774 1139 dux
2825 1086 3020 1140 omnia
3052 1103 3153 1157 per
3184 1101 3245 1141 se
3295 1086 3691 1143 administrat.
3723 1089 3824 1144 Est

2177 1173 2393 1243 quippe
2445 1174 2711 1244 generosi
2743 1179 2799 1228 et
2846 1175 3128 1246 sapientis
3172 1177 3327 1230 110
3367 1175 3568 1243 animi,
3605 1194 3676 1232 ne
3722 1177 3824 1234 ho-

2177 1261 2355 1317 stium
2379 1262 2614 1338 quidem
2637 1264 2910 1318 virtutem
2933 1267 3325 1332 contemnere,
3342 1281 3540 1320 verum
3563 1266 3823 1322 hostium

2178 1337 2513 1406 fortitudini
2541 1351 2674 1422 plus
2718 1353 2974 1408 tribuere
3006 1369 3182 1425 quam
3231 1371 3495 1423 suorum,
3524 1355 3702 1411 etiam
3735 1355 3825 1412 fa-

2177 1439 2737 1511 miliarissimorum,
2772 1441 3012 1513 ignaviae
3044 1447 3219 1514 atque
3250 1441 3540 1516 languori.
3572 1443 3824 1501 Videsne

2175 1528 2282 1584 hos
2310 1529 2439 1583 vitae
2472 1530 2849 1585 facultatibus
2879 1536 3166 1596 carentes,
3190 1536 3247 1586 et
3276 1531 3418 1587 laris
3438 1536 3724 1604 expertes,
3755 1551 3824 1590 ac

2176 1634 2347 1672 carne
2379 1618 2558 1673 ferme
2589 1623 2644 1673 et
2675 1620 2959 1690 sanguine
2992 1619 3323 1686 destitutos,
3370 1637 3555 1692 eoque
3588 1622 3716 1694 ipso
3746 1623 3821 1678 ad

2175 1707 2358 1762 Deum
2392 1708 2631 1779 propius
2681 1709 3069 1764 accedentes?
3111 1709 3240 1775 hos,
3273 1710 3534 1780 inquam,
3573 1711 3824 1782 pedibus

2175 1795 2390 1865 illotos,
2424 1800 2480 1850 et
2510 1796 2673 1851 humi
2707 1797 3010 1864 cubantes,
3038 1799 3192 1869 quod
3228 1797 3310 1853 ait
3338 1803 3477 1854 tuus
3508 1803 3819 1873 Homerus,

2176 1889 2240 1941 ut
2269 1885 2376 1940 hoe
2409 1885 2688 1956 ﬁgmento
2735 1888 3066 1942 daemonum
3117 1889 3430 1958 quemdam
3464 1893 3665 1958 ornet;
3716 1889 3824 1946 hos

2179 1974 2237 2030 in
2269 1980 2422 2030 terra
2448 1976 2669 2046 positos
2698 1979 2753 2030 et
2772 1976 3019 2031 terrenis
3050 1976 3320 2032 celsiores
3343 1977 3370 2032 ?
3401 1976 3508 2034 hos
3536 1977 3691 2034 inter
3715 1977 3826 2035 ho-

2181 2066 2368 2121 mines
2387 2069 2444 2118 et
2461 2082 2642 2135 supra
2658 2065 2920 2119 humana
2944 2065 2965 2118 ἲ
2997 2065 3266 2120 astrictos
3284 2065 3461 2122 simul
3485 2083 3551 2122 ac
3574 2066 3829 2123 liberos?

2181 2154 2281 2226 qui
2313 2157 2640 2222 teneantur,
2675 2157 2730 2207 et
2774 2153 3007 2208 retineri
3059 2154 3335 2208 nescios?
3381 2171 3631 2226 quorum
3681 2154 3828 2211 nihil

2181 2245 2240 2298 in
2261 2243 2500 2307 mundo,
2521 2246 2576 2297 et
2594 2242 2791 2296 omnia
2809 2247 2964 2312 sunt,
2991 2260 3116 2313 qua:
3135 2260 3313 2314 supra
3336 2244 3623 2299 mundum
3645 2243 3834 2300 sunt?

2183 2349 2430 2405 quorum
2482 2331 2696 2400 duplex
2726 2332 2841 2385 vita
2886 2337 2993 2396 est,
3034 2331 3216 2386 altera
3258 2335 3614 2404 contempta,
3647 2331 3833 2390 altera

2183 2420 2442 2476 studiose
2474 2420 2629 2474 culta
2650 2425 2706 2474 et
2735 2420 3030 2491 expetita?
3062 2420 3187 2489 hos,
3221 2421 3606 2494 inquam,per
3626 2422 3830 2478 morti-

2182 2509 2511 2564 ficationem
2534 2509 2919 2575 immortales,
2944 2526 3047 2580 per
3069 2509 3517 2564 dissolutionem
3547 2510 3663 2566 Deo
3690 2527 3829 2567 con-

2176 2600 2415 2669 junctos
2438 2599 2463 2651 ?
2495 2599 2601 2652 hos
2634 2615 2667 2652 a
2699 2599 3018 2668 cupiditate
3061 2597 3303 2666 alienos,
3337 2615 3534 2654 amore
3561 2614 3694 2655 vero
3727 2599 3830 2671 qui

2183 2689 2416 2743 divinus
2443 2693 2549 2756 est,
2585 2692 2640 2742 et
2671 2687 2852 2742 animi
2884 2688 3321 2758 perturbatione
3350 2705 3590 2760 vacuus,
3624 2703 3830 2745 accen-

2184 2795 2278 2833 sos
2303 2779 2329 2831 ?
2361 2794 2608 2848 quorum
2630 2778 2758 2832 fons
2781 2776 2948 2842 lucis,
2971 2782 3026 2832 et
3045 2778 3431 2848 quorumjam
3455 2776 3614 2834 illius
3637 2776 3831 2834 radii?

2185 2884 2433 2939 quorum
2469 2866 2715 2937 angelici
2739 2867 2950 2937 psalmi
2983 2870 3213 2932 cantus,
3231 2870 3286 2921 et
3318 2883 3536 2938 pernox
3555 2867 3752 2935 statio,
3775 2868 3834 2923 et

2187 2955 2399 3012 mentis
2424 2957 2545 3025 jam
2596 2961 2772 3026 raptae
2806 2955 2863 3009 in
2916 2955 3150 3023 coelum,
3185 2957 3255 3011 ad
3304 2956 3488 3011 Deum
3527 2955 3834 3013 excessio?

2186 3061 2437 3115 quorum
2479 3045 2767 3116 purgatio,
2802 3048 2856 3098 et
2899 3061 3150 3114 quorum
3185 3044 3449 3100 studium
3481 3048 3545 3100 ut
3576 3061 3834 3118 purgen-

2186 3138 2302 3198 tur,
2337 3133 2550 3204 quippe
2603 3133 2702 3203 qui
2754 3133 2982 3188 nullum
3037 3150 3318 3190 ascensus
3347 3139 3404 3190 et
3450 3131 3833 3191 deiﬁcalionis

2188 3227 2512 3291 agnoscunt
2533 3222 2770 3276 modum
2793 3222 2820 3277 ?
2851 3239 3099 3293 quorum
3134 3240 3328 3294 rupes,
3354 3227 3412 3278 et
3440 3239 3692 3295 quorum
3714 3239 3832 3280 coe-

419 3314 590 3384 θῆρας
637 3309 896 3383 κοιμίζει,
957 3305 1224 3383 ἀμϐλύνει
1273 3295 1435 3388 ξίφη,
1511 3295 1685 3364 κλίνει
1764 3310 2067 3388 φάλαγγας,

2187 3311 2223 3365 li
2250 3311 2276 3364 ‘P
2309 3312 2750 3383 quorumiabjici
2783 3317 2838 3366 et
2859 3312 3237 3377 consternari,
3258 3316 3313 3367 et
3330 3329 3581 3384 quorum
3600 3313 3836 3370 throni?

419 3395 754 3472 ἔπιστομίσει
805 3400 916 3472 (19)
964 3399 1052 3454 καὶ
1107 3401 1206 3469 τὴν
1263 3400 1359 3468 σὴν
1403 3394 1666 3469 ἀσέϐειαν,
1719 3397 1774 3454 εὖ
1813 3397 1946 3468 ’ίσθι,
1977 3399 2072 3454 κᾶν

418 3486 554 3563 πρὸς
589 3485 781 3563 ὀλίγον
813 3486 1005 3562 ἀρθῇς,
1055 3489 1144 3543 καὶ
1174 3489 1364 3562 παίξῃς
1391 3489 1453 3543 τὸ
1483 3497 1582 3558 τῆς
1621 3484 1861 3551 ἀσεϐείας
1894 3486 2074 3565 δρᾶμα

424 3576 559 3648 μετὰ
585 3579 695 3630 τῶν
724 3581 830 3630 σῶν
867 3573 1140 3649 δαιμόνων
1164 3597 1176 3646 ;

2186 3417 2435 3474 quorum
2456 3400 2715 3468 auditas,
2732 3404 2788 3453 et
2809 3417 3058 3470 quorum
3074 3400 3648 3473 incorruptibilitatis
3663 3401 3834 3459 indu-

2185 3497 2449 3545 mentum
2471 3491 2498 3543 ?
2531 3506 2779 3560 quorum
2806 3489 3077 3556 solitudo,
3099 3496 3155 3545 et
3186 3507 3436 3562 quorum
3457 3490 3653 3547 saeculi
3684 3491 3826 3548 alte-

2184 3580 2306 3634 rius
2357 3577 2708 3633 celebritas?
2758 3594 3006 3649 quorum
3057 3595 3407 3650 compressae
3462 3585 3637 3652 atque
3687 3597 3828 3636 con-

419 3667 636 3724 strictae
667 3667 1016 3738 voluptates,
1048 3672 1104 3724 et
1134 3685 1386 3741 quorum
1418 3673 1695 3742 perpetua
1726 3649 2071 3740 omnemque
2101 3669 2389 3725 sermonis
2422 3667 2756 3721 facultatem
2799 3668 3080 3722 excedens
3109 3649 3439 3724 animorum
3471 3649 3780 3726 oblectatio
3800 3669 3830 3724 Τ

421 3771 672 3829 quorum
729 3755 1000 3829 lacrymte
1051 3758 1268 3830 peccati
1318 3758 1626 3826 diluvium,
1660 3762 1715 3814 et
1761 3759 1967 3814 mundi
1999 3758 2412 3831 piamentum?
2461 3773 2712 3827 quorum
2759 3760 2998 3811 extentae
3049 3773 3259 3812 manus
3291 3758 3560 3813 ﬂammas
3609 3757 3826 3814 exstin-

421 3849 634 3918 guunt,
666 3845 819 3902 feras
869 3847 1238 3919 consopiunt,
1274 3846 1603 3919 gladiorum
1656 3847 1840 3903 aciem
1884 3849 2226 3914 retundunt,
2262 3849 2576 3902 instructas
2621 3845 2773 3900 acies
2807 3846 2865 3899 in
2918 3846 3116 3917 fugam
3166 3851 3400 3902 vertunt
3427 3847 3490 3917 ³ο,
3547 3851 3830 3920 tuamque

426 3935 604 3991 etiam
635 3933 1024 4006 impietatem,
1056 3936 1201 3992 mihi
1234 3937 1422 4007 crede,
1455 3953 1876 4008 compressuree
1924 3944 2080 4004 sunt,
2112 3937 2338 3992 etiamsi
2374 3936 2443 3989 ad
2495 3935 2727 4005 aliquod
2763 3939 2994 4006 tempus
3043 3935 3360 4005 extollaris,
3393 3936 3829 4010 impietatisque

420 4025 678 4083 fabulam
713 4041 846 4081 cum
875 4025 995 4081 tuis
1029 4025 1394 4081 daemonibus
1422 4025 1592 4082 ludas
1613 4027 1640 4082 ?

489 4114 611 4170 ΟΒ’.
641 4116 767 4175 Πῶς
801 4110 926 4170 οὐδὲ
957 4113 1121 4167 ταῦτά
1154 4133 1236 4167 σοι
1279 4108 1503 4191 φοϐερὰ,
1559 4114 1603 4167 ὦ
1653 4113 1771 4169 λίαν
1819 4112 2069 4189 τολμηρὲ

421 4199 485 4258 σὺ
514 4201 606 4258 καὶ
637 4206 872 4268 θανατῶν
905 4203 1035 4276 (10),
1071 4200 1217 4277 έίπερ
1250 4199 1426 4264 ἄλλος
1457 4224 1537 4264 τις
1564 4223 1576 4272 ;
1612 4207 1736 4265 Πῶς
1785 4202 1883 4258 οὐκ
1933 4201 2070 4257 αἷδὲ-

417 4310 584 4364 alyn:
643 4295 821 4347 Ταῦτα
880 4293 975 4364 μὲν
1005 4288 1112 4360 ἤδη
1141 4291 1230 4346 καὶ
1261 4289 1458 4363 πολλῷ
1486 4293 1787 4366 τιμιώτερα
1831 4298 1932 4360 τῆς
1965 4291 2066 4346 Σό-

419 4378 594 4444 λωνος
627 4381 740 4454 (21)
785 4379 1091 4452 ἀπληστίας
1133 4384 1229 4435 τοῦ
1285 4385 1456 4458 σοφοῦ
1501 4401 1560 4435 τε
1607 4382 1696 4435 καὶ
1745 4380 2065 4454 νομοθέτου,

490 4506 536 4541 θ’
566 4505 734 4564 Hebr.
766 4522 846 4574 xx,
878 4507 948 4562 33
980 4523 1143 4578 seqq.

2255 4112 2470 4169 LXXII.
2507 4114 2767 4176 Quonam
2803 4112 2973 4167 modo
3005 4129 3076 4167 ne
3123 4112 3244 4168 haec
3274 4113 3512 4184 quidem
3553 4114 3827 4187 pertime-

2181 4204 2318 4270 scis,
2352 4203 2524 4256 homo
2555 4201 2968 4266 audacissime,
2992 4205 3184 4271 atque,
3213 4207 3276 4257 ut
3305 4202 3352 4258 si
3387 4203 3518 4275 quis
3550 4203 3722 4271 alius,
3754 4205 3827 4261 ad

2180 4298 2423 4347 mortem
2478 4290 2775 4362 praeceps?
2823 4293 3085 4356 Quonam
3119 4292 3291 4346 modo
3341 4309 3456 4348 non
3485 4292 3825 4350 veneraris?

2177 4383 2453 4452 Haecjam
2487 4397 2627 4436 sane
2658 4384 2712 4435 et
2744 4379 3025 4452 sapientis
3056 4379 3213 4436 illius
3245 4397 3310 4437 ac
3340 4381 3693 4455 legislatoris
3719 4381 3823 4442 So—

729 4650 914 4709 φησιν,
947 4635 1060 4688 etc.
1093 4632 1278 4709 138:5},
1302 4627 1376 4692 ὥς
1407 4650 1570 4708 φησιν
1600 4631 1627 4683 6
1669 4631 1758 4693 σὸς
1790 4632 2065 4706 ”Ὀμηρος.

2186 4649 2247 4705 ge
2253 4636 2354 4709 n_t_u_
2365 4649 2426 4709 r_.7
2435 4708 2446 4709 ί
2455 4654 2479 4680 ››

418 4701 614 4770 Ιιίαάέ,
646 4701 752 4758 libi
781 4721 897 4768 xw,
929 4721 1078 4762 vers.
1111 4704 1238 4758 236.

496 4771 591 4828 Σοὶ
673 4773 878 4829 ναίουσ’
961 4775 1234 4852 ὑποφῆται
1336 4770 1712 4842 ἀνιπτόποδες,
1798 4779 2066 4852 χαμαιεῦ-

493 4916 592 4973 Tui
617 4917 873 4974 habitant
917 4921 1083 4989 vates,
1115 4918 1283 4974 illatis
1317 4917 1563 4990 pedibus,
1595 4918 1753 4972 humi
1797 4848 2067 4974 dorniigii:

490 5058 600 5131 (12)
638 5063 725 5131 Τῷ
755 5057 1074 5132 πλάσματι.
1127 5060 1405 5117 Nonnulli
1457 5060 1708 5130 codices,
1759 5064 1874 5120 τοῖς
1922 4991 2062 5115 τίλεοίί

421 5148 763 5275 σἫέ)’ζΓοὺς
793 5201 961 5271 κάτω,
996 5205 1102 5259 etc.
1135 5202 1358 5275 Billius,
1401 5225 1427 5257 α
1456 5202 1564 5259 1108
1604 5202 1855 5260 humiles
1880 5207 1936 5259 et
1965 5221 2061 5260 su-

419 5288 526 5344 pra
552 5273 760 5344 infera.
799 5295 822 5344 ξ

488 5344 601 5417 (14)
659 5343 776 5434 Atat.
808 5341 984 5400 λύσιν.
1035 5367 1063 5396 ‹‹
1115 5349 1223 5402 Per
1263 5345 1733 5412 dissolutionem,
1777 5367 1805 5395 »
1854 5362 2064 5418 nempe

420 5437 450 5467 ε(
480 5431 702 5472 COPDOl‘l
713 5431 774 5472 Si
795 5439 823 5467 »

489 5480 601 5558 (15)
631 5485 766 5548 Τοὺς
797 5484 898 5557 ἔξω
928 5480 1121 5556 πόθου,
1155 5493 1262 5543 etc.
1305 5487 1527 5554 Billius,
1568 5508 1589 5536 ι
1623 5487 1731 5544 1108
1763 5488 1834 5543 ab
1868 5505 2063 5544 amore

420 5557 666 5627 alienus,
699 5564 756 5615 et
785 5561 980 5632 divino
1003 5565 1176 5632 atque
1209 5560 1366 5616 omni
1395 5560 1606 5615 vitiosa
1636 5559 1936 5617 affectione
1967 5578 2060 5616 va-

417 5646 531 5705 cuo
560 5647 757 5705 amore
787 5631 1120 5705 flagrantes.
1156 5654 1184 5705 η

488 5702 600 5775 (16)
644 5703 743 5758 Καὶ
792 5700 895 5778 (iw-
915 5704 977 5759 τὸ
1023 5700 1383 5778 καθαίρεσθαι..
1435 5701 1636 5778 Billius
1677 5719 1692 5758 :
1745 5724 1773 5753 «
1812 5708 1869 5760 et
1918 5720 2061 5776 quo-

416 5789 551 5833 rum
577 5774 856 5850 purgari;
885 5797 916 5831 ››
952 5774 1238 5850 ωειίω,⁷‹‹
1271 5774 1372 5847 qui
1401 5774 1635 5848 purgati
1665 5779 1806 5833 sunt
1835 5779 1892 5832 et
1921 5774 2060 5848 pur-

2180 4699 2358 4830 ;(17)
2391 4705 2454 4758 ‘H
2486 4699 2802 4763 ἀπόλαυσις.
2854 4704 3024 4759 Deest
3074 4704 3106 4771 ἡ
3158 4703 3217 4759 in
3265 4703 3558 4775 plerisque
3610 4703 3823 4761 codici-

2223 4793 2316 4830 us.

2223 4793 2316 4830 US.

2247 4848 2357 4918 (18)
2388 4847 2447 4900 “il
2482 4843 2698 4905 ἅλοτος.
2721 4846 2813 4901 Sic
2837 4845 3031 4918 plures
3055 4847 3223 4901 codd.
3245 4850 3308 4900 In
3335 4845 3601 4918 pluribus
3620 4848 3817 4918 tamen

2177 4913 2381 4990 Re'ggl,
2426 4918 2617 4990 Colb.,
2659 4913 2993 4990 Paesfetc.
3040 4919 3268 4989 legitur,
3327 4913 3362 4984 ἦ
3414 4913 3814 4989 ἀναλλοίωτος,

2176 5013 2202 5039 ‹‹
2237 4989 2381 5044 nulli
2413 4989 2662 5045 obnoxia
2692 4989 3019 5044 mutationi.
3057 5011 3084 5038 ››

2245 5062 2355 5133 (19)
2390 5059 2783 5132 Ἐπιστομίσει,
2817 5065 2924 5115 etc.
2975 5060 3281 5133 «Tumque
3326 5059 3514 5133 ipsius
3544 5060 3816 5132 impieta-

2172 5133 2249 5188 tis
2279 5151 2343 5189 os
2376 5134 2753 5189 obturabunt.
2791 5154 2818 5180 »
2850 5134 2929 5187 Ex
2978 5132 3068 5186 his
3102 5132 3285 5203 liquet
3317 5132 3597 5203 rnonddm
3629 5139 3816 5190 morte

2175 5206 2472 5261 sublatum
2505 5209 2866 5276 Apostatam,
2901 5220 3033 5258 cum
3064 5202 3185 5259 hinc
3214 5202 3450 5276 scripsit
3479 5203 3812 5276 Gregorius.

2244 5277 2355 5349 (‘20)
2414 5274 2683 5332 Θανατῶν.
2748 5276 3041 5342 Heinsius,
3114 5299 3141 5326 «
3205 5274 3368 5343 forte,
3422 5274 3813 5349 ἀναισχυντῶν,

2174 5370 2201 5398 ‹‹
2234 5348 2766 5419 impudentissime.
2801 5369 2828 5396 ››

2244 5416 2355 5487 (21⁷)
2385 5426 2490 5487 Τῆς
2529 5416 2804 5484 Σόλωνος,
2838 5423 2942 5473 etc.
2998 5417 3284 5474 «Solonis
3337 5416 3670 5488 inexplebili
3713 5435 3814 5476 cu-

2171 5489 2432 5561 piditate.
2467 5513 2492 5540 »
2533 5493 2654 5546 Non
2701 5491 2948 5562 legimus
2996 5490 3259 5544 Solonem
3292 5507 3325 5545 a
3350 5506 3646 5561 quoquam
3680 5507 3815 5548 ava-

2173 5563 2314 5616 rities
2347 5563 2753 5638 insimulatum
2807 5562 3003 5638 fuisse,
3035 5562 3152 5638 imo
3188 5564 3378 5632 potius
3425 5566 3698 5638 narratur
3725 5563 3816 5638 ip-

2170 5651 2302 5688 sum
2334 5636 2513 5691 Crcosi
2562 5652 2701 5706 opes
2747 5634 3055 5707 sprevisse,
3085 5634 3357 5707 hancque
3394 5635 3466 5691 ob
3507 5634 3814 5694 causam—8

2171 5710 2364 5764 Crcsso
2395 5708 2644 5780 turpiter
2673 5706 2984 5780 expulsum
3013 5706 3214 5763 fuisse.
