4148 6290
318 367 434 434 595

1569 363 1634 424 S.
1678 364 2049 426 GREGORII
2096 365 2492 428 THEOLOGI

3619 364 3738 426 596

320 502 479 561 Ionis
509 497 828 574 inexplibili
861 497 1204 572 cupiditate,
1226 513 1404 570 quam
1427 498 1650 553 Crassus
1683 515 1824 553 auro
1858 499 1964 571 Ly-

2109 496 2145 566 (ν
2174 502 2402 570 Κροῖσος
2435 494 2633 573 ἤλεγξε
2653 495 2732 570 τῷ
2764 493 2949 570 Λυδίῳ
2979 501 3201 574 χρυσῷ·
3235 497 3325 552 καὶ
3361 501 3461 566 τῆς
3515 501 3739 572 Σωκρα-

325 595 421 650 dio
454 591 737 664 coarguit,
761 589 945 646 multo
978 587 1388 660 praestantiora
1407 592 1564 655 sunt,
1589 592 1647 642 et
1678 588 1969 643 Socratico

325 682 558 758 pulchri
591 695 827 748 amore;
860 695 1059 734 vereor
1088 677 1243 733 enim
1276 693 1591 750 puerorum
1623 680 1768 732 111
1811 694 1969 732 amo-

329 788 449 829 rem
475 770 687 841 dicere,
714 767 942 824 etiamsi
974 767 1307 822 honestiore
1335 766 1616 822 vocabulo
1637 765 1846 822 callide
1868 767 1968 820 ob-

326 865 595 934 tegatur;
631 864 688 915 et
734 856 931 914 Sicula
980 857 1233 912 Platonis
1283 856 1640 928 liguritione,
1670 856 1742 911 ob
1791 871 1969 926 quam

329 951 506 1008 etiam
539 949 664 1022 ipse
694 947 985 1015 venditur,
1013 963 1079 1002 ac
1111 961 1182 1000 ne
1215 946 1286 1000 ab
1314 945 1431 1000 ullo
1453 945 1691 1016 quidem
1725 944 1976 1014 discipu-

327 1041 540 1110 lorum,
574 1039 692 1094 imo
726 1053 828 1093 nec
861 1036 934 1091 ab
964 1035 1161 1107 aliquo
1181 1035 1509 1090 Graecorum
1543 1033 1885 1098 redimitur;
1919 1037 1975 1087 et

327 1127 668 1186 Xenocratis
718 1125 1069 1189 voracitate;
1126 1128 1182 1179 et
1219 1123 1492 1196 Diogenis
1541 1121 1701 1177 illius
1752 1121 1970 1176 dolium

326 1217 636 1275 incolentis
690 1216 1016 1284 dicacitate,
1047 1230 1150 1286 per
1197 1230 1373 1285 quam
1422 1211 1660 1285 tragicis
1708 1211 1971 1283 tyrannis

328 1307 611 1381 hospites,
643 1307 752 1361 hoc
783 1309 871 1360 est
902 1303 1184 1376 placentis
1209 1302 1350 1357 viles
1383 1318 1580 1374 panes,
1617 1300 1740 1354 loco
1773 1300 1972 1355 cedere

317 1399 518 1470 jubet;
540 1401 595 1452 et
614 1394 844 1467 Epicuri
866 1392 1252 1466 philosophia,
1279 1409 1404 1463 quae
1425 1390 1653 1445 nullum
1678 1389 1973 1460 voluptate

327 1486 600 1559 superius
630 1485 849 1540 bonum
901 1481 1225 1538 constituit.
1261 1485 1505 1552 Magnus
1548 1479 1700 1551 apud
1734 1495 1834 1532 vos
1883 1482 1974 1533 est

324 1579 520 1630 Crates
555 1591 568 1630 :
599 1589 731 1628 vere
785 1572 941 1627 enim
990 1569 1461 1642 philosophicum
1513 1574 1619 1633 est,
1653 1567 1974 1639 pecudibus

325 1662 691 1733 depascenda
723 1657 939 1731 praedia
971 1675 1078 1712 sua
1110 1656 1438 1728 reliquisse,
1485 1657 1820 1726 nostrisque
1851 1655 1974 1726 phi-

325 1749 592 1822 losOphis
623 1746 949 1804 consimile.
973 1751 1045 1800 At
1076 1745 1306 1818 publico
1329 1744 1615 1816 praeconio
1647 1744 1969 1798 libertatem

329 1844 607 1907 ostentat,
640 1839 879 1911 perinde
902 1854 966 1894 ac
992 1837 1308 1910 quispiam,
1330 1853 1442 1891 non
1469 1835 1769 1908 sapientiae
1792 1834 1974 1904 magis

329 1947 506 2002 quam
540 1928 736 2002 gloriae
768 1927 1092 1982 studiosus.
1128 1930 1371 1998 Magnus
1402 1925 1520 1992 ille,
1556 1925 1678 1996 qui,
1713 1941 1843 1979 cum
1879 1941 1973 1978 na-

327 2019 417 2076 vis
464 2021 812 2090 tempestate
852 2017 1194 2087 jactaretur,
1244 2020 1418 2085 atque
1467 2013 1664 2068 omnia
1706 2012 1765 2067 in
1820 2028 1976 2066 mare

335 2107 778 2182 projicerentur,
803 2105 1021 2177 gratias
1047 2105 1310 2159 Fortunae
1338 2104 1566 2174 agebat,
1592 2109 1870 2173 tanquam
1905 2100 1976 2154 ad

329 2194 716 2270 philosophici
741 2193 899 2266 pallii
923 2191 1228 2264 angustias
1251 2208 1382 2247 eum
1406 2192 1711 2264 redigenti.
1732 2191 1978 2263 Magnus

327 2284 728 2350 Antisthenes,
763 2283 918 2355 quod
951 2299 984 2336 a
1031 2279 1317 2354 petulanti
1368 2281 1621 2352 quodam
1671 2286 1845 2350 atque
1876 2297 1976 2334 au-

328 2374 456 2432 daci
489 2373 727 2430 homine
760 2375 880 2427 toto
913 2387 1010 2426 ore
1041 2376 1343 2436 contusus,
1373 2371 1431 2424 in
1465 2370 1652 2425 fronte
1675 2370 1976 2436 duntaxat,

333 2462 502 2537 quasi
535 2463 596 2518 in
627 2465 826 2516 statua
869 2459 1100 2526 artifex,
1134 2459 1497 2531 percussoris
1528 2474 1739 2513 nomen
1772 2457 1978 2513 inscri-

338 2551 490 2626 psit;
524 2551 772 2606 fortasse
804 2552 867 2602 ut
897 2548 1163 2603 acerbius
1195 2551 1512 2602 accusaret.
1552 2547 1778 2602 Laudas
1807 2547 1980 2601 etiam

334 2639 648 2713 quemdam
683 2653 884 2693 eorum
925 2637 1024 2708 qui
1060 2653 1174 2691 non
1207 2635 1378 2707 longe
1408 2641 1542 2690 ante
1574 2653 1680 2690 nos
1726 2636 1982 2701 fuerunt,

339 2728 496 2802 quod
546 2731 666 2782 toto
697 2725 791 2780 die
839 2730 1006 2780 stans
1049 2725 1159 2780 soli
1209 2739 1410 2796 preces
1459 2724 1836 2779 adhibuerit:
1872 2725 1986 2779 for-

339 2823 500 2874 tasse
541 2816 596 2870 id
644 2818 878 2886 tempus
921 2818 1200 2886 captarat,
1233 2830 1348 2885 quo
1394 2812 1775 2885 propinquior
1815 2812 1988 2867 terris

345 2923 475 2964 esse
506 2905 672 2972 solet,
696 2909 758 2959 ut
787 2903 1108 2959 orationem
1134 2902 1520 2969 contraheret,
1543 2917 1788 2972 eamque
1811 2901 1987 2955 simul

414 3014 528 3086 (22)
558 3015 664 3079 Τῆς
699 3009 1168 3086 Σωκράτους,θίο.
1207 3031 1241 3086 «_
1257 3008 1547 3064 Socratico
1572 3007 1797 3086 pulchri
1832 3025 1991 3086 amo-

345 3080 431 3143 re;
473 3080 519 3167 .››’
565 3080 857 3139 Socratem
916 3083 1025 3138 hoc
1085 3083 1323 3137 nomine
1371 3097 1629 3153 persaepe
1675 3080 1995 3136 insectatur

349 3163 663 3212 Luoianus.

420 3228 531 3308 (23)
559 3222 1011 3310 Tﬁellknaiupvqs,
1059 3229 1163 3278 etc.
1217 3246 1255 3310 ᾳ,
1279 3223 1537 3310 Platonis
1567 3223 1922 3310 liguritione.
1962 3244 1988 3270 »
2021 3245 2063 3310 ρ

347 3293 643 3354 Ῑιυοὶαουο
671 3296 728 3350 in
761 3295 906 3352 Dial.
941 3297 1016 3350 De
1043 3297 1291 3365 parasito
1321 3294 1524 3350 scribit
1559 3296 1781 3348 nullam
1813 3293 1986 3348 aliam

346 3369 573 3426 Platoni
599 3385 838 3423 causam
871 3367 1051 3422 fuisse
1078 3366 1136 3419 in
1169 3365 1426 3420 Siciliam
1462 3365 1988 3436 navigandi,quam

347 3447 412 3497 ut
463 3438 1504 3511 Dionysioparasitaretur,_eumque
1537 3438 1608 3511 ob
1639 3437 1818 3511 hujus
1851 3436 1990 3490 artis

348 3507 706 3582 imperitiam
739 3507 796 3564 in
831 3509 1117 3582 maximas
1147 3507 1507 3582 calamitates
1539 3507 1834 3582 incidisse.

421 3579 534 3655 (24)
571 3587 679 3655 Τῆς
735 3579 1134 3654 Ξενοκράτους,
1193 3587 1305 3634 etc.
1367 3603 1393 3629 ‹‹
1425 3579 1779 3655 _Xe_nocratis
1828 3595 1994 3655 vora-

353 3649 606 3711 citate.»
639 3649 943 3708 Xenocrati
986 3655 1213 3721 objecta
1260 3667 1372 3705 non
1423 3649 1636 3720 legitur
1678 3651 1992 3718 voracitas;

354 3727 473 3782 imo
505 3724 862 3797 frugalitatis
889 3724 1059 3797 laude
1089 3723 1342 3797 donatur
1373 3739 1405 3776 a
1435 3721 1839 3797 scriptoribus.

425 3798 534 3870 (25)
601 3791 712 3864 Τῆς
771 3795 1126 3870 Διογένους.2
1190 3791 1249 3846 ἐκ
1304 3791 1793 3870 τῆςᾼτρᾷγῳδίας.
1839 3793 1998 3870 ΑΗ,ωο

425 3814 534 3870 (ΖΟ)
614 3814 712 3864 [ης
771 3814 1126 3869 Διογενους...
1190 3814 1249 3846 εκ
1304 3814 1401 3860 της
1470 3814 1606 3866 τραγ
1661 3814 1793 3852 οιας.
1875 3814 1998 3847 ἴ]ωο

354 3867 564 3925 ultima
582 3869 751 3925 verba
775 3869 988 3924 desunt
1006 3866 1062 3920 in
1093 3867 1226 3937 Reg.
1253 3881 1311 3932 u,
1339 3869 1396 3920 et
1417 3865 1514 3919 Or.
1539 3866 1588 3919 1.
1611 3814 1999 3920 ἓοωὺεῦεὶυε

355 3941 439 3995 sic
469 3943 644 3996 vertit
681 3958 692 3996 :
731 3963 757 3990 «
790 3940 1106 3995 Dicacitate
1149 3954 1266 4009 qua
1296 3938 1448 3992 salse
1475 3943 1757 4008 usurpata
1787 3954 1853 3990 ex
1868 3943 1999 4009 _tra-

356 4013 548 4137 Etedia
593 4029 727 4066 voce
759 4012 1020 4083 tyrannis
1053 4007 1312 4080 hospites
1360 4009 1580 4079 cedere,
1619 4007 1644 4060 ἡ
1693 4013 1801 4063 etc.
1857 4007 2001 4061 Cum

411 4083 642 4137 ioaenes
665 4083 980 4137 aliquando
1003 4082 1154 4137 anud
1189 4080 1500 4137 quemdam
1537 4090 1807 4137 cmnaret.
1835 4080 2001 4137 eique

411 4083 642 4153 iogenes
665 4080 980 4152 aliquando
1003 4082 1154 4152 apud
1189 4080 1500 4153 quemdam
1537 4090 1807 4144 cmnaret,
1835 4080 2004 4150 eique

359 4152 537 4208 simul
569 4157 625 4225 et
645 4153 919 4225 placenta)
949 4157 1002 4207 et
1021 4152 1322 4225 hordeacei
1347 4168 1526 4222 panes
1550 4155 2001 4225 apponerentur,

360 4222 1046 4306 submotis.pan‘ihus,_in
1083 4223 1377 4306 placentas
1403 4239 1613 4277 manus
1646 4222 1864 4292 injecit,
1889 4238 2002 4276 non

361 4296 636 4350 infestive
666 4294 809 4349 illud
843 4296 1126 4366 tragicum
1161 4294 1460 4364 proterens
1493 4311 1504 4348 :

600 4390 666 4444 Ὠ
698 4389 829 4460 ξένε,
859 4392 1138 4465 τυράννοις
1172 4385 1415 4442 ἐκποδὼν
1458 4384 1764 4459 μεθίστασο.

605 4485 654 4536 0
685 4479 898 4549 hospes,
930 4479 1184 4550 tyrannis
1213 4479 1336 4534 cede
1367 4479 1566 4535 locum.

458 4579 568 4644 est,
601 4598 628 4626 «
664 4577 1003 4668 melioribus
1033 4581 1090 4632 et
1135 4576 1640 4668 praestantioribus
1664 4577 1822 4668 cede.
1857 4575 2011 4668 »βία
2045 4605 2088 4668 D

362 4648 648 4732 tiiogepes
679 4667 779 4720 per
808 4654 1083 4732 txrannos
1133 4647 1154 4701 ii
1190 4649 1506 4721 placentas,
1537 4671 1570 4732 βξ
1617 4665 1719 4732 per
1749 4647 2010 4732 hospites

363 4719 702 4847 signigictans
736 4744 761 4770 ι(
797 4719 937 4777 viles
970 4719 1224 4792 panesf»
1259 4739 1407 4794 quos
1436 4719 1777 4776 melioribus
1809 4719 2010 4774 cedere

363 4809 427 4847 iu
453 4809 502 4846 ie
549 4809 581 4846 a
614 4833 626 4846 .

394 4809 626 4847 υυθοῆῐο

358 4809 383 4864 J
434 4865 547 4933 (26)
571 4866 696 4923 Τοῖς
728 4866 1052 4935 σησαμοῦσι.
1081 4887 1108 4916 ‹‹
1133 4863 1419 4920 Placentis
1453 4879 1519 4917 ex
1550 4876 1802 4927 sesamo,
1841 4859 2010 4914 melle

367 4935 690 5080 ῗῐὲξῖῗὲς
713 5003 1068 5080 Ἑπικούρου,
1101 5012 1264 5080 etc._<_(
1300 5003 1529 5080 Epicuri
1555 5001 2010 5080 _philosophia._»

369 5071 553 5130 Deum
605 5083 662 5130 et
711 5071 1135 5133 Providentiam
1185 5071 1422 5146 ejiciens
1465 5071 1775 5144 Epicurus,
1804 5071 2013 5127 omnis

371 5147 507 5202 boni
540 5147 710 5218 finem
746 5147 1102 5218 voluptatem
1135 5147 1448 5218 statuebat.

442 5211 964 5290 Ὁριζομένης.
1016 5220 1154 5290 Reg.
1196 5219 1236 5287 1,
1291 5213 1634 5286 ὁρισαμένου.
1687 5218 1850 5269 Pass.
1898 5211 2010 5286 ὁρί-

372 5308 818 5431 σαὲῧῖίράτης.
868 5363 1064 5414 Crates
1096 5357 1444 5431 _']‘_hebanus,
1477 5358 1756 5431 pecunias
1802 5355 2015 5431 populo

375 5423 638 5553 projecit,
657 5448 734 5512 .ac
754 5423 983 5524 'prledia
1014 5423 1319 5556 Βηλόϐοτα,
1348 5423 1520 5484 idest
1557 5449 1576 5476 α
1613 5423 2020 5511 oviu.m'.pabu-

402 5516 454 5556 a.
487 5521 512 5550 ι
553 5501 672 5554 fieri
707 5510 990 5556 nermisu.
1065 5502 1232 5556 elude
1264 5517 1580 5555 conscenso
1604 5501 1843 5556 sublimi
1869 5500 2014 5556 loco.

402 5501 672 5572 a,,-__fieri
707 5500 990 5572 permisit.
1014 5500 1232 5557 Deinde
1264 5517 1580 5555 conscenso
1604 5501 1843 5556 sublimi
1869 5500 2014 5567 loco,

386 5569 612 5642 publico
646 5569 928 5641 praeconio
960 5573 1081 5627 haec
1101 5573 1277 5627 verba
1305 5572 1703 5642 pronuntiavit
1730 5589 1742 5627 :
1769 5595 1795 5621 ‹‹
1819 5576 2019 5626 Crates

383 5640 727 5695 Thebanum
759 5644 986 5700 Cratem
1017 5643 1284 5699 libertate
1309 5640 1512 5698 donat.
1551 5665 1576 5690 η

457 5710 562 5779 (30)
595 5708 914 5782 Φιλόδοξος.
967 5737 994 5765 ‹‹
1027 5713 1232 5771 Gloriae
1264 5714 1580 5772 studiosus.
1617 5735 1643 5764 »
1685 5713 1764 5769 Ex
1795 5712 1885 5768 his
1920 5729 2017 5784 pa.

2078 607 2203 648 τους
2255 590 2363 661 (22)
2425 586 2794 666 φιλοκαλίας’
2859 585 3114 660 αἰδοῦμαι
3185 587 3285 663 γὰρ
3369 586 3537 641 εἶπεῖν
3613 607 3737 641 παι-

2082 673 2385 751 δεραστίας,
2427 678 2522 731 κᾶν
2576 683 2966 748 σεμνοποιῆται
3022 682 3138 737 ταῖς
3186 675 3447 737 ἐπινοίαις
3475 693 3488 706 ⁸
3520 675 3738 746 καὶτῆς

2085 765 2369 826 Πλάτωνος
2418 768 2528 838 (23)
2597 763 2844 840 λιχνείας
2897 773 2998 834 τῆς
3034 762 3347 836 Σίκελικῆς,
3402 762 3472 819 δι’
3525 767 3586 834 ἣν
3646 765 3736 820 καὶ

2081 853 2457 927 πιπράσκεται,
2491 854 2576 908 καὶ
2611 853 2724 908 οὐδ’
2757 854 2858 909 ὑπό
2896 876 3043 916 τινος
3096 855 3365 924 ἐξωνεῖται
3415 858 3523 908 τῶν
3572 853 3736 908 αὐτοῦ

2086 947 2360 1016 μαθητῶν,
2394 945 2426 1011 ἦ
2457 941 2601 1004 ὅλως
2634 942 2912 1013 Ἕλληνος
2932 963 2945 976 °
2977 943 3065 996 καὶ
3096 950 3195 1012 τῆς
3217 942 3593 1018 Ξενοκράτους
3621 945 3737 1016 (24)

2083 1031 2380 1110 ὀψοφαγίας
2407 1051 2419 1062 ο
2473 1031 2562 1085 καὶ
2612 1038 2711 1101 τῆς
2764 1031 3047 1108 Διογένους
3090 1035 3203 1102 (25)
3236 1029 3573 1104 στωμυλίας,
3607 1036 3733 1086 τοῦ-

2079 1123 2170 1176 τὸν
2219 1120 2372 1175 πίθον
2434 1120 2732 1188 οἷκοῦντος,
2785 1121 2869 1198 ὑφ’
2919 1121 2986 1189 ἧς
3028 1120 3155 1182 τοὺς
3211 1120 3390 1193 ξένους
3424 1120 3735 1190 ὑπιξίστησι

2080 1215 2194 1272 τοῖς
2272 1211 2552 1285 τυράννοις
2620 1209 2678 1264 ἐκ
2755 1212 2850 1278 τῆς
2915 1207 3246 1285 τραγῳδίας,
3313 1211 3440 1271 τοὺς
3501 1207 3740 1272 εὐτελεῖς

2082 1300 2274 1376 ἄρτους
2321 1305 2438 1360 τοῖς
2485 1303 2787 1371 σησαμοῦσι
2828 1301 2944 1371 (26)
2968 1319 2980 1331 ’
3013 1299 3102 1352 καὶ
3133 1306 3232 1368 τῆς
3267 1297 3592 1374 Ἐπικούρου
3622 1301 3736 1372 (27)

2082 1389 2430 1467 φιλοσοφίας,
2465 1387 2615 1442 οὐδὲν
2662 1388 2791 1464 ὑπὲρ
2821 1389 2920 1457 τήν
2978 1385 3180 1456 ἡδονὴν
3229 1387 3428 1463 ἀγαθὸν
3479 1387 3744 1460 ὁριζομέ-

2082 1499 2180 1547 νης
2214 1480 2344 1550 (‘28).
2382 1478 2556 1552 Μέγας
2589 1477 2713 1549 ὑμῖν
2745 1479 2772 1531 ὁ
2813 1477 3028 1552 Κράτης
3076 1478 3188 1549 (29)
3214 1494 3224 1506 ⁸
3277 1476 3364 1530 καὶ
3415 1478 3520 1552 γὰρ
3567 1472 3740 1538 ὅντως

2084 1565 2385 1644 φιλοσοφον
2439 1566 2502 1620 τὸ
2557 1563 2872 1638 μηλόϐοτον
2933 1566 3195 1643 ἀφεθῆναι
3243 1567 3342 1634 τήν
3395 1565 3598 1636 οὐσίαν,
3651 1565 3742 1620 καὶ

2083 1662 2200 1715 τοῖς
2253 1657 2379 1728 παρ’
2427 1657 2561 1727 ἡμῖν
2619 1652 2944 1732 φιλοσόφοις
2992 1655 3207 1727 ὃμοιον.
3261 1652 3436 1709 Ἀλλᾶ
3471 1654 3742 1728 πομπεύει

2083 1746 2180 1813 τὴν
2211 1742 2512 1819 ἐλευθερίαν
2545 1748 2621 1814 τῷ
2649 1742 2981 1818 κηρύγματι,
3025 1743 3099 1804 ὡς
3134 1743 3192 1797 ἂν
3218 1765 3301 1805 τις
3345 1743 3406 1798 οὐ
3439 1742 3742 1822 φιλόσοφος

2089 1831 2300 1905 μᾶλλον
2345 1834 2379 1902 ἢ
2428 1828 2717 1909 φιλόδοξος
2779 1833 2910 1905 (30).
2969 1831 3148 1906 Μέγας
3195 1832 3245 1899 ὁ,
3302 1835 3399 1900 τῆς
3447 1834 3564 1905 (3l)
3613 1833 3741 1902 νηὸς

2083 1921 2518 1998 χειμαζομένης,
2584 1920 2673 1974 καὶ
2755 1921 2968 1974 πάντων
3039 1919 3499 1995 ἐκριπτουμένων,
3577 1920 3740 1998 χάριν

2086 2011 2374 2086 ὁμολογῶν
2419 2011 2486 2084 τῄ
2539 2029 2681 2085 τυχῃ
2747 2007 3116 2083 συστελλούσῃ
3164 2010 3240 2070 είς
3304 2010 3370 2064 τὸ
3429 2005 3741 2086 τριϐώνιον.

2086 2102 2267 2176 Μέγας
2319 2101 2345 2152 ὁ
2390 2099 2730 2168 ’Δντισθένης
2761 2101 2897 2171 (32),
2943 2099 3048 2166 ὃτι,
3082 2099 3141 2152 τὸ
3188 2098 3481 2172 πρόσωπον
3529 2119 3744 2176 συντρι-

2087 2186 2198 2251 ϐεῗς
2245 2187 2347 2242 ὑπό
2393 2208 2539 2250 τινος
2589 2191 2695 2241 τῶν
2747 2182 3010 2261 ὑϐριστων
3043 2187 3132 2242 καὶ
3169 2187 3429 2263 θρασέων,
3462 2187 3746 2267 ἐπιγράφει

2084 2284 2165 2350 τῷ
2219 2279 2455 2351 μετώπῳ
2505 2280 2615 2350 (33)
2665 2274 2840 2349 μόνον’
2891 2275 3070 2353 ὥσπερ
3139 2274 3412 2352 ἀνδριάντι
3485 2275 3749 2352 δημιουρ’

2089 2373 2200 2444 γῶν
2249 2369 2381 2439 (34),
2429 2367 2519 2420 τὸν
2571 2365 2849 2432 παίσαντα,
2877 2363 3014 2427 ’ίσως
3041 2365 3130 2420 ἳνα
3157 2369 3512 2442 κατηγορήσῃ
3546 2367 3744 2443 θερμό-

2087 2476 2264 2530 τερον.
2328 2457 2592 2514 Ἐπαινεῖς
2650 2474 2769 2507 τινα
2825 2456 2915 2508 καὶ
2963 2458 3068 2508 τῶν
3131 2453 3192 2508 οὗ
3265 2453 3410 2508 πολὺ
3469 2459 3582 2529 (35)
3639 2456 3744 2532 πρὸ

2091 2547 2274 2618 ἡμῶν,
2327 2542 2410 2598 ὅτι
2459 2541 2799 2615 πανημέριος
2851 2541 3015 2604 ἑστὼς
3073 2547 3150 2615 τῷ
3181 2542 3331 2615 ἡλίῳ
3360 2543 3740 2619 προσηύξατο*

2089 2631 2226 2693 ’ίσως
2261 2631 2417 2685 αὐτὸν
2459 2632 2700 2704 τηρήσας
2748 2630 2837 2684 καὶ
2884 2630 3320 2707 προσγειότερον,
3360 2630 3450 2686 ’ίνα
3478 2633 3567 2688 καὶ
3617 2655 3744 2687 συν-

2095 2721 2192 2794 έλῃ
2243 2721 2343 2789 τήν
2403 2720 2593 2794 εὐχὴν,
2657 2717 2906 2792 δυομένῳ
2953 2722 3068 2792 (36)
3136 2720 3579 2797 συγκαταλύσαςο
3651 2723 3742 2775 καὶ

2093 2810 2192 2878 τὴν
2218 2807 2268 2863 ἐν
2303 2805 2562 2880 Ποτιδαίᾳ
2591 2810 2704 2882 (37)
2735 2807 2938 2878 στάσιν,
2969 2810 3067 2878 τήν
3103 2807 3155 2863 έν
3197 2809 3464 2885 χειμερίῳ
3492 2813 3560 2883 τῇ
3603 2808 3740 2885 ὥρᾳ,

2097 2898 2372 2972 πάννυχον
2427 2901 2495 2971 τῇ
2555 2896 2753 2973 θεωρίᾳ
2807 2895 3420 2974 προσφιλοπονήσαντος
3607 2897 3746 2953 ὥστε

2099 3011 2199 3074 tet,
2234 3021 2411 3077 quam
2444 3021 2574 3059 vere
2619 3003 3013 3077 Tertullianus
3062 3004 3442 3077 philosophos
3496 3028 3519 3055 ‹‹
3551 3004 3749 3077 gloriae

2103 3075 2382 3134 anim—alia
2431 3099 2458 3126 »
2508 3075 2832 3149 appellarit.
2875 3076 3021 3149 ipse
3064 3075 3371 3132 ’Lucianus
3417 3075 3752 3149 frequenter

2102 3149 2587 3222 philosophorum
2621 3147 2760 3202 vitia
2789 3146 3008 3202 irridet.

2174 3233 2566 3306 (31)Μέγαςνὸ
2609 3238 2732 3301 τῆς,
2785 3238 2915 3306 etc,
2945 3233 3027 3287 Ad
3059 3235 3344 3289 Zenonem
3397 3235 3492 3290 hic
3541 3234 3753 3290 alludit

2103 3305 2435 3377 Gregorius.
2473 3305 2573 3360 Ille
2603 3306 2759 3359 enim
2800 3305 3203 3376 philosophus,
3238 3323 3369 3361 cum
3405 3307 3570 3361 navis
3602 3313 3749 3361 tem-

2101 3385 2324 3452 pestate
2355 3381 2700 3452 jactaretur,
2732 3383 2907 3452 atque
2952 3393 3171 3452 merces
3206 3377 3263 3430 in
3316 3395 3474 3433 mare
3507 3378 3749 3452 projice:

2102 3449 2324 3519 rentur,
2378 3450 2640 3521 Fortuna:
2693 3449 2910 3519 gratias
2951 3449 3176 3520 agebat,
3214 3453 3278 3503 ut
3324 3465 3452 3521 quas
3497 3449 3632 3505 eum
3677 3451 3747 3504 ad

2103 3521 2342 3596 pallium
2359 3519 2780 3596 compulisset.

2175 3596 2288 3662 (32)
2333 3592 2390 3646 Ὁ
2459 3589 2822 3656 Ἀντισθένης.
2899 3589 3276 3645 Antisthenes
3349 3607 3384 3646 8.
3463 3590 3748 3663 petulanti

2106 3666 2359 3736 quodam
2392 3663 2628 3717 homine
2653 3669 2770 3717 toto
2802 3678 2900 3736 ore
2930 3667 3234 3736 contusus,
3261 3667 3324 3736 ut
3354 3662 3630 3736 injuriam
3663 3662 3752 3736 ul-

2107 3733 2441 3804 eisceretur,
2504 3735 2861 3805 percussoris
2911 3749 3123 3788 nomen
3183 3733 3242 3788 in
3301 3735 3491 3790 fronte
3545 3735 3753 3792 inscri-

2150 3809 2244 3864 sit.

2108 3827 2293 3947 p$213.3)
2327 3874 2596 3946 Μετώπῳ.
2633 3879 2796 3930 Pass.
2830 3893 3127 3948 προσωπῳ.

2328 3967 2706 4039 Δημιουργῷν.
2762 3965 2967 4039 Itasd.
3018 3963 3153 4032 Alii,
3187 3960 3543 4039 δημιουργόν.
3595 3965 3759 4039 Opti-

2113 4036 2209 4094 ma
2241 4036 2427 4102 lectio,
2462 4036 2600 4108 quis
2619 4036 2702 4090 sic
2736 4036 2898 4090 reddi
2931 4041 3142 4107 potest.
3187 4059 3213 4086 «
3249 4036 3424 4092 fronti
3444 4036 3764 4107 inscripsit

2113 4113 2630 4183 percussorem,‘ut
2652 4113 2856 4162 stature
2881 4108 3161 4183 aptiﬁcem
3185 4125 3198 4174 ;
3229 4130 3248 4156 ι
3287 4109 3342 4162 id
3361 4114 3449 4183 est
3479 4132 3506 4158 «
3532 4125 3764 4180 percus-

2114 4178 2263 4237 ioris
2285 4189 2342 4235 et
2363 4179 2588 4252 opificis
2613 4196 2847 4252 nomen:
2869 4202 2895 4227 n
2919 4178 3072 4233 Elias
3091 4179 3173 4234 sic
3195 4179 3450 4250 exponit,
3477 4203 3509 4252 «γ
3527 4178 3768 4252 accepta

2115 4254 2338 4321 charta,
2374 4250 2430 4305 in
2463 4267 2646 4321 eaque
2673 4250 2952 4320 inscripto
2971 4251 3332 4321 percussoris
3356 4251 3611 4318 nomine,
3631 4250 3761 4306 eam

2116 4326 2291 4380 fronti
2321 4322 2722 4393 agglutinavit,
2745 4322 2850 4376 hac
2877 4321 3140 4377 videlicet
3161 4321 3383 4394 ratione
3413 4323 3609 4394 ipsum
3631 4338 3764 4394 per-

2119 4395 2386 4466 spicuum
2439 4395 2858 4466 reddens,rnon
2889 4408 3060 4466 secus
3109 4409 3174 4449 ac
3205 4394 3255 4449 si
3287 4393 3523 4466 quis’in
3569 4393 3768 4450 statua

2119 4465 2433 4537 sculptoris
2465 4481 2676 4520 nomen
2713 4465 3075 4518 inscriberet.
3117 4489 3136 4512 ι

2193 4556 2302 4620 (35)
2337 4551 2507 4607 Πολύ.
2542 4553 2638 4608 Sic
2667 4569 2866 4607 omnes
2898 4553 3065 4608 codd.
3103 4554 3231 4609 Par.
3273 4555 3364 4609 ed.
3398 4553 3564 4610 addit
3588 4551 3673 4608 τό.

2192 4625 2303 4696 (36)
2337 4622 2592 4698 Δυομένῳ
2641 4621 3064 4698 συγκαταλυσας.
3122 4624 3392 4698 ιᾷυῐροὶθ
3425 4642 3603 4697 quam
3651 4639 3772 4678 una

2123 4694 2252 4752 cum
2288 4694 2409 4750 Solo
2441 4694 2820 4750 occumbc'nte
2852 4694 3062 4749 ﬁniret.
3098 4717 3125 4745 ››
3161 4696 3214 4750 Is
3243 4694 3332 4752 est
3363 4694 3497 4752 Elim
3532 4712 3768 4765 sensus,

2124 4768 2220 4836 qui
2256 4767 2341 4820 sic
2371 4767 2440 4820 de
2473 4767 2582 4821 isto
2614 4767 2961 4838 philosopho
2995 4767 3298 4821 historiam
3333 4769 3528 4837 refert,
3567 4791 3586 4816 α
3623 4770 3772 4822 Cum

2124 4840 2328 4904 Roma,
2363 4839 2570 4910 inquit,
2599 4840 2897 4910 quondam
2919 4855 2952 4891 a
2980 4839 3244 4910 barbaris
3269 4840 3422 4894 bello
3447 4847 3776 4910 vexaretur,

2125 4909 2720 4980 Romanus'quidam
2783 4909 3170 4980 philosophus
3219 4912 3330 4965 sub
3385 4911 3528 4966 solis
3576 4916 3773 4965 ortum

2126 4988 2309 5046 stans,
2346 4996 2446 5052 per
2467 4980 2836 5052 totumidiem
2873 4981 2931 5034 in
2965 4982 3223 5035 oratione
3243 4988 3510 5038 versatus
3541 4986 3671 5048 est;
3707 4998 3776 5036 ac

2127 5051 2360 5124 delapso
2393 5052 2462 5105 de
2493 5051 2631 5106 cmlo
2663 5051 2797 5123 igne
2845 5068 2962 5105 una
2992 5068 3121 5106 cum
3159 5053 3423 5110 barbaris
3468 5055 3594 5126 ipse
3625 5069 3774 5124 quo-

2127 5141 2238 5196 que
2270 5127 2561 5179 crematus
2593 5128 2703 5178 est.
2741 5147 2760 5175 ι

2200 5213 2312 5284 (37)
2343 5211 2449 5284 Ένᾼ
2473 5207 2748 5284 Ποτιδαίᾳ.
2802 5233 2827 5259 ‹‹
2858 5210 3142 5284 Potidaea.
3180 5234 3213 5284 ξ),
3242 5213 3301 5284 Id
3349 5213 3641 5268 exciderat
3688 5211 3780 5266 in-

2128 5277 2387 5355 terpreti.
2423 5277 3011 5356 (ἒοιῐιὶξεὲΠοσιδαίᾳ.Δ
3040 5284 3100 5336 In
3122 5283 3258 5356 _Elia
3288 5283 3522 5356 legitur,
3555 5308 3581 5333 α
3619 5284 3781 5356 Poti—

2131 5353 2250 5410 daea
2272 5356 2409 5410 urbs
2431 5359 2518 5408 est
2540 5355 2609 5408 ad
2634 5353 3096 5428 Thraciamsita.
3119 5353 3510 5428 Philosophus
3534 5355 3781 5428 quidam

2131 5427 2492 5494 Potidmates,
2521 5442 2654 5497 cum
2681 5425 2963 5497 precandi
2997 5441 3175 5481 causa
3205 5425 3490 5497 stetisset,
3523 5425 3588 5484 ac
3619 5427 3785 5481 dein-

2131 5499 2198 5552 de
2231 5497 2288 5551 in
2321 5495 2808 5570 contemplatiOne
2850 5500 3030 5570 extra
3053 5514 3114 5552 se
3144 5503 3352 5570 raptus
3401 5495 3626 5566 fuisset,
3659 5503 3788 5570 tota

2136 5575 2298 5644 nocte
2331 5570 2414 5623 ita
2443 5568 2501 5621 in
2527 5566 2784 5644 oratione
2807 5566 3083 5639 perstitit,
3115 5573 3176 5624 ut
3198 5566 3314 5626 vim
3350 5570 3582 5644 frigoris
3618 5569 3783 5626 nullo

2136 5641 2306 5695 modo
2339 5640 2704 5710 persentiret.

2203 5706 2355 5782 (38f
2391 5706 3026 5788 Προσριλοποντςσαιηεος9
3102 5734 3131 5763 «
3202 5713 3415 5776 Addita
3500 5713 3574 5774 ad
3656 5715 3786 5771 stu-
