4148 6290
453 466 566 527 597

1446 459 1740 521 ORATIO
1787 460 1888 521 ιν.
1920 459 2336 520 -ΟΟΝἸἪΑ
2384 460 2783 521 JULIANUM
2828 461 2876 518 l.

3759 458 3879 538 598

459 593 598 672 μηδέ
657 591 1064 659 ἆπαισθάνεσθαι
1121 595 1234 666 (39)
1280 597 1377 648 τοῦ
1424 590 1622 668 κρύους
1672 589 1760 646 διὰ
1791 592 1890 660 τὴν
1924 589 2075 646 ἔκστα

2219 608 2349 650 cum
2387 593 2572 665 ipsius
2607 609 2814 649 occasu
2849 593 3061 648 finiret.
3094 591 3243 657 Quin
3277 590 3442 647 illum
3485 592 3659 648 etiam
3691 591 3874 649 laudi-

456 705 572 741 σιν’
609 685 644 754 ἢ
695 686 785 739 καὶ
838 685 933 754 τήν
989 685 1234 759 Ὁμήρου
1286 680 1646 760 φιλομάθειαν
1700 681 1823 756 περὶ
1877 681 1938 734 τὸ
1981 682 2105 756 ’Λρ-

451 772 673 830 καδικὸν
729 775 840 847 (40)
903 774 1145 845 ζήτημα,
1205 771 1292 826 καὶ
1346 772 1447 840 τήν
1527 769 1939 847 Ἀριστοτέλους
1997 772 2110 843 (41)

451 863 780 944 φιλοσοφίαν
831 862 920 917 καὶ
982 859 1304 938 προσεδρίαν
1377 861 1465 915 επὶ
1536 865 1656 922 ταῖς
1716 865 1813 914 τοῦ
1870 860 2111 933 Εὐρίπου

455 948 808 1028 μεταϐολαῖς,
863 951 949 1030 ὑφ’
995 953 1068 1005 ὧν
1117 953 1229 1024 (42)
1287 951 1610 1021 τεθνήκασι·
1665 949 1753 1004 καὶ
1806 949 1869 1004 τὸ
1910 947 2109 1004 Κλεάν-

452 1055 576 1108 θους
626 1044 741 1117 (43)
787 1041 975 1118 φρέαρ,
1029 1041 1116 1095 καὶ
1161 1040 1253 1094 τὸν
1303 1038 1664 1115 ’Λναξαγόρου
1716 1041 1828 1114 (44)
1886 1036 2108 1112 ἱμάντα,

446 1132 537 1187 καὶ
567 1133 667 1200 τὴν
695 1129 1049 1206 Ἠρακλείτον
1084 1131 1196 1204 (45)
1221 1131 1537 1207 κατήφειαν.

2218 683 2330 738 bus
2374 683 2579 749 alﬁcis,
2607 683 2707 755 qui
2755 683 3018 737 Potidaa
3071 681 3308 738 hiberno
3355 686 3636 753 tempore,
3675 683 3873 738 addito

2225 773 2292 827 ad
2331 773 2593 828 studium
2628 773 2843 842 labore,
2871 788 3086 843 pernox
3117 772 3173 824 in
3201 770 3598 842 speculatione
3619 773 3872 842 quadam

2225 862 2410 929 stetit,
2442 863 2522 916 ita
2554 866 2616 916 ut
2662 879 2733 916 ne
2762 861 2878 916 vim
2913 861 3147 932 quidem
3181 860 3416 932 frigoris
3447 865 3681 932 propter
3712 877 3882 916 men-

2222 950 2296 1005 tis
2329 951 2779 1006 abstractionem
2823 951 3084 1005 sentiret.
3117 949 3345 1005 Laudas
3395 949 3639 1022 insuper
3667 951 3725 1005 in
3764 951 3873 1005 Ho-

2223 1055 2385 1094 mero
2416 1040 2676 1095 discendi
2729 1055 2985 1093 amorem
3021 1038 3173 1093 circa
3212 1038 3550 1093 Arcadicam
3597 1039 3870 1110 quastio-

2222 1145 2378 1196 nem,
2399 1132 2452 1183 et
2477 1130 2533 1184 in
2561 1127 2866 1205 Aristotele
2884 1129 2923 1182 1
2938 1130 2975 1182 1
2990 1129 3036 1184 2
3056 1126 3484 1199 philosophiam
3507 1131 3564 1183 et
3583 1127 3870 1185 diutinam

447 1238 674 1279 moram
705 1222 777 1278 ad
809 1221 1135 1293 reciprocos
1181 1221 1378 1292 Euripi
1410 1227 1606 1287 astus,
1642 1219 1856 1290 quibus
1890 1222 2134 1290 uterque
2163 1218 2460 1274 occubuit.
2495 1217 2676 1272 Eﬂ'ers
2709 1217 2886 1272 etiam
2919 1216 3213 1272 Cleanthis
3262 1223 3522 1288 puteum,
3558 1221 3615 1272 et
3644 1218 3867 1274 Anaxa-

449 1328 601 1383 gora
633 1309 960 1382 cingulum,
992 1313 1048 1366 et
1075 1308 1350 1365 Heracliti
1381 1308 1746 1364 mastitiam.

521 1399 637 1454 Ol".
689 1397 855 1452 Πόσοι
899 1400 1089 1466 ταῦτα,
1137 1396 1226 1451 καὶ
1283 1396 1446 1472 μέχρι
1495 1395 1673 1464 τίνος;
1725 1394 1834 1456 Τὰς
1884 1391 1941 1448 δὲ
1981 1394 2108 1470 παρ’

2289 1396 2529 1451 LXXIII.
2555 1396 2706 1461 Quot
2733 1411 2868 1450 vero
2899 1394 3168 1450 homines
3211 1392 3304 1449 his
3331 1395 3646 1452 virtutibus
3676 1397 3866 1454 excel-

447 1488 584 1561 ἡμῖν
613 1485 676 1542 οὗ
729 1485 1018 1560 θαυμάζεις
1057 1482 1314 1562 χιλιάδας
1345 1485 1434 1540 καὶ
1470 1481 1733 1560 μυριάδας
1760 1505 1770 1516 ·
1805 1484 1894 1538 καὶ
1941 1488 2070 1537 ταῦτ

2214 1485 2470 1555 luerunt,
2498 1490 2554 1540 et
2588 1484 2889 1558 quandiu?
2921 1485 3212 1540 Inﬁnitam
3258 1489 3448 1539 autem
3495 1484 3656 1541 illam
3705 1488 3860 1558 apud

445 1575 536 1631 καὶ
596 1574 804 1631 τούτων
884 1573 961 1629 ἔτι
1038 1575 1451 1648 θαυμασιώτερα
1527 1572 1970 1651 φιλοσοφούντων
2051 1571 2102 1626 ἐν

446 1663 608 1720 παντὶ
653 1667 734 1736 τῷ
786 1663 888 1739 βίῳ
939 1665 1053 1738 (46)
1102 1664 1192 1718 καὶ
1243 1664 1379 1719 κατὰ
1427 1665 1536 1737 (47)
1578 1669 1772 1735 πᾶσαν,
1807 1663 1878 1723 ὡς
1910 1661 2100 1731 εἰπεῖν,

445 1755 546 1824 τὴν
597 1752 945 1826 οἴκουμένην,
1006 1750 1211 1828 ἀνδρῶν
1267 1774 1326 1807 τε
1370 1753 1578 1826 ὁμοίως
1627 1753 1738 1826 (48)
1778 1751 1865 1806 καὶ
1914 1771 2098 1826 γυναι-

443 1847 576 1917 κῶν,
630 1842 704 1906 εἰς
751 1841 997 1919 ἀνδρείαν
1049 1845 1162 1917 (49)
1209 1840 1634 1916 ἁμιλλωμένων,
1687 1842 1956 1906 κάνταῦθα
1998 1840 2098 1914 μό-

2215 1592 2322 1630 nos
2353 1575 2659 1630 hominum
2696 1573 3130 1629 multitudinem
3164 1591 3278 1628 non
3306 1573 3538 1628 miraris
3570 1591 3634 1629 ac
3665 1576 3863 1648 suspi-

2213 1663 2317 1730 cis,
2352 1664 2450 1736 qui
2484 1668 2539 1718 et
2569 1664 2692 1718 hac
2723 1668 2778 1718 et
2816 1662 2910 1718 bis
2959 1662 3302 1717 sublimiora
3347 1663 3859 1735 philosophantur,

2210 1751 2270 1807 in
2294 1753 2451 1808 omni
2476 1754 2601 1807 vita
2633 1769 2840 1824 genere
2868 1756 2923 1807 et
2953 1752 3241 1817 instituto,
3266 1755 3437 1822 atque
3469 1752 3528 1806 in
3561 1753 3858 1823 omnibus,

2211 1842 2390 1897 utsic
2434 1841 2660 1914 loquar,
2694 1847 2983 1897 terrarum
3017 1841 3153 1910 oris,
3176 1840 3282 1894 viri
3327 1843 3497 1912 juxta
3540 1858 3606 1896 ac
3654 1841 3858 1898 mulie-

440 1954 528 1988 νον
606 1932 1110 2006 ἑπιλανθανομὲνων
1178 1940 1278 2002 τῆς
1357 1931 1588 2009 φύσεως,
1665 1933 1727 1986 οὗ
1818 1929 1900 1986 δεῖ
1966 1933 2075 1986 Θεὸε

2207 1948 2319 1996 res,
2343 1932 2576 1988 virtutis
2607 1931 2976 1986 amulatione
2997 1933 3303 1999 certantes,
3329 1935 3505 2002 atque
3536 1929 3630 1986 hic
3659 1930 3850 1988 solum

442 2021 765 2077 οἰκειοῦσθαι
816 2019 886 2076 δι’
934 2021 1146 2097 ἁγνείας
1194 2021 1282 2076 καὶ
1327 2021 1647 2097 καρτερίας⁸
1701 2021 1762 2075 οὐ
1793 2025 1897 2075 τῶν
1930 2019 2086 2096 ἀγεν-

439 2113 682 2186 νῶν
734 2109 924 2184 μόνον,
973 2109 1061 2165 καὶ
1109 2114 1186 2182 τῷ
1214 2116 1398 2165 πονεῖν
1431 2111 1842 2183 συνειθισμὲνων
1875 2108 1965 2164 διὰ
1991 2111 2090 2178 τὴν

439 2199 530 2254 ἀπ’
585 2200 762 2276 ἀρχῆς
807 2198 1101 2273 εὐτέλειαν,
1153 2198 1298 2255 ἀλλὰ
1346 2199 1433 2253 καὶ
1493 2204 1600 2254 τῶν
1662 2198 1780 2255 λίαν
1860 2197 2086 2272 ὑψηλῶν

439 2310 573 2344 ποτε
625 2289 715 2344 καὶ
773 2286 1064 2363 λαμπρῶν,
1122 2287 1212 2343 καὶ
1264 2289 1566 2365 περιουσίᾳ,
1625 2289 1715 2343 καὶ
1769 2287 1930 2365 γένει,
1998 2288 2088 2342 καὶ

440 2376 741 2451 δυναστείᾳ,
790 2377 1256 2452 καινοτομούντων
1309 2379 1371 2433 τὸ
1412 2376 1696 2442 δυσπαθεῖν
1729 2380 1840 2451 (51)
1873 2375 1961 2432 διὰ
1988 2379 2087 2446 τῆν

434 2471 670 2544 Χριστοῦ
723 2466 992 2541 μίμησιν”
1044 2465 1140 2535 ὧν,
1191 2466 1285 2522 κᾶν
1336 2468 1362 2521 ὁ
1412 2465 1574 2542 λόγος
1631 2468 1706 2540 μὴ
1739 2467 1775 2541 ᾗ
1809 2469 1922 2540 (52)
1978 2464 2090 2538 (διὰ

433 2555 498 2612 τὸ
547 2553 679 2629 μηδ’
731 2555 783 2610 ἐν
836 2553 988 2632 λόγῳ
1012 2555 1248 2611 τίθεσθαι
1276 2556 1374 2624 τὴν
1409 2551 1700 2625 εὐσέϐειαν,
1733 2555 1820 2610 καὶ
1852 2563 1950 2625 τῆς
1984 2555 2088 2609 ἀπὸ

431 2648 530 2701 τοῦ
560 2645 829 2719 στόματος
864 2645 1054 2723 σοφίας
1092 2644 1298 2722 βραχὺν
1333 2645 1462 2700 εἶναι
1493 2645 1582 2700 τὸν
1618 2645 1848 2721 καρπόν,
1882 2646 1955 2707 ὡς
1997 2645 2088 2699 καὶ

432 2737 538 2789 τῶν
570 2735 698 2808 παρ’
720 2734 846 2807 ὑμῖν
875 2755 982 2788 τινι
1013 2739 1258 2804 ποιητῶν
1287 2731 1505 2808 ἔδοξεν),
1558 2733 1702 2790 ἀλλὰ
1747 2735 1808 2789 τὸ
1859 2733 2085 2809 εὒλογον

441 2821 650 2894 πλεῖον,
686 2823 777 2878 καὶ
808 2825 844 2893 ἡ
877 2823 929 2878 ἐν
961 2829 1079 2886 τοῖς
1108 2823 1385 2900 πράγμασι
1417 2820 1714 2886 παίδευσις.

515 3089 633 3145 ΟΔ’.
661 3088 814 3145 Ἀλλ’
847 3088 1022 3164 ὅμως,
1056 3086 1260 3145 ἅπαντα
1289 3087 1532 3163 παριδὼν
1580 3093 1767 3160 ταῦτα,
1818 3090 1905 3145 καὶ
1951 3092 2088 3167 πρὸς

391 3237 400 3242 _
443 3173 498 3231 ἔν
526 3181 686 3232 τοῦτο
737 3177 894 3250 μόνον
949 3176 1100 3252 ἰδὼν,
1151 3177 1300 3238 ὅπως
1351 3177 1408 3232 ἂν
1459 3178 1746 3254 χαρίσαιτο
1792 3184 1908 3241 τοῖς
1960 3199 2086 3234 κατ-

2200 2037 2374 2077 sexus
2405 2020 2832 2085 obliviscentes,
2857 2019 2956 2073 ubi
2993 2018 3145 2074 Deus
3178 2035 3279 2090 per
3313 2019 3639 2074 castitatem
3673 2026 3730 2077 et
3758 2025 3848 2078 to-

2197 2107 2502 2165 lerantiam
2537 2108 2936 2164 conciliandus
2974 2115 3060 2163 est
3095 2125 3105 2160 :
3148 2123 3247 2161 nec
3279 2108 3513 2162 obscuri
3562 2109 3754 2166 solum
3787 2115 3845 2166 et

2197 2198 2504 2271 ignobiles,
2538 2203 2594 2253 et
2637 2202 2871 2270 propter
2899 2197 3156 2268 pristina
3189 2196 3539 2252 conditionis
3582 2199 3841 2255 tenuita-

2197 2293 2312 2345 tem
2355 2288 2654 2344 laboribus
2703 2287 2942 2353 assueti,
2975 2287 3074 2341 sed
3126 2286 3298 2339 etiam
3348 2286 3515 2341 valde
3547 2289 3845 2358 quondam

2199 2376 2483 2434 sublimes
2516 2383 2572 2432 et
2601 2375 2914 2448 splendidi,
2945 2379 3073 2429 tum
3106 2374 3334 2446 opibus,
3361 2378 3486 2429 tum
3519 2376 3846 2448 nobilitate,

2198 2471 2324 2522 tum
2357 2466 2634 2538 potentia,
2666 2463 2876 2519 Christi
2927 2464 3196 2518 imitandi
3244 2464 3439 2519 studio
3479 2480 3606 2521 sese
3640 2471 3850 2538 prater

2200 2573 2420 2611 morem
2472 2554 2866 2610 afﬂictantes:
2912 2553 3033 2625 qui,
3067 2554 3172 2607 etsi
3225 2557 3516 2608 sermonis
3563 2553 3850 2626 elegantia

2199 2649 2434 2700 careant
2472 2644 2649 2715 (quod
2705 2659 2775 2698 ne
2834 2643 2892 2696 in
2952 2659 3219 2697 sermone
3279 2642 3515 2712 quidem
3571 2643 3850 2715 pietatem

2199 2735 2579 2801 constituant,
2613 2746 2971 2804 parvusque,
2993 2735 3058 2785 ut
3092 2730 3320 2785 cuidam
3346 2731 3521 2785 etiam
3546 2735 3850 2802 poetarum

2199 2827 2528 2880 vestrorum
2566 2821 2806 2894 placuit,
2831 2819 3127 2893 sapientia
3162 2820 3232 2874 ab
3265 2835 3362 2874 ore
3404 2821 3701 2877 manantis
3731 2821 3851 2878 l'ru-

2199 2917 2327 2967 ctus
2360 2912 2476 2983 sit),
2502 2911 2935 2983 prastantiorcs
2959 2913 3153 2966 tamen
3180 2913 3317 2964 sunt
3346 2910 3655 2981 prudentia
3675 2915 3850 2984 atque

2198 3001 2464 3056 doctrina
2493 3001 2551 3055 in
2585 3001 2827 3056 actione.

2270 3090 2548 3146 LXXXIV.
2585 3090 2693 3144 Sed
2737 3093 2934 3144 tamen
2974 3087 3065 3142 his
3099 3088 3371 3143 omnibus
3401 3090 3750 3161 contemptis
3781 3107 3846 3147 ac

2200 3197 2302 3253 pro
2335 3179 2514 3234 nihilo
2561 3178 2797 3248 habitis,
2826 3193 3126 3248 unumque
3157 3177 3212 3232 id
3247 3181 3537 3248 spectans,
3570 3182 3635 3232 ut
3663 3196 3698 3234 a
3726 3179 3842 3235 da-

429 3271 701 3342 ενεγκοῦσι
749 3267 1022 3330 πολλάκις
1075 3267 1234 3323 αὐτὸν
1286 3266 1443 3337 ἀξίως
1494 3270 1607 3342 (53)
1661 3264 1902 3342 δαίμοσι,
1954 3269 2075 3344 πρὶν

2207 3269 2494 3338 monibus,
2519 3286 2552 3323 a
2583 3267 2797 3339 quibus
2848 3283 3016 3337 sape,
3053 3271 3116 3321 ut
3154 3283 3384 3336 aequum
3417 3271 3559 3337 erat,
3586 3271 3844 3338 prostra-

425 3351 567 3410 ἄλλο
597 3377 648 3410 τι
697 3359 1127 3428 καταστήσασθαι
1174 3361 1281 3412 τῶν
1331 3361 1548 3427 κοινῶν,
1597 3355 1682 3412 ἐπὶ
1732 3357 2079 3433 Χριστιανοὺς

426 3443 664 3521 φέρεται.
713 3447 814 3500 Καὶ
865 3443 959 3501 δύο
1021 3447 1115 3521 μὲν
1159 3450 1325 3502 ταῦτα
1374 3446 1440 3516 ἧν
1483 3445 1629 3518 αὐτῷ
1676 3447 1742 3500 τὰ
1782 3444 2080 3517 σπουδαζό-

418 3589 580 3645 dium
618 3591 913 3669 labore.»
943 3595 1188 3669 Montes.
1236 3592 1485 3665 prafert,
1526 3589 2069 3669 ﬁpOththO-‘ttovﬁgqv-

414 3681 501 3789 ira,
535 3664 638 3718 sed
670 3664 822 3720 male
852 3668 1068 3720 tuetur.
1102 3664 1260 3720 Hanc
1291 3681 1491 3720 vocem
1523 3664 1636 3720 nun
1673 3664 1924 3720 reddidit
1953 3666 2067 3721 Bil-

440 3750 555 3788 ius.

440 3750 555 3788 lus.

485 3805 599 3876 (39)
627 3803 1109 3876 ’Euawoatvactlm.
1133 3805 1219 3861 Ita
1245 3810 1372 3862 Sav.
1404 3807 1658 3862 Combef.
1690 3807 1819 3862 Ald.
1854 3808 1980 3863 Bas.
2015 3811 2071 3863 et

414 3875 674 3932 Codices.
709 3878 769 3932 In
806 3878 934 3934 Par.
971 3879 1060 3933 ed.
1097 3875 1458 3931 ἐπαισθὲσθαι.

487 3947 734 4022 (40)-Τήν
765 3949 1079 4022 Ὀμήρουι..
1113 3948 1237 4020 περὶ
1266 3950 1329 4002 τὸ
1376 3944 1717 4020 Ἀρκαδικόν,
1752 3954 1858 4004 etc.
1897 3951 2065 4022 Arca-

415 4017 517 4093 des
567 4017 1066 4093 piscatores'cum
1126 4017 1449 4093 aliquando
1506 4017 1712 4077 obvios
1769 4021 2068 4077 habuisset

417 4089 726 4157 Homerus,
760 4091 850 4148 his
878 4093 1074 4148 verbis
1107 4089 1487 4165 interrogavit
1521 4110 1533 4148 :

485 4192 712 4272 Ἄνδρες
745 4197 834 4272 ἀπ’
863 4194 1150 4270 ’Δρκαδίας
1183 4195 1497 4272 ἁλιήτορες,
1541 4196 1575 4265 ἧ
1630 4197 1674 4272 ῥ’
1719 4196 1920 4272 ἔχομέν
1969 4218 2019 4251 τι
2051 4217 2062 4266 ;

487 4269 601 4323 Viri
633 4269 865 4325 Arcades
887 4269 1190 4341 piscatores
1220 4269 1474 4340 nunquid
1500 4269 1699 4341 piscan'
1724 4269 1953 4326 sumus?

413 4357 518 4423 Qui
551 4359 970 4430 respondentes
1000 4359 1157 4414 hunc
1190 4376 1424 4415 versum
1456 4358 1542 4414 illi
1574 4363 1944 4431 regesserunt
1978 4377 1990 4413 :

481 4461 587 4524 Οῦς
615 4459 815 4537 ἓλομεν
848 4461 1158 4538 λιπόμεσθ’,
1192 4463 1284 4527 οὕς
1316 4461 1362 4518 δ’
1413 4462 1520 4539 οὐχ
1569 4460 1788 4536 ἓλομεν,
1839 4463 2066 4608 φερόμε-

1945 4557 1974 4590 σ
2009 4557 2060 4592 α.

1945 4557 2060 4592 oua.

486 4622 834 4697 Quoscuqu
861 4628 1125 4698 cepimus,
1157 4627 1508 4697 reliquimus,
1533 4643 1664 4698 quos
1693 4642 1816 4682 vero
1847 4643 1958 4682 non
1985 4643 2064 4683 ce-

1134 4699 1344 4770 [pz'mus
1373 4701 1658 4755 nobiscum
1686 4701 1987 4770 portamus.

415 4800 717 4877 nimirum,
746 4818 900 4877 cum
950 4804 1097 4860 nihil
1147 4805 1399 4877 piscium
1450 4821 1654 4877 capere
1703 4809 1960 4876 possent,
1996 4804 2055 4858 in

415 4871 606 4949 littore
635 4873 987 4949 desidentes,
1021 4871 1304 4947 pediculis
1329 4871 1660 4948 quarendis
1688 4871 1922 4949 operam
1955 4877 2052 4932 de-

413 4943 637 5000 derant.
690 4946 918 5022 Horum
976 4943 1263 5022 quotquot
1318 4943 1623 5022 ceperant,
1684 4943 2050 5022 abjecerant;

413 5031 568 5092 quos
604 5019 802 5092 autem
851 5034 966 5092 non
1016 5019 1405 5092 invenerant;
1425 5023 1668 5076 domum
1716 5019 2050 5075 retulerant.

411 5087 571 5152 Quod
603 5087 855 5160 anigma
883 5088 1102 5147 solvere
1127 5108 1259 5148 cum
1293 5087 1402 5148 non
1432 5093 1715 5160 potuisset
1745 5092 2051 5157 Homerus,

409 5176 522 5230 pra
555 5175 802 5215 maerore
832 5160 997 5229 obiit,
1029 5168 1094 5218 ut
1141 5163 1346 5219 scribit
1391 5160 1766 5231 Plutarchus;
1801 5166 1939 5218 sunt
1968 5167 2054 5218 ta-

410 5246 556 5304 men,
571 5231 672 5303 qui
705 5231 759 5286 id
787 5237 1024 5304 negant.

478 5300 606 5384 (tl):
640 5307 774 5385 If,v_
813 5300 1248 5385 Ἄριστοτξλους,
1307 5308 1416 5385 etc.
1445 5305 1866 5385 «__Aristoteles
1922 5319 2056 5385 cum

405 5373 604 5456 Euripi
637 5373 951 5456 Chalcidici
994 5381 1264 5456 naturam
1313 5377 1803 5456 investigat-anon
1839 5381 2054 5456 posset,

409 5446 664 5519 maxime
697 5463 764 5501 ex
797 5447 1188 5519 dedecoreiet
1212 5446 1552 5519 ignominia
1584 5447 1780 5505 dolore
1829 5446 2057 5519 percul-

408 5533 530 5581 sus,
551 5516 729 5572 vitam
756 5517 1004 5587 reliquit.
1021 5544 1038 5566 ιι
1066 5514 1204 5574 058‘s
1228 5513 1321 5572 τοῦ
1351 5518 1584 5594 Εὐρίπου
1612 5519 1764 5610 ςεύσιν
1784 5513 1880 5571 τὸὖ
1903 5513 2055 5577 ὄντος

410 5584 426 5610 2
493 5583 716 5610 v_\_-l£\
756 5607 787 5610 4.
830 5592 856 5602 -ο
928 5609 935 5610 ,
1010 5586 1034 5610 β
1145 5588 1220 5610 n_\
1370 5591 1381 5606 ε
1544 5589 1602 5610 κη
1727 5588 1780 5610 -δ
1820 5589 1864 5610 »ν
2028 5593 2055 5610 νς

408 5584 462 5662 ἐν
493 5583 954 5662 Χαλκίὸιᾌγνῶναι
1007 5586 1274 5662 δυνηθεὶς,
1324 5583 1435 5657 τῆν’
1468 5583 1684 5660 πολλὴν
1717 5588 1927 5662 ἀδοξίαν
1969 5593 2057 5643 καὶ

411 5656 674 5737 αἶσχῦνην
722 5656 1274 5737 λυπηθεὶςῌμετὲστή
1323 5656 1436 5737 τοῦ
1472 5662 1612 5737 βίου.
1644 5656 1739 5721 Sic
1786 5656 2058 5719 Justinus

415 5729 639 5806 Martyr
662 5729 882 5806 cohort.
904 5733 980 5806 ad
1013 5729 1343 5806 Gt‘a?008,p.
1377 5736 1466 5806 33_.

487 5801 599 5876 (42)
629 5803 740 5883 Ὑφ’
768 5803 868 5863 ὧν.
899 5805 1038 5878 Reg.
1071 5805 1114 5878 1,
1145 5801 1328 5876 addit,
1359 5804 1468 5862 καί.

2194 3364 2292 3416 tus
2335 3360 2541 3427 fuerat,
2565 3356 2812 3428 gratiam
2861 3355 3053 3424 iniret,
3079 3355 3421 3427 priusquam
3471 3356 3842 3428 negotiorum

2194 3448 2560 3522 publicorum
2593 3444 2749 3500 aliud
2782 3445 3106 3516 quidquam
3136 3443 3556 3515 constituisset,
3584 3446 3643 3500 in
3675 3443 3839 3503 Chri-

2252 3593 2364 3664 (43)
2408 3586 2860 3664 ΤὸᾉΚλεάνθους,
2913 3594 3021 3644 etc.
3042 3612 3095 3664 Δ‹‹
3147 3589 3444 3664 Cleanthis
3500 3593 3767 3664 puteum.
3800 3613 3831 3642 »

2181 3661 2368 3720 Tanto
2401 3662 2781 3734 philosophia
2805 3678 3002 3734 amore
3034 3661 3312 3734 flagrasse
3333 3661 3565 3734 dicitur.
3584 3683 3613 3734 Διι
3641 3661 3838 3718 Clean-

2181 3737 2332 3800 thes,
2360 3731 2475 3789 n'ut
2507 3731 2678 3789 noctu
2715 3750 2929 3806 aquam
2962 3733 3019 3787 in
3055 3733 3236 3787 hortis
3268 3732 3546 3806 hauriret,
3579 3731 3833 3806 indeque

2182 3826 2296 3863 non
2330 3806 2470 3862 nihil
2499 3806 2753 3876 pecunia
2778 3804 3093 3876 colligeret,
3121 3820 3236 3875 qua
3258 3804 3537 3858 diuturna
3567 3804 3832 3876 tempora

2178 3880 2504 3934 litterarum
2539 3877 2750 3931 studiis
2779 3878 2963 3931 daret.

2249 3953 2360 4020 (44)
2402 3948 2501 4000 Τὸν
2556 3947 2939 4019 ’Λναξαγόρου,
2991 3951 3098 4020 θὶς)Ϊ
3143 3968 3169 3993 ››
3203 3951 3567 4020 Anaxagora
3623 3945 3828 4020 cingu-

2178 4016 2320 4076 lum.
2345 4016 2377 4069 ’››
2412 4016 2782 4090 Anaxagoras
2813 4016 3028 4090 librum
3070 4018 3141 4070 de
3185 4016 3525 4090 difﬁcilibus
3554 4016 3824 4088 quastio-

2179 4093 2354 4147 nibus
2401 4091 2602 4158 edidit,
2620 4089 2808 4160 quem
2834 4111 2862 4138 «
2894 4089 3082 4161 lorum
3117 4109 3145 4138 ι
3178 4089 3554 4160 nuncupavit,
3583 4094 3824 4161 (putans

2176 4165 2297 4219 fore
2328 4169 2388 4218 ut
2419 4163 2456 4216 ii
2493 4161 2591 4232 qui
2623 4158 2778 4216 hunc
2807 4161 3026 4215 librum
3067 4159 3343 4230 legerent,
3377 4158 3822 4218 difﬁcultatibus

2176 4235 2559 4306 illigarentur.

2246 4301 2357 4376 (715)
2416 4303 2516 4360 Καὶ
2584 4301 2681 4369 τὴν
2740 4301 3123 4376 Ἡρακλείτου.)
3179 4301 3500 4376 Heraclitus
3568 4301 3824 4376 philoso-

2176 4374 2329 4449 phus
2386 4377 2734 4449 Ephesinus,
2787 4374 2918 4449 qui,
2967 4374 3195 4444 quoties
3253 4374 3820 4449 domo‘egredieba-

2172 4445 2288 4516 tur,
2323 4445 2456 4505 ﬂere
2488 4448 2696 4504 solitus
2727 4451 2872 4516 erat,
2907 4445 3227 4501 humanam
3260 4445 3559 4501 miseriam
3591 4447 3818 4520 prospi-

2173 4537 2472 4675 magis»
2503 4588 2662 4677 παντὶ
2690 4585 2785 4677 τῷι
2806 4587 2930 4662 βίῳ.
2953 4611 2981 4639 ‹‹
3007 4590 3110 4645 Per
3130 4603 3364 4677 omnenm
3395 4587 3634 4677 vitam,»
3661 4591 3817 4677 quod

2092 4666 2138 4730 D
2169 4659 2505 4747 ρρροίιὶῐυον,
2541 4659 2704 4747 μέχρι
2733 4659 2915 4727 τίνος
2952 4685 2976 4711 ·.‹
3012 4660 3317 4733 quandiu?
3345 4682 3371 4708 υ
3406 4665 3480 4715 De
3513 4659 3816 4717 monachis

2169 4735 2263 4790 hic
2295 4735 2580 4804 pracipue
2612 4737 2700 4804 est
2730 4749 2942 4787 sermo.

2241 4800 2348 4888 (47)
2407 4800 2504 4858 Καὶ
2559 4801 2710 4859 κατά.
2775 4805 2932 4860 Pass.
2995 4804 3208 4874 aliique
3267 4803 3502 4874 plures,
3559 4800 3648 4854 καὶ
3703 4804 3810 4854 τῶν

2163 4897 2316 4932 κατα.

2237 4950 2344 5017 (48)
2375 4945 2630 5018 Ὁμοίως.
2669 4947 2805 5018 Reg.
2840 4947 2961 5007 hm,
2994 4949 3049 5018 et
3080 4945 3327 5018 Monta_c.
3363 4942 3523 5013 ὁμοῦ.

2238 5011 2347 5088 (49)
2377 5011 2471 5080 Εἷς
2520 5011 2797 5090 (ἀνδρείαν.
2849 5017 3140 5082 Heinsius,
3187 5037 3207 5064 α
3262 5011 3426 5090 forte,
3470 5038 3491 5068 ι
3548 5011 3811 5090 τοῖς-ἅν-

2165 5086 2371 5166 ὅρασιν,
2423 5089 2553 5166 Bill.
2606 5086 3018 5166 interpretatur
3050 5111 3074 5137 ‹‹
3110 5103 3242 5141 cum
3292 5086 3505 5141 viris.»
3548 5086 3807 5143 Combef.

2166 5161 2208 5214 ‹‹’
2227 5164 2408 5218 virilis
2440 5161 2620 5218 animi
2652 5161 2843 5216 laude.
2870 5183 2896 5210 ››

2381 5232 2456 5288 Οὐ
2502 5236 2609 5286 τῶν
2663 5231 2918 5306 ἀγεννῶν.
2955 5230 3044 5306 lla
3069 5230 3207 5306 Reg.
3245 5230 3361 5306 lim,
3396 5233 3453 5282 et
3483 5230 3608 5282 Sav.
3661 5229 3806 5284 Edd.

2168 5300 2266 5359 οὐκ
2297 5303 2547 5380 ἀγεννῶν.
2583 5300 2726 5359 Tres
2755 5304 2958 5380 Regg.,
2992 5300 3090 5354 οὐκ
3114 5301 3329 5380 ἆγενῶν.

2237 5368 2352 5450 (51)
2376 5377 2444 5428 Τὸ
2477 5373 2787 5450 δυσπαθεῖν.
2819 5368 3424 5450 Sicomnes'codices.
3459 5371 3630 5450 Deest
3656 5368 3718 5422 τό
3749 5370 3812 5427 in

2167 5443 2341 5504 editis
2371 5449 2624 5503 Combci'.
2651 5471 2677 5496 «
2713 5464 2857 5502 novo
2891 5446 3001 5500 sibi
3034 5449 3164 5499 vita.
3211 5460 3416 5513 genere
3448 5443 3654 5496 duram
3687 5458 3812 5497 cor-

2170 5521 2323 5592 poris
2355 5521 2758 5592 tractationem
2794 5518 3224 5592 atque_la_bores
3255 5513 3580 5592 indicendo.
3615 5534 3643 5562 ›π

2241 5594 2352 5674 (52)
2395 5589 2511 5674 Κᾶν,
2542 5588 2784 5674 slis-{05
2843 5583 2916 5660 μὴ
3053 5589 3210 5641 Pass.
3243 5584 3348 5674 .xlév
3384 5585 3410 5637 ὁ
3463 5583 3627 5674 λςόγρς

2169 5658 2302 5728 Alii,
2331 5658 2426 5716 κᾶν
2459 5660 2519 5714 οὗ
2542 5658 2794 5734 λόγος’ᾖ.
2832 5658 2858 5711 (ὲ
2887 5658 3108 5726 Quibus
3149 5659 3253 5714 etsi
3289 5658 3514 5714 dicendi
3548 5658 3816 5714 facultas

2169 5735 2320 5790 desit
2349 5740 2405 5791 et
2435 5735 2706 5790 eruditio.
2737 5757 2756 5781 ιι

2243 5809 2354 5880 (53)
2381 5805 2594 5876 Ἀξίως.
2628 5807 2799 5863 Deest
2827 5805 2884 5860 in
2918 5808 3170 5877 quatuor
3200 5804 3378 5876 Regg.
3412 5803 3509 5859 Or.
3544 5803 3596 5870 1,
3627 5805 3737 5858 etc.
