4148 6290
306 399 428 463 599

1556 402 1620 465 S.
1672 402 2044 465 GBEGORII
2091 404 2195 464 ΤΗ
2209 402 2486 466 EULOGI

3612 399 3733 466 600

310 535 537 595 stianos
585 532 805 608 impetu
859 533 1060 591 fertur.
1096 539 1175 591 Ae
1222 536 1337 592 duo
1388 535 1625 606 quidem
1675 536 1788 592 ista
1818 553 1953 593 cum

2095 554 2224 604 ιενα,
2259 531 2548 589 Γαλιλαῖοί
2572 556 2651 608 τε,
2686 533 2760 598 ὡς
2792 532 2953 597 αὐτὸς
3005 534 3114 608 (54)
3166 526 3466 612 ἐφυϐρίζων
3514 530 3723 604 ἐκάλει,

315 626 628 683 sollicitum
661 625 978 694 habebant,
1009 625 1229 681 Galilaai
1272 643 1501 699 nempe,
1536 627 1618 683 sic
1649 628 1804 682 enim
1835 627 1960 700 ipse

315 715 677 774 contumeliae
709 732 886 771 causa
915 732 1019 770 nos
1052 715 1402 787 appellabat,
1427 722 1483 772 et
1510 721 1721 782 Persae,
1751 733 1962 787 magna

314 804 623 863 tolerantia
644 805 701 859 in
722 805 973 877 gerendo
998 804 1145 860 bello
1168 809 1495 876 perstantes
1518 824 1530 861 :
1550 822 1749 860 verum
1776 821 1962 877 usque

316 896 456 952 adeo
491 895 699 966 majori
751 910 892 950 cura
917 894 1214 965 animique
1246 895 1439 951 studio
1488 898 1545 949 et
1592 896 1962 950 contentione

315 986 374 1040 in
406 984 719 1057 perniciem
753 987 1014 1039 nostram
1044 983 1505 1038 incumbendum
1533 1000 1661 1039 esse
1692 984 1959 1052 ducebat,

316 1079 381 1130 ut
419 1072 714 1130 Persicum
748 1072 964 1128 bellum
1000 1073 1185 1131 instar
1216 1090 1507 1145 nugarum
1551 1077 1607 1128 et
1653 1073 1772 1127 ludi
1808 1074 1960 1127 “3

314 1163 625 1237 cujusdam
657 1163 914 1218 haberet.
940 1164 1102 1229 Quod
1144 1163 1280 1219 licet
1329 1180 1442 1218 non
1474 1168 1671 1235 aperte
1702 1164 1961 1217 declara-

316 1257 424 1320 ret,
456 1270 572 1309 non
620 1256 817 1309 tamen
852 1254 1097 1308 obscure
1128 1253 1363 1308 ferebat.
1396 1253 1580 1307 Tanta
1618 1253 1774 1307 enim
1807 1252 1863 1305 in
1897 1268 1962 1306 eo

316 1342 531 1400 furoris
562 1343 905 1415 magnitudo
935 1347 1078 1409 erat,
1112 1346 1176 1396 ut
1206 1343 1356 1413 apud
1392 1343 1627 1413 quosvis
1678 1342 1733 1395 id
1786 1342 1962 1396 conti-

318 1431 429 1489 teri
460 1449 766 1504 nunquam
800 1432 1109 1487 desineret.
1136 1438 1210 1487 Ac
1237 1448 1307 1485 ne
1339 1432 1445 1486 hoc
1478 1431 1713 1501 quidem
1748 1430 1966 1501 perspi-

319 1522 509 1581 ciebat
536 1521 624 1576 vir
664 1520 928 1577 omnium
972 1520 1414 1592 sagacissimus,
1448 1520 1824 1591 optimusque
1855 1520 1965 1573 rei-

319 1609 566 1683 publicae
596 1610 861 1676 antistes,
894 1610 1050 1680 quod
1084 1609 1377 1680 prioribus
1410 1608 1643 1679 quidem
1696 1624 1963 1679 persecu-

317 1699 579 1755 tionibus
608 1697 823 1753 idcirco
855 1715 1029 1769 parva
1071 1698 1428 1770 perturbatio
1460 1702 1515 1752 et
1546 1696 1845 1751 convulsio
1878 1714 1966 1751 se-

319 1788 629 1861 quebatur,
656 1788 795 1859 quia
826 1788 1085 1841 nondum
1111 1788 1324 1857 dogma
1355 1792 1620 1841 nostrum
1646 1787 1714 1840 ad
1752 1786 1966 1840 multos

2070 622 2159 678 καὶ
2220 623 2415 699 Πέρσαι
2475 629 2553 696 τῷ
2626 624 2860 697 πολέμῳ
2935 628 3212 699 καρτερῶς
3278 621 3723 698 παραμένοντες·

2073 713 2214 768 οὕτω
2261 718 2373 788 (55)
2424 713 2480 769 δὲ
2527 716 2587 769 τὸ
2634 715 2900 790 ἡμέτερον
2956 716 3277 788 μεῖζον
3309 713 3397 768 καὶ
3428 733 3724 789 περισπου-

2074 800 2389 879 δαστότερον
2443 808 2578 879 (57),
2639 804 2777 859 ὣστε
2836 804 3007 879 λῆρον
3066 804 3155 858 καὶ
3204 801 3419 857 παιδιὰν
3470 802 3617 875 αὐτῷ
3663 804 3725 858 τὸ

2070 894 2205 947 κατὰ
2238 895 2440 968 Πέρσας
2472 893 2807 967 νομίζεσθαι.
2860 894 2961 950 Καὶ
3013 898 3172 947 τοῦτο
3219 892 3318 947 οὐκ
3348 891 3583 969 ἐκφαίνει
3615 894 3729 963 (58)

2078 982 2195 1055 μὲν,
2228 982 2327 1036 οὐκ
2355 983 2578 1056 κρύπτει
2611 981 2667 1037 δέ
2692 1001 2702 1013 ·
2741 981 2885 1037 ἀλλὰ
2903 987 3159 1037 τοσοῦτον
3192 984 3257 1050 ἦν
3291 980 3435 1053 αὐτῷ
3457 981 3519 1035 τὸ
3540 981 3725 1057 περιὸν

2072 1078 2171 1140 τῆς
2206 1071 2421 1143 μανίας,
2475 1070 2611 1127 ὥστε
2658 1072 2737 1126 ἀεὶ
2785 1072 2873 1126 καὶ
2904 1073 3039 1148 πρὸς
3073 1072 3275 1133 πάντας
3300 1069 3595 1147 ὁμολογῶν
3630 1071 3731 1126 οὐκ

2074 1160 2321 1217 ἐπαύετο.
2381 1162 2487 1217 Καὶ
2545 1159 2669 1216 οὐδὲ
2723 1165 2884 1216 τοῦτο
2944 1158 3177 1216 συνεῖδεν
3235 1162 3264 1215 ὁ
3319 1162 3533 1215 πάντων
3603 1182 3728 1216 συν-

2075 1251 2341 1312 ετώτατος
2407 1252 2495 1305 καὶ
2554 1252 2772 1326 ἄριστος
2835 1254 2933 1305 τοῦ
2989 1254 3175 1305 κοινοῦ
3244 1251 3573 1325 προστάτης,
3646 1248 3731 1306 ὅτι

2074 1344 2188 1400 τοῖς
2224 1339 2317 1411 μὲν
2346 1340 2634 1414 προτέροις
2666 1337 2936 1414 διωγμοῖς
2970 1338 3159 1414 ὀλίγον
3199 1340 3265 1408 ἦν
3311 1340 3374 1394 τὸ
3422 1338 3731 1415 συγχεόμε-

2073 1448 2162 1481 νον
2194 1427 2282 1482 καὶ
2331 1428 2814 1503 παρακινούμενον,
2868 1428 3021 1483 οὕπω
3065 1432 3165 1483 τοῦ
3194 1429 3312 1483 καθ’
3341 1430 3490 1502 ἡμᾶς
3524 1426 3735 1505 δόγμα-

2074 1537 2165 1578 τος
2198 1516 2288 1571 έπὶ
2342 1516 2588 1579 πολλοὺς
2637 1520 2749 1591 (59)
2797 1517 3116 1594 φθάσαντος,
3171 1516 3298 1571 ἀλλ’
3327 1516 3401 1572 ἔτ’
3432 1517 3484 1573 έν
3519 1516 3735 1594 ὀλίγοις

2076 1601 2515 1678 ἱσταμένης’τῆς
2562 1606 2844 1677 ἀληθείας,
2905 1607 2995 1661 καὶ
3054 1604 3318 1680 δεομένης
3370 1604 3733 1683 ἐκλάμψεωςο

2075 1700 2166 1749 νῦν
2218 1693 2274 1750 δὲ
2323 1693 2432 1767 ἤδη
2481 1700 2578 1751 τοῦ
2630 1696 2903 1771 σωτηρίου
2954 1694 3126 1771 λόγου
3173 1697 3426 1770 χεθέντος
3456 1698 3593 1769 (60),
3646 1698 3737 1752 καὶ

2076 1784 2199 1854 περὶ
2231 1787 2378 1857 ἡμᾶς
2416 1784 2653 1857 μάλιστα
2698 1783 3168 1856 δυναστεύσαντος,
3226 1787 3289 1840 τὸ
3336 1792 3620 1859 πειρᾶσθαι
3673 1787 3741 1841 τὰ

322 1881 708 1949 propagatum
740 1880 884 1941 erat,
918 1877 1016 1930 sed
1069 1876 1128 1929 in
1168 1876 1371 1947 paucis
1405 1876 1593 1929 adhuc
1626 1875 1965 1929 hominibus

2095 1878 2412 1947 Κριστιανῶν
2469 1874 2803 1948 μετατιθέναι
2866 1874 2953 1929 καὶ
3012 1881 3344 1951 παρακινεῖν,
3406 1873 3560 1931 οὐδὲν
3617 1872 3731 1931 ἓτε-

2235 1965 2263 1973 ..
2363 1966 2383 1973 η
2497 1966 2507 1973 .
2598 1966 2652 1973 -..
2797 1963 2806 1973 .
3147 1962 3163 1973 .
3228 1964 3238 1973 .
3402 1964 3415 1973 .
3518 1966 3529 1973 .
3724 1954 3731 1970 ε

320 1964 533 2021 veritas
559 1965 832 2028 haerebat,
857 1963 1347 2036 splendoremque
1380 1964 1781 2019 desiderabat:
1810 1980 1965 2018 nune

327 2057 523 2109 autem
553 2052 793 2109 salutari
818 2054 1079 2108 doctrina
1110 2053 1278 2124 longe
1302 2052 1531 2123 lateque
1555 2054 1703 2117 fusa,
1738 2057 1793 2106 et
1822 2053 1973 2123 apud

326 2158 426 2200 eos
470 2143 787 2215 praesertim
823 2142 1180 2209 dominante,
1212 2141 1550 2212 religionem
1583 2141 1974 2196 Christianam

324 2231 658 2301 immutare,
694 2235 869 2303 atque
901 2232 956 2285 in
991 2230 1282 2286 diversum
1318 2247 1547 2286 movere
1586 2231 1803 2300 conari,
1830 2230 1974 2284 nihil

325 2320 484 2377 aliud
509 2325 635 2377 erat
665 2337 839 2393 quam
864 2321 1259 2375 Romanorum
1293 2320 1605 2391 imperium
1631 2320 1974 2386 convellere,

326 2426 393 2467 ac
422 2411 494 2466 de
524 2426 719 2465 rerum
769 2426 1003 2464 summa
1047 2409 1384 2480 periclitari,
1419 2427 1622 2479 eaque,
1656 2411 1872 2480 quibus
1904 2425 1975 2465 ne

323 2498 522 2556 hostes
553 2498 790 2571 quidem
839 2499 1074 2569 gravius
1107 2499 1427 2569 quidquam
1461 2499 1628 2553 nobis
1662 2498 1971 2569 imprecari

328 2588 577 2661 possint,
602 2604 635 2643 a
662 2588 1103 2658 nobismetipsis
1131 2588 1371 2659 perpeti,
1399 2592 1571 2657 atque
1594 2589 1663 2642 ab
1690 2588 1795 2641 hac
1828 2605 1975 2641 nova

2088 1984 2179 2039 ρον
2230 1965 2294 2033 ἦν
2356 1966 2390 2033 ἣ
2450 1966 2548 2032 τὴν
2598 1963 2883 2036 Ῥωμαίων
2932 1962 3321 2041 παρασαλεύειν
3390 1964 3593 2040 ἀρχὴν,
3650 1954 3741 2033 καὶ

2084 2058 2161 2124 τῷ
2209 2057 2377 2124 κοινῷ
2425 2056 2537 2126 (6|)
2582 2053 2741 2108 παντὶ
2788 2050 3134 2124 κινδυνεύειν,
3184 2053 3273 2107 καὶ
3328 2051 3400 2107 ὦν
3452 2050 3570 2108 οὐδ’
3603 2054 3661 2108 ἂν
3690 2056 3743 2109 οἱ

2086 2141 2276 2217 ἐχθροὶ
2328 2143 2516 2219 χεῖρόν
2564 2164 2618 2198 τι
2665 2144 2783 2207 καθ’
2854 2145 3013 2217 ἡμῶν
3082 2140 3319 2213 εὔξαιντο
3386 2146 3523 2215 (62),
3575 2147 3744 2199 ταῦτα

2084 2233 2313 2307 πάσχειν
2368 2232 2450 2309 ὑφ’
2497 2235 2656 2305 ἡμῶν
2708 2232 2908 2300 αὐτῶν,
2958 2230 3043 2287 καί
3091 2239 3193 2301 τῆς
3237 2237 3357 2294 νέας
3405 2230 3604 2301 ταύτης
3649 2232 3742 2289 καὶ

2086 2328 2399 2393 θαυμαστῆς
2438 2319 2759 2399 φιλοσοφίας
2790 2321 2878 2377 καὶ
2913 2320 3211 2397 βασιλείας,
3246 2322 3331 2391 ὑφ’
3354 2322 3421 2390 ἧς
3445 2323 3742 2395 (63)ήμεῖς

2084 2407 2422 2482 εὐδαίμονες,
2454 2409 2543 2463 καί
2573 2410 2708 2485 πρὸς
2739 2410 2838 2479 τὴν
2869 2416 3081 2487 χρυσῆν
3114 2408 3321 2480 έκείνην
3352 2410 3535 2486 γενεάν
3565 2432 3624 2466 τε
3653 2410 3740 2465 καὶ

2083 2498 2389 2567 πολιτείαν,
2437 2496 2913 2571 ἐπανεληλύθαμεν
2966 2501 3101 2572 (64),
3161 2499 3261 2568 τὴν
3299 2498 3649 2554 ἀστασίαστόν
3681 2518 3739 2554 τε

2082 2586 2173 2640 καὶ
2206 2588 2445 2661 ἄμαχον.

325 2679 383 2734 et
410 2676 755 2732 admiranda
810 2676 1179 2748 philosophia
1234 2681 1289 2732 et
1342 2677 1692 2747 principatu,
1729 2684 1965 2748 propter
2006 2694 2177 2748 quem
2229 2694 2334 2734 nos
2386 2677 2607 2733 scilicet
2658 2677 2811 2733 beati
2863 2694 3091 2746 sumus,
3128 2681 3303 2750 atque
3360 2678 3431 2733 ad
3491 2695 3730 2735 auream

328 2764 491 2846 illam
524 2770 751 2821 aetatem
808 2767 1188 2837 gerendaque
1244 2765 1575 2839 reipublicre
1608 2766 1889 2821 rationem
1932 2766 2237 2833 rediimus,
2272 2767 2456 2833 illam,
2488 2767 2753 2838 inquam,
2788 2767 3093 2824 seditionis
3145 2772 3203 2823 et
3259 2783 3467 2841 pugnae
3496 2767 3736 2823 omnino

329 2858 645 2913 exnertem.

443 2871 645 2911 eriem.

401 2871 608 3002 ἓΧΧν.
635 2949 721 2999 An
752 2961 883 3000 vero
916 2944 1233 3000 tolerabilis
1265 2960 1474 2999 cursus
1508 2945 1974 3016 gubernationis,

330 3036 389 3092 et
417 3034 774 3091 tributorum
824 3033 1118 3104 relaxatio,
1152 3038 1208 3089 et
1256 3033 1663 3104 magistratum
1698 3033 1975 3105 delectus,

331 3128 391 3183 et
415 3124 704 3180 furtorum
755 3122 1338 3194 castigatio,a|iaque
1390 3125 1753 3194 omnia,quae
1790 3124 1978 3178 brevis

2157 2945 2275 2999 OE'.
2308 2944 2377 2997 Ἥ
2411 2940 2615 3018 δρόμος
2649 2945 2760 3017 (65)
2799 2942 2890 3017 μὶν
2920 2942 3155 3005 ἀνεκτῶς
3204 2941 3599 3016 διοικούμενος,
3648 2942 3742 2997 καὶ

2090 3032 2269 3111 φόρων
2322 3029 2516 3103 ἄνεσις,
2566 3031 2655 3086 καὶ
2708 3032 2989 3109 ἀρχόντων
3038 3031 3239 3109 ἐκλογή
3295 3036 3429 3106 (66),
3475 3033 3565 3087 καὶ
3606 3030 3741 3087 κλο-

2087 3126 2202 3176 πῶν
2238 3124 2350 3195 (67)
2399 3120 2735 3194 ἐπιτίμησις,
2783 3121 2873 3176 καὶ
2920 3118 3098 3176 τᾶλλα
3145 3120 3242 3176 ὅσα
3272 3128 3372 3191 τῆς
3403 3121 3749 3197 προσκαίρου

331 3215 391 3270 ot
408 3217 830 3268 momentaneaa
856 3212 1150 3267 felicitatis
1174 3229 1238 3267 ac
1260 3230 1483 3284 pompm
1517 3218 1672 3279 sunt,
1700 3230 1974 3284 magnam

2095 3211 2177 3265 καὶ
2228 3210 2508 3285 άκαριαίας
2565 3208 2965 3286 μακαριότητος
3012 3210 3102 3265 καὶ
3151 3211 3460 3290 φαντασίας,
3498 3210 3743 3285 μεγάλην

332 3300 647 3375 quamdam
671 3300 997 3372 reipublicae
1018 3301 1328 3356 utilitatem
1353 3302 1601 3356 allatura
1622 3308 1983 3372 erant,atque

332 3389 545 3448 harum
562 3406 753 3444 rerum
770 3390 1042 3445 laudibus
1061 3407 1129 3444 au
1141 3407 1230 3444 res
1246 3394 1476 3445 nostras
1497 3408 1805 3461 personare
1821 3409 1983 3461 opor-

334 3480 497 3536 tebat
522 3496 535 3536 :
563 3479 913 3551 populorum
943 3485 1133 3533 autem
1165 3484 1337 3550 atque
1372 3480 1602 3533 urbium
1640 3481 1902 3544 dissidia,
1930 3486 1985 3534 et

335 3569 817 3635 concertationes,
851 3573 907 3622 et
938 3568 1292 3621 familiarum
1327 3568 1555 3635 divisio,
1590 3573 1645 3622 et
1676 3570 1982 3623 domorum

336 3658 717 3726 diesensio,et
750 3657 1257 3711 matrimoniorum
1283 3657 1758 3728 diremptio,quse
1788 3659 1984 3711 omnia

332 3748 445 3805 hoc
467 3747 687 3803 malum
707 3752 977 3802 secutura
995 3762 1122 3801 esse
1138 3745 1450 3800 verisimile
1468 3750 1791 3816 erat,atque
1810 3747 1981 3800 etiam

336 3842 536 3894 secuta
561 3836 822 3907 sunt,vel
844 3835 929 3889 illi
958 3835 1246 3907 insignem
1271 3836 1585 3907 quamdam
1611 3834 1876 3907 gloriam,
1897 3836 1984 3891 vel

335 3926 666 3999 reipublieze
698 3927 1070 3981 securitatem
1104 3925 1614 3989 afferebant?Quis
1648 3930 1762 3979 tam
1793 3925 1879 3981 vel
1914 3927 1982 3980 ad

334 4017 692 4089 impietatem
722 4014 1104 4083 proclivis,vel
1128 4015 1422 4070 communi
1448 4031 1622 4069 sensu
1649 4018 1851 4086 captus
1875 4022 1984 4083 est,

332 4111 399 4161 ut
427 4106 535 4161 hoc
567 4104 960 4159 assentiatur?
986 4104 1492 4167 Quemadmodum
1525 4104 1678 4158 enim
1706 4104 1763 4159 in
1790 4122 1987 4176 corpo-

329 4195 656 4264 ribus,cum
685 4209 866 4246 unum
889 4198 987 4247 aut
1009 4192 1256 4247 alterum
1277 4193 1607 4247 membrum
1629 4209 1849 4264 aegrum
1872 4200 1980 4261 est,

383 4316 637 4411 ⁷(54)⁹Ως
670 4313 851 4374 αὑτός.
900 4316 1039 4386 Reg.
1086 4316 1188 4380 hu,
1237 4316 1396 4371 Colb.
1449 4316 1501 4383 3,
1556 4321 1611 4369 et
1659 4322 1845 4385 Pass.,
1897 4316 1988 4377 οὓς

383 4389 470 4445 ’τό
510 4432 522 4445 .

339 4409 525 4532 αυβὲ)
557 4456 735 4514 Οὕτω.
770 4456 1040 4532 H_ensiu_s,
1076 4480 1101 4506 «
1139 4458 1299 4532 forte,
1333 4456 1561 4513 τούτων.
1592 4486 1610 4511 υ

432 4528 522 4603 56)
555 4535 769 4597 Μεῖζον.
808 4530 944 4603 ΗΕΒ.
982 4530 1102 4603 lim,
1142 4528 1327 4603 μείζω.

2093 3297 2295 3373 ἔμελλε
2340 3305 2417 3371 τῷ
2464 3304 2628 3371 κοινῷ
2675 3301 2919 3374 παρέξειν
2960 3301 3058 3369 τήν
3119 3298 3407 3378 ὠφέλειαν,
3455 3299 3545 3355 καὶ
3593 3320 3749 3376 περι-

2096 3388 2446 3465 θρυλλεῖσοαι
2494 3391 2655 3461 ἡμῶν
2715 3387 2821 3444 ἔδει
2863 3388 2931 3443 τὰ
2976 3391 3090 3443 ὦτα
3154 3389 3358 3445 τούτων
3426 3389 3748 3464 ἐπαινουμέ-

2092 3499 2197 3532 νων
2226 3482 2336 3551 (68)
2362 3496 2372 3508 '
2409 3476 2577 3551 δῆμοι
2610 3475 2667 3533 δὲ
2716 3478 3087 3547 στασιάζοντες
3132 3479 3220 3532 καὶ
3250 3477 3463 3550 πόλεις,
3493 3478 3582 3533 καὶ
3614 3479 3747 3555 γένη

2096 3566 2428 3643 ῥηγνύμενα,
2477 3566 2566 3620 καὶ
2599 3566 2763 3620 οἰκίαι
2816 3565 3176 3641 διιστάμεναι,
3206 3566 3295 3622 καὶ
3328 3567 3569 3644 συζυγίαι
3618 3587 3750 3643 σχι-

2098 3656 2336 3728 ζόμεναι,
2396 3656 2426 3709 ἃ
2481 3660 2558 3727 τῷ
2613 3654 2763 3728 κακῷ
2829 3656 3001 3711 πάντα
3063 3659 3128 3725 ἧν
3207 3656 3348 3719 εἰκὸς
3426 3654 3748 3720 ἀκολουθεῖν

2095 3746 2301 3817 ἐκείνῳ,
2350 3744 2439 3799 καὶ
2497 3745 2676 3819 μέντοι
2734 3746 2825 3799 καὶ
2880 3743 3226 3816 ἠκολούθησε
3284 3743 3511 3823 σφόδρα,
3549 3745 3750 3820 ἣπρὸς

2096 3832 2331 3904 εὐδοξίαν
2380 3832 2569 3907 ἐκείνῳ
2626 3832 2894 3890 κάλλιστα
2951 3834 3120 3909 εἶχεν,
3178 3836 3212 3903 ἢ
3256 3839 3334 3907 τῷ
3383 3839 3552 3907 κοινῷ
3607 3836 3745 3910 πρὸς

2096 3922 2384 4001 ἀσφάλειαν
2434 3926 2586 3995 (69);
2641 3923 2823 3978 Καίτοι
2880 3923 2963 3984 τίς
3014 3922 3188 3985 οὕτως
3238 3925 3271 3993 ἣ
3318 3924 3454 3999 πρὸς
3504 3918 3750 3979 ἀσέϐειαν

2097 4010 2343 4082 εὔκολος,
2376 4014 2539 4081 ἢτῶν
2573 4016 2766 4067 κοινῶν
2799 4010 2898 4083 ἔξω
2927 4011 3232 4089 λογισμῶν,
3274 4013 3422 4075 ’ὀστις
3474 4011 3531 4067 ἂν
3585 4017 3756 4068 ταῦτα

2097 4103 2469 4178 συμφήσειεν,
2517 4103 2720 4176 ’Ὠσπερ
2769 4101 2871 4177 γὰρ
2919 4100 2969 4155 έν
3015 4108 3131 4164 τοῖς
3179 4102 3448 4175 σώμασιν,
3497 4102 3613 4164 ἑνὸς
3658 4102 3754 4176 μὲν

2095 4192 2128 4259 ἣ
2177 4188 2324 4245 δυοῖν
2384 4192 2497 4263 (70)
2568 4188 2750 4262 μελῶν
2820 4190 3193 4267 ἀσθενέστερον
3253 4188 3629 4265 διακειμένων,
3689 4191 3753 4247 οὐ

2100 4316 2449 4390 tio._»_Pass.
2472 4316 2552 4390 έῌ
2586 4312 2650 4382 δῆ
2666 4335 2785 4390 μος,
2818 4316 2952 4385 Alii,
2984 4315 3018 4385 ἢ
3054 4312 3254 4389 δῆμος,
3286 4339 3315 4368 ‹‹
3343 4317 3566 4390 populi,
3592 4338 3620 4367 v
3654 4333 3756 4383 aut

2102 4412 2129 4439 ‹‹
2167 4387 2351 4458 plebis
2382 4388 2751 4459 gubernatio.
2778 4409 2806 4437 »

2167 4456 2632 4542 ,Ἀρχόντων
2658 4457 2883 4542 ἐκλογήἶ
2914 4459 3072 4541 Ρᾶεε.
3119 4456 3362 4542 ξκιλογαί.
3406 4459 3754 4542 crudelissi-

2102 4531 2182 4584 mi
2215 4536 2269 4603 et
2299 4531 2637 4602 impiissimi
2669 4531 2836 4586 erant
2871 4531 2931 4585 bi
2978 4531 3381 4603 magistratus,
3417 4536 3481 4587 ut
3510 4549 3577 4588 ex
3606 4532 3752 4588 scri-

413 4594 527 4677 (57)
595 4594 1206 4677 Περισπουδαστότερον.
1291 4602 1449 4657 Pass.
1536 4600 1974 4677 περισπουδάστει

2103 4594 2704 4677 ptoribus_'diseimus.

341 4697 525 4820 Pm(58)
555 4743 669 4802 Οὐκ
707 4740 964 4820 ἐκφαίνει,
1014 4748 1121 4820 etc.
1173 4744 1262 4798 Sic
1311 4744 1498 4799 Schol.
1536 4768 1570 4820 (ς
1595 4762 1662 4801 ex
1697 4746 1828 4820 hoc
1885 4763 1989 4820 nec

342 4815 623 4891 diuulgat,
660 4815 1149 4891 nee'dissimulat.
1181 4837 1207 4863 η
1239 4820 1482 4891 Montac.
1518 4816 1578 4869 ού
1611 4817 1855 4891 κρύπτει,
1910 4816 1992 4868 ἑκ-

341 4886 627 4969 φαίνεῖδὲ.
660 4913 689 4969 _«
724 4888 846 4969 Non
880 4886 1046 4969 celat,
1082 4888 1561 4969 imo‘deelarat.'»

434 4964 526 5033 59)
552 4960 680 5033 Ἐπὶ,
707 4956 973 5033 πολλούς.
1008 4958 1161 5033 C0113.
1198 4961 1249 5027 3,
1288 4958 1371 5011 ἐπὶ
1396 4958 1556 5013 πολύ.

434 4965 526 5033 59)
552 4965 674 5016 Ἐπὶ
707 4965 973 5018 πολλούς.
1008 4965 1161 5013 Colb.
1198 4965 1249 5027 3,
1288 4965 1371 5011 ἐπὶ
1396 4965 1556 5013 πολύ.

412 4965 528 5104 (60)
559 5032 813 5104 Χεθέντος
845 5030 951 5100 καί,
976 5035 1085 5087 etc.
1117 5031 1179 5087 In
1211 5049 1310 5087 ora
1342 5033 1589 5086 Montac.
1616 5050 1704 5103 γρ.
1738 5029 1989 5090 Keilii-:0;

342 5102 467 5178 περὶ
498 5106 644 5178 ἡμᾶς
675 5102 782 5157 καί.

415 5170 649 5250 (61)Τῴ
678 5178 862 5245 κοινῷ.
902 5175 983 5230 Ita
1012 5171 1149 5229 editi
1200 5177 1254 5227 et
1302 5190 1443 5228 mss.
1497 5174 1556 5227 In
1608 5173 1734 5228 Par.
1788 5174 1878 5227 ed.
1929 5170 1990 5224 τὸ

341 5269 536 5320 κοινῳ.

558 5314 832 5397 Εῧξᾷαιντο.
868 5313 1309 5397 Ραδε.ῌτ,ύξαντο.
1575 5386 1585 5397 ⁸
1632 5387 1663 5397 Η
1758 5388 1770 5397 ¹
1874 5387 1907 5397 ﬂ

558 5392 781 5485 32,337,;
816 5396 923 5446 etc.
951 5412 977 5439 «
1030 5390 1208 5458 Cujus
1257 5405 1371 5443 non
1423 5388 1698 5457 auspiciis
1758 5388 1931 5442 beati.
1966 5410 1986 5436 ι

344 5465 516 5521 Savil.
552 5462 636 5521 ὑφ’
668 5464 765 5519 ὧν.

418 5536 528 5606 (64)
588 5530 1123 5603 Ἐπανεληλύθαμεν.
1207 5530 1345 5602 Reg.
1432 5530 1551 5584 bm.
1630 5527 1989 5595 συνεληλύθα-

418 5624 465 5659 ν.

350 5624 534 5747 Pe(’65)
566 5673 885 5750 “Recepto;
920 5676 1011 5731 Sic
1044 5675 1160 5750 fere
1205 5690 1404 5750 omnes
1451 5673 1696 5750 codices.
1732 5674 1989 5750 Combef.

351 5769 379 5798 α
413 5746 485 5805 an
517 5746 737 5821 publici
770 5746 985 5804 Cursus
1033 5746 1351 5803 tolerabilis
1382 5747 1651 5818 aequitate
1699 5748 1992 5819 guberna-

330 5996 413 6041 in“

2174 4672 2586 4749 (67)](λοπῶν,
2649 4678 2756 4729 etc.
2817 4673 3066 4749 Montae.
3128 4689 3197 4728 ex
3254 4674 3573 4749 Gabr._-{p.
3631 4671 3756 4749 κλε-

2099 4747 2268 4816 πτῶν.
2303 4746 2582 4800 Craterum
2614 4760 2809 4801 rerum
2846 4743 3213 4816 publicarum
3247 4743 3628 4802 administros
3659 4747 3753 4801 in-

2099 4815 2311 4887 telligit
2343 4818 2756 4882 Montacutius,
2789 4815 2885 4886 qui
2927 4816 3230 4871 Julianum
3280 4816 3501 4872 laudat.
3535 4818 3752 4873 Verum

2102 4889 2659 4969 moneredebuerat,
2678 4887 3231 4969 illamjudiciorum
3261 4890 3491 4969 curiam
3505 4888 3752 4969 Juliani-

2100 4974 2209 5028 que
2232 4959 2547 5031 justitiam,
2581 4959 2768 5031 ipsius
2810 4959 2986 5014 etiam
3039 4960 3443 5017 adoratoribus
3478 4960 3753 5029 lacrymis

2100 5031 2338 5104 dignam
2373 5030 2688 5104 aliquando
2717 5031 2905 5104 visam
2941 5030 3141 5104 fuisse,
3170 5048 3346 5104 quam
3372 5056 3397 5082 ‹‹
3432 5032 3560 5104 ipsa
3590 5032 3755 5104 ﬂeret

2092 5102 2345 5187 justitia.
2374 5103 2621 5186 ».Neque
2652 5104 2806 5186 enim
2841 5103 2897 5187 in
2929 5103 3371 5187 magistratibus
3392 5102 3753 5187 deligendis,

2102 5176 2199 5229 sed
2234 5196 2261 5223 «
2297 5191 2369 5229 ne
2411 5174 2469 5229 in
2504 5174 2707 5230 amicis
2756 5174 3016 5245 quidem,
3046 5195 3072 5223 »
3106 5179 3251 5229 teste
3299 5174 3600 5243 Eutropio,
3631 5174 3755 5231 tam

2103 5245 2286 5300 solers
2308 5263 2373 5300 ac
2395 5246 2643 5318 diligens
2670 5244 2793 5301 erat
2820 5244 3113 5312 Julianus,
3140 5245 3269 5318 qui,
3291 5252 3355 5301 ut
3386 5247 3510 5318 ipse
3543 5248 3758 5302 fatetur

2103 5264 2286 5300 soners
2308 5264 2373 5300 ac
2395 5264 2492 5300 om
2538 5264 2643 5302 ens
2670 5264 2793 5301 erat
2820 5264 3113 5312 JUllanUB,
3140 5264 3263 5317 qui,
3291 5264 3355 5301 ut
3386 5264 3510 5318 ipse
3543 5264 3755 5302 lauetur

2101 5318 2469 5385 Ammianus,
2500 5264 2623 5373 ﬁib.
2672 5334 2811 5388 XXII,
2851 5338 2877 5371 α
2908 5334 3035 5384 suo,
3090 5334 3205 5373 non
3258 5317 3455 5390 legum
3512 5318 3755 5375 arbitrio

2104 5395 2317 5444 ageret.
2346 5411 2373 5438 »

2104 5406 2373 5445 ageret.»

2140 5406 2784 5532 g€g§)t.’;}ﬂqtvoupévwv.
2843 5458 3020 5532 Cois].
3073 5462 3129 5527 2,
3188 5458 3406 5532 aliique
3481 5458 3754 5516 nonnulli

2102 5529 2347 5598 addunt,
2379 5530 2466 5584 καὶ
2494 5535 2573 5602 τῷ
2596 5529 2768 5601 ’κοινῷ
2796 5529 3147 5601 τιμωμένων.

2318 5600 2659 5679 Ἀσφάλειαν.
2696 5600 3163 5659 «Securitatem.
3198 5624 3225 5651 ››
3258 5600 3465 5659 Billius
3498 5618 3558 5657 ει(
3590 5605 3754 5660 tran-

2103 5675 2475 5746 quillitatem.
2503 5698 2530 5724 »

2172 5748 2280 5818 (70)
2314 5752 2491 5802 Δυοῖν.
2524 5745 2635 5803 Alii
2667 5761 2801 5802 eum
2831 5744 3004 5803 editis
3035 5744 3239 5819 legunt
3268 5739 3436 5805 δυεῖν.
