4148 6290
341 393 462 455 603
1586 396 1648 455 8.
1699 397 2008 458 GREGOB

2124 398 2221 458 ΤΗ
2232 395 2517 458 EOLOGI
3642 391 3762 454 604

340 528 559 585 bimus.
596 532 697 584 Per
726 546 835 585 nos
858 546 996 586 sane
1020 547 1127 585 sua
1156 529 1274 585 illis
1302 530 1551 586 stultitia
1571 532 1681 587 frui
1707 531 1899 599 liceat,
1932 537 1989 588 et

2124 529 2385 604 ὶνομάτων
2416 548 2431 567 ·
2462 529 2589 587 ἀλλ’
2618 526 3041 586 ἀπολαυέτωσαν
3070 531 3167 599 τῆς
3220 529 3424 584 ἑαυτῶν
3491 526 3761 599 εὐηθείας,

342 619 414 672 ob
439 617 920 689 resturpissimas
940 619 1249 691 magniﬁce
1272 620 1683 692 gloriari.0uin
1706 622 1881 677 etiam
1908 622 1993 693 ip-

341 707 499 773 sis,si
519 706 1067 771 velint,Buthcenam
1095 710 1691 780 praetermittemus,et
1715 715 1740 765 Ι
1757 712 1851 768 l5
1877 712 1996 766 Tri-

339 801 751 868 vesperum,ut
780 798 1060 867 majorem
1094 798 1245 870 apud
1278 814 1376 854 eos
1407 799 1655 871 gratiam
1688 800 1996 869 ineamus;

342 900 494 949 eum,
530 885 867 956 inquam,et
896 887 979 940 ita
1011 887 1402 958 progenitum,
1429 893 1485 943 et
1514 890 1656 943 adeo
1688 888 1998 961 magniﬁce

343 973 886 1045 progignentem,ac
917 992 1020 1047 pro
1042 976 1265 1031 decimo
1286 976 1456 1032 tertio
1479 978 1998 1046 certamine,unius

343 1063 532 1117 noctis
574 1064 784 1136 spatio,
819 1063 1245 1136 quinquaginta
1274 1065 1497 1120 Thestii
1546 1066 1695 1121 ﬁlias
1746 1067 1999 1133 compri-

343 1156 621 1221 mentem,
656 1158 721 1208 ut
767 1169 834 1209 ex
865 1154 937 1209 iis
987 1154 1163 1209 rebus
1211 1155 1300 1209 dei
1352 1171 1562 1211 nomen
1616 1156 1995 1227 adipiscatur.

341 1241 593 1307 Etenim,
633 1242 679 1297 si
732 1242 1072 1313 hujusmodi
1104 1243 1444 1299 nominibus
1493 1244 1838 1299 innovandis
1870 1246 2002 1301 ani-

345 1346 508 1385 mum
541 1330 793 1402 adjicere
824 1331 1245 1399 liberet,multa
1277 1332 1531 1403 profecto
1554 1334 1795 1388 nomina
1823 1335 1998 1390 etiam

344 1419 625 1475 adversus
657 1437 815 1485 eum,
847 1421 917 1475 ab
949 1421 1078 1491 ejus
1109 1421 1221 1476 vita
1255 1422 1456 1492 petita,
1477 1421 1826 1478 Christianis
1860 1440 1997 1494 sup-

344 1512 630 1581 peterent,
650 1512 776 1564 tum
808 1510 1091 1581 turpiora,
1110 1516 1233 1565 tum
1269 1510 1457 1582 magis
1486 1512 1755 1583 apposita
1777 1517 1833 1567 et
1861 1528 2001 1567 con-

345 1598 637 1669 gruentia.
663 1598 809 1663 Quid
844 1598 997 1653 enim
1031 1598 1385 1670 prohiberet,
1406 1600 1720 1670 quominus
1738 1618 1844 1655 nos
1861 1617 2001 1669 quo-

347 1702 496 1757 que,
561 1687 1000 1757 Romanorum,
1059 1693 1231 1758 atque
1291 1690 1432 1743 adeo
1490 1690 1647 1744 orbis
1704 1690 1999 1758 universi,

353 1774 850 1844 quemadmodum
888 1775 1010 1846 ipse
1041 1775 1368 1830 daemonum
1405 1777 1607 1831 fraude
1643 1777 2001 1833 circumven-

345 1865 444 1916 tus
476 1862 868 1928 existimabat,
884 1863 1317 1934 imperatorem,
1335 1866 1536 1919 eodem
1560 1864 1697 1920 ludo
1720 1865 2002 1921 ulciscen-

348 1950 814 2018 tes,ldolianum,
832 1956 889 2007 et
907 1952 1175 2017 Pismum,
1192 1958 1247 2007 et
1264 1954 1604 2020 Adonzeum,
1621 1958 1679 2009 et
1699 1956 1819 2009 Tau
1832 1955 2003 2011 ricre-

348 2056 515 2095 mum
548 2057 905 2108 vocaremus,
928 2046 991 2096 ut
1013 2042 1139 2112 jam
1164 2042 1427 2097 nonnulli
1452 2060 1683 2114 quoque
1714 2048 2002 2114 nostrum,

348 2127 530 2200 lepidi
562 2134 619 2184 et
651 2130 837 2185 festivi
886 2130 1176 2196 homines,
1211 2130 1599 2203 appellarunt,
1634 2134 2002 2205 quandoqui-

2105 622 2194 675 xui
2224 626 2341 683 τοῖς
2366 620 2666 695 αἰσχίστοις
2696 618 3285 695 ἐγκαλλωπιζέσθωσαν
3315 636 3327 650 ·
3364 617 3409 671 εἰ
3464 615 3756 693 βούλοιντο

2108 707 2185 781 δὲ,
2211 709 2299 764 καὶ
2330 710 2418 764 τὸν
2450 709 2736 773 Βουθοίναν
2768 711 2884 783 (86)
2921 710 3237 783 παρήσομεν
3272 706 3479 773 αὐτοῖς,
3528 705 3617 760 xui
3665 706 3759 759 τὸν

2104 801 2425 877 Τριέσπερον
2457 803 2591 873 (87),
2615 798 2708 854 ’ίνα
2738 800 2826 854 καὶ
2865 797 3075 873 μᾶλλον
3122 798 3306 860 αὐτοῖς
3348 796 3722 872 χαρισώμεθα
3747 814 3760 828 ·

2105 890 2195 945 τὸν
2244 890 2335 943 καὶ
2382 890 2716 965 γεννώμενον
2759 888 2922 955 οὕτω,
2955 888 3043 942 καὶ
3093 890 3365 963 γεννῶντα
3414 883 3762 961 μεγαλοπρεο

2106 982 2245 1049 πῶς,
2290 978 2379 1032 xui
2430 977 2591 1032 ἆθλον
2639 978 3008 1049 ποιησάμενον
3052 973 3512 1051 τρισκαιδέκατον,
3554 972 3607 1029 ἐν
3661 977 3759 1046 μιᾷ

2105 1067 2277 1136 νυκτὶ,
2338 1067 2433 1129 τὰς
2503 1066 2721 1121 Θεστίου
2788 1068 3120 1136 πεντήκοντα
3185 1064 3506 1139 θυγατέρας,
3576 1060 3647 1117 ἵν’
3704 1061 3764 1116 ἐκ

2104 1156 2309 1211 τούτων
2385 1155 2661 1229 ὀνομασθῇ
2736 1154 2887 1217 θεός·
2971 1153 3085 1209 ἐπεὶ
3168 1151 3524 1230 βουλομένοις
3580 1172 3641 1227 γε
3694 1151 3764 1205 τά

2105 1250 2327 1300 τοιαῦτα
2377 1248 2748 1317 καινοτομεῖν,
2806 1244 2895 1298 καὶ
2947 1240 3156 1297 πολλαὶ
3204 1244 3316 1314 (88)
3371 1241 3486 1295 κατ’
3557 1238 3765 1293 ἐκείνου

2108 1334 2332 1405 κλήσεις
2383 1334 2442 1388 ix
2493 1338 2601 1389 τῶν
2645 1333 2850 1388 ἐκείνου
2900 1334 3242 1409 Χριστιανοῖς
3285 1329 3536 1405 αἰσχίους
3564 1348 3624 1383 τε
3653 1328 3768 1400 ἃμα

2107 1424 2197 1478 καὶ
2246 1422 2588 1497 οἷκειοτὲραι.
2631 1422 2691 1476 Τί
2736 1423 2832 1497 γὰν
2892 1420 2950 1476 ἃν
3020 1419 3286 1476 κωλύσειε
3337 1418 3428 1474 καὶ
3484 1420 3631 1489 ἡμᾶς
3686 1421 3765 1488 τῷ

2113 1511 2327 1589 βασιλεῖ
2373 1512 2508 1567 κατά
2542 1513 2604 1566 τὸ
2653 1509 2764 1565 ἴσον
2835 1510 3242 1578 ἀντιπαίζοντας
3310 1506 3623 1580 Ῥωμαίων,
3691 1506 3767 1567 ὡς

2111 1600 2169 1657 δὶ
2199 1600 2357 1674 ᾤετο,
2404 1601 2495 1655 καὶ
2533 1608 2632 1671 τῆς
2680 1600 3023 1673 οἰκουμένης,
3075 1600 3427 1671 ἠπατημένος
3478 1602 3593 1658 τοῖς
3645 1593 3764 1650 δαί-

2116 1712 2263 1762 μοσι,
2311 1691 2400 1745 τὸν
2452 1687 2783 1745 Εἷδωλιανὸν
2832 1687 3041 1754 καλεῖν,
3091 1686 3181 1741 καὶ
3225 1687 3316 1742 τὸν
3372 1690 3594 1741 Πισαῖον
3627 1686 3762 1756 (89),

2112 1779 2201 1835 καὶ
2246 1780 2337 1834 τὸν
2390 1776 2705 1849 ’Δδωναῖον,
2749 1779 2840 1832 xui
2886 1779 2977 1832 τὸν
3033 1776 3393 1852 Καυσίταυρον
3448 1776 3581 1848 (90),
3633 1772 3764 1848 ὅπερ

2113 1869 2201 1923 xui
2232 1867 2341 1939 ἤδη
2370 1869 2509 1929 τινες
2556 1867 2714 1921 αὐτὸν
2767 1870 2874 1921 τῶν
2925 1868 3049 1938 παρ’
3098 1869 3234 1938 ἡμῖν
3283 1866 3511 1937 κομψῶν
3547 1861 3768 1934 ὠνομά-

2112 1978 2287 2027 κασιν,
2334 1955 2519 2025 ἐπειδὴ
2573 1955 2816 2031 ῥᾳστώνη
2866 1952 3054 2022 πολλὴ
3085 1958 3182 2008 τοῦ
3214 1954 3552 2028 πράγματος,
3586 1950 3686 2005 ὅσα
3710 1970 3771 2005 τε

2115 2045 2259 2101 ἄλλα
2289 2050 2609 2119 παραποιεῖν
2654 2046 2688 2113 ἢ
2729 2049 2903 2099 ποιεῖν
2954 2043 3014 2098 ἐκ
3048 2050 3149 2113 τῆς
3178 2041 3458 2113 ἀληθειας,
3490 2043 3525 2111 ἡ
3559 2039 3771 2116 ἱστορία

2119 2132 2307 2189 δίδωσι
2332 2154 2346 2204 ;

348 2218 481 2272 dem
518 2218 667 2274 mira
698 2225 791 2275 est
824 2220 1000 2289 hujus
1032 2221 1114 2275 rei
1145 2220 1417 2289 facilitas,
1451 2225 1507 2277 et
1539 2220 1651 2276 alia
1679 2221 1951 2293 quaelibet
1978 2224 2065 2279 vel
2098 2226 2528 2282 inﬂecteremus
2560 2224 2800 2280 nomina
2828 2222 2915 2280 vel
2947 2223 3462 2294 cudoremus,quo
3493 2236 3627 2276 vere
3658 2220 3751 2292 ips

351 2307 681 2377 objicienda
709 2310 878 2364 nobis
910 2310 1154 2365 historia
1185 2309 1472 2382 porrigit?

419 2397 718 2452 LXXVIII.
795 2399 914 2454 Hoc
969 2416 1102 2454 vero
1160 2399 1424 2454 omnium
1480 2399 2003 2470 absurdissimum,

350 2487 505 2556 quod
537 2503 669 2541 cum
716 2487 978 2542 Salvator
1026 2488 1173 2559 ipse,
1233 2488 1618 2559 omniumque
1669 2506 1863 2545 rerum
1898 2491 2005 2546 Do-

352 2574 573 2639 minus,
591 2578 648 2629 et
672 2576 875 2629 mundi
902 2575 1082 2647 hujus
1108 2576 1299 2647 opifex
1320 2581 1494 2648 atque
1515 2578 1890 2649 gubernator,
1910 2578 2006 2634 ille

352 2663 552 2734 magni
584 2664 772 2719 Patris
825 2663 1026 2731 Filius,
1059 2668 1118 2720 et
1164 2664 1442 2733 Verbum,
1476 2670 1534 2721 et
1563 2666 1919 2736 conciliator,
1952 2671 2009 2723 et

353 2752 629 2822 pontifex,
663 2756 720 2807 et
748 2753 942 2809 throni
988 2771 1265 2821 consors;
1300 2755 1399 2826 qui
1434 2772 1536 2826 pro
1566 2755 1756 2825 nobis,
1791 2756 1888 2827 qui
1919 2756 2007 2828 ip-

351 2840 478 2896 sius
528 2841 844 2914 imaginem
898 2844 1220 2915 ignominia
1270 2844 1672 2913 aii'eceramus,
1728 2849 1901 2917 atque
1948 2845 2006 2900 in

350 2932 564 2985 terram
599 2931 839 3002 projecti
870 2949 1125 2999 eramus,
1151 2949 1335 3005 eoque
1366 2933 1604 3001 redacti,
1632 2938 1697 2989 ut
1728 2950 2009 3007 magnum

353 3016 601 3089 hujusce
620 3020 1052 3091 conjunctionis
1072 3022 1418 3093 mysterium
1450 3022 1874 3093 ignoraremus,
1894 3041 2010 3079 non

352 3106 539 3162 solum
578 3108 647 3163 ad
682 3109 951 3164 servilem
1008 3126 1197 3181 usque
1243 3111 1490 3165 formam
1533 3128 1595 3167 se
1642 3112 1917 3182 dejecerit
1945 3114 2009 3183 ‘0,

2184 2403 2311 2461 011'.
2369 2402 2590 2456 Πάντων
2642 2398 2699 2455 δὲ
2747 2401 3111 2469 ἀτοπώτατον,
3154 2398 3246 2453 τὸν
3284 2398 3376 2470 μὶν
3412 2403 3647 2473 Σωτῆρα
3675 2397 3771 2451 xui

2115 2490 2386 2560 Δεσπότην
2422 2488 2691 2557 ἁπάντων,
2722 2491 2813 2544 τὸν
2849 2486 3007 2543 τοῦδε
3034 2492 3130 2543 τοῦ
3170 2487 3366 2549 παντὸς
3426 2484 3767 2561 δημιουργόν

2114 2600 2173 2635 τε
2217 2580 2305 2634 καὶ
2363 2574 2700 2653 κυϐερνήτην
2762 2578 2854 2633 τὸν
2920 2582 3017 2632 τοῦ
3092 2576 3335 2651 μεγάλου
3414 2575 3624 2651 Πατρὸς
3677 2572 3767 2628 xui

2116 2670 2237 2724 Υὶὸν
2297 2670 2430 2742 (91),
2483 2667 2571 2722 καὶ
2625 2667 2816 2743 Λόγον,
2890 2665 2979 2720 xui
3055 2664 3409 2739 παοσαγωγέα
3488 2666 3623 2737 (92),
3675 2662 3764 2716 xui

2119 2756 2396 2833 ἀρχιερέα,
2444 2755 2534 2810 xui
2584 2755 2869 2831 σύνθρονον
2897 2773 2908 2785 ·
2960 2755 3049 2809 τὸν
3106 2754 3236 2828 ὑπὶρ
3287 2754 3445 2825 ἡμῶν
3493 2754 3600 2804 τῶν
3648 2750 3765 2805 ἀτι-

2123 2846 2400 2919 μασάντων
2451 2845 2616 2899 αὐτοῦ
2665 2845 2765 2913 τὴν
2812 2843 3011 2914 εἰκόνα,
3061 2844 3152 2897 καὶ
3199 2842 3337 2917 πρὸς
3376 2841 3466 2895 τὸν
3499 2843 3636 2915 χοῦν
3665 2838 3769 2893 ἀπ-

2120 2934 2512 3009 ενηνεγμένων,
2579 2932 2667 2988 καὶ
2716 2933 3098 3008 ἀγνοησάντων
3147 2932 3210 2986 τὸ
3263 2928 3401 3003 μέγα
3461 2934 3561 2996 τῆς
3614 2931 3771 2994 συζυ-

2116 3022 2235 3100 γίας
2293 3026 2406 3097 (93)
2477 3025 2795 3097 μυστήριον,
2857 3023 2933 3094 μὴ
2991 3021 3150 3094 μόνον
3206 3019 3281 3081 εἰς
3350 3015 3553 3074 δούλου
3604 3036 3770 3072 κατα-

2121 3108 2287 3166 ϐάντα
2343 3114 2580 3188 μορφήν,
2641 3109 2786 3167 ἀλλά
2832 3112 2922 3165 καὶ
2974 3109 3061 3165 ἐπὶ
3100 3110 3192 3163 τὸν
3223 3108 3450 3183 σταυρὸν
3482 3100 3776 3174 ἀναϐάντα,

353 3198 453 3251 sed
488 3198 661 3252 etiam
683 3215 908 3254 crucem
932 3200 1784 3273 conscenderit,pcccatumque
1814 3218 2008 3257 meum

2124 3203 2211 3257 xui
2261 3200 2626 3276 συναγαγόντα
2667 3201 2763 3267 τὴν
2808 3199 2944 3273 ἐμὴν
2998 3197 3259 3271 ἁμαρτίαν
3327 3194 3728 3267 τεθνηξομένην
3760 3214 3773 3228 ⁸

356 3290 657 3347 secum.ut
688 3286 805 3341 illic
838 3288 1373 3357 interiret,duxerit
1406 3308 1418 3344 :
1452 3306 1583 3344 cum
1616 3290 2008 3362 hio,inquam,

2124 3295 2310 3345 τοῦτον
2356 3262 2448 3363 μέν
2479 3262 2848 3363 ¹Σαμαρείτην
2897 3262 3180 3354 ἀκούοντα,
3232 3285 3322 3341 καὶ
3371 3283 3401 3339 8
3433 3262 3633 3355 πολλῷ
3664 3262 3781 3357 χεῖ-

354 3374 571 3429 Judasis
609 3390 743 3429 eum
794 3376 1231 3433 Samaritanum
1278 3377 1624 3433 vocantibus
1653 3379 1721 3447 ⁸1,
1753 3386 1805 3433 et
1856 3380 2007 3448 quod

356 3463 541 3519 multo
579 3464 916 3520 sceleratius
967 3471 1074 3533 est,
1109 3466 1277 3537 quasi
1330 3467 1614 3521 daemonis
1652 3467 2015 3539 intemperiis

359 3553 641 3625 agitatum
696 3555 1109 3609 accusantibus
1142 3556 1208 3622 ⁸³,
1260 3572 1365 3610 nec
1415 3556 1739 3625 erubescat,
1792 3573 1896 3611 nec
1945 3557 2014 3612 de

358 3643 849 3698 conviciatoribus
882 3644 1006 3698 suis
1039 3648 1356 3714 queratur;
1393 3644 1590 3715 idque,
1614 3661 1747 3699 cum
1782 3645 1893 3715 ipsi
1916 3662 2018 3717 per

360 3731 703 3803 angelorum
754 3734 1069 3787 exercitum
1104 3734 1168 3797 ⁸⁸,
1201 3733 1286 3789 vel
1320 3749 1590 3789 sermone
1634 3734 1776 3801 solo,
1810 3751 2015 3804 pravos

359 3819 627 3876 homines
682 3820 883 3877 ulcisci
937 3827 1275 3894 promptum
1326 3827 1516 3891 esset;
1562 3840 1761 3879 verum
1811 3822 2021 3879 leniter

361 3910 680 3966 admodum
709 3916 765 3967 et
796 3910 1020 3983 placide
1051 3912 1508 3968 contumeliosos
1539 3913 1804 3969 homines
1822 3930 2019 3969 aman-

362 3998 478 4066 det,
512 4016 577 4055 ac
610 4018 712 4071 pro
762 4018 985 4071 eorum,
1014 4019 1046 4057 a
1078 4002 1291 4071 quibus
1344 4002 1403 4058 in
1436 4018 1669 4057 crucem
1716 4003 2016 4074 agebatur,

362 4087 551 4142 salute
582 4088 871 4161 lacrymas
920 4092 1128 4147 fundat
1157 4093 1238 4149 “z
1274 4107 1408 4146 cum
1464 4091 1604 4157 haec,
1640 4091 1905 4162 inquam,
1940 4091 2022 4146 ita

362 4192 425 4231 se
456 4175 730 4242 habeant,
765 4195 956 4233 nonne
995 4180 1492 4235 absurdissimum
1526 4185 1636 4246 est,
1668 4180 2020 4246 existimare,

364 4264 536 4319 nobis
584 4265 953 4323 Galilzeorum
1004 4285 1235 4337 nomen,
1272 4269 1360 4323 vel
1415 4268 1621 4335 dolori,
1676 4269 1761 4324 vel
1812 4270 2019 4341 pudori

363 4353 505 4423 fore,
541 4371 717 4410 nosve
747 4356 819 4411 ob
852 4371 979 4410 eam
1011 4373 1252 4413 causam
1285 4358 1357 4411 ab
1389 4358 1601 4412 obnixo
1632 4357 1864 4413 virtutis
1894 4364 2024 4413 stu-

2124 3400 2237 3456 pov,
2272 3378 2527 3452 δαιμονᾷν
2557 3376 2973 3453 ἐγκαλούμενον,
3029 3378 3166 3448 μήτε
3216 3374 3585 3449 αἰσχύνεσθαι,
3639 3373 3778 3444 μήτε

2124 3467 2370 3543 ἐγκαλεῖν
2401 3473 2519 3529 τοῖς
2548 3462 2853 3542 ὑϐρίζουσιν
2884 3488 2892 3497 ·
2928 3467 2973 3538 ᾧ
3003 3465 3091 3519 καὶ
3137 3468 3257 3526 ταῖς
3306 3463 3623 3538 ἀγγελικαῖς
3671 3480 3774 3514 πα-

2127 3557 2391 3634 ρατάξεσι,
2438 3556 2526 3610 καὶ
2578 3555 2732 3629 λόγῳ
2780 3554 2929 3627 μόνῳ
2980 3556 3091 3626 (94)
3124 3552 3418 3625 ἀμύνεσθαι
3447 3550 3573 3613 τοὺς
3603 3570 3776 3619 πονη-

2127 3648 2253 3721 ροὺς
2289 3642 2470 3721 ῥᾴδιον
2518 3648 2582 3712 ἦν
2609 3663 2623 3677 ο
2677 3642 2803 3699 ἀλλ’
2845 3643 3067 3719 ἡμέρως
3115 3643 3254 3697 πάνυ
3300 3642 3391 3695 καὶ
3433 3661 3621 3715 πραως
3651 3638 3778 3699 τοὺς

2128 3732 2442 3805 ὑϐρίζοντας
2489 3733 2926 3806 ἀποπέμπεσθαι,
2986 3731 3075 3786 xui
3145 3732 3276 3806 ὑπὲρ
3326 3735 3433 3784 τῶν
3486 3729 3782 3803 σταυρούν-

2127 3846 2232 3879 των
2283 3823 2439 3879 αὐτὸν
2484 3823 2695 3900 ἀφιέναι
2744 3820 2996 3896 δάκρυον,
3046 3823 3195 3893 ἡμᾶς
3245 3817 3302 3874 δὲ
3350 3817 3555 3881 οἷέσθαι
3602 3816 3781 3891 ἀλγή-

2128 3936 2234 3968 σειν
2289 3913 2433 3967 οὕτω
2472 3910 2864 3984 καλουμένους,
2914 3913 2948 3979 ἣ
2996 3910 3384 3985 αἰσχυνεῖσθαι,
3428 3910 3462 3975 ἣ
3512 3913 3614 3975 τῆς
3648 3907 3781 3980 ὑπὲρ

2126 4005 2224 4055 τοῦ
2267 3999 2439 4055 καλοῦ
2488 3998 2806 4076 φιλοτιμίας
2859 3996 2947 4052 διὰ
2992 4001 3153 4051 τοῦτο
3212 3996 3631 4065 ἀποστήσεσθαι,
3692 3993 3782 4048 xui

2129 4088 2304 4144 πλείω
2360 4090 2679 4158 ποιήσεσθαι
2740 4088 2851 4161 (95)
2911 4085 3073 4161 λόγον
3133 4090 3241 4140 τῶν
3281 4080 3487 4158 ὕϐρεων
3509 4083 3715 4138 τούτων
3748 4082 3783 4150 ἢ

2128 4183 2237 4233 τῶν
2297 4181 2489 4252 ψυχῶν
2548 4177 2638 4231 xui
2695 4176 2983 4249 σωμάτων,
3057 4176 3133 4229 ὦν
3208 4179 3562 4251 καταφρονεῖν
3623 4170 3783 4243 ⁹ίσμεν

2135 4266 2265 4342 ὑπὲρ
2294 4269 2395 4335 τῆς
2428 4266 2861 4338 ἀληθείας
2897 4263 3067 4321 Ἀλλὰ
3112 4267 3272 4318 τοῦτο
3328 4263 3441 4336 μὶν,
3486 4261 3617 4334 ὅπερ
3668 4262 3782 4333 (97)

2135 4357 2306 4426 εἷπον,
2361 4354 2580 4431 γελοῖον
2637 4351 2846 4427 μᾶλλον
2891 4355 2925 4422 ἢ
2971 4351 3240 4428 λυπηρὸν,
3288 4351 3377 4406 καὶ
3407 4351 3482 4413 εἷς
3513 4351 3612 4419 τὴν
3654 4370 3785 4418 σκη-

435 4504 479 4539 ‘°
510 4504 761 4577 Philipp.
795 4522 856 4575 ιι,
891 4508 949 4563 7.
1034 4507 1077 4543 δι
1111 4508 1273 4563 Joan.
1302 4524 1424 4579 vm,
1458 4508 1544 4563 48.
1622 4509 1667 4542 ⁸²
1696 4508 1837 4563 ibid.
1911 4508 1960 4544 ⁴³
1994 4508 2008 4564 l

2124 4508 2202 4565 th.
2236 4525 2388 4575 xxvr,
2417 4508 2508 4563 53.
2587 4507 2631 4541 “
2660 4508 2801 4563 Luc.
2836 4523 2997 4576 χχιιι,
3029 4506 3118 4561 34.

434 4673 546 4749 (8ῥ)
578 4673 886 4749 Βουθοίναν.
923 4698 955 4749 «ί
985 4675 1352 4732 Buthocnam.
1388 4701 1414 4728 »
1460 4678 1777 4749 Buphagus
1826 4677 2015 4749 dictus
2046 4679 2093 4744 Β
2126 4676 2217 4749 ria
2242 4676 2300 4731 in
2332 4676 2635 4749 Julianum
2667 4674 3205 4749 recenset.Ba_silius
3235 4698 3261 4725 «
3283 4673 3772 4749 Tauricremums

363 4748 453 4819 est
485 4745 782 4811 Hercules,
808 4748 960 4818 quod
996 4750 1205 4803 aratori
1242 4749 1445 4804 Lindio
1478 4745 1651 4805 boves
1669 4745 1851 4818 'duos,
1885 4748 2015 4819 qui-

365 4817 475 4890 bus
508 4822 629 4871 tota
660 4817 846 4888 ipsius
878 4836 1012 4889 spes
1030 4824 1192 4874 terrae
1210 4822 1461 4875 colendze
1494 4822 1809 4890 nitebatur,
1825 4817 2018 4874 austu-

362 4887 529 4961 lisset
559 4887 737 4961 atque
769 4891 826 4943 in
860 4887 977 4945 una
1006 4908 1167 4946 coena
1199 4892 1551 4947 devorasset.

435 4960 550 5030 (87)
578 4960 920 5036 ξΓριέσπερον.
950 4963 1211 5036 Herculis
1257 4963 1576 5036 epitheton,
1622 4962 1803 5036 quod_
1828 4961 2018 5016 tribus

364 5031 627 5106 vesperis
654 5032 713 5106 in_
747 5051 921 5088 unam
970 5034 1270 5105 conjectis,
1292 5031 1524 5106 'Jupiter
1570 5031 1702 5088 cum
1743 5031 2020 5106 Alcmena

365 5102 765 5227 poucubuerit,
804 5106 976 5174 unde,
1000 5102 1169 5176 juxta
1218 5102 1439 5177 poetas,
1474 5110 1647 5161 natus
1678 5110 1767 5159 est
1800 5105 2016 5158 Hercu-

388 5189 470 5227 es.

388 5189 470 5228 es.

438 5245 552 5371 (18(18)
612 5243 710 5300 Καὶ
771 5243 994 5301 πολλαί.
1052 5247 1404 5303 Addidimus
1456 5245 1546 5300 καί
1604 5264 1672 5302 ex
1746 5245 2018 5318 pluribus

366 5332 535 5372 0030.

436 5389 553 5510 (89)
585 5392 832 5471 Πισαῖον,
881 5390 1060 5461 Regg.
1161 5394 1217 5445 et
1265 5390 1384 5455 bm,
1436 5388 1592 5469 Coll).
1641 5389 1672 5441 3
1705 5392 1760 5443 et
1801 5389 1855 5468 fi,
1895 5392 2016 5441 Πει-

462 5479 538 5510 ον.
577 5465 796 5510 Plsmus
827 5480 858 5510 ιι
886 5461 1027 5510 Jove
1061 5461 1236 5510 Pisam
1283 5462 1473 5510 forsan
1507 5461 1697 5510 dictus
1728 5460 2015 5510 Julianus.

370 5460 538 5513 σαῖον.
576 5461 796 5515 Ρὶδωυε
827 5480 859 5514 a
886 5460 1029 5516 Jove
1061 5461 1236 5516 Pisaeo
1283 5462 1473 5515 forsan
1507 5461 1697 5514 dictus
1728 5460 2015 5514 Julianus.

369 5529 596 5613 Etenim
630 5532 854 5613 celebre
886 5532 995 5588 fuit
1026 5550 1141 5604 pra:
1186 5533 1406 5588 caeteris
1440 5532 1576 5587 Pisae
1608 5531 1893 5603 templum
1919 5532 2015 5588 J0-

370 5600 459 5652 vis
488 5600 786 5687 Olympii.‘
1026 5600 1044 5604 ’
1730 5600 1747 5603 “

590 5676 685 5724 huc
711 5691 825 5747 ’τον
878 5671 1264 5747 Καυσίταυρον.
1290 5680 1505 5747 (Amm.
1537 5691 1580 5747 ι.
1612 5691 1749 5747 xin,
1800 5676 2015 5747 p.227,

375 5762 404 5792 ι(
436 5740 828 5801 victimarium
862 5766 891 5796 »
923 5740 1170 5819 reponit,
1203 5745 1304 5806 ubi
1334 5740 1818 5805 Antiochensium
1838 5740 2018 5803 dicteé

2127 4765 2161 4804 a
2192 4748 2465 4819 Gregorio
2515 4748 2644 4803 ideo
2690 4748 2881 4803 vocari
2929 4746 3229 4819 Julianum
3282 4745 3506 4803 scribit.
3530 4767 3569 4819 ⁸ε(
3620 4743 3773 4819 quod

2127 4810 2361 4873 assidue
2410 4824 2712 4875 taurorum
2760 4819 3102 4874 holocausta
3149 4818 3377 4873 offerret
3412 4834 3426 4873 :
3463 4839 3491 4868 υ
3524 4813 3604 4869 ὅτι
3634 4810 3774 4866 iml-

2127 4888 2282 4949 λάκις
2308 4888 2910 4969 ταύρουςιὼλρκαύτου.
2943 4961 2980 4969 _
3096 4964 3105 4969 Δ
3221 4958 3231 4969 ι
3261 4959 3273 4969 _

2200 4964 2312 5029 (91)
2342 4958 2440 5014 Καὶ
2472 4959 2613 5016 ι’ἱόν.
2649 4963 2734 5019 Ita
2763 4979 2907 5018 mss.
2942 4961 3115 5016 Deest
3141 4958 3231 5013 καί
3258 4959 3319 5015 ἱιι
3347 4959 3541 5015 editis.

2222 5035 2311 5100 92)
2343 5033 2721 5108 Προσαγωγέα.
2759 5057 2794 5108 «_
2819 5034 2925 5099 Cui
2956 5033 3178 5108 aditum
3209 5032 3445 5104 praebet.
3467 5031 3572 5088 Per
3599 5045 3775 5102 quem

2127 5102 3143 5184 habemus_acc'essum_(ltqm.v,2;:
3209 5102 3229 5104 “
3350 5178 3359 5184 _
3438 5173 3450 5184 .
3732 5172 3743 5184 '

2198 5176 2307 5247 (93)
2340 5174 2628 5250 Συζυγίας.
2670 5200 2697 5227 ‹‹
2732 5173 3181 5250 Gunjunctionis
3212 5173 3626 5247 mysterium,»
3666 5173 3775 5229 sci-

2126 5244 2259 5302 licet
2292 5244 2314 5296 ἰ
2350 5244 2774 5320 corporiscum
2807 5244 3024 5320 anima.
3060 5268 3088 5297 »

2197 5320 2308 5389 (94)
2340 5315 2517 5392 Μόνὶρ.
2571 5319 2835 5392 Plerique
2866 5319 3095 5375 codices
3146 5317 3327 5391 Regg.
3357 5317 3480 5385 bm,
3525 5315 3565 5383 l,
3595 5318 3691 5372 0r.
3729 5316 3779 5382 1,

2127 5389 2287 5445 Pass.
2327 5389 2505 5462 μόνον.

2197 5457 2688 5531 (95)-Ποιήσεσθαι.
2722 5462 2806 5518 Ita
2852 5461 2987 5532 Reg.
3033 5462 3073 5529 ι,
3109 5467 3165 5518 et
3196 5459 3290 5515 0r.
3343 5459 3395 5514 4.
3431 5457 3562 5514 Edit
3611 5458 3777 5526 ποιή-

2130 5533 2335 5589 σασθαι.

2198 5606 2309 5677 (96)
2341 5603 2647 5673 Ἀληθείας.
2680 5605 2817 5677 Beg,
2851 5622 2906 5671 a,
2938 5597 3227 5675 εὐσεϐείας,
3261 5625 3288 5653 ‹‹
3325 5601 3580 5676 pietatis.
3616 5627 3638 5655 ι

2201 5677 2316 5745 (97)
2341 5678 2535 5750 "Oi-rep.
2567 5680 2694 5731 Sav.
2730 5676 2929 5748 ὥσπερ.
