4148 6290
390 432 507 495 605

1393 435 1685 496 ORATIO
1732 435 1927 493 lV.—
1960 432 2268 494 CONTRA
2314 432 2711 496 JULIANUM
2755 434 2803 494 Ι.

3689 434 3810 496 606

395 567 489 635 νῆν
547 567 663 639 (98)
714 564 1151 639 ἁποπεμπόμεθα
1184 583 1194 597 ·
1253 568 1469 628 πάντως
1519 562 1580 620 οὕ
1627 566 1747 619 ποτ’
1782 563 1839 619 ἄν
1890 565 2037 642 ὑπερ-

2159 568 2253 623 dio
2272 566 3301 640 abscessuros,majoremqueharum
3318 566 3807 626 contumeliarum

396 652 741 728 ϐαλλοίμεθα
804 657 916 729 (99)
972 654 1097 716 τοὺς
1161 653 1361 731 ῥᾳδίως
1420 655 1532 710 ἐκεῖ
1586 655 1721 709 κατὰ
1773 658 1872 724 τῆς
1923 655 2048 730 κόρ-

395 744 493 822 ῥης
552 746 629 818 (1)
686 746 754 799 τά
812 765 875 819 γε
929 750 1152 799 τοιαῦτα
1207 744 1586 818 παιζομὲνους,
1662 742 1751 798 καὶ
1826 744 2045 813 παίζον-

391 856 506 896 τας.

2160 673 2337 727 quam
2373 657 2703 711 animarum
2737 660 2793 711 et
2822 674 3135 729 corporum
3169 657 3344 727 116,
3378 672 3503 727 quas
3535 674 3638 728 pro
3668 658 3811 713 veri-

2159 746 2298 802 tatis
2329 745 2666 801 defensione
2720 750 3088 801 contemnere
3122 763 3187 801 ac
3234 762 3338 817 pro
3388 744 3570 800 nihilo
3602 750 3808 818 putare

2159 835 2588 903 consuevimus,
2636 834 2919 890 rationem
2963 834 3313 891 habituros?
3360 835 3641 889 Caterum
3674 835 3805 905 hoc,

394 930 457 981 ut
490 925 631 991 dixi,
662 924 979 979 ridiculum
1014 925 1224 997 potius,
1260 941 1434 996 quam
1483 941 1654 995 grave
1680 928 1737 980 et
1789 924 2125 991 molestum,
2160 929 2330 995 atque
2358 927 2427 980 ad
2462 941 2695 979 scenam
2745 929 2801 979 et
2832 924 3056 980 theatra
3102 925 3161 979 id
3195 923 3568 980 remittimus.
3610 924 3809 998 Neque

394 1015 550 1071 enim
584 1016 841 1087 profecto
874 1015 944 1069 iis
992 1032 1251 1087 unquam
1286 1014 1617 1085 superiores
1671 1014 1976 1083 fuerimus,
2010 1013 2111 1085 qui
2146 1014 2308 1069 facile
2359 1014 2473 1069 illic
2506 1014 2561 1067 in
2597 1014 2891 1069 maxillam
2927 1032 3017 1071 res
3066 1013 3408 1086 hujusmodi
3458 1015 3690 1082 ludunt,
3724 1016 3799 1071 si-

394 1103 637 1176 mulque
666 1103 972 1158 luduntur.

463 1217 583 1267 06'.
613 1210 820 1263 Ἐκεῖνο
853 1206 911 1262 δὲ
940 1206 1049 1278 ἤδη
1082 1208 1171 1263 καὶ
1206 1208 1323 1264 λίαν
1358 1210 1596 1282 πονηρὸν
1624 1209 1713 1263 καὶ
1755 1208 2043 1281 κακόηθες,

391 1297 498 1365 ὅτι,
530 1297 591 1352 τὸ
626 1297 720 1368 μὲν
753 1302 997 1373 φανερῶς
1029 1297 1232 1359 πείθειν
1268 1296 1367 1351 οὐκ
1396 1296 1564 1371 ἔχων,
1595 1298 1658 1351 τὸ
1691 1294 1749 1351 δὲ
1774 1298 2045 1372 βιάζεσθαι

390 1390 715 1461 τυραννικῶς
771 1385 1192 1461 αἰσχυνόμενος,
1261 1385 1329 1459 τῇ
1407 1384 1601 1459 λεοντῇ
1687 1386 1783 1454 τήν
1860 1384 2047 1459 κερδα-

392 1476 495 1544 λῆν
551 1479 626 1546 (2)
676 1473 1012 1549 ἐγκρύπτων,
1068 1474 1110 1529 εἰ
1165 1473 1351 1550 βούλει
1398 1472 1476 1547 δὲ,
1516 1480 1594 1547 τῷ
1626 1475 1847 1537 Μίνωος
1879 1496 2045 1550 προσ-

390 1564 578 1637 ωπείῳ
608 1565 700 1618 τὸν
735 1561 1066 1618 ἀδικώτατον
1100 1566 1238 1636 (πῶς
1291 1564 1349 1617 ἂν
1398 1561 1609 1636 εἶποιμι
1654 1565 1855 1640 κυρίως
1905 1568 2045 1638 (3);)

390 1653 644 1715 ἐπιεικῶς
694 1656 771 1726 (4)
825 1649 1091 1722 ἐϐιάζετο.
1142 1653 1216 1707 Τὰ
1260 1653 1353 1725 μὲν
1385 1654 1476 1707 οὖν
1512 1652 1655 1708 ἄλλα
1683 1659 1799 1715 τοῖς
1838 1653 2044 1729 βουλο-

398 1743 575 1817 μένοις
628 1744 860 1817 ἱστορεῖν
910 1763 969 1796 τε
1015 1741 1105 1796 καὶ
1164 1740 1386 1818 γράφειν
1432 1744 1685 1818 παρήσω,
1736 1748 1831 1797 τοῦ
1879 1741 2045 1818 λόγου

2228 1209 2455 1265 LXXIX.
2506 1210 2636 1265 Jam
2689 1227 2819 1266 vero
2872 1210 3017 1266 illud
3066 1211 3385 1267 admodum
3432 1229 3675 1285 pravum
3734 1228 3803 1269 ac

2156 1299 2504 1369 malignum,
2539 1300 2693 1370 quod
2728 1316 2859 1354 cum
2896 1317 2998 1355 nec
3043 1304 3239 1372 aperte
3270 1319 3376 1357 nos
3407 1302 3637 1358 allicere
3666 1319 3803 1374 pos-

2156 1393 2261 1455 set,
2299 1404 2402 1443 nec
2453 1388 2753 1460 tyrannica
2794 1406 2997 1461 cogere
3047 1407 3162 1461 prce
3197 1391 3419 1462 pudore
3464 1392 3803 1457 sustineret,

2154 1476 2399 1532 leoninae
2432 1478 2566 1549 pelli
2600 1477 2924 1549 vulpinam,
2957 1483 3079 1544 aut,
3114 1478 3164 1533 si
3198 1478 3404 1547 mavis,
3439 1480 3653 1535 Minois
3684 1480 3804 1535 lar-

2151 1583 2283 1621 vam
2316 1583 2562 1621 summaa
2612 1567 2911 1637 injustitize
2964 1570 3289 1638 praetexens
3320 1569 3562 1641 (quibus
3614 1570 3804 1625 verbis

2154 1655 2384 1726 proprie
2416 1655 2471 1709 id
2505 1654 2830 1726 exprimam
2853 1655 2901 1726 ?)
2931 1655 3141 1711 leniter
3170 1656 3287 1711 vim
3321 1656 3805 1728 all'ercbat.Alque

2154 1743 2266 1799 alia
2313 1743 2549 1815 quidem
2597 1744 2887 1799 memoriae
2919 1744 3217 1816 prodenda
3261 1744 3583 1816 litterisque
3633 1762 3804 1800 man-

394 1830 755 1893 σπεύδοντος·
800 1830 1036 1892 πολλοῖς
1087 1829 1143 1885 δὲ
1192 1832 1346 1903 οἶμαι
1396 1828 1891 1898 σπουδασθήσεσθαι
1948 1837 2037 1886 τοῦ

2153 1834 2345 1888 danda
2375 1833 2703 1888 volentibus
2728 1832 3149 1904 relinquemus,
3174 1832 3622 1905 festinantejam
3648 1833 3801 1889 vide-

389 1921 512 1976 τότε
567 1925 760 1995 καιροῦ
816 1922 914 1989 τὴν
977 1918 1083 1975 εἴτε
1146 1917 1449 1995 τραγῳδίαν
1500 1922 1612 1995 χρή
1681 1918 1881 1995 λέγειν,
1938 1918 2042 1975 εἷίτε

2152 1921 2287 1977 licet
2318 1926 2517 1977 nostra
2548 1920 2826 1977 oratione.
2860 1920 3069 1977 Multos
3099 1926 3293 1978 autem
3337 1938 3571 1978 summo
3603 1922 3797 1978 studio

387 2007 705 2083 κωμῳδίαν,
752 2011 833 2071 οἷς
892 2008 1055 2085 μίρος
1102 2004 1370 2071 εὐσεϐείας
1422 2008 1562 2082 δοξει
1620 2009 1773 2084 λόγῳ
1818 2008 2037 2084 βάλλειν

2153 2011 2547 2066 elaboraturos
2578 2010 2846 2066 existimo
2877 2012 2935 2065 in
2971 2011 3274 2065 condenda
3306 2010 3466 2065 illius
3492 2010 3793 2081 temporis,

384 2100 475 2154 τὸν
537 2098 862 2175 ἀλιτήριον·
926 2100 999 2161 ὡς
1060 2099 1148 2153 καὶ
1214 2104 1331 2160 τοῖς
1406 2096 1590 2153 ἔπειτα
1664 2097 2039 2173 παραδοθῆναι

386 2196 608 2265 πρᾶγμα
656 2193 935 2259 τοσοῦτον,
986 2188 1074 2242 καὶ
1120 2188 1315 2257 ἥκιστα
1352 2189 1447 2242 τοὺ
1481 2186 1660 2242 λαθεῖν
1703 2189 1849 2258 ἄξιον
1878 2208 1889 2218 ·
1952 2189 2040 2243 αύ-

386 2280 477 2341 τὸς
511 2275 569 2332 δὲ
626 2277 743 2331 ἀντὶ
790 2278 999 2332 πάντων
1050 2276 1103 2331 ἓν
1149 2278 1183 2346 ἢ
1238 2275 1332 2331 δύο
1378 2275 1663 2353 δείγματος
1718 2276 1824 2353 ἐρῶ
1874 2276 2035 2353 χάριν

381 2372 496 2429 τοῖς
545 2365 752 2444 σφόδρα
796 2367 863 2420 τὰ
912 2365 1119 2420 ἐκείνου
1166 2366 1551 2438 θαυμάζουσιν,
1600 2364 1670 2420 ’ἶν’
1701 2364 1882 2421 εἰδῶσι
1910 2371 2036 2420 τοῦ-

2149 2101 2267 2156 sive
2296 2100 2579 2171 tragoedia
2610 2099 2711 2154 illa
2741 2100 2990 2154 dicenda
3034 2104 3142 2166 est,
3176 2099 3296 2154 sive
3328 2100 3632 2165 comoedia,
3666 2099 3797 2171 qui-

2147 2193 2260 2247 bus
2293 2189 2525 2260 pietatis
2556 2206 2694 2260 pars
2743 2205 2871 2243 esse
2902 2188 3211 2253 videbitur,
3246 2188 3493 2259 impium
3540 2188 3707 2242 illum
3738 2194 3796 2243 et

2148 2278 2498 2349 sacrilegum
2532 2277 2791 2333 oratione
2822 2276 3115 2343 insectari,
3150 2282 3213 2330 ut
3244 2277 3315 2331 ad
3349 2282 3609 2347 posteros
3646 2293 3794 2347 quo-

2149 2384 2260 2439 que
2302 2384 2392 2422 res
2433 2371 2595 2421 tanta
2644 2366 3003 2437 minimeque
3046 2366 3225 2437 digna
3272 2382 3400 2437 qua
3439 2366 3498 2419 in
3542 2366 3792 2420 obscuro

382 2478 473 2511 τον
510 2459 580 2529 (5)
614 2456 844 2511 ἐπαινεῖν
874 2456 1166 2525 ἀξιοῦντες,
1213 2457 1274 2511 οὗ
1310 2454 1451 2529 μηδὲ
1481 2456 1652 2531 ψόγον
1690 2455 1827 2511 ἔστιν
1863 2457 2031 2531 εὑρεῖν

2153 2457 2352 2528 iaceat,
2369 2457 2827 2511 transmittatur.
2844 2456 2959 2526 Ego
2979 2460 3173 2510 autem
3197 2472 3299 2527 pro
3314 2454 3590 2509 omnibus
3605 2472 3789 2509 unum

386 2543 553 2615 ἄξιον.

2146 2552 2247 2602 aut
2301 2546 2570 2617 alterum,
2604 2545 2851 2616 exempli
2903 2562 3101 2615 causa,
3134 2546 3208 2600 iis
3259 2544 3359 2615 qui
3406 2545 3583 2599 vitam
3635 2544 3792 2601 illius

382 2640 682 2704 tantopere
715 2634 1103 2702 admirantur,
1138 2652 1445 2707 exponam,
1481 2640 1545 2691 ut
1571 2653 1633 2693 se
1664 2652 1798 2692 eum
1829 2637 2018 2692 virum
2051 2636 2289 2692 laudare
2317 2634 2460 2691 velle
2491 2634 2839 2707 intelligant,
2873 2635 3041 2705 cujus
3074 2633 3235 2689 nulla
3262 2634 3405 2689 satis
3436 2633 3615 2705 digna
3643 2633 3794 2690 vitu-

383 2724 600 2795 peratio
630 2724 941 2795 excogitari
978 2729 1188 2796 potest.

456 2830 533 2884 ll'.
568 2828 748 2900 Νόμος
784 2826 892 2882 ἐστὶ
930 2826 1232 2902 βασιλικὸς,
1267 2829 1365 2883 οὐκ
1394 2827 1514 2883 οἴδα
1548 2832 1642 2901 μὶν
1678 2830 1721 2885 εἰ
1753 2830 1842 2885 καὶ
1872 2836 2029 2885 πᾶσιν

383 2917 686 2991 ἀνθρώποις
719 2922 843 2990 παρ’
874 2916 1021 2978 ὅσοις
1069 2920 1139 2987 (6)
1184 2918 1246 2971 τὸ
1298 2916 1694 2992 βασιλεύεσθαι,
1745 2918 2033 2990 Ῥωμαίοις

386 3003 445 3059 δὶ
490 3005 579 3058 καὶ
644 3009 747 3059 τῶν
817 3005 936 3060 λίαν
1003 3004 1455 3079 σπουδαζομένων
1511 3007 1680 3061 εἰκόσι
1738 3005 2031 3079 δημοσίαις

383 3099 642 3163 τιμᾶσθαι
689 3093 811 3155 τοὺς
865 3092 1287 3170 βασιλεύοντας·
1357 3095 1417 3149 οὐ
1468 3096 1571 3170 γὰρ
1622 3094 1928 3171 ἐξαρκοῦσιν
1981 3097 2031 3151 οἱ

382 3183 630 3258 σιὲφανοι
680 3183 766 3237 καὶ
821 3183 887 3237 τὰ
936 3180 1265 3257 διαδήματα,
1315 3184 1405 3238 καὶ
1452 3184 1515 3239 τὸ
1558 3191 1659 3254 τῆς
1708 3182 2033 3260 ἁλουργίδος

2216 2832 2426 2887 LXXX.
2473 2832 2573 2887 Est
2620 2830 2728 2887 hoc
2781 2830 2839 2885 in
2889 2831 3045 2904 regio
3094 2847 3255 2886 more
3303 2829 3581 2902 positum,
3632 2828 3789 2884 haud

2143 2922 2377 2993 quidem
2401 2922 2520 2976 scio
2553 2938 2625 2976 an
2651 2922 2804 2992 apud
2828 2937 3032 2976 omnes
3064 2936 3298 2992 quoque
3328 2919 3473 2974 alios
3497 2918 3786 2987 homines,

2145 3010 2242 3081 qui
2274 3011 2517 3082 imperio
2545 3012 2817 3075 subsunt,
2852 3016 3122 3065 caeterum
3154 3010 3307 3081 apud
3343 3009 3636 3064 Romanos
3668 3012 3793 3063 stu-

2142 3099 2476 3154 diosissime
2523 3100 2916 3165 observatum,
2954 3103 3017 3153 ut
3069 3098 3317 3169 publicis
3358 3097 3569 3153 statuis
3614 3099 3795 3168 impe-

2142 3194 2363 3243 ratores
2394 3193 2695 3242 ornentur.
2740 3188 2853 3242 Nec
2884 3187 3040 3243 enim
3082 3204 3306 3242 coronas
3340 3204 3404 3242 ac
3435 3187 3789 3251 diademata,

382 3270 559 3341 ἄνθος,
594 3268 645 3325 οἵ
671 3293 729 3326 τε
772 3272 1170 3346 ἀριθμούμενοι
1217 3270 1561 3350 λογχοφόροι
1593 3276 1668 3346 (7)
1697 3273 1789 3327 καὶ
1834 3274 1896 3327 τὸ
1924 3277 2031 3328 τῶν

2153 3281 2202 3332 et
2233 3294 2504 3349 purpurae
2537 3276 2708 3342 nitor,
2745 3282 2802 3331 et
2835 3276 3131 3331 numerosi
3164 3275 3464 3344 satellites,
3495 3279 3553 3329 et
3592 3275 3794 3329 subdi-

378 3356 703 3433 ἀρχομένων
756 3358 990 3430 πλῆθος,
1059 3366 1374 3434 συγκροτεῖν
1433 3359 1649 3423 τούτοις
1705 3362 1802 3428 τήν
1887 3362 2035 3437 βασι-

382 3445 572 3502 λείαν·
654 3446 801 3502 ἀλλὰ
868 3446 949 3502 δεῖ
1011 3449 1101 3503 καὶ
1180 3452 1598 3524 προσκυνήσεως
1665 3450 1870 3519 αὐτοῖς,
1948 3452 2033 3528 ὑφ’

380 3538 445 3603 ἧς
505 3537 581 3607 (8)
642 3536 957 3611 σεμνότεροι
1010 3535 1237 3606 δόξωσιν
1284 3540 1403 3609 (9)·
1456 3537 1568 3613 οὐχ
1615 3539 1675 3607 ἢν
1722 3541 1833 3612 (10)
1884 3538 2035 3593 αὐτοὶ

380 3630 804 3699 προσκυνοῦνται
862 3623 1047 3696 μόνον,
1098 3624 1244 3680 ἄλλὰ
1290 3626 1378 3680 καὶ
1428 3633 1527 3695 τῆς
1576 3626 1625 3681 ἐν
1667 3627 1949 3699 πλάσμασί
1979 3649 2037 3683 τε

381 3713 470 3767 καὶ
501 3714 811 3788 χρώμασιν,
848 3714 914 3766 ἶν’
1006 3715 1067 3768 τὸ
1101 3708 1259 3776 σέϐας
1289 3715 1471 3776 αὐτοῖς
1520 3715 1926 3786 ἀπληστότερόν
1978 3737 2037 3771 τε

381 3801 470 3855 καὶ
499 3801 847 3874 τελεώτερον.
894 3801 1121 3863 Ταύταις
1170 3808 1287 3864 ταῖς
1337 3802 1533 3857 εἰκόσιν
1568 3802 1731 3858 ἄλλοι
1768 3806 1861 3877 μὶν
1894 3805 2035 3861 ἄλλο

380 3912 431 3945 τι
480 3895 585 3945 τῶν
642 3890 908 3965 βασιλέων
966 3892 1549 3970 προσπαραγράφεσθαι
1607 3893 1923 3969 χαίρουσιν·
1983 3896 2035 3948 οἳ

386 3979 479 4053 μὶν
528 3984 633 4033 τῶν
686 3978 900 4035 πόλεων
952 3982 1064 4053 (11)
1114 3982 1210 4042 τὰς
1263 3980 1645 4057 λαμπροτέρας
1686 3980 2037 4059 δωροφορού-

382 4088 497 4137 σας,
550 4070 601 4122 οἱ
650 4068 707 4123 δὲ
754 4068 904 4130 νίκας
954 4069 1084 4144 ὑπὲρ
1134 4068 1376 4145 κεφαλῆς
1427 4071 1824 4148 στεφανούσας·
1878 4073 1929 4125 οἱ
1979 4070 2036 4126 δὲ

380 4158 504 4219 τοὺς
551 4158 601 4212 ἐν
649 4158 797 4213 τέλει
853 4162 1307 4233 προσκυνοῦντας,
1358 4158 1445 4213 καὶ
1495 4166 1607 4221 τοῖς
1672 4165 1777 4215 τῶν
1847 4162 2032 4236 ἀρχῶν

378 4247 727 4321 τιμωμένους
761 4249 1092 4321 συνθήμασιν
1119 4268 1131 4280 ·
1167 4249 1219 4302 οἱ
1250 4245 1307 4303 δὶ
1340 4248 1663 4326 θηροφονίας
1712 4249 1801 4304 καὶ
1851 4250 2034 4305 εὐστο-

381 4336 509 4413 χίας
535 4356 547 4368 ·
582 4337 633 4391 οἱ
666 4333 723 4391 δὲ
777 4332 1061 4413 βαρϐάρων
1110 4336 1453 4411 ἡττημένων,
1505 4338 1594 4392 καὶ
1646 4338 1747 4394 ὑπὸ
1784 4345 1903 4402 τοῖς
1931 4361 2032 4394 πο-

458 4550 837 4627 (98)“ξίκηνήν.
888 4551 1157 4627 Heinsius
1190 4553 1331 4626 legit
1366 4570 1378 4609 :
1425 4552 1863 4627 ἀποπεμπόμεθα
1905 4556 2036 4609 πάν-

386 4618 631 4695 τιοςκΟύ
664 4618 917 4695 γάρὲπ-οςέ
950 4618 1032 4695 ἄν,
1065 4630 1172 4680 etc.

2143 3369 2334 3421 torum
2357 3364 2694 3431 multitudo,
2720 3365 2790 3420 ad
2809 3364 3287 3420 constituendum
3313 3363 3458 3436 ipsis
3480 3362 3794 3435 imperium

2143 3455 2447 3510 sufﬁciunt
2488 3473 2500 3510 :
2544 3472 2744 3509 verum
2793 3454 3188 3509 adorationem
3240 3469 3473 3525 quoque
3520 3454 3795 3508 accedere

2146 3548 2390 3615 oportet,
2422 3560 2522 3613 per
2550 3560 2725 3614 quam
2751 3543 3120 3615 angustiores
3143 3546 3462 3613 appareant
3487 3558 3499 3595 :
3526 3558 3639 3595 non
3664 3557 3792 3595 eam

2147 3633 2335 3689 solum
2370 3650 2487 3704 qua
2533 3633 2854 3687 adorantur
2885 3634 3018 3705 ipsi,
3052 3632 3153 3687 sed
3203 3647 3333 3686 eam
3364 3631 3538 3686 etiam
3573 3648 3698 3701 quae
3734 3629 3790 3683 in

2144 3721 2505 3793 imaginibus
2538 3721 2900 3792 picturisque
2934 3726 3262 3792 praestetur,
3296 3736 3410 3791 quo
3441 3718 3795 3774 cumulatior

2146 3810 2292 3880 ipsis
2335 3810 2756 3881 perfectiorque
2806 3810 3098 3864 veneratio
3148 3810 3443 3863 reddatur.
3478 3808 3580 3862 His
3628 3824 3794 3878 porro

2143 3897 2501 3969 imaginibus
2514 3898 2612 3953 alii
2632 3900 3015 3969 imperatores
3033 3898 3189 3951 aliud
3210 3897 3491 3967 quiddam
3517 3900 3796 3967 praeterea

2146 3987 2381 4057 appingi
2398 3987 2684 4057 gaudent;
2710 3987 2951 4057 quidam
2965 3984 3325 4039 clarissimas
3338 4000 3600 4055 quasque
3622 3984 3796 4039 urbes

2145 4075 2297 4129 dona
2314 4075 2619 4129 ollerentes
2647 4100 2660 4140 ;
2693 4074 2789 4128 alii
2822 4074 3115 4140 victorias,
3145 4080 3318 4143 caput
3348 4090 3549 4128 eorum
3583 4089 3797 4128 corona

2144 4164 2476 4233 cingentes;
2513 4162 2775 4217 nonnulli
2824 4162 3207 4233 magistratus
3241 4162 3572 4227 adorantes,
3604 4168 3662 4216 et
3710 4161 3797 4215 di-

2142 4252 2432 4323 gnitatum
2483 4251 2634 4307 notis
2682 4258 3025 4317 exornatas;
3074 4250 3173 4306 alii
3205 4251 3458 4305 ferarum
3514 4251 3700 4305 caedes
3741 4255 3797 4306 et

2146 4340 2321 4396 scitas
2346 4340 2736 4411 jaculationes
2762 4366 2777 4409 ;
2810 4339 2911 4395 alii
2942 4339 3326 4396 barbarorum
3355 4342 3503 4395 117
3542 4339 3794 4396 domito-

2145 4573 2201 4628 y,
2237 4553 2654 4628 ascript_um_in.
2678 4570 2797 4624 ora,
2828 4555 2959 4627 παρ’
2986 4551 3134 4625 ὅσον,
3167 4558 3225 4610 et
3255 4554 3313 4610 in
3346 4558 3505 4610 textu
3538 4549 3792 4628 βουλεύε-

2148 4622 2265 4679 σθαι
2300 4622 2408 4697 prd
2438 4622 2833 4699 βασιλεύεσθαι.

457 4674 583 4786 (99(
602 4674 1332 4769 ’Υτὶερϐά)ιλοιμέθέιζ’ἓιθεε.
1366 4697 1486 4767 bm,
1514 4697 1555 4765 1,
1589 4697 1767 4766 0r.1,
1802 4691 2037 4772 ὑπερϐα-

2153 4674 2170 4679 ν
2728 4674 3065 4786 Ἡοεξε
3093 4701 3150 4786 et
3178 4696 3320 4786 b,'in
3350 4697 3788 4786 texturponi‘tur,

387 4760 641 4836 λοίμεθα.

564 4836 708 4913 Κατᾲ
752 4841 853 4913 τῇς
907 4834 1130 4913 κόρρης.
1181 4838 1291 4913 Alii
1346 4837 1479 4911 μετᾶ
1519 4841 1617 4913 τῆς
1667 4837 2033 4913 κόρηςνδοὺ.

388 4904 601 4986 Κάρἐν
638 4904 703 4961 δά
752 4905 899 4986 λέγει
931 4904 1030 4977 τὴν
1068 4904 1355 4986 κεφαλὴν,
1378 4918 1469 4986 ἦν,
1499 4904 2035 4986 εἰώθασιίπατάσσε-ιν

390 4979 441 5031 οἱ
475 4979 642 5055 prpe:
670 4979 975 5055 παίζοντες.
1013 5003 1041 5033 ‹‹
1070 4979 1254 5053 Caput
1283 4984 1557 5055 appellat,
1592 4984 1743 5055 quod
1782 4984 1945 5039 mimi
1978 4984 2036 5039 in

393 5052 640 5125 scenicis
670 5050 825 5125 ludis
857 5052 1043 5108 solent
1070 5050 1391 5125 percutere.
1427 5078 1456 5106 »

466 5124 542 5195 (2)
576 5120 845 5197 Κεραλῆν.
881 5120 1088 5180 Ηθὶῐιδί
1110 5124 1423 5197 ἀλωπεκῆν,
1459 5149 1487 5176 ‹‹
1522 5125 1776 5197 vulpem.
1810 5148 1836 5173 ››

459 5192 544 5270 (3)"
566 5192 798 5265 Κυρίως.
827 5199 987 5270 Pass.
1011 5202 1263 5266 quatuor
1283 5192 1459 5270 Rc’g'g.
1491 5192 1851 5269 totidemque
1872 5197 2033 5253 Colb.

392 5264 505 5341 Or.
528 5264 722 5341 lbetc.
758 5264 1073 5341 καιρίως,”‹ι
1104 5264 1512 5341 opportuna.»

460 5339 537 5412 (4)
564 5332 861 5412 Ἐπιεικῷς
890 5332 1157 5406 ἐϐιάζετοῖ
1185 5332 1221 5390 ἶ(
1255 5342 1334 5396 Ea
1365 5340 1481 5398 leni
1532 5341 1722 5412 specie
1752 5340 1867 5394 vim
1900 5355 2036 5393 cru—

391 5408 597 5463 deliter
628 5409 922 5464 afferebat.
964 5433 989 5457 ››

462 5482 538 5549 (5)
573 5476 776 5535 Εἰδῶσι
822 5483 1031 5534 τοῦτον.
1089 5504 1116 5531 ‹‹
1151 5483 1218 5538 Ut
1247 5480 1576 5553 intelligant
1608 5499 1670 5538 se
1721 5480 1867 5536 velle
1905 5480 2037 5536 lau-

392 5551 551 5627 dare,
575 5569 745 5622 quem
780 5570 851 5607 ne
883 5553 1209 5627 vituperare
1244 5551 1481 5627 quidem
1504 5553 1867 5627 pro_meritis
1894 5554 2036 5609 satis

394 5622 529 5694 (Ιυίε
575 5621 780 5695 potest.
820 5647 847 5673 ››
900 5621 1037 5697 Reg.
1089 5626 1207 5695 bm,
1252 5621 1309 5681 ét
1353 5621 1523 5682 Pass:
1562 5621 1773 5679 εἰδῶσιν
1822 5624 1875 5678 οἱ
1916 5627 2039 5679 τοῦ-

390 5714 507 5750 τον.

465 5765 544 5838 (ὃ)
613 5765 746 5840 Παρ⁹
795 5763 963 5829 ὅσοις·
996 5766 1087 5824 Sic
1127 5766 1305 5841 Regg.
1339 5767 1381 5836 l,
1411 5784 1466 5840 y,
1500 5771 1557 5825 et
1586 5768 1679 5824 Or.
1710 5767 1763 5824 1.
1798 5767 1863 5824 In
1895 5766 2033 5840 Reg.

2148 4785 2251 4843 pro
2298 4768 2809 4843 vdpoi‘xui'pdpor,
2845 4768 2997 4841 quod
3049 4771 3266 4843 habent
3314 4770 3449 4843 editi
3509 4768 3602 4823 Or.
3654 4770 3703 4834 l,
3739 4772 3795 4821 et

2149 4837 2287 4923 ᾖδε.
2323 4837 2376 4911 y,
2407 4837 2649 4923 uterque
2673 4837 3051 4923 ιιᾴριτίιιιιγρἶ
3084 4837 3454 4923 λογχοςρεὶροιζ
3486 4843 3618 4923 Quae
3650 4856 3789 4920 pro-

2148 4910 2295 4966 fecto
2328 4910 2460 4966 vera
2490 4910 2657 4967 nobis
2687 4912 2915 4967 videtur
2948 4910 3138 4967 lectio.
3172 4910 3518 4967 'O'uid'enim
3552 4910 3663 4964 sibi
3695 4926 3793 4963 vo-

2147 4983 2274 5038 lunt
2305 4983 2393 5055 hic
2428 5006 2454 5032 «
2487 5000 2809 5055 numerosae
2834 4982 3039 5055 leges?
3070 5005 3096 5031 ››
3120 4988 3193 5055 ,ιιι
3223 4982 3390 5055 vertit
3416 4981 3643 5055 Billius.
3676 4986 3789 5055 Νυτ

2148 5071 2261 5125 que
2292 5054 2446 5127 enim
2480 5059 2643 5110 tanta
2671 5054 2867 5127 legum
2896 5053 3083 5126 _copia
3114 5054 3278 5111 initio
3310 5054 3511 5110 statim
3560 5053 3790 5125 imperii

2152 5126 2473 5198 principem
2504 5128 2689 5181 decet.

2220 5200 2292 5267 (8)
2323 5194 2433 5271 ’Ῡφξ
2456 5199 2542 5263 ἧς.
2576 5198 2756 5253 Codd.
2786 5194 3064 5271 nonnulli
3096 5194 3192 5271 ὑφ’.
3212 5196 3314 5255 οἷς.

2217 5271 2295 5341 (9)
2345 5265 2596 5337 Δόξωσιν.
2654 5271 2736 5325 Ita
2786 5269 2956 5340 Regg.
3014 5265 3218 5334 bm,'l,
3268 5285 3327 5339 u,
3378 5271 3486 5324 etc.
3540 5267 3648 5322 Alii
3702 5265 3789 5319 ὁὸ-

2210 5360 2313 5395 υσι.

2148 5337 2330 5503 ῗῦᾶδ)
2357 5409 2715 5503 ’ἢνᾎηᾳ
2747 5427 2860 5503 sex)
2876 5412 3050 5503 'Jl‘egg.
3084 5411 3178 5465 0r.
3218 5412 3267 5477 1,
3292 5414 3347 5466 et
3378 5409 3790 5503 hianLIEi‘llius

2150 5480 2285 5557 legit
2316 5480 2420 5557 οῷχ
2446 5480 2537 5557 θίν’,
2571 5488 2628 5557 et
2659 5484 2742 5538 sic
2766 5480 3655 5557 redditi}parumquehabent
3679 5482 3790 5551 ipsi

2148 5552 2540 5621 adorarifnisi
2577 5556 2727 5610 idem
2760 5571 2991 5627 quoque
3024 5552 3135 5608 sibi
3166 5553 3226 5609 in
3258 5552 3614 5625 imaginibus
3647 5570 3789 5626 prae-

2148 5629 2352 5680 stetur.
2392 5647 2417 5673 η

2219 5697 2328 5769 (11)
2359 5698 2481 5753 Τῶν
2514 5694 2750 5754 πόλεων.
2788 5698 2959 5756 Deest
2985 5700 3091 5751 τῶν
3119 5697 3180 5753 in
3212 5697 3486 5771 pluribus
3519 5714 3661 5756 mss.
