4148 6290
345 380 460 439 607
1586 386 1651 446 s.
1701 386 2071 450 caecoan
2123 394 2519 458 THEOLOGI
3637 388 3759 452 608

340 528 489 582 rum,
533 515 705 581 atque
733 513 804 569 ad
839 513 1015 585 pedes
1041 514 1385 585 jacentium,
1428 520 1531 573 aut
1577 535 1859 577 caesorum
1889 539 1987 579 va-

2127 526 2183 581 τὶν
2234 525 2577 603 ἐρῥιμμένων
2628 529 2663 597 ἡ
2715 525 3074 599 κτεινομένων
3118 527 3229 599 (12)
3276 519 3547 591 πολυειδῆ
3613 524 3758 599 σχή-

338 601 455 658 rias
512 601 985 673 multiplicesque
1043 604 1281 677 ﬁguras.
1342 607 1539 679 Neque
1590 609 1746 664 enim
1800 628 1991 669 rerum

2127 601 2539 692 ητα-’.φιλοῦσι
2568 618 2671 693 γὰρ
2703 616 2764 671 οὐ
2804 615 2900 678 τὰς
2954 614 3212 686 ἀληθείας
3238 618 3368 669 ’τῶν
3419 613 3755 689 πραγμάτων

337 708 564 759 earum,
598 691 671 746 ob
703 709 849 763 quas
903 694 1214 764 magniﬁce
1260 695 1330 750 de
1362 712 1423 751 se
1468 698 1750 764 sentiunt,
1782 702 1990 757 verita-

340 784 459 836 tem
492 780 683 836 solum
717 786 939 851 amant,
968 784 1067 837 sed
1097 799 1292 839 earum
1321 801 1553 858 quoque
1584 788 1917 846 simulacra.

413 888 646 944 LXXXI.
673 889 821 955 Quid
846 894 1041 946 autem
1066 891 1178 947 iste
1200 892 1704 951 comminiscitur?
1726 901 1783 951 et
1815 915 1993 970 quam

343 978 702 1034 ﬁrmioribus
734 978 1080 1036 Christianis
1132 981 1397 1037 fraudem
1430 984 1658 1039 nectit?
1704 985 1992 1043 Nimirum

344 1069 845 1141 quemadmodum
879 1068 980 1140 qui
1013 1069 1159 1124 cibis
1190 1072 1444 1126 toxicum
1491 1073 1755 1142 miscent,
1789 1077 1872 1131 ita
1900 1077 1994 1133 hic

2106 702 2268 776 μόνον
2301 708 2414 779 (13)
2444 706 2525 783 ἔφ’
2557 707 2637 767 οἷς
2673 705 2808 782 μέγα
2838 701 3148 783 φρονοῦσιν,
3184 701 3330 758 ἀλλὰ
3351 701 3438 757 καὶ
3463 702 3530 757 τὰ
3549 701 3754 757 τούτων

2106 790 2431 866 ἰνδάλματα.

2174 900 2301 956 UA'.
2332 905 2385 952 Ὀ
2419 896 2475 954 δὲ
2502 900 2554 953 τί
2591 906 2935 975 μηχανᾶται;
2980 899 3067 955 καὶ
3111 898 3229 953 τίνα
3257 901 3365 953 τῶν
3423 900 3758 973 Χριστιανῶν

2100 992 2217 1048 τοῖς
2251 988 2621 1063 στερροτέροις
2648 988 2832 1060 ἵστησι
2864 986 3023 1044 δόλον
3054 1008 3066 1058 ;
3098 990 3301 1063 Ὠσπερ
3353 987 3405 1042 οῖ
3452 992 3569 1048 τοῖς
3620 986 3762 1061 βρώ-

2107 1098 2233 1148 μασι
2278 1078 2699 1153 καταμιγνύντες
2753 1079 2818 1132 τά
2877 1076 3212 1151 δηλητήρια,
3293 1076 3437 1149 μίξαι
3514 1080 3633 1136 ταῖς
3708 1075 3759 1147 ἐξ

2103 1162 2255 1227 ἔθους
2302 1171 2408 1221 τῶν
2464 1165 2729 1242 βασιλέων
2780 1174 2965 1239 τιμαῖς
3015 1169 3113 1235 τὴν
3167 1161 3433 1236 ἀσέϐειαν,
3474 1165 3563 1219 καὶ
3598 1165 3673 1226 εἷς
3704 1162 3757 1219 ἓν

2104 1254 2322 1329 ἀγαγεῖν
2373 1254 2576 1327 νόμους
2624 1255 2906 1327 Ῥωμαίων
2960 1254 3049 1310 καὶ
3082 1252 3327 1310 εἰδώλων
3360 1254 3753 1330 προσκύνησινο

2102 1343 2191 1397 καὶ
2241 1341 2328 1397 διὰ
2373 1348 2533 1398 τοῦτο
2576 1350 2692 1406 ταῖς
2743 1344 2912 1400 εἰκόσι
2966 1342 3440 1420 συμπαραγράφων
3490 1341 3616 1404 τοὺς
3650 1340 3764 1397 δαί-

2106 1452 2295 1504 μονας,
2320 1433 2393 1494 ὡς
2427 1429 2492 1503 δή
2525 1454 2671 1495 τινας
2703 1432 2874 1495 ἄλλας
2902 1438 3010 1488 τῶν
3040 1432 3092 1504 ἔξ
3133 1429 3287 1497 ἔθους
3337 1432 3548 1510 γραφὰς
3596 1431 3766 1507 πρού-

2100 1520 2236 1584 τίθει
2269 1523 2382 1593 (14)
2415 1518 2615 1595 δήμοις
2665 1522 2755 1577 καὶ
2805 1522 3019 1594 πόλεσι,
3064 1522 3155 1577 καὶ
3210 1520 3446 1592 μάλιστα
3489 1526 3607 1583 τοῖς
3653 1524 3764 1575 τῶν

2104 1607 2266 1673 ἐθνῶν
2318 1606 2553 1686 ἄρχουσι
2600 1611 2695 1673 τάς
2746 1610 2975 1682 εῗκόνας,
3031 1611 3105 1673 ὡς
3152 1609 3320 1665 κακοῦ
3367 1608 3429 1685 γέ
3475 1630 3571 1664 του
3622 1610 3765 1664 πάν-

344 1691 478 1748 illas
510 1692 889 1764 proponebat,
924 1698 989 1748 ut
1040 1693 1205 1749 nulla
1249 1694 1485 1749 omnino
1519 1697 1740 1752 ratione
1772 1700 1994 1757 malum

2127 1720 2211 1759 τως
2243 1701 2355 1771 (15)
2387 1700 2463 1771 μὴ
2496 1701 2629 1754 εἶναι
2662 1696 2999 1774 διαμαρτεῖν·
3034 1698 3160 1754 ἀλλ’
3191 1701 3226 1768 ἢ
3257 1703 3325 1770 τῇ
3355 1704 3461 1754 τῶν
3491 1697 3762 1774 βασιλέων

342 1781 511 1839 vitari
565 1785 762 1853 posset
796 1798 808 1836 :
842 1797 1043 1836 verum
1092 1788 1193 1837 aut
1233 1800 1365 1838 cum
1416 1784 1841 1856 imperatorum
1892 1789 1993 1845 ho-

2127 1790 2240 1860 τιμῇ
2287 1789 2387 1856 τήν
2430 1792 2538 1843 τῶν
2590 1785 2835 1845 εἰδώλων
2898 1790 3281 1866 συμφέρεσθαι,
3330 1788 3365 1857 ἢ
3425 1792 3493 1862 τῇ
3546 1786 3755 1843 τούτων

346 1887 489 1927 nore
520 1869 1083 1926 damonum'bonor
1129 1873 1602 1945 conjungeretur,
1635 1881 1736 1931 aut
1784 1877 1991 1934 horum

2127 1880 2248 1953 ρυγῇ
2296 1875 2421 1939 τοὺς
2479 1877 2734 1953 βασιλέας
2793 1872 3118 1953 ὑϐρίζεσθαι,
3179 1884 3375 1951 μικτῆς
3432 1873 3601 1947 οῦσης
3656 1884 3761 1945 τῆς

342 1158 575 1214 usitatis
608 1159 1029 1229 imperatorum
1054 1158 1378 1216 honoribus
1410 1160 1773 1232 impietatem
1805 1166 1993 1220 admi-

338 1262 502 1305 scere
547 1247 823 1315 instituit,
868 1247 1131 1319 ritusque
1186 1249 1579 1306 Romanorum
1626 1269 1759 1308 cum
1810 1255 1994 1311 idolo-

344 1354 476 1393 rum
524 1337 861 1392 adoratione
908 1337 1178 1393 conﬂare.
1216 1338 1463 1393 Proinde
1494 1356 1627 1395 cum
1677 1343 1992 1412 daemones,

343 1425 502 1482 velut
543 1424 689 1482 alias
720 1426 1008 1497 quasdam
1051 1432 1359 1483 consuetas
1410 1428 1687 1499 picturas,
1724 1431 1993 1504 imagini-

342 1515 456 1571 bus
486 1514 872 1585 adjunxisset,
901 1519 1029 1571 tum
1051 1516 1289 1570 demum
1313 1516 1544 1588 populis
1566 1524 1621 1572 et
1640 1518 1992 1590 civitatibus,

344 1620 410 1661 ac
471 1603 793 1677 praesertim
856 1604 1285 1676 provinciarum
1346 1607 1649 1677 praefectis,
1708 1609 1995 1682 imagines

347 1961 488 2034 fuga
516 1960 896 2032 imperatores
924 1961 1280 2016 contumelia
1327 1964 1645 2031 efﬁcerent,
1680 1966 1853 2022 mista
1885 1967 1995 2023 sci-

2127 1968 2546 2040 τροσκυνήσεως.
2594 1972 2793 2021 Τοῦτον
2842 1967 2934 2022 τὸν
2987 1965 3148 2022 δόλον
3187 1966 3276 2021 καὶ
3306 1966 3508 2037 ταύτην
3540 1967 3639 2034 τὴν
3675 1966 3768 2021 οὗ·

347 2048 487 2105 licet
534 2047 889 2104 adoratione.
941 2050 1095 2103 Hanc
1145 2049 1432 2115 fraudem,
1491 2055 1663 2122 atque
1709 2053 1865 2108 hunc
1922 2055 1999 2110 ita

2127 2077 2183 2110 πω
2243 2061 2566 2133 σοφιστικῶς
2642 2055 3014 2125 ἐπινοηθεῖσαν
3092 2058 3269 2132 πάγην
3348 2063 3449 2126 τῆς
3517 2050 3765 2117 ἀσεϐείας

348 2137 555 2195 callide
585 2138 975 2210 excogitatum
1007 2138 1327 2209 impietatis
1351 2139 1647 2210 laqueum,
1677 2143 1840 2212 pauci
1874 2143 1999 2215 qui-

347 2228 481 2283 dem
523 2226 713 2293 exiis,
747 2226 845 2298 qui
900 2226 1107 2297 majori
1158 2227 1369 2299 pietate
1400 2233 1457 2283 et
1501 2230 1818 2301 sagacitate
1851 2250 1996 2304 prae-

348 2315 455 2372 diti
484 2319 669 2384 erant,
702 2315 1051 2388 effugerunt,
1088 2316 1187 2387 qui
1224 2316 1398 2373 etiam
1433 2319 1768 2390 sagacitatis
1799 2338 2000 2392 poenas

344 2404 583 2462 fuerunt
638 2423 649 2461 :
702 2404 809 2460 hoc
868 2404 1101 2476 quidem
1152 2410 1454 2478 praetextu,
1498 2409 1666 2479 quasi
1720 2411 1999 2466 adversus

346 2493 720 2568 imperatoris
762 2494 1044 2549 honorem
1097 2494 1483 2566 deliquissent
1515 2513 1527 2550 :
1562 2500 1621 2551 at
1670 2513 1867 2553 revera
1898 2516 2000 2571 pro

349 2599 485 2641 vero
506 2582 858 2655 imperatore
891 2599 955 2637 ac
988 2600 1091 2654 pro
1124 2583 1337 2654 pietate
1368 2585 1425 2638 in
1458 2585 1783 2656 periculum
1817 2589 1999 2644 addu-

353 2670 449 2728 cti.
483 2670 764 2727 Permulti
796 2676 990 2726 autem
1016 2689 1081 2726 ex
1113 2672 1573 2744 simplicioribus
1596 2681 1650 2730 et
1680 2676 2000 2747 imperitio-

351 2760 515 2817 ribus
545 2760 699 2833 capti
726 2765 899 2829 sunt;
935 2761 1151 2827 quibus
1184 2762 1359 2816 etiam
1389 2764 1635 2819 fortasse
1667 2766 1737 2820 ob
1769 2767 2000 2837 ignora-

350 2849 573 2907 tiOnem
624 2850 792 2905 venia
838 2849 1016 2905 tribui
1072 2857 1268 2922 queat,
1300 2856 1498 2924 utpote
1540 2858 1661 2909 arte
1702 2860 1757 2909 et
1804 2856 2005 2913 fraude

352 2939 425 2995 ad
457 2938 821 3011 impietatem
872 2939 1147 3011 abreptis.
1182 2944 1371 3012 Atque
1403 2940 1511 2997 hoc
1559 2960 1700 2998 sane
1749 2943 1861 3001 tale
1893 2950 2002 3016 est,

355 3031 421 3084 ut
450 3026 539 3083 vel
568 3044 753 3083 unum
786 3044 852 3083 ac
884 3032 1163 3100 perpetua
1194 3030 1439 3085 infamia
1462 3034 1784 3089 notandum
1813 3034 2003 3106 impe-

353 3117 565 3175 ratoris
615 3117 788 3173 istius
838 3116 1198 3175 voluntatem
1258 3120 1555 3193 animique
1602 3122 2002 3181 inductionem

354 3206 589 3264 abunde
618 3207 892 3263 sufﬁciat.
926 3207 1125 3279 Neque
1156 3208 1310 3264 enim
1348 3227 1438 3265 res
1466 3212 1698 3267 easdem
1734 3214 2006 3286 principi-

348 3296 463 3353 bus
511 3312 577 3351 ac
624 3297 860 3367 privatis
910 3298 1215 3353 convenire
1264 3299 1533 3355 existimo
1577 3317 1589 3355 :
1634 3281 2004 3375 quandoqui-
2034 3281 2077 3346 (ἶ

351 3384 487 3442 dem
519 3401 624 3440 nec
653 3386 918 3456 ejusdem
968 3387 1201 3458 utrique
1234 3392 1372 3443 sunt
1420 3389 1743 3461 dignitatis.
1778 3392 2002 3448 Privato

356 3473 512 3531 enim
546 3474 768 3530 homini
801 3478 993 3531 astute
1027 3492 1258 3547 quoque
1289 3476 1507 3547 aliquid
1543 3479 1729 3534 facere
1762 3480 2005 3538 fortasse

358 3564 744 3621 concedemus
772 3580 784 3631 ;
821 3581 955 3619 nam
979 3564 1079 3634 qui
1110 3564 1226 3619 vim
1258 3570 1452 3636 aperte
1476 3567 1749 3623 adhibere
1780 3570 2005 3641 nequit,

2110 2143 2293 2220 ὀλίγοι
2350 2146 2443 2218 μὲν
2490 2143 2741 2224 διέφυγον
2795 2150 2898 2200 τῶν
2953 2140 3350 2219 εὐλαϐεστέρων
3397 2144 3487 2200 καὶ
3539 2164 3768 2199 συνετω-

2106 2235 2298 2309 τέρων,
2342 2232 2393 2289 ο’ί
2440 2233 2529 2289 καὶ
2579 2232 2736 2305 δίκην
2787 2237 2899 2306 (16)
2947 2232 3135 2289 ἔδοσαν
3158 2241 3258 2303 τῆς
3290 2232 3552 2289 συνέσεως
3582 2252 3594 2266 ⁸
3628 2233 3769 2308 πρό-

2110 2343 2303 2400 σχημα
2364 2323 2457 2395 μὶν
2515 2323 2588 2385 ὡς
2648 2321 2723 2384 εἰς
2780 2324 2947 2395 τιμὴν
3006 2322 3273 2398 βασιλέως
3340 2324 3768 2399 παρανομήσαν-

2113 2433 2201 2475 τες
2233 2415 2369 2487 (l7),
2404 2410 2463 2468 τὰ
2521 2410 2579 2467 δὶ
2629 2412 2831 2483 ἀληθὲς
2863 2413 2994 2486 ὑπὲρ
3042 2417 3140 2467 τοῦ
3190 2410 3456 2482 ἀληθινοῦ
3501 2409 3771 2487 βασιλέως

2108 2501 2199 2556 καὶ
2230 2506 2324 2555 τοῦ
2356 2497 2607 2564 εὐσεϐοῦς
2638 2503 2751 2574 (18)
2783 2500 3236 2563 κινδυνεύσαντες.
3270 2498 3483 2556 Πολλοὶ
3520 2498 3578 2555 δὲ
3616 2498 3770 2569 ἥλω-

2113 2611 2205 2645 σαν
2232 2595 2339 2645 τῶν
2370 2589 2731 2666 εὐηθεστέρων
2782 2590 2872 2645 καὶ
2924 2589 3303 2663 ἁπλουστέρων
3334 2608 3347 2622 ⁸
3404 2590 3483 2650 οἷς
3514 2588 3605 2643 καὶ
3639 2609 3772 2663 συγ-

2111 2681 2306 2756 γνώμη
2348 2680 2517 2755 τυχὸν
2566 2687 2666 2748 τῆς
2712 2680 2948 2756 ἀγνοίας,
2998 2680 3163 2755 τέχνῃ
3209 2683 3655 2755 συναρπασθεῖσιν
3692 2676 3773 2740 εἷς

2110 2770 2210 2837 τὴν
2263 2764 2533 2826 ἀσέϐειαν.
2589 2771 2764 2824 Τοῦτο
2817 2770 2912 2842 μὶν
2961 2766 3026 2838 δὴ
3079 2773 3348 2837 τοιοῦτον,
3401 2766 3431 2822 δ
3476 2766 3565 2821 καὶ
3600 2766 3769 2839 μόνον

2112 2858 2323 2933 ἐξήρκει
2375 2857 2720 2929 στηλιτεῦσαι
2776 2857 3028 2933 βασιλέυς
3087 2856 3419 2935 προαίρεσιν.
3453 2854 3649 2930 οὐγὰρ
3698 2855 3773 2909 τὰ

2113 2948 2247 3003 αὐτὰ
2300 2946 2579 3023 βασιλεῦσί
2621 2968 2679 3002 τε
2727 2947 2815 3001 καὶ
2867 2944 3111 3009 ἰδιώταις
3166 2944 3388 3022 πρέπειν
3438 2938 3768 3016 ὑπολαμϐά-

2112 3056 2299 3110 νομεν
2334 3036 2418 3092 δτι
2454 3034 2591 3110 μηδὲ
2619 3043 2721 3106 τῆς
2752 3035 2919 3106 αὐτῆς
2948 3036 3094 3109 ἀξίας
3126 3034 3404 3114 ἀμφότερα
3436 3035 3567 3108 (19).
3602 3030 3777 3089 Ἰδιώ-

2115 3147 2180 3201 τῃ
2234 3126 2325 3195 μὲν
2376 3126 2477 3204 γὰρ
2525 3126 2614 3181 καὶ
2671 3129 2941 3201 τεχνικῶς
2998 3125 3250 3198 πράττειν
3294 3145 3348 3179 τι
3382 3124 3772 3200 συγχωρήσαι-

2120 3236 2213 3288 μεν
2263 3216 2396 3288 (20)·
2444 3216 2489 3287 ᾦ
2535 3215 2636 3291 γὰρ
2684 3215 2745 3270 τὸ
2795 3218 3036 3291 φανερῶς
3088 3214 3363 3291 βιάζεσθαι
3411 3213 3487 3284 μὴ
3526 3209 3773 3281 δυνατὸν,

2114 3303 2293 3377 τούτῳ
2340 3304 2679 3381 συγγνωστὸν
2731 3304 2794 3359 τὸ
2841 3311 2943 3374 τῆς
2972 3301 3270 3379 περινοίας·
3319 3299 3536 3379 βασιλεῖ
3567 3298 3647 3370 δὲ,
3676 3303 3775 3355 τοῦ

2114 3390 2335 3466 δυνάμει
2366 3394 2669 3469 κρατεῖσθαι
2704 3394 2815 3466 (21)
2855 3390 2975 3446 λίαν
3009 3393 3239 3468 αἰσχροῦ
3268 3392 3669 3467 τυγχάνοντος,
3706 3386 3777 3443 ἔτ’

2114 3481 2351 3557 αἶ’σχιον,
2402 3484 2578 3554 οἶμαι,
2619 3483 2709 3536 καὶ
2760 3482 3152 3557 ἀπρεπέστερον
3201 3481 3264 3536 τὸ
3307 3481 3474 3556 τέχνῃ
3520 3477 3776 3534 κλέπτειν

2115 3572 2210 3633 τάς
2244 3570 2587 3647 ἐγχειρήσεις
2616 3571 2706 3626 καὶ
2736 3572 2802 3626 τὰ
2831 3570 3181 3647 προκείμενα.

365 3651 460 3709 hic
491 3652 540 3708 si
587 3654 745 3707 vafre
776 3656 832 3707 et
878 3652 1084 3709 callide
1116 3652 1336 3724 aliquid
1388 3654 1580 3723 faciat,
1614 3657 1842 3712 veniam
1894 3658 2150 3732 aliquam
2185 3665 2460 3717 meretur.
2517 3660 2853 3734 Imperatori
2902 3664 3122 3731 autem,
3156 3676 3288 3716 cum
3330 3660 3386 3713 vi
3435 3666 3490 3714 et
3520 3657 3781 3731 putentia

364 3742 631 3815 superari
666 3741 985 3798 admodum
1017 3747 1185 3815 turpe
1216 3743 1313 3813 sit,
1346 3747 1473 3799 tum
1514 3761 1645 3801 vero
1676 3748 1931 3819 turpius,
1965 3754 2028 3805 ut
2057 3749 2283 3823 opinor,
2317 3754 2374 3807 et
2402 3750 2704 3823 indignius
2734 3754 2844 3822 est,
2872 3753 3119 3806 conatus
3150 3765 3291 3805 suos
3319 3752 3379 3804 et
3407 3747 3777 3820 propositum

367 3834 490 3887 arte
521 3829 835 3888 occultare.

439 3941 702 3999 LXXXII.
764 3941 1021 3998 Alterum
1069 3944 1195 4015 jam
1254 3945 1656 4018 superioribus
1699 3946 2011 4019 adjiciam;

368 4031 524 4102 quod
558 4035 623 4086 ut
653 4032 917 4101 ejusdem
939 4032 1118 4088 animi
1143 4050 1207 4089 ac
1238 4035 1521 4107 propositi
1552 4040 1659 4106 est,
1692 4037 1774 4093 ita
1795 4038 2015 4110 magni-

366 4119 571 4175 tudine
600 4119 769 4192 longe
793 4122 1067 4193 atrocius,
1092 4124 1401 4196 magisque
1435 4125 1704 4197 impium,
1733 4127 2012 4183 nimirum

370 4206 525 4263 malo
557 4208 627 4262 ad
662 4208 859 4279 plures
894 4218 1249 4282 permeante.
1278 4214 1664 4285 Imperatoriae
1688 4216 2016 4287 largitionis

373 4295 499 4351 dies
542 4296 763 4367 aderat,
797 4298 915 4354 sive
947 4301 1400 4370 anniversarius,
1435 4304 1555 4357 sive
1586 4308 1724 4359 tunc
1757 4306 1827 4361 ab
1861 4306 2014 4361 118

371 4383 724 4456 imperatore
780 4404 882 4456 pro
940 4404 1044 4443 sua
1106 4388 1477 4459 improbitate
1528 4408 1593 4447 ac
1640 4395 1893 4449 versutia
1950 4412 2017 4450 ex

372 4476 637 4543 tempore
668 4473 748 4528 ita
792 4475 1095 4531 institutus
1126 4494 1136 4531 :
1172 4482 1342 4549 atque
1373 4481 1577 4537 adesse
1612 4482 1893 4539 militares
1925 4501 2015 4539 or-

376 4559 543 4615 dines
594 4564 913 4633 oportebat,
948 4569 1009 4618 ut
1053 4582 1155 4636 pro
1188 4585 1292 4622 suo
1325 4571 1571 4642 quisque
1602 4574 1785 4644 gradu
1836 4578 1891 4628 et
1930 4573 2017 4627 di-

374 4648 595 4721 gnitate
618 4652 955 4708 donativum
989 4656 1330 4727 acciperent.
1360 4660 1584 4716 Rursus
1608 4661 2021 4718 illiberalitatis

377 4753 552 4793 scena
586 4755 598 4794 :
633 4756 838 4797 rursus
884 4743 1197 4814 impielatis
1248 4749 1460 4805 fabula.
1493 4751 1723 4806 Etenim
1755 4751 2021 4823 benigni.

377 4830 496 4881 tate
526 4828 779 4899 quadam
805 4832 1205 4890 crudelitatem
1237 4838 1470 4894 condire
1494 4839 1711 4905 studet,
1731 4839 2022 4893 militum-

448 5004 1042 5088 (12)Ἷᾚρριμμένωνῆ
1086 5014 1467 5088 κτεινομένων.
1504 5021 1591 5072 Ita
1640 5015 1835 5088 plures
1885 5017 2024 5088 Reg.

448 5004 562 5074 (12)
592 5002 971 5131 Ἐἑριμμένων
1004 5010 1037 5077 ἢ
1089 5014 1467 5085 κτεινομένων.
1504 5021 1591 5072 Ita
1640 5015 1835 5088 plures
1885 5017 2024 5088 Reg.

377 5075 498 5159 t‘rcs
526 5076 645 5159 ,ρῳ
700 5120 709 5130 .
748 5083 911 5159 Ριιειςἶ
949 5082 1121 5139 Coisl.
1154 5088 1207 5141 2.
1244 5092 1305 5141 In
1360 5089 1562 5159 paucis
1593 5104 1725 5143 vero
1768 5092 1823 5142 et
1854 5089 2027 5144 editis

381 5144 562 5220 deest,
598 5147 633 5213 ἢ
660 5149 1045 5220 κτεινομένων.

450 5217 564 5361 (13)
588 5217 859 5304 ΜόνονᾸή
892 5225 1249 5295 quibusdam
1283 5230 1461 5284 deest.

480 5290 542 5343 14
633 5292 939 5361 Προυτίθει.
1000 5298 1059 5351 In
1139 5298 1232 5352 Or.
1318 5302 1339 5354 1
1420 5301 1461 5355 fl

380 5290 564 5412 ονξέ)
633 5290 939 5366 Προὺτίθεί.
1000 5298 1059 5351 In
1139 5298 1232 5352 Or.
1318 5302 1339 5354 1
1420 5300 1528 5355 fuit
1603 5300 1763 5371 olim,
1842 5297 2024 5373 προτί-

417 5379 537 5428 ησι.

452 5431 565 5513 (15)
595 5436 771 5513 Ιςακοῦ
811 5433 874 5513 γέ
918 5457 1277 5513 τουῂπαντω-ς.
1314 5441 1406 5495 Sic
1453 5458 1603 5513 mss.
1642 5445 1701 5496 In
1752 5459 1852 5497 ora
1885 5443 2021 5513 Reg.

383 5497 446 5567 h,
466 5497 570 5572 :10?)
600 5501 714 5557 ἀντὶ
745 5497 912 5565 τιν’ύς.
950 5509 1073 5563 Ald.
1108 5516 1163 5565 et
1194 5497 1359 5566 Herv.
1392 5512 1616 5572 πάντας.

483 5571 569 5640 16)
600 5573 782 5641 Δίκην.
817 5578 1081 5651 Plerique
1108 5583 1357 5651 codices,
1392 5580 1565 5643 δίκας.

427 5570 1101 5764 ΓΞζξέῠῐῖυιέιξριγομήσαντες.
1136 5654 1275 5727 Reg.
1308 5655 1349 5722 l,
1385 5648 1565 5730 ὑϐρίσο

486 5640 1101 5730 1ΔὩΫΫΙξαρανομήσανῖτες.
1136 5654 1275 5727 Reg.
1308 5640 1356 5722 1,,
1385 5640 1718 5730 ὑϐρίσαντες,
1752 5680 1778 5707 ((
1812 5656 2029 5728 injuria

493 5709 727 5772 cientes.
758 5741 779 5769 ι

2196 3948 2318 4003 ΠΒ’.
2351 3950 2573 4023 Ἕτερον
2607 3944 2665 4001 δὲ
2696 3946 2726 4001 ὅ
2755 3943 2990 4009 διανοίας
3045 3945 3139 4019 μέν
3191 3943 3329 3999 έστιν
3388 3943 3477 3999 καὶ
3526 3944 3779 4019 προαιρέο

2124 4056 2258 4099 σεως
2289 4044 2411 4109 τῆς,
2443 4036 2632 4105 αὐτῆς,
2666 4040 2745 4107 τῷ
2779 4034 2958 4109 μέτρῳ
2990 4031 3048 4089 δὲ
3078 4032 3220 4089 πολὺ
3269 4037 3457 4109 χεῖρον
3519 4034 3611 4087 καὶ
3658 4023 3781 4088 ἀσεὲ

2123 4120 2397 4199 ϐέστερον,
2451 4125 2526 4187 εἷς
2572 4122 2794 4187 πλείους
2846 4125 2954 4197 (22)
2979 4126 3076 4179 τοῦ
3105 4126 3273 4177 κακοῦ
3306 4125 3622 4200 φθάνοντος,
3654 4126 3780 4177 τοῦ·

2121 4234 2183 4269 το
2212 4216 2505 4288 προσθήσω
2565 4219 2684 4276 τοῖς
2734 4211 3064 4287 εἰρημένοις.
3120 4216 3335 4289 Δωρεᾶς
3390 4210 3681 4285 βασιλικῆς
3713 4212 3779 4279 ἦν

2123 4303 2326 4377 ἡμέρα,
2376 4301 2472 4359 εἶτ’
2512 4303 2603 4359 οὗν
2657 4302 2892 4375 ἐτήσιος,
2952 4301 3057 4357 εἴτε
3110 4304 3404 4371 τηνικαῦτα
3450 4304 3528 4372 τῷ
3562 4298 3782 4376 βασιλεῖ

2126 4390 2505 4468 σχεδιασθεῖσα
2560 4390 2648 4448 διὰ
2700 4392 2801 4461 τὴν
2864 4390 3213 4466 κακουργίαν,
3272 4390 3361 4445 καὶ
3418 4394 3666 4461 παρεῖναι
3719 4389 3785 4443 τὸ

2125 4481 2509 4558 στρατιωτικὸν
2543 4478 2648 4537 ἔδει
2695 4480 3196 4554 τιμηθησομένους,
3239 4479 3312 4541 ὡς
3361 4475 3583 4541 ἕκαστος
3631 4476 3783 4551 ἀξίας

2050 4595 2096 4660 D
2128 4572 2274 4660 εἶχεν
2421 4570 2644 4660 τάξεως.
2709 4568 2877 4660 Πάλιν
2905 4571 2977 4660 Δἡ⁸
3020 4576 3120 4639 τῆς
3169 4566 3547 4643 ἀνελευθερίας
3581 4569 3780 4660 σκηνή·

2129 4658 2293 4715 πάλιν
2323 4659 2385 4714 τὸ
2418 4656 2598 4735 δρᾶμα
2650 4665 2751 4729 τῆς
2800 4652 3081 4721 ἀσεϐείας·
3141 4659 3532 4736 φαρμαχθῆναι
3586 4656 3785 4735 φιλαν-

2132 4747 2346 4823 θρωπίᾳ
2372 4748 2477 4802 τινὶ
2532 4749 2593 4803 τὸ
2643 4749 3027 4822 ἀπάνθρωπον,
3076 4747 3164 4803 καὶ
3196 4749 3448 4823 χρήμασι
3481 4744 3779 4813 δελεασθῆ-

2130 4856 2217 4890 ναι
2247 4838 2639 4914 στρατιωτικὴν
2668 4836 2889 4914 ἀλογίαν
2946 4834 3038 4891 σὺν
3089 4834 3389 4908 ἀπληστίᾳ,
3439 4836 3553 4910 μεθ’
3593 4834 3667 4888 ὧν
3715 4832 3787 4889 τὰ

2351 5018 2455 5069 Τοῦ
2504 5009 2774 5089 εὐσεϐοῦς.
2826 5016 2890 5072 In
2920 5014 3014 5089 Or.
3048 5016 3105 5089 1,
3134 5015 3207 5071 ad
3249 5031 3436 5089 marg.
3485 5009 3788 5089 δόγματος.

2136 5086 2336 5144 Comb.
2371 5111 2399 5138 ‹‹
2433 5104 2535 5159 pro
2568 5088 2680 5143 ﬁde
2712 5104 2778 5143 ac
2809 5086 3045 5159 pietatis
3076 5087 3361 5144 doctrina.
3386 5086 3427 5140 3)

2347 5157 2678 5233 Ἀμφότερα.
2713 5157 2839 5215 εωῑ.
2873 5157 3193 5233 ἀμφότεροι.

2209 5228 2319 5300 (20)
2352 5228 2842 5305 Σνσγχωρῆσαιμεν.
2897 5228 3036 5304 Reg.
3070 5228 3127 5299 b,
3158 5231 3200 5303 l,
3233 5229 3450 5303 aliique
3496 5228 3789 5300 nonnulli,

2136 5303 2591 5376 συγχωρήσδμενο

2231 5320 2591 5425 ἔωρησομεν.

2269 5374 2319 5445 1)
2352 5378 2771 5448 Κρατιῖσθαιηχ(
2805 5374 3132 5448 Superare;
3168 5395 3196 5422 »
3228 5372 3411 5429 active
3444 5371 3691 5439 scilicet,
3729 5375 3793 5427 ut

2138 5442 2332 5517 Elias';
2370 5442 2407 5495 «⁷
2428 5446 2539 5517 sibi
2572 5442 3264 5517 subjicere,'opprim_ere_.
3302 5468 3323 5496 ι

2210 5516 2320 5587 (22)
2379 5514 2629 5577 Πλείους.
2686 5513 2828 5583 Reg.
2888 5513 3013 5582 bm,
3063 5513 3329 5575 πολλοὺς.
3388 5515 3470 5572 De
3518 5513 3786 5587 historia,

2136 5586 2454 5661 quamhhic
2502 5588 2814 5661 adumbrat
2856 5588 3193 5661 Gregorius,
3229 5587 3515 5661 legendus
3560 5586 3784 5642 Theod.

2306 5658 2405 5715 lib.
2439 5676 2522 5731 ιιι,
2574 5676 2699 5730 cap.
2738 5660 2804 5715 15
2829 5664 2887 5715 et
2918 5658 3025 5729 16';
3062 5665 3118 5717 et
3165 5658 3388 5717 Sozom.
3427 5658 3529 5714 lib.
3562 5675 3620 5726 v,
3656 5674 3784 5731 cap.
