4148 6290
372 367 493 433 609

1366 366 1659 428 ORATIO
1702 362 1803 424 IV.
1838 395 1914 408 «-
1943 359 2256 423 CONTRA
2297 356 2702 423 JULIANUM
2750 360 2798 421 Ῑ.

3669 371 3790 435 610

374 497 560 556 πολλὰ
595 496 953 575 βιοτεύουσιν.
987 501 1027 552 Ο
1073 498 1167 571 μὲν
1214 519 1305 553 ουν
1336 496 1704 575 προύκάθητο,
1745 494 1853 567 (23)
1885 490 2027 564 λαμ-

2151 507 2257 563 que
2286 492 2613 548 vecordiam
2646 498 2702 548 et
2733 496 3053 566 avaritiam,
3088 514 3235 570 quas
3267 518 3481 575 magna
3526 522 3593 561 ex
3624 515 3790 578 parte

379 594 530 666 πρῶς
586 587 971 664 πανηγυρίζων
1029 588 1164 642 κατὰ
1234 595 1334 657 τῆς
1392 581 1679 648 εὐσεϐείας,
1739 584 1830 637 καὶ
1892 584 2029 655 μέγα

378 682 589 758 φρονῶν
623 683 739 739 τοῖς
769 668 1129 752 τεχνάσμασιθ
1164 676 1498 749 Μελάμπους
1533 677 1667 749 (24),
1700 673 1876 746 οἶμαι,
1906 671 2026 758 τὶς,

376 757 714 843 ἣΠρωτεὺς,
747 765 921 820 πάντα
967 766 1056 819 καὶ
1106 766 1180 819 ὧν
1217 766 1306 821 καὶ
1349 763 1660 839 γινόμενος,
1709 761 1798 816 καὶ
1832 757 2029 836 ῥᾳδίως

379 858 565 912 ἑαυτὸν
602 852 961 910 ὑπαλλάττων
1004 860 1118 917 τοῖς
1172 852 1355 909 εἷ’δεσι·
1383 854 1450 909 τὰ
1489 852 1546 908 δὲ
1575 853 1698 927 περὶ
1730 850 1887 905 αὐτὸν
1920 848 2027 919 οἷα,

377 947 466 1001 καὶ
516 944 657 1001 ὅσων
871 942 1121 1020 ὀδυρμῶν
1166 950 1283 1006 τοῖς
1333 942 1388 999 εὖ
1441 946 1726 1020 φρονοῦσιν
1773 939 1911 1009 ἄξια,
1967 936 2028 991 οὐ

376 1040 493 1096 τοῖς
522 1034 646 1090 τότε
674 1037 907 1106 παροῦσι
962 1032 1149 1107 μόνον,
1195 1032 1340 1089 ἀλλά
1385 1032 1475 1088 καὶ
1513 1036 1630 1094 τοῖς
1653 1034 1743 1085 νῦν
1778 1030 1915 1101 ἀκοῇ
1950 1024 2032 1082 δεο

378 1121 644 1201 χομένοις
677 1122 850 1178 έκεῖνο
878 1122 942 1177 τὸ
972 1120 1145 1195 θέαμα
1178 1140 1192 1177 :

2138 580 2265 635 vitae
2297 581 2539 637 comites
2590 582 2827 649 habent,
2881 588 3143 657 pecuniis
3187 589 3417 647 allicere
3467 598 3642 667 atque
3695 598 3785 654 in-

2138 685 2353 724 escare.
2390 669 2489 725 Ille
2520 670 2700 742 igitur
2724 673 3068 744 splendidus
3091 679 3454 748 praesidebat,
3481 684 3786 755 splendide

2139 760 2418 815 adversus
2464 760 2737 831 pietatem
2789 764 3001 820 festum
3052 767 3207 823 diem
3258 786 3457 843 agens,
3511 778 3684 846 atque
3715 779 3787 833 ob
3859 779 3880 793 ’

2140 852 2335 904 astuta
2367 866 2475 905 sua
2521 851 2766 907 consilia
2813 870 3164 928 magnopere
3195 859 3389 916 animo
3425 861 3634 920 elatus.
3669 866 3790 923 Me-

2140 936 2401 1010 lampum
2434 942 2751 1012 quemdam
2783 948 2883 997 aut
2914 949 3183 1002 Proteum
3217 950 3503 1023 suspicari
3536 970 3737 1025 posses
3771 973 3785 1013 ε

2139 1026 2222 1083 ita
2249 1027 2310 1082 in
2342 1030 2540 1085 omnia
2568 1032 2917 1103 vertebatur,
2952 1034 3237 1109 facileque
3284 1041 3545 1112 seipsum
3590 1043 3650 1099 in
3705 1045 3791 1099 di-

2139 1131 2339 1172 versas
2371 1117 2590 1173 formas
2622 1118 2993 1177 immutabat.
3019 1124 3154 1187 Quae
3177 1132 3372 1183 autem
3405 1130 3559 1187 circa
3589 1133 3786 1204 ipsum

378 1219 567 1284 erant,
597 1213 794 1286 qualia
823 1213 1061 1269 tandem
1093 1212 1444 1285 quantisque
1482 1211 1739 1267 luctibus
1786 1214 1841 1266 et
1880 1206 2138 1281 querelis
2169 1207 2322 1296 apud
2366 1208 2634 1264 cordatos
2681 1208 2951 1268 homines
2976 1213 3172 1288 digna,
3202 1233 3317 1274 non
3356 1218 3430 1275 iis
3461 1220 3654 1279 solum
3686 1224 3789 1296 qui

380 1308 509 1361 tum
542 1304 776 1371 struere,
810 1303 909 1358 sed
942 1302 1015 1359 iis
1043 1302 1220 1358 etiam
1252 1302 1353 1374 qui
1384 1317 1541 1357 nunc
1573 1297 1974 1371 spectaculum
2005 1296 2147 1351 illud
2181 1295 2423 1353 auribus
2454 1299 2789 1370 usurpant?

454 1396 569 1447 III".
604 1385 902 1466 ΙΙροὸκειτο
947 1387 1176 1464 χρυσὸς,
1228 1384 1520 1461 προῦκειτο
1570 1381 1816 1453 λίϐανος,
1866 1382 2024 1459 ἐγγύ-

379 1483 464 1535 θεν
519 1479 580 1534 τὸ
628 1482 757 1552 πῦρ,
809 1478 861 1532 οἱ
914 1476 1197 1533 κελευσταὶ
1260 1474 1518 1547 πλησίον·
1568 1474 1657 1530 καὶ
1714 1475 1776 1528 τὸ
1834 1481 2027 1548 σχῆμα

381 1568 455 1630 ὡς
483 1567 727 1634 πιθανὸν,
764 1565 1053 1641 βασιλικῆς
1084 1564 1289 1642 δωρεᾶς
1319 1569 1508 1620 τοῦτον
1542 1563 1677 1619 εἶναι
1709 1560 1882 1618 δοκεῖν

378 1656 468 1712 τὸν
527 1656 717 1729 νόμον,
769 1661 869 1725 τῆς
916 1677 979 1730 γε
1035 1653 1391 1731 ἀρχαιοτέρας
1441 1676 1498 1709 τε
1549 1653 1638 1709 καὶ
1674 1653 2026 1727 τιμιωτέρας.

384 1746 513 1802 Εἶτα
540 1744 634 1815 τί;
669 1750 873 1819 Θυμιᾷν
917 1741 1022 1800 ἔδει
1070 1744 1206 1799 κατὰ
1250 1748 1345 1799 τοῦ
1392 1744 1584 1819 πυρὸς,
1639 1742 1727 1797 καὶ
1779 1740 2026 1816 δέχεσθαι

382 1835 528 1912 παρᾶ
552 1839 649 1890 τοῦ
686 1817 953 1910 βασιλέως
996 1833 1088 1889 τὸν
1133 1840 1232 1904 τῆς
1279 1817 1555 1894 ἀπωλείας
1612 1831 1826 1905 μισθὸν,
1859 1830 2030 1891 οὕτως
2064 1817 2108 1881 Β

383 1924 571 2000 ὀλίγον
603 1924 864 1979 τοσούτου
909 1922 1256 2000 πράγματος,
1284 1925 1476 1997 ψυχῶν
1526 1920 1671 1976 ὅλων
1700 1920 1790 1975 καὶ
1819 1927 1919 1990 τῆς
1954 1918 2031 1982 εἰς

383 2015 509 2071 Θεὸν
544 2008 811 2076 ἀσεϐείας.
864 2017 974 2068 Φεῦ
1020 2019 1121 2081 τῆς
1170 2010 1578 2087 πραγματείαςὲ
1614 2015 1710 2088 φεῦ
1758 2017 1855 2079 τῆς
1886 2010 2030 2063 ἀντι-

383 2101 614 2165 δόσεωςῐ
651 2102 891 2178 Στρατὸς
918 2098 1049 2163 ὅλος
1075 2102 1189 2173 (27)
1220 2100 1333 2162 ἐνὸς
1354 2100 1725 2175 τεχνάσματος
1760 2092 1920 2158 ὤνιος
1940 2097 2027 2165 ἦν·

380 2193 469 2248 καὶ
520 2192 570 2247 οἰ
617 2193 717 2261 τὴν
770 2189 1092 2264 οἰκουμένην
1144 2190 1619 2266 παραστησάμενοι
1673 2191 1852 2261 μικρῷ
1901 2185 2032 2261 πυρὶ

380 2282 471 2338 καὶ
524 2280 761 2360 χρυσίῳ,
810 2279 900 2335 καὶ
952 2277 1039 2334 διὰ
1081 2278 1302 2348 κνίσσης
1353 2281 1467 2351 (28)
1520 2276 1718 2352 ὀλίγης
1783 2272 2029 2348 ἔπιπτον,

382 2369 507 2427 οὐδὲ
535 2372 635 2440 τήν
669 2370 872 2425 ἑαυτῶν
900 2369 1116 2446 σφαμὴν
1152 2366 1353 2429 εἰδότες
1383 2368 1436 2422 οἱ
1466 2366 1710 2428 πλείους
1740 2371 1903 2421 τοῦτο
1932 2366 2032 2441 γὰρ

393 2462 460 2530 ἦν
489 2460 552 2515 τὸ
596 2459 914 2537 βκρύτατον.
950 2457 1155 2533 Παρῄει
1203 2477 1287 2519 τις
1345 2457 1419 2519 ὡς
1465 2452 1758 2531 κερδανῶν,
1790 2454 1878 2509 καὶ
1912 2451 2036 2508 οὐδέ

389 2550 577 2605 ἑαυτὸν
622 2551 740 2624 εἶχε
790 2549 923 2620 μετὰ
950 2548 1012 2601 τὸ
1058 2544 1266 2622 κέρδοςο
1300 2545 1615 2619 προσεκύνει
1674 2542 1845 2615 δεξιᾶν
1878 2544 2035 2618 βασι-

388 2638 554 2711 λέως,
612 2638 701 2693 καὶ
757 2638 849 2692 τὸν
896 2636 1191 2713 αὐτόχειρα
1238 2638 1553 2710 προσκυνῶν
1600 2633 1699 2688 οὐκ
1747 2632 2033 2703 ἠπίστατο.

382 2733 507 2791 Τοῖς
557 2725 615 2783 δὲ
652 2726 743 2782 καὶ
801 2727 1157 2801 γινώσκουσιν
1204 2722 1360 2779 οὐδὲν
1412 2727 1475 2792 ἦν
1525 2722 1716 2793 πλέον,
1777 2720 1911 2794 ἅπαξ
1959 2725 2037 2793 τῷ

384 2822 533 2891 κακῷ
578 2815 1178 2892 προκατειλημμένοις,
1226 2814 1316 2869 καὶ
1364 2813 1533 2886 νόμον
1563 2810 1759 2867 ἄλυτον
1789 2813 2036 2887 ἡγουμέ-

384 2928 498 2969 νοις
548 2907 645 2973 τὴν
696 2905 922 2980 πρώτην
973 2902 1178 2959 ἄνοιαν.
1231 2907 1392 2957 Ποῖαι
1437 2906 1605 2957 ταῦτα
1651 2903 1761 2974 (29)
1823 2906 2039 2977 Περσῶν

394 2993 670 3069 μυριάδες,
728 2995 869 3055 τίνες
918 2992 1153 3063 τοξόται,
1210 2991 1353 3053 τίνες
1385 2988 1737 3069 σφενδονῆται
1770 2992 1883 3060 (30)
1911 3010 2037 3044 κατ-

392 3083 679 3157 ώρθωσαν,
720 3086 876 3143 ποῖος
928 3078 1185 3157 σιδηροῦς
1238 3080 1575 3155 στρατιώτης
1622 3081 1731 3152 (31)
1771 3076 1861 3133 καὶ
1900 3100 2039 3133 παν-

389 3170 619 3246 ταχόθεν
654 3167 910 3245 ἄτρωτος,
942 3169 1062 3225 τίνα
1089 3169 1224 3224 κατὰ
1246 3173 1353 3224 τῶν
1384 3173 1584 3244 τειχῶν
1637 3170 1859 3243 μηχανή
1875 3188 2035 3241 ματα,

391 3261 480 3314 οἱα
513 3258 635 3334 χεὶρ
688 3260 802 3332 μία,
852 3259 942 3314 καὶ
984 3258 1174 3335 καιρὸς
1226 3258 1322 3327 εἷς,
1371 3257 1460 3313 καὶ
1497 3254 1671 3334 βουλή
1712 3257 1879 3333 μιαρὰ
1907 3278 2034 3313 κατ-

386 3348 658 3425 απράξατο
683 3367 696 3419 ;

2210 1384 2498 1441 LXXXIII.
2561 1386 2999 1459 Proponebatur
3059 1409 3289 1463 aurum,
3344 1400 3783 1469 proponebatur

2137 1473 2300 1541 thus,
2334 1474 2391 1528 in
2426 1476 2751 1548 pr0pinquo
2780 1484 2905 1535 erat
2936 1479 3067 1552 igis,
3114 1482 3433 1541 hortatores
3479 1489 3551 1543 ad
3608 1488 3787 1546 latus.

2138 1567 2313 1618 Porro
2347 1580 2521 1635 quam
2557 1564 2884 1636 plausibilis
2908 1571 3149 1640 species,
3175 1578 3239 1627 ut
3270 1574 3792 1646 imperatorimlar-

2137 1652 2377 1724 gitionis
2410 1653 2503 1709 hic
2535 1672 2662 1711 mos
2693 1672 2820 1713 esse
2851 1658 3163 1727 videretur,
3197 1664 3543 1735 antiquioris
3586 1669 3788 1741 utique

2139 1746 2196 1797 et
2242 1744 2684 1814 praestantioris.
2745 1747 2893 1810 Quid
2954 1749 3215 1807 deinde?
3272 1754 3434 1811 Thus
3480 1756 3792 1815 incendere

2141 1833 2462 1904 oportebat,
2483 1837 2657 1905 atque
2680 1836 2762 1891 ita
2784 1836 2941 1892 exitii
2975 1842 3299 1898 mercedem
3340 1846 3411 1899 ab
3436 1847 3787 1919 imperatore

2141 1921 2424 1993 accipere,
2474 1922 2766 1979 tantillam
2816 1929 2989 1982 tanta
3039 1929 3142 1994 rei,
3193 1931 3300 1987 hoc
3349 1938 3458 2001 est,
3520 1937 3784 2006 ipsarum

2142 2009 2473 2067 animarum
2516 2012 2950 2086 impietatisque
2981 2018 3260 2076 adversus
3293 2022 3496 2078 Deum.
3532 2024 3577 2080 Ο
3611 2025 3791 2081 mise-

2142 2116 2273 2154 rum
2306 2102 2629 2170 quaestum!
2678 2119 2709 2157 ο
2743 2103 3018 2160 miseram
3072 2111 3434 2165 mercedem!
3489 2112 3791 2169 Exercitus

2141 2190 2301 2242 totus
2334 2188 2507 2244 unica
2536 2190 2747 2245 techna
2790 2198 2847 2246 et
2879 2193 3080 2250 fraude
3111 2196 3330 2252 venalis
3364 2202 3702 2269 prostabat;
3734 2205 3794 2257 et

2142 2276 2240 2347 qui
2271 2277 2611 2333 universum
2649 2280 2849 2335 orbem
2881 2285 3167 2339 terrerum
3198 2288 3379 2342 armis
3414 2289 3791 2361 subegerant,

2143 2382 2319 2436 parvo
2352 2365 2485 2438 igne
2516 2372 2690 2439 atque
2730 2386 2892 2437 auro,
2943 2387 3007 2425 ac
3052 2387 3155 2443 per
3199 2375 3471 2446 exiguum
3522 2378 3790 2435 suftitum

2145 2455 2513 2524 corruebant,
2545 2473 2759 2529 magna
2788 2475 2856 2514 ex
2887 2464 3049 2531 parte
3096 2478 3168 2518 ne
3197 2480 3364 2519 suam
3417 2467 3654 2537 quidem
3687 2485 3793 2523 ne-

2145 2545 2453 2615 cem,quod
2476 2546 2741 2602 omnium
2771 2548 3185 2619 gravissimum
3218 2558 3359 2619 erat,
3383 2561 3791 2627 agnoscentes.

2146 2635 2350 2689 Aderat
2385 2634 2702 2706 quispiam,
2736 2642 2799 2692 ut
2831 2638 3057 2694 lucrum
3109 2641 3391 2717 facturus,
3443 2661 3508 2699 ac
3536 2649 3670 2717 post
3698 2644 3794 2701 lu-

2146 2739 2312 2777 crum
2346 2739 2415 2778 ne
2447 2724 2708 2796 seipsum
2736 2728 2971 2797 quidem
3008 2712 3257 2785 habebat
3281 2748 3293 2786 :
3318 2712 3581 2789 dextram
3609 2735 3793 2808 impe-

2149 2811 2357 2867 ratoris
2389 2812 2692 2880 adorabat,
2724 2831 2828 2870 nec
2860 2832 2921 2871 se
2952 2818 3283 2875 carnificem
3340 2838 3513 2876 suum
3547 2823 3789 2880 adorare

2148 2910 2332 2955 norat.
2385 2902 2545 2966 Quod
2604 2903 2652 2957 si
2707 2904 2807 2974 qui
2866 2906 3041 2961 etiam
3100 2907 3155 2962 id
3204 2916 3607 2982 agnoscerent,
3644 2912 3791 2968 nihil

2147 2995 2341 3044 tamen
2372 2994 2675 3061 propterea
2696 2991 2829 3046 hinc
2855 2994 2998 3064 ipsis
3021 2997 3330 3052 accedebat
3355 3015 3366 3053 :
3394 3000 3610 3071 quippe
3635 3000 3791 3057 malo

2148 3077 2327 3133 semel
2357 3080 2676 3150 occupatis,
2713 3096 2777 3136 ac
2808 3081 3057 3152 primam
3092 3085 3472 3142 stoliditatem
3506 3106 3608 3159 pro
3639 3090 3793 3160 ejus-

2068 3187 2109 3253 C
2150 3167 2299 3223 modi
2335 3167 2480 3239 lege,
2513 3185 2690 3239 quam
2722 3169 2960 3242 infringi
3011 3173 3171 3230 nefas
3212 3181 3386 3241 esset,
3420 3178 3792 3236 ducentibus.

2149 3257 2281 3320 Qurr
2314 3261 2624 3313 Persarum
2660 3259 2972 3330 myriades,
3006 3263 3105 3334 qui
3140 3265 3449 3336 sagittarii,
3476 3268 3575 3337 qui
3609 3268 3798 3324 fundi-

2150 3345 2380 3415 bularii,
2410 3346 2541 3418 quis
2572 3347 2981 3419 cataphractus
3010 3351 3177 3408 miles
3198 3357 3373 3425 atque
3406 3356 3797 3429 undequaque

392 3458 426 3497 a
452 3439 803 3496 vulneribus
832 3442 1019 3507 tutus,
1060 3454 1192 3510 quae
1231 3442 1525 3495 tormenta
1563 3438 1867 3495 diruendis
1926 3437 2111 3494 muris
2142 3437 2402 3505 admota,
2434 3451 2503 3492 ea
2529 3436 2756 3493 efﬁcere
2785 3440 3134 3511 potuissent,
3168 3458 3293 3514 qua
3330 3460 3538 3501 manus
3571 3463 3708 3515 una,
3740 3451 3801 3503 et

390 3535 628 3601 tempus
659 3544 867 3595 unum,
898 3533 954 3583 et
984 3528 1270 3583 nefarium
1303 3527 1614 3583 consilium
1647 3528 1935 3599 perfecit?

462 3621 581 3673 IIA’.
618 3614 775 3685 Μίξω
804 3612 1018 3677 τούτοις
1055 3636 1109 3669 τι
1137 3616 1252 3689 (32)
1293 3612 1541 3692 διήγημα
1585 3619 1693 3670 τῶν
1744 3614 2043 3691 εἰρημένων

391 3704 777 3780 ἐλεεινότερον.
847 3702 1108 3779 Λέγονταί
1172 3725 1259 3758 τοι
1312 3709 1420 3759 τῶν
1479 3703 1721 3760 ἁλόντων
1777 3705 1920 3767 τινὲς
1990 3705 2041 3776 ἐξ

391 3791 824 3870 ἀγνοίας,ἑπειδή
856 3797 1015 3847 τοῦτο
1048 3791 1239 3847 ἔπαθον
1264 3795 1353 3848 καὶ
1374 3793 1715 3869 ἀνεχώρησεν
1749 3796 1861 3867 (33)
1892 3790 2041 3848 οἷ’κα-

392 3881 470 3952 δε,
501 3888 617 3945 τοῖς
649 3881 916 3944 συσσίτοις
945 3887 1221 3937 κοινωνεῖν
1248 3883 1544 3958 τραπέζης·
1598 3884 1713 3937 εἶτα
1740 3887 1839 3937 τοῦ
1870 3882 2041 3937 πότου

390 3970 756 4050 προελθόντος
790 3973 903 4045 (34)
935 3969 1009 4033 εἷς
1036 3972 1137 4041 τὴν
1170 3973 1371 4042 συνήθη
1406 3971 1782 4047 ψυχροποσίαν
1808 3975 1940 4045 (35),
1965 3971 2041 4033 ὡς

468 4101 577 4169 (23)
633 4097 1013 4172 Προύκάθητο.
1076 4103 1195 4153 Duo
1251 4100 1387 4171 Reg.
1447 4098 1557 4154 Or.
1621 4100 1682 4170 1,
1740 4096 2037 4173 προὺκαθέο

398 4177 576 4313 tegi)
611 4236 968 4312 Μελάμπους,
1003 4246 1111 4313 etc.
1147 4263 1175 4291 «
1212 4239 1589 4313 Melampum.
1641 4262 1669 4291 ››
1713 4241 2040 4312 Melampus

396 4320 453 4370 et
478 4312 719 4368 Proteus
746 4313 912 4382 juxta
957 4312 1159 4385 Etiam,
1208 4312 1662 4385 praestigiatores
1710 4318 1869 4368 vates
1920 4317 2040 4368 fue-

398 4390 556 4453 runt,
582 4387 639 4439 in
672 4385 940 4456 quamvis
970 4384 1214 4456 formam
1250 4384 1506 4441 t'acile’se
1535 4385 1939 4439 immutantes.

490 4458 579 4527 25)
609 4453 810 4511 ”Οσων,
846 4457 979 4525 Reg.
1014 4456 1134 4520 bm,
1168 4453 1315 4509 ὅσον.

490 4458 579 4527 25)
609 4458 810 4511 ”Οσων,
846 4458 979 4525 Reg.
1014 4458 1134 4520 bm,
1168 4458 1315 4509 ὅσον.

468 4458 581 4599 (26)
616 4530 822 4580 Δοκεῖν.
872 4527 1043 4581 Deest
1086 4528 1143 4581 in
1178 4527 1406 4582 duobus
1436 4525 1576 4597 Reg.
1615 4526 1844 4582 duobus
1874 4524 2038 4584 Colb.

399 4604 458 4654 et
480 4598 543 4653 in
575 4599 752 4669 Or._t.
787 4598 1061 4653 Heinsius
1091 4600 1542 4669 expungendum
1573 4602 1789 4654 censet.

494 4670 581 4739 27)
613 4666 802 4739 Ὃλος.
828 4670 977 4725 Male
1009 4670 1068 4724 in
1099 4666 1270 4725 editis
1293 4666 1471 4728 ὀλως.

494 4670 581 4739 27)
613 4670 802 4730 Ὅλος.
828 4670 977 4725 Male
1009 4670 1068 4724 in
1099 4670 1270 4725 editis
1303 4670 1471 4728 ὅλως.

469 4670 870 4831 (28)’Κνίσσης.
905 4740 1171 4814 Plerique
1211 4743 1378 4798 codd.
1413 4739 1620 4796 saltem
1654 4738 1912 4797 melioris
1944 4756 2045 4796 no-

400 4818 492 4879 tae,
522 4818 735 4881 κνίσης.

613 4886 809 4965 ’[αῦτξ.
847 4883 1315 4965 Ιξθίῐιε.Ατοιαῦτα.
1395 4961 1404 4965 Α
1536 4955 1546 4965 _
1572 4955 1586 4965 _
1763 4960 1772 4965 _
1800 4952 1834 4965 η

472 4951 584 5025 (30)
612 4951 1003 5031 Σφενδονῆτοιι.
1054 4956 1143 5031 Sic
1194 4961 1414 5012 acuunt
1450 4955 1712 5027 quidam.
1747 4952 1860 5008 Alii
1890 4972 2049 5029 σφεν-

404 5022 640 5107 δονηταί.
673 5022 779 5107 Alii
815 5022 1190 5107 σφενδονῆται.
1374 5099 1406 5107 Α
1467 5022 1483 5027 “
1552 5096 1564 5107 ⁸
1886 5098 1895 5107 Ι

477 5099 593 5174 (81)
627 5094 899 5174 Σιδηροῧς
929 5094 1337 5174 στρατιώτης-μ
1368 5096 1790 5169 Cataphractus
1820 5097 2039 5153 miles.-

404 5171 608 5226 Billius
642 5188 655 5225 :
692 5170 913 5226 ferreus
945 5170 1252 5233 exercitus.
1290 5170 1318 5219 ἱ)

471 5242 583 5311 (3‘3)
614 5240 762 5309 Μίξω
793 5238 1126 5311 τούτοις-τι,
1148 5241 1255 5295 Alii
1296 5238 1433 5311 μίξω
1462 5258 1513 5293 τι
1544 5236 1777 5298 τούτοις.

472 5309 584 5385 (33)
618 5314 885 5386 γξΈπαθον
944 5309 1033 5365 καί
1109 5309 1488 5386 ἀνεχώρησαν.
1572 5312 1835 5386 Ουθῖῐιιρῐδ
1908 5310 2042 5386 Reg.

400 5380 495 5439 Or.
530 5380 580 5439 1ξ
615 5385 718 5439 Ed.
753 5384 882 5440 Ald.
916 5390 972 5439 et
1003 5389 1169 5439 Herv.
1202 5380 1358 5451 etc-qr
1381 5384 1569 5437 παθεῖν
1620 5380 1709 5435 καὶ
1759 5380 2047 5455 ἀναχωρή-

402 5475 1013 5606 σαῖ3ᾎῖῌροελοόνξς>ᾳ
1046 5530 1211 5606 Reg.“
1232 5526 1331 5606 hu,
1379 5525 1419 5590 l,
1469 5526 1565 5606 _Or.
1622 5526 1670 5579 1.
1714 5524 1842 5606 ald.
1879 5524 2042 5606 Rerv.

400 5595 788 5672 παρελθόντος.
840 5598 951 5652 Alii
996 5595 1154 5653 γειο-
1175 5597 1335 5658 Regii
1382 5598 1661 5668 quinque,
1712 5597 1827 5651 duo
1859 5595 2042 5677 .Colb.

404 5669 585 5725 Mont.
620 5673 783 5725 Pass.
816 5668 1013 5724 Comb.
1046 5664 1446 5739 περιελθόντος,
1497 5685 1626 5739 quae
1666 5685 1774 5723 vox
1818 5669 2049 5723 Videtur

404 5687 585 5725 Μοιη.
620 5687 783 5725 P858.
816 5687 1013 5724 υοωο.
1046 5687 1446 5742 περιεΛυοντος,
1497 5687 1626 5739 quae
1666 5687 1774 5723 VOX
1818 5687 2045 5723 νιαειυι·

403 5740 613 5818 aptior,
637 5758 703 5799 ac
733 5740 818 5801 sic
845 5740 1089 5798 vertitur
1118 5758 1150 5798 a
1174 5740 1372 5797 Comb.
1410 5756 1422 5795 :
1458 5762 1485 5789 ‹‹
1522 5740 1585 5796 In
1619 5740 1818 5798 orbem
1852 5755 2045 5795 recur-

2224 3614 2507 3671 LXXXIV.
2530 3614 2634 3670 Hic
2663 3617 3057 3674 narrationem
3089 3623 3406 3692 quamdam
3438 3622 3796 3696 admiscebo,

2154 3704 2553 3776 superioribus
2583 3704 2904 3762 tristiorem
2936 3711 2991 3763 et
3024 3708 3531 3768 miserabiliorem.
3560 3713 3796 3784 Ferunt,

2154 3810 2443 3866 quosnam
2501 3810 2699 3849 eorum
2752 3797 2850 3866 qui
2901 3813 3003 3867 per
3050 3798 3472 3870 ignorationem
3532 3804 3685 3873 capti
3733 3818 3801 3859 ac

2158 3881 2541 3939 circumventi
2598 3882 2844 3951 fuerant,
2905 3887 3053 3940 117
3121 3893 3434 3958 postquam
3501 3896 3803 3947 contracta

2152 3971 2261 4026 hac
2317 3968 2649 4027 calamitate
2697 3972 2939 4027 domum
2989 3989 3051 4029 se
3080 3977 3456 4048 recepissent,
3491 3994 3607 4034 una
3662 3996 3797 4037 cum

2149 4099 2311 4179 rente
2343 4094 2553 4179 frigida
2585 4093 2693 4150 hac
2725 4098 3176 4171 compotatione,
3221 4122 3247 4153 ιι
3306 4103 3542 4159 militari
3593 4106 3800 4179 utique

2149 4169 2477 4223 sobrietate.
3164 4169 3170 4171 ’
3702 4169 3719 4179 ⁸

2434 4235 2893 4319 Ψυχροποισίαν...
2947 4240 3285 4319 ψυχροιρόρῳ
3320 4242 3539 4319 ,κῦλικα
3594 4247 3798 4305 Billius

2152 4326 2263 4364 non
2297 4308 2927 4373 videturintellexisse,
2962 4308 3075 4368 uec
3120 4308 3270 4371 recte
3319 4317 3424 4373 bas
3475 4320 3802 4376 reddidisse

2151 4398 2338 4472 voces,
2372 4381 2733 4472 duinnvertit,
2800 4384 3095 4472 apfrig'iaias
3139 4390 3519 4457 potationem,
3554 4397 3609 4446 et
3636 4409 3800 4472 aquae

2075 4490 2119 4555 Β
2154 4453 2488 4555 ροουιὶιὲςηι..››
2512 4452 2676 4555 Celfte
2696 4452 3037 4537 Basilius‘de
3062 4480 3089 4555 (ξ
3116 4452 3403 4526 meraco,»
3428 4452 3580 4555 septa
3608 4452 3801 4532 vitio,»

2196 4523 2542 4600 u0d__Billiu3
2576 4524 2646 4580 de
2677 4542 2702 4574 ι.
2735 4542 2901 4600 aqua,
2940 4550 2965 4575 ››
3014 4523 3445 4600 interpretatur.
3497 4535 3628 4590 Haec
3659 4523 3799 4590 sunt:

2154 4595 2346 4678 Basilii
2396 4596 2606 4678 verba:
2644 4596 2816 4678 ’ΜετΞυ
2843 4598 2939 4678 τὴν
3003 4595 3220 4678 πολλ’ξν
3286 4604 3616 4678 κεκραμένην
3659 4606 3802 4659 οἶνο-

2149 4663 2341 4752 πρσίαν
2526 4667 2745 4752 συνήθει
2800 4663 3096 4752 ἐκέχρηντο
3142 4663 3528 4752 ,ἆκξατοποσίᾳ
3579 4663 3799 4752 ψυχροῦ

2157 4736 2325 4818 0:310?-
2380 4735 2494 4818 εἶτα
2535 4735 2608 4797 εἷς
2656 4735 3074 4818 ὀνόματοῖῗτι-νες
3131 4735 3527 4818 ἀναϐλέψαντες
3572 4735 3801 4818 Χρδτὸν

2156 4809 2418 4889 εὐφήμως
2472 4806 2707 4889 ἅῗιεῖπον·
2759 4808 2942 4889 ἔπειτά
3007 4834 3086 4873 τις
3156 4820 3262 4868 τῶν
3322 4806 3796 4889 συμποταζόντων·

2157 4878 2310 4934 Misit
2347 4881 2445 4958 τῂν
2490 4880 2735 4958 ἄρνησιν,
2788 4878 2911 4958 ἔφη,
2958 4887 3198 4958 ’Χρισνὸν
3262 4878 3636 4958 ἐπικαλεῖσθέ;
3688 4897 3799 4947 etc.

2158 4976 2184 5002 ‹‹
2221 4958 2359 5008 Post
2390 4953 2623 5023 longam
2662 4953 2976 5031 misti'vini
3001 4953 3389 5031 et‘temperati
3421 4953 3803 5031 compotatio-

2155 5040 2632 5100 nem,_mer_acum
2666 5026 2747 5100 de
2770 5042 2929 5080 more
2952 5026 3349 5100 frigidamque
3381 5026 3803 5090 adhibuerunt.

2156 5097 2371 5171 Deinde
2396 5097 2467 5150 ad
2503 5096 2896 5171 invocationes
2924 5096 3205 5171 gonvei‘si,
3230 5096 3470 5171 quidam
3504 5105 3806 5161 Christum

2156 5167 2567 5249 piecasperupt
2588 5167 2901 5249 appellare.
2926 5169 3071 5223 Tum
3098 5167 3510 5249 combibonum
3544 5178 3757 5249 aliquis
3790 5194 3803 5233 :

2155 5239 2555 5313 Quid,inquit,
2588 5244 2892 5309 postquam
2927 5243 3184 5309 negastis
3208 5239 3806 5313 Christum,eumdem

2158 5310 2436 5385 invocatis
2457 5311 2483 5362 ?
2504 5332 2534 5385 _»
2561 5313 2983 5385 eitc_.__Quantum
3006 5314 3183 5369 distet
3205 5332 3237 5369 a
3260 5310 3550 5373 sententia
3581 5319 3804 5385 Basilii,

2155 5380 2554 5458 interpretatio
2580 5382 2929 5458 Bill_ii,nemo
2964 5401 3075 5439 non
3110 5386 3400 5458 intelligit.
3428 5391 3644 5444 Revera
3671 5380 3806 5445 voce

2156 5452 2385 5526 ἄκρατον
2400 5454 2553 5529 apud
2575 5453 2851 5529 antiquos
2868 5472 3080 5529 aquam
3101 5452 3415 5529 significari
3442 5461 3730 5529 novimus;
3748 5465 3809 5516 at

2156 5522 2458 5602 nunquam
2492 5526 2603 5579 nisi
2635 5522 2833 5602 addito
2865 5522 3033 5599 ὕδωρ,
3070 5534 3129 5583 ut
3153 5522 3365 5602 anceps
3400 5531 3637 5587 tollatur
3671 5522 3804 5589 sen-

2159 5614 2281 5669 sus.
2316 5597 2423 5669 Qui
2446 5614 2630 5669 (nosse
2660 5597 2821 5669 cupit
2850 5597 2987 5669 qua:
3008 5605 3267 5656 veterum
3300 5597 3385 5658 “sit
3422 5605 3709 5661 sententia
3739 5605 3811 5661 de

2156 5666 2360 5723 calidis
2387 5666 2754 5795 friglidisque
2781 5666 3137 5741 potionibus,
3170 5672 3324 5742 legat
3363 5676 3478 5731 Jul.
3502 5676 3672 5747 Poll.,
3705 5677 3808 5734 lib.

2158 5755 2214 5794 Ix
2242 5756 2254 5795 :
2294 5739 2464 5795 Plin..
2513 5740 2590 5795 ib.
2614 5757 2766 5795 xxxi.
2793 5757 2841 5795 c.
2865 5741 2898 5795 3
2926 5760 2938 5795 :
2968 5744 3200 5795 Athen..
3226 5748 3573 5795 Dimmmnh--
3613 5748 3808 5795 lih_m.

2158 5755 2254 5811 1x;
2294 5739 2464 5813 Pliu.,
2488 5739 2590 5797 lib.
2614 5739 2841 5813 xquc.
2865 5741 2898 5799 3
2926 5760 2938 5814 ;
2968 5739 3576 5825 Athen.,Dipnosoph.,
3611 5739 3812 5819 ΙὶῙΜιι,
