4148 6290
326 346 441 405 613

1323 338 1616 403 ORATIO
1661 337 1765 400 IV.
1810 371 1884 382 —
1926 338 2238 398 CONTRA
2282 338 2679 400 JULIANUM
2724 336 2779 405 Ι.

3615 339 3737 404 614

326 476 456 533 illos
488 475 811 531 interﬁcere
842 474 1121 542 noluisse,
1150 491 1221 530 ne
1252 477 1535 545 martyres
1587 471 1975 537 efﬁcerentur,
2009 470 2130 541 qui,
2161 474 2448 541 quantum
2501 470 2557 524 in
2599 470 2743 543 ipsis
2788 474 2933 539 erat,
2985 476 3269 544 martyres
3312 480 3497 542 erant,
3530 474 3738 530 exsilio

328 572 519 621 tamen
554 564 871 620 mulctasse
903 581 966 619 ac
998 581 1169 636 pmna
1197 580 1265 618 ea
1316 562 1631 617 vindictam
1664 560 2011 632 sumpsisse,
2046 560 2411 630 maximoque
2460 576 2557 615 eos
2589 559 2870 615 beneﬁcio
2922 560 3206 630 ati'ecisse,
3240 580 3387 634 quos
3418 581 3452 618 a
3495 564 3745 635 piaculis

328 656 446 712 suis
475 654 845 725 versutisque
874 653 1139 709 consiliis
1176 652 1376 725 procul
1408 649 1771 706 removisset.

396 743 517 798 HE'.
552 740 759 816 Καίπερ
792 738 858 809 δὴ
905 743 1018 814 (45)
1067 739 1239 801 οὕτως
1286 736 1432 814 ἔχων
1468 740 1669 813 ὁρμῆς,
1717 735 1806 791 καὶ
1837 735 1970 808 πρὸς

2158 737 2405 793 LXXXV.
2441 738 2551 793 Sed
2603 754 2939 810 quanquam
2975 756 3045 795 ea
3073 744 3267 796 mente
3308 746 3480 810 esset,
3514 742 3745 816 hacque

327 829 508 887 πολλὰ
535 834 604 905 τῇ
644 830 905 901 κακονοίᾳ
952 830 1316 905 χρησάμενος·
1366 827 1538 901 ὅμως,
1589 826 1651 881 ού
1710 827 1813 901 γὰρ
1864 827 1979 901 εἶχε

327 922 480 991 πῆξιν
530 924 629 974 τοῦ
685 917 878 995 ἀνδρὸς
926 921 961 988 ἡ
995 917 1226 987 διάνοια,
1280 914 1404 971 οὐδὲ
1439 920 1546 971 τῶν
1582 915 1794 971 οἰκείων
1826 913 1980 989 λογι-

328 1013 473 1085 σμῶν
512 1007 725 1082 μᾶλλον
776 1011 840 1077 ἦν
885 1009 919 1077 ἣ
972 1010 1069 1076 τῆς
1121 1012 1291 1084 φορᾶς
1334 1009 1429 1060 τοῦ
1486 1001 1770 1077 δαίμονος,
1804 1002 1865 1057 οὐ
1898 1000 1977 1057 διο

334 1099 584 1177 εφύλαξεν
620 1098 693 1159 εἷς
721 1095 882 1159 τέλος
910 1098 1009 1165 τὴν
1043 1096 1292 1171 γνώμην,
1327 1092 1452 1149 οὐδὲ
1477 1094 1540 1149 τὸ
1583 1100 1682 1163 τῆς
1713 1091 1979 1167 πονηρίας

336 1186 639 1264 ἀπόρρητον
692 1183 1004 1240 διεσώσατο·
1064 1183 1190 1240 ἀλλ’
1250 1182 1427 1258 ὥσπερ
1466 1183 1527 1237 τὸ
1581 1181 1834 1238 Αἰτναῖον
1875 1185 1980 1253 πῦρ

337 1275 497 1353 λόγος
544 1280 657 1337 τοῖς
701 1274 934 1349 πυθμέσι
995 1281 1094 1344 τῆς
1157 1270 1353 1342 Δῖίτνης
1402 1274 1514 1345 (49)
1573 1270 1979 1347 ἐγκρύπτεσθαι,

334 1367 565 1420 κάτωθεν
613 1363 986 1441 πλημμυροῦν
1039 1363 1129 1418 καὶ
1188 1362 1278 1437 βίᾳ
1330 1360 1720 1438 κρατούμενον,
1780 1357 1884 1413 εἶ’τε
1930 1381 1982 1413 τι

336 1453 473 1509 ἄλλο
511 1454 670 1509 τοῦτό
703 1452 867 1522 ἐστιν,
922 1451 1028 1507 εἷ’τε
1078 1454 1257 1525 ἆσθμα
1302 1448 1681 1521 κολαζομένου
1707 1448 1979 1524 γίγαντος,

332 1543 464 1606 τέως
527 1543 618 1616 μὲν
671 1537 902 1621 φοϐερόν
951 1540 1206 1616 ύπηχεῖν,
1258 1539 1347 1593 καὶ
1401 1539 1602 1593 καπνὸν
1650 1542 1746 1592 τοῦ
1815 1540 1983 1591 κακοῦ

339 1635 562 1706 μήνυμα
590 1640 691 1701 τῆς
722 1634 963 1710 κορυφῆς
994 1628 1377 1705 ἀπερεύγεσθαῖ
1402 1646 1413 1657 ·
1463 1627 1508 1682 εἷ
1558 1625 1613 1682 δέ
1660 1648 1767 1681 που
1815 1626 1983 1681 πλεο-

339 1723 496 1777 νάσαν
544 1721 711 1797 τύχοι
761 1720 851 1775 καὶ
924 1717 1274 1782 δυσκάθεκτον
1318 1717 1549 1793 γένοιτο,
1606 1720 1712 1770 τῶν
1769 1714 1981 1770 οἰκείων

341 1810 559 1867 κόλπων
601 1805 961 1886 ἀποϐρασθὲν,
1031 1805 1137 1863 ἄνω
1186 1806 1483 1884 φερόμενον
1528 1806 1618 1859 καὶ
1671 1804 1801 1879 ὑπὲρ
1857 1803 1985 1866 τοὺς

341 1906 608 1976 κρατῆρας
640 1898 928 1974 χεόμενον,
961 1894 1101 1952 ἔστιν
1142 1897 1174 1950 ἄ
1223 1893 1311 1950 xui
1358 1901 1457 1964 τῆς
1496 1892 1855 1966 ὑποκειμένης
1883 1899 1987 1967 γῆς

341 1987 567 2066 φθείρειν
616 1986 827 2058 ἀπίστῳ
1030 1985 1120 2040 καὶ
1159 1978 1380 2061 φοῦερῷ
1432 1982 1678 2059 ῥεύματι·
1715 1981 1857 2035 οὕτω
1887 1981 1988 2035 κά-

341 2082 509 2132 κεῖνον
542 2074 683 2131 ἔστιν
734 2075 929 2149 εὑρεῖν,
981 2072 1110 2149 ἄχρι
1165 2074 1258 2146 μέν
1301 2092 1448 2133 τινος
1494 2072 1684 2125 ἑαυτοῦ
1714 2071 1827 2143 (51)
1856 2090 1985 2145 κρα-

338 2169 531 2219 τοῦντα
560 2163 648 2219 καὶ
680 2167 775 2217 τοῦ
807 2166 1120 2240 σοφιστικοῦ
1152 2157 1445 2237 δόγματος,
1476 2160 1652 2233 ἀπάτῃ
1706 2180 1763 2212 τε
1812 2155 1985 2212 διατι-

339 2253 493 2308 θέντα
519 2254 632 2327 (52)
679 2256 859 2313 κακῶς
907 2252 971 2305 τὰ
1018 2250 1275 2325 ἡμέτερα·
1333 2248 1380 2303 εἷ’
1427 2245 1484 2302 δέ
1536 2269 1639 2302 που
1669 2248 1730 2302 τὸ
1760 2246 1985 2321 ἀκρατὲς

336 2349 432 2411 τῆς
478 2341 649 2417 ὀργῆς
702 2334 1076 2417 ὑπερϐλύσειε,
1126 2335 1261 2411 μηδὲ
1307 2336 1560 2413 κρύπτειν
1621 2333 1873 2390 δύνασται
1922 2336 1982 2389 τὸ

338 2431 621 2500 κακόηθες,
654 2428 800 2485 ἀλλά
829 2433 1019 2505 γυμνῷ
1068 2428 1304 2503 χρῆσθαι
1334 2431 1413 2498 τῷ
1454 2424 1680 2501 διωγμῷ
1710 2425 1845 2479 κατὰ
1890 2429 1987 2480 τοῦ

336 2520 477 2575 θείου
506 2519 593 2574 καὶ
626 2512 875 2580 εὐσεϐοῦς
907 2520 1066 2590 ἡμῶν
1104 2515 1494 2590 συντάγματος.

2088 828 2269 881 animi
2303 826 2666 898 malignitate
2712 844 2778 883 ac
2827 829 3056 884 vafritie
3106 832 3176 885 ad
3229 831 3415 887 multa
3467 836 3742 900 uteretur,

2090 920 2386 984 tamen,ut
2417 916 2519 987 qui
2552 915 2775 972 nullam
2809 918 2991 973 animi
3026 919 3365 976 ﬁrmitatem
3388 926 3446 977 et
3477 928 3747 978 constan-

2088 1004 2233 1059 tiam
2257 1005 2604 1072 habere,nec
2635 1010 2755 1061 tam
2790 1006 3171 1078 cogitationes
3203 1025 3268 1064 ac
3301 1010 3555 1068 rationes
3584 1027 3745 1080 suas,

2091 1109 2271 1165 quam
2294 1093 2575 1149 daamonis
2598 1094 2885 1166 impetum
2914 1105 3654 1171 sequeretur,nequaquam
3675 1102 3747 1157 ad

2090 1186 2416 1238 extremum
2451 1200 2638 1255 usque
2667 1183 2726 1239 in
2758 1186 3103 1241 sententiam
3148 1190 3383 1259 mansit,
3418 1206 3519 1245 nec
3553 1190 3749 1263 pravi-

2090 1272 2228 1326 tatis
2259 1288 2537 1327 arcanum
2573 1274 3596 1347 retinuit,Verum,quemadmodum
3623 1280 3748 1335 IEt-

2092 1377 2284 1416 naeum
2315 1360 2511 1432 ignem
2544 1371 2786 1417 narrant
2815 1364 2997 1419 XEtnre
3030 1365 3326 1421 radicibus
3350 1368 3653 1437 abscondi,
3676 1369 3748 1425 ab

2093 1450 2212 1504 ima
2241 1455 2404 1521 parte
2435 1452 2848 1519 exundantem,
2882 1469 2947 1507 ac
2980 1452 3030 1506 vi
3063 1461 3355 1510 retentum
3386 1462 3560 1528 atque
3592 1474 3747 1514 com-

2093 1554 2385 1610 pressum,
2406 1537 2525 1594 sive
2554 1539 2661 1594 hoc
2693 1539 2853 1595 aliud
2885 1542 3186 1613 quidpiam
3218 1549 3327 1609 est,
3346 1545 3464 1601 sive
3493 1546 3750 1619 gigantis

2096 1644 2293 1699 pcenas
2324 1627 2519 1683 dantis
2575 1628 2892 1695 anhelitus,
2928 1631 3089 1701 prius
3122 1634 3361 1703 quidem
3391 1633 3750 1691 horrendum

2096 1718 2409 1787 quemdam
2443 1734 2657 1773 sonum
2686 1719 3591 1796 edere,fumumque,propinqui
3612 1723 3751 1780 mali

2097 1805 2599 1872 indicem,vertice
2621 1822 2729 1861 suo
2759 1823 3021 1863 evomere
3045 1827 3057 1863 :
3085 1810 3240 1880 quod
3264 1811 3312 1866 si
3336 1812 3482 1867 forte
3504 1813 3754 1886 amplior

2096 1898 2153 1948 et
2181 1893 2589 1950 exuberantior
2631 1895 2827 1965 fuerit,
2862 1897 3255 1969 rapidiorque,
3286 1917 3462 1971 quam
3501 1907 3562 1957 ut
3592 1919 3752 1959 coer-

2098 1982 2213 2037 ceri
2244 1988 2438 2053 queat,
2473 1988 2599 2038 tum
2651 2001 2782 2041 vero
2813 1986 3042 2042 sinibus
3092 1986 3216 2043 suis
3245 1994 3387 2044 aestu
3419 1991 3752 2048 vehementi

2098 2077 2781 2145 extrusum,sursumque
2814 2076 3244 2145 tendentem,ac
3267 2095 3446 2149 supra
3463 2080 3752 2137 foramina

2098 2177 2205 2215 sua
2227 2177 2351 2216 sese
2373 2162 2791 2229 effundentem,
2808 2163 3142 2234 adjacentes
3175 2183 3409 2237 quoque
3437 2169 3751 2226 nonnullas

2098 2254 2261 2304 terra;
2298 2256 2490 2320 partes
2542 2251 2868 2307 incredibili
2898 2251 2996 2308 illo
3031 2258 3085 2308 et
3116 2253 3379 2309 horribili
3426 2256 3583 2312 ﬂuxu
3614 2275 3751 2329 per-

2101 2344 2323 2393 vastare
2352 2355 2365 2393 :
2399 2341 2603 2395 eodem
2636 2357 2868 2413 quoque
2894 2343 3067 2398 modo
3116 2342 3283 2398 illum
3317 2346 3568 2417 reperire
3595 2346 3751 2415 licet,

2098 2427 2524 2499 aliquantisper
2545 2430 2783 2500 quidem
2801 2436 2858 2486 et
2874 2431 3551 2503 seipsum,sophisticum
3574 2451 3749 2491 suum

2097 2516 2395 2571 decretum
2436 2517 2494 2571 in
2545 2523 2832 2589 potestate
2878 2524 3196 2588 tenentem,
3228 2538 3292 2576 ac
3345 2540 3445 2593 per
3483 2524 3750 2579 fraudem

336 2630 428 2667 res
462 2615 693 2667 nostras
726 2609 1116 2664 incommodis
1148 2607 1496 2663 efﬁcientem
1531 2622 1544 2661 :
1578 2611 1871 2674 caeterum,
1905 2604 1954 2659 si
1987 2605 2221 2675 quando
2269 2605 2369 2660 irae
2399 2607 2742 2677 impotentia
2774 2608 3194 2665 redundautior
3239 2617 3412 2679 esset,
3445 2616 3573 2668 tum
3619 2629 3753 2669 vero

341 2719 410 2756 ne
440 2700 619 2756 animi
652 2699 888 2771 quidem
922 2696 1359 2770 perversitatem
1396 2711 1657 2767 premere
1688 2711 1753 2750 ac
1784 2692 2159 2749 dissimulare
2204 2710 2398 2765 posse,
2434 2712 2635 2751 verum
2665 2698 2948 2753 adversus
2998 2697 3160 2770 pium
3194 2699 3576 2770 divinumque
3615 2719 3758 2759 nos-

345 2798 495 2847 trum
526 2806 735 2862 agmen
768 2788 928 2844 nuda
958 2790 1015 2844 et
1044 2792 1244 2858 aperta
1277 2786 1676 2858 persecutione
1707 2783 1986 2857 grassari.

413 2880 523 2947 Πζ’.
584 2880 699 2934 Ἵνα
753 2877 854 2953 γὰρ
909 2875 1048 2929 ἐάσω
1103 2874 1168 2928 τὰ
1217 2874 1353 2929 κατά
1424 2877 1529 2927 τῶν
1592 2872 1752 2947 ἁγίων
1826 2869 1988 2925 οἷ’κων

343 2967 747 3040 προστάγματα,
826 2961 1068 3036 δημοσίᾳ
1142 2984 1202 3017 τε
1280 2962 1643 3038 προτιθέμενοι
1718 2959 1807 3014 καὶ
1880 2956 1992 3030 ἰδίᾳ

346 3052 725 3128 πληρούμενα,
755 3052 841 3107 καὶ
875 3050 1105 3122 σύλησιν
1139 3051 1502 3124 ἀναθημάτων
1528 3070 1587 3104 τε
1632 3047 1721 3103 καὶ
1770 3046 1990 3124 χρημά-

340 3165 476 3209 των,
536 3141 597 3195 ού
661 3140 867 3213 μᾶλλον
920 3140 969 3211 ἐξ
1020 3136 1261 3201 ἀσεϐείας
1307 3142 1421 3209 (53)
1460 3139 1493 3208 ἢ
1539 3135 1864 3208 ἀπληστίας,
1895 3136 1985 3191 καὶ

341 3235 544 3285 σκευῶν
576 3231 729 3304 ἱερῶν
764 3230 1032 3306 ἁρπαγὴν,
1076 3226 1230 3303 χερσί
1276 3222 1538 3302 βεϐήλοις
1589 3220 1984 3301 ὑϐριζομένων,

333 3320 459 3382 τούς
515 3340 573 3373 τε
622 3319 750 3393 ὑπὲρ
798 3317 1003 3372 τούτων
1049 3317 1347 3393 ἀγομένους
1403 3318 1511 3389 (54)
1560 3315 1649 3369 καὶ
1688 3309 1982 3391 στρεϐλου-

2174 2870 2456 2928 LXXXVI.
2493 2870 2565 2926 Ut
2593 2873 2750 2927 enim
2782 2874 2974 2929 edicta
3004 2890 3073 2930 ea
3104 2881 3466 2947 prmteream,
3496 2896 3623 2950 quae
3656 2880 3761 2935 ad-

2098 2976 2301 3015 versus
2354 2961 2504 3015 aedes
2552 2977 2769 3032 sacras,
2802 2966 2926 3017 tum
2984 2965 3213 3033 publice
3252 2967 3750 3036 proponebantur,

2099 3052 2224 3102 tum
2256 3048 2525 3119 privatim
2568 3048 2970 3119 explebantur,
3003 3058 3059 3105 et
3113 3052 3431 3109 votivorum
3464 3056 3753 3110 donorum

2096 3152 2162 3191 ac
2190 3136 2572 3206 pecuniarum
2606 3137 3041 3209 expilationem,
3074 3158 3188 3196 non
3221 3143 3409 3214 magis
3441 3144 3514 3199 ab
3547 3144 3754 3216 impie-

2096 3228 2210 3279 tate
2256 3243 2429 3296 quam
2481 3228 2551 3281 ab
2612 3227 2858 3283 avaritia
2915 3237 3271 3295 manantem,
3332 3236 3389 3287 et
3445 3249 3749 3289 sacrorum

2096 3314 2241 3369 I21
2296 3331 2589 3383 vasorum,
2620 3332 2747 3386 quae
2797 3318 3053 3387 profanis
3105 3319 3379 3376 manibus
3420 3321 3751 3393 petulanter

339 3408 549 3481 μένους,
609 3408 770 3483 ἱερεῖς
818 3428 876 3463 τε
922 3406 1010 3461 καὶ
1055 3406 1418 3481 ἀρχομένους,
1466 3404 1555 3459 καὶ
1584 3404 1712 3466 τοὺς
1742 3402 1977 3479 πλήρεις

2104 3408 2145 3457 3t
2174 3402 2595 3471 contumeliose
2646 3406 3064 3476 tractabantur,
3109 3408 3520 3480 direptionem,
3552 3426 3745 3466 sacer-

336 3498 575 3569 αἱμάτων
610 3497 787 3558 κίονας
816 3501 934 3557 ταῖς
963 3495 1170 3551 τούτων
1218 3493 1374 3571 χερσὶ
1422 3492 1848 3567 κυκλουμένους,
1892 3494 1982 3547 καὶ

338 3587 727 3659 ζωννυμένους,
778 3585 1100 3658 ξαινομένων
1149 3589 1267 3645 ταῖς
1321 3582 1552 3657 μάστιξι,
1599 3582 1728 3645 τούς
1774 3604 1833 3637 τε
1864 3581 1985 3638 δια-

336 3678 551 3737 θέοντας
610 3674 833 3746 τοξότας
890 3674 1024 3728 κατά
1080 3671 1271 3734 πόλεις
1347 3674 1437 3727 καὶ
1503 3672 1690 3749 χώρας
1774 3670 1984 3745 ὠμοτέ-

341 3785 463 3840 ρους
494 3765 627 3839 (55),
651 3763 739 3818 καὶ
779 3764 1137 3839 θερμοτέρους
1170 3766 1263 3817 τοῦ
1292 3766 1459 3816 ταῦτα
1489 3760 1885 3833 ἰπιτάττοντος,
1910 3761 1985 3823 ὡς

340 3852 399 3909 ἂν
427 3853 543 3909 ἀντὶ
576 3856 794 3929 Περσῶν
822 3851 911 3906 καὶ
944 3852 1164 3906 Σκυθῶν
1192 3850 1280 3905 καὶ
1309 3854 1416 3905 τῶν
1459 3847 1644 3905 ἄλλων
1699 3844 1983 3926 βαρϐάρων

338 3944 785 4018 παραστήσωνται
816 3959 828 3971 ·
881 3937 971 3994 ἵνα
1032 3940 1105 4011 μὴ
1155 3943 1322 3993 ταῦτα
1361 3938 1527 4013 λέγω,
1577 3938 1661 4001 τίς
1711 3938 1808 3993 οὐκ
1875 3938 1987 3993 οἶδε

336 4032 437 4099 τήν
492 4026 884 4102 Ἀλεξανδρέων
943 4027 1357 4103 ἀπανθρωπίαν;
1436 4025 1487 4081 ο⁹ί
1551 4027 1689 4101 πρὸς
1748 4026 1985 4089 πολλοῖς

341 4117 552 4191 ἄλλοις,
603 4120 685 4181 οἷς
730 4116 1153 4179 ἐνεανιεύσαντος
1366 4117 1483 4171 καθ’
1530 4118 1692 4189 ἡμῶν
1734 4115 1986 4192 ἀμέτρως

336 4206 416 4280 τῷ
438 4213 611 4283 καιρῷ
659 4207 1024 4283 χρησάμενοι,
1073 4204 1251 4277 δῆμος
1300 4204 1450 4267 ὅντες
1499 4202 1801 4272 στασιώδης
1834 4205 1987 4283 φύσει

786 4290 795 4308 1

334 4296 428 4351 καὶ
481 4297 727 4369 μανικὸς,
769 4291 849 4350 ἔτι
894 4294 984 4349 καὶ
1034 4297 1192 4349 τοῦτο
1237 4291 1483 4370 λέγονται
1530 4297 1839 4370 προσθεῖναι
1874 4296 1988 4367 (57)

332 4389 453 4447 τοῖς
522 4380 880 4457 ἀσεϐήμασιν,
942 4380 1173 4456 α’ίματος
1238 4379 1435 4437 διπλοῦ
1490 4384 1580 4437 τὸν
1643 4382 1786 4459 ἱερὸν
1841 4383 1989 4438 οἷκον

332 4476 496 4547 ἡμῶν
533 4473 831 4548 ἐμπλῆσαι,
879 4471 1002 4534 ὅσος
1043 4492 1101 4527 τε
1154 4473 1350 4526 θυσιῶν
1382 4470 1470 4525 καὶ
1506 4469 1630 4534 ὅσος
1664 4471 1984 4545 ἀνθρώπων

551 4652 755 4734 ξαίπερ
786 4651 875 4734 δήἷ
912 4655 1070 4734 Ραερ.
1107 4650 1303 4734 Κειίπερ
1337 4649 1404 4708 δ’.
1432 4725 1490 4734 η
1702 4723 1739 4734 Η
1785 4723 1795 4733 ⁸

410 4721 522 4799 (49)
550 4729 674 4786 Τοῖς
704 4721 937 4799 πυθμέσι
965 4727 1065 4794 τῆς
1090 4721 1315 4792 Αἴτνης.
1350 4747 1379 4776 ι(
1411 4725 1586 4779 [Etuta
1617 4723 1934 4781 radicibus.
1956 4745 1988 4777 ››

333 4798 509 4870 Virg.
531 4798 745 4854 AEIIeid.
777 4813 840 4852 In
872 4814 888 4852 :

411 4867 576 4925 Fama
607 4881 703 4935 est,
737 4868 998 4924 Enceladi
1023 4870 1346 4923 semiustum
1374 4867 1613 4938 fulmine
1638 4882 1831 4938 corpus

413 4943 603 5012 Urgeri
632 4942 774 4996 mole
803 4942 922 5005 hac,
952 4942 1330 5012 ingentemque
1359 4942 1587 5006 insuper
1614 4939 1837 4993 lEtnam

410 5014 742 5082 Impositum,
775 5013 955 5079 ruptis
984 5011 1269 5082 ﬂammam
1295 5012 1582 5081 exspirare
1611 5012 1864 5082 caminis.

329 5080 580 5139 Ovidius
626 5100 778 5147 vero,
829 5083 930 5136 lib.
966 5080 995 5135 ἡ
1044 5082 1389 5153 Metamorph.
1446 5099 1556 5135 non
1612 5080 1990 5147 Enceladum,

329 5157 436 5213 sed
473 5154 795 5227 Typhoeum
829 5155 985 5208 hunc
1016 5154 1524 5227 vocatgigantem.

406 5226 675 5297 Degravat
703 5228 866 5281 Αἰιηα
892 5228 1074 5293 caput,
1104 5226 1205 5279 sub
1236 5241 1341 5294 qua
1371 5226 1660 5294 resupinus
1676 5238 1886 5297 arenas

407 5300 635 5370 Ejectat,
666 5299 1056 5370 ﬂammamque
1084 5296 1207 5370 [ero
1237 5299 1404 5370 uomit
1433 5296 1834 5370 ogg’l‘yphmg.

329 5365 468 5425 Haec
498 5365 852 5438 interposuit
878 5366 1212 5439 Gregorius,
1245 5367 1438 5439 inquit
1467 5366 1643 5435 Elias,
1675 5370 1742 5420 ut
1766 5365 1992 5421 Greco-

330 5458 466 5497 rum
498 5436 693 5496 futiles
726 5454 911 5510 nuges
941 5436 1199 5507 sugillet.

407 5514 522 5583 (50)
558 5503 885 5581 ’Δπίστῳῗα
919 5503 1120 5583 Ιηῐίᾶο.
1158 5531 1185 5558 ››
1358 5507 1408 5573 4,
1444 5509 1503 5563 in
1553 5524 1655 5564 ora
1683 5526 1773 5581 γρ.
1822 5503 1990 5560 ἀπλέ-

326 5579 437 5655 τῳ,
473 5584 630 5655 quod
662 5579 902 5639 secutus
929 5581 1159 5655 videtur
1190 5579 1413 5655 Bi‘llius.‘

408 5650 526 5733 (51⁷)
564 5656 812 5727 Ἑαυτοῦ,
843 5657 952 5708 etc.
979 5652 1181 5709 Comb.
1213 5650 1298 5707 sic
1329 5650 1519 5708 reddit
1549 5668 1606 5708 ευ
1641 5650 1733 5707 sui
1765 5666 1995 5723 compo-

2093 3492 2255 3548 dotel
2275 3492 2450 3547 etiam
2476 3493 2922 3566 subjectamque
2940 3495 3189 3567 plebem,
3206 3498 3306 3568 qui
3334 3515 3437 3570 pro
3460 3498 3552 3555 his
3571 3500 3747 3555 rebus

2094 3580 2603 3649 abstrahebantur,
2636 3583 3125 3656 acerbissimeque
3170 3589 3615 3659 torquebantur,
3644 3604 3748 3643 co-

2094 3669 2329 3726 lumnas
2360 3688 2593 3743 quoque
2623 3674 2847 3728 cruoris
2879 3674 3325 3744 plenas,horum
3360 3678 3634 3733 manibus
3670 3680 3752 3733 at-

2097 3776 2208 3831 que
2245 3758 2574 3831 complexu,
2606 3761 2747 3815 dum
2798 3762 2975 3833 virgis
3024 3765 3491 3831 conciderentur,
3525 3783 3627 3837 per
3657 3782 3749 3821 or-

2094 3849 2230 3903 bem
2281 3848 2522 3916 cinctae,
2557 3849 2809 3920 denique
2852 3851 3184 3922 sagittarios
3212 3870 3315 3924 per
3364 3854 3539 3909 urbes
3565 3858 3622 3909 et
3660 3871 3749 3910 re-

2096 3936 2297 4008 giones
2326 3937 2739 4006 discurrentes,
2762 3942 2936 4009 atque
2966 3940 3091 4010 ipse
3124 3940 3248 4012 ipso
3278 3941 3478 4010 etiam,
3498 3942 3600 4014 qui
3634 3941 3751 3998 haec

2098 4025 2442 4097 imperabat,
2476 4025 2727 4081 acriores
2756 4032 2813 4081 et
2843 4027 3220 4096 crudeliores,
3252 4047 3367 4102 quo
3412 4048 3518 4087 nos
3546 4031 3750 4087 videli-

2098 4120 2188 4171 cet
2218 4132 2318 4187 pro
2351 4114 2541 4170 Persis
2594 4120 2650 4171 et
2677 4116 2903 4188 Scythis
2936 4117 3186 4190 aliisque
3225 4119 3491 4176 barbaris
3536 4122 3595 4175 in
3629 4121 3754 4176 dic-

2100 4206 2317 4259 tionem
2350 4220 2519 4259 suam
2551 4210 2724 4277 atque
2756 4206 3067 4278 imperium
3117 4209 3480 4281 redigerent;
3514 4216 3577 4265 ut
3606 4208 3750 4278 haec,

2098 4294 2569 4366 inquam,omnia
2595 4296 3217 4365 przetcrmittam,eccui
3245 4300 3482 4353 tandem
3508 4298 3754 4354 Alexan-

2098 4383 2400 4437 drinorum
2436 4383 2747 4438 credulitas
2780 4384 2975 4455 ignota
3008 4392 3095 4440 est
3119 4386 3145 4439 ‘I
3177 4387 3276 4458 qui
3330 4392 3538 4458 praeter
3566 4391 3753 4443 multa

2101 4472 2234 4541 alia,
2254 4488 2381 4543 quae
2408 4472 2687 4528 adversus
2714 4490 2817 4529 nos
2841 4475 3246 4545 designarunt,
3271 4476 3550 4548 temporis
3574 4476 3749 4533 licen-

2098 4658 2212 4707 tem
2246 4668 2311 4707 ac
2344 4652 2556 4723 decreti
2589 4651 2891 4723 sophistici
2928 4661 3210 4723 tenacem,
3246 4678 3272 4705 »

2314 4720 2637 4797 Διατιθὲντα.
2660 4720 3055 4797 Sicquinque
3093 4720 3271 4797 Regii,
3302 4728 3396 4783 0r.
3431 4729 3481 4793 ί,
3502 4734 3557 4783 et
3587 4729 3746 4783 Colb.

2097 4791 2517 4871 ᾇβιατεθέντα.
2582 4796 2728 4871 Εςὶίῐ.
2773 4791 3088 4871 διατιθέναι.
3143 4791 3413 4854 Heinsius
3464 4791 3546 4854 Sic
3589 4800 3749 4871 legit,

2096 4864 2271 4937 ἀπάτῃ
2302 4864 2588 4938 χρώμενον
2622 4864 2931 4922 διατιθέναι.

2171 4931 2281 5008 (53)
2304 4931 2609 5011 ’ξ’Ᾰσεϐε-ίας.
2648 4941 2767 4993 Duo
2801 4941 2937 5011 Reg.
2970 4938 3235 4997 ἀπιστίας.

2170 5010 2280 5078 (54)
2315 5007 2664 5081 Ἀγομένους.
2719 5007 2916 5065 Οοωὺῖ
2952 5034 2978 5058 ‹‹
3015 5012 3110 5080 qui
3146 5011 3510 5065 ducebantur
3547 5015 3603 5066 et
3630 5015 3752 5068 tor-

2100 5083 2469 5151 quebantur;
2502 5082 2646 5135 diris
2698 5083 2884 5136 modis
2935 5082 3151 5137 habitis
3198 5083 3411 5138 idcirco
3462 5084 3615 5153 quod
3662 5084 3750 5139 his

2100 5154 2274 5207 rebus
2304 5156 2619 5206 obstarent.
2657 5175 2681 5199 υ

2172 5224 2282 5293 (55)
2318 5223 2458 5276 Κατὰ
2485 5220 2674 5297 πόλεις
2706 5222 2791 5275 καὶ
2826 5224 3032 5297 χώρας.
3071 5247 3097 5273 ‹‹
3132 5224 3439 5297 ΡθΓῨιιΓὺθε
3471 5230 3527 5297 et
3557 5225 3752 5297 regio-

2100 5310 2220 5369 nes.
2258 5298 2402 5369 {Sic
2434 5295 2691 5350 melioris
2743 5294 2886 5349 notae
2920 5294 3182 5351 'codiccs.
3228 5296 3329 5349 Ed.
3380 5294 3513 5347 κατά
3560 5294 3751 5369 χώρας

2098 5363 2187 5417 καὶ
2212 5360 2423 5425 πόλεις.

2172 5438 2284 5507 (56)
2333 5433 2779 5492 Ἐνεανιεύσαντο.
2835 5460 2861 5487 ‹‹
2917 5440 3050 5502 Qum
3099 5438 3406 5493 adversum
3468 5453 3573 5492 nos
3620 5435 3751 5493 ausi

2101 5514 2286 5563 sunt:
2328 5530 2347 5554 ι
2404 5508 2510 5574 vel,
2545 5530 2573 5557 ‹‹
2617 5509 2895 5580 petulanti
2947 5509 3215 5575 licentia;
3252 5532 3278 5558 ››
3330 5509 3436 5571 vel,
3471 5532 3497 5559 «
3551 5525 3748 5565 rerum

2101 5596 2380 5634 novarum
2416 5580 2609 5634 studio
2641 5581 2947 5652 adversum
2983 5598 3088 5636 nos
3120 5582 3521 5652 designarunt.
3559 5603 3581 5631 ι

2174 5651 2287 5724 (57)
2323 5654 2656 5725 Προσθεῖναι.
2693 5651 2831 5726 Reg.
2869 5654 2988 5723 bm,
3021 5651 3346 5729 προσΟῆναι,
