4148 6290
321 370 441 437 61⁸1

1312 364 1600 430 ORATIO
1644 366 1743 429 ιν.
1778 401 1853 411 -
1883 359 2194 427 CONTRA
2239 363 2635 427 JULIANUM
2682 364 2731 426 Ι.

3611 365 3730 430 618

322 502 713 581 Ἀρεθουσίων,
743 502 824 564 τίς
857 502 1029 563 οὓτως
1067 498 1171 572 ἕξω
1213 505 1313 571 τῆς
1358 502 1473 555 καθ’
1518 502 1667 573 ἡμᾶς
1718 497 1971 571 οἰκουμέ⁴

2104 498 2555 555 trethusiorum.
2592 497 2724 571 quis
2755 501 2875 555 tam
2926 498 2999 554 ab
3042 498 3182 556 orbe
3231 503 3428 556 nostro
3473 507 3731 558 remotus

322 616 443 667 νης,
485 593 624 649 ὣστε
656 594 893 669 ἀγνοεῖν,
943 589 1033 646 καῖ
1081 593 1156 664 μή
1220 592 1434 666 φθάνειν
1493 594 1562 664 τῇ
1605 588 1851 666 διηγήσει
1882 589 1972 643 τὸν

328 682 775 758 μνημονεύοντα;
837 678 1009 743 Οὗτος
1067 679 1154 735 ἐπὶ
1216 678 1585 735 Κωνσταντίου
1658 683 1753 734 τοῦ
1816 678 1974 751 πάνυ,

322 773 455 829 κατᾶ
483 774 583 842 τήν
614 771 739 827 τότε
772 767 1071 844 δεδομένην
1104 770 1343 841 ἐξουσίαν
1376 774 1745 842 Χριστιανοῖς,
1780 766 1973 841 δαιμό-

324 885 423 919 νων
445 883 497 917 τι
520 858 764 926 καθελὼν
786 859 1107 936 οἰκητήριον
1120 858 1226 929 ,καὶ
1247 857 1495 920 πολλοὺς
1518 862 1846 934 Χριστιανῶν
1873 857 1976 911 ἀπὸ

322 959 420 1023 τῆς
445 950 781 1020 Ἑλληνικῆς
813 947 1029 1019 πλάνης
1067 950 1405 1022 μεταστήσας
1437 946 1512 1009 είς
1557 946 1827 1023 σωτηρίαν
1867 946 1978 1021 οὐχ

324 1046 485 1112 ἦττον
516 1038 606 1096 διὰ
632 1041 731 1109 τὴν
764 1044 859 1094 τοῦ
895 1038 1016 1114 βίου
1049 1037 1412 1114 λαμπρότητα
1517 1038 1617 1107 τήν
1664 1042 1760 1091 τοῦ
1810 1034 1977 1112 λόγου

328 1130 579 1205 δύναμιν,
612 1130 677 1200 ἦν
714 1130 808 1203 μὲν
842 1127 900 1183 ἐκ
926 1125 1182 1189 πλείονος
1214 1127 1265 1181 ἐν
1305 1127 1443 1203 ὀργῇ
1476 1132 1591 1189 τοῖς
1613 1124 1976 1203 ’Δρεθουσίοις

331 1218 545 1294 μᾶλλον
579 1216 635 1274 δὲ
664 1216 1018 1293 Ἀρεθουσίων
1199 1222 1315 1279 τοῖς
1370 1213 1778 1295 φιλοδαίμοσιν.
1829 1213 1978 1272 Ἐπεὶ

330 1308 390 1365 δὲ
436 1310 503 1364 τὰ
548 1310 838 1385 πράγματα
885 1305 1108 1377 ἐκινήθη
1161 1308 1531 1382 Χριστιανοῖς,
1600 1305 1688 1361 καὶ
1753 1306 1819 1360 τὰ
1871 1307 1978 1359 τῶν

328 1398 606 1468 Ἑλλήνων
639 1395 993 1475 φλεγμαίνειν
1024 1393 1247 1471 ἤρξατο,
1287 1396 1386 1465 τὴν
1436 1400 1533 1450 τοῦ
1580 1398 1773 1471 καιροῦ
1824 1391 1981 1449 δυνα-

326 1487 500 1543 στείαν
558 1486 658 1542 οὐκ
708 1483 886 1564 ἔφυγε.
934 1485 1164 1540 Φιλοῦσι
1216 1486 1317 1561 γὰρ
1366 1485 1416 1538 οἱ
1475 1482 1667 1557 δῆμοι,
1718 1483 1811 1539 κᾶν
1845 1484 1981 1560 πρὸς

328 1579 389 1633 τὸ
423 1578 589 1652 παρὸν
635 1576 950 1650 κατάσχωσι
992 1575 1088 1637 τὰς
1140 1574 1305 1650 ὀργὰς
1349 1575 1482 1648 (73),
1534 1573 1714 1648 ὣσπερ
1744 1577 1850 1649 πῦρ
1883 1572 1981 1645 ἰμ-

330 1666 577 1745 φωλεῦον
609 1662 790 1737 ὓλαις,
821 1666 856 1734 ἢ
891 1664 1062 1741 ῥεῦμα
1115 1663 1205 1738 βίᾳ
1250 1661 1640 1738 κρατούμενον,
1700 1662 1744 1716 εί
1791 1664 1983 1737 καιροῦ

332 1751 607 1823 λάϐοιντο,
656 1752 978 1817 ἀνάπτεσθαί
1034 1774 1091 1808 τε
1146 1752 1233 1807 καὶ
1301 1750 1749 1828 ἀναῤῥήγνυσθαι.
1812 1751 1981 1826 Ὁρῶν

334 1843 422 1900 οὖν
474 1846 572 1913 τὴν
630 1846 726 1898 τοῦ
786 1840 965 1915 δήμου
1023 1841 1232 1912 κίνησιν
1296 1839 1377 1895 ἐπ’
1426 1839 1584 1895 αὐτὸν
1646 1841 1777 1913 (74),
1830 1836 1981 1893 οὐδὲν

337 1936 551 2010 μέτριον
584 1934 619 2003 ἣ
649 1932 995 2003 ἑννοούντων,
1045 1932 1079 2001 ἢ
1108 1929 1495 1997 ἀπειλούντων,
1534 1931 1601 1985 τὰ
1652 1930 1745 2002 μὲν
1794 1934 1985 2005 πρῶτα

335 2021 571 2098 δρασμὸν
617 2019 957 2098 βουλεύεται,
1009 2021 1069 2074 οὐ
1117 2019 1185 2074 δι’
1238 2017 1516 2095 ἀνανδρίαν
1554 2017 1764 2092 μᾶλλον
1797 2020 1831 2087 ἣ
1882 2019 1981 2088 τήν

334 2112 546 2190 φεύγειν
581 2111 638 2166 ἐκ
666 2109 882 2173 πόλεως
915 2110 989 2172 εἷς
1021 2109 1181 2165 πόλιν
1240 2107 1561 2164 κελεύουσαν
1592 2106 1836 2178 ἐντολὴν,
1894 2108 1983 2162 καὶ

334 2202 644 2277 ὑποχωρεῖν
674 2204 792 2262 τοῖς
833 2197 1111 2262 διώκταις⁶
1146 2206 1346 2275 χρῆναι
1394 2199 1496 2275 γὰρ
1544 2200 1621 2271 μή
1669 2199 1735 2253 τὰ
1783 2198 1980 2252 ἑαυτῶν

334 2296 549 2346 σκοπεῖν
583 2290 747 2363 μόνον
782 2292 894 2362 (75)
921 2288 1273 2364 Χριστιανοὺς
1298 2287 1477 2360 ὄντας,
1512 2285 1653 2361 μηδὲ
1672 2287 1715 2341 εἰ
1739 2287 1859 2343 λίαν
1884 2289 1985 2341 εἷεν

336 2379 705 2457 ἀνδρειότατοί
764 2380 876 2452 (76)
931 2399 990 2433 τε
1045 2379 1135 2432 καὶ
1182 2378 1660 2454 καρτερικώτατοι,
1693 2375 1839 2432 ἀλλὰ
1893 2377 1983 2431 καὶ

332 2475 438 2525 τῶν
472 2468 778 2525 διωκόντων
829 2465 1120 2545 φείδεσθαι,
1172 2467 1268 2539 ὡς,
1311 2466 1372 2521 τό
1426 2488 1488 2542 γε
1518 2466 1595 2529 εἷς
1626 2465 1819 2529 αὐτοὺς
1847 2469 1980 2535 ἧκον

338 2559 526 2636 μέρος,
563 2560 639 2632 μή
670 2562 749 2631 τῷ
787 2555 1024 2629 κινδύνῳ
1052 2578 1104 2611 τι
1138 2555 1474 2636 συνεσφὲρειν
1666 2560 1772 2611 τῶν
1824 2553 1986 2610 πολε-

340 2650 497 2723 μίων.
548 2647 696 2703 Ἐπεὶ
747 2644 804 2701 δὲ
843 2645 1037 2722 ᾔσθετο
1088 2644 1312 2702 πολλῶν
1368 2646 1460 2720 μὲν
1515 2642 1584 2700 δι’
1635 2644 1792 2700 αὐτὸν
1826 2644 1984 2700 ἑλκο-

341 2740 515 2813 μένων
570 2738 659 2793 καὶ
728 2738 1040 2811 ἀγομένων,
1092 2734 1317 2791 πολλῶν
1372 2734 1429 2790 δὲ
1474 2740 1579 2790 τῶν
1620 2734 1743 2810 περί
1804 2737 1986 2809 ψυχῆς

336 2827 642 2905 τρεχόντων
677 2824 767 2881 διὰ
794 2828 893 2895 τήν
922 2829 1029 2881 τῶν
1064 2822 1372 2880 διωκόντων
1405 2823 1689 2899 ὡμότητα,
1742 2823 1842 2878 οὐκ
1888 2825 1984 2893 ἠν-

339 2918 529 2993 έσχετο
559 2921 637 2988 τῷ
665 2916 780 2970 καθ’
812 2914 995 2969 ἑαυτὸν
1027 2913 1257 2992 ἀσφαλεῖ
1287 2916 1398 2985 (78)
1439 2912 1567 2975 τοὺς
1600 2911 1805 2975 ἄλλους
1834 2934 1985 2987 περι-

343 3009 470 3080 ορᾷν
497 3001 914 3063 κινδυνεύοντας
949 3002 1035 3057 καὶ
1067 2999 1155 3056 διὰ
1195 3005 1356 3055 τοῦτο
1412 2998 1754 3075 βουλεύεται,
1780 2997 1985 3075 βουλὴν

341 3091 569 3168 ἀρίστην
598 3112 655 3145 τε
682 3093 767 3145 καὶ
799 3090 1270 3169 φιλοσοφωτάτην·
1321 3089 1381 3144 ἐκ
1420 3096 1520 3159 τῆς
1553 3095 1730 3167 φυγῆς
1779 3087 1989 3143 ἐπάνει-

2086 593 2192 659 est,
2219 593 2283 644 ut
2311 589 2560 661 ignoret,
2582 605 2649 645 ac
2670 592 3229 646 commemorantem
3262 591 3596 647 narratione
3617 609 3734 649 non

2085 678 2450 735 antevertat?
2478 677 2581 733 Hic
2611 694 2769 746 cum,
2802 678 3018 751 insigni
3052 678 3149 735 illo
3179 677 3519 736 Constantio
3549 679 3735 751 impe-

2086 772 2271 834 rante,
2303 784 2409 840 pro
2441 784 2508 824 ea
2537 771 2843 841 potestate,
2878 785 3003 841 quas
3032 772 3160 825 tum
3211 768 3560 826 Christianis
3591 786 3735 826 con-

2086 874 2252 915 cessa
2283 859 2493 926 fuerat,
2515 857 2867 914 dimicilium
2886 859 3180 930 quoddam
3214 860 3544 916 daemonum
3577 875 3735 917 ever-

2086 948 2274 1017 tisset,
2305 964 2371 1003 ac
2401 947 2619 1003 multos
2650 964 2805 1003 nunc
2835 948 3202 1005 Christianos
3234 966 3268 1005 a
3308 949 3511 1023 gentili
3542 965 3737 1006 errore

2088 1038 2158 1094 ad
2194 1036 2466 1104 salutem,
2504 1052 2620 1092 non
2652 1037 2851 1093 minus
2881 1037 2954 1094 ob
2977 1038 3110 1094 vita:
3140 1037 3533 1111 splendorem,
3558 1056 3737 1112 quam

2089 1128 2162 1183 ob
2193 1126 2423 1181 dicendi
2447 1125 2782 1183 facultatem
2805 1127 3326 1200 atquedoctrinam
3357 1129 3737 1199 traduxisset,

2081 1214 2436 1286 jampridem
2469 1213 2601 1270 odio
2642 1215 2972 1272 Arethusiis
3015 1220 3160 1288 erat,
3188 1216 3277 1272 vel
3308 1216 3382 1273 iis
3414 1217 3610 1289 potius
3639 1218 3738 1290 qui

2091 1304 2243 1360 inter
2272 1303 2616 1360 Arethusios
2664 1309 2831 1360 erant
2868 1306 3199 1362 daemonum
3232 1310 3497 1364 amantes
3526 1311 3584 1365 et
3613 1308 3740 1364 cul-

2087 1397 2263 1449 tores.
2299 1396 2687 1466 Posteaquam
2735 1398 2931 1450 autem
2980 1395 3223 1452 mutatis
3270 1396 3739 1453 Christianorum

2093 1484 2291 1551 rebus,
2311 1482 2619 1556 gentilium
2644 1500 2737 1540 res
2753 1488 2981 1540 tumere
3005 1489 3061 1541 et
3089 1501 3399 1559 assurgere
3427 1490 3742 1559 cceperunt,

2089 1577 2205 1629 tem
2216 1574 2372 1645 poris
2386 1574 2707 1647 potentiam
2725 1573 3183 1646 haudquaquam
3202 1575 3744 1648 eﬂ‘ugit.Multitudo

2093 1663 2331 1735 quippe,
2357 1663 2588 1719 etiamsi
2614 1663 2672 1719 in
2703 1680 2960 1736 praesens
2988 1664 3246 1738 impetus
3276 1664 3747 1737 cupiditatesque

2093 1768 2232 1808 suas
2291 1757 2572 1821 coerceat,
2634 1754 3137 1825 quemadmodum
3184 1753 3338 1827 ignis
3389 1754 3449 1810 in
3502 1753 3748 1811 materia

2094 1840 2306 1914 latens,
2322 1845 2423 1899 aut
2451 1843 2643 1899 amnis
2666 1860 2989 1915 repressus,
3014 1843 3208 1900 oblata
3225 1847 3424 1900 tamen
3447 1842 3747 1900 occasione

2095 1932 2333 1987 accendi
2382 1938 2551 2003 atque
2581 1948 2888 2005 erumpere
2923 1934 3245 1989 consuevit.
3277 1933 3574 2003 Quocirca,
3611 1950 3746 1989 cum

2094 2021 2377 2093 populum
2429 2022 2741 2077 adversum
2811 2038 2873 2078 se
2918 2022 3250 2094 incitatum,
3304 2039 3407 2079 nec
3462 2021 3747 2078 moderati

2095 2111 2417 2182 quidquam
2448 2110 2537 2166 vel
2567 2111 3037 2183 cogitantem,vel
3069 2112 3527 2168 comminantem
3554 2126 3748 2169 cerne-

2095 2204 2200 2269 ret,
2227 2199 2481 2271 primum
2515 2200 2944 2257 consciscenda
2973 2201 3126 2273 fugae
3156 2200 3467 2257 consilium
3492 2200 3744 2269 init,non

2093 2293 2210 2344 tam
2239 2288 2471 2360 ignavia
2503 2290 2740 2360 fractus,
2762 2306 2939 2362 quam
2972 2294 3254 2363 prmoepto
3286 2290 3385 2346 illo
3418 2294 3743 2363 permotus,

2092 2394 2208 2449 quo
2230 2394 2259 2433 e
2287 2377 2519 2433 civitate
2547 2377 2606 2433 in
2632 2378 2924 2435 civitatem
2956 2379 3173 2452 fugere,
3200 2383 3255 2435 et
3274 2380 3747 2451 persecutoribus

2094 2467 2297 2523 cedere
2318 2467 2603 2539 jubemur
2630 2468 2694 2522 ‘5.
2728 2468 2922 2539 Neque
2955 2468 3113 2525 enim
3142 2468 3526 2540 Christianos,
3559 2485 3747 2542 quan-

2094 2556 2311 2612 tumvis
2344 2556 2540 2628 fortes,
2574 2573 2640 2613 ac
2672 2555 2959 2630 singulari
2991 2557 3298 2615 tolerantia
3332 2558 3627 2631 praeditos,
3658 2557 3750 2614 sui

2094 2650 2323 2701 tantum
2342 2647 2629 2702 rationem
2652 2645 2867 2703 habere
2888 2648 3252 2719 oportet,sed
3274 2647 3750 2720 persecutoribus

2096 2752 2324 2808 quoque
2365 2751 2622 2808 parcere,
2657 2739 2723 2791 ut
2760 2752 2852 2805 ne,
2896 2740 3185 2808 quantum
3234 2737 3293 2793 in
3343 2736 3486 2810 ipsis
3535 2741 3643 2807 est,
3676 2738 3748 2793 ad

2097 2824 2357 2881 hostium
2420 2824 2748 2896 periculum
2807 2830 2864 2882 et
2919 2827 3357 2883 damnationem
3414 2843 3484 2882 ex
3538 2826 3750 2899 seipsis

2098 2913 2319 2986 aliquid
2372 2915 2525 2971 I23
2581 2915 2899 2972 conferant.
2934 2920 3007 2971 At
3051 2920 3363 2989 postquam
3396 2915 3613 2973 multos
3642 2933 3751 2972 sua

2099 3020 2276 3060 causa
2317 3004 2451 3058 duci
2502 3021 2567 3059 ac
2616 3003 2793 3075 trahi,
2825 3004 3046 3062 multos
3084 3006 3259 3062 etiam
3291 3007 3363 3063 ob
3394 3021 3750 3079 persequen-

2100 3093 2245 3149 tium
2279 3092 2683 3153 credulitatem
2716 3094 2777 3149 in
2810 3095 3016 3152 animae
3044 3095 3303 3169 periculo
3334 3097 3549 3154 versari
3581 3096 3756 3153 intel-

344 3205 422 3251 σι,
445 3181 535 3235 καὶ
567 3185 645 3253 τῷ
676 3177 835 3254 δήμῳ
867 3180 1041 3259 φέρων
1084 3180 1268 3235 ἑαυτὸν
1318 3176 1567 3233 ἐκδίδωσι
1618 3185 1856 3254 χρῆσθαι
1906 3177 1985 3232 ὅτι

2104 3183 2258 3250 lexit,
2290 3188 2418 3239 tum
2450 3200 2580 3240 vero
2613 3183 2777 3255 alios,
2811 3201 2877 3241 eo
2910 3186 3064 3257 quod
3096 3186 3221 3258 ipse
3252 3187 3310 3242 in
3345 3191 3492 3255 tuto,
3525 3187 3754 3259 pericli-

343 3269 636 3348 βούλοιντο
678 3273 812 3344 (79),
834 3257 923 3325 καὶ
954 3271 1089 3346 πρὸς
1117 3270 1213 3338 τήν
1247 3267 1342 3324 τοῦ
1371 3265 1562 3343 καιροῦ
1601 3267 1985 3344 παρατάσσεται

2104 3278 2291 3329 tantes
2314 3272 2607 3345 negligere
2633 3273 2876 3331 minime
2907 3257 3283 3347 sustinuit,ac
3316 3257 3560 3348 proinde
3579 3293 3757 3350 praes-

340 3360 652 3420 δυσκολίαν.
707 3361 965 3415 Ἐνταῦθα
1010 3358 1063 3413 τί
1116 3359 1208 3431 μὲν
1259 3358 1399 3427 ἀπῆν
1445 3360 1554 3412 τῶν
1602 3354 1821 3425 δεινῶν;
1853 3356 1904 3411 τί
1936 3353 1993 3410 δὲ

339 3452 437 3507 οὑκ
466 3451 739 3507 ἰπενοεῖτο
770 3447 1059 3526 βαρύτερον
1088 3467 1101 3516 ;
1134 3444 1318 3503 ἄλλῶν
1349 3444 1489 3502 ἄλλο
1510 3468 1561 3502 τι
1583 3449 1691 3520 (80)
1719 3466 1992 3522 συνεισφε-

341 3542 543 3617 ρόντων
577 3541 716 3617 πρὸς
748 3538 866 3602 ἒνὸς
898 3542 1067 3593 κακοῦ
1100 3537 1428 3612 συλφωνίαν,
1473 3533 1596 3591 οὐδὲ
1652 3536 1714 3590 τὸ
1763 3534 1994 3614 φιλόσο-

340 3653 438 3709 φον
495 3634 593 3686 τοῦ
648 3627 841 3705 ἀνδρὸς
898 3625 1255 3702 αἰδουμένων,
1317 3626 1362 3682 εἱ
1426 3629 1498 3701 μή
1556 3647 1606 3680 τι
1667 3622 1827 3698 ἄλλο,
1884 3630 1991 3680 τῶν

341 3720 669 3796 ἐγκειμένων
693 3714 937 3792 (81)·διὰ
963 3721 1123 3773 τοῦτο
1159 3717 1252 3789 μὶν
1296 3714 1388 3772 οὖν
1436 3715 1526 3770 καὶ
1576 3713 1741 3770 πλέον
1792 3714 1991 3790 ἀγανα-

340 3809 635 3881 κτούντων,
674 3806 759 3864 ὅτι
806 3806 1194 3885 περιφρόνησιν
1235 3805 1410 3861 αὐτῶν
1445 3804 1655 3879 μᾶλλον
1684 3806 1717 3873 ἣ
1746 3802 1990 3880 ἀνδρείαν

343 3898 482 3975 πρὸς
535 3898 663 3961 τοὺς
717 3893 999 3957 κινδύνους
1044 3896 1143 3965 τὴν
1184 3900 1280 3950 τοῦ
1327 3892 1519 3971 ἀνδρὸς
1550 3894 1847 3970 παρουσίαν
1881 3897 1993 3967 (82)

337 3987 605 4061 ἰνόμιζον.

2102 3362 2509 3418 tantissimum
2582 3364 2954 3435 maximeque
3021 3364 3492 3438 philosophicum
3565 3366 3757 3422 consi-

2103 3452 2248 3507 lium
2282 3452 2456 3523 capit.
2490 3453 2572 3507 Ex
2603 3453 2742 3525 fuga
2770 3452 2927 3509 enim
2960 3454 3130 3522 redit,
3168 3471 3412 3527 seseque
3453 3455 3604 3512 ultro
3637 3456 3760 3527 ple-

2103 3542 2193 3597 bis
2227 3541 2463 3597 arbitrio
2492 3541 2873 3614 tradit,atque
2895 3543 3172 3601 adversus
3191 3545 3474 3617 temporis
3504 3542 3755 3600 difﬁcul-

2105 3633 2283 3685 tatem
2315 3629 2473 3685 velut
2503 3630 2688 3686 aciem
2712 3630 3084 3688 instruit.Hic
3101 3649 3234 3692 vero
3257 3633 3396 3705 quid
3421 3632 3755 3690 acerbitatis

2103 3718 2355 3774 aberat?
2385 3718 2523 3791 quid
2582 3736 2697 3776 non
2739 3720 2916 3776 etiam
2965 3721 3221 3778 atrocius
3262 3722 3698 3794 excogitabatur
3727 3722 3757 3778 ?

2103 3823 2237 3862 cum
2268 3806 2490 3863 scilicet
2518 3805 2617 3863 alii
2648 3806 2810 3863 aliud
2839 3809 2963 3880 pari
3000 3809 3244 3866 consilio
3285 3810 3356 3865 ad
3402 3809 3580 3867 unius
3612 3809 3753 3866 mali

2100 3896 2593 3969 conspirationem
2637 3897 2989 3963 conferrent,
3040 3914 3166 3965 nec,
3207 3898 3257 3955 si
3301 3897 3468 3955 nulla
3502 3897 3617 3955 alia
3665 3916 3747 3972 re,

2102 3985 2308 4042 saltem
2357 3984 2535 4056 hujus
2581 3984 2689 4041 viri
2731 3987 3061 4044 constantia
3107 3991 3499 4058 moverentur,
3534 3987 3635 4061 qui
3666 3988 3754 4045 illi

336 4077 727 4134 imminebant
774 4092 787 4129 :
840 4075 982 4147 quin
1032 4074 1226 4148 potius
1275 4074 1384 4130 hoc
1434 4089 1667 4147 quoque
1716 4073 1949 4129 nomine
1990 4073 2398 4130 vehementius
2441 4072 2946 4145 incandescerent,
2976 4076 3132 4148 quod
3179 4076 3337 4133 illius
3384 4077 3641 4134 reditum
3685 4094 3753 4135 ac

338 4167 732 4241 praesentiam,
791 4182 908 4222 non
968 4172 1084 4222 tam
1143 4164 1551 4221 fortitudinem
1599 4164 1880 4220 adversus
1930 4162 2209 4236 pericula,
2269 4178 2446 4235 quam
2477 4163 2741 4235 ipsorum
2772 4169 3177 4239 contemptum
3208 4166 3751 4240 interpretarentur.

409 4294 454 4328 ⁴⁸
480 4292 684 4349 Matth.
708 4309 765 4359 ι,
796 4292 884 4346 23.

338 4424 584 4481 modum
634 4439 702 4479 ac
751 4422 1036 4478 famosam
1084 4418 1534 4489 Ariminensem,
1586 4420 1712 4489 ipse
1760 4420 1994 4479 Marcus

337 4494 684 4552 Arethusius
714 4494 954 4549 dictavit
982 4509 1135 4549 anno
1172 4492 1296 4547 358.
1332 4491 1461 4565 Haec
1490 4491 1746 4564 profecto
1775 4492 1992 4565 Grego-

337 4569 469 4623 rius
542 4568 591 4622 si
644 4566 902 4622 novisset
958 4566 1031 4621 de
1083 4568 1275 4619 Marco
1299 4563 1628 4636 Arethusio,
1684 4563 1991 4636 nunquam

340 4619 502 4706 eum,
537 4619 1091 4694 it—viruineiimium
1115 4659 1143 4687 »
1165 4635 1541 4708 appellasset,
1565 4619 1669 4690 nec
1690 4619 1991 4708 tamilmul;
2020 4619 2066 4684 D

339 4716 403 4767 ta
431 4710 504 4766 de
533 4726 599 4766 eo
630 4709 945 4766 honoriﬁce
976 4706 1369 4782 praedicasset.
1391 4706 1454 4782 In
1472 4707 1664 4763 Marco
1685 4707 1993 4782 Arethusio

341 4782 523 4855 igitur
550 4781 885 4855 Gregorius,
919 4779 1159 4855 perinde
1205 4779 1466 4855 atquein
1481 4779 1993 4855 _ponstantio‘Au-

340 4850 537 4933 g'usto,
590 4850 960 4933 ignpratione
1017 4853 1153 4933 facti
1202 4850 1433 4933 erravit.
1481 4850 1587 4933 Yel
1618 4852 1993 4933 postmodum

341 4922 647 4993 audierat;
661 4925 923 4981 Marcum
955 4930 1086 4981 ante
1116 4924 1291 4979 ﬁnem
1322 4924 1449 4978 vitae
1493 4922 1857 4994 impietatem
1889 4924 1993 4979 ab-

336 5001 597 5070 jurasse,
627 5001 685 5052 et
714 4998 785 5053 ad
811 4996 1077 5070 Ecclesiae
1108 4995 1487 5070 ﬁdeliumque
1517 4996 1993 5052 communionem

343 5067 613 5133 rediisse,
646 5070 799 5139 quod
825 5069 1152 5139 arbitratur
1179 5067 1485 5139 Baroniusr.

418 5140 532 5214 (72)
564 5136 785 5214 Μᾶλλον
821 5136 879 5214 δὲ
938 5138 1340 5214 ’ᾼρεθουσίωνη
1373 5137 1499 5193 Bill.
1559 5160 1590 5214 ξ(
1648 5136 1738 5194 vel
1792 5136 1994 5208 potius

340 5210 789 5268 Arethusiorum
844 5210 1195 5284 impiissimo
1251 5210 1482 5282 cuique,
1543 5210 1996 5279 deemonumque

342 5284 781 5341 amantissimo.
814 5304 843 5333 »

419 5355 533 5428 (73)
570 5355 673 5417 Τὰς
731 5351 916 5430 ὀργάς.
981 5375 1010 5405 ‹‹
1063 5358 1205 5411 Iras.
1245 5374 1296 5430 _«
1353 5352 1600 5430 ΜΟΡ-ιᾶο.
1670 5351 1766 5412 τὰς
1793 5347 1972 5430 ῥρμςᾴς

450 5392 511 5411 ,υ
578 5392 645 5410 υ.
732 5392 758 5409 υ
831 5392 916 5410 υ..
981 5392 1009 5405 ,κ
1064 5392 1205 5411 ιιι...
1267 5392 1294 5404 ι.
1355 5392 1600 5410 meum...
1682 5392 1824 5412 ..ι-,ν
1949 5392 1971 5410 ς

340 5449 370 5477 ‹‹
404 5392 685 5512 impletus,
720 5392 928 5512 »μοὶ-ξιξ
984 5442 1086 5512 ora
1113 5444 1201 5501 γρ.
1237 5422 1420 5500 ὀργάς.
1446 5424 1589 5480 Mss.
1621 5423 1807 5480 nostri
1831 5392 1996 5479 ΓἰιἯΞὶῘ

345 5498 573 5572 praeter
589 5498 1071 5572 edita‘exhibent.

416 5571 530 5644 (74)
563 5570 681 5625 Ἐπ’
711 5568 907 5644 αὐτόν,
937 5570 1065 5644 Duo
1124 5569 1287 5644 £83.,
1346 5566 1507 5624 Colb.
1540 5566 1595 5638 3,
1644 5566 1760 5622 duo
1793 5564 1993 5638 C0is|.,

340 5640 520 5700 Pass.
544 5644 807 5700 Combef.
843 5642 1089 5713 addunt,
1124 5640 1327 5713 ἰορσαν.

416 5716 528 5789 (75)
553 5720 786 5770 Σκοπεῖι
822 5713 1011 5788 μόνον.
1048 5708 1131 5770 Ita
1170 5711 1310 5786 Reg.
1372 5710 1413 5784 l,
1474 5713 1590 5766 tres
1640 5708 1821 5779 Colb.,
1882 5713 1992 5766 etc.

668 5843 929 5905 ΡΑτιιοι.
979 5842 1090 5905 Gs.
1137 5837 1384 5903 XXXV.

2104 4423 2165 4477 In
2196 4420 2287 4476 ed.
2318 4416 2489 4492 Δμόνον
2525 4422 2655 4492 post
2675 4415 2855 4482 ὄντας.

2173 4492 2286 4567 (76)
2316 4487 2736 4566 ’Άνδρειοτατομ
2769 4493 2908 4565 Reg.
2943 4494 3065 4560 bm,
3098 4493 3138 4567 1,
3171 4494 3331 4552 Colb.
3364 4495 3423 4566 k,
3466 4494 3626 4554 Pass.
3658 4490 3751 4551 ἆν-

2102 4561 2448 4639 δρικῴτατοι.

2170 4637 2282 4713 (Ti)
2341 4630 2734 4713 Συνεισφέρειν.
2795 4635 3076 4693 Eamdem
3145 4638 3218 4693 ob
3284 4655 3524 4713 causam
3573 4640 3753 4713 Chry-

2104 4712 2398 4781 sostomus
2436 4707 2795 4781 fugiendam
2823 4723 2997 4781 esse
3038 4710 3502 4781 persecutionem
3586 4707 3756 4767 docet

2104 4778 2373 4853 exemplo
2434 4777 2687 4853 Davidis,
2730 4777 2839 4853 qui
2880 4777 3058 4853 fugit,
3081 4797 3175 4850 ne,
3223 4781 3525 4839 innoxium
3560 4782 3753 4839 Saulis

2104 4850 2451 4922 sanguinem
2482 4850 2807 4922 fundendo,
2841 4850 2975 4922 reus
3001 4851 3180 4922 fieret.

2177 4919 2286 4993 ('78)
2315 4922 2442 4985 Καθ’
2479 4920 2663 4975 ἑαυτὸν
2697 4919 2947 4997 ἀσφαλεῖ.
2980 4920 3220 4992 Billlus;
3255 4946 3282 4973 «
3316 4924 3388 4979 ob
3420 4922 3753 4980 cautionem

2106 5011 2293 5051 suam.
2329 5016 2356 5043 ))

2176 5067 2294 5140 (79),
2346 5060 2664 5140 Βούλοιντο.
2714 5065 2857 5120 Tres
2912 5063 3088 5136 Regg.
3130 5064 3288 5120 Colb.
3330 5067 3385 5137 8,
3421 5064 3753 5140 βούλωνται.

2108 5134 2246 5193 Reg.
2271 5134 2402 5193 'bm.
2441 5134 2749 5193 Βούλονται.

2110 5138 2184 5193 Re
2235 5136 2378 5192 .‘bm
2477 5136 2749 5190 ούλονται.
3366 5136 3375 5137 ί
3422 5136 3431 5140 ’

2110 5280 2120 5290 _
2177 5154 2287 5291 (ἕρ)
2319 5136 2543 5291 "sigma
2572 5203 2712 5291 ἄλλο
2743 5224 2817 5291 τι,
2850 5210 2956 5291 etc.
2992 5205 3220 5291 Billius,
3257 5227 3276 5256 ι
3311 5223 3382 5291 οξ
3410 5208 3505 5278 iis,
3537 5224 3639 5282 qui
3669 5207 3753 5291 illi

2106 5278 2517 5349 imminebant,
2556 5278 2673 5351 alii
2724 5278 2883 5334 aliud
2941 5278 3243 5351 quidpiam
3302 5280 3375 5335 ad
3408 5278 3581 5336 unius
3615 5278 3756 5335 mali

2107 5357 2454 5408 concentum
2489 5350 2761 5406 afferrent
2817 5371 2845 5399 ››

2178 5424 2290 5496 (81)
2336 5425 2453 5497 Τῶν
2512 5420 2861 5497 ἐγκειμένων.
2909 5420 3333 5497 Sic_pleriqu_e
3400 5423 3571 5497 codd.
3630 5422 3756 5497 I_)uo

2107 5491 2303 5550 autem
2335 5491 2757 5565 Regg.,'Pass.,
2790 5494 2904 5549 duo
2953 5491 3123 5565 Cois].
3163 5491 3269 5547 τῶν
3301 5491 3577 5554 ἐκείνου...
3630 5493 3757 5553 Duo

2105 5565 2263 5623 Colb.
2298 5569 2403 5619 τῶν
2421 5562 2487 5619 ἓν
2524 5563 2845 5639 ἰκείνῳΑρῐιο
2874 5565 2980 5617 τῶν
3013 5562 3356 5639 ἐγκειμένων.

2187 5587 2263 5622 υ).
2298 5587 2403 5619 των
2437 5587 2487 5619 εν
2524 5587 2659 5619 ικειν
2742 5587 2845 5638 pro
2874 5587 2980 5617 των
3013 5587 3344 5639 εγκειμενωνη

2179 5638 2290 5712 (82)
2320 5637 2641 5713 ΙΙαρουσίαν.
2666 5587 2858 5697 (ﬁant.
2894 5654 2982 5713 γρ.
3016 5635 3344 5715 παρῥησίαν.

3360 5834 3443 5937 89
