2074 3145
196 174 252 206 621

699 173 846 205 ORATIO
868 169 1135 204 lV.——GONTRA
1158 171 1358 204 JULIANUM
1379 173 1404 203 Ι.

1845 173 1907 204 622

198 242 313 271 laribus
326 243 355 270 et
369 240 513 270 molestiis
528 242 669 276 remotus,
686 249 744 269 non
760 240 844 269 aliter
860 249 893 268 ac
909 239 934 268 si
949 239 1052 268 alienis
1068 238 1205 275 periculis
1219 239 1383 274 interesset,
1400 238 1638 276 suppliciumque
1652 246 1741 268 suum
1755 246 1906 276 pompam,

198 296 258 316 non
273 286 482 322 calamitatem,
503 294 569 315 esse
585 286 714 314 duceret.

235 332 270 370 lL'.
288 330 385 360 Καίτοι
408 332 492 358 ταῦτα
514 330 554 362 τίς
571 330 620 357 οὐκ
644 329 673 357 ἂν
699 328 801 366 ᾐδέσθη
825 330 879 357 τῶν
904 328 949 356 καὶ
978 338 1027 365 με-

1120 329 1175 357 XC.
1191 330 1226 357 Et
1250 329 1371 365 quidem
1395 337 1484 366 quem
1512 330 1631 358 tandem
1656 329 1717 357 haec
1745 329 1907 358 reverentia

198 375 281 413 τρίως
310 375 436 403 επιεικῶν
466 385 496 402 τε
524 375 569 402 καὶ
607 373 806 413 φιλανθρώπων
834 384 840 408 ;
870 372 949 401 Ἀλλ’
976 373 1028 400 οὒκ

200 420 320 452 ἐκείνους
348 431 380 458 γε
409 419 495 448 εἴασεν
522 420 536 447 ὁ
559 419 663 457 καιρὸς,
690 417 753 447 οὐδὲ
776 420 795 454 ἡ
818 420 866 446 τοῦ
893 416 1027 456 βασιλέως

200 466 289 504 ὁρμὴ,
316 465 349 493 τὸ
374 465 554 503 ἀπάνθρωπον
583 462 732 491 ἀπαιτοῦσα
761 463 805 491 καὶ
836 462 952 500 δήμους1
982 462 1027 489 καὶ

199 510 308 545 πόλεις,
324 509 368 537 καὶ
384 509 531 547 ἄρχοντας,
557 508 579 536 εί
594 508 639 536 καὶ
664 510 701 545 μὴ
727 510 785 539 τοῖς
804 506 922 538 πολλοῖς
940 505 1027 534 ἐδόκει

200 558 254 583 τῶν
283 554 454 593 ἀγνοούντων
477 553 510 581 τὸ
539 553 621 591 βάθος
649 555 700 587 τῆς
729 552 830 580 ἐκείνου
855 551 1027 587 κακοηθείας.

201 601 320 628 Τοιαῦτα
345 600 414 635 ἡμῖν
439 598 472 625 τὰ
497 600 546 625 τοῦ
576 597 688 636 στερῥοῦ
712 597 852 635 γέροντος.
872 596 923 625 Καὶ
946 598 1030 624 ταῦτα

205 645 273 679 ὑπὶρ
286 643 358 674 τίνος
377 641 444 679 ;“ίνα
469 644 588 680 χρυσοῦν
611 643 669 680 (98)
691 640 738 670 ἕνα
768 643 806 678 μή
830 639 949 679 πρόηται
970 643 1028 672 τοῖς

193 682 388 727 ’βασανισταῖςο
405 688 428 723 ᾦ
443 687 488 715 καὶ
505 685 601 723 δῆλον⁷
627 687 664 718 ὡς
691 686 757 724 ὑπὲρ
774 684 907 718 εὐσεϐείας
924 685 1029 723 διεκαρ-

203 733 272 770 τέρει
299 734 366 770 (99).
397 733 470 763 Ἕως
500 733 546 769 μὲν
576 732 639 770 γὰρ,
670 732 822 769 βαρυτάτην
848 729 1029 767 ποιησάμενοι

202 780 251 805 τοῦ
271 779 338 805 ναοῦ
360 778 410 812 τὴν
432 776 611 813 ἀποτίμησιν,
634 776 664 803 τὸ
689 779 741 804 πᾶν
766 774 849 813 ᾔτουν
872 775 996 814 χρυσίον,
1011 775 1029 809 ἢ

204 822 283 849 αὐτόν
299 832 330 860 γε
345 820 538 858 ἀναδείμασθαι
558 821 604 848 τὸν
628 821 695 848 νεὼν
722 821 760 857 (1)
784 819 918 856 ἐκέλευον⁷
943 819 1030 847 ἐδόκει

203 867 234 894 τὸ
250 865 378 894 ἀδύνατον
390 868 439 893 τοῦ
455 865 639 902 ἐπιτάγματος
657 864 763 901 μᾶλλον
777 866 794 899 ἢ
808 866 838 892 τὸ
859 862 963 896 εὐσεϐὲς
981 866 1030 899 τῆς

204 913 298 949 ψυχῆς
326 913 416 939 ποιεῖν
443 909 538 946 ἐκείνῳ
564 910 614 944 τήν
645 907 766 937 ἔνστασιν
782 919 788 926 ’
815 909 873 937 ἐπεὶ
897 908 925 937 δὲ
951 911 1030 937 νικῶν

205 954 303 986 αὐτοὺς
331 954 399 982 κατὰ
427 953 523 992 μικρόν
552 955 591 991 (2)
618 956 653 991 τῇ
678 953 818 992 καρτερίᾳ,
841 954 885 981 καὶ
911 954 1030 993 ὑφαιρῶν

206 1000 246 1028 ἀεί
269 1010 294 1027 τι
319 1003 370 1035 τῆς
394 999 600 1035 ἀποτιμήσεως,
622 998 778 1026 τελευταῖον
803 998 841 1026 εἰς
866 1001 946 1026 τοῦτο
970 1009 1032 1026 κατ-

207 1044 327 1081 έστησεν,
352 1044 391 1075 ὡς
414 1042 519 1081 κομιδῆ
547 1044 642 1081 μικρὸν
666 1043 780 1070 εἶναιτὸ
802 1043 971 1080 αἰτούμενον,
988 1043 1033 1071 καὶ

206 1087 268 1116 ὅσον
285 1088 382 1126 ῥᾷστον
408 1084 582 1115 καταϐαλεῖν·
608 1087 653 1114 καὶ
678 1086 736 1118 ἴσος
760 1087 834 1125 ἀγὼν
858 1088 891 1122 ἦν
911 1090 969 1118 τοῖς
986 1089 1033 1125 μὲν

206 1136 313 1168 νικῆσαι
335 1135 375 1168 τῷ
389 1132 433 1160 καὶ
459 1133 548 1159 ὁτιοῦν
565 1133 606 1168 (3)
621 1129 728 1169 λαϐεῖν,
748 1134 787 1168 τῷ
811 1131 840 1159 δὲ
867 1133 904 1169 μὴ
929 1142 1035 1170 κρατη-

208 1179 341 1214 θῆναιτῷ
362 1175 433 1214 μηδὲ
454 1176 527 1207 ὅλως
553 1173 727 1212 καταϐαλεῖν,
742 1175 831 1204 καίτοι
857 1175 971 1204 πολλῶν
988 1175 1033 1204 ὅν-

206 1234 260 1251 των
288 1224 343 1250 τῶν
370 1222 415 1250 καὶ
442 1220 537 1249 πλεῖον
553 1222 732 1261 συνεισφέρειν
754 1220 986 1259 προθυμουμένων
1003 1221 1034 1249 οὗ

210 1268 291 1304 μόνον
308 1265 354 1294 διὰ
366 1267 416 1301 τὴν
433 1263 578 1302 εὐσέϐειαν,
602 1265 676 1294 ἀλλὰ
697 1265 741 1293 καὶ
758 1265 802 1293 διὰ
824 1267 855 1294 τὸ
875 1268 924 1294 τοῦ
939 1265 1035 1304 ἀνδρὸς

208 1311 350 1340 ἀνάλωτον
365 1311 410 1339 καὶ
427 1312 572 1347 ἀήττητον·
592 1313 740 1346 τηνικαῦτα
763 1309 873 1348 ἐδείχθη
890 1313 980 1350 σαφῶς
996 1312 1035 1348 (4)

210 1357 240 1385 οὐ
255 1357 318 1393 περὶ
332 1356 498 1395 χρημάτων,
515 1355 588 1384 ἀλλά
601 1356 664 1394 περὶ
678 1358 727 1384 τοῦ
742 1353 869 1387 εὐσεϐοῦς
883 1356 929 1384 τὸν
946 1356 1036 1394 ἀγῶνα

209 1402 361 1439 τιθέμενος.

1082 382 1140 402 non
1158 375 1326 410 movissent,
1343 374 1432 402 etiam
1447 374 1553 411 exigua
1567 374 1687 403 lenitate
1701 376 1789 410 atque
1804 374 1907 403 humu.-

1082 418 1175 446 nitate
1199 419 1410 454 prmditorum?
1424 420 1479 448 Sed
1503 419 1557 447 hoc
1573 419 1634 447 illis
1657 427 1709 455 per
1724 421 1852 455 tempus,
1877 421 1907 448 et

1082 463 1266 500 imperatoris
1292 463 1493 500 cupiditatem,
1519 466 1582 492 tum
1598 473 1617 493 ο.
1640 464 1766 501 populis,
1780 466 1844 492 tum
1869 464 1905 493 ab

1085 508 1206 537 urbibus
1238 510 1266 536 et
1299 509 1442 545 praefectis
1475 509 1677 538 crudelitatem
1711 509 1905 546 exposcentis,

1084 552 1198 580 etiamsi
1234 553 1381 588 plerisque
1410 553 1607 589 improbitatis
1640 554 1734 590 ipsius
1766 562 1906 582 arcanum

1084 598 1287 632 ignorantibus
1314 607 1398 626 secus
1417 599 1574 631 videretur,
1591 599 1712 627 minime
1736 599 1828 627 licuit.
1844 599 1908 627 Hac

1085 644 1187 670 ﬁrmus
1204 651 1291 670 senex
1306 646 1334 670 et
1355 645 1492 671 constans
1509 644 1638 679 pertulit.
1654 644 1682 671 Si
1697 652 1816 672 causam
1831 652 1908 680 quaa-

1085 688 1136 720 ris,
1154 690 1186 715 ut
1202 696 1237 715 ne
1254 696 1409 715 nummum
1427 697 1518 716 unum
1535 696 1656 716 aureum
1673 689 1831 716 tortoribus
1846 696 1911 724 pro-

1082 732 1193 767 jiceret.
1211 733 1251 759 Ex
1267 741 1324 768 quo
1341 733 1494 768 perspicue
1510 733 1633 769 intelligi
1649 735 1753 769 potest,
1770 741 1838 761 eum
1854 733 1911 769 pie-

1086 777 1154 804 tatis
1170 785 1258 804 causa
1274 778 1422 805 cruciatus
1439 777 1588 805 tolerasse.
1606 778 1678 805 Nam
1694 778 1824 813 quandiu
1840 780 1909 806 Are-

1086 821 1176 848 thusii
1194 822 1366 857 gravissima
1391 822 1491 857 templi
1507 823 1699 850 aestimatione
1719 823 1803 856 facta,
1820 825 1911 850 totam

1087 866 1149 893 auri
1161 874 1306 893 summam
1323 867 1491 902 poscebant,
1502 869 1553 894 aut
1567 867 1664 902 ipsum
1681 869 1756 894 certe
1768 866 1911 902 templum

1088 911 1203 938 reficere
1215 911 1368 946 jubebant,
1386 912 1476 939 videri
1493 914 1605 947 poterat
1629 911 1676 939 ille
1692 911 1800 939 idcirco
1815 912 1912 947 potius

1087 956 1239 989 obsistere,
1264 957 1341 991 quod
1363 957 1450 991 jussa
1471 956 1589 991 exsequi
1615 965 1672 984 non
1696 958 1806 992 posset,
1823 964 1912 992 quam

1048 1019 1072 1051 Β
1086 1001 1162 1035 quod
1178 1000 1296 1036 pietatis
1310 1001 1407 1029 studio
1424 1002 1588 1028 duceretur.
1605 1001 1797 1037 Posteaquam
1814 1004 1913 1029 autem

1073 1044 1244 1073 ‘tolerantia
1271 1053 1325 1073 sua
1352 1053 1401 1073 eos
1429 1045 1571 1080 paulatim
1600 1046 1733 1079 vincens,
1763 1048 1852 1081 atque
1879 1053 1914 1073 ex

1089 1089 1283 1117 aestimatione
1298 1089 1408 1125 aliquid
1426 1098 1541 1125 semper
1565 1090 1729 1125 detrahens,
1747 1098 1780 1118 eo
1795 1090 1914 1118 tandem

1089 1141 1150 1161 rem
1166 1134 1297 1168 adduxit,
1313 1136 1346 1161 ut
1370 1142 1511 1170 perquam
1528 1135 1664 1170 exiguum
1681 1134 1710 1162 id
1732 1137 1820 1167 esset,
1836 1135 1914 1170 quod

1089 1178 1125 1206 ab
1140 1186 1172 1206 eo
1188 1178 1403 1214 postulabatur,
1420 1187 1452 1206 ac
1467 1179 1629 1214 persolvere
1644 1179 1781 1207 facillime
1797 1181 1914 1215 posset;

1089 1223 1210 1258 parique
1235 1223 1393 1251 certamine
1417 1224 1494 1251 inter
1518 1232 1549 1252 se
1573 1224 1790 1257 contenderent,
1815 1223 1868 1257 illi,
1883 1225 1917 1251 ut

1089 1268 1247 1303 vincerent,
1262 1267 1320 1302 hic,
1337 1275 1374 1295 ne
1398 1268 1581 1302 vinceretur;
1599 1268 1652 1296 hoc
1669 1270 1723 1303 est,
1739 1268 1792 1303 illi,
1816 1270 1848 1296 ut
1870 1267 1916 1296 vel

1089 1312 1239 1340 tantillum
1256 1312 1385 1348 pecuniae
1402 1313 1576 1348 acciperent,
1593 1313 1639 1340 hic
1655 1321 1690 1341 ne
1711 1312 1781 1348 quid
1796 1313 1917 1341 omnino

1090 1358 1267 1391 numeraret,
1285 1357 1418 1393 quamvis
1435 1357 1544 1392 alioqui
1560 1357 1645 1385 multi
1661 1360 1769 1391 essent,
1780 1358 1840 1393 qui,
1853 1366 1918 1394 par-

1091 1402 1144 1429 tim
1166 1401 1274 1438 pietate
1297 1402 1425 1437 adducti,
1452 1403 1526 1430 125
1555 1402 1661 1438 partim
1688 1402 1796 1430 invicta
1819 1405 1847 1430 et
1871 1402 1916 1430 in-

211 1446 400 1484 expugnabili
414 1446 478 1482 ejus
494 1445 666 1474 fortitudine
680 1445 830 1480 commoti,
847 1445 1019 1482 ampliorem
1034 1446 1123 1475 etiam
1149 1454 1298 1474 summam
1314 1455 1433 1483 erogare
1457 1449 1613 1482 pararent;
1630 1449 1692 1475 tum
1716 1456 1782 1475 vero
1806 1447 1918 1483 liquide

215 1490 395 1519 declaratum
410 1492 464 1525 est,
481 1498 549 1518 eum
565 1498 623 1518 non
636 1498 687 1526 pro
703 1490 845 1526 pecuniis,
862 1490 913 1518 sed
928 1498 980 1526 pro
994 1490 1101 1526 pietate
1115 1491 1262 1518 certamen
1277 1490 1388 1518 iniisse.

253 1535 383 1572 ίιΔ¹.’Δρ’
409 1532 454 1561 οὗν
485 1533 630 1564 ἐπιεικείας
656 1535 739 1561 ταῦτα
767 1534 812 1561 καὶ
840 1533 1013 1572 ἡμερότητος
1031 1556 1038 1569 ,

218 1579 236 1613 ἢ
262 1578 414 1606 τούναντίον
436 1579 550 1617 θράσους
573 1578 618 1605 καὶ
640 1578 834 1616 ἀπανθρωπίας
859 1577 914 1605 ἐστὶ
938 1577 1040 1616 γνωρί-

1128 1534 1194 1562 XCI.
1220 1535 1263 1562 An
1290 1543 1358 1563 vero
1384 1535 1445 1562 hch
1471 1535 1598 1563 leuitatis
1624 1538 1652 1563 et
1672 1535 1918 1571 mansuetudinis,

1093 1581 1143 1607 aut
1157 1581 1260 1607 contra
1284 1579 1390 1607 furoris
1406 1582 1433 1606 et
1458 1579 1638 1608 crudelitatis
1661 1584 1836 1616 argumenta
1851 1580 1920 1614 sint,

216 1634 315 1661 σματα,
347 1622 497 1661 λεγέτωσαν
529 1624 593 1660 ἡμῖν
624 1624 650 1651 οἳ
669 1623 716 1650 τὸν
746 1622 895 1662 φιλόσοφον
926 1622 1038 1661 βασιλέα

1094 1624 1178 1652 nobis
1193 1623 1279 1651 velim
1295 1626 1451 1660 exponant,
1470 1625 1519 1660 qui
1536 1625 1743 1661 philosophum
1761 1626 1921 1661 imperato-

216 1670 409 1706 θαυμάζοντες.
435 1668 505 1706 Ἐγὼ
535 1668 582 1704 μὲν
608 1666 702 1695 οὑδένα
716 1669 770 1695 τῶν
794 1667 899 1695 πάντων
926 1667 1037 1705 ἀπορεῖν

1094 1677 1154 1697 rem
1171 1668 1366 1696 admirantur.
1383 1669 1441 1704 Ego
1459 1669 1576 1704 quidem
1602 1673 1677 1698 certe
1693 1670 1841 1698 neminem
1862 1670 1921 1697 fore

215 1714 294 1750 οἶμαι
317 1716 367 1748 τῆς
393 1714 433 1750 (5)
458 1711 562 1744 δικαίας
589 1712 633 1739 καὶ
659 1712 779 1747 ἀληθοῦς
806 1712 1039 1751 ἀποκρίσεως

214 1758 264 1786 Καὶ
292 1757 370 1785 οὔπω
398 1757 587 1795 προσ-τέθεικα,
617 1756 658 1784 ὅτι
677 1759 730 1784 τῶν
756 1757 914 1784 σεσωκότων
996 1756 1041 1784 τὸν

213 1802 361 1841 ἐξάγιστον,
376 1801 457 1838 ἡνίκα
481 1802 512 1829 τὸ
536 1801 613 1840 γένος
637 1801 711 1838 αὐτῷ
736 1804 787 1829 πᾶν
813 1800 969 1837 ἐκινδύνευε,
994 1802 1039 1828 καὶ

215 1846 260 1875 διὰ
283 1847 393 1882 κλοπῆς
418 1845 651 1885 ὁπεξαγαγόντων,
678 1846 715 1877 εἷς
740 1846 819 1878 οὗτος
844 1847 887 1880 ἧν·
918 1846 983 1884 ὑπὲρ
1008 1846 1039 1873 οὗ

214 1892 288 1930 τάχα
304 1890 389 1929 μόνου
406 1890 518 1923 δικαίως
541 1893 624 1919 ταῦτα
649 1890 761 1929 ἔπασχε,
777 1890 822 1918 καὶ
846 1890 934 1918 πλείω
956 1901 1041 1927 προσ-

217 1939 312 1969 παθεῖν
329 1936 402 1972 ἄξιος
417 1938 461 1972 ἦν,
478 1935 519 1964 ὅτι
535 1936 616 1964 κακὸν
632 1937 746 1964 τοσοῦτο
760 1937 795 1973 τῇ
811 1935 957 1973 οἰκουμένῃ
971 1936 1042 1972 πάσῃ

217 1982 311 2016 σώζων
338 1980 477 2013 ἐλάνθανε.
504 1980 574 2008 Φασί
595 1990 638 2008 τοι
664 1978 709 2008 διὰ
731 1982 815 2008 ταῦτα
837 1980 883 2008 καὶ
900 1979 946 2008 τὸν
966 1990 1043 2014 τηνι-

216 2028 302 2054 καῦτα
331 2025 455 2063 ὕπαρχον
487 2026 526 2063 (8)
552 2025 686 2063 (γενέσθαι
714 2025 766 2063 γὰρ
805 2023 886 2063 ἄνδρα
919 2023 1044 2059 Ἕλληνα

221 2072 267 2109 μὶν
283 2071 332 2106 τήν
349 2069 507 2108 θρησκείαν,
523 2070 568 2098 τὸν
590 2070 690 2107 τρόπον
716 2068 745 2097 δὶ
767 2070 833 2108 ὑπὲρ
848 2068 982 2105 Ἕλληνα,
999 2068 1044 2096 καὶ

218 2117 287 2144 κατᾶ
300 2115 363 2146 τοὺς
377 2115 504 2152 ἀρίστους
519 2116 572 2142 τῶν
587 2114 671 2142 πάλαι
687 2114 731 2142 καὶ
751 2117 795 2142 νῦν
821 2114 1045 2150 ἐπαινουμένων),

220 2161 309 2189 ἐκεῖνο
334 2160 402 2198 πρὸς
425 2161 471 2187 τὸν
500 2158 612 2196 βασιλέα
634 2159 702 2197 μετά
724 2158 879 2198 παρρησίας
904 2158 997 2194 εἰπεῖν,
1015 2157 1045 2185 οὖ

221 2205 337 2245 φέροντα
349 2205 382 2232 τὸ
396 2202 540 2235 πολυειδὲς
563 2207 613 2239 τῆς
634 2206 683 2231 τοῦ
698 2202 795 2241 ἀνδρὸς
820 2203 909 2234 αἰκίας
924 2203 969 2230 καὶ
984 2212 1047 2241 καρ-

221 2249 322 2288 τερίας.
352 2248 407 2277 οὐκ
437 2248 630 2287 αἰσχυνόμεθα,
663 2247 789 2286 βασιλεῦ,
819 2247 892 2286 παρὰ
918 2249 1046 2275 τοσοῦτον

223 2294 378 2331 ἡττώμενοι
406 2294 446 2331 (9)
475 2293 581 2321 πάντων
612 2292 799 2330 Χριστῖανῶν,
830 2292 868 2323 ὡς
895 2290 964 2329 μηδὲ
992 2293 1048 2329 (10)

1096 1713 1240 1747 existimo,
1257 1713 1304 1741 cui
1322 1714 1405 1749 justa
1421 1716 1448 1741 et
1461 1722 1528 1741 vera
1554 1715 1705 1750 responsio
1721 1716 1855 1742 defutura
1871 1715 1918 1742 sit.

1096 1758 1227 1786 Necdum
1244 1757 1316 1785 illud
1332 1758 1438 1793 adjeci,
1453 1758 1533 1786 hunc
1548 1767 1582 1786 ex
1597 1759 1633 1787 iis
1648 1767 1742 1787 unum
1757 1760 1858 1792 fuisse,
1869 1759 1920 1794 qui

1094 1802 1268 1830 sceleratum
1283 1801 1368 1830 illum
1384 1804 1412 1830 et
1426 1803 1648 1839 exsecrandum,
1659 1805 1734 1840 tum,
1744 1812 1811 1832 cum
1826 1811 1920 1840 genus

1096 1847 1190 1883 ipsius
1216 1849 1310 1875 totum
1334 1847 1557 1883 periclitaretur,
1581 1850 1742 1884 servarant,
1760 1848 1920 1884 furtimque

1095 1892 1295 1920 subduxerunt
1311 1900 1318 1920 ι
1335 1900 1393 1927 quo
1416 1891 1504 1920 etiam
1519 1892 1581 1920 solo
1597 1892 1715 1921 nomine
1740 1893 1845 1921 merito
1860 1892 1921 1921 for-

1097 1938 1174 1963 tasse
1190 1936 1249 1963 haec
1264 1935 1492 1971 perpetiebatur,
1510 1945 1543 1964 ac
1558 1936 1642 1972 plura
1662 1937 1773 1972 perpeti
1789 1937 1921 1965 mereba-

1098 1983 1154 2014 tur,
1172 1980 1249 2015 quod
1265 1981 1380 2007 tantum
1403 1979 1514 2008 malum
1537 1980 1673 2009 universo
1689 1982 1834 2010 terrarum
1858 1981 1923 2010 orbi

1098 2024 1271 2060 imprudens
1287 2025 1427 2051 servarat.
1437 2024 1479 2052 Ob
1495 2024 1525 2053 id
1541 2025 1759 2062 enimvero,qui
1770 2028 1835 2055 tum
1850 2034 1924 2063 pra-

1099 2069 1165 2097 fecti
1195 2076 1315 2096 munere
1344 2069 1521 2105 fungebatur
1548 2069 1729 2107 (quanquam
1754 2071 1834 2100 enim
1856 2070 1925 2100 reli-

1100 2114 1185 2150 gione
1210 2113 1339 2149 gentilis,
1362 2113 1494 2142 moribus
1519 2116 1618 2144 tamen
1644 2116 1747 2152 gentili
1770 2116 1927 2145 sublimior

1100 2161 1173 2191 erat,
1200 2166 1232 2185 ac
1256 2157 1489 2194 praeclarissimis
1515 2159 1681 2196 quibusque
1704 2163 1734 2189 et
1756 2160 1925 2189 laudatissi-

1102 2203 1169 2237 mis,
1185 2204 1245 2230 tam
1260 2202 1365 2230 veteris
1381 2211 1470 2239 quam
1482 2206 1588 2232 nostrae
1604 2205 1750 2233 memorias
1759 2205 1829 2234 viris
1843 2213 1926 2234 com-

1102 2247 1469 2285 parandus),multiplicem
1484 2248 1613 2277 hominis
1628 2249 1750 2285 hujusce
1764 2249 1926 2279 cruciatum

1104 2301 1136 2321 ac
1151 2292 1336 2320 tolerantiam
1360 2296 1417 2321 non
1434 2292 1541 2328 ferens,
1556 2293 1630 2321 illud
1655 2295 1692 2322 ad
1718 2294 1926 2331 imperatorem

261 2347 388 2391 (98)]Ινα
397 2349 529 2386 χρυσοῦν.
546 2347 648 2375 Plures
664 2346 789 2381 codices,
805 2348 834 2375 et
848 2346 932 2375 Herv.
945 2344 991 2373 ’ίνα
1007 2356 1038 2384 μτ

1103 2345 1352 2391 γῳδίοιψιημυεε
1364 2345 1399 2373 ad
1412 2353 1491 2391 oram
1498 2346 1656 2391 ‘Heilnsiani.
1663 2347 1771 2391 codicis
1778 2347 1927 2391 leguntur.

224 2393 354 2422 χριξφυν-

269 2421 321 2459 99),
330 2418 510 2459 ᾼιεκαεζτὲρει.
525 2417 758 2459 ᾼΙίἱλᾶκαρῇρει.

275 2453 401 2491 1)’Νεών.
414 2453 508 2491 'Re'gg.
524 2453 590 2491 bm,’
601 2454 621 2489 1,
638 2453 667 2483 et
681 2453 746 2491 Bill.
761 2453 837 2491 ναόν.

275 2463 301 2491 1)
316 2463 401 2483 ινεων.
418 2463 478 2491 neg
502 2476 508 2483 .
524 2463 585 2491 om,
601 2463 621 2489 ι,
638 2463 667 2483 et
681 2463 746 2482 mu.
762 2463 837 2481 ναον.

271 2489 389 2554 ὮΚὲπὰ
405 2463 512 2528 μικρᾶ.
539 2491 607 2527 Reg.
638 2491 690 2526 hu,
720 2490 800 2518 Colb.
830 2498 856 2525 a,
872 2490 899 2524 2,
917 2491 945 2517 et
969 2489 1049 2517 Pass.

271 2536 277 2553 τ
313 2537 333 2554 LI-
348 2536 403 2554 00C.

228 2536 296 2554 κατα
313 2536 403 2563 μερος.

264 2560 361 2598 (3)
374 2561 418 2598 καὶ
435 2561 535 2589 ὁτιοῦν.
553 2562 618 2598 Sav.
633 2562 672 2597 τῷ
688 2560 789 2598 ὁτιοῦν.

276 2594 305 2635 4)
320 2594 445 2635 Ἐδείχθη
461 2599 564 2635 captito.
582 2597 646 2635 Sav'
659 2594 707 2634 ⁷γρ.
728 2594 879 2635 διεδείχθη.

275 2629 305 2672 5)
323 2629 411 2672 σῖμᾰῖ
421 2629 482 2667 τῆς.
502 2629 691 2672 'Subauditiii-
708 2629 867 2672 τηρῇ-νει,
891 2629 967 2659 ἕνεκα
979 2631 1054 2672 ὀπῆς,

324 2668 497 2698 observatur
513 2669 548 2697 ad
565 2677 646 2697 oram
662 2668 731 2705 Reg.
744 2668 812 2697 'cod.
829 2677 859 2696 υ.

267 2706 306 2743 (6)
321 2705 427 2743 ’Δποπρ
441 2714 519 2743 caule.
535 2705 600 2733 Sav.
617 2700 743 2743 additin
772 2712 871 2743 marg:
890 2700 1056 2743 massyli—.3-

231 2738 302 2769 εἱνὶιί
319 2738 536 2780 φιλανθρωπίας,
552 2751 568 2767 ‹‹
589 2740 686 2780 omnis
700 2738 854 2780 expertem—
863 2738 1057 2780 humanitatis

230 2785 312 2842 Esse.l
324 2774 356 2842 ἑὲ
369 2774 451 2842 (ὶιέόά
472 2774 638 2814 agnoscunt
659 2774 793 2806 nonnulli
821 2775 945 2810 codices,
962 2774 1057 2809 Pass.,

256 2821 300 2842 eis
316 2834 322 2842 .
358 2834 366 2842 .
381 2822 397 2842 ο
412 2822 437 2842 c.

256 2813 322 2842 oisl.
337 2815 366 2843 2.
381 2817 437 2843 etc.

337 2834 477 2879 πότῗυντῶν
505 2846 675 2885 σισωκάιων,
698 2849 754 2878 etc.
784 2849 893 2878 Auctor
911 2845 1058 2876 variarum

230 2679 287 2707 quo

1104 2382 1151 2409 hic
1166 2389 1197 2409 se
1212 2381 1462 2445 Anglumfrodit,
1479 2384 1508 2410 et
1522 2383 1694 2418 reformatae,
1719 2385 1752 2411 ut
1766 2381 1860 2418 aiu‘nt,
1887 2390 1930 2411 ro-

1104 2417 1205 2445 liaioni
1222 2425 1329 2445 nomen
1365 2418 1478 2445 edisse:
1496 2418 1546 2445 aui
1571 2418 1667 2445 Marco
1694 2419 1843 2445 Julianum
1865 2426 1928 2445 ser-

1104 2417 1205 2453 ligioni
1222 2425 1329 2445 nomen
1344 2417 1478 2452 dedisse;
1496 2418 1546 2453 qui
1571 2418 1667 2446 Marco
1685 2417 1928 2447 ’Julianum'ser-

1104 2453 1200 2490 venti,
1212 2454 1400 2490 Cramnerum
1416 2462 1503 2481 suum
1520 2454 1642 2482 Mariam
1658 2455 1789 2490 reginam
1810 2461 1929 2482 servan-

1106 2491 1177 2520 tem,
1194 2488 1240 2516 his
1254 2489 1350 2516 verbis
1365 2491 1531 2524 comparat:
1550 2500 1565 2514 ‹‹
1580 2490 1626 2517 Sic
1642 2488 1817 2519 Cra‘mnerus
1830 2491 1931 2518 noster

1106 2525 1239 2565 Mariam,
1256 2525 1386 2565 reginam
1402 2527 1502 2565 postea
1516 2525 1636 2565 Anglia,
1650 2534 1758 2565 magno
1775 2529 1807 2565 _et
1822 2534 1891 2565 _suo
1902 2526 1931 2553 et

1108 2560 1232 2601 aliorum
1248 2560 1335 2596 malo,
1352 2561 1387 2588 ab
1407 2560 1578 2589 imminente
1593 2560 1850 2598 capitis’periculo
1871 2568 1931 2589 ser-

1107 2598 1347 2695 va(§)"'i~rap,iov.
1364 2631 1428 2659 13111.
1447 2641 1460 2658 α
1475 2632 1661 2673 Hyparchum
1676 2644 1690 2658 ››
1704 2632 1800 2668 vertit,
1815 2632 1934 2660 Combe-

1109 2667 1174 2695 fism
1197 2675 1254 2694 non
1278 2676 1295 2695 ι)
1309 2669 1381 2695 acet.
1398 2668 1429 2695 In
1444 2670 1556 2695 Sozom.
1572 2669 1714 2695 redditur.
1746 2678 1761 2694 «
1777 2667 1934 2695 Praefectus

1109 2667 1181 2730 fisiot
1197 2675 1254 2708 non
1277 2667 1381 2702 placet.
1398 2668 1429 2695 In
1444 2670 1556 2696 Sozom.
1572 2669 1714 2704 redditur,
1746 2678 1761 2694 «
1777 2667 1945 2698 Praefectum.

1110 2711 1168 2730 orae
1183 2711 1246 2730 OI'll.
1265 2714 1280 2727 J)

1110 2711 1246 2739 praetorii.
1265 2714 1280 2739 ν

1146 2738 1183 2810 (9)
1196 2738 1373 2774 Ἠττώμενοι.
1386 2738 1468 2768 Pass.
1488 2737 1651 2775 ἡττημένοι.

1159 2774 1203 2810 10)
1217 2774 1260 2810 ’95
1277 2772 1357 2810 μηδὲ.
1387 2775 1434 2804 Sic
1461 2777 1587 2810 quatuor
1611 2775 1651 2805 Re

1159 2771 1203 2810 1'0)
1217 2774 1264 2815 ’95.
1277 2771 1357 2810 μηδι.
1387 2775 1434 2804 Sic
1461 2771 1587 2811 quatuor
1611 2775 1701 2813 Regg.
1725 2775 1755 2804 et
1767 2771 1936 2815 BquPu',

1113 2807 1181 2838 ὥστε
1194 2807 1278 2847 μηδὲ.
