4148 6290
428 464 545 523 625

1414 462 1711 525 ORATIO
1758 462 1858 523 IV.
1890 462 2306 523 —CONTRA
2353 461 2751 523 JULIANUM
2799 461 2847 521 Ι.

3730 461 3850 522 626

428 595 588 651 τοῦτό
627 615 687 671 γε
736 596 908 648 ποιῶν
962 592 1201 669 μέτριον·
1259 592 1425 663 δῆλον
1474 596 1591 666 (23)
1634 592 1691 648 δὲ
1722 600 1799 665 τῷ
1826 594 2073 669 κρύπτειν

2194 596 2394 651 culum
2451 595 2828 650 vocabantur.
2877 594 3285 650 Condonemus
3342 592 3478 664 ista,
3534 595 3582 649 si
3636 594 3845 667 placet.

432 684 755 760 ἐπιχειρεῖν,
807 683 881 745 ὡς
934 682 1031 737 οὐκ
1082 683 1342 759 εύπρεπὶς
1393 686 1449 739 ὃν
1483 685 1545 738 τὸ
1595 684 1720 759 ἄγος
1764 680 2082 756 δημοσιεύε-

434 777 569 829 σθαι⁶
631 774 697 827 τὰ
757 774 851 847 μὲν
908 774 1009 849 γάρ
1067 772 1373 847 Καισαρέων
1448 772 1559 846 (24)
1615 776 1723 827 τῶν
1781 773 2083 847 ἡμετέρων,

427 862 635 919 τούτων
698 859 754 916 δὲ
810 867 917 916 τῶν
968 862 1328 940 μεγαλοφυῶν
1383 862 1472 916 καὶ
1530 863 1742 934 Θερμῶν
1802 862 1881 925 εἷς
1937 861 2082 916 εὐσέ-

430 947 601 1024 ϐειαν,
635 950 811 1013 οὕτως
864 952 951 1006 ὑπ’
983 951 1147 1005 αὐτοῦ
1185 950 1668 1027 περιεληλαμένων
1699 952 1788 1006 καὶ
1823 947 2079 1025 ὑϐρισμέ-

426 1063 553 1112 νων,
610 1039 742 1102 ἴσως
804 1038 957 1095 οὐδὲν
1193 1038 1469 1109 ὀνειδίζειν
1530 1042 1694 1111 ἄξιον·
1756 1038 1929 1096 ἐδόκει
1980 1043 2079 1117 γὰρ

430 1132 561 1206 ὑπὲρ
617 1134 715 1199 τῆς
773 1128 949 1205 τύχης
1008 1128 1232 1192 ἐνδίκως
1291 1132 1606 1205 ἀγανακτῶν
1668 1131 1719 1185 ἐν
1765 1135 1939 1207 καιρῷ
1979 1137 2079 1199 τῆς

430 1219 683 1294 εὐτυχίας
732 1221 846 1292 (26)
898 1216 1277 1293 ἀτυχησάσης,
1328 1219 1415 1274 ἐπὶ
1463 1220 1664 1290 ταύτην
1710 1217 2080 1295 προεληλυθέ-

428 1331 515 1363 ναι
543 1310 640 1376 τήν
690 1305 979 1363 ἀντίδοσιψ
1037 1306 1222 1377 ἐπειδή
1277 1306 1358 1363 δεῖ
1408 1330 1460 1364 τι
1508 1309 1597 1363 καὶ
1650 1313 1955 1384 συγχωρεῖν
1988 1308 2077 1363 καὶ

428 1396 608 1468 ἀδικίᾳ
636 1396 1062 1472 κατακρατούσῃ.

2195 689 2394 756 utpote
2428 700 2677 755 quorum
2712 684 2903 756 ipsum
2938 684 3111 739 etiam
3160 682 3503 755 pudebat,in
3536 682 3645 739 hoc
3695 688 3850 741 certe

2195 775 2583 830 moderatum.
2606 773 2664 827 Id
2697 772 2852 827 enim
2875 773 3011 828 hinc
3044 772 3266 844 liquido
3287 775 3538 843 constat,
3560 774 3712 845 quod
3736 774 3847 830 hoc

2194 864 2404 932 scelus,
2442 867 2499 917 ut
2549 862 2927 919 inhonestum
2958 879 3023 919 ac
3072 867 3264 934 turpe,
3298 862 3656 934 omninoque
3692 862 3847 919 indi-

2190 969 2374 1025 gnum
2410 953 2564 1024 quod
2616 951 3007 1024 evulgaretur,
3040 967 3305 1023 premere
3334 954 3508 1023 atque
3554 951 3846 1009 occultare

2191 1042 2511 1115 satagebat.
2547 1042 2692 1097 Nam
2728 1058 2854 1113 quae
2886 1041 2943 1097 in
2974 1041 3362 1097 Caesarienses
3392 1044 3626 1097 nostros
3658 1042 3844 1097 admi-

2191 1132 2286 1202 sit,
2321 1131 2447 1197 hos,
2480 1131 2748 1202 inquam,
2780 1130 2962 1185 animi
3014 1131 3417 1202 magnitudine
3448 1131 3745 1202 praeditos,
3778 1149 3843 1187 ac

2188 1220 2421 1292 pietatis
2456 1220 2650 1274 studio
2700 1220 3007 1288 ferventes,
3042 1219 3122 1274 ita
3168 1220 3239 1275 ab
3282 1235 3348 1275 eo
3402 1218 3744 1291 exagitatos,
3777 1237 3844 1275 ac

2186 1325 2292 1382 per
2320 1309 2735 1365 contumeliam
2769 1312 3024 1380 vexatos,
3059 1309 3308 1366 fortasse
3335 1324 3407 1365 ne
3436 1307 3688 1379 objicere
3716 1308 3843 1380 qui-

2188 1400 2320 1455 dem
2354 1416 2588 1471 aaquum
2620 1399 2813 1455 fuerit.
2846 1399 3074 1455 Etenim
3105 1399 3178 1455 ob
3210 1398 3551 1467 Fortunam,
3574 1398 3843 1454 fortuna-

426 1486 556 1543 tiori
588 1490 850 1558 tempore
880 1486 1200 1542 infortunio
1232 1488 1521 1555 affectam,
1541 1489 1703 1559 justa
1734 1487 2135 1560 indignatione
2167 1492 2520 1553 commotus,
2551 1489 2625 1543 ad
2658 1488 2809 1543 hanc
2841 1488 3125 1543 ultionem
3156 1501 3503 1559 progressus
3533 1502 3662 1543 esse
3689 1485 3845 1541 vide-

426 1578 601 1633 batur
636 1595 648 1632 :
685 1576 1161 1648 quandoquidem
1194 1575 1498 1647 injustitise
1530 1577 1855 1633 dominanti
1887 1576 2155 1633 nonnihil
2190 1577 2631 1632 concedendum
2663 1582 2768 1631 est.

498 1666 606 1741 LLI".
641 1662 819 1719 Ἀλλὰ
849 1664 932 1725 τίς
982 1663 1080 1718 οὐκ
1130 1661 1294 1732 οἶδεν,
1344 1664 1442 1737 ὡς,
1476 1662 1659 1737 δήμου
1690 1665 1832 1727 τινὸς
1880 1664 2078 1737 ἐπιμα-

426 1752 606 1815 νέντος
664 1758 1008 1828 Χριστιανοῖς
1045 1799 1059 1821 ,
1117 1753 1206 1807 καὶ
1282 1752 1455 1808 πολὺν
1534 1754 1629 1827 μὲν
1699 1753 2077 1830 ἐργασαμένων

428 1842 612 1919 φόνον,
647 1840 824 1896 πλείω
874 1839 931 1896 δὲ
979 1839 1374 1912 ἀπειλούντων,
1408 1840 1595 1913 ἐπειδὴ
1633 1844 1801 1915 μέσην
1844 1840 2076 1919 βαδίζων

428 1933 456 1986 ὁ
484 1929 582 1987 τοῦ
615 1928 800 1995 ἔθνους
853 1928 1039 2006 ἄρχων
1089 1935 1185 1985 τοῦ
1236 1937 1427 2007 καιροῦ
1474 1934 1562 1986 καὶ
1608 1937 1716 1987 τῶν
1764 1932 2079 2006 νόμων(τῴ

2263 1666 2453 1720 XCIII.
2488 1669 2562 1720 At
2588 1681 2722 1721 vero
2756 1666 2888 1737 quis
2918 1670 3005 1721 est
3038 1665 3295 1732 nescius,
3328 1680 3461 1719 cum
3510 1664 3844 1737 promiscua

2190 1755 2355 1828 plebs
2388 1756 2645 1812 furenter
2674 1755 2733 1810 in
2763 1753 3129 1811 Christianos
3156 1753 3444 1827 impetum
3476 1752 3733 1819 fecisset,
3764 1754 3846 1808 at-

2190 1861 2303 1916 que
2333 1844 2554 1917 ingenti
2585 1845 2741 1900 caede
2770 1847 3119 1916 perpetrata,
3137 1843 3306 1915 plura
3326 1843 3504 1899 etiam
3526 1840 3843 1898 commina-

2188 1939 2366 2005 retur,
2399 1934 2588 2006 gentis
2620 1935 2978 2005 praefectum,
3014 1933 3293 2005 quoniam
3325 1932 3519 1989 media
3546 1931 3642 1987 via
3688 1931 3843 1986 inter

431 2022 523 2096 μὶν
564 2022 664 2096 γὰρ
697 2018 973 2075 δουλεύειν
1020 2018 1158 2092 ᾤετο
1210 2018 1344 2090 δεῖν,
1387 2021 1516 2085 τοὺς
1548 2020 1604 2076 δὲ
1638 2023 1869 2097 μετρίως
1898 2021 2073 2098 ᾐσχύ-

2194 2026 2422 2095 tempus
2451 2032 2502 2079 et
2556 2024 2710 2096 leges
2759 2023 3035 2079 incedens
3068 2023 3157 2094 (ut
3205 2022 3363 2078 enim
3413 2020 3664 2093 tempori
3717 2035 3836 2076 ser-

425 2112 583 2183 νετο),
617 2109 706 2164 καὶ
738 2109 827 2164 διὰ
849 2114 1009 2165 τοῦτο
1046 2108 1293 2173 πολλοὺς
1328 2110 1421 2184 μὲν
1450 2111 1741 2187 ἀπαγαγὼν
1789 2114 1901 2185 (27)
1942 2118 2068 2187 Χρι-

425 2204 673 2268 στιανῶν,
720 2197 937 2273 ἀλίγοις
984 2196 1041 2254 δὲ
1086 2203 1193 2254 τῶν
1247 2199 1527 2271 Ἐλλήνων
1580 2202 1928 2274 ἐπιτιμήσας,
1976 2202 2070 2254 εἴτ’

428 2287 681 2363 ἀναχθεὶς
733 2290 851 2361 (28)
905 2291 983 2359 τῷ
1047 2286 1299 2362 βασιλεῖ,
1360 2291 1692 2367 κατηγορίας
1749 2289 2070 2365 γενομένης,

428 2379 621 2451 ἄτιμος
667 2378 757 2431 καὶ
808 2376 1149 2453 ἀνάρπαστος
1202 2381 1315 2452 (29)
1365 2379 1488 2456 περί
1534 2378 1740 2434 τούτων
1794 2378 2068 2455 έκρίνετο’

427 2466 514 2521 καὶ
569 2465 699 2528 τοὺς
757 2466 959 2538 νόμους
1005 2462 1410 2543 προύϐάλλετο,
1470 2470 1586 2523 καθ’
1637 2469 1727 2531 οὓς
1784 2467 2068 2539 ἐπιστεύθη

429 2554 686 2629 δικάζειν,
724 2560 921 2632 μικροῦ
972 2559 1065 2629 μὲν
1113 2557 1337 2633 ἀπήχθη
1383 2560 1481 2627 τήν
1532 2557 1618 2613 ἐπὶ
1650 2560 1879 2631 Θανάτῳ·
1913 2556 2070 2619 τέλος

429 2643 505 2718 δὲ,
557 2644 965 2722 φιλανθρωπίας
1016 2647 1217 2722 τυχὼν,
1270 2645 1474 2721 ἐξορίαν
1520 2648 1890 2722 κατακρίνεται
1922 2666 1934 2716 ;
1971 2644 2071 2702 Καὶ

426 2737 460 2803 ἡ
508 2734 771 2811 ἀπόφασις
831 2735 904 2795 ὡς
962 2735 1230 2807 Θαυμασία
1284 2756 1342 2789 τε
1397 2735 1484 2791 καὶ
1537 2736 1969 2814 φιλάνθρωποςί
2015 2734 2074 2789 Τί

424 2825 524 2900 γὰρ
560 2824 721 2897 μέγα,
753 2825 915 2901 φησὶν
945 2825 972 2877 ὁ
1024 2822 1231 2886 δίκαιος
1286 2822 1560 2895 δικαστὴς,
1610 2826 1699 2880 καὶ
1749 2828 1823 2899 μή
1859 2824 2071 2880 διώκων

428 2913 806 2987 Χριστιανοὺς,
868 2913 913 2967 εί
968 2913 1295 2975 Γαλιλαίους
1356 2912 1483 2969 δέκα
1541 2915 1636 2989 μία
1692 2917 1815 2991 χεὶρ
1874 2914 2074 2987 Ἑλλη-

427 3003 553 3069 νικὴ
605 3001 1034 3079 κατειργάσατο;
1085 3007 1259 3057 Ταῦτα
1308 3003 1407 3058 οὐκ
1450 3004 1674 3078 ὠμότης
1730 3007 2070 3083 περιφανής;

426 3094 594 3143 ταῦτα
650 3089 710 3144 ού
766 3092 1100 3168 πρόγραμμα
1158 3090 1405 3169 διωγμοῦ
1439 3141 1453 3166 ,
1502 3095 1591 3148 καὶ
1649 3095 1792 3149 πολύ
1850 3117 1909 3171 γε
1966 3100 2070 3149 τῶν

431 3175 672 3250 δημοσίᾳ
720 3180 1120 3255 προτιθεμένων
1188 3182 1560 3259 ἐναργέστερον
1611 3184 1700 3238 καὶ
1751 3187 1861 3259 (30)
1912 3180 2072 3262 φοϐε-

426 3268 661 3343 ρώτερον
714 3287 727 3337 ;
769 3267 829 3323 Τί
874 3270 978 3345 γὰρ
1036 3268 1274 3348 διαφέρει
1329 3276 1424 3326 τοῦ
1471 3270 1713 3327 κίνδυνον
1760 3272 2072 3349 προγράψαι

424 3363 762 3430 Χριστιανοῖς
820 3359 883 3413 τὸ
942 3364 1058 3421 τοῖς
1103 3356 1359 3422 διώκταις
1414 3363 1747 3437 Χριστιανῶν
1803 3361 2072 3435 ἡδόμενον

424 3447 721 3523 φαίνεσθαι,
768 3449 855 3503 καὶ
910 3448 1049 3524 μέγα
1097 3448 1349 3525 ἔγκλημα
1403 3457 1671 3515 ποιεῖσθαι
1730 3454 1791 3507 τὸ
1853 3454 2068 3529 μετριά-

426 3542 529 3606 ζειν
566 3556 580 3607 ;
612 3537 675 3591 τὸ
721 3538 822 3614 γὰρ
877 3537 1166 3613 βούλεσθαι
1222 3538 1489 3615 βασιλέως
1532 3537 1772 3620 ἄγραφός
1818 3542 1928 3597 ἐστι
1978 3542 2069 3596 νό-

427 3647 546 3699 μος,
602 3631 681 3697 τῷ
727 3626 909 3701 κράτει
964 3628 1456 3705 συνηγορούμενος,
1518 3630 1607 3685 καὶ
1656 3630 1804 3687 πολὺ
1852 3652 1913 3707 γε
1964 3636 2069 3686 τῶν

420 3719 674 3791 γραπτῶν
726 3715 1120 3793 ἰσχυρότερος,
1168 3722 1275 3773 τῶν
1323 3719 1383 3773 ού
1435 3716 1714 3791 δυναστείᾳ
1766 3722 2070 3796 βοηθουμέ-

421 3826 523 3860 νων
530 3849 543 3861 .

2182 2114 2457 2169 viendum
2488 2113 2752 2184 putabat,
2776 2113 2859 2167 ita
2886 2112 3061 2167 etiam
3094 2111 3252 2185 leges
3277 2128 3510 2183 quoque
3539 2110 3690 2166 I27
3716 2123 3838 2165 me-

2180 2202 2454 2258 diocriter
2496 2202 2844 2270 verebatur),
2878 2200 3084 2256 multis
3130 2199 3597 2256 Christianorum
3645 2199 3705 2253 in
3731 2198 3836 2268 ju-

2181 2292 2397 2347 dicium
2432 2291 2634 2363 raptis,
2666 2291 2727 2345 in
2778 2289 3096 2346 nonnullos
3128 2289 3302 2346 etiam
3348 2288 3656 2361 gentilium
3706 2285 3835 2342 ani-

2180 2382 2609 2447 madvertisset,
2662 2383 2790 2436 orta
2832 2383 3027 2452 postea
3081 2379 3473 2446 accusatione,
3523 2380 3595 2436 ad
3644 2378 3834 2451 impe-

2180 2475 2433 2527 ratorem
2463 2470 2706 2525 ductum
2756 2484 2905 2536 esse,
2939 2484 3004 2524 ac
3057 2484 3293 2524 summa
3322 2485 3455 2524 cum
3505 2468 3830 2542 ignominia

2174 2559 2466 2633 judicium
2497 2559 2752 2614 subiisse
2786 2576 2797 2612 :
2834 2574 3081 2629 cumque
3112 2574 3174 2613 se
3203 2557 3453 2631 legibus,
3478 2574 3547 2614 ex
3577 2575 3829 2629 quarum

2182 2649 2518 2722 praescripto
2549 2648 2661 2704 sibi
2682 2647 2988 2719 judicandi
3020 2646 3318 2720 provincia
3360 2647 3677 2703 commissa
3705 2647 3832 2705 fuec

2184 2743 2290 2806 rat,
2324 2742 2605 2805 tueretur,
2643 2736 2785 2792 nihil
2816 2737 3058 2810 propius
3101 2737 3319 2792 factum
3372 2753 3501 2793 esse
3542 2754 3720 2810 quam
3770 2742 3835 2793 ut

2185 2830 2253 2884 ad
2291 2832 2535 2883 mortem
2568 2830 2869 2899 raperetur
2902 2843 2915 2883 :
2949 2826 3018 2883 ad
3053 2829 3378 2881 extremum
3418 2830 3615 2882 autem
3647 2826 3834 2899 impe-

2184 2917 2394 2973 ratoris
2424 2917 2734 2972 clementia
2765 2916 2967 2972 exsilio
2984 2916 3271 2971 duntaxat
3286 2914 3633 2970 mulctatum
3667 2916 3839 2972 esse?

2184 3013 2360 3063 Porro
2394 3024 2571 3078 quam
2620 3005 2897 3077 praeclara
2925 3010 2980 3060 et
3029 3005 3292 3060 humana
3331 3004 3659 3061 sententia!
3692 3007 3838 3076 Quid

2182 3097 2333 3151 enim
2360 3112 2546 3164 grave,
2580 3095 2773 3166 inquit
2794 3095 2997 3164 justus
3018 3094 3223 3165 judex,
3254 3093 3612 3166 minimeque
3641 3094 3838 3152 Chris-

2184 3186 2376 3241 tianos
2433 3200 2811 3257 persequens,
2852 3183 2901 3237 si
2954 3200 3153 3238 manus
3209 3200 3323 3238 una
3376 3184 3600 3255 gentilis
3656 3184 3834 3241 decem

2185 3276 2447 3332 Galilaeos
2505 3274 2844 3343 interfecit?
2899 3272 3026 3327 Haec
3084 3287 3216 3328 vero
3273 3289 3467 3328 annon
3525 3273 3837 3346 perspicua

2185 3364 2500 3419 crudelitas
2525 3367 2752 3419 Pannon
2780 3361 3201 3433 persecutionis
3222 3362 3506 3433 edictum,
3523 3366 3580 3419 et
3599 3363 3836 3436 quidem

2183 3454 2254 3509 iis
2287 3470 2412 3525 quae
2446 3452 2675 3525 publice
2722 3456 3150 3525 preponuntur,
3184 3452 3370 3508 multo
3420 3452 3752 3524 expressius
3782 3457 3840 3508 et

2185 3542 2613 3599 formidabilius
2635 3541 2662 3596 ?
2681 3541 2829 3608 Quid
2850 3540 3006 3597 enim
3034 3542 3296 3611 interest,
3330 3540 3658 3614 periculum
3681 3541 3837 3597 Chri-

2184 3634 2392 3689 stianis
2422 3632 2615 3689 edicas
2637 3636 2814 3703 atque
2832 3630 3270 3704 promulges,an
3293 3636 3350 3687 te
3370 3631 3837 3689 Christianorum

2183 3724 2652 3795 persecutoribus
2703 3722 2976 3778 delectari
3028 3739 3145 3794 prae
3192 3725 3248 3777 te
3293 3722 3465 3791 feras,
3522 3720 3839 3795 magnique

2185 3812 2449 3868 criminis
2482 3812 2605 3867 loco
2636 3812 2838 3879 ducas,
2858 3811 3253 3867 moderatione
3284 3811 3536 3883 quadam
3569 3826 3709 3884 erga
3737 3827 3838 3867 eos

422 3895 553 3951 uti?
580 3895 743 3952 Velle
773 3896 989 3953 etenim
1044 3897 1437 3970 imperatoris,
1472 3900 1563 3956 lex
1606 3903 1696 3955 est
1751 3918 1866 3956 non
1916 3902 2153 3975 scripta,
2187 3902 2418 3974 imperii
2467 3906 2523 3955 et
2572 3899 2842 3972 potentia;
2888 3898 3210 3971 patrocinio
3258 3902 3444 3971 septa,
3493 3902 3551 3954 et
3599 3899 3838 3972 quidem

423 3986 656 4058 scriptis
686 3986 939 4059 legibus,
972 4003 1101 4059 qua:
1132 3990 1392 4060 potentia
1422 4007 1537 4046 non
1568 3989 1911 4063 fulciuntur,
1943 3992 2115 4064 longe
2145 3992 2369 4047 firmior
2398 3995 2574 4061 atque
2603 3988 2904 4044 valentior.

496 4074 605 4151 lLA'.
639 4070 739 4145 Ού,
773 4074 927 4152 φασὶν
962 4076 1013 4129 οἱ
1042 4076 1110 4129 τὰ
1149 4075 1352 4130 ἰκείνου
1398 4074 1659 4149 σέϐοντες,
1691 4078 1779 4132 καὶ
1828 4080 1918 4133 τὸν
1956 4078 2070 4134 νέον

426 4164 559 4236 ἡμῖν
597 4164 715 4227 θεὸν
745 4162 1194 4235 ἀναπλάττοντες,
1246 4165 1337 4220 τὸν
1368 4164 1499 4235 ἡδὺν
1543 4167 1631 4221 καὶ
1666 4166 2068 4245 φιλάνθρωπον·

425 4251 550 4307 ἀλλ’
582 4250 665 4307 ὅτι
699 4254 772 4325 μὴ
811 4251 1070 4325 δημοσίᾳ,
1121 4252 1493 4310 διωκέσθωσαν
1543 4257 1878 4331 Χριστιανοὶ,
1911 4256 2075 4334 πρού-

426 4341 575 4413 θηκε,
627 4340 717 4395 καὶ
766 4343 939 4396 πάντα
969 4342 1347 4418 πασχέτωσαν,
1382 4343 1479 4399 ὅσα
1509 4342 1658 4399 δοκεῖ
1693 4351 1808 4407 τοῖς
1842 4344 2074 4400 διώκου-

423 4451 526 4501 σιν,
586 4430 830 4508 ἀφιέντες
888 4432 1045 4486 αύτὸν
1101 4439 1201 4500 τῆς
1254 4438 1350 4488 τοῦ
1410 4431 1623 4488 διώκειν
1693 4434 1866 4496 αἰτίας
1902 4479 1914 4492 .
1970 4436 2075 4504 Τὴν

426 4516 589 4595 ὕδραν
617 4521 731 4593 (31)
764 4517 821 4575 δὲ
860 4518 1036 4583 οὐδεὶς
1084 4522 1307 4576 πώποτε
1356 4523 1498 4577 εἶπεν
1533 4522 1765 4599 ἥμερον,
1815 4523 1897 4578 ὅτι
1930 4523 2075 4580 ἐννέα

425 4605 664 4684 κεφαλὰς
722 4609 837 4663 ἀντὶ
900 4615 1028 4683 μιᾶς
1087 4606 1509 4686 προύϐάλλετο,
1571 4608 1626 4665 εἷ’
1672 4633 1724 4666 τι
1782 4618 1860 4684 τῷ
1922 4613 2076 4686 μύθῳ

498 4734 602 4806 (23)
636 4732 838 4803 Δῆλον.
856 4736 1029 4806 ΑΡαΒε.
1064 4732 1267 4806 δηλῶν.

493 4804 970 4880 (24)-ῌαισαρέων,
1003 4804 1126 4865 οίοζ
1147 4833 1173 4859 ‹‹
1206 4811 1267 4865 In
1301 4810 1444 4865 urbe
1475 4809 1839 4879 Caesariensi,
1899 4834 1926 4862 »
1978 4812 2070 4867 in-

424 4878 552 4949 quit
581 4878 753 4950 Elias,
787 4878 822 4929 ‹‹’
848 4878 973 4936 erat
1002 4881 1289 4953 templum
1322 4882 1703 4954 quoddam,et
1721 4878 1915 4939 statua
1936 4884 2068 4939 For-

424 4954 602 5027 tunas,
622 4967 811 5027 quam
842 4954 1125 5027 majorem
1148 4954 1207 5009 in
1240 4954 1480 5027 modum
1515 4955 1781 5010 colebant
1799 4956 2069 5027 gentiles,

426 5025 599 5104 atque
620 5022 1495 5104 imprimisjulianuspmnium
1515 5022 1852 5104 mortalium
1871 5022 2072 5100 super;

425 5092 877 5180 stitiogissimus.
902 5094 1021 5178 lloc
1052 5092 1245 5180 autem
1279 5098 1774 5180 templumsimul
1799 5092 2073 5180 cum_'sta-

424 5168 547 5243 tua,
581 5167 949 5243 Caesariensis
982 5167 1505 5243 qu_ispiam,acriori
1534 5171 1746 5243 pietate
1772 5172 2074 5243 praeditus,

424 5236 889 5315 in_cend_it_atque
920 5240 979 5294 in
999 5236 1735 5315 icineremredegitflratus
1762 5236 2073 5299 Caesariem;

424 5309 589 5382 sibus
616 5309 913 5382 Julianus,
946 5328 1044 5368 eos
1074 5309 1467 5369 contumeliis'
1501 5316 1735 5370 aii‘ectos
1776 5315 2076 5371 diuturnis

424 5381 729 5458 mulctavit
760 5382 1013 5458 exsiliis,
1052 5383 1385 5458 ipsamque
1415 5386 1640 5455 urbem,
1701 5388 2075 5458 Cappadociae

423 5454 817 5530 metropolim,
849 5454 1209 5530 e_civita'tum
1242 5454 1503 5530 catalogo
1535 5454 1835 5530 expunxi't:
1872 5482 1898 5506 n

464 5522 837 5612 ,Lp5);058év,
890 5528 1033 5612 Trag
1086 5529 1300 5600 Regg.,
1351 5522 1504 5585 unus
1552 5522 1711 5586 Golb.
1771 5536 1827 5586 et
1880 5531 1973 5586 Or.
2024 5532 2073 5597 1,

423 5597 565 5650 οὐδέ.
611 5602 775 5654 Pass.
808 5599 1042 5654 omittit.

502 5669 606 5744 (26)
639 5674 724 5723 ’Ev
753 5673 927 5742 καιρῷ
958 5677 1057 5737 τῆς
1103 5668 1379 5744 εὐτυχίας.
1440 5671 1669 5743 Billius,
1730 5696 1757 5723 ‹‹
1816 5672 2078 5730 melioris

428 5741 676 5814 fortunae
717 5741 999 5814 tempore.
1032 5766 1059 5793 »

502 5811 615 5886 (27)
666 5811 1010 5891 Ἀπαγᾶγών.
1084 5814 1311 5885 Billius,
1372 5838 1398 5869 ev
1459 5816 1764 5889 abductis;
1817 5839 1847 5867 »
1900 5816 2075 5888 Elias,

2256 4080 2439 4135 XCIV.
2475 4080 2598 4134 Non
2632 4079 2713 4134 ita
2743 4082 2849 4145 est,
2884 4074 3189 4150 inquiunt,
3214 4077 3313 4149 qui
3346 4093 3438 4134 res
3478 4076 3639 4133 illius
3664 4090 3851 4137 vene?

2186 4174 2407 4236 rantur,
2426 4185 2755 4239 novumque
2785 4169 2960 4223 deum
2984 4167 3152 4222 illum
3176 4166 3345 4223 nobis
3367 4166 3677 4240 efﬁngunt,
3700 4170 3838 4224 sua-

2182 4275 2335 4327 νοω,
2370 4258 2633 4329 inquam,
2666 4257 2834 4312 illum
2866 4260 2922 4311 et
2950 4255 3305 4328 benignum:
3338 4271 3542 4311 verum
3573 4255 3715 4329 quia
3743 4272 3841 4313 ne-

2185 4365 2476 4420 quaquam
2510 4352 2705 4419 aperte
2754 4346 3165 4419 promulgavit,
3198 4351 3265 4402 ut
3310 4346 3631 4403 Christiani
3667 4362 3837 4404 vexa-

2185 4443 2404 4508 rentur,
2438 4442 2612 4509 atque
2642 4453 2709 4493 ea
2739 4438 2935 4492 omnia
2966 4441 3326 4509 paterentur,
3343 4453 3469 4509 quas
3500 4441 3838 4509 persecuto-

2185 4526 2347 4581 ribus
2380 4526 2702 4582 collibitum
2733 4530 2905 4594 esset,
2940 4526 3157 4582 idcirco
3189 4542 3323 4582 eum
3357 4543 3388 4581 a
3418 4524 3840 4598 persecutionis

2184 4617 2429 4672 crimine
2478 4615 2797 4671 vindicant.
2829 4620 3023 4687 Atque
3074 4615 3322 4688 hydram
3354 4630 3527 4672 nemo
3575 4630 3838 4688 unquam

2105 4744 2151 4808 D
2188 4763 2215 4791 ‹‹
2249 4740 2447 4812 procul
2483 4757 2514 4795 a
2543 4740 2667 4812 solo
2700 4740 2887 4812 patrio
2920 4740 3130 4811 pulsis.
3169 4762 3196 4812 η

2255 4810 2369 4882 (28)
2398 4810 2717 4886 ’Δναχθείςῖ
2746 4835 2767 4861 α
2804 4810 3038 4886 Delatus
3072 4813 3145 4867 ad
3175 4811 3608 4883 imperatorem,
3642 4833 3671 4861 »
3694 4810 3834 4882 sive,

2182 4907 2210 4933 ‹‹
2246 4886 2315 4939 ad
2350 4883 2720 4956 imperatoris
2749 4883 3007 4939 tribunal
3038 4887 3282 4956 tractus.

2259 4958 2363 5027 (29)
2408 4954 2796 5029 ’Ᾱνάρπαστος.
2830 4955 3292 5029 Praetermissum
3343 4971 3375 5008 a
3406 4954 3620 5029 Bittio;
3654 4969 3834 5029 agno-

2186 4998 2363 5084 scunt!
2388 4998 2581 5084 tame‘n
2613 5045 2753 5083 mss.
2789 5032 2845 5081 et
2874 5027 3070 5083 excusi
3092 5043 3315 5082 omnes.
3346 5029 3475 5082 Non
3499 4998 3652 5084 maio
3679 4998 3839 5084 iiuna

2192 5100 2383 5155 locum
2436 5100 2539 5173 sic,
2570 5098 2925 5173 reddideris:
2959 5122 2998 5173 _«_
3026 5100 3195 5173 cujus
3236 5097 3317 5153 rei
3360 5115 3560 5168 causa,
3611 5098 3835 5173 judicio

2188 5174 2463 5243 abrogata
2493 5172 2541 5226 ei
2576 5171 2877 5243 dignitate,
2911 5171 3100 5243 ofﬁcio
3121 5173 3329 5243 motus
3358 5176 3467 5226 est.
3500 5192 3528 5243 η

2259 5238 2366 5317 (3ίῇ
2416 5238 2819 5317 ἘναργέιῙ-τερον
2882 5240 2992 5297 καί.
3069 5242 3339 5313 Plerique
3392 5242 3559 5299 codd.
3618 5238 3833 5317 ἰναργέο

2186 5313 2369 5384 (πτερόν
2401 5334 2459 5367 τε
2487 5313 2596 5369 καίζ

2258 5382 2367 5457 (31)
2396 5386 2502 5452 Τήν
2536 5382 2777 5458 Ὕδραν,
2814 5408 2841 5435 ‹‹
2888 5385 3099 5458 Hydra,
3153 5386 3378 5458 ajuxta
3434 5386 3654 5458 poetas,
3714 5386 3838 5439 erat

2187 5455 2426 5529 serpens
2459 5455 2736 5513 immanis
2766 5457 2825 5512 in
2871 5455 3054 5513 Lerna
3092 5455 3343 5530 palude,
3399 5455 3576 5530 prope
3628 5457 3837 5530 Argos.

2188 5527 2331 5585 Huic
2364 5536 2585 5601 septem
2620 5530 2811 5602 capita
2863 5530 2945 5585 sic
3002 5527 3287 5602 uni’collo
3316 5527 3746 5602 inserebantur,
3774 5532 3841 5584 ut

2186 5618 2318 5656 cum
2353 5600 2537 5657 unum
2569 5600 3144 5668 exscinderetur,alia
3170 5600 3357 5657 multa
3387 5600 3834 5673 repullulat-ent.

2187 5673 2396 5729 Omnia
2427 5674 2607 5730 simul
2662 5675 2862 5730 eodem
2922 5666 3037 5729 ictu
3072 5673 3350 5731 HercuIes
3407 5666 3701 5742 abscidit,”
3734 5676 3839 5732 aut

2188 5745 2343 5817 igne,
2376 5750 2441 5803 ut
2471 5745 2569 5804 alii
2598 5748 2859 5815 tradunt,
2896 5745 3139 5804 exussit.

3942 5904 4136 6127 Α
