4148 6290
318 427 434 491 827

1555 421 1621 481 S.
1668 417 2043 481 GREGORII
2087 416 2483 479 THEOLOGI

3609 420 3732 482 628

322 561 513 620 lenem
544 560 601 617 et
631 560 1002 616 mansuetam
1033 556 1199 625 dixit,
1230 556 1387 631 quod
1417 570 1624 614 novem
1655 555 1847 628 capita
1866 570 1969 627 pro

2101 549 2327 606 πειστέον
2354 552 2489 622 (32)·
2522 547 2645 607 ούδὶ
2673 550 2773 620 τήν
2806 551 3114 629 Παταρικήν
3166 550 3435 631 Χίμαιραν
3483 554 3619 627 (33),
3648 552 3735 611 δτί

324 668 442 709 uno
472 650 773 723 proferret,
806 649 855 705 si
887 649 1026 721 quid
1059 648 1197 705 ﬁdei
1227 648 1438 704 fabulae
1478 647 1818 705 habendum
1848 649 1967 701 est:

323 757 431 799 nec
458 739 783 795 Pataricam
810 738 1167 807 chimaram,
1200 740 1356 810 quod
1388 738 1502 793 tria
1532 753 1598 793 ac
1626 737 1876 799 diversa,
1909 737 1974 789 ut

323 834 603 889 terrorem
635 830 917 901 majorem
946 829 1179 884 afferret
1214 846 1226 884 :
1260 831 1325 884 ut
1371 827 1539 882 illum
1572 826 1726 897 apud
1753 824 1972 881 inferos

324 918 659 987 Cerberum,
691 918 847 989 quod
896 916 1140 973 totidem
1170 920 1229 973 et
1257 914 1472 972 similia
1504 933 1516 972 :
1551 918 1654 971 aut
1697 912 1971 986 Scyllam.

325 1023 653 1080 aequoream
685 1011 930 1080 pestem,
963 1007 1119 1078 quod
1152 1022 1253 1062 sex
1281 1005 1343 1061 in
1371 1005 1571 1061 orbem
1605 1003 1974 1074 maximeque

323 1096 613 1154 horrenda
638 1113 651 1150 :
676 1101 733 1152 et
761 1101 958 1152 tamen
989 1094 1320 1168 superiores
1342 1093 1530 1166 ipsius
1551 1096 1747 1165 partes
1768 1106 1975 1147 suaves

325 1192 384 1243 et
412 1186 706 1242 humanas
727 1185 912 1241 fuisse
931 1188 1305 1253 narrant,nec
1322 1187 1562 1255 aspectu
1587 1180 1972 1253 injucundas;

322 1276 487 1349 virgo
516 1275 673 1332 enim
703 1279 849 1341 erat,
901 1273 1267 1347 cognationis
1301 1274 1611 1345 cujusdam
1657 1270 1976 1327 necessitu-

323 1365 461 1423 dine
490 1365 797 1422 nobiscum
830 1364 1100 1421 devincta
1133 1381 1146 1419 τ
1181 1367 1241 1420 at
1269 1362 1496 1435 reliqua
1537 1361 1733 1433 capita
1765 1359 1978 1416 canina

322 1458 510 1527 erant,
541 1458 601 1511 et
641 1453 921 1524 belluina,
950 1457 1127 1525 atque
1177 1452 1416 1508 omnino
1449 1450 1795 1523 perniciosa,
1828 1448 1976 1505 clas-

325 1559 421 1601 ses
450 1544 604 1600 I28
636 1546 791 1598 totas
823 1541 1215 1614 corripientia,
1250 1556 1377 1611 nec,
1413 1542 1703 1612 quantum
1723 1540 1794 1594 ad
1826 1538 1976 1610 peri-

327 1632 639 1701 culum,ab
669 1631 935 1704 opposita
964 1630 1253 1702 Charybdi
1275 1629 1598 1701 quidquam
1630 1628 1974 1685 differentia.

330 1724 421 1777 An
450 1724 516 1776 tu
544 1720 722 1776 etiam
763 1719 1205 1792 sagittariorum
1235 1722 1294 1774 et
1320 1717 1687 1774 funditorum
1734 1717 1979 1789 sagittas

332 1825 400 1866 ao
429 1809 798 1881 lapides,non
820 1813 1016 1866 autem
1040 1808 1365 1865 funditores
1380 1807 1541 1879 ipsos
1570 1811 1629 1862 et
1646 1806 1981 1880 sagittarios

330 1898 683 1955 accusabis?
722 1900 811 1955 An
859 1902 1203 1955 venatorum
1254 1914 1448 1963 canes,
1491 1900 1548 1953 et
1592 1896 1980 1952 veneficorum

330 1988 541 2055 toxica,
572 1991 631 2044 et
660 1992 1112 2061 cornupetarum
1143 1988 1343 2057 boum,
1376 1990 1433 2042 et
1460 1985 1871 2041 dilaniantium
1905 1986 1981 2040 fe-

330 2094 531 2135 rarum
562 2093 782 2134 cornua
827 2081 885 2133 et
913 2092 1143 2150 ungues
1176 2095 1189 2134 :
1223 2076 1327 2148 qui
1374 2078 1569 2131 autem
1604 2075 1676 2130 iis
1710 2079 1978 2145 utuntur,

326 2171 492 2224 extra
520 2166 754 2239 culpam
784 2170 1217 2239 ponentur,nec
1242 2163 1507 2221 criminis
1529 2180 1733 2219 earum
1759 2179 1979 2231 rerum,

326 2273 478 2330 quas
499 2255 1229 2330 perpetrarint,participes
1252 2257 1425 2310 erunt
1443 2254 1699 2325 ?Magnae
1728 2254 1980 2325 profecto

326 2346 448 2403 hmo
478 2345 742 2404 stultitiae
775 2345 1084 2417 fuerint,ac
1106 2343 1375 2416 sophista
1394 2342 1597 2416 procul
1625 2343 1803 2399 dubio
1834 2359 1981 2414 opus

326 2434 772 2506 habuerint,qui
797 2434 1073 2490 vitiorum
1104 2449 1349 2489 suorum
1378 2431 1772 2504 patrocinium
1804 2431 1985 2487 susci-

328 2524 473 2597 piat,
502 2523 849 2597 viribusque
879 2522 1223 2593 eloquentiaa
1252 2522 1555 2578 veritatem
1590 2522 1842 2594 obtegat.
1874 2520 1982 2577 Sed

331 2595 497 2669 nulla
525 2595 787 2684 unquam
818 2611 1043 2668 ratione
1072 2610 1336 2683 seipsum
1370 2609 1708 2678 occultabit,
1740 2627 1812 2665 ne
1841 2610 1891 2666 si
1922 2609 1982 2664 in

332 2716 569 2758 omnem
601 2700 838 2773 quidem
870 2704 1097 2773 partem
1127 2715 1189 2756 se
1225 2702 1435 2770 verset,
1468 2716 1535 2755 ac
1566 2714 1668 2771 per
1696 2698 1983 2755 vafritiam

336 2806 506 2847 suam
528 2790 589 2845 in
610 2806 815 2846 omnes
838 2790 1057 2845 formas
1079 2789 1355 2844 immutat
1373 2805 1387 2856 ;
1403 2790 1580 2859 atque
1592 2787 1721 2843 Orci
1734 2787 1983 2860 galeam,

338 2882 405 2936 ut
432 2878 544 2934 dici
575 2878 741 2947 solet,
775 2878 999 2945 induat,
1015 2881 1115 2933 aut
1144 2877 1322 2950 Gygis
1352 2875 1569 2932 annulo
1597 2880 1653 2932 et
1683 2876 1824 2948 palae
1856 2894 1988 2932 con-

336 2957 601 3026 versione
647 2985 777 3025 sese
822 2968 1163 3025 suﬁ‘uretur.
1198 2969 1319 3023 Imo
1367 2971 1589 3033 contra,
1632 2982 1747 3038 quo
1798 2966 1986 3039 magis

328 3057 486 3114 elabi
517 3061 693 3131 atque
720 3058 972 3131 effugere
1004 3060 1212 3129 tentat,
1243 3057 1354 3112 hoc
1386 3056 1575 3128 magis
1604 3056 1987 3128 comprehen-

332 3147 494 3203 ditur
521 3151 579 3203 et
605 3147 968 3203 convincitur
986 3147 1140 3220 apud
1162 3146 1426 3203 veritatis
1456 3145 1739 3215 tribunal,
1759 3162 1824 3203 ac
1851 3163 1987 3218 pru-

2080 646 2223 717 τρεῖς
2253 642 2342 695 xui
2372 640 2665 714 ἀνομοίους
2710 644 2845 715 (34),
2895 640 3033 698 ὥστε
3085 644 3215 698 εἶναι
3265 639 3663 721 φοϐερωτέραν·
3694 646 3730 715 ἠ

2079 731 2170 785 τὸν
2231 730 2281 784 ὲν
2344 724 2474 799 ᾅδου
2533 727 2801 807 Κέρϐερον
2861 734 3011 806 (35),
3067 730 3149 788 ὅτι
3208 731 3472 795 τοσαύτας
3529 752 3588 787 τε
3643 735 3734 789 καὶ

2081 818 2296 892 ὁμοίας·
2325 819 2359 887 ἢ
2392 819 2455 873 τὸ
2489 818 2775 883 θαλάττιον
2822 821 2983 876 κακὸν
3027 822 3126 890 τὴν
3178 818 3432 877 Σκύλλαν
3485 825 3616 896 (36),
3650 820 3733 877 ὅτι

2080 908 2136 979 ’ἐξ
2188 908 2239 963 ἐν
2300 907 2489 982 κύκλῳ
2546 910 2636 963 καὶ
2696 910 3075 988 φευκτοτάτας·
3135 910 3311 966 καίτοι
3368 932 3432 985 γε
3486 910 3555 966 τὰ
3601 914 3738 968 ἄνω-

2082 999 2262 1077 φασίν,
2303 997 2469 1067 αὐτῆς
2516 1000 2734 1074 χρηστὰ
2779 1000 2869 1054 καὶ
2917 999 3297 1077 φιλάνθρωπα,
3346 1002 3436 1055 καὶ
3485 1000 3561 1064 εἷς
3610 996 3735 1075 ὄψιν
3770 1024 3781 1027 -

2083 1087 2182 1142 ούκ
2213 1084 2376 1158 ἀηδῆ·
2409 1083 2547 1159 κὸρη
2604 1090 2707 1165 γὰρ
2740 1090 2807 1157 ἦν
2848 1089 2988 1151 πρὸς
3025 1091 3175 1163 ἡμᾶς
3204 1112 3258 1144 τι
3289 1091 3541 1167 συγγενὲς
3574 1086 3736 1166 ἔχου-

2084 1198 2168 1231 σα·
2201 1178 2254 1231 ui
2287 1175 2344 1231 δὲ
2373 1177 2479 1231 ἀπὸ
2510 1177 2704 1233 τούτου
2745 1175 3005 1241 κυνώδεις
3035 1179 3266 1257 κεφαλαὶ
3313 1179 3403 1234 καὶ
3446 1177 3738 1255 θηριώδεις

2085 1264 2302 1328 οὐδενὸς
2332 1268 2445 1339 (37)
2471 1269 2605 1335 ἦσαν
2639 1268 2863 1342 ἀγαθοῦ,
2897 1265 3126 1330 στόλους
3175 1266 3339 1330 ὅλους
3374 1268 3729 1344 ἁρπάζουσαι,

2084 1355 2173 1409 καὶ
2233 1353 2400 1428 μηδὲν
2461 1356 2537 1417 είς
2596 1354 2845 1411 κίνδυνον
2909 1354 3257 1435 διαφέρουσαι
3310 1365 3412 1420 τῆς
3459 1358 3739 1423 ἀντιθέτου

2086 1439 2414 1519 Χαρύϐδεως
2473 1448 2609 1518 (38).
2674 1447 2741 1503 Ἢ
2804 1446 2894 1501 xui
2950 1451 3058 1502 τῶν
3117 1447 3349 1518 τοξοτῶν
3401 1447 3464 1502 σὺ
3512 1448 3602 1504 καὶ
3630 1453 3738 1504 τῶν

2087 1531 2443 1612 σφενδονιτῶν
2476 1537 2589 1609 (39)
2617 1533 2685 1589 τὰ
2726 1535 2861 1611 βὲλη
2892 1538 2982 1592 καὶ
3019 1534 3147 1599 τοὺς
3181 1534 3368 1601 λίθους
3397 1540 3737 1613 καταιτιάσῃ,

2088 1621 2215 1679 ἀλλ’
2245 1622 2307 1677 ού
2336 1623 2463 1684 τοὺς
2512 1622 2908 1701 σφενδονῶντας
2961 1625 3051 1680 καὶ
3097 1624 3228 1688 τοὺς
3263 1626 3578 1700 τοξεύοντας
3614 1647 3627 1697 ;
3660 1624 3739 1683 ἔτι

2089 1710 2148 1767 δὲ
2175 1717 2283 1767 τῶν
2312 1716 2619 1787 κυνηγετῶν
2655 1715 2769 1787 (40)
2818 1713 2944 1777 τοὺς
2987 1714 3172 1784 κύνας,
3222 1716 3314 1770 καὶ
3360 1721 3469 1771 τῶν
3521 1738 3737 1793 φαρμα-

2087 1806 2225 1857 κέων
2256 1803 2323 1857 τὰ
2354 1799 2693 1877 δηλητήρια,
2740 1802 2831 1858 καὶ
2878 1809 2985 1859 τῶν
3035 1804 3396 1878 κεραττόντων
3450 1806 3565 1879 (41)
3597 1808 3736 1881 βοῶν

2089 1892 2179 1947 καὶ
2256 1892 2671 1969 σπαραττόντων
2750 1894 2955 1969 θηρίων
3033 1895 3100 1948 τὰ
3172 1896 3372 1967 κέρατα
3447 1894 3540 1950 καὶ
3612 1896 3740 1959 τοὺς

2089 1976 2311 2057 ὄνυχας·
2347 1982 2400 2036 oi
2426 1980 2485 2037 δὲ
2515 1983 2797 2057 χρώμενοι
2841 1982 3057 2045 τούτοις
3104 1982 3257 2046 ἐκτὸς
3289 1986 3574 2055 στήσονται
3606 1987 3739 2059 (42),

2088 2072 2177 2125 xui
2208 2070 2270 2124 ού
2306 2070 2583 2143 μεθέξουσί
2604 2078 2704 2139 τῆς
2731 2072 2805 2125 ὧν
2827 2072 3111 2143 τολμῶσιν
3134 2073 3309 2134 αἰτίας
3333 2091 3347 2141 ;
3374 2072 3602 2144 Πολλῆς
3619 2078 3741 2129 ταῦ-

2088 2181 2155 2215 τα
2183 2166 2281 2229 τῆς
2311 2158 2561 2234 ἀλογίας,
2587 2159 2677 2214 καὶ
2708 2154 2878 2222 ὅντως
2908 2165 3166 2238 σοφιστοῦ
3199 2164 3315 2235 (43)
3348 2158 3597 2235 δεόμενα,
3623 2168 3739 2225 τοῖς

2090 2250 2281 2304 ἑαυτοῦ
2312 2247 2745 2325 συνηγοροῦντος
2776 2255 2987 2322 κακοῖς,
3028 2249 3119 2305 xui
3167 2255 3235 2324 τῇ
3286 2255 3380 2305 τοῦ
3435 2251 3601 2328 λόγου
3652 2250 3741 2307 δυσ

2088 2338 2243 2411 νάμει
2296 2338 2359 2393 τὸ
2416 2337 2615 2409 ἀληθὲς
2675 2336 3167 2414 συγκαλύπτοντος.
3228 2337 3386 2395 Ἀλλ’
3444 2340 3545 2396 οὐκ
3603 2339 3740 2396 ἔστιν

2090 2426 2239 2489 ὅπως
2270 2427 2455 2482 ἑαυτὸν
2505 2427 2805 2503 ἀποκρύψει
2856 2430 2992 2500 (44),
3036 2426 3155 2483 οὐδ’
3205 2427 3264 2483 ἂν
3316 2428 3503 2485 πολλὰ
3532 2434 3741 2508 στραφῇ

2090 2516 2180 2572 καὶ
2235 2521 2490 2578 παντοῖος
2546 2518 2769 2591 γένηται
2823 2522 2942 2579 ταῖς
3003 2515 3308 2588 ἐπινοίαις,
3366 2516 3481 2573 οὐδ’
3541 2519 3587 2574 εἰ
3643 2521 3741 2587 τὴν

2091 2602 2277 2667 Ἄϊδος
2311 2604 2504 2675 κυνὲην
2550 2608 2687 2679 (45),
2718 2606 2748 2661 ’ὁ
2794 2603 2860 2673 δὴ
2913 2605 3146 2681 λέγεται,
3190 2608 3568 2683 περιθέμενος,
3601 2609 3637 2677 ἢ
3668 2612 3746 2681 τῷ

2094 2692 2370 2767 δακτυλίῳ
2415 2695 2590 2769 Γύγου
2639 2697 2774 2768 (46),
2824 2694 2913 2750 xui
2957 2698 3026 2769 τῇ
3076 2700 3283 2774 στροφῇ
3312 2703 3410 2765 τῆς
3443 2695 3739 2774 σφενδόνης

2093 2786 2454 2861 γρῃσάμενος,
2507 2784 2691 2839 ἑαυτὸν
2741 2783 3071 2859 ἀποκλέψειε
3119 2788 3252 2859 (47)·
3282 2785 3591 2841 τούναντίον
3646 2787 3743 2859 μὲν

2096 2875 2206 2945 οὖν,
2262 2872 2373 2946 ὅσῳ
2403 2874 2613 2951 φεύγειν
2666 2872 2935 2950 ἐπιχειρεῖ
2979 2875 3069 2929 καὶ
3100 2872 3513 2950 διαδιδράσκειν,
3543 2874 3739 2929 τοσού-

2092 2986 2173 3037 τῳ
2204 2962 2371 3018 πλὲον
2405 2963 2683 3019 ἁλίσκεται
2711 2963 2857 3039 παρά
2886 2963 3117 3035 ἀληθείᾳ
3161 2961 3472 3039 δικαζούσῃ,
3502 2964 3592 3017 καὶ
3620 2968 3741 3026 τοῖς

2097 3054 2480 3128 συνετωτέροις
2533 3052 2740 3109 τούτων
2779 3058 3013 3128 κριταῖς,
3062 3053 3137 3117 ὡς
3185 3058 3353 3108 ταῦτα
3401 3051 3651 3130 πράττων
3689 3074 3749 3108 τε

2098 3144 2188 3199 καὶ
2216 3140 2467 3215 τολμῶν,
2518 3144 2599 3205 οἷς
2649 3140 2760 3199 οὐδ’
2809 3142 2866 3197 ἃν
2922 3142 3081 3205 αὐτὸς
3131 3143 3207 3205 ὡς
3257 3141 3482 3207 δικαίως
3515 3164 3747 3219 πραττο-

331 3235 713 3292 dentissimos
744 3252 1011 3308 quosque
1040 3252 1243 3293 earum
1273 3251 1469 3292 rerum
1500 3236 1754 3306 judices,
1788 3239 1979 3308 utpote

2101 3233 2282 3305 μὲνοις
2308 3227 2409 3307 ἔχη
2436 3236 2773 3308 συνηγορεῖν·
2808 3230 2983 3294 οὕτως
3014 3230 3287 3287 εὐάλωτόν
3334 3232 3474 3288 ἔστιν
3502 3234 3537 3303 ἡ
3570 3254 3747 3303 πονη-

331 3324 454 3381 haec
478 3323 696 3381 faciens
725 3307 902 3396 atque
923 3326 1453 3397 committens,quae
1478 3341 1552 3379 ne
1576 3325 1701 3396 ipse
1723 3307 1979 3395 quidem,

2103 3321 2213 3398 ρία,
2246 3320 2335 3376 καὶ
2367 3307 2704 3396 πανταχόθεν
2737 3322 2899 3395 ἑαυτῇ
2935 3320 3354 3398 περιπίπτουσα.

328 3417 395 3470 ut
417 3415 582 3486 justa
611 3414 917 3471 defendere
961 3418 1157 3486 queat.
1188 3415 1344 3470 Adeo
1392 3418 1726 3485 expugnatu
1778 3414 1966 3470 facilis
1996 3430 2091 3470 res
2136 3416 2226 3470 est
2271 3413 2641 3485 improbitas,
2685 3416 2861 3485 atque
2908 3412 3320 3485 undecumque
3366 3429 3569 3470 secum
3620 3413 3749 3487 ipsa

326 3507 579 3576 pugnat.

397 3592 557 3650 XCV.
588 3591 703 3650 Nec
733 3592 1063 3665 putandum
1112 3595 1220 3665 est,
1250 3609 1320 3648 ea
1347 3592 1609 3665 quidem,
1641 3608 1769 3664 quae
1814 3592 1985 3649 facie-

324 3683 447 3749 bat,
478 3682 623 3739 talia
654 3682 858 3751 fuisse,
888 3686 1128 3755 tamque
1157 3682 1228 3738 ab
1261 3682 1638 3755 imperatoria
1684 3682 1987 3738 nobilitate

325 3776 383 3829 et
412 3773 848 3845 magniﬁcentia
881 3776 1142 3842 remota;
1176 3788 1245 3829 ea
1274 3788 1405 3829 vero
1436 3789 1561 3845 quae
1594 3772 1782 3828 facere
1812 3772 1984 3827 insti-

326 3862 548 3931 tuebat,
581 3861 949 3933 humaniore,
982 3864 1039 3919 et
1068 3861 1421 3935 imperatore
1450 3860 1741 3933 digniora.
1776 3861 1986 3933 Magno

329 3952 584 4023 profecto
615 3953 1028 4009 mstimandum
1050 3956 1223 4024 esset,
1250 3951 1298 4008 si
1334 3967 1450 4008 non
1474 3950 1548 4007 iis
1581 3967 1708 4023 quae
1731 3967 1983 4007 comme-

402 4058 820 4182 (ῗὲἒοξίειστέον.
865 4060 1007 4116 Tres
1058 4058 1239 4133 Regg.
1289 4058 1529 4115 πιστὲον.
1578 4058 1716 4130 Reg.
1773 4074 1832 4131 u,
1892 4078 1984 4112 πι-

330 4148 573 4182 στιυτεον
584 4171 596 4183 .

421 4201 511 4273 33)
545 4198 651 4275 Τὴν
684 4200 1011 4275 ΙΙαταρικήνΔ
1039 4199 1336 4275 Χίμαιραν..
1384 4223 1413 4252 ‹‹
1462 4202 1673 4275 Patura
1720 4224 1749 4275 υ
1800 4201 1981 4275 Lyciis

330 4270 501 4339 urbs,
554 4270 648 4326 cui
697 4270 867 4326 mons
917 4270 1158 4342 quidam
1204 4270 1536 4342 ignivomus
1580 4270 1888 4340 imminet;
1920 4274 1980 4329 in

330 4343 502 4414 cujus
532 4342 836 4398 cacumine
866 4340 1175 4414 leones,in
1208 4340 1400 4414 medio
1434 4359 1643 4414 caprae,
1677 4344 1735 4398 in
1769 4346 1980 4401 radici-

328 4411 439 4470 bu's
469 4416 664 4469 autem
697 4418 997 4484 serpentes
1019 4411 1481 4471 habitant.Unde
1500 4411 1689 4471 factus
1706 4421 1795 4472 est
1815 4417 1978 4473 locus

326 4484 556 4554 fabulae,
591 4505 621 4536 ι(
650 4484 996 4558 Chimaeram
1030 4506 1059 4535 »
1091 4488 1421 4558 monstrum
1452 4502 1581 4543 esse
1620 4489 1775 4558 quod
1810 4488 1978 4545 flam-

325 4574 454 4615 mas
485 4560 734 4633 evomat,
767 4560 943 4633 caput
969 4557 1154 4613 leonis
1183 4556 1428 4633 habens,
1467 4556 1739 4633 ventrem
1790 4578 1975 4633 caprae

324 4634 382 4704 _et
410 4630 655 4704 caudam
686 4628 977 4700 draconis,
1008 4634 1133 4698 aut,
1156 4633 1222 4685 ut
1253 4628 1372 4704 alii,
1406 4631 1518 4688 tria
1547 4631 1762 4704 capita,
1791 4628 1975 4689 unum

322 4700 816 4776 leonis,_alterum
847 4700 1408 4776 caprsa,et_tertium
1448 4700 1760 4776 serpentis.

397 4775 508 4846 (34)
544 4770 890 4853 ’ᾼνρμοίουφ
918 4770 1107 4831 Ἀάάἰῒ.
1141 4773 1298 4831 Pass.
1332 4770 1594 4853 κεφαλάς,
1629 4779 1685 4832 et
1712 4792 1814 4847 pro
1844 4772 1981 4829 ὣστε

326 4844 608 4918 sequente
639 4845 799 4918 legit,
832 4844 926 4905 ὡς.

419 4915 825 4993 35)_Ké_po_e‘pov.
858 4917 1380 4993 Inferorumcanis
1410 4921 1499 4974 est
1541 4940 1568 4968 ‹‹
1610 4918 1915 4986 Cerberus,
1950 4942 1971 4971 ι

326 4988 429 5061 qui
459 4989 573 5044 tria
598 4988 1036 5061 habereucapita
1065 4989 1327 5059 ﬁngitur.

399 5060 665 5141 (Ββλ-ςΓήν
720 5058 1319 5141 Σκύλ-λὰνεμεδογιιο.
1369 5080 1396 5107 ››
1438 5063 1539 5141 ρει
1587 5059 1896 5141 scopulus”
1919 5059 1978 5115 in

331 5131 707 5205 mariSiculo
734 5132 1057 5205 naufragiis
1089 5130 1352 5205 famosus
1374 5130 1662 5205 iad_quem
1696 5130 1831 5186 illisi
1865 5132 1979 5186 flu-

326 5208 458 5260 ctus
487 5203 735 5260 latratus
761 5201 973 5261 canum
1009 5203 1337 5260 imitantur.
1372 5204 1437 5258 In
1468 5201 1622 5258 hunc
1644 5208 1870 5259 mutata
1890 5208 1980 5259 est

329 5274 521 5348 Scylla
551 5276 757 5332 Phorci
784 5276 925 5341 filia,
958 5293 1106 5348 quae,
1141 5279 1214 5348 ut,
1236 5274 1574 5348 fabulantur
1603 5279 1803 5348 poetae,
1859 5292 1979 5330 mu-

324 5345 432 5405 lier
458 5348 714 5406 formosa
759 5345 1028 5420 superne,
1074 5347 1132 5403 in
1164 5347 1383 5419 piscem
1408 5345 1497 5403 vel
1528 5345 1974 5404 in’horrendum

323 5425 656 5493 serpentem
687 5420 1007 5493 desinebat.

397 5485 513 5563 (37)
544 5490 795 5563 Οὐδενός,
828 5497 936 5549 etc.
970 5493 1202 5563 Septem
1233 5491 1433 5563 εἴθιζε..
1468 5490 1581 5563 duo
1612 5489 1770 5546 Colb.
1822 5485 1975 5544 οὐδὲν

324 5563 458 5628 ἦσαν
491 5562 716 5636 ἀγαθοῦ.
750 5588 779 5615 ‹‹
840 5564 987 5620 nihil
1036 5562 1330 5619 habebant
1372 5562 1543 5618 boni:
1595 5563 1789 5617 omnis
1842 5564 1977 5619 boni

324 5637 601 5690 exnertia~
636 5659 664 5686 υ

323 5649 601 5691 οιυθτιιαο
636 5659 664 5686 υ

542 5704 960 5789 Ἰξῆςιάντιθᾶτου
992 5699 1339 5789 Χαρύϐδεως.
1390 5706 1523 5788 Par,
1561 5706 1652 5789 ed.
1684 5709 1823 5789 τοῖς,
1864 5710 1975 5789 etc.

329 5778 703 5853 «,Charybdis
729 5800 757 5829 ››
784 5782 907 5835 erat
928 5777 1141 5852 gurges
1164 5780 1486 5836 verticosus
1510 5778 1569 5835 in
1592 5779 1739 5835 freto
1762 5777 1974 5847 Siculo,

2168 3590 2279 3668 [ιε’.
2312 3589 2410 3671 Kui
2442 3587 2550 3664 οὐχ
2578 3587 2612 3643 ἃ
2644 3588 2739 3662 μὲν
2768 3585 3022 3665 ἔπραττεν
3050 3586 3184 3660 ἤδη,
3230 3592 3455 3644 τοιαῦτα
3482 3590 3573 3644 καὶ
3605 3587 3746 3646 οὕτω

2098 3678 2287 3756 πόρρω
2358 3676 2650 3752 βασιλικῆς
2695 3677 2961 3753 εὐγενείας
3008 3678 3098 3733 καὶ
3160 3677 3665 3755 μεγαλοπρεπείας·
3718 3678 3750 3732 ἃ

2099 3766 2155 3824 δὲ
2187 3766 2447 3822 διενοεῖτο
2477 3768 2718 3843 πράξειν,
2750 3769 3075 3844 ἡμερώτερά
3104 3789 3161 3823 τε
3189 3769 3279 3823 καὶ
3326 3766 3749 3844 βασιλικώτερα.

2099 3856 2324 3915 ιιολλοῦ
2355 3856 2499 3928 μέντ’
2533 3856 2591 3911 ἂν
2624 3853 2768 3926 ἄξιον
2800 3859 2885 3925 ἦν,
2919 3856 2964 3911 εἰ
2998 3858 3073 3930 μὴ
3124 3856 3269 3913 πολὺ
3296 3861 3404 3913 τῶν
3446 3857 3749 3935 εἰρημένων

2099 3944 2591 4023 ἀπανθρωπότερα.
2647 3949 2851 4022 Ὥσπερ
2923 3947 3025 4023 γὰρ
3083 3943 3373 4024 δράκοντος
3428 3947 3751 4021 κινουμένου

2094 4056 2296 4126 Scyllae
2327 4055 2653 4128 oppositus.

2094 4197 2121 4255 δ
2164 4123 2293 4212 ('39)~
2310 4123 2700 4205 Σῴἐνδονιτῶν.
2734 4130 2995 4198 Quatuor
3024 4128 3227 4201 Regg.,
3258 4129 3375 4185 duo
3406 4129 3568 4187 Colb.
3595 4149 3749 4207 σφεν-

2128 4219 2355 4255 ονητων.

2128 4219 2355 4256 ονητων.

2430 4272 2537 4345 τῶν
2595 4273 2940 4345 κυνηγετῶνη
2954 4271 3219 4345 Quatuor
3262 4271 3467 4345 Regg.,
3500 4273 3659 4329 Colb.
3691 4274 3746 4343 8,

2091 4339 2185 4400 Or'.
2222 4339 2272 4418 1,
2302 4359 2370 4399 ex
2400 4342 2616 4418 quibus
2649 4339 2856 4418 διὶἱςδέ,
2876 4342 2989 4418 _alii
3023 4340 3109 4397 δαὶ
3139 4346 3245 4396 τῶν
3264 4339 3547 4418 κυνηγῶν.

2162 4412 2701 4491 (41).Κεραττύντων.
2735 4412 2849 4491 Sex
2876 4415 3089 4491 Regg,
3111 4432 3196 4471 or.
3252 4417 3303 4484 1,
3360 4412 3744 4491 κυριττόντων.

2091 4486 2185 4543 Sic
2217 4486 2391 4563 etiam
2426 4490 2593 4558 putat
2620 4486 3267 4563 legendumulfudteus,“
3289 4488 3377 4544 vel
3432 4486 3747 4563 κερατιζᾴν-

2083 4574 2213 4613 νων.
2244 4560 2383 4637 ξίθε.
2415 4556 2469 4631 y,
2500 4556 2862 4637 κηρυττόντων
2895 4558 3026 4615 Bill.
3059 4563 3115 4615 et
3151 4558 3311 4616 Colb.
3364 4563 3423 4629 d,
3472 4556 3746 4637 κεριττόν-

2082 4651 2213 4700 των,
2246 4629 2432 4685 Ραὲεζ
2451 4629 2821 4700 σκηπτὸντων.

2159 4698 2269 4770 (42)
2303 4698 2499 4761 Ἐκτὸς
2530 4703 2838 4771 στήσονται.
2870 4702 3027 4758 Colb.
3059 4703 3113 4773 3,
3149 4698 3522 4772 ἐκστήσονται.

2160 4774 2272 4848 (43)
2300 4776 2587 4848 Σοφιστοῦ.
2623 4775 2929 4848 Libanium
2962 4772 3057 4828 hic
3087 4774 3275 4848 carpit
3296 4773 3627 4848 Gregorius.

2306 4842 2655 4919 ’ᾼποκρύψεμ
2719 4847 2859 4919 Reg.
2916 4846 3037 4917 bm,
3095 4851 3152 4901 et
3189 4842 3741 4918 ⁷8εινὶι.’ἆποκρύψῃ.

2089 4914 2332 4972 Combe
2354 4914 2707 4988 ἀποκρύψειε.

2162 4988 2274 5060 (45)
2298 4987 2420 5061 (Τήν
2452 4984 2641 5049 ’Ἄϊδος
2671 4986 2885 5061 κυνέην.
2925 5008 2952 5040 α
2979 4987 3109 5061 Orci
3140 4987 3383 5061 galeam.
3424 5008 3453 5038 »
3500 4992 3625 5061 Hoc
3672 4989 3744 5045 de

2090 5059 2175 5116 iis
2195 5060 2308 5115 dici
2340 5059 2509 5125 solet,
2542 5060 2735 5133 inquit
2766 5064 3064 5133 Erasmus,
3096 5059 3263 5116 Prov.
3295 5062 3385 5133 94,
3412 5060 3514 5133 qui
3536 5077 3599 5118 se
3620 5065 3744 5117 arte

2089 5132 2384 5203 quapiam,
2419 5132 2587 5205 quasi
2608 5131 2937 5205 caliginosa
2966 5131 3154 5205 galea,
3185 5131 3499 5205 occultant.

2163 5205 2389 5275 (46)Τῷ
2439 5203 2712 5275 δακτυλίῳ
2742 5203 3030 5276 Τύγουςι
3090 5204 3266 5276 Gygis
3325 5203 3561 5260 annulo.
3628 5224 3658 5253 »
3699 5204 3744 5259 A

2134 5276 2279 5331 oetis
2309 5274 3025 5349 narraturGygenuLydiaa
3050 5274 3509 5347 pastorem,cum
3533 5275 3589 5349 in
3612 5291 3743 5347 spe-

2119 5364 2326 5429 uncaln
2356 5346 3017 5429 desgendis'set,illicq_ue
3046 5346 3269 5429 aeneum
3301 5347 3605 5429 equum,in
3628 5363 3743 5429 quo

2093 5418 2352 5492 hominis
2384 5422 2647 5486 cadaver,
2680 5426 2737 5476 et
2774 5418 3081 5492 annulum,
3131 5422 3300 5491 cujus
3352 5418 3488 5492 pala
3535 5418 3743 5475 ﬂexilis

2090 5495 2235 5557 erat,
2265 5490 2602 5563 invenisset,
2654 5508 2855 5549 secum
2888 5489 3172 5547 annulum
3202 5489 3538 5562 abstulisse,
3571 5492 3744 5563 cujus

2088 5564 2647 5652 virtute,,‘occultata
2676 5563 2827 5652 pale,
2852 5563 2987 5652 ipse
3018 5579 3251 5652 queque
3282 5563 3704 5652 cucultabatur.

2160 5636 2271 5708 (47)
2304 5632 2695 5708 Ἀποκλὲψειεῖ
2735 5632 2911 5693 ΞεινίῘ.
2967 5632 3268 5708 ὑποκλίψῃ.
3319 5636 3425 5708 Bil.
3461 5640 3519 5692 et
3574 5636 3737 5693 Mon-

2086 5709 2199 5764 tac.
2232 5705 2538 5781 ἀποκρύψῃ,
2562 5705 2597 5759 ’‹‹
2628 5708 2831 5765 furtim
2864 5723 2993 5766 sese
3022 5705 3206 5767 oculis
3226 5705 3550 5767 subducat.
3584 5729 3615 5758 υ

2473 5201 2712 5275 ακτυλίῳ
2735 5201 2994 5275 Τύγουξ
3010 5225 3030 5252 ι
