2074 3145
209 184 269 216 629
711 186 859 215 ORATIO
883 186 933 215 ιν.
954 202 988 206 ——
1011 186 1023 214 ί

1080 184 1167 214 ίΤΒΑ
1189 184 1387 215 JULIANUM
1411 184 1433 214 Ι.
1855 183 1916 216 630

207 249 328 290 φολίδες,
345 250 373 277 αἱ
391 250 438 286 μὲν
452 248 507 285 ἤδη
533 250 698 289 φρίσσουσιν,
715 250 741 278 αἱ
766 249 794 278 δὲ
818 251 1020 289 ἐπιφρισσουσιν

1088 250 1277 284 moravimus,
1291 250 1384 278 multo
1400 249 1607 278 inhumaniora
1621 251 1649 278 et
1664 250 1828 279 crudeliora
1841 251 1914 279 fuis-

208 296 234 323 αἱ
250 294 279 323 δὲ
295 294 440 332 μέλλουσι,
464 298 512 326 τὰς
538 294 567 323 δὲ
591 295 640 323 οὐκ
664 295 719 322 ἔστι
747 296 784 331 μή
809 296 963 330 κινηθῆναι,
986 294 1032 322 κᾶν

207 342 359 379 ἠρεμοῦσαι
386 339 454 371 τέως
486 340 667 377 τογχάνωσιν·
698 340 720 367 εἰ
751 338 844 377 βούλει
870 338 917 374 ὂὶ,
943 338 1048 377 ὥσπερ·

206 387 339 423 κεραυνῷ,
364 385 398 412 τὰ
424 385 470 421 μὶν
498 383 552 419 ἤδη
579 384 721 422 κατέχεται
747 385 811 420 (48),
834 384 868 411 τὰ
886 382 914 411 δὲ
929 394 1032 421 προμε-

207 428 348 464 λαίνεται,
377 429 476 466 μέχρις
504 429 532 456 ἂν
563 429 606 456 καὶ
635 431 718 456 ταῦτα
746 427 846 466 ἐπέλθῃ
872 430 921 456 τοῦ
948 431 1032 456 κακοῦ

207 473 424 509 δυναστεύοντος,
441 473 512 501 οὕτω
529 473 645 509 κάκείνῳ
656 474 689 500 τὰ
702 474 748 510 μὶν
764 472 818 509 ἤδη
834 476 1030 512 παρηνομεῖτο,

204 519 238 546 τὰ
254 518 283 546 δὲ
308 518 477 557 ὑπεγράφετο
506 521 565 549 ταῖς
594 518 684 546 ἐλπίσι
712 519 757 545 καὶ
784 521 844 550 ταῖς
867 519 926 546 καθ’
949 520 1029 555 ἡμῶν

205 563 343 594 ἀπειλαῖς·
366 563 410 590 καὶ
435 565 519 590 ταῦτα
541 563 628 594 οὕτως
650 562 769 599 ἓκτοπα,
792 563 836 590 καὶ
861 562 955 601 πόρῥω
976 565 1029 590 τῶν

207 607 387 645 εἰθισμένων,
413 608 450 639 ὡς
478 609 527 642 τῆς
559 607 662 635 ἐκείνου
689 606 809 639 διανοίας
840 608 906 635 εἶναι
932 608 1029 645 μόνης,

205 655 289 681 ταῦτα
311 653 356 680 καὶ
381 652 588 690 βουλεύσασθαι,
613 652 656 680 καὶ
683 653 720 684 εἷς
745 651 823 691 ἔργον
840 654 949 691 ἀγαγεῖν
973 653 1029 680 ἐθε-

206 698 298 734 λῆσαι,
326 697 414 725 καίτοι
440 696 554 725 πολλῶν
580 698 632 736 πρὸ
661 697 744 725 αὐτοῦ
767 698 951 736 γεγενημένων
973 698 1029 734 (49)

205 741 326 770 διωκτῶν
343 742 387 770 καὶ
403 741 545 778 πολεμίων
559 743 743 780 Χριστιανοῖς.

1089 297 1164 323 seut.
1177 296 1430 328 Quemadmodum
1446 295 1525 323 enim
1538 303 1604 323 cum
1620 295 1708 323 draco
1723 295 1833 324 moveri
1846 295 1917 324 inci-

1090 340 1142 376 pit,
1159 348 1288 375 squama:
1304 340 1368 375 ejus
1394 340 1499 376 partim
1521 340 1585 375 jam
1607 339 1791 374 horrescunt,
1808 341 1914 376 partim

1088 384 1364 421 superhorrescunt,
1387 384 1493 420 partim
1519 392 1586 412 mox
1608 383 1786 417 horrescant,
1807 385 1914 420 partim

1087 429 1211 465 denique
1227 437 1285 457 non
1310 432 1435 465 possunt
1449 438 1507 457 non
1523 429 1642 457 tandem
1664 429 1783 463 moveri,
1798 429 1913 458 etiamsi

1086 473 1115 502 in
1127 482 1256 510 praesens
1267 474 1374 510 quietae
1384 482 1417 502 ac
1427 473 1593 509 tranquillis
1606 473 1666 501 sint
1677 483 1684 501 :
1696 475 1758 507 aut,
1772 473 1797 502 si
1809 475 1912 508 mavis,

1086 519 1336 555 quemadmodum
1358 519 1481 547 fulmine
1498 519 1562 548 alia:
1576 521 1675 555 partes
1685 519 1749 555 jam
1765 527 1913 555 occupan-

1085 567 1143 599 tur,
1160 564 1224 592 alia:
1240 564 1357 600 nigrore
1374 564 1455 599 prius
1471 564 1651 598 inﬁciuntur,
1664 564 1757 600 quoad
1768 572 1818 592 eas
1834 564 1912 593 malo

1085 617 1203 645 quoque
1217 609 1387 637 dominante
1402 608 1579 644 pervaserit:
1597 608 1637 636 sic
1649 608 1737 636 etiam
1754 609 1790 637 ab
1805 617 1838 637 eo
1854 609 1912 637 alia

1080 654 1143 689 jam
1158 654 1258 690 inique
1273 656 1301 682 et
1316 653 1455 682 scelerate
1472 654 1673 689 patrabantur,
1689 653 1746 681 alia
1756 661 1807 689 spe
1817 656 1845 682 et
1856 655 1911 682 mi-

1084 698 1141 731 nis,
1155 706 1229 734 quas
1243 698 1328 726 nobis
1352 698 1533 733 intendebat,
1545 698 1623 726 velut
1647 698 1910 733 adumbrabantur,

1083 751 1176 778 eaque
1191 743 1232 770 ita
1243 743 1371 770 absurda
1381 745 1409 770 et
1426 743 1576 777 inusitata,
1589 745 1621 770 ut
1636 742 1665 770 in
1678 743 1757 771 illius
1769 744 1911 772 duntaxat

202 789 331 816 mentem
346 787 402 816 hoc
418 788 521 816 cadere
537 790 646 824 posset,
663 790 696 816 ut
708 788 770 816 haec
785 788 932 824 cogitaret,
949 790 978 816 et
992 788 1106 816 efﬁcere
1120 787 1216 822 vellet,
1233 787 1351 815 tametsi
1367 787 1476 822 alioqui
1497 788 1582 815 multi
1607 789 1673 815 ante
1688 796 1755 815 eum
1771 788 1910 817 Christia-

203 840 308 861 norum
324 834 526 869 persecutores
540 834 569 860 et
583 832 683 860 hostes
698 832 887 860 exstitissent.

239 877 288 915 [ιζ’.
318 877 353 905 ’Ἀ
381 876 433 913 γὰρ
464 877 534 912 μήτε
559 875 770 911 Διοκλητιανὸς,
797 877 810 903 ὁ
839 878 946 914 πρῶτος

1117 876 1194 905 129
1210 876 1301 904 XCVI.
1318 876 1391 904 Nam
1408 884 1471 912 qua;
1493 884 1646 911 nunquam
1662 876 1691 903 in
1708 876 1840 904 animum
1865 877 1909 905 in-

201 918 343 959 ἐνυῦρίσας
355 923 538 958 Χριστιανοῖς,
557 922 626 958 μήτε
641 922 655 948 ὁ
667 923 762 948 τοῦτον
779 919 953 957 ἐκδεξάμενος
969 922 1025 958 (51)

202 965 246 993 καὶ
272 963 432 1003 ὑπερϐαλὼν
458 964 625 1002 Μαξιμιανὸς
642 965 790 1002 ἐνεθυμήθη
807 966 928 1000 πώποτε,
957 967 1026 1002 μήτε

202 1011 363 1047 Μαξιμῖνος,
389 1011 403 1038 ὁ
430 1011 487 1047 μετ’
512 1010 641 1045 ἐκείνους,
664 1011 709 1038 καὶ
735 1011 800 1048 ὑπὲρ
826 1010 943 1041 ἐκείνους
959 1009 1025 1037 διώ-

200 1066 268 1090 κτης
283 1056 327 1092 (οὗ
342 1056 376 1083 τὰ
397 1053 524 1092 σύμϐολα
548 1057 604 1092 (52)
629 1057 679 1090 τῆς
704 1055 747 1082 ἐπὶ
766 1055 856 1091 τούτῳ
871 1054 982 1092 πληγῆς
997 1055 1025 1082 αῖ

201 1100 304 1131 εἰκόνες
328 1099 453 1139 φέρουσιν
482 1099 521 1127 ἔτι
544 1098 666 1136 δημοσίᾳ
687 1099 874 1138 προκείμεναι,
899 1100 943 1127 καὶ
964 1110 1026 1134 στη-

202 1144 355 1173 λιτεύουσαι
379 1145 428 1179 τὴν
456 1142 550 1180 λώϐην
574 1147 623 1172 τοῦ
648 1145 796 1181 σώματος),
821 1147 904 1172 ταῦτα
925 1144 1024 1176 ἐκεῖνος

201 1187 332 1217 διενοεῖτο
350 1189 409 1225 μὶν,
435 1189 472 1220 ὡς
496 1190 522 1216 οἱ
546 1191 599 1217 τῶν
626 1189 789 1227 ἀπορρήτων
815 1189 916 1216 ἐκείνου
931 1199 1025 1217 κοινω-

200 1233 241 1261 νοὶ
259 1234 304 1261 καὶ
328 1234 472 1272 μάρτυρες·
497 1233 629 1271 ἐπεσχέθη
656 1235 712 1271 (53)
737 1233 765 1261 δέ
780 1234 814 1271 τῇ
828 1236 877 1261 τοῦ
897 1236 963 1261 Θεοῦ
978 1245 1025 1273 ιρι-

200 1278 367 1316 λανθρωπίᾳ,
397 1279 441 1306 καὶ
466 1281 525 1309 τοῖς
555 1281 724 1314 Χηιστιανῶν
752 1280 807 1315 (54)
838 1278 979 1316 δάκρυσιν.
1008 1278 1025 1305 ἃ

199 1322 292 1351 πολλᾶ
312 1322 345 1358 δὴ
359 1323 405 1350 καὶ
420 1324 493 1361 παρὰ
511 1323 624 1351 πολλῶν
650 1323 732 1361 ἐχέοη
751 1324 819 1360 (55),
833 1326 915 1350 τοῦτο
942 1323 1023 1360 μόνον

199 1368 318 1405 ἐχόντων
343 1368 411 1395 κατὰ
433 1369 482 1395 τοῦ
508 1367 626 1395 διώκτου
649 1367 806 1407 φάρμακον·
831 1369 914 1395 ταῦτα
939 1366 967 1395 δὲ
990 1367 1022 1402 ἧν

199 1412 286 1448 πάσης
319 1413 366 1449 μὲν
395 1412 547 1450 παρῥησίας
589 1413 791 1450 ἀποστερεῖσθαι
821 1412 1023 1450 Χριστιανοὺς,

200 1457 307 1485 πάντων
344 1456 373 1485 δὶ
411 1457 507 1488 αὐτοὺς
538 1456 670 1495 εἴργεσθαι
700 1456 841 1494 συλλόγων
860 1480 867 1493 ,
898 1458 1023 1494 ἀγορῶν,

199 1501 381 1540 πανηγύρεων,
404 1504 458 1529 τῶν
486 1500 666 1539 δικαστηρίων
693 1502 780 1529 αὐτῶν
812 1502 850 1538 μή
876 1502 926 1539 γὰρ
956 1502 1024 1538 ἐξεῖ-

200 1555 244 1574 ναι
271 1546 418 1584 κεχρῆσθαι
442 1547 559 1580 τούτοις,
585 1545 658 1577 ὅστις
685 1547 722 1582 μὴ
747 1546 815 1573 κατὰ
838 1548 891 1573 τῶν
919 1547 1021 1584 βωμῶν
1038 1566 1060 1600 G

200 1591 214 1600 Λ
276 1591 283 1600 1
376 1589 388 1600 ,Ι
485 1596 494 1600 Α
620 1590 625 1599 1
702 1592 754 1600 [νηί
820 1591 827 1599 \
899 1591 924 1600 ΛΚ
962 1589 973 1600 δ
996 1590 1001 1600 1

200 1591 353 1626 θυμιάσειεν
375 1589 525 1628 ἔμπροσθεν
551 1590 682 1627 κειμένων
700 1592 766 1627 (56),
783 1591 828 1618 καὶ
850 1591 943 1627 μισθὸν
959 1589 1020 1626 δοίη
1035 1621 1039 1624 ,

200 1635 283 1673 μέγαν
299 1635 370 1662 οὕτω
393 1635 439 1663 καὶ
453 1635 585 1663 τοσούτου
610 1636 779 1673 πράγματος.
804 1636 837 1662 Ὦ
860 1633 952 1671 νόμοι,
977 1635 1022 1663 καὶ

197 1680 354 1717 νομοθέται,
376 1680 421 1707 καὶ
448 1679 580 1717 βασιλεῖς,
597 1680 623 1707 οἳ
635 1680 755 1717 καθάπερ
770 1679 887 1718 οὐρανοῦ
907 1679 1021 1716 κάλλος,

196 1725 241 1752 καί
266 1724 350 1759 ἡλίου
376 1726 444 1763 φῶς,
471 1724 515 1752 καὶ
540 1724 619 1762 ἀέρος
644 1725 735 1762 χύσις,
760 1725 841 1752 ἅπασι
865 1724 1021 1762 πρόκεινται

197 1768 388 1808 φιλανθρωπία
412 1770 490 1804 κοινή
515 1779 544 1797 τε
567 1769 612 1797 καὶ
635 1770 760 1808 ἄφθονος,
778 1769 849 1796 οὕτω
866 1768 895 1796 δὲ
913 1769 957 1796 καὶ
973 1770 1021 1804 τήν

196 1816 250 1842 τῶν
279 1813 373 1850 νόμων
402 1813 543 1850 μετουσίαν
575 1815 716 1852 προθέντες
737 1813 832 1841 ἅπασιν
856 1813 1020 1852 ἐλευθέροις,

196 1857 256 1894 ἴσην
270 1869 300 1886 τε
320 1857 365 1886 καὶ
390 1858 525 1895 ὁμότιμον
541 1859 547 1887 ί
564 1859 598 1893 ἧς
624 1859 723 1889 ἐκεῖνος
749 1859 942 1896 ἀποστερήσειν
963 1860 1020 1896 (57)

195 1900 328 1931 διενοεῖτο
341 1903 528 1941 Χριστιανούς·
546 1904 583 1935 ὡς
612 1905 680 1940 μήτε
704 1903 930 1941 τυραννουμένοις
943 1902 1018 1935 δίκας

195 1947 290 1984 ἐξεῖναι
306 1945 412 1983 λαϐεῖν,
430 1949 500 1984 μήτε
526 1948 720 1985 ζημιουμένοις
736 1948 773 1979 εἰς
789 1948 931 1986 χρήματα,
950 1949 1019 1984 μήτε

195 1990 266 2021 ἄλλο
279 2003 305 2020 τι
328 1993 467 2030 πάσχουσι
493 1993 620 2030 μικρὸνῆ
639 1996 731 2029 μεῖζον
755 1995 809 2020 τῶν
827 1993 1017 2030 ἀπηγορευμέ-

194 2047 244 2065 νων
333 2036 532 2075 έπικουρεῖσθαι
559 2039 614 2074 (59)
634 2040 691 2069 τοῖς
718 2038 825 2074 νόμοις’
852 2036 913 2065 ἀλλ’
930 2037 1016 2075 ἐξορί-

194 2091 273 2114 σιτους
299 2083 378 2117 εἶναι,
402 2083 446 2109 καὶ
473 2082 656 2120 ἀναιρεῖσθαι,
682 2082 726 2110 καὶ
753 2083 851 2120 μικροῦ
875 2084 929 2109 τῶν
952 2082 1014 2109 ἀνα-

231 2145 290 2182 (48)
303 2144 463 2182 Κατίχεται.
478 2145 567 2174 Goisl.
586 2146 613 2181 2,
629 2146 658 2173 et
672 2144 754 2173 Pass.
779 2144 894 2180 καίεται,
911 2157 925 2170 ‹‹
956 2146 1018 2174 alias

194 2183 292 2218 partes
304 2182 367 2217 jam
383 2182 495 2218 ardent.
511 2192 526 2206 ι)

239 2217 285 2252 49)
299 2216 399 2254 Γεγενη
405 2216 503 2253 μένων.
517 2216 648 2254 βριῐῲθὶ.
663 2216 825 2253 γενομένων.

306 2251 346 2279 Ὁ’
362 2251 481 2290 πρῶτος.
513 2252 609 2290 Schol.
636 2251 744 2290 πρῶτος
764 2254 825 2290 πῶν
864 2251 889 2278 έν
910 2251 1016 2290 ’ἐκείνῳ

195 2286 506 2326 διώγμῶνρτοῧτῖἔστι,
522 2290 561 2323 τῷ
576 2286 694 2326 ἐσχᾴτὶρ.
721 2300 735 2314 ‹‹
763 2288 878 2326 Primus
908 2288 937 2315 in
967 2286 1017 2316 illa

193 2324 404 2361 persecutione,
421 2325 450 2353 id
466 2327 520 2360 est,
537 2324 719 2361 posteriori,»
736 2324 1016 2361 seu,decima,quam

193 2360 284 2389 inovit
298 2361 497 2390 Diocletianus
510 2370 516 2395 ;
528 2360 600 2394 νειμ
613 2361 699 2396 cujus
709 2360 885 2396 principium
896 2360 1019 2393 fuerat,»

193 2369 284 2389 movu
298 2369 497 2390 UIOCIBUaDUS
510 2370 516 2395 ς
528 2369 600 2394 vel,“
613 2369 885 2423 cujusgrlnclplum
896 2369 1017 2393 ruerat,»

193 2398 227 2438 Et
240 2405 309 2426 eum
325 2397 476 2438 Lactantio
487 2396 592 2438 loquar
606 2404 672 2438 cap.
687 2396 699 2423 1
712 2418 732 2438 ‘,
742 2397 784 2438 ρο
803 2398 895 2438 _mo_r_te
917 2404 1017 2438 persae:

193 2432 263 2462 Tres
277 2441 406 2469 namque
425 2432 614 2461 atrocissimas
642 2432 822 2469 Di0cletiani,
850 2432 1019 2469 Maximiani

194 2470 224 2505 et
237 2468 390 2505 Maximini
405 2469 628 2505 persecutiones
636 2468 700 2496 sine
717 2468 777 2496 ulla
800 2468 1019 2505 intermissione

194 2504 375 2534 Christianos
390 2504 566 2533 afﬂixerunt.
584 2504 700 2532 Primus
716 2507 813 2532 autem
826 2504 933 2532 dicitur
952 2504 1019 2532 Dio-

194 2540 349 2576 cletianus,
367 2551 381 2566 α
396 2549 455 2569 non
471 2541 550 2577 quod
565 2541 706 2576 temporis
721 2541 861 2575 ratione,»
874 2540 915 2568 ait
931 2540 1016 2577 Elias.

193 2588 208 2602 «
223 2578 443 2613 persecutorum
470 2576 602 2605 omnium
625 2576 739 2612 primus
755 2576 916 2609 exstiterit;
933 2576 1017 2604 multi

192 2612 270 2654 enim
285 2615 353 2655 ante
368 2613 467 2655 ipsum
482 2612 668 2655 Christianos
688 2613 936 2655 persecutinsunlt,
966 2612 1017 2640 sed

191 2649 262 2685 quia
276 2648 391 2692 primus
415 2648 497 2677 illam
526 2648 758 2685 persecutionem
787 2648 934 2689 excitavit,
956 2656 1018 2689 qua:

191 2685 248 2713 sub
262 2693 327 2721 ejus
349 2685 570 2713 successoribus
599 2684 774 2713 Maximiano
804 2686 832 2712 et
860 2684 1017 2712 Maxnmmo

191 2722 340 2757 protracta
348 2723 403 2757 est.
414 2730 428 2746 ι»

226 2757 283 2793 (51)
298 2754 500 2793 Ἐκδεξάμενος.
526 2756 614 2784 Goisl.
639 2757 666 2792 2,
694 2758 722 2784 et
748 2759 830 2784 Pass.
861 2753 1017 2791 διαδεξάμε-

191 2802 249 2823 νος.

230 2828 286 2865 (52)
301 2826 338 2855 Οὗ
352 2823 536 2865 τὰασιῆμϐολα.
554 2838 568 2853 ‹‹
586 2827 687 2855 Divina
703 2827 756 2861 ira,
772 2838 785 2865 _n
817 2827 914 2864 inquit
931 2827 1017 2861 Elias,

195 2875 210 2890 (ι
223 2863 291 2893 eum
308 2863 521 2900 (Maximinum)
532 2865 683 2900 persecuta
693 2863 923 2900 est,virgamque
933 2872 1018 2892 suam

1081 921 1238 955 duxerunt,
1248 928 1300 949 nec
1315 921 1524 954 Diocletianus,
1538 922 1587 957 qui
1605 921 1717 956 primus
1729 921 1909 951 Christianos

1079 966 1266 994 contumeliis
1282 966 1387 1000 aﬂ‘ecit,
1402 975 1453 994 nec
1466 966 1669 1001 Maximianus,
1683 967 1732 1002 qui
1749 966 1773 994 ei
1789 975 1908 996 succes-

1080 1010 1129 1042 sit.
1142 1019 1269 1047 eumque
1280 1011 1442 1046 superavit;
1455 1019 1506 1038 nec
1517 1010 1643 1046 denique
1653 1011 1907 1048 Maximinus,qui,

1080 1058 1113 1083 ut
1128 1058 1259 1091 tempore
1280 1055 1339 1084 illis
1355 1056 1507 1091 posterior,
1521 1055 1561 1083 ita
1576 1056 1789 1091 persecutionis
1804 1057 1908 1085 atroci-

1080 1102 1140 1128 tate
1154 1100 1288 1136 superior
1313 1100 1368 1127 fuit
1382 1100 1479 1135 (cujus
1496 1100 1580 1135 signa
1595 1100 1685 1136 plagae
1703 1101 1739 1127 ob
1755 1109 1819 1128 eam
1844 1109 1905 1129 rem

1080 1146 1215 1181 acceptas,
1228 1144 1372 1180 imagines
1387 1147 1414 1172 et
1430 1147 1533 1172 statum
1558 1145 1653 1172 ferunt
1670 1145 1786 1180 publice
1810 1146 1906 1174 adhuc

1079 1191 1256 1226 prostantes,
1273 1189 1437 1225 foedamque
1452 1190 1581 1225 corporis
1598 1189 1812 1218 mutilationem
1829 1199 1906 1219 sem-

1079 1234 1194 1271 piterna
1208 1234 1330 1262 infamia
1344 1235 1501 1269 notantes),
1518 1235 1578 1261 haec
1598 1234 1647 1262 ille
1662 1235 1780 1270 quidem
1796 1236 1906 1272 cogita-

1078 1279 1139 1312 bat,
1156 1281 1187 1306 ut
1203 1280 1321 1307 narrant
1336 1278 1387 1315 qui
1409 1287 1582 1306 arcanorum
1605 1279 1686 1307 illius
1702 1280 1858 1316 participes
1874 1289 1907 1308 ac

1079 1325 1170 1352 testes
1181 1326 1282 1351 erant:
1294 1331 1394 1352 verum
1412 1323 1459 1351 Dei
1475 1324 1654 1359 benignitate
1665 1316 1808 1352 inhibitus
1820 1327 1907 1361 atque

1079 1377 1230 1404 repressus
1259 1370 1312 1403 est,
1343 1368 1631 1404 Christianorumque
1661 1369 1809 1405 lacrymis,
1832 1379 1906 1406 quas

1079 1414 1187 1442 multas
1203 1413 1288 1442 multi
1302 1413 1505 1449 profuderunt,
1523 1414 1577 1441 hoc
1588 1422 1680 1441 unum
1691 1414 1831 1442 adversus
1844 1423 1907 1451 per-

1079 1461 1242 1487 secutorem
1272 1458 1519 1486 medicamentum
1550 1458 1701 1486 hubentes.
1725 1459 1905 1488 Christianos

1079 1504 1157 1531 enim
1173 1503 1251 1531 omni
1266 1503 1399 1531 libertate
1424 1506 1451 1530 et
1474 1503 1581 1530 ﬁducia
1597 1503 1732 1538 spoliare,
1744 1512 1853 1540 eosque
1867 1505 1905 1533 ab

1079 1547 1215 1575 omnibus
1229 1547 1430 1580 conventibus,
1443 1547 1523 1579 foris.
1536 1548 1661 1583 publicis
1673 1548 1808 1582 cmtibus,
1819 1548 1905 1585 ipsis-

1079 1600 1135 1628 que
1150 1592 1222 1620 adeo
1246 1591 1443 1619 tribunalibus
1467 1600 1564 1619 arcere
1584 1592 1789 1621 constituebat.
1807 1593 1905 1629 Neque

1078 1636 1155 1665 enim
1173 1637 1215 1664 fas
1240 1644 1303 1664 esse
1318 1644 1494 1671 quemquam
1513 1636 1559 1663 his
1575 1637 1627 1671 uti,
1640 1637 1690 1673 qui
1706 1638 1742 1664 ad
1757 1646 1823 1666 aras
1838 1640 1905 1666 ante

1078 1681 1243 1717 propositas
1262 1680 1350 1708 thura
1369 1689 1426 1708 non
1450 1681 1635 1715 adolevisset,
1652 1683 1824 1718 tantamque
1838 1684 1906 1711 tan-

1077 1725 1144 1754 tulae
1156 1726 1195 1754 rei
1207 1726 1370 1754 mercedem
1381 1725 1435 1753 hac
1448 1726 1560 1754 ratione
1572 1727 1767 1762 pependisset.
1781 1728 1802 1755 Ο
1814 1727 1904 1764 leges,

1076 1774 1106 1799 et
1124 1770 1316 1807 legislatores,
1333 1772 1362 1798 et
1385 1771 1550 1806 principes;
1567 1772 1627 1806 qui,
1654 1772 1904 1807 quemadmodum

1076 1815 1139 1843 cmli
1168 1814 1367 1850 pulchritudo,
1382 1817 1411 1842 et
1433 1815 1503 1842 solis
1535 1815 1644 1850 lumen,
1663 1817 1690 1843 et
1714 1816 1790 1843 aeris
1814 1816 1902 1850 fusio,

1075 1860 1224 1888 communi
1233 1861 1261 1888 et
1269 1859 1389 1895 perenni
1399 1860 1590 1887 beneficentia
1599 1860 1735 1888 omnibus
1747 1861 1902 1896 patent,sic

1073 1904 1171 1941 legum
1187 1912 1304 1940 quoque
1319 1913 1407 1932 usum
1423 1905 1523 1932 liberis
1535 1905 1671 1932 omnibus
1687 1905 1857 1933 hominibus
1867 1914 1901 1933 ex

1074 1957 1156 1985 aequo
1180 1948 1392 1984 proposuistis!
1420 1957 1507 1983 quem
1532 1950 1630 1976 tamen
1655 1949 1703 1976 ille
1728 1949 1900 1978 Christianis

1072 1994 1184 2029 eripere
1194 1993 1224 2020 in
1237 1993 1336 2021 animo
1346 1993 1473 2021 habebat
1484 2001 1489 2019 :
1500 1995 1532 2020 ut
1542 2001 1594 2020 nec
1606 2002 1656 2028 per
1663 1994 1722 2021 vim
1732 1995 1901 2030 opppressis

1071 2038 1195 2074 injurias
1221 2046 1290 2066 suas
1309 2037 1420 2073 judicio
1447 2038 1581 2073 persequi
1607 2038 1714 2072 liceret,
1733 2047 1785 2067 nec
1800 2039 1830 2072 ii,
1847 2039 1898 2076 qui

1074 2082 1265 2119 pecuniarum
1285 2083 1372 2118 atque
1387 2090 1476 2118 opum
1493 2082 1679 2117 detrimento,
1692 2086 1741 2111 aut
1756 2084 1812 2112 alio
1829 2093 1901 2121 quo-

1073 2145 1102 2172 in
1119 2154 1186 2173 eum
1201 2145 1381 2182 immisit.....
1399 2153 1433 2182 ac
1447 2145 1536 2181 plagae
1553 2145 1692 2173 divinitus
1708 2146 1765 2182 ipsi
1781 2146 1816 2174 ob
1838 2146 1902 2175 libi-

1073 2182 1171 2209 dinem
1188 2183 1216 2209 et
1230 2181 1409 2217 impietatem
1427 2181 1543 2209 inﬂictae
1560 2182 1645 2217 signa
1664 2184 1692 2210 et
1717 2181 1811 2216 notas,
1836 2185 1900 2211 tum

1073 2218 1303 2258 statua-ferunt,
1317 2216 1491 2258 publiceque
1517 2216 1683 2258 prostantes
1703 2219 1856 2247 infamiam
1872 2220 1897 2248 ei

1072 2254 1202 2291 inurunt,
1218 2255 1282 2280 tum
1296 2252 1486 2280 historiarum
1500 2252 1650 2281 volumina
1664 2255 1699 2282 de
1712 2263 1745 2282 eo
1756 2258 1898 2291 tanquam

1073 2289 1258 2325 triumphum
1274 2290 1375 2325 agunt.
1391 2299 1404 2314 ιι

1109 2324 1340 2388 (53)“Ἐπεσᾷέθη.
1358 2325 1418 2352 Duo
1436 2327 1523 2360 Regg.
1542 2324 1653 2362 ἐσχέθη,

1109 2362 1165 2388 (54)
1180 2362 1243 2388 Τοῖς
1283 2362 1436 2388 οιστιανῶν,
1461 2361 1529 2388 Ree‘.
1556 2361 1575 2388 1.
1604 2363 1653 2388 rei.

1109 2362 1165 2397 (54)
1180 2362 1243 2391 Τοῖς
1258 2361 1436 2397 Χριστιανῶν,
1461 2361 1529 2396 Reg.
1556 2361 1663 2397 1,⁷⁷τοῐς
1692 2363 1743 2388 τῶν
1775 2363 1899 2399 Χριστια-

1072 2406 1137 2423 νων.

1072 2432 1164 2496 Pagi).
1180 2432 1362 2502 ξῶέὲἒόθὲεα
1384 2440 1435 2460 sex
1460 2432 1560 2468 Regg.,
1577 2434 1635 2460 tres
1651 2433 1730 2461 Colb.
1760 2435 1788 2461 et
1816 2433 1896 2462 Pass.

1108 2504 1163 2540 (56)
1179 2502 1372 2539 Θυμιάσειεν...
1388 2502 1530 2540 κειμένων.
1548 2504 1610 2530 Duo
1631 2504 1719 2540 Regg.
1750 2506 1778 2532 et
1806 2507 1897 2539 Pass.,

1071 2538 1253 2567 (ludificata...
1269 2538 1466 2576 προκειμίνως,
1485 2550 1497 2563 (ι
1518 2538 1722 2568 sacrificasse}.
1741 2552 1755 2565 »

1106 2576 1164 2612 (57)
1181 2576 1398 2611 ’Δποστερήσειν.
1427 2578 1495 2603 Tres
1525 2576 1615 2611 ngg.
1644 2579 1673 2604 et
1702 2577 1748 2605 0r.
1777 2577 1803 2612 4,
1829 2577 1896 2604 ἁπο-

1073 2621 1185 2639 στιοειν.

1109 2621 1234 2683 (ἕέῗῖῶν
1251 2647 1391 2684 ἀπηγορευ
1395 2645 1441 2682 μέν
1446 2657 1491 2672 ων.
1510 2658 1523 2671 ‹‹

1072 2685 1150 2711 sunt.
1166 2693 1179 2710 υ

1107 2720 1162 2754 (59)
1191 2718 1417 2756 Ἐπικουρεῖσθαι.
1444 2719 1637 2756 Restituimus
1672 2728 1771 2747 vocem
1809 2720 1895 2756 hanc,

1072 2763 1161 2791 quam
1177 2755 1334 2790 praeferunt
1348 2757 1475 2790 quatuor
1486 2755 1564 2790 Regii
1575 2755 1897 2791 codices,Colb.3,Pass.

1072 2793 1127 2819 etc.
1145 2791 1275 2827 adeoque
1291 2791 1432 2819 mutanda
1442 2791 1536 2818 vcrsio
1550 2791 1697 2826 Billii,qui,
1711 2792 1825 2821 sublato
1838 2792 1896 2820 ἐπι-

1072 2828 1243 2866 κουρεῖς-θαι,
1253 2828 1327 2856 duas
1343 2827 1373 2866 in
1396 2836 1484 2854 unam
1509 2828 1669 2866 sententias
1694 2829 1896 2866 compingens,

1073 2863 1115 2892 sic
1125 2863 1276 2893 reddidit:
1292 2874 1308 2890 ‹‹
1322 2865 1355 2892 ut
1371 2872 1423 2892 nec
1439 2872 1489 2899 per
1499 2864 1557 2892 vim
1582 2866 1740 2901 oppressis,
1757 2863 1895 2896 nec'iis...

1550 2648 1589 2674 Ex
1605 2648 1651 2676 his
1664 2657 1726 2684 quae
1742 2648 1898 2676 interdicta
