4148 6290
398 401 520 462 633

1391 404 1683 466 ORATIO
1728 404 1828 466 Ιν.
1863 436 1940 450 -
1971 403 2282 467 CONTRA
2329 401 2732 465 JULIANUM
2777 402 2825 461 Ι.

3704 400 3825 462 634

401 535 641 607 ξάτωσαν
676 538 796 597 πῶς
827 534 861 604 ἦ
894 538 1000 590 ποῖ’)
1031 532 1238 591 δίκαιον
1286 538 1432 611 ἡμᾶς
1486 536 1581 610 μὲν
1626 536 1715 593 καὶ
1746 536 2054 614 πάσχοντας

2173 555 2349 611 quam
2383 537 2521 593 mali
2553 538 2688 605 sint,
2713 537 3024 610 pravisque
3045 535 3158 592 diis
3180 538 3492 609 gaudeant,
3516 535 3598 592 ita
3625 538 3823 593 tamen

396 628 706 700 καρτερεῖν,
768 623 959 687 αὐτοὺς
1019 623 1076 680 δὶ
1137 625 1277 698 μηδὲ
1342 623 1675 705 φειδομένων
1738 624 2055 705 φείδεσθαι·

404 713 593 769 σκόπει
626 715 736 789 (71)
769 714 873 790 γὰρ
924 710 1087 771 οὕτω.
1137 720 1250 770 Τῶν
1284 717 1377 789 μὲν
1430 717 1565 788 ἡμῖν
1598 716 1902 792 γεγονότων
1937 738 2061 771 και-

404 808 512 880 ρῶν
541 808 639 859 τοῦ
673 801 949 877 δύνασθαι,
979 809 1085 859 τῶν
1121 804 1177 860 δὲ
1230 805 1355 878 ὑμῖν
1394 803 1593 861 ἄλλοτε
1632 804 1820 868 ἄλλως
1848 806 2058 862 τούτων

405 893 844 969 περιτρεχόντων
896 914 954 948 τε
1003 896 1115 968 (72)
1163 893 1250 948 καὶ
1301 895 1730 968 μεθισταμένων,
1763 895 1814 950 τί
1842 899 2060 949 τοιοῦτο

405 982 549 1057 παρὰ
600 985 939 1057 Χριστιανῶν
985 1003 1117 1037 ποτε
1161 984 1274 1056 (73)
1324 978 1515 1053 συνέϐη
1575 988 1693 1045 τοῖς
1754 984 2059 1059 ὑμετέροις,

406 1071 494 1126 οἷα
525 1072 651 1146 παρ’
704 1072 855 1144 ὑμῶν
902 1068 1174 1135 πολλάκις
1221 1077 1568 1148 Χριστιανοῖς
1604 1092 1617 1143 ;
1651 1073 1813 1134 Ποίας
1842 1073 2059 1149 παῤῥη-

412 1161 528 1223 σίας
560 1159 702 1233 ὑμᾶς
735 1162 1175 1236 ἀπεστερήσαμεν
1202 1180 1216 1231 ;
1246 1161 1359 1215 Τίσι
1381 1159 1594 1235 δήμους
1620 1160 2054 1237 ἐπανεστήσαμεν

417 1251 633 1321 ζέοντας
672 1270 684 1319 ;
733 1249 841 1304 τίσι
896 1246 1189 1327 ἄρχοντας,
1238 1248 1416 1305 πλείω
1465 1255 1570 1306 τῶν
1626 1244 2063 1325 ἐπιταττομένων.

408 1342 806 1411 ὑπηρετοῦντας
867 1358 880 1408 ;
933 1339 1051 1393 Τίσι
1102 1340 1195 1393 τὸν
1255 1338 1378 1413 περὶ
1455 1342 1637 1415 ψυχῆς
1710 1339 2056 1417 ἐπηγάγομεν

404 1426 649 1483 κίνδυνον
686 1448 699 1499 ;
734 1424 965 1486 Μᾶλλον
1021 1425 1078 1483 δὲ
1122 1428 1268 1490 τίνας
1316 1428 1502 1505 ἀρχῶν
1555 1426 1938 1503 ἀπηλάσαμεν,
1969 1429 2059 1483 καὶ

400 1521 510 1573 τῶν
556 1515 742 1572 ἄλλων
792 1521 970 1591 τιμῶν
1018 1518 1074 1572 αῚ
1122 1524 1238 1580 τοῖς
1289 1518 1527 1593 ἀρίστοις
1567 1516 1876 1593 ὀφείλονται
1911 1537 1925 1587 ;
1960 1519 2058 1573 Καὶ

404 1606 692 1663 συνελόντα
722 1609 835 1681 (74)
881 1608 1061 1684 φάναι,
1091 1606 1196 1661 τίνι
1242 1629 1294 1662 τι
1342 1610 1589 1663 τοιοῦτον
1623 1606 2057 1683 ἐπενηνύχαμεν,

401 1699 491 1753 οἷα
544 1694 732 1752 πολλὰ
784 1698 910 1772 παρ’
967 1697 1118 1770 ὑμῶν
1195 1698 1260 1751 τά
1322 1697 1415 1770 μὶν
1483 1695 1764 1770 ἐτολμήθη
1800 1741 1817 1765 ,
1876 1697 1943 1752 τὰ
2001 1696 2057 1752 δὲ

400 1785 681 1857 ἠπειλήθη
736 1805 749 1854 ;
803 1784 954 1843 Ἀλλ’
1015 1784 1129 1841 οὐδ’
1188 1786 1247 1840 ἂν
1307 1786 1461 1841 αὐτοὶ
1529 1788 1643 1861 (75)
1701 1785 1941 1863 φαίητε,
2006 1788 2056 1842 ol

2168 628 2541 700 impudentes
2588 630 2747 695 sunt,
2780 631 2844 681 ut
2882 626 3089 681 vitium
3140 625 3381 698 perinde
3426 630 3601 697 atque
3651 625 3823 683 aliam

2168 719 2483 791 quamdam
2516 716 2938 784 haereditatem,
2963 717 3035 772 ad
3069 733 3129 772 se
3159 717 3402 772 attinere
3429 718 3786 775 contendant
3811 736 3824 775 :

2171 808 2483 864 ostendant
2504 805 2699 875 velim,
2724 806 3000 877 quoniam
3034 808 3201 877 pacto
3228 822 3459 877 aequum
3483 807 3577 874 sit,
3604 810 3704 861 aut
3727 807 3825 861 ubi

2171 898 2279 953 hoc
2334 900 2537 967 exstet,
2580 912 2689 951 nos
2744 895 3007 967 quidem,
3042 896 3216 951 etiam
3269 895 3504 966 injuriis
3565 896 3821 967 affectos,

2170 990 2507 1043 constanter
2524 985 2670 1040 ferre
2693 985 2923 1052 debere,
2949 985 3107 1057 ipsos
3134 989 3329 1041 autem
3353 1002 3423 1041 ne
3446 985 3825 1057 parcentibus

2170 1076 2406 1148 quidem
2444 1090 2697 1145 parcere.
2732 1073 2825 1129 Sic
2855 1075 3008 1129 enim
3053 1091 3175 1130 rem
3226 1075 3505 1147 expende.
3529 1073 3673 1130 Cum
3707 1092 3822 1131 non

2171 1164 2463 1222 defuerint
2484 1168 2748 1236 tempora
2769 1164 2985 1236 quibus
3010 1181 3121 1219 non
3146 1164 3407 1236 potentia
3426 1164 3820 1235 ﬂoruerimus,

2168 1254 2382 1326 quibus
2412 1271 2513 1309 vos
2544 1257 2764 1322 autem,
2800 1252 2889 1309 his
2921 1252 3199 1308 nimirum
3225 1253 3368 1309 alias
3392 1253 3560 1310 aliter
3579 1255 3820 1310 rotanti-

2168 1344 2301 1412 bus,
2326 1348 2500 1415 atque
2530 1342 2589 1397 in
2623 1342 2919 1398 diversum
2950 1342 3304 1411 labentibus,
3326 1344 3472 1399 131
3520 1343 3660 1415 quid
3692 1346 3822 1399 tan-

2169 1434 2301 1487 dem
2326 1431 2518 1487 simile
2539 1432 2711 1487 vestri
2738 1450 2771 1486 a
2790 1431 3138 1487 Christianis
3158 1433 3420 1504 perpessi
3446 1436 3604 1499 sunt,
3625 1431 3824 1506 qualia

2169 1537 2571 1593 saepenumero
2602 1520 2915 1575 Christiani
2950 1537 2982 1576 a
3010 1521 3173 1575 vobis
3203 1520 3604 1592 pertulerunt?
3633 1522 3820 1587 Quam

2167 1610 2497 1666 libertatem
2519 1609 2682 1664 vobis
2705 1610 3029 1681 eripuimus
3047 1609 3074 1662 ?
3099 1615 3160 1665 In
3194 1627 3340 1681 quos
3369 1610 3595 1683 plebem
3629 1611 3818 1668 furen-

2167 1702 2286 1756 tem
2320 1698 2788 1754 concitavimus?
2818 1699 2881 1752 In
2915 1715 3061 1769 quos
3103 1699 3289 1755 nostri
3321 1699 3617 1772 praesides,
3648 1700 3821 1773 plura

2165 1789 2341 1846 etiam
2374 1806 2552 1859 quam
2602 1788 2749 1860 ipsis
2796 1788 3149 1860 imperatum
3181 1793 3356 1857 esset,
3388 1794 3774 1861 exsequentes
3795 1791 3823 1846 ?

400 1876 461 1931 τὸ
520 1874 728 1948 ἥμερον
782 1877 918 1948 ἡμῖν
981 1878 1092 1950 (76)
1160 1875 1514 1950 ἐγκαλοῦντες
1570 1875 1659 1931 καὶ
1715 1876 1778 1931 τὸ
1838 1874 2000 1954 φιλάν
2032 1911 2053 1921 -

2172 1880 2391 1943 Quibus
2421 1879 2548 1933 vita
2580 1878 2905 1950 periculum
2956 1879 3327 1934 creavimus?
3379 1879 3501 1935 Imo
3531 1895 3819 1952 quosnam

400 1967 640 2041 θρωπον.

2163 1968 2436 2041 ρΓᾶΞῐΠΓῙΒ
2484 1968 2730 2038 aliisque
2778 1967 3122 2038 honoribus,
3158 1968 3257 2040 qui
3309 1968 3818 2040 prastantissimis

404 2057 736 2129 quibusque
782 2055 922 2113 viris
970 2056 1273 2128 debentur,
1306 2057 1755 2114 submovimus?
1784 2060 1991 2131 Atque,
2027 2062 2090 2114 ut
2119 2058 2463 2114 summatim
2515 2058 2726 2125 dicam,
2760 2057 2917 2112 eccui
2970 2057 3190 2129 aliquid
3243 2057 3435 2113 simile
3483 2058 3816 2131 intulimus,

403 2145 598 2218 qualia
628 2145 815 2201 multa
846 2162 879 2202 a
909 2145 1070 2202 vobis
1102 2146 1314 2217 partim
1346 2151 1597 2219 patrata,
1629 2147 1843 2219 partim
1876 2148 2218 2204 denuntiata
2248 2148 2432 2203 sunt?
2463 2148 2572 2203 Sed
2606 2162 2677 2201 ne
2706 2146 2819 2218 ipsi
2852 2146 3088 2217 quidem
3122 2147 3231 2203 hoc
3263 2146 3544 2219 dixeritis,
3578 2148 3682 2219 qui
3712 2166 3817 2206 no-

403 2236 496 2293 bis
527 2235 1043 2292 mansuetudinem
1076 2240 1131 2291 et
1160 2236 1589 2293 humanitatem
1624 2237 1855 2293 crimini
1884 2242 2105 2295 vertere
2136 2237 2354 2294 soletis.

480 2326 576 2403 ιιθ.
626 2327 850 2381 Ἔπειτα
896 2330 1013 2388 πῶς
1066 2324 1239 2381 ἐκεῖνο
1433 2325 1495 2381 οὐ
1544 2323 1760 2402 λογίζῃ,
1794 2329 1838 2381 ὦ
1870 2329 2054 2408 σοφώ-

406 2436 533 2471 τατε
562 2416 777 2470 πάντων
826 2415 917 2470 καὶ
968 2415 1318 2487 συνετώτατε,
1353 2416 1380 2471 ὁ
1411 2415 1550 2491 πρὸς
1599 2415 1661 2470 τὸ
1708 2422 1809 2486 τῆς
1860 2418 2054 2492 ἀρετῆς

408 2506 569 2581 ἄκρον
603 2502 900 2580 συγκλείων
944 2502 1317 2581 Χριστιανοὺς,
1370 2503 1452 2559 ὅτι
1500 2511 1601 2575 τῆς
1651 2505 1923 2581 ἡμετέρας
1968 2526 2054 2560 νο-

412 2592 666 2669 μοθεσίας
711 2595 779 2649 τὰ
836 2595 931 2667 μὲν
982 2592 1219 2670 ἀνάγκην
1267 2593 1382 2671 ἔχει
1430 2600 1545 2657 τοῖς
1595 2594 2056 2667 ἐπιταττομένοις,

408 2683 442 2739 ’ὰ
472 2684 561 2739 καὶ
614 2685 689 2756 μὴ
744 2682 1073 2761 φυλάττουσι
1122 2682 1365 2747 κίνδυνος
1394 2688 1527 2756 (78)·
1562 2684 1627 2739 τὰ
1670 2682 1726 2739 δὲ
1756 2684 1856 2739 οὑκ
1891 2684 2054 2761 ἀνάγ-

407 2791 528 2845 κην,
564 2771 765 2846 αἳρεσιν
801 2770 877 2827 δέ·
929 2773 961 2828 ἃ
1012 2770 1340 2852 φυλάττουσι
1392 2776 1510 2847 μὲν,
1557 2775 1725 2848 τιμὴν
1767 2774 1856 2830 καὶ
1908 2773 2052 2829 ἀντί-

406 2859 554 2917 δοσιν
589 2864 724 2935 (79,,
763 2863 839 2935 μὴ
872 2861 1200 2940 φυλάττουσι
1234 2860 1310 2936 δὲ,
1342 2861 1455 2917 οὐδ’
1487 2862 1647 2917 ὅντιν’
1678 2864 1769 2918 οὗν
1799 2866 1911 2937 (80)
1941 2864 2053 2919 κίν-

403 2950 557 3007 δυνον
595 2971 609 3021 ;
645 2952 709 3009 Εἰ
743 2952 836 3025 μὲν
871 2953 973 3027 γὰρ
1021 2952 1132 3006 οἷόν
1180 2974 1238 3007 τε
1284 2953 1351 3021 ἦν
1383 2954 1495 3025 (81)
1528 2950 1761 3015 ἅπαντας
1802 2953 2051 3028 ἀρίστους

407 3039 567 3109 εἶναι,
624 3041 713 3094 καὶ
759 3045 854 3095 τοῦ
902 3038 1067 3118 ἄκρου
1113 3049 1214 3111 τῆς
1269 3041 1464 3115 ἀρετῆς
1526 3037 1857 3113 ἐπιϐαίνειν,
1907 3039 2053 3097 τοῦτ’

405 3128 465 3184 ἂν
500 3130 568 3199 ἦν
627 3130 903 3205 κράτιστόν
962 3152 1021 3185 τε
1072 3131 1162 3186 καὶ
1217 3131 1574 3187 τελεώτατον·
1610 3131 1724 3186 ἐπεὶ
1777 3129 1834 3187 δὲ
1876 3133 2051 3208 χωρὶς

399 3218 468 3273 τὰ
521 3219 637 3274 θεῖα
689 3222 794 3273 τῶν
854 3219 1228 3295 ἀνθρωπίνων,
1290 3219 1379 3274 καὶ
1429 3225 1545 3282 τοῖς
1608 3222 1702 3294 μὲν
1756 3220 1854 3275 οὐκ
1912 3216 2049 3276 ἔστιν

400 3307 530 3363 ὅτου
558 3310 673 3381 (82)
724 3309 800 3381 μὴ
856 3314 964 3365 τῶν
1014 3307 1198 3364 καλῶν
1253 3308 1487 3383 μέτεστι,
1519 3315 1632 3371 τοῖς
1663 3307 1721 3365 δὲ
1763 3311 1923 3385 μέγα,
1954 3309 2049 3365 κᾶν

2238 2328 2415 2384 XCIX.
2447 2328 2527 2382 Ad
2561 2327 2681 2383 haec
2725 2327 3017 2399 quomodo
3049 2326 3192 2382 illud
3226 2343 3340 2383 non
3374 2328 3815 2399 animadvertis,

2165 2416 2432 2473 omnium
2482 2416 2914 2488 sapientissime
2962 2421 3020 2471 et
3066 2416 3562 2488 ingeniosissime,
3595 2415 3693 2488 qui
3741 2418 3816 2475 ad

2164 2506 2399 2561 virtutis
2433 2522 2621 2561 arcem
2655 2509 2710 2560 et
2740 2506 3014 2561 verticem
3046 2506 3409 2562 Christianos
3451 2505 3631 2577 cogis,
3659 2508 3817 2579 quod

2173 2596 2231 2650 in
2264 2594 2488 2667 legibus
2524 2595 2760 2661 nostris,
2787 2595 2899 2649 alia
2931 2594 3168 2666 parendi
3202 2594 3820 2668 necessitatemimpo-

2166 2690 2334 2755 nunt,
2368 2701 2470 2740 nec
2502 2685 2629 2739 sine
2679 2684 2936 2756 periculo
2986 2684 3347 2756 praetermitti
3392 2689 3666 2756 possunt;
3701 2684 3818 2744 alia

2166 2791 2282 2830 non
2317 2775 2667 2830 necessitate
2692 2774 3127 2846 constringunt,
3156 2775 3253 2829 sed
3281 2774 3338 2829 in
3370 2774 3610 2831 arbitrio
3641 2779 3698 2832 et
3724 2793 3819 2834 vo-

2162 2863 2386 2919 luntate
2419 2863 2609 2935 posita
2641 2868 2815 2919 sunt:
2847 2880 2910 2917 ac
2942 2863 3186 2935 proinde
3216 2863 3368 2919 hanc
3400 2863 3682 2920 rationem
3714 2864 3816 2921 ha-

2162 2953 2322 3021 bent,
2359 2957 2421 3008 ut
2469 2954 2569 3025 qui
2615 2969 2681 3009 ea
2731 2953 3135 3021 custodierint,
3171 2952 3391 3009 honore
3447 2957 3503 3009 et
3558 2953 3817 3025 prazmiis

2163 3042 2525 3111 afficiantur;
2561 3042 2658 3114 qui
2694 3047 2887 3097 autem
2920 3042 3118 3098 minus
3159 3059 3227 3097 ea
3257 3042 3634 3114 expleverint,
3665 3042 3813 3100 nihil

2164 3131 2404 3204 periculi
2468 3131 2923 3204 pertimescant?
2963 3131 3211 3203 Etenim,
3244 3133 3293 3188 si
3324 3132 3448 3187 fieri
3506 3135 3704 3205 posset
3751 3137 3816 3190 ut

2164 3238 2341 3292 quam
2373 3221 2579 3294 optimi
2601 3237 2805 3276 omnes
2827 3225 3045 3291 essent,
3071 3226 3245 3294 atque
3277 3223 3347 3278 ad
3382 3239 3687 3279 summum
3707 3222 3816 3280 vir-

2160 3311 2305 3366 tutis
2338 3311 2633 3383 fastigium
2677 3311 3062 3381 pervenirent,
3087 3311 3195 3367 hoc
3225 3311 3459 3382 quidem
3494 3311 3813 3383 praeclaris-

400 3398 572 3454 εἰτοῦ
616 3396 783 3470 μέσου
833 3400 1176 3475 τυγχάνοιεν,
1228 3399 1280 3454 τί
1331 3420 1413 3454 σοι
1468 3398 1723 3475 βούλεται
1770 3399 1832 3454 τὸ
1883 3403 2049 3455 ταῦτα

2172 3402 2378 3458 simum
2430 3405 2486 3456 et
2535 3400 3025 3472 perfectissimum
3080 3404 3254 3456 esset.
3288 3400 3571 3467 Quoniam
3620 3405 3816 3458 autem

399 3488 734 3560 νομοθετεῖν,
790 3486 825 3541 ἃ
876 3489 952 3561 μή
997 3493 1102 3544 τῶν
1154 3489 1369 3544 πάντων
1421 3488 1584 3562 ἐστὶν,
1618 3492 1652 3560 ἣ
1697 3489 2053 3564 κατακρίτους

402 3576 534 3632 εἶναι
579 3575 710 3639 τοὺς
759 3577 821 3633 οὗ
871 3576 1291 3655 φυλάσσοντας;
1336 3582 1539 3655 Ὥσπερ
1588 3580 1692 3655 γὰρ
1745 3579 1890 3642 ὅστις
1941 3582 2055 3653 (83)

403 3666 464 3721 οὐ
520 3665 799 3730 κολάσεως
859 3668 1034 3739 ἄξιος,
1091 3666 1199 3739 ἤδη
1274 3669 1365 3724 καὶ
1423 3668 1814 3746 ἀναρρήσεως·
1879 3668 2053 3731 οὕτως

403 3754 549 3819 ὅστις
581 3759 693 3831 (84)
727 3755 828 3812 οὐκ
876 3757 1243 3834 ἀναρρήσεως,
1292 3757 1402 3831 ἤδη
1452 3759 1541 3815 καὶ
1590 3757 1878 3834 τιμωρίας·
1927 3756 2054 3814 ἀλλ’

403 3845 454 3900 ἐν
487 3844 636 3918 ὅροις
670 3843 751 3901 δεῖ
802 3847 1058 3919 μένοντας
1104 3854 1207 3918 τῆς
1254 3850 1524 3925 ἡμετέρας
1577 3847 1921 3927 φιλοσοφίας,
1962 3848 2052 3903 καὶ

400 3940 499 4002 τῆς
533 3930 871 4009 ἀνθρωπίνης
906 3932 1185 4008 δυνάμεως
1212 3938 1349 4012 (85),
1384 3936 1556 3999 οὕτως
1601 3938 1842 3992 ἀπαιτεῖν
1873 3937 1963 3991 καὶ
1993 3938 2053 3991 τὸ

399 4023 855 4099 κατορθούμενον.

2165 3491 2360 3546 divina
2391 3491 2462 3546 ab
2493 3489 2772 3546 humanis
2803 3489 3094 3563 dirempta
3124 3494 3282 3561 sunt,
3315 3495 3487 3563 atque
3534 3490 3633 3547 alii
3683 3490 3818 3563 qui-

2164 3581 2296 3636 dem
2332 3580 2489 3636 nullo
2543 3597 2656 3636 non
2704 3580 2937 3635 virtutis
2986 3596 3195 3652 genere
3242 3580 3552 3651 excellunt,
3584 3580 3681 3636 alii
3712 3598 3816 3637 au-

2163 3673 2281 3725 tem
2314 3671 2460 3725 bene
2492 3686 2691 3725 secum
2730 3670 2821 3742 agi
2871 3673 3099 3742 putant,
3134 3670 3183 3726 si
3214 3670 3301 3726 vel
3351 3670 3815 3727 mediocritatem

2166 3764 2577 3832 assequentur,
2603 3777 2728 3831 quae
2762 3759 2884 3815 haec
2914 3764 3015 3815 tua
3045 3760 3193 3815 ratio
3221 3762 3329 3830 est,
3355 3760 3497 3814 dum
3548 3775 3615 3815 ea
3663 3758 3815 3814 indi-

2165 3851 2248 3906 cis
2278 3854 2333 3906 et
2362 3850 2713 3921 praescribis,
2749 3868 2877 3921 quae
2930 3866 3043 3903 non
3093 3848 3356 3905 omnium
3390 3852 3555 3917 sunt;
3590 3855 3689 3904 aut
3716 3865 3816 3905 eos

2164 3957 2268 4012 pro
2300 3939 2591 3993 damnatis
2632 3938 2832 4006 habes,
2867 3938 2965 4009 qui
3012 3955 3127 3993 non
3177 3937 3558 3993 custodiunt?
3603 3937 3814 4001 Quem-

2164 4029 2480 4083 admodum
2530 4027 2687 4082 enim
2739 4027 3007 4099 quisquis
3063 4026 3353 4098 supplicio
3412 4026 3568 4083 haud
3600 4026 3817 4100 dignus

398 4119 506 4183 est,
541 4132 656 4171 non
687 4115 844 4171 idem
901 4116 1103 4173 statim
1152 4116 1387 4174 laudem
1418 4121 1477 4173 et
1506 4117 1979 4190 praedicationem
2012 4121 2296 4184 meretur;
2346 4118 2545 4172 eodem
2580 4118 2753 4172 modo
2785 4134 2889 4171 nec
2919 4116 3188 4187 quisquis
3219 4116 3390 4171 laude
3438 4124 3492 4171 et
3539 4117 3817 4188 praedica-

399 4202 555 4259 tione
584 4203 802 4277 dignus
835 4221 951 4259 non
982 4209 1094 4271 est,
1127 4206 1283 4261 idem
1316 4207 1622 4263 confestim
1674 4222 1905 4278 pcenam
1936 4222 2171 4277 quoque
2201 4210 2595 4261 commoretur
2622 4221 2634 4259 :
2671 4206 2772 4259 sed
2821 4205 3204 4276 philosophiae
3254 4208 3469 4260 nostra:
3497 4205 3819 4262 virtutum-

400 4308 515 4365 que
560 4292 959 4351 humanarum
1020 4294 1241 4351 finibus
1300 4312 1406 4352 nos
1460 4296 1619 4369 ipsos
1651 4295 1949 4351 continere
1980 4296 2284 4367 debemus,
2318 4296 2518 4367 sicque
2564 4295 2641 4360 id,
2677 4295 2831 4366 quod
2887 4299 3037 4350 recte
3082 4298 3139 4350 et
3186 4311 3252 4349 ex
3298 4294 3513 4351 virtute
3570 4295 3815 4368 geritur,

399 4398 648 4440 exigere.

474 4400 487 4437 ι
532 4400 648 4440 ere.

474 4399 530 4524 Ρξ
566 4469 725 4527 Ἀλλ’
769 4469 1025 4527 ἀνακτέον
1069 4493 1168 4544 μοι
1214 4470 1379 4529 πάλιν
1422 4470 1514 4527 τδν
1567 4471 1735 4547 Λόγον
1784 4472 1870 4528 ἐπὶ
1918 4472 2047 4536 τοὺς

477 4606 588 4750 (71)
620 4604 839 4663 Σκόπει.
873 4607 1012 4680 Reg.
1046 4608 1169 4677 bm,
1200 4608 1416 4679 Comb.,
1448 4609 1577 4665 Sav.
1604 4613 1873 4665 σκοπεῖτε.

479 4680 567 4749 (72
644 4679 1080 4750 Περιορεχόντων
1137 4699 1216 4736 τε.
1277 4680 1368 4737 Sic
1427 4682 1543 4738 duo
1586 4680 1765 4750 Regg.
1798 4686 1856 4738 et

479 4679 588 4762 (72_)
644 4679 1080 4762 Περιοριχόντων
1137 4699 1216 4736 τε.
1277 4680 1368 4737 Sic
1427 4682 1543 4738 duo
1586 4680 1765 4754 Regg.
1798 4686 1856 4738 et
1883 4686 2049 4738 Pass.

404 4754 574 4807 Deest
601 4771 660 4805 τε
691 4752 750 4807 in
781 4752 909 4807 ed."
1678 4752 1719 4754 “⁷

476 4824 590 4948 (73)
645 4823 982 4897 Χριστιανῶν
1042 4842 1195 4907 ποτε.
1259 4825 1345 4879 Ita
1402 4823 1580 4907 Regii.
1610 4827 1881 4909 quatuor,
1941 4826 2058 4881 duo

404 4893 479 4948 Co
507 4896 586 4948 b..
619 4895 714 4948 Or.
751 4898 795 4948 l.
832 4895 998 4948 Gab..
1047 4894 1146 4948 alii
1195 4900 1443 4948 servato.
1485 4899 1583 4948 alii
1616 4901 1829 4948 reiecto
1859 4914 2058 4948 accen-

404 4893 586 4980 Oolbﬁ.
619 4893 723 4980 Or'.‘
751 4895 1024 4980 lkGab,
1047 4894 1146 4980 alii
1195 4900 1443 4980 servato,
1485 4893 1583 4952 alii
1615 4893 1829 4980 rejecto
1859 4914 2059 4980 accen-

406 4967 675 5048 tus-ﬂag.
706 4966 748 5037 1,
781 4967 944 5023 Pass.
977 4970 1035 5023 et
1088 4967 1259 5024 Savil.
1318 4967 1561 5026 πώποτε.
1615 4966 1781 5026 Deest
1822 4989 1953 5023 ποτε
1996 4970 2057 5025 in

404 5038 598 5094 editis.
628 5038 651 5041 “

478 5110 589 5167 (74)
623 5106 944 5165 Συνελόντα.
977 5107 1092 5165 Alii
1123 5106 1422 5167 συνελόντι.

612 5180 808 5265 Αὐῖοί·
825 5183 995 5265 ἓ⁸⁸¹ῖ
1028 5182 1192 5265 .add.“
1218 5186 1405 5265 Ἐπ’τέ

476 5254 587 5328 (76)
611 5258 809 5328 ’Πμῖνη
825 5254 999 5310 Deest
1025 5254 1085 5328 in
1116 5255 1346 5311 duobus
1367 5256 1555 5328 Regg.
1589 5259 1647 5311 et
1666 5255 1769 5328 _Or.
1786 5256 1858 5328 ,1.

407 5395 420 5413 ν
615 5330 739 5417 OE);
793 5324 986 5380 ἐκεῖνο.
1022 5327 1180 5383 Pass.
1213 5332 1270 5383 et
1306 5326 1423 5396 alii,
1464 5324 1591 5387 ἶπῶς
1623 5326 1741 5382 οὐκ.
1779 5327 1904 5383 Par.
1940 5329 2053 5387 πῶς

403 5416 558 5451 εκειν’
590 5420 674 5455 ου.

475 5472 589 5597 (78)
623 5465 902 5530 Κίνδυνος.
938 5467 1195 5525 Montac.
1228 5468 1541 5596 leigendum
1568 5473 1763 5556 putat,
1786 5465 2054 5540 κίνδυνον,

404 5545 472 5595 ut
503 5560 561 5597 re
587 5546 787 5597 eratur
810 5543 883 5597 ad
916 5541 1087 5597 φέρει.
1147 5558 1261 5597 auo
1334 5543 1806 5597 subaudiendum
1838 5547 2054 5597 censet.

404 5545 472 5595 ut
503 5541 787 5601 referatur
810 5543 883 5599 ad
956 5541 1087 5612 έρει,
1147 5541 1310 5612 quod
1334 5541 1806 5599 subaudiendum
1838 5547 2055 5598 censet.

405 5613 621 5672 Quidni
650 5632 784 5672 vero
815 5614 888 5671 ad
916 5560 1057 5672 ἵστί.
1089 5613 1245 5672 (ιιιοά
1272 5614 1579 5670 subaudiri
1610 5614 1759 5671 solet
1787 5615 1814 5670 ‘I
1844 5615 2055 5670 Favent

405 5613 621 5678 Quidni
650 5632 784 5699 vero
815 5614 888 5671 ad
920 5610 1057 5680 ἐστι,
1089 5610 1245 5685 quod
1272 5614 1579 5670 subaudiri
1610 5614 1759 5671 solet
1787 5615 1814 5670 ‘I
1844 5615 2059 5670 Favent

406 5701 613 5742 omnes
643 5687 873 5744 codices

480 5755 593 5829 (79)
621 5759 797 5833 Τιμήν
852 5758 941 5814 καὶ
989 5752 1272 5813 ἀντίδοσιν.
1328 5756 1833 5833 Subaudiendum,
1888 5756 2056 5836 φέρει,

2229 4476 2291 4530 C.
2322 4476 2394 4528 At
2423 4473 2567 4528 mihi
2608 4490 2846 4529 rursum
2888 4472 3223 4530 faciendum
3254 4477 3361 4541 est,
3398 4480 3461 4529 ut
3492 4474 3813 4531 orationem

2084 4614 2131 4679 D
2161 4608 2249 4665 vel
2270 4610 2659 4681 repetendum
2695 4602 2829 4681 ἔχει.

2234 4677 2357 4753 (80)
2392 4677 2525 4753 ρύδξ
2579 4677 2758 4733 ὄντων
2791 4677 2904 4753 οὖν.
2975 4681 3127 4753 R_eg._
3165 4681 3264 4747 hu,
3324 4680 3476 4753 Ald.,
3517 4680 3648 4753 Her.
3682 4677 3813 4753 μηδ’

2167 4748 2329 4836 ὅντιν’
2361 4749 2472 4806 οὖν.
2508 4752 2686 4825 Regg.
2721 4753 2839 4821 bm,
2873 4752 2914 4820 Ι,
2946 4748 3277 4805 οὐδ’νὸντινα
3324 4752 3437 4809 οὖν.
3481 4748 3693 4811 Βιιείι..”
3721 4748 3813 4806 ὁν-

2163 4843 2501 4985 agilem
2534 4914 2591 4948 τε
2618 4896 2704 4961 ἦν.
2743 4897 2825 4950 Ita
2886 4896 3147 4967 plerique
3176 4895 3423 4951 codices.
3460 4899 3523 4949 In
3569 4894 3660 4950 ed.
3696 4893 3813 4948 οἷον

2164 4986 2193 5020 τ
2372 5039 2559 5125 ⁸ςρτω.
2594 5039 2821 5125 Rgg._b,
2864 5036 2993 5125 Stq).
3076 5105 3101 5125 υ
3302 5108 3395 5125 Νι
3478 5109 3487 5119 ⁹

2387 5111 2612 5185 ’Ὀστιςτᾲ
2645 5105 2849 5185 Paris),
2907 5105 3239 5185 odx__80'tt:_.
3302 5108 3631 5166 Delevimus
3682 5108 3811 5185 οὐχ,

2166 5184 2319 5254 quod
2350 5201 2383 5239 a
2412 5183 2712 5238 codicibus
2740 5183 2855 5237 fere
2886 5182 3159 5237 omnibus
3189 5182 3373 5254 abest.

2189 5250 2348 5339 ς(84)
2384 5256 2582 5314 Ὅστις.
2656 5254 2757 5309 Hic
2814 5254 3029 5309 iterqu
3089 5252 3480 5325 expunximus
3540 5250 3648 5327 οὐχ
3676 5255 3813 5309 ante

2382 5393 2755 5467 ἈνΟρωπίνης
2788 5392 3085 5466 δυνάμεως.
3122 5399 3256 5467 Reg.
3288 5395 3388 5465 hu,
3443 5395 3592 5450 Ald..
3646 5395 3812 5467 Herv.

2166 5466 2455 5541 ἡμετέρας.
2492 5466 2723 5525 Mallem
2747 5468 2903 5523 hunc
2924 5469 3113 5523 locum
3146 5466 3229 5523 sic
3260 5468 3538 5541 reddere;
3575 5488 3603 5517 ‹‹
3632 5466 3817 5538 Opor-

2166 5544 2249 5596 tet
2296 5538 2470 5610 igitur
2516 5541 2893 5611 philosophia:
2923 5546 3132 5596 nostrae
3167 5540 3496 5611 viriumque
3526 5538 3813 5596 humana-

2165 5630 2298 5667 rum
2334 5612 2548 5667 ﬁnibus
2580 5613 2877 5668 continere
2908 5629 2989 5671 se.
3033 5628 3097 5667 ac
3128 5613 3211 5667 ita
3241 5613 3480 5668 demum
3511 5612 3667 5684 quod
3690 5627 3813 5672 roc-

2166 5688 2223 5742 te
2253 5690 2311 5741 et
2342 5700 2411 5740 ex
2448 5685 2661 5742 virtute
2680 5686 2923 5758 geritur,
2956 5684 3203 5756 exigere.
3240 5706 3268 5734 ››
3876 5694 3879 5697 ‘
