4148 6290
369 377 486 436 635

1608 379 1676 440 S.
1724 379 2097 441 GREGORII
2146 382 2542 444 THEOLOGI

3664 382 3787 443 636

370 510 444 565 ad
474 524 773 566 sermones
795 502 1086 577 revocem;
1124 525 1312 582 neque
1343 510 1499 567 enim
1534 510 1680 567 mihi
1703 516 2023 585 temperare

2145 512 2360 591 λόγους·
2396 516 2458 569 ού
2488 517 2591 592 γὰρ
2626 513 2772 593 φέρω
2820 516 2895 588 μή
2927 534 3087 569 τουτο
3136 512 3408 575 πολλάκις
3441 510 3785 589 ἀνακυκλεῖν,

371 616 639 672 possum,
662 598 801 668 quin
834 599 943 654 hoc
974 599 1296 655 identidem
1327 601 1623 672 replicem,
1657 603 2026 658 enitendum-

373 706 507 760 que,
530 692 594 743 ut
622 688 767 759 ipsis
792 706 894 761 pro
916 688 1067 743 virili
1090 706 1260 760 opem
1284 690 1485 747 feram.
1510 693 1656 747 Nam
1679 710 1812 748 cum
1841 693 2029 748 multa

372 782 430 833 et
459 778 657 849 gravia
689 777 808 832 sint
839 794 967 849 quae
998 779 1199 834 odium
1249 778 1332 834 illi
1383 781 1589 836 merito
1636 782 1888 838 conﬂare
1918 784 2017 837 de-

368 867 566 936 beant,
601 866 746 921 nihil
780 871 975 922 tamen
1007 868 1182 923 estin
1228 885 1342 940 quo
1396 872 1584 941 magis
1616 888 1790 943 quam
1826 872 1883 926 in
1918 872 2026 927 hac

362 973 441 1023 re,
467 956 739 1029 iniquum
786 975 850 1012 ac
883 957 1232 1013 sceleratum
1286 976 1347 1014 se
1399 961 1720 1031 praebuisse
1751 963 1905 1017 182
1937 962 2024 1015 vi-

360 1047 589 1102 deatur.
612 1053 693 1101 Ac
717 1064 968 1114 mecum,
994 1047 1188 1119 velim,
1214 1049 1575 1120 indignetur,
1600 1051 1872 1121 quisquis
1904 1068 2023 1106 ser-

362 1136 639 1191 monibus
681 1137 1078 1209 doctrinzeque
1128 1138 1343 1193 studiis
1394 1138 1735 1211 delectatur,
1771 1140 2025 1212 huicque

364 1226 517 1297 parti
549 1226 821 1281 addictus
853 1232 960 1297 est,
995 1245 1111 1299 quo
1143 1228 1201 1283 in
1235 1245 1481 1284 numero
1505 1246 1597 1285 me
1630 1246 1863 1301 quoque
1894 1246 2023 1286 esse

361 1331 475 1370 non
509 1315 758 1371 inficior.
784 1317 928 1371 Nam
963 1321 1169 1372 caetera
1200 1318 1439 1388 quidem
1473 1319 1671 1373 omnia
1691 1319 2022 1374 volentibus

356 1404 589 1476 reliqui,
624 1422 783 1477 opes,
818 1408 1048 1478 generis
1090 1406 1477 1476 nobilitatem,
1512 1408 1782 1480 gloriam,
1818 1413 2020 1479 poten-

357 1493 503 1549 tiam
526 1497 871 1565 cazteraque,
894 1512 1019 1566 quas
1043 1498 1282 1550 terrenas
1306 1494 1485 1565 hujus
1501 1496 1839 1566 jactationis
1860 1502 2019 1568 sunt,

359 1588 417 1640 et
444 1600 605 1639 vente
639 1584 1004 1656 somniisque
1032 1584 1242 1639 similis
1267 1584 1695 1641 oblectationis.
1715 1589 1786 1641 At
1808 1603 2021 1643 sermo-

358 1687 463 1728 nes
512 1672 668 1728 solos
722 1672 1123 1745 complector:
1167 1690 1273 1729 nec
1334 1674 1539 1742 habeo,
1575 1677 1727 1746 quod
1791 1676 2019 1733 labores

356 1766 485 1818 tum
516 1766 672 1817 terra
728 1765 855 1816 tum
910 1762 1057 1818 mari
1115 1767 1418 1835 susceptos
1450 1764 1736 1831 incusem,
1770 1766 1867 1837 qui
1919 1784 2017 1822 eos

358 1851 507 1907 mihi
538 1857 975 1923 compararunt.
1008 1856 1203 1925 Atque
1236 1854 1461 1908 utinam
1495 1854 1663 1925 mihi,
1696 1854 2017 1927 amicisque

361 1941 530 2012 meis,
568 1958 909 1996 sermonum
942 1940 1121 1997 robur
1152 1943 1304 1998 adsit
1337 1960 1349 1997 :
1386 1944 1540 2013 quod
1574 1943 1853 2015 primum,
1888 1950 2018 2017 post

362 2030 422 2086 id
453 2031 611 2102 quod
635 2030 893 2101 primum
921 2036 1029 2097 est,
1053 2032 1419 2103 amplexatus
1452 2050 1606 2101 sum,
1630 2038 1805 2105 atque
1825 2034 2027 2090 etiam-

367 2136 510 2175 num
565 2119 885 2191 amplexor,
920 2121 1029 2176 hoc
1085 2126 1194 2188 est,
1246 2126 1378 2193 post
1429 2122 1645 2193 divina,
1680 2128 1735 2178 et
1788 2140 1923 2195 spes
1954 2126 2025 2179 ab

366 2208 670 2264 oculorum
698 2209 972 2265 sensibus
994 2214 1268 2266 remotas.
1295 2212 1502 2282 Quare,
1528 2212 1576 2267 si
1600 2229 1707 2267 sua
1732 2229 2027 2285 quemque

2136 605 2226 659 καὶ
2256 605 2534 680 πειρατέον
2566 611 2932 681 συνηγορῆσαι
2980 603 3196 665 τούτοις
3244 604 3320 665 εἰς
3365 601 3615 676 δύναμιν·
3642 602 3785 658 πολ-

2138 692 2249 747 λῶν
2277 694 2378 769 γὰρ
2427 695 2515 747 καὶ
2566 691 2750 749 δεινῶν
2804 689 2999 765 ὄντων,
3032 692 3113 770 ἐφ’
3143 695 3225 755 οἷς
3279 692 3483 755 ἐκεῖνος
3515 695 3783 767 μισεῖσθαι

2138 780 2367 853 δίκαιος,
2398 782 2496 837 ούκ
2526 781 2666 839 ἔστιν
2700 783 2730 838 6'
2758 805 2810 838 τι
2860 781 3073 856 μᾶλλον
3188 788 3349 838 τοῦτο
3395 786 3783 859 παρανομήσας

2135 872 2396 949 φαίνεται.
2454 873 2547 928 Καί
2600 895 2693 947 μοι
2742 870 3198 948 συναγανακτείτω
3246 878 3349 935 πᾶς
3400 871 3545 934 ὅστις
3598 871 3787 949 λύγοις

2134 962 2365 1037 χαίρων,
2416 962 2506 1017 καὶ
2552 968 2621 1036 τῇ
2676 963 2840 1038 μοίρᾳ
2888 962 3055 1036 ταύτῃ
3101 959 3497 1038 προσκείμενος
3542 963 3676 1036 (86),
3709 963 3783 1016 ὧν

2135 1053 2268 1105 εἶναι
2326 1051 2415 1106 καὶ
2472 1052 2632 1113 αὐτὸς
2682 1052 2782 1106 οὐκ
2830 1053 3159 1125 ἀρνήσομαι.
3212 1049 3286 1103 Τὰ
3338 1051 3430 1123 μὲν
3487 1050 3591 1127 γὰρ
3640 1048 3786 1106 ἄλλα

2132 1148 2353 1216 παρῆκα
2397 1146 2515 1203 τοῖς
2570 1139 2954 1214 βουλομένοις,
3013 1138 3281 1212 πλοῦτον,
3334 1138 3634 1215 εὐγένειαν,
3696 1136 3783 1195 sii-

2130 1229 2336 1299 κλειαν,
2384 1228 2713 1299 δυναστείαν,
2759 1231 2792 1284 ἃ
2837 1233 2938 1299 τῆς
2986 1228 3132 1285 κάτω
3181 1235 3480 1304 περιφορᾶς
3532 1228 3643 1284 ἐστι
3695 1229 3784 1284 καὶ

2131 1318 2457 1392 ὀνειρώδους
2484 1320 2746 1395 τέρψεως·
2780 1324 2877 1373 τοῦ
2909 1318 3078 1395 λόγου
3110 1316 3167 1374 δὲ
3215 1318 3544 1394 περιέχομαι
3592 1318 3782 1391 μόνου·

2129 1405 2218 1461 καί
2249 1408 2309 1461 οὐ
2340 1406 2626 1483 μέμφομαι
2676 1404 2953 1482 χερσαίοις
3004 1427 3064 1460 τε
3092 1405 3282 1468 πόνοις
3325 1404 3415 1460 καὶ
3448 1404 3782 1476 θαλασσίοις,

2130 1497 2182 1550 οἳ
2235 1496 2463 1558 τούτους
2521 1517 2612 1569 μοι
2667 1496 3019 1571 συνεπόρισαν
3071 1498 3207 1569 (87).
3269 1495 3427 1568 Ἐμοὶ
3485 1500 3617 1570 γοῦν
3673 1493 3781 1567 εἷή,

2128 1586 2217 1641 καὶ
2248 1586 2393 1648 ὅστις
2426 1586 2550 1659 ἐμοὶ
2599 1584 2782 1664 φίλος,
2834 1587 2895 1640 τὸ
2945 1590 3050 1639 τῶν
3108 1584 3292 1660 λόγων
3341 1586 3539 1661 κράτος
3754 1587 3783 1641 ὃ

2128 1680 2343 1752 πρῶτον
2377 1678 2510 1749 μετὰ
2555 1675 2620 1730 τὸ
2674 1679 2892 1751 πρῶτον
2940 1675 3271 1749 ἠσπασάμην
3320 1695 3379 1729 τε
3406 1674 3495 1730 καὶ
3542 1674 3785 1744 ἀσπάζο-

2131 1788 2248 1840 μαι,
2278 1765 2345 1820 τὰ
2374 1767 2487 1819 θεῖα
2537 1764 2707 1840 λέγω,
2755 1765 2845 1819 καὶ
2894 1764 2991 1826 τὰς
3037 1761 3138 1835 ἔξω
3184 1766 3299 1836 (89)
3327 1768 3435 1819 τῶν
3487 1764 3782 1839 ὁρωμένων

2128 1853 2375 1917 ἐλπίδας.
2426 1858 2586 1909 Ὥστε
2636 1856 2681 1908 εἶ
2729 1856 2789 1908 τὸ
2834 1852 3038 1909 οἷ’κεῖον
3088 1856 3201 1927 (90)
3252 1854 3424 1923 πιέζει
3472 1860 3599 1925 πᾶν,
3651 1854 3788 1910 κατὰ

2130 1943 2431 2015 Πίνδαρον,
2480 1944 2772 2019 ἀναγκαῖος
2822 1945 2850 1997 6
2899 1944 3021 2017 περὶ
3075 1942 3284 1997 τούτων
3345 1941 3541 2019 ἔμοιγε
3589 1941 3779 2019 λόγος·

2133 2034 2223 2087 καὶ
2260 2032 2496 2105 μάλιστα
2543 2030 2773 2103 δίκαιον,
2823 2032 2898 2093 ὡς
2939 2032 3039 2085 οὐκ
3086 2030 3190 2086 οἶδ’
3222 2030 3276 2086 εἷ’
3313 2054 3365 2087 τι
3396 2036 3505 2087 τῶν
3539 2034 3654 2107 (91)
3690 2032 3787 2089 ἄλ-

2136 2122 2272 2190 λων,
2322 2117 2478 2196 λόγῳ
2526 2123 2626 2192 τήν
2682 2123 2813 2198 ὑπὲρ
2865 2120 3043 2198 λόγων
3088 2123 3249 2197 χάριν
3300 2119 3617 2177 ἀποδιδόναι
3665 2125 3783 2184 τοῖς

2136 2210 2346 2287 λόγοις.

365 2301 663 2369 premunt,
697 2302 763 2353 ut
794 2303 881 2354 est
912 2301 1062 2371 apud
1099 2300 1434 2372 Pindarum,
1471 2301 1615 2355 mihi
1648 2303 1884 2372 quidem
1915 2306 2069 2358 certe
2099 2304 2171 2359 de
2212 2303 2305 2359 his
2351 2318 2682 2359 sermonem
2712 2302 2927 2359 habere
2957 2316 3197 2357 necesse
3226 2304 3315 2357 est
3346 2319 3361 2359 :
3392 2300 3783 2374 maximeque,

364 2390 432 2443 ut
462 2387 616 2443 haud
651 2388 835 2445 sciam
866 2407 938 2445 an
973 2390 1293 2462 quidquam
1342 2391 1523 2457 aliud,
1560 2408 1793 2463 aequum
1825 2397 1933 2464 est,
1964 2393 2237 2450 instituta
2282 2410 2385 2466 pro
2416 2392 2787 2449 sermonibus
2816 2391 3078 2448 oratione
3109 2391 3361 2464 gratiam
3413 2391 3784 2449 sermonibus

358 2478 592 2533 referre.

428 2587 516 2643 CI.
552 2586 717 2641 Unde
749 2586 930 2659 igitur
960 2586 1069 2643 hoc
1108 2588 1214 2643 tibi
1254 2589 1314 2643 in
1347 2593 1605 2645 mentem
1634 2591 1813 2657 venit,
1845 2591 2020 2647 homo

364 2674 632 2731 omnium
665 2674 959 2733 levissime
982 2680 1039 2731 et
1070 2677 1616 2749 inexplebilissime,
1638 2684 1703 2735 ut
1724 2696 2023 2735 sermones

361 2764 712 2821 Christianis
761 2765 1015 2838 eriperes
1044 2771 1066 2821 Ρ
1094 2767 1203 2822 hoc
1246 2767 1399 2822 enim
1434 2784 1501 2823 ex
1530 2785 1730 2824 eorum
1778 2786 2022 2824 numero

362 2858 509 2923 erat,
529 2870 655 2926 quae
698 2872 813 2911 non
845 2856 901 2910 in
935 2856 1113 2912 minis
1144 2858 1351 2926 posita,
1388 2859 1488 2913 sed
1529 2860 1656 2929 jam
1706 2860 1937 2915 decreta
1967 2862 2024 2913 et

362 2942 489 3016 lege
540 2945 765 3000 sancite
824 2948 1008 3000 erant.
1037 2945 1222 3015 Unde,
1249 2950 1305 3001 et
1346 2963 1463 3017 qua
1513 2964 1579 3003 ex
1630 2949 1850 3004 causa?
1881 2947 2023 3012 Quis

362 3032 591 3105 logicus
620 3034 966 3101 Mercurius,
994 3039 1060 3090 ut
1091 3035 1215 3106 ipse
1246 3036 1482 3107 dixeris,
1505 3037 1613 3092 hoc
1644 3037 1749 3093 tibi
1781 3038 1841 3093 in
1866 3055 2026 3094 men-

362 3126 478 3179 tem
504 3122 797 3179 immisit?
826 3123 933 3187 Qui
964 3129 1122 3197 pravi
1157 3125 1485 3193 Telchines,
1507 3132 1563 3181 et
1592 3127 1794 3182 invidii
1819 3129 2026 3183 damo-

360 3212 510 3267 nes?
563 3213 620 3267 Si
664 3211 877 3283 placet,
911 3212 1090 3284 hujus
1122 3231 1355 3286 quoque
1402 3215 1483 3270 rei
1534 3233 1772 3272 causam
1823 3216 2023 3272 affere-

367 3318 523 3358 mus.
556 3302 849 3358 Nimirum
882 3306 1208 3376 oportebat,
1240 3310 1305 3360 ut
1335 3322 1467 3361 cum
1500 3307 1687 3362 multa
1716 3311 1774 3363 et
1803 3306 2025 3363 nefaria

367 3390 589 3448 scelera
618 3396 895 3464 tentares,
921 3394 1034 3449 huc
1060 3394 1295 3449 tandem
1326 3394 1732 3466 impellereris,
1757 3399 1931 3467 atque
1963 3396 2022 3451 in

364 3481 621 3554 teipsum
655 3482 960 3555 perspicue
983 3483 1309 3539 incurreres
1336 3502 1347 3540 :
1374 3488 1438 3539 ut
1466 3502 1580 3555 qua
1610 3502 1669 3540 re
1701 3485 1807 3540 tibi
1838 3486 2024 3540 maxi-

368 3587 462 3627 me
492 3571 861 3642 gloriandum
910 3572 1308 3641 existimabas,
1340 3572 1400 3627 in
1446 3574 1649 3629 eadem
1683 3574 2025 3645 imprudens

367 3661 623 3715 maxime
654 3660 952 3732 ineptires,
981 3677 1045 3715 ac
1076 3662 1258 3716 brutis
1291 3660 1629 3717 stoliditatis
1660 3667 1857 3718 notam
1889 3665 2025 3720 sub-

365 3749 503 3806 ires.
528 3750 834 3821 Responde
866 3748 1023 3805 enim
1048 3767 1060 3804 :
1081 3750 1225 3813 Quid
1263 3750 1370 3805 tibi
1400 3750 1509 3807 hoc
1540 3752 1837 3808 decretum
1867 3753 2027 3808 vult?

364 3856 611 3912 quaeque
643 3843 699 3895 te
732 3838 880 3895 ratio
930 3840 1130 3907 movit,
1156 3844 1222 3895 ut
1269 3840 1423 3896 circa
1470 3857 1771 3897 sermones
1802 3841 2025 3913 aliquid

364 3930 698 3986 novandum
733 3930 1023 3986 duceres?
1052 3930 1213 3996 Quod
1260 3930 1309 3986 si
1361 3931 1501 4003 justi
1551 3931 1772 4003 aliquid
1824 3932 2027 3987 afferre

362 4020 528 4075 visus
578 4019 778 4087 fueris,
813 4019 1143 4076 delebimus
1188 4020 1448 4092 quidem,
1483 4026 1541 4077 at
1570 4020 1813 4085 minime
1844 4024 1897 4076 te
1938 4038 2025 4076 re-

2202 2595 2319 2647 PA'.
2353 2589 2520 2645 Πόθεν
2552 2587 2642 2645 οὗν
2673 2587 2880 2659 ἐπῆλθέ
2910 2611 2995 2644 σοι
3032 2592 3215 2659 τοῦτο,
3249 2609 3293 2643 ω
3323 2587 3628 2667 κουφότατε
3656 2587 3785 2643 πάν-

2130 2701 2235 2734 των
2274 2680 2363 2734 καὶ
2412 2678 2830 2750 ἀπληστότατε,
2880 2679 2942 2732 τὸ
2995 2677 3174 2754 λόγων
3232 2678 3594 2753 ἀποστερῆσαι
3648 2678 3783 2754 Χρι-

2132 2768 2379 2831 στιανούς
2418 2773 2626 2839 ;το’ὗτο
2656 2770 2758 2843 γὰρ
2814 2766 2875 2821 οὐ
2922 2770 3030 2821 τῶν
3077 2764 3483 2838 ἀπειλουμένων
3530 2768 3648 2839 (92)
3694 2769 3782 2837 ἦν,

2131 2857 2277 2913 ἀλλά
2322 2864 2428 2913 τῶν
2479 2856 2588 2928 ἤδη
2639 2856 3190 2930 νενομοθετημένων.
3251 2854 3438 2927 Πόθεν,
3487 2854 3590 2908 κάκ
3636 2853 3783 2917 τίνος

2131 2947 2481 3017 αἰτίαςςΤίς
2538 2952 2743 3024 Ἑρμῆς
2800 2967 2884 3001 σοι
2943 2945 3130 3022 λόγιος
3189 2946 3323 3018 (93),
3373 2943 3446 3005 ὡς
3504 2943 3562 2997 ἂν
3622 2942 3782 3005 αὐτὸς

2133 3035 2337 3110 ε’ίποις,
2385 3038 2533 3091 τοῦτ’
2582 3036 2670 3090 ἐπὶ
2717 3040 2838 3089 νοῦν
2889 3033 3063 3112 ἤγαγε
3114 3052 3127 3103 ;
3172 3033 3321 3095 Τίνες
3371 3031 3625 3110 Τελχῖνες
3672 3035 3785 3105 (94)

2130 3126 2383 3201 πονηροὶ,
2416 3127 2505 3180 καὶ
2555 3127 2811 3201 βάσκανοι
2869 3121 3121 3196 δαίμονες
3154 3141 3167 3192 ;
3201 3122 3262 3177 Εἴ
3297 3121 3487 3199 βούλει
3532 3124 3664 3197 (95),
3694 3121 3783 3176 καὶ

2131 3215 2326 3271 τούτου
2355 3217 2455 3284 τὴν
2505 3215 2679 3269 αἰτίαν
2724 3218 2889 3287 ἡμεῖς
2940 3214 3377 3290 παραστήσομεν.
3416 3209 3564 3269 Ἔδει
3595 3212 3695 3288 γάρ
3728 3231 3786 3265 σε

2133 3303 2370 3367 πολλοῖς
2404 3304 2755 3380 ἐγχειροῦντα
2779 3303 2868 3358 καὶ
2910 3302 3251 3375 παρανόμοις
3270 3306 3485 3373 κακοῖς,
3518 3299 3595 3364 εἰς
3624 3303 3783 3355 τοῦτο

2137 3394 2443 3469 ὑπαχθῆναι
2499 3393 2858 3459 τελευτῶντα,
2910 3391 2999 3447 καὶ
3050 3395 3229 3463 σαυτῷ
3276 3387 3580 3464 προδήλως
3631 3409 3785 3464 περι-

2133 3488 2336 3538 πεσεῖν·
2357 3481 2428 3536 'iv’
2458 3484 2503 3554 ᾧ
2527 3486 2638 3557 (96)
2668 3482 2904 3555 μάλιστα
2930 3485 3145 3558 φρονεῖν
3170 3478 3282 3552 ᾤου
3316 3477 3448 3549 δεῖν,
3472 3478 3784 3553 τούτῳ

2140 3572 2375 3647 μάλιστα
2430 3571 2597 3646 λάθῃς
2649 3570 3065 3647 ἐνασχημονῶν,
3124 3569 3212 3624 καὶ
3262 3566 3492 3645 ἀλογίαν
3537 3589 3787 3644 κατακρι-

2134 3662 2384 3735 νόμενος.
2421 3662 2739 3737 ’Δπόκριναι
2794 3664 2903 3734 (98)
2952 3660 3072 3735 γάρ·
3114 3658 3167 3714 τί
3216 3679 3301 3713 σοι
3347 3659 3410 3713 τὸ
3452 3656 3633 3734 δόγμα
3662 3657 3787 3734 βού-

2138 3749 2289 3806 λεται
2323 3770 2335 3819 ;
2368 3750 2455 3804 καὶ
2487 3750 2567 3812 τίς
2601 3751 2628 3804 ὁ
2658 3748 2826 3824 λόγος
2858 3756 2957 3818 τῆς
2990 3747 3114 3824 περὶ
3147 3747 3345 3825 λόγους
3383 3746 3737 3819 καινοτομίας
3773 3765 3787 3815 ;

2136 3838 2241 3894 Κᾶν
2294 3860 2347 3893 τι
2404 3838 2607 3894 δίκαιον
2670 3836 2825 3913 δόξῃς
2888 3835 3091 3913 λέγειν,
3150 3836 3481 3909 ἀνιασόμεθα
3540 3837 3666 3910 μὲν,
3728 3835 3791 3890 οὐ

2140 3929 2467 4003 μεμψόμεθα
2494 3927 2569 3983 δέ·
2622 3928 2710 3983 καὶ
2742 3928 2843 4003 γὰρ
2893 3925 3073 4003 ὥσπερ
3125 3926 3217 3982 σὺν
3250 3925 3404 4002 λόγῳ
3442 3930 3612 3997 νικᾷν,
3646 3923 3791 3980 οὕτω

2135 4020 2224 4072 καὶ
2254 4019 2498 4072 νικᾶσθαι
2530 4016 2713 4079 καλῶς
2751 4018 3165 4090 μεμαθήκαμεν.

369 4108 821 4180 prehendemus.
854 4111 1360 4176 Quemadmodum
1393 4111 1550 4167 enim
1600 4128 1733 4167 cum
1779 4111 2003 4167 ratione
2034 4110 2282 4182 vincere,
2316 4111 2400 4166 sic
2430 4109 2607 4166 etiam
2639 4108 2885 4165 honeste
2932 4125 2997 4164 ae
3050 4106 3420 4164 laudabiliter
3446 4105 3602 4162 vinci
3632 4104 3791 4162 didi-

368 4213 578 4253 οιωιιε.

444 4304 553 4360 CII.
587 4306 767 4363 Nostri
811 4314 939 4362 sunt
984 4322 1282 4377 sermones,
1316 4306 1528 4377 inquit,
1558 4317 1611 4364 et
1652 4316 1899 4365 nostrum
1944 4317 2025 4365 est

444 4556 554 4630 (86)
585 4551 1234 4630 Hpocxaipevoc._Schol.
1274 4556 1551 4630 τυγχάνει.

589 4624 973 4705 Συνεπόρισαν.
1011 4628 1150 4705 ΗΘΒἐ
1184 4628 1306 4695 bm,
1338 4624 1730 4705 συνεπόρησαν.

469 4699 561 4768 88)
586 4697 772 4773 Λόγων
801 4697 1017 4773 κράτος.
1057 4697 1461 4757 u'Sermonum
1509 4697 1770 4770 victoria,
1818 4702 2026 4773 princi-

373 4774 567 4845 patus,
603 4771 961 4845 praecipuum
983 4772 1181 4828 decus.
1214 4794 1241 4821 ››

448 4842 562 4915 (89)
593 4840 693 4903 Τὰς
892 4848 1066 4900 Mont.
1115 4844 1369 4917 mavult.
1398 4845 1491 4905 τὰς
1525 4845 1654 4898 ἅνω.
1689 4846 1799 4901 Sed
1834 4861 2024 4917 (repu-

375 4914 560 4990 gnant
590 4914 789 4987 scripti
822 4914 1407 4990 codicesngtrumvis
1439 4922 1635 4973 autem
1670 4914 2025 4990 legeris,'ea-

376 4985 510 5059 dem
543 4992 635 5059 est
688 4985 996 5059 sententia.
1050 4987 1186 5043 Vide
1229 4990 1280 5043 Il
1326 4993 1451 5045 Cor.
1508 5007 1583 5058 1v,
1634 4985 1825 5056 18ξΤὰ
1858 4985 1915 5041 δὲ
1948 4989 2023 5059 μὴ

380 5056 699 5131 βλὺπὸμενα
740 5058 948 5123 αἰώνια,
982 5084 1011 5111 ‹‹
1045 5078 1174 5133 quae
1206 5067 1397 5116 autem
1430 5078 1546 5117 non
1572 5056 2028 5130 videntur,seter-

375 5147 452 5186 na
484 5136 643 5185 sunt.
684 5152 711 5179 ››

467 5204 557 5274 90)
586 5201 649 5256 Εἰ
678 5199 740 5255 τὸ
786 5200 1004 5260 οἰκεῖον.
1048 5204 1185 5274 Haec
1227 5205 1381 5274 apud
1429 5204 1661 5259 Pindar.
1708 5205 2029 5260 Nemeorum

373 5272 492 5331 Ode
525 5272 574 5345 1,
606 5294 795 5351 στροφ.
824 5277 889 5351 γ’,
924 5272 1116 5347 ἰπῳδ..
1141 5272 1281 5331 κώλ.
1314 5274 1387 5342 η’.

516 5364 591 5439 T6
616 5363 727 5439 γαρ,
750 5363 949 5419 οἷ’κεῖον
975 5364 1163 5439 ’πιέζει

516 5431 861 5507 Πάνδ”ὁμῶς
892 5455 904 5468 ·
926 5431 1174 5507 Δεύθῦςίδ⁸
1207 5435 1441 5507 ἀπήμων
1472 5431 1667 5507 καρδία

518 5505 690 5569 Κᾶδος
722 5504 857 5585 ἀμφ’
890 5504 1202 5583 ἀλλότριον.

374 5596 527 5653 Mala
553 5601 704 5653 enim
731 5601 960 5672 prapria
984 5604 1251 5668 premunt

381 5674 857 5743 Unumquemque
884 5672 1128 5743 pariter;
1181 5685 1371 5727 verum
1419 5685 1510 5727 cor
1540 5673 1729 5728 statim
1781 5671 2029 5727 maeroris

380 5740 511 5797 Cum
538 5739 603 5797 de
626 5739 807 5800 atieito
841 5739 995 5800 ldctu
1023 5745 1236 5815 agitur.
1792 5744 2026 5816 [expera

2208 4308 2318 4363 PB'.
2371 4305 2679 4380 Ἥμὲτεροι,
2740 4303 2925 4383 φησὶν,
2975 4305 3028 4358 οἱ
3087 4301 3271 4380 λόγοι,
3334 4303 3423 4357 καὶ
3480 4303 3542 4358 τὸ
3588 4299 3789 4373 Ἐλλη-

2209 4558 2318 4626 (91)
2348 4552 2652 4623 Εῗτιτῶν,
2710 4558 2819 4611 etc.
2880 4556 3012 4626 Reg.
3063 4554 3186 4622 bm,
3244 4557 3303 4610 et
3345 4552 3474 4609 Bill.
3526 4549 3786 4626 statim

2056 4637 2102 4700 D
2134 4624 2319 4685 ἄλλων
2353 4626 2420 4682 λό
2460 4650 2531 4681 ων
2583 4628 2681 4697 τὴν
2717 4626 2847 4701 ὑπὲρ
2908 4624 2973 4680 λό
3014 4645 3094 4679 ον.
3153 4627 3360 4683 Postea
3407 4640 3541 4681 vero
3578 4624 3789 4681 Billius

2138 4700 2316 4752 Λόγων
2351 4706 2409 4752 et
2424 4648 2605 4752 Rei-vox;
2635 4699 2935 4752 exnunxit.
2978 4646 3155 4752 ⁸ίδιίεε.
3218 4694 3377 4752 εἷ’τις
3404 4700 3510 4751 τῶν
3570 4690 3785 4752 ἀλόγων

2138 4700 2316 4774 λόγων
2351 4690 2605 4774 θιίλόγον
2635 4690 2935 4772 ὀκρυώιὶῐ.
2990 4690 3155 4754 Pass.
3218 4694 3377 4759 εἷ’τις
3404 4700 3510 4751 τῶν
3570 4690 3785 4769 ἀλόγων

2137 4769 2313 4846 λόγῳ,
2358 4773 2458 4841 τήν
2489 4769 2595 4846 etc.

2205 4837 2315 4917 (9'2)
2351 4837 2811 4916 Ἀπειλουμένων.
2845 4841 3119 4912 Montae.,
3151 4837 3561 4913 ἠπειλημὲνων.

2206 4925 2319 4999 (93)
2350 4923 2566 4999 Δόγιος,
2602 4924 2732 4999 A_1_d.
2768 4927 2825 4979 et
2853 4927 3021 4999 fierv.
3054 4918 3247 4999 Myer,
3275 4919 3531 4999 Combef.
3554 4918 3787 4975 reddit:

2138 5020 2167 5048 ‹‹
2200 4993 2333 5067 quis
2361 4993 2602 5053 erudita
2633 4997 2846 5069 linguae
2880 4993 3252 5050 Mercurius?
3278 5015 3307 5043 »
3338 4993 3449 5064 vel,
3482 5015 3512 5044 «
3567 5008 3791 5049 sermo-

2137 5086 2280 5124 num
2312 5085 2526 5141 praases
2544 5070 2571 5123 ?

2208 5148 2321 5222 (94)
2351 5147 2628 5222 Τελχῖνες.
2666 5170 2687 5197 ι
2725 5144 3201 5219 Praestigiatores.
3246 5165 3276 5195 »
3308 5148 3433 5201 Vox
3467 5143 3730 5201 derivata
3758 5160 3792 5200 a

2136 5216 2341 5293 θέλγω,
2380 5242 2407 5271 ‹‹
2439 5216 2685 5276 mulceo.
2722 5240 2750 5269 »

2210 5290 2407 5382 (95H?!
2436 5296 2646 5382 βούλει,
2685 5298 2844 5382 Ald,
2898 5298 3088 5382 Pieria,
3138 5300 3400 5382 yontacz
3446 5295 3691 5382 ad‘du‘ntn
3710 5290 3787 5382 δέ.

2138 5365 2315 5498 Ιίοθεε
2341 5370 2407 5443 εἰ,
2436 5365 2499 5428 in
2530 5371 2779 5428 Colbert.
2812 5372 2866 5440 3,
2899 5370 2993 5425 Or.
3028 5371 3082 5439 1,
3106 5373 3221 5428 etc.
3262 5368 3479 5442 Regius
3518 5368 3561 5439 1,
3589 5367 3625 5436 ἢ
3662 5365 3790 5443 βού-

2181 5464 2248 5498 ει.

2181 5464 2248 5498 ει.

2212 5515 2322 5583 (96)
2347 5514 2537 5585 "his.
2570 5513 2731 5570 Colb.
2762 5514 2815 5569 s.
2850 5510 2924 5566 ιν·
2955 5510 3005 5567 δ.

2210 5587 2322 5658 (97)
2352 5584 2563 5657 Τούτῳ.
2598 5587 2737 5658 Reg.
2771 5586 2892 5653 bm,
2921 5588 3110 5639 τοῦτο.

2209 5668 2323 5739 (98)
2352 5665 2688 5742 ’Aaéapivat.
2723 5668 2985 5733 Quatuor
3011 5664 3172 5724 Colb.
3203 5661 3481 5742 ἀπόκρινε.
3505 5665 3594 5722 Ita
3612 5663 3790 5722 etiam

2138 5742 2302 5799 Pass.
2336 5739 2435 5812 qui
2461 5739 2621 5797 addit
2654 5758 2768 5813 μοι.
