4148 6290
152 5814 183 5827 τ

184 5828 277 5891 Ἢ

375 338 495 407 6'39
1625 352 1689 413 S.
1734 352 2102 414 GREGORH
2149 353 2544 415 THEOLOGI
3663 354 3785 413 640

379 482 435 531 et
466 478 620 550 apud
652 494 798 549 quos
823 480 1177 553 sacerdotes,
1207 481 1453 539 Graecari
1480 482 1606 557 lege
1627 486 2017 557 prescriptum

2152 484 2217 547 ιῖς
2248 488 2352 538 τῶν
2387 482 2690 558 δαιμόνων·
2747 484 2870 539 οὕτε
2926 483 3029 558 γὰρ
3087 488 3214 537 πᾶσι
3272 481 3341 536 τὰ
3367 481 3520 551 αὐτὰ,
3556 478 3680 538 οὔτε
3710 482 3788 538 ένῖ

381 568 476 631 sit,
510 568 1009 638 quemadmodum
1052 572 1337 642 quasdam
1388 573 1660 630 victimas
1691 578 1747 630 et
1778 577 2020 645 quibus-

2152 576 2197 628 τὰ
2226 576 2397 629 πάντα
2427 573 2552 628 οὕτε
2580 575 2669 629 τὸν
2700 573 2859 628 αὐτὸν
2908 573 3131 647 τρόπον,
3174 573 3248 633 ὡς
3302 576 3419 633 τοῖς
3477 578 3602 648 παρ’
3654 573 3785 646 ὑμῖν

377 656 510 709 dam
546 655 910 712 daemonibus
938 664 1211 714 mactare.
1241 662 1436 732 Neque
1458 662 1615 718 enim
1648 666 1801 720 134
1833 666 2019 720 omni-

2155 663 2468 740 εροφάνταις
2499 666 2611 735 (20)
2644 660 2812 734 δοκεῖ,
2840 662 2927 717 καὶ
2957 668 3072 723 τοῖς
3125 666 3231 715 τῶν
3266 666 3462 724 θυσιῶν
3519 662 3788 737 τεχνολό-

374 744 488 799 bus
519 745 753 800 easdem
786 746 941 811 licet,
989 765 1176 819 neque
1206 750 1307 805 uni
1339 768 1563 821 omnes,
1597 770 1785 825 neque
1816 756 2019 810 eodem

2152 774 2272 827 ςοις.
2308 757 2418 806 Ποῦ
2450 754 2526 819 οὲ,
2559 751 2739 827 ὥσπερ
2782 750 3040 820 Λινδίοις,
3092 746 3304 813 εὐσεϐές
3348 752 3410 804 τὸ
3461 753 3790 827 καταρᾶσθαι

379 834 575 898 modo,
606 837 1104 905 quemadmodum
1128 840 1339 895 vestris
1361 858 1659 898 sacrorum
1692 844 2020 916 interpreti-

375 923 489 977 bus
517 922 767 988 videtur,
791 926 983 995 iisque
1014 927 1111 997 qui
1136 930 1206 983 de
1237 930 1538 986 sacriﬁciis
1573 937 2019 1003 pertractarunt.

379 1011 627 1068 Ubinam
652 1020 942 1075 autem,ut
959 1018 1110 1087 apud
1135 1018 1746 1085 Lindios,Buthcenam
1769 1039 2025 1078 exsecra-

379 1100 427 1155 ri
460 1117 527 1155 ac
556 1102 699 1157 diris
731 1104 1004 1160 devovere
1037 1106 1197 1177 pium
1228 1107 1495 1178 habetur,
1520 1110 1721 1180 sicque
1754 1112 1897 1166 deus
1927 1111 2023 1166 ille

379 1188 596 1261 optime
628 1191 860 1261 colitur,
916 1194 964 1249 si
1025 1195 1285 1251 convicia
1338 1196 1395 1251 in
1458 1214 1589 1253 eum
1630 1203 1687 1254 et
1716 1199 2025 1255 maledicta

378 1279 766 1350 conjiciantur
788 1282 813 1334 ?
846 1287 948 1337 aut
972 1286 1123 1356 apud
1153 1286 1376 1340 Tauros
1403 1286 1662 1358 hospites
1693 1292 2028 1353 necare,aut

379 1368 533 1440 apud
566 1369 1029 1426 Lacedaemonios
1052 1374 1121 1427 ad
1150 1374 1342 1429 Dianas
1377 1393 1536 1430 aram
1558 1377 1737 1449 virgis
1762 1378 2022 1445 lacerari,

380 1461 482 1515 aut
503 1460 654 1530 apud
680 1460 935 1532 Phryges
959 1464 1201 1517 castrari
1224 1465 1501 1520 tibiarum
1528 1471 1699 1520 cantu
1727 1467 2023 1533 delinitos,

378 1563 447 1604 ac
475 1548 744 1604 saltando
775 1550 1045 1619 eviratos,
1106 1557 1206 1606 aut
1266 1555 1418 1624 apud
1480 1554 1647 1621 alios,
1679 1573 1891 1626 pueros
1922 1558 2027 1610 ad-

379 1652 597 1705 amare,
636 1640 737 1691 aut
780 1640 929 1709 apud
990 1639 1160 1707 alios,
1216 1644 1480 1708 scortari,
1526 1649 1646 1713 aut,
1681 1662 1752 1699 ne
1794 1644 2029 1715 singula

379 1741 778 1798 percenseam,
813 1729 1011 1783 omnia
1041 1746 1168 1799 quae
1218 1732 1277 1786 in
1328 1732 1454 1786 aliis
1506 1734 1799 1804 mysteriis
1832 1734 2026 1806 peragi

381 1812 591 1882 solent,
626 1815 708 1871 sic
740 1816 913 1873 etiam
965 1820 1211 1874 Graecari
1269 1822 1508 1876 deorum
1570 1828 1671 1877 aut
1701 1826 2028 1878 daemonum

2127 848 2207 914 τῷ
2246 842 2513 912 Βουθοίνᾳ
2569 844 2706 915 (21),
2753 842 2844 895 καὶ
2890 845 3051 895 τοῦτο
3111 840 3242 895 εἶναι
3287 842 3411 896 θεοῦ
3440 842 3633 913 τιμὴν,
3690 842 3788 902 τὰς

2133 932 2209 993 εἰς
2269 930 2424 986 αὐτὸν
2487 928 2805 1003 λοιδορίας;
2856 933 2889 999 ἢ
2941 930 3168 999 Ταύροις
3226 929 3290 984 τὸ
3348 932 3694 1001 ξενοκτονεῖν,
3758 932 3792 998 ἢ

2134 1023 2351 1076 Λάκωσι
2379 1022 2442 1074 τὸ
2473 1015 2753 1093 έπιϐώμια
2782 1019 3068 1090 ξαίνεσθαι,
3127 1019 3161 1087 ἤ
3223 1019 3391 1094 Φρυξὶ
3446 1020 3509 1073 τὸ
3566 1020 3791 1074 κατατέ-

2137 1112 2352 1183 μνεσθαι
2378 1113 2489 1180 (22)
2523 1110 2612 1163 ὑπ’
2641 1108 2822 1164 αὐλῶν
2853 1109 3253 1183 κηλουμένους,
3299 1108 3389 1163 καὶ
3419 1106 3788 1184 ἀνανδρουμέ-

2132 1221 2259 1261 νους
2317 1200 2401 1277 ὑφ’
2460 1198 2727 1270 ἃλματος,
2785 1200 2819 1267 ἣ
2864 1200 2926 1253 τὸ
2983 1196 3358 1274 παιδεραστεῖν
3416 1196 3790 1267 ἅλλοις,ἥτό

2134 1289 2413 1363 πορνεύειν
2444 1287 2665 1364 ἑτέροις,
2699 1289 2731 1355 ἢ
2760 1285 2859 1341 ὅσα
2899 1292 3006 1341 τῶν
3062 1285 3247 1341 ἄλλων
3302 1289 3416 1359 (23)
3480 1287 3793 1360 μυστηρίων

2136 1376 2299 1449 ἐστὶν,
2352 1374 2443 1430 ’ίνα
2505 1377 2578 1449 μὴ
2641 1375 2785 1452 λέγω
2833 1378 2947 1430 καθ’
3007 1373 3252 1447 ἕκαστον,
3300 1375 3444 1430 οὕτω
3497 1372 3555 1429 δὲ
3585 1375 3674 1429 καὶ
3729 1376 3792 1430 τὸ

2135 1465 2474 1535 Ἑλληνίζειν
2535 1462 2778 1541 ἔκκριτόν
2833 1467 2946 1537 (24)
2994 1486 3139 1526 τινος
3186 1466 3319 1519 θεῶν
3363 1464 3397 1533 ἦ
3461 1461 3735 1537 δαιμόνων
3774 1482 3789 1533 ;

2137 1554 2319 1609 Καίτοι
2352 1554 2445 1608 κᾶν
2481 1553 2526 1607 εἷ
2556 1556 2702 1608 τοῦτ’
2730 1557 2795 1622 ἦν
2829 1556 2962 1626 (25),
2997 1552 3150 1608 οὔπω
3197 1550 3390 1627 δῆλον,
3449 1553 3525 1615 ὡς
3578 1552 3792 1623 Ἑλλη-

2136 1643 2281 1697 νικὸν
2300 1643 2393 1711 ἦν,
2424 1643 2459 1711 ἢ
2493 1663 2598 1696 τινι
2629 1644 2743 1715 (26)
2772 1647 2879 1696 τῶν
2911 1644 3036 1718 παρ’
3078 1644 3203 1713 ὑμῖν
3253 1644 3387 1698 θεῶν
3434 1644 3469 1711 ἢ
3516 1642 3791 1714 δαιμόνων

2136 1733 2199 1787 τὸ
2230 1731 2409 1786 κοινὸν
2445 1732 2731 1806 ἀπεκρίθη,
2766 1730 2945 1808 ὥσπερ
2975 1732 3065 1786 καὶ
3097 1729 3241 1787 ἄλλα
3271 1730 3455 1787 πολλὰ
3472 1736 3580 1786 τῶν
3594 1736 3792 1787 κοινῶν

2142 1821 2285 1876 θύειν
2318 1820 2759 1893 νενομοθέτηται.

380 1904 711 1977 cujuspiam
745 1908 1042 1977 proprium
1096 1914 1269 1981 atque
1302 1912 1580 1966 sclectum
1615 1912 1743 1967 est?
1772 1914 1839 1967 Et
1870 1918 2021 1968 certe
2082 1913 2350 1985 quamvis
2405 1913 2516 1968 hoc
2573 1911 2749 1967 etiam
2808 1911 2890 1967 ita
2919 1929 2983 1968 se
3012 1912 3268 1979 haberet,
3300 1913 3564 1968 nondum
3594 1917 3794 1968 tamen

390 1990 530 2049 hinc
558 1994 863 2066 perspicue
893 2002 1186 2052 constaret
1215 2000 1323 2053 hoc
1355 2001 1421 2053 ad
1457 2001 1701 2071 gentiles
1732 2002 2044 2072 pertinere,
2078 2002 2127 2057 si
2160 2002 2315 2073 quod
2350 2017 2660 2056 commune
2712 2004 2820 2065 est,
2865 2000 3119 2073 cuipiam
3173 2005 3502 2057 vestrorum
3551 2002 3794 2058 deorum

381 2086 486 2139 aut
515 2084 847 2138 daemonum
884 2087 1152 2156 privatim
1187 2089 1536 2144 attributum
1569 2096 1745 2159 esset,
1807 2091 2303 2163 quemadmodum
2362 2090 2640 2162 pleraque
2696 2090 2871 2146 etiam
2931 2090 3042 2146 alia
3100 2108 3228 2163 qua;
3284 2091 3622 2147 communia
3653 2095 3793 2147 sunt

382 2175 641 2227 mactare
672 2172 899 2244 legibus
931 2176 1220 2231 sancitum
1254 2182 1357 2232 est.

453 2261 589 2316 CIV.
615 2263 773 2327 Quod
810 2263 856 2318 si
892 2264 998 2320 hoc
1022 2283 1137 2320 non
1161 2267 1563 2329 dicas,verum
1593 2270 1851 2341 linguam
1882 2270 2028 2325 hanc

2210 2268 2322 2323 PA'.
2356 2267 2418 2321 Εἰ
2452 2264 2498 2321 δ’
2528 2266 2656 2342 οὐχὶ
2704 2271 2865 2322 τοῦτο
2915 2268 3126 2344 φήσεις,
3176 2269 3275 2335 τῆς
3322 2265 3583 2341 γλώσσης
3630 2265 3686 2322 δέ
3715 2268 3791 2329 ὡς

379 2352 662 2423 tanquam
694 2358 948 2408 vestram
980 2355 1262 2420 vindices,
1284 2362 1457 2429 atque
1482 2359 1694 2415 idcirco
1717 2376 1823 2415 nos
1842 2360 1914 2415 ab
1936 2376 2022 2427 ea,

381 2439 551 2512 quasi
584 2458 616 2495 a
662 2446 906 2513 paterna
948 2443 1307 2507 haereditate,
1358 2446 1620 2517 nihilque
1652 2450 1722 2503 ad
1755 2466 1861 2504 nos
1892 2448 2025 2505 atti-

383 2534 578 2597 nente,
613 2531 809 2601 procul
845 2533 1216 2599 submoveas,
1249 2536 1504 2605 primum
1538 2555 1650 2591 non
1691 2539 1878 2606 video,
1912 2556 2029 2610 qua

384 2618 611 2674 ratione
641 2620 699 2672 id
742 2622 928 2675 facere
958 2625 1171 2692 possis,
1205 2629 1303 2678 aut
1347 2628 1638 2696 quomodo
1675 2628 1778 2683 hoc
1809 2629 1878 2683 ad
1913 2629 2027 2682 daa-

385 2722 591 2763 mones
613 2708 825 2765 referre
846 2726 1045 2780 queas.
1071 2712 1196 2767 Non
1219 2714 1394 2779 enim,
1421 2714 1466 2767 si
1488 2716 1722 2770 eosdem
1750 2722 1806 2771 et
1828 2716 2029 2787 lingua

385 2802 445 2864 et
496 2796 776 2867 religione
832 2799 1079 2854 Graecari
1131 2802 1394 2873 contigit,
1430 2805 1700 2874 protinus
1730 2821 2029 2861 sermones

388 2900 616 2956 quoque
636 2887 928 2957 religionis
950 2906 1077 2945 esse
1099 2896 1507 2962 consequetur.
1534 2910 1717 2964 eaque
1750 2896 1823 2950 de
1852 2911 2030 2950 causa

387 2976 460 3031 ab
492 2992 560 3031 ea
580 2976 715 3045 jure
744 2978 1123 3048 depellemur.
1154 2981 1297 3037 Nam
1322 2997 1393 3036 ne
1418 2983 1521 3037 hoc
1542 2984 1776 3053 quidem
1809 2984 1889 3039 ita
1918 2983 2030 3040 col-

388 3064 490 3137 ligi
523 3082 696 3138 posse
725 3073 985 3133 censent,
1021 3070 1121 3140 qui
1148 3071 1300 3141 apud
1324 3088 1424 3126 vos
1456 3073 1527 3127 de
1556 3072 1882 3128 disserendi
1910 3077 2030 3128 arte

387 3155 765 3226 scripserunt.
800 3157 925 3211 Non
958 3159 1114 3213 enim
1148 3159 1197 3214 si
1229 3160 1343 3215 duo
1375 3160 1527 3216 circa
1549 3162 1703 3216 idem
1727 3167 2033 3219 versentur

388 3244 562 3299 ambo
592 3244 833 3315 proinde
882 3247 1083 3301 eadem
1142 3247 1295 3302 inter
1354 3265 1415 3302 se
1473 3256 1646 3304 sunt:
1709 3251 1833 3320 pari
1873 3252 2030 3306 enim

388 3330 605 3402 alioqui
638 3331 880 3401 ratione,
932 3333 979 3387 si
1030 3335 1329 3389 auriﬁcem
1362 3337 1633 3391 eumdem
1666 3342 1722 3392 et
1752 3339 2030 3409 pictorem

390 3420 771 3491 ﬁngeremus,
804 3422 928 3474 auri
964 3422 1115 3476 fusio
1148 3424 1206 3477 in
1240 3424 1549 3494 picturam,
1586 3431 1685 3479 aut
1716 3427 1939 3497 pictura
1971 3427 2031 3482 in

389 3508 516 3564 auri
567 3510 859 3563 fusionem
906 3511 1202 3580 recideret,
1256 3528 1320 3566 ac
1367 3512 1857 3571 circumsisteret:
1906 3533 2031 3586 quis

388 3598 646 3669 profecto
678 3599 929 3653 nimium
963 3600 1164 3654 frivola
1193 3606 1248 3655 et
1278 3601 1473 3671 inepta
1500 3608 1654 3656 sunt.

458 3685 569 3743 CV.
606 3687 689 3741 Ad
723 3686 831 3741 hac
862 3688 1207 3742 sciscitabor
1239 3706 1306 3743 ex
1336 3694 1412 3757 te,
1445 3707 1476 3744 ο
1507 3693 1803 3747 Graecismi
1825 3698 1880 3748 et
1910 3711 2031 3750 ser-

388 3792 631 3833 monum
665 3792 889 3845 amans,
925 3783 1121 3831 utrum
1156 3778 1227 3832 ab
1275 3779 1431 3833 omni
1465 3780 1777 3837 Graecismo
1809 3800 1913 3837 nos
1942 3800 2034 3838 ar-

389 3866 569 3935 cebis,
603 3864 711 3920 hoc
740 3871 850 3932 est,
876 3883 908 3921 a
930 3866 1285 3937 pervulgatis
1320 3868 1411 3923 his
1443 3873 1497 3923 et
1530 3871 1897 3940 pedestribus
1918 3890 2037 3928 ver-

388 3953 503 4021 bis,
536 3954 786 4025 atquein
810 3954 1207 4010 multitudinis
1230 3974 1338 4012 usu
1369 3959 1594 4027 positis,
1619 3976 1691 4013 an
1716 3961 1788 4014 ab
1810 3961 2036 4034 elegan-

391 4043 642 4099 tioribus
672 4043 955 4099 duntaxat
984 4050 1040 4099 et
1072 4045 1539 4110 sublimioribus,
1575 4054 1773 4119 utpote
1803 4051 1874 4104 ad
1906 4068 2036 4122 quas

392 4146 585 4199 nemo,
617 4131 729 4185 nisi
768 4132 1063 4187 excellenti
1113 4133 1377 4189 doctrina
1436 4137 1735 4205 praeditus,
1776 4139 2039 4211 aspirare

392 4222 618 4294 queat?
647 4222 705 4277 Si
739 4240 771 4278 a
800 4224 1105 4295 posteriori
1148 4224 1257 4278 hoc
1291 4224 1589 4279 Graecismi
1624 4227 1774 4283 135
1804 4244 2037 4299 genere,

606 4347 1047 4436 (Ἱεροφιιὶντῖειιις.Ι
1085 4349 1577 4436 Schol.“_Montac
1605 4367 1625 4436 ε¹
1679 4351 2040 4436 Ἱεροφάντης,

392 4419 539 4491 παρὰ
560 4417 629 4497 ’τρ
659 4417 725 4473 τά
753 4417 872 4495 ἱερὰ
894 4417 1175 4497 ἐκφαίνειν.
1214 4421 1720 4497 «_Hierophantes,
1742 4417 1910 4495 Quasi
1942 4417 2042 4497 q'ui

390 4508 561 4548 sacra
589 4492 758 4546 docet
790 4492 1082 4561 patefacit,
1116 4515 1142 4540 ››
1177 4493 1267 4547 uel
1303 4516 1329 4543 ‹‹
1364 4492 1799 4567 interpretatur.
1836 4519 1863 4547 ››

467 4571 691 4640 (21)Τῴ
722 4571 1143 4649 Βουθ-οίνᾳζ-Ηὶο
1194 4596 1213 4619 ι
1254 4573 1545 4649 _Herc_ules
1598 4598 1617 4624 ι
1675 4576 2039 4649 intelligitur.

393 4645 528 4707 Quae
560 4658 692 4696 vero
725 4644 876 4711 apud
913 4665 940 4693 «
975 4645 1217 4707 Tauros,
1251 4644 1480 4712 Laced.,
1511 4669 1537 4695 ››

391 4715 629 4780 bantur,
661 4713 788 4768 vide
817 4714 875 4769 in
912 4716 1083 4778 notis,
1120 4732 1173 4784 p.
1212 4717 1331 4768 109.

747 4784 1187 4864 κατατέμνεσθαι..
1250 4788 1352 4864 Ita
1392 4786 1551 4864 Paeg.
1614 4795 1669 4844 et
1700 4791 1827 4864 (alii
1863 4807 2041 4864 quam

392 4856 562 4934 _mul_ti
590 4858 838 4913 codices.
873 4857 1134 4934 Deestgtd
1166 4859 1223 4934 in
1253 4860 1459 4934 editis.
1508 4862 1649 4916 Tam
1695 4856 1929 4934 impura
1971 4866 2046 4919 si-

390 4927 572 4984 lentio
622 4931 1117 5000 praetermittenda
1176 4931 1530 4999 viderentur,
1582 4935 1695 4988 nisi
1752 4927 1819 4990 ad
1884 4953 2044 4991 caecas

391 5000 736 5127 gentilitatis
783 5003 1063 5073 probrum
1107 5019 1174 5056 ea
1222 5004 1431 5057 referre
1463 5005 1804 5077 compulsus
1838 5006 2047 5062 fuisset

447 5087 727 5127 regorius.

447 5087 727 5128 ΓΘΕΟῙἸΠΒ.

486 5142 578 5212 23)
608 5146 740 5196 Ὅσα
769 5147 874 5197 τῶν
907 5142 1108 5199 ἄλλῶν.
1144 5145 1297 5200 Colb.
1334 5143 1491 5203 3.8σα
1524 5143 1686 5201 ἄλλα.

486 5143 578 5212 23)
608 5146 740 5196 Ὅσα
769 5147 874 5197 τῶν
907 5143 1108 5199 ἄλλῶν.
1144 5145 1297 5200 Colb.
1334 5143 1491 5203 3.8σα
1524 5143 1641 5198 ἄλλ‹

464 5143 577 5290 (24)
609 5220 913 5290 ’Ίξκκριτοψ
950 5219 1090 5272 Tres
1126 5219 1338 5290 Regg.,
1371 5213 1641 5290 ἔγκριτον.

462 5288 577 5358 (25)
611 5288 673 5342 Et
706 5289 853 5341 τοῦτ’
875 5290 961 5357 ἦν.
997 5292 1090 5345 Sic
1125 5289 1386 5359 plerique
1414 5288 1663 5345 'cudices.
1720 5290 1879 5348 Pass.
1914 5309 2045 5347 vero

392 5358 609 5431 aliique
646 5362 932 5427 nonnulli,
970 5360 1043 5420 εἷς
1078 5365 1260 5414 τοῦτο.

461 5434 577 5504 (26)
609 5435 671 5485 "tt
710 5455 832 5489 τινι.
868 5436 957 5488 Sic
1011 5450 1221 5503 magno
1275 5448 1562 5507 consensu
1613 5434 1861 5507 codices,
1896 5453 2044 5507 prae-7

392 5507 482 5559 ter
509 5506 668 5561 Colb.
703 5508 755 5575 3,
791 5509 842 5559 ὕ.
890 5506 1088 5561 Billius
1148 5509 1337 5558 tamen
1383 5508 1441 5558 et
1488 5504 1687 5561 Comb.
1744 5504 1943 5579 legunt
2000 5504 2045 5561 εἳ

392 5592 519 5628 τινι.

468 5645 585 5724 (27).
610 5647 802 5724 Θήσεις
834 5648 1001 5724 ἡμᾶς.
1066 5648 1223 5724 Pass.
1286 5646 1465 5724 θήσεις
1514 5648 1865 5724 Χριστιανοὺς
1895 5652 2043 5724 ἡμᾶς

399 5717 538 5790 Reg.
574 5718 611 5787 Ι,
643 5719 823 5789 θήσεις
882 5718 1257 5793 Χριστιανούς,
1292 5720 1509 5778 omisso
1538 5717 1703 5794 ἡμᾶς.

2136 2357 2398 2430 ὑμετέρας
2460 2359 2819 2430 μεταποιήσῃ,
2877 2357 2966 2410 καὶ
3026 2354 3115 2410 διὰ
3160 2360 3322 2411 τοῦτο
3380 2356 3571 2433 πόρῥω
3608 2359 3792 2427 θήσεις

2135 2447 2282 2519 ἡμᾶς
2314 2448 2447 2519 (27),
2497 2445 2677 2521 ὥσπερ
2710 2445 2921 2521 κλήρου
2967 2450 3253 2521 πατρικοῦ,
3302 2447 3393 2500 καὶ
3446 2443 3600 2501 οὐδὲν
3651 2449 3786 2519 ἡμῖν

2137 2533 2507 2613 διαφέροντος,
2567 2538 2783 2610 πρῶτον
2847 2536 2941 2606 μὲν
3000 2533 3107 2609 οὐχ
3164 2536 3277 2608 ὁρῶ
3309 2534 3449 2597 τίςὸ
3509 2534 3698 2609 λόγος,
3750 2534 3784 2603 ἥ

2136 2629 2255 2686 πῶς
2302 2629 2461 2679 τοῦτο
2510 2625 2793 2699 προσάξεις
2841 2630 2957 2686 τοῖς
3002 2622 3277 2696 δαίμοσιν.
3310 2626 3382 2679 Οὐ
3410 2627 3531 2699 γὰρ,
3566 2624 3611 2679 εἰ
3659 2624 3788 2686 τοὺς

2136 2712 2330 2775 αὐτοὺς
2373 2715 2473 2783 τήν
2520 2734 2579 2768 τε
2625 2711 2878 2788 γλῶσσαν
2926 2711 3347 2782 Ἑλληνίζοντας
3378 2714 3466 2767 καὶ
3497 2715 3596 2781 τήν
3654 2716 3792 2787 θρη-

2138 2803 2316 2858 σκείαν
2347 2804 2475 2857 εἶναι
2529 2804 2643 2875 (28)
2694 2798 3033 2874 συμϐέϐηκεν
3083 2800 3191 2872 ἤδη
3245 2802 3330 2857 καὶ
3368 2809 3466 2870 τῆς
3494 2802 3785 2876 θρησκείας

2139 2894 2191 2947 οἱ
2226 2892 2401 2968 λόγοι,
2461 2892 2550 2946 καὶ
2610 2890 2699 2946 διὰ
2738 2893 2887 2946 τοῦτ’
2920 2892 2978 2946 ἂν
3011 2892 3233 2953 εἰκότως
3264 2887 3365 2961 ἔξω
3395 2890 3595 2960 ταύτης
3625 2892 3791 2963 ἡμεῖς

2139 2981 2516 3057 γραφείημεν·
2570 2979 2717 3035 ἀλλὰ
2759 2980 2918 3034 τοῦτό
2965 3001 3028 3055 γε
3073 2980 3163 3035 καὶ
3195 2977 3586 3055 ἀσυλλόγιστον
3647 2976 3796 3034 δοκεῖ

2140 3076 2257 3132 τοῖς
2287 3072 2405 3125 καθ’
2439 3071 2577 3141 ὑμᾶς
2608 3071 2720 3142 (29)
2750 3067 3105 3145 τεχνολόγοις
3131 3088 3143 3100 ·
3192 3068 3253 3124 οὐ
3284 3071 3409 3144 γὰρ,
3443 3069 3489 3124 εἰ
3514 3070 3638 3143 περὶ
3666 3089 3795 3123 ταυ-

2138 3160 2227 3214 τὸν
2261 3160 2448 3237 ἃμφω,
2499 3157 2589 3213 καὶ
2640 3156 2916 3228 ἀλλήλοις
2970 3158 3136 3236 ἄμφω
3177 3157 3345 3214 ταυτά
3378 3178 3391 3191 ο
3424 3160 3459 3227 ἣ
3515 3158 3658 3213 οὕτω
3712 3180 3792 3234 γε,

2141 3248 2185 3303 εἱ
2235 3248 2548 3323 χρυσοχόον
2597 3248 2687 3302 τὸν
2750 3246 2907 3303 αὐτὸν
2950 3247 3040 3301 καὶ
3093 3246 3373 3325 ζωγράφον
3434 3247 3674 3321 θείημεν,
3731 3249 3795 3301 τὸ

2141 3342 2469 3414 χρζσοχοεῖν
2532 3336 2608 3397 εἰς
2664 3337 2726 3391 τὸ
2785 3342 3114 3413 ζωγραφεῖν,
3167 3336 3201 3405 ἦ
3258 3338 3321 3391 τὸ
3385 3341 3688 3415 ζωγραφεῖν
3722 3336 3798 3398 εἰς

2139 3427 2200 3481 τὸ
2231 3430 2564 3501 χρυσοχοεῖν
2617 3428 2729 3497 (30)
2780 3427 3158 3501 περιστήσεται
3184 3444 3196 3457 °
3232 3424 3459 3481 πολλῶν
3489 3430 3657 3481 ταῦτα
3686 3430 3791 3480 τῶν

2142 3514 2213 3585 λη
2223 3536 2289 3591 ρη
2302 3516 2503 3589 μάτων.

2214 3695 2329 3750 ΡΕ’.
2362 3695 2583 3747 Ἔπειτα
2612 3695 2724 3763 (31)
2754 3692 3023 3766 ἐρήσομαί
3075 3714 3153 3765 σε,
3186 3694 3232 3746 ὦ
3272 3691 3542 3770 φιλέλλην
3595 3692 3659 3747 σὺ
3704 3694 3797 3748 καὶ

2145 3780 2432 3860 φιλόλογε,
2465 3781 2684 3856 πότεριν
2712 3781 2914 3843 παντὸς
2962 3778 3153 3857 εἷ’ρξεις
3201 3784 3348 3854 ἡμᾶς
3392 3786 3490 3837 τοῦ
3538 3780 3799 3853 Ἑλληνί-

2150 3876 2278 3943 ζειν,
2333 3872 2445 3924 οἷον
2493 3868 2559 3937 δὴ
2608 3870 2696 3924 καὶ
2763 3874 2872 3925 τῶν
2924 3868 2976 3925 έν
3022 3872 3170 3943 μέσῳ
3217 3871 3305 3926 καὶ
3354 3876 3531 3940 πεζῶν
3588 3870 3799 3927 τούτων

2149 3960 2214 4037 ῥη
2230 3961 2428 4032 μάτων,
2461 3958 2550 4013 καὶ
2579 3965 2679 4028 τῆς
2707 3964 2815 4013 τῶν
2843 3957 3071 4014 πολλῶν
3120 3963 3396 4035 χρήσεως,
3437 3962 3471 4026 ἣ
3517 3965 3615 4016 τοῦ
3659 3982 3803 4035 κομ-

2147 4053 2251 4123 ψοῦ
2278 4069 2338 4103 τε
2366 4047 2454 4103 καί
2489 4048 2893 4124 ὑπεραίροντος,
2926 4049 3001 4110 ὡς
3032 4049 3133 4103 οὐκ
3170 4048 3363 4111 ἄλλοις
3415 4048 3635 4126 έφικτοῦ

2146 4142 2181 4208 ἢ
2209 4140 2323 4200 τοῖς
2353 4140 2487 4193 κατὰ
2515 4135 2793 4192 παίδευσιν
2829 4135 3170 4216 διαφέρουσιν
3230 4141 3341 4210 (33)
3376 4156 3390 4208 ;
3442 4137 3489 4192 εἰ
3547 4140 3639 4212 μὲν
3694 4141 3799 4216 γὰρ

2148 4228 2369 4299 τούτου,
2399 4225 2483 4289 τίς
2509 4229 2544 4296 ἠ
2581 4224 2991 4303 ἁποκληρωσις,
3020 4228 3083 4282 τὸ
3116 4228 3211 4300 μὲν
3273 4225 3606 4303 σμερδαλέον
3666 4231 3802 4304 (34).

2222 4355 2333 4427 (28)
2366 4360 2685 4430 Θρῃσκειαν.
2746 4373 2919 4430 εινιιρ,⁸
2952 4357 3063 4430 etc.
3112 4355 3202 4430 1ta_
3241 4354 3400 4430 Pass.
3448 4354 3806 4430 Qum__l_ectio

2150 4421 2541 4500 certe'meli'or
2559 4421 2946 4500 videtursEd'
2968 4423 3264 4500 _0pncxeiav
3298 4422 3406 4496 ἢδη
3458 4421 3801 4500 συμϐέϐηκεν

2152 4499 2411 4591 εἴνὲητῆς
2444 4496 2881 4591 θρησκξίαςήτοὺις
2913 4493 3133 4591 λόγρυς.

2224 4571 2335 4641 (29)
2368 4569 2492 4624 Καθ’
2526 4571 2685 4641 ὑμᾶς.
2719 4572 2981 4634 Quatuor
2999 4569 3184 4641 ’Regg.
3216 4569 3333 4622 καθ’
3363 4570 3531 4641 ἡμᾶς.

2157 4712 2315 4787 Pass.
2353 4718 2417 4787 et
2439 4714 2534 4770 Or.
2579 4711 2634 4783 l',‘
2665 4716 2725 4770 in
2756 4711 2982 4787 6:551:
3001 4711 3402 4787 χρυσοχοῖκήνῖ

2225 4786 2339 4853 (31)
2366 4786 2611 4845 Ἔπειτα.
2645 4788 2807 4843 Pass.
2840 4783 2993 4840 Εἶτα.

2225 4788 2310 4853 (31
2366 4788 2611 4845 Ἔπειτα.
2645 4788 2807 4843 Pass.
2840 4788 2993 4840 Εἶτα.

2225 4788 2339 4928 (32)
2368 4861 2452 4917 Ὠς
2486 4856 2583 4912 οὐκ
2614 4854 2809 4932 ἄλλοις
2858 4854 3097 4932 ζφιιιξοζιῌ.
3120 4856 3243 4932 ἐἱ-ρ
3292 4856 3454 4932 Pass.
3475 4857 3584 4932 __lt_a
3631 4857 3811 4932 etiam

2156 4924 2359 5051 legglut
2423 4934 2550 4986 Sav.
2611 4934 2670 4986 et
2725 4924 2926 4986 Comb.
2989 4926 3138 4983 Editi
3194 4924 3253 4988 ὅς
3313 4925 3413 4981 οὐκ
3464 4924 3658 4990 ἄλλοις
3717 4928 3810 5007 έφ-

2159 5018 2239 5051 ικτ
2278 5019 2324 5051 ς.

2159 5018 2324 5059 ικτος.

2229 5073 2336 5144 (33)
2366 5073 2437 5126 "H
2466 5076 2581 5133 τοῖς
2613 5069 2747 5126 κατὰ
2775 5067 3049 5145 παίδευσον
3085 5065 3451 5145 διαφέρουσιν.
3470 5070 3568 5145 _Ita
3592 5071 3809 5129 habent

2156 5142 2383 5219 septem
2411 5145 2614 5219 Regg.,
2650 5145 2765 5219 duo
2794 5143 2975 5219 Colb.,
3012 5142 3809 5219 Pass.,'_sicquslegengu_m,

2166 5213 2233 5289 ut
2262 5213 2524 5289 planaet
2538 5213 2821 5289 'cxpedita
2849 5216 2927 5272 sit
2982 5213 3246 5287 syntaxis
3276 5213 3347 5270 ac
3368 5213 3588 5274 littera.
3628 5216 3805 5285 Editi,

2154 5286 2187 5354 ἢ
2219 5285 2381 5342 τοῖν..
2438 5285 2804 5366 διαφέροντος.

2226 5368 2337 5439 (34)
2383 5367 2453 5421 Τὸ
2506 5363 2599 5440 μιν
2664 5363 3016 5440 σμερδαλέον,
3085 5370 3193 5423 etc.
3255 5366 3382 5440 Haec
3440 5370 3595 5440 sunt
3636 5369 3814 5425 verba

2156 5441 2382 5509 poetica
2412 5456 2479 5495 ex
2508 5438 3046 5511 Homerocollecta,
3102 5454 3230 5510 quas
3270 5438 3508 5511 singula
3536 5438 3695 5511 Elias
3728 5441 3811 5497 sic

2157 5506 2433 5581 exponit:
2468 5508 2823 5587 σμερδαλέον,
2873 5506 3297 5587 «horrendum
3330 5506 3427 5587 ελ)
3484 5506 3812 5587 κοναόίζειν,

2157 5604 2185 5632 ‹‹
2218 5576 2754 5655 strepere,tin'nire;
2785 5576 2818 5634 »⁷
2854 5586 3026 5653 μῶν,‹‹
3064 5581 3254 5655 num?
3283 5603 3311 5633 ››
3346 5576 3673 5655 δήπουθεν,ι
3696 5576 3817 5642 ιιιίὲ

2198 5670 2291 5723 ue,
2316 5652 2607 5727 profecto;
2643 5678 2671 5707 ››
2705 5652 2863 5723 ἅττα,
2919 5671 3061 5729 οιηῃ
3098 5652 3412 5729 aspiratur,
3445 5677 3474 5706 ‹‹
3507 5652 3635 5729 quis
3685 5656 3815 5729 qui-

2198 5670 2291 5723 ue,
2316 5670 2607 5727 proxecio;
2643 5678 2671 5707 ››
2705 5670 2855 5723 αττα,
2919 5671 3055 5712 cum
3098 5670 3412 5728 aspiratur,
3445 5677 3474 5706 ‹‹
3507 5670 3635 5728 quas
3685 5672 3815 5729 qui-

2157 5670 2333 5798 gem;
2389 5743 2523 5785 cum
2575 5731 2871 5800 tenuatur,
2928 5750 2956 5781 ‹‹
2990 5727 3104 5785 alia
3132 5726 3442 5800 quaedam;
3501 5748 3530 5781 »
3563 5725 3817 5806 ἀμωσγέ-

1574 4628 2032 4720 magesi-sas;

2224 4628 2334 4709 (30)
2364 4641 2459 4703 Εἰς
2488 4628 2574 4697 τὸ’
2626 4628 2933 4719 ρνυσᾶχοιῖν.
2968 4628 3228 4707 Quatuor
3257 4628 3589 4715 Regg.,duo
3618 4643 3802 4709 Colb.,

2157 4712 2315 4769 Pass.
2353 4718 2409 4769 et
2439 4714 2534 4770 Or.
2579 4662 2631 4771 ἶ.
2665 4716 2725 4770 in
2756 4731 2877 4771 ora.
2908 4711 3402 4771 εἷςγρυσογοῖκήν.
