4148 6290
421 336 540 400 643

1660 332 1726 392 S.
1775 327 2147 391 GREGORII
2194 324 2589 393 THEOLOGI

3713 333 3838 399 6M

421 478 538 528 Deo
570 462 911 543 inscriptam
943 485 1070 526 esse
1094 484 1443 540 persuasum
1462 466 1681 522 habent
1698 464 1725 519 ?
1746 465 1939 520 Tuum
1965 465 2063 518 At-

2181 466 2309 516 Θεοῦ
2358 465 2469 536 (48)
2522 462 2869 533 πιστεύουσις
2924 464 3027 519 Σὸν
3068 466 3129 520 τὸ
3176 464 3526 536 ’Δττικίζιιν;
3570 467 3649 525 Τὸ
3698 489 3830 525 πετ-

422 564 535 619 tice
566 560 773 633 loqui?
803 560 949 624 Quid
972 558 999 614 ?
1031 557 1282 614 Calculis
1306 557 1410 626 uti,
1444 561 1501 612 et
1531 570 1859 622 numerare,
1893 556 1950 609 et
1976 552 2069 607 di-

423 652 560 724 gitis
590 654 932 722 supputare,
967 664 1251 703 mensurae
1298 648 1441 703 item
1486 651 1543 702 et
1584 646 1864 719 pondera,
1897 646 2069 713 atque

424 748 556 797 ante
586 739 707 795 haec
738 740 915 795 etiam
949 738 1093 794 aciei
1123 737 1433 793 instructio
1456 740 1513 791 et
1542 753 1634 791 res
1664 734 2069 801 militaris,cu-

416 831 519 902 jus
550 834 691 885 sunt
708 828 736 883 ?
768 845 961 885 nonne
984 827 1333 882 Euboeorum
1352 826 1379 882 ‘I
1409 825 1459 881 si
1484 826 1654 881 modo
1678 824 1931 880 Eubceus
1947 825 2072 876 erat

423 919 522 975 ille
552 918 872 975 multarum
904 934 1101 974 rerum
1132 917 1399 972 inventor
1428 914 1790 983 Palamedes,
1819 910 2069 966 invidia-

425 1026 537 1082 que
568 1010 640 1066 ob
660 1009 719 1064 id
751 1006 1075 1081 impetitus,
1101 1010 1277 1078 atque
1303 1006 1446 1061 adeo
1475 1003 1845 1075 injudicium
1878 1001 1949 1055 ob
1982 1014 2069 1054 sa-

422 1099 705 1172 pientiam
736 1102 1000 1167 vocatus,
1018 1097 1090 1152 ab
1113 1096 1306 1168 iisque
1328 1095 1429 1167 qui
1451 1095 1730 1149 adversus
1777 1090 1947 1146 ilium
1969 1105 2066 1145 ex-

422 1189 776 1260 peditionem
800 1191 1203 1259 susceperant,
1229 1189 1415 1241 morte
1437 1181 1766 1239 multatus?
1787 1179 1935 1247 Quid
1958 1177 2068 1249 igi-

417 1277 565 1335 tur?
593 1278 654 1333 Si
695 1276 971 1349 Egyptii,
1028 1279 1086 1330 et
1133 1273 1457 1343 Phoenices,
1490 1276 1546 1328 et
1574 1270 1818 1338 Hebraei,
1854 1267 2068 1340 quibus

418 1366 491 1424 ad
523 1367 911 1423 eruditionem
969 1368 1232 1421 nostram
1293 1363 1537 1429 utimur,
1571 1361 1621 1417 si
1660 1360 1759 1431 qui
1791 1358 2066 1414 Euboeam

418 1456 677 1512 insulam
696 1454 982 1522 incolunt,
1000 1454 1142 1521 haec,
1164 1456 1451 1525 tanquam
1474 1451 1772 1521 sua,juxta
1792 1452 1894 1503 tua
1914 1446 2069 1518 prin-

418 1544 589 1619 cipia,
618 1544 989 1611 vindicarint,
1022 1542 1161 1614 quid
1195 1541 1478 1597 faciemus
1499 1540 1527 1595 ?
1559 1543 1661 1595 aut
1690 1537 1830 1609 quid
1864 1536 1935 1592 ad
1967 1552 2065 1592 eos

418 1633 749 1690 causificari
782 1632 1130 1705 poterimus,
1161 1629 1503 1685 nostrismet
1532 1627 1759 1700 legibus
1796 1625 1947 1697 capti
1980 1628 2064 1679 at-

419 1738 533 1793 que
555 1720 894 1777 constricti?
915 1720 1119 1776 Nonne
1142 1736 1250 1776 nos
1274 1718 1512 1775 omnino
1538 1716 1630 1772 his
1653 1716 1827 1771 rebus
1849 1713 2063 1787 privari

418 1827 657 1867 necesse
688 1809 816 1881 erit,
848 1808 1135 1880 nobisque
1166 1809 1323 1863 idem
1355 1807 1509 1880 quod
1531 1804 1788 1878 graculo,
1813 1803 2063 1873 evenire,

417 1900 529 1957 hoc
558 1904 667 1969 est,
700 1904 765 1956 ut
797 1899 1003 1956 alienis
1033 1898 1252 1971 plumis
1277 1898 1444 1953 nobis
1466 1895 1761 1966 detractis,
1789 1894 1930 1949 nudi
1950 1893 2066 1966 ipsi

418 2008 484 2047 ac
517 2001 714 2063 turpes
746 1989 983 2046 simus?

489 2080 682 2137 CVIII.
710 2080 835 2136 Tua
863 2082 1005 2134 sunt
1031 2081 1303 2150 poemata
1321 2078 1350 2134 ?
1377 2076 1525 2142 Quid
1558 2077 1753 2131 autem
1783 2077 1805 2129 Ρ
1832 2075 1918 2129 An
1948 2089 2065 2128 non

415 2171 612 2243 potius
645 2186 795 2226 anus
837 2168 1018 2237 illius,
1075 2184 1205 2239 quae
1251 2182 1387 2222 cum
1418 2165 1660 2237 quidam
1691 2162 2067 2221 concitatiore

416 2276 622 2333 gressu
654 2276 723 2315 ex
753 2259 995 2314 adverso
1028 2256 1328 2326 incedens,
1357 2254 1547 2327 ipsius
1578 2254 1895 2309 humerum
1926 2268 2065 2307 con-

415 2348 716 2415 cussisset,
776 2348 861 2404 sic
903 2346 1060 2404 enim
1109 2350 1372 2417 narrant,
1422 2345 1668 2417 ipsaque
1696 2348 1899 2416 postea
1927 2357 2064 2398 eum

415 2437 697 2493 conviciis
726 2436 1063 2504 incesseret,
1122 2436 1379 2508 impetus
1433 2432 1801 2489 vehementia
1830 2446 2064 2486 carmen

414 2527 620 2582 effudit
646 2545 658 2595 ;
693 2527 848 2598 quod
881 2542 1017 2581 cum
1032 2525 1236 2596 juveni
1255 2524 1422 2579 valde
1443 2523 1756 2591 arrisisset,
1777 2525 1952 2592 atque
1975 2537 2065 2576 ac-

416 2615 675 2671 curatius
704 2616 764 2671 in
797 2631 1074 2671 numeros
1097 2613 1401 2669 astrictum
1424 2610 2065 2680 fuisset,admirabilem

414 2706 522 2760 tibi
553 2705 703 2761 hanc
726 2704 948 2777 poesim
970 2703 1231 2760 creavit?
1260 2702 1407 2767 Quid
1429 2702 1500 2757 de
1531 2700 1796 2757 caeteris?
1823 2700 1883 2755 Si
1906 2699 2064 2755 enim

416 2796 489 2851 ob
521 2812 686 2851 arma
717 2794 1007 2867 gloriaris,
1043 2811 1076 2849 a
1106 2792 1323 2865 quibus
1364 2792 1624 2858 tandem,
1655 2808 1688 2847 o
1720 2790 2062 2856 fortissime,

416 2901 582 2941 arma
606 2883 710 2940 tibi
732 2883 1064 2941 venerunt?
1082 2885 1169 2938 An
1192 2899 1308 2939 non
1339 2898 1373 2938 a
1401 2880 1772 2954 Cyclopibus,
1796 2896 1829 2934 a
1852 2877 2065 2950 quibus

413 2993 508 3033 ars
538 2975 782 3033 ferraria
798 2978 935 3031 nats.
957 2973 1095 3030 est?
1113 2973 1169 3028 Si
1193 2978 1393 3029 autem
1416 2988 1633 3045 magna
1655 2971 1921 3045 quaedam
1948 2986 2062 3037 res,

414 3064 535 3120 imo
564 3064 830 3120 omnium
864 3063 1143 3135 maxima,
1171 3062 1276 3117 tibi
1300 3078 1561 3135 purpura
1580 3061 1832 3129 videtur,
1856 3077 1925 3116 ex
1950 3074 2066 3130 qua

414 3159 479 3210 tu
501 3154 736 3227 sapiens
758 3153 1199 3224 evasisti,atque
1219 3151 1562 3223 hujusmodi
1584 3150 1780 3223 legum
1803 3148 2064 3222 promul-

2175 551 2346 605 τεύειν
2397 554 2510 624 (49)
2568 550 2627 606 δὲ
2682 552 2772 607 καὶ
2821 552 3097 629 ἀριθμεῖν,
3128 554 3217 609 καὶ
3269 553 3583 629 λογίζεσθαι
3643 553 3837 613 δακτύο

2180 639 2322 712 λοις,
2367 640 2537 717 μέτρα
2563 663 2621 697 τε
2656 641 2745 698 καὶ
2800 643 3028 717 σταθμὰ,
3077 646 3166 699 καὶ
3216 642 3291 699 ἔτι
3345 645 3453 721 πρὸ
3503 644 3736 719 τούτων,
3768 649 3837 702 τὰ

2176 732 2400 785 τακτικᾶ
2428 731 2517 786 καὶ
2547 732 2849 805 πολεμικὰ,
2880 733 3024 797 τίνος
3196 761 3211 804 ;
3255 732 3353 789 οὐκ
3414 730 3662 791 Εὐϐοέων
3689 756 3703 806 ;
3766 734 3840 791 εἷ’-

2176 839 2275 894 περ
2323 815 2558 884 Εὐϐοεὺς
2604 823 2632 875 ὁ
2682 820 3048 896 Παλαμήδης,
3112 824 3136 879 ὁ
3184 821 3410 878 πολλῶν
3462 823 3709 899 εὑρετὴς,
3739 842 3833 894 καὶ

2178 905 2266 963 διὰ
2312 914 2473 965 τοῦτο
2522 910 2831 989 ἐπίφθοτος,
2878 912 2968 968 καὶ
3021 911 3227 986 μέντοι,
3271 913 3361 967 καὶ
3412 911 3565 976 δίκας
3612 921 3712 985 τῆς
3744 937 3833 969 σο-

2177 998 2298 1076 φίας
2358 999 2702 1072 ἀπαιτηθεὶς,
2758 1002 2849 1056 καὶ
2913 1002 3251 1077 κατακριθεὶς
3306 1008 3423 1066 τοῖς
3498 1002 3587 1059 ἐπὶ
3662 1002 3832 1060 Ἰλίου

2177 1088 2562 1163 στρατεύσασι;
2621 1090 2680 1144 Τί
2738 1090 2864 1161 οὗν;
2927 1090 2984 1145 ἂν
3041 1091 3352 1168 Αἰγύπτιοι,
3408 1093 3498 1149 καὶ
3556 1093 3829 1165 Φοίνικες,

2177 1172 2419 1254 Ἐϐραῖοί
2465 1199 2544 1248 τε,
2578 1178 2657 1241 οἷς
2688 1182 2852 1252 ἡμεῖς
2906 1182 3278 1257 συγχρώμεθα
3326 1181 3463 1257 πρὸς
3492 1184 3593 1251 τὴν
3626 1185 3829 1258 ἡμετέ-

2177 1287 2267 1342 ραν
2322 1264 2621 1340 παίδευσιν,
2681 1268 2733 1323 τί
2782 1266 2828 1323 δ’
2885 1269 2944 1324 ἂν
2996 1272 3047 1324 οἳ
3095 1272 3193 1339 τὴν
3242 1273 3403 1341 νῆσον
3448 1268 3670 1348 ἔχοντες
3716 1276 3831 1347 (54)

2174 1351 2405 1411 Εὔϐοιαν
2441 1362 2857 1431 μεταποιοῦνται
2890 1360 3003 1433 (52)
3040 1358 3248 1416 τούτων
3297 1361 3374 1424 ὡς
3418 1360 3602 1424 αὐτοῖς
3649 1359 3831 1441 διαφε-

2176 1445 2402 1521 ρόντων,
2447 1448 2584 1503 κατὰ
2638 1448 2733 1511 τὰς
2776 1448 2870 1511 σὰς
2914 1448 3209 1521 ὑποθέσεις,
3268 1450 3320 1506 τί
3373 1448 3639 1527 δράσομεν
3668 1471 3683 1522 ;
3715 1454 3750 1521 ἦ
3778 1452 3832 1508 τί

2174 1533 2711 1612 δικαιολογησάμεθα
2759 1538 2894 1615 πρὸς
2940 1538 3156 1613 αὐτοὺς,
3205 1544 3325 1603 τοῖς
3384 1540 3613 1604 οἰκείοις
3659 1541 3834 1597 ἑαλω-

2173 1624 2326 1687 κότες
2385 1624 2613 1699 νόμοις;
2673 1628 2741 1681 Ἥ
2788 1633 2931 1682 πᾶσα
2988 1630 3262 1702 στέρεσθαι
3326 1629 3535 1686 τούτων
3599 1630 3831 1707 ἀνάγκη,

2171 1715 2261 1768 καὶ
2311 1715 2373 1769 τὸ
2408 1720 2505 1769 τοῦ
2544 1714 2770 1771 κολοιοῦ
2818 1719 3047 1793 πάσχειν
3099 1720 3233 1793 (53),
3284 1719 3529 1795 γυμνοὺς
3559 1721 3695 1775 εἶναι
3722 1726 3833 1776 τῶν

2175 1803 2484 1879 ἀλλοτρίων
2524 1807 2957 1883 περιαιρεθέντας
3007 1812 3218 1885 πτερῶν
3439 1809 3529 1865 καὶ
3579 1811 3833 1886 ἀσχήμο-

2173 1914 2302 1964 νας;

2246 2074 2369 2130 PH’.
2405 2071 2484 2127 Σὰ
2510 2073 2577 2127 τὰ
2623 2076 2942 2148 «cuipam;
2992 2076 3045 2131 τί
3091 2074 3187 2147 δέ;
3241 2075 3304 2132 οὐ
3357 2084 3459 2147 τῆς
3515 2079 3677 2155 γραὸς
3715 2082 3831 2152 (55)

2180 2160 2391 2234 μᾶλλον
2438 2161 2668 2233 ἐκείνης,
2717 2165 2772 2235 ἢ,
2823 2166 2914 2219 τὸν
2966 2166 3118 2239 ὦμον
3168 2168 3434 2222 σεισθεῖσα
3479 2170 3628 2241 παρά
3680 2190 3828 2231 τινος

2176 2252 2441 2313 συντόνως
2493 2252 2924 2328 ἀντιπαριόντος,
2969 2255 3044 2317 ὡς
3092 2253 3280 2331 λόγος,
3334 2256 3427 2311 εἶτ’
3478 2252 3831 2331 ένυϐρίζουσα

2171 2362 2251 2412 τῳ
2290 2338 2510 2417 σφοδρῷ
2557 2345 2653 2410 τῆς
2708 2344 2908 2418 ὁρμῆς,
2969 2342 3097 2406 ἔπος
3156 2343 3485 2421 ἐφθέγξατοο
3537 2346 3626 2401 καὶ
3686 2346 3831 2401 τοῦτ’

2175 2428 2365 2506 ἀρέσαν
2411 2436 2489 2503 τῷ
2530 2431 2706 2503 νεανίᾳ
2755 2430 2875 2487 λίαν
2916 2435 3049 2506 (56),
3092 2435 3184 2488 καὶ
3234 2431 3678 2511 φιλοπονώτερον
3733 2455 3827 2508 με·

2188 2521 2380 2595 τρηθὲν
2461 2521 2559 2589 τὴν
2648 2521 2945 2595 θαυμασίαν
3019 2544 3113 2577 σου
3191 2522 3391 2595 ταύτην
3465 2522 3835 2601 έδημιύργησε

2171 2607 2392 2677 ποίησιν
2420 2627 2434 2677 ;
2465 2609 2523 2663 Τί
2552 2606 2732 2665 τᾶλλα
2770 2612 2882 2685 (57)
2908 2630 2921 2681 ;
2953 2611 3017 2666 Εἰ
3048 2608 3106 2667 δὲ
3134 2617 3248 2674 τοῖς
3281 2610 3479 2675 ὅπλοις
3512 2615 3648 2689 μέγα
3684 2632 3821 2691 φρο-

2174 2703 2306 2769 νεῖς,
2355 2700 2501 2774 παρά
2553 2698 2711 2754 τίνων
2768 2721 2855 2754 σοι
2904 2702 2971 2755 τὰ
3026 2699 3192 2772 ὃπλα,
3244 2702 3694 2778 ὦγενναιότατε;
3745 2702 3825 2761 Οὐ

2170 2792 2276 2842 τῶν
2311 2786 2654 2862 Κυκλώπων,
2684 2788 2734 2859 ἐξ
2767 2791 2837 2843 ὧν
2870 2791 2932 2845 τὸ
2962 2790 3292 2866 χαλκεύειν;
3336 2790 3398 2845 Εἰ
3448 2788 3505 2845 δέ
3550 2812 3634 2845 σοι
3685 2793 3829 2867 μέγα

2172 2878 2262 2932 καὶ
2324 2875 2571 2953 μέγιστον
2623 2882 2730 2932 τῶν
2792 2877 2958 2933 ὄντων
3178 2882 3214 2949 ἡ
3248 2878 3520 2956 ἁλουργὶς,
3552 2878 3603 2950 ἐξ
3633 2881 3699 2947 ἧς
3730 2900 3825 2933 σο-

2174 2966 2272 3043 φὸς
2300 2965 2384 3035 σὺ,
2416 2966 2644 3023 καὶτῶν
2696 2967 2959 3023 τοιούτων
3015 2968 3315 3043 νομοθέτης
3345 2986 3358 3003 ο
3403 2968 3494 3037 τίς
3537 2968 3636 3023 οὐκ
3689 2968 3822 3023 ἀπο-

2175 3057 2314 3129 θήσῃ
2391 3056 2590 3127 ταύτην
2650 3056 2885 3131 Τυρίοις,
2943 3059 3070 3133 παρ’
3127 3059 3199 3113 ὧν
3260 3061 3295 3127 ἡ
3354 3059 3653 3133 ποιμενικὴ
3714 3059 3827 3133 (59)

2172 3143 2336 3214 κύων,
2386 3154 2420 3213 ἠ
2469 3149 2538 3219 τῇ
2564 3144 2758 3220 κόχλῳ
2819 3146 3104 3222 βρωθείσῃ,
3132 3148 3221 3201 καὶ
3259 3147 3326 3202 τὰ
3357 3145 3525 3222 χείλη
3556 3148 3827 3221 καθαιμα-

417 3218 605 3315 gator,
638 3244 779 3315 quid
801 3244 828 3298 ?
859 3218 1012 3299 num.
1060 3218 1191 3298 eam
1250 3218 1440 3313 Tvriis
1494 3218 1753 3313 abjicies,
1787 3218 1822 3297 a
1849 3238 2065 3310 quibus

2181 3233 2324 3309 Ξάσῃ,
2383 3239 2462 3307 τῷ
2511 3236 2729 3308 ποιμένι
2783 3237 2846 3291 τὸ
2876 3233 3033 3299 ἄνθος
3063 3236 3390 3313 γνωρίσασα,
3421 3237 3512 3292 καὶ
3563 3234 3653 3292 διὰ
3696 3238 3826 3292 τού-

416 3331 729 3403 pastoralis
760 3330 858 3386 ille
889 3330 1053 3388 canis
1083 3330 1321 3403 prodiit,
1353 3330 1454 3401 qui
1494 3346 1663 3386 exeso
1704 3328 1945 3394 murice,
1977 3326 2067 3383 la-

418 3420 649 3494 biisque
679 3436 883 3476 cruore
917 3420 1189 3492 perfusis,
1222 3418 1440 3489 pastori
1464 3418 1664 3474 ﬂorem
1697 3416 2066 3486 indicavit,ac

417 3527 521 3583 per
536 3526 635 3566 eos
654 3509 822 3566 vobis
840 3508 1292 3581 imperatoribus
1310 3524 1572 3580 pannum
1589 3506 1755 3562 illum
1778 3503 2062 3577 improbis

417 3598 753 3655 luctuosum
796 3602 853 3654 et
892 3598 1217 3671 superbum
1258 3596 1553 3669 porrexit?
1588 3597 1709 3666 jam
1758 3612 1889 3651 vero
1922 3593 2064 3665 quid

416 3689 634 3745 dicturi
656 3705 887 3756 sumus,
906 3688 957 3743 si
978 3688 1051 3744 ab
1073 3686 1433 3759 agricultura
1452 3685 1808 3756 naviumque
1837 3689 2065 3739 exstru-

419 3778 614 3834 ctione
642 3777 1027 3834 Athenienses
1059 3793 1164 3855 nos
1196 3778 1450 3847 arceant,
1474 3776 1728 3842 Cereres,
1748 3778 1804 3829 et
1832 3773 2064 3844 Tripto-

414 3866 622 3935 lemos,
657 3871 715 3923 et
746 3868 1028 3924 dracones
1058 3865 1207 3921 137
1239 3869 1784 3932 commemorantes,
1816 3877 1882 3916 ac
1914 3877 2064 3932 prae-

414 3960 574 4014 terea
608 3956 827 4029 Celeos,
859 3962 916 4013 et
946 3956 1180 4025 Icarios,
1215 3970 1564 4025 omnemque
1594 3953 1655 4008 in
1683 3952 1812 4009 istis
1836 3950 2065 4023 mytho-

412 4043 651 4117 logiam,
687 4063 813 4118 qua:
846 4048 1023 4103 etiam
1054 4045 1216 4103 vobis
1246 4062 1338 4101 res
1360 4044 1504 4102 istas
1536 4041 1693 4115 turpi
1725 4046 1783 4097 et
1813 4042 2065 4097 obsceno

414 4134 712 4206 mysterio,
749 4152 813 4191 ac
845 4141 1013 4191 nocte
1043 4152 1184 4191 sane
1214 4136 1410 4207 digno,
1455 4132 1836 4189 celebrandas
1866 4129 2067 4186 dedit?

483 4223 623 4276 CIX.
684 4227 894 4294 Atque,
955 4228 1020 4279 ut
1078 4224 1208 4279 aliis
1267 4223 1695 4294 praetermissis,
1731 4222 1804 4277 ad
1870 4221 2066 4292 ipsum

411 4310 693 4368 vecordiae
710 4316 954 4385 tuae,seu
972 4311 1167 4384 potius
1189 4309 1712 4385 impietatis,caput
1728 4310 2067 4377 ascendam,

2174 3345 2282 3379 των
2314 3327 2426 3397 (60)
2458 3321 2773 3401 παραδοῦσα
2796 3330 2912 3387 τοῖς
2950 3324 3254 3400 βασιλεῦσιν
3290 3327 3416 3399 ὑμῖν
3447 3327 3511 3382 τὸ
3565 3326 3823 3401 πένθιμον

2173 3419 2291 3475 τοῖς
2312 3419 2498 3475 κακοῖς
2530 3413 2693 3489 ῥάκος
2723 3413 2811 3470 καί
2869 3415 3245 3493 ὑπερήφαωη
3305 3416 3584 3493 Γεωργίας
3641 3413 3699 3471 δὲ
3734 3416 3826 3471 καὶ

2173 3502 2496 3578 ναυπηγίας,
2553 3501 2606 3557 τί
2666 3505 2934 3581 φήσομεν,
2966 3502 3025 3559 ἂν
3058 3503 3428 3561 ἆπελαύνωσιν
3458 3508 3610 3580 ἡμᾶς
3668 3506 3824 3576 Ἀθη-

2173 3599 2337 3662 ναῖοι,
2368 3594 2464 3654 τὰς
2496 3594 2793 3668 Δήμητρας
2822 3595 2913 3648 καὶ
2943 3592 3067 3656 τοὺς
3124 3592 3537 3669 Τριπτολέμους
3598 3592 3827 3669 διηγού-

2178 3702 2352 3755 μενοι,
2408 3679 2497 3734 καὶ
2554 3678 2682 3742 τοὺς
2749 3678 3059 3755 δράκοντας,
3123 3680 3200 3736 ἔτι
3250 3680 3307 3737 δὲ
3350 3679 3586 3745 Κελεούς
3622 3703 3682 3738 τε
3735 3680 3823 3737 καὶ

2173 3768 2460 3845 Ἰκαρίους,
2491 3768 2582 3823 καὶ
2612 3774 2782 3824 πᾶσαν
2813 3772 2911 3839 τήν
2944 3770 3250 3838 περὶταῦτα
3284 3769 3635 3849 μυθολογίαν,
3666 3772 3703 3841 ἢ
3734 3771 3825 3827 καὶ

2178 3861 2473 3933 μυστήριον
2502 3859 2627 3932 ὑμῖν
2661 3859 2888 3936 αἰσχρὸν
2919 3866 3084 3916 ταῦτα
3116 3860 3361 3933 ἐποίησε,
3392 3860 3479 3917 καὶ
3510 3861 3703 3925 νυκτὸς
3734 3858 3824 3917 ὄν-

2172 3970 2280 4011 τως
2313 3946 2456 4022 ἄξιον
2486 3966 2499 4017 ;

2250 4216 2363 4272 ΡΘ’.
2394 4214 2614 4287 Βούλει,
2648 4214 2825 4273 τᾶλλα
2872 4217 3080 4294 παρεὶς⁶
3115 4216 3197 4273 ἐπ’
3255 4216 3385 4274 αυτὸ
3439 4217 3502 4275 τὸ
3531 4216 3824 4299 κεφάλαιον

2178 4302 2470 4384 ἆναδράμω
2539 4312 2641 4377 τῆς
2710 4309 2808 4378 σῆς
2885 4306 3220 4383 ἐμπληξίας,
3292 4304 3386 4364 ti’t’
3449 4307 3541 4365 οὖν
3597 4305 3825 4367 θεοϐλα-

488 4544 598 4617 (48)
633 4542 785 4619 Παρὰ
814 4541 967 4601 Θεοῦ.
1025 4546 1195 4602 Deest
1250 4545 1310 4602 in
1362 4547 1501 4619 Reg.
1565 4545 1669 4617 hu,
1727 4545 1785 4602 in
1830 4547 1960 4603 Ald.
2008 4550 2066 4604 et
2093 4548 2140 4613 D
2175 4563 2202 4619 ε
2236 4544 2309 4599 ab
2340 4543 2707 4601 adolescente
2728 4542 2979 4619 quodam
3004 4545 3385 4616 properanter
3402 4547 3745 4619 transeunte
3767 4547 3828 4604 in

413 4616 588 4672 Herv.

486 4688 599 4760 (49)
657 4686 957 4745 Πεττεύειν.
1019 4689 1107 4746 Ita
1161 4688 1334 4763 vulgo
1391 4706 1536 4747 mss.
1574 4692 1637 4746 In
1688 4690 1782 4746 ed.
1840 4685 2067 4744 πεπτεύ-

414 4779 513 4815 ειν.

506 4832 599 4901 50)
627 4828 803 4892 Τίνος.
836 4832 926 4889 Sic
958 4832 1221 4904 plerique
1247 4834 1491 4889 codices.
1519 4833 1673 4889 Edit.
1702 4830 1885 4887 τίνων.

505 4904 597 4975 51)
628 4905 908 4979 ”Εχοντες.
953 4903 1193 4979 Septem
1244 4905 1449 4979 Regg.,
1496 4906 1656 4962 Colb.
1714 4906 1769 4977 3,
1814 4904 1989 4961 Coisl.
2032 4903 2069 4959 2

415 4979 578 5030 Pass.
612 4980 669 5030 et
700 4975 795 5031 Or.
830 4979 883 5044 1,
917 4975 1211 5038 οἰκοῦντες.

486 5047 599 5117 (52)
630 5046 1081 5122 Μεταποιοῦνται.
1116 5050 1383 5122 Quinque
1414 5047 1814 5120 Regg.,Herv.,
1839 5047 2065 5117 Comb.,

416 5117 547 5173 Sav.
562 5158 575 5180 ,
611 5121 1046 5188 μεταπωιῶνται.

487 5190 598 5261 (53)
630 5190 727 5263 Καὶ
760 5191 820 5243 τὸ
848 5196 944 5245 τοῦ
975 5192 1199 5246 κολοιοῦ
1229 5188 1482 5263 πάσχειν.
1518 5193 1595 5244 De
1623 5189 1923 5247 cornicula
1951 5191 2067 5247 H0-

414 5262 623 5336 ratius,
656 5262 757 5318 lib.
796 5282 833 5330 ι,
865 5267 1035 5336 epist.
1067 5266 1120 5333 3,
1156 5262 1271 5316 ait:

556 5334 653 5401 Νε,
678 5336 723 5390 si
747 5336 889 5405 forte
900 5332 1042 5391 sua:
1072 5336 1362 5404 repetitum
1390 5332 1606 5385 venerit
1633 5332 1772 5405 olim

557 5405 698 5461 Grex
726 5404 909 5462 avium
938 5409 1183 5478 plumas,
1215 5406 1425 5478 moveat
1452 5404 1745 5459 cornicula.
1774 5407 1952 5461 risum

558 5479 801 5533 Furtivis
829 5475 1035 5535 nudata
1062 5475 1355 5534 coloribus.

488 5546 601 5631 (51:)
632 5548 1066 5623 Περιαιρεθέντας
1098 5548 1332 5619 πτερῶν.
1366 5549 1505 5617 Reg.
1540 5563 1593 5611 ξι,
1625 5544 2065 5623 περιαιρεθέντων

416 5634 654 5689 πτερων.

489 5687 604 5763 (55)
656 5694 765 5761 Τῆς
823 5693 1008 5769 γραός.
1069 5692 1280 5750 Mulier
1328 5690 1618 5764 quaedam,
1672 5712 1700 5739 ››
1753 5689 1833 5747 ait
1890 5689 2065 5765 Elias,

2174 4616 2420 4674 humero
2453 4632 2736 4699 succussa
2764 4620 2882 4698 est.
2915 4617 3271 4699 Bascautem
3302 4617 3829 4699 pertulantiusadg

2174 4705 2378 4744 versus
2409 4689 2838 4745 adolescentem
2868 4688 3130 4759 incitata,
3162 4688 3440 4745 conviciis
3470 4706 3606 4745 eum
3635 4690 3833 4748 affecit

2175 4761 2557 4842 pronuntiato
2588 4761 2854 4842 quodam
2876 4775 3069 4842 versu,
3102 4776 3217 4842 quo
3237 4761 3831 4842 vehementcm_illius

2175 4832 2463 4903 impetum
2513 4832 2960 4904 perstringebat.
3016 4832 3154 4887 Erat
3197 4837 3395 4888 autem
3452 4832 3559 4887 hoc
3603 4832 3829 4890 dictum

2175 4920 2380 4959 versus
2417 4906 2681 4959 numeris
2712 4904 3008 4959 astrictus.
3044 4904 3153 4967 Qui
3184 4910 3500 4960 concentus
3520 4919 3659 4959 cum
3688 4907 3830 4963 ado-

2174 4975 2441 5044 lescenti,
2477 4975 2820 5047 iisque,iqui
2851 4980 2980 5031 tum
3000 4976 3263 5042 aderant,
3288 4976 3610 5047 arrisisset,
3626 4993 3832 5036 versus

2177 5046 2421 5173 hujutsce
2452 5046 2662 5102 modus
2693 5046 2753 5101 in
2784 5052 2969 5103 artem
3000 5048 3272 5104 redactus
3305 5049 3376 5103 ad
3404 5046 3612 5105 omnes
3642 5050 3829 5107 dima-

2177 5135 2304 5173 navn
2342 5161 2353 5173 .

2177 5135 2353 5174 Πανη.

2211 5188 2545 5317 όὲῗζΛίαν.
2579 5190 2752 5246 Deest
2780 5189 2839 5245 in
2868 5189 3058 5246 tribus
3098 5190 3304 5263 Regg.,
3352 5190 3514 5247 Colb.
3559 5192 3613 5259 3,
3646 5192 3742 5248 Or.
3804 5194 3828 5249 1

2382 5279 2434 5316 ν.

2176 5278 2234 5316 CI.
2264 5278 2434 5316 ΜΘΝ.

2248 5334 2360 5403 (57)
2389 5329 2595 5403 Τᾶλλα.
2629 5332 2908 5389 Nonnulli
2940 5329 3337 5403 mss.,jr§na,
3370 5337 3427 5389 et
3453 5333 3500 5386 τ’
3532 5331 3697 5388 ἅλλα.

2272 5398 2359 5463 58)
2390 5408 2507 5457 Τῶν
2540 5398 2733 5461 ὄντων.
2757 5405 2921 5460 Pass.
2953 5407 3061 5458 τῶν
3088 5400 3296 5459 ἄλλων.
3322 5398 3330 5403 ⁷
3433 5452 3446 5463 .

2272 5476 2363 5540 59)
2396 5478 2719 5548 Ποιμεν-ική.
2745 5478 2907 5533 Colb.
2943 5476 3000 5542 k,
3030 5475 3378 5548 ποιμαινική.

2273 5543 2748 5619 60)-Διὰ’τούτων.
2783 5548 2943 5605 Colb.
2976 5549 3031 5619 3,
3083 5543 3174 5601 διὰ
3225 5543 3405 5606 τοῦτο.
3469 5548 3630 5606 Colb.
3691 5564 3745 5616 a,
3778 5543 3833 5613 4,

2178 5612 2266 5672 8ιᾶ
2293 5612 2513 5677 τούτου.

2249 5407 2267 5617 i
