4148 6290
371 358 486 420 647
1608 344 1676 409 S.
1725 340 2095 408 GREGORII
2140 344 2534 409 THEOLOGI
3655 344 3777 413 618

371 491 612 549 lenitate
642 491 853 544 tectam
885 498 1111 557 sapere,
1156 486 1328 554 atque
1372 481 1443 537 ab
1475 480 1852 553 imperatoria
1883 497 2003 536 ma-

2122 482 2269 533 Αεῖον
2319 479 2716 556 ἠμφιεσμένης,
2748 480 2837 533 καὶ
2885 477 3074 555 πόῤῥω
3108 479 3395 556 βασιλικῆς
3429 479 3774 558 μεγαλοπρε-

371 578 709 654 gniﬁcentia
754 572 956 647 procul
1004 576 1227 628 remota
1272 586 1402 625 esse
1441 568 1727 637 videntur,
1760 584 1884 639 age,
1919 567 2003 623 his

2122 567 2294 639 πείας,
2354 567 2502 645 φέρε,
2552 590 2635 623 σοι
2679 571 3011 642 παραστήσω
3053 571 3143 624 καὶ
3186 572 3251 625 τὰ
3279 571 3486 626 τούτων
3519 570 3596 628 ἔτι
3649 594 3773 649 κερ-

371 653 562 725 adhuc
591 666 875 722 astutiora
926 663 1306 734 proferemus.
1341 660 1487 716 Nam
1519 675 1653 713 cum
1684 657 2003 712 doctrinam

2122 653 2448 733 δαλεώτερα.
2506 658 2676 732 Ὁρῶν
2734 658 2837 734 γὰρ
2888 660 2979 713 τὸν
3046 661 3311 736 ἡμέτερον
3380 658 3548 738 λόγον
3605 664 3772 739 μέγαν

368 762 646 826 nostram,
663 752 1039 825 dogmatibus
1061 751 1297 821 quidem
1321 753 1376 804 et
1395 746 1730 804 coelestibus
1753 748 2012 802 testimo-

370 849 486 905 niis
517 861 795 917 magnam
847 848 903 898 et
949 840 1237 897 excelsam
1270 855 1397 894 esse
1445 838 1820 910 perspiceret,
1851 853 2010 892 eam-

370 939 622 1008 demque
642 938 894 989 veterem
917 929 1093 987 simul
1116 934 1173 985 et
1193 946 1432 996 novam;
1457 932 1728 996 veterem,
1744 926 2011 997 inquam,

370 1029 657 1098 quantum
696 1023 767 1078 ad
816 1019 1245 1094 praedictiones,
1273 1034 1339 1073 ac
1368 1016 1743 1072 subiacentes
1773 1013 2011 1069 deitatis

369 1120 605 1182 motus;
647 1128 857 1168 novam
888 1113 1108 1176 autem,
1143 1108 1366 1163 ratione
1398 1105 1738 1178 posterioris
1769 1103 1870 1159 Dei
1904 1104 2009 1159 ad-

366 1208 596 1274 ventus,
630 1219 696 1258 ac
736 1200 1155 1256 miraculorum
1194 1213 1396 1253 eorum
1453 1212 1581 1267 quae
1628 1199 1753 1251 tum
1806 1210 1874 1249 ex
1920 1209 2007 1261 ea,

367 1298 494 1349 tum
527 1293 681 1348 circa
710 1306 840 1346 eam
871 1289 1176 1360 designata
1212 1289 1390 1353 sunt;
1423 1289 1694 1339 caeterum
1726 1283 2008 1353 majorem

369 1386 427 1438 et
464 1380 847 1453 insigniorem
881 1379 952 1433 ob
992 1374 1257 1432 Ecclesiae
1287 1375 1505 1429 formas
1537 1371 1707 1427 nobis
1739 1371 2009 1440 traditas,

371 1476 549 1544 atque
581 1471 640 1525 in
672 1470 828 1524 hunc
858 1482 1044 1539 usque
1075 1466 1228 1521 diem
1260 1467 1632 1520 conservatas
1661 1478 1672 1516 :
1709 1464 1771 1516 ut
1801 1478 1873 1516 ne
1902 1465 2011 1516 hoc

369 1561 608 1633 quidem
638 1558 827 1631 ipsius
858 1555 1174 1628 malignam
1204 1553 1524 1609 versutiam
1552 1552 1846 1622 effugeret,
1870 1548 2009 1621 quid

371 1648 859 1712 comminiscitur,
918 1649 976 1700 et
1032 1644 1173 1715 quid
1229 1641 1421 1698 facit?
1470 1642 1794 1712 Rapsacem
1842 1638 2009 1695 illum

368 1738 701 1811 Assyrium,
750 1736 849 1807 qui
898 1751 1001 1807 pro
1052 1731 1445 1789 Sennacherib
1475 1729 1842 1802 Assyriorum
1876 1744 2011 1801 rege

365 1827 589 1883 bellum
612 1823 1063 1881 administrabat
1085 1823 1149 1892 πη,
1174 1822 1454 1876 imitatur.
1490 1820 1635 1874 Nam
1662 1834 1795 1873 cum
1820 1817 1916 1873 ille
1950 1817 2006 1871 in

365 1870 589 1883 κυημ...
612 1870 1063 1881 ............,---....-
1136 1870 1149 1892 ,
1174 1870 1453 1876 _.._--_-__-
1490 1870 1635 1874 μὴ---
1669 1870 1685 1873 -
1821 1870 1912 1873 ,_,_

364 1916 626 1972 Judaeum
661 1931 794 1971 cum
817 1912 1071 1969 exercitu
1105 1911 1417 1981 profectus,
1444 1908 1716 1963 maximis
1740 1907 1922 1977 copiis
1953 1912 2009 1962 et
2037 1870 2085 1933 Β

366 2006 587 2061 viribus
609 2003 1067 2075 Hierosolymam
1100 1999 1414 2063 obsideret,
1436 2001 1612 2069 atque
1641 2002 1775 2053 ante
1800 1998 2007 2053 urbem

365 2100 559 2151 castra
590 2094 850 2160 haberet,
874 2108 980 2147 nec
1011 2091 1062 2147 vi
1094 2096 1271 2162 atque
1303 2088 1482 2145 armis
1512 2104 1641 2143 eam
1673 2102 2008 2159 expugnare

363 2188 584 2256 posset,
632 2198 737 2239 nec
788 2182 899 2237 sibi
950 2180 1275 2252 quidquam
1307 2194 1503 2234 rerum
1534 2176 1874 2233 urbicarum
1906 2192 2010 2248 per

364 2272 690 2346 proditores
724 2275 919 2344 patere
946 2268 1210 2337 vidisset,
1234 2267 1463 2323 lenibus
1489 2266 1680 2321 verbis
1712 2282 1776 2321 ac
1806 2282 2009 2321 verna-

365 2363 495 2419 cula
526 2362 728 2434 lingua
757 2360 910 2416 cives
932 2358 1162 2414 allicere
1192 2374 1257 2413 ac
1289 2356 1403 2412 sibi
1431 2355 1740 2411 conciliare
1770 2371 2007 2427 aggres-

366 2470 467 2508 sus
501 2457 609 2507 est.
644 2451 805 2516 Quod
839 2465 973 2505 cum
1005 2448 1229 2504 obsessi
1260 2445 1705 2516 intellexissent,
1750 2445 1859 2500 hoc
1888 2442 2006 2515 pri-

365 2557 529 2596 mum
562 2543 928 2608 recusarunt,
979 2536 1365 2609 postulantes,
1398 2539 1458 2590 ut
1502 2534 1737 2606 Syriaca
1783 2532 2005 2605 lingua,

2123 746 2217 820 μὶν
2265 742 2388 801 ὅντα
2433 752 2546 808 τοῖς
2596 746 2826 823 δόγμασι
2857 748 2945 803 καὶ
2987 754 3107 811 ταῖς
3168 751 3367 806 ἄνωθεν
3430 753 3772 828 μαρτυρίαις,

2116 837 2207 890 τὸν
2265 836 2422 891 αὐτὸν
2482 836 2714 893 παλαιόν
2774 859 2832 893 τε
2881 841 2990 912 (75)
3039 838 3127 894 καί
3177 842 3294 895 νέον
3332 859 3345 873 '
3380 839 3612 897 παλαιὸν
3676 845 3772 917 μὲν

2117 929 2235 987 ταῖς
2311 925 2667 1003 προρρήσεσι,
2745 926 2833 983 καί
2903 934 3018 991 τοῖς
3115 929 3550 1005 ὑπαστράπτουσι
3620 935 3773 1004 κινή-

2122 1035 2248 1087 μασι
2285 1017 2394 1089 (76)
2424 1022 2523 1085 τῆς
2556 1016 2815 1086 θεότητος
2840 1036 2851 1047 ·
2903 1018 3022 1073 νέον
3074 1016 3132 1074 δὲ
3169 1019 3239 1094 τῇ
3266 1017 3550 1094 τελευταίᾳ
3578 1023 3772 1099 θεοφα-

2117 1102 2253 1173 νείᾳ,
2302 1104 2391 1156 καὶ
2438 1109 2554 1166 τοῖς
2600 1103 2659 1159 ἐκ
2708 1103 2911 1176 ταύτης
2960 1126 3019 1160 τε
3049 1107 3138 1161 καὶ
3177 1106 3299 1183 περὶ
3328 1107 3529 1180 ταύτην
3563 1108 3773 1183 θαύμα-

2120 1211 2199 1245 σιν
2228 1210 2239 1221 ·
2271 1188 2349 1245 ἔτι
2381 1189 2437 1246 δὲ
2489 1193 2656 1266 μείζω
2695 1195 2785 1249 καὶ
2832 1197 3255 1272 γνωριμώτερον
3304 1203 3419 1261 τοῖς
3470 1197 3771 1274 παραδεδο-

2123 1278 2328 1353 μένοις,
2378 1280 2466 1336 καὶ
2516 1282 2590 1344 εἰς
2653 1281 2779 1338 τόδε
2815 1287 3210 1361 τετηρημένοις
3262 1287 3455 1351 τύποις
3498 1295 3602 1358 τῆς
3650 1290 3771 1346 Ἐκ-

2117 1368 2387 1439 κλησίας’
2445 1368 2537 1426 ’ίνα
2594 1370 2737 1445 μηδὲ
2800 1379 2959 1429 τοῦτο
3018 1375 3424 1454 ἀκακούργητον
3507 1379 3657 1452 μένῃ,
3716 1378 3771 1435 τί

2122 1464 2455 1533 μηχανᾶται,
2512 1461 2601 1515 καὶ
2657 1462 2710 1516 τί
2767 1469 2951 1533 ποιεῖ;
3012 1471 3271 1539 Μιμεῖται
3346 1467 3614 1541 Ῥαψάκην
3676 1469 3769 1523 τὸν

2119 1547 2402 1621 Ἀσσύριον
2434 1567 2445 1582 ·
2498 1549 2814 1628 ἐστρατήγει
2864 1551 2922 1608 δὲ
2965 1556 3067 1631 ἄρα
3111 1557 3189 1629 τῷ
3242 1555 3456 1634 βασιλεῖ
3481 1563 3590 1614 τῶν
3648 1560 3772 1615 Ἀσ-

2120 1637 2314 1714 συρίςην
2374 1640 2727 1717 Σεναχηρείμ
2786 1646 2924 1717 (77).
2987 1645 3179 1716 Οὗτος,
3229 1645 3444 1718 έπὶτήν
3507 1648 3768 1706 Ἰουδαίαν

2119 1727 2461 1801 στρατεύσας,
2494 1730 2584 1784 καὶ
2631 1729 2855 1805 δυνάμει
2885 1733 3073 1808 πολλῇ
3127 1737 3215 1790 καὶ
3274 1738 3421 1814 χειρὶ
3477 1741 3544 1794 τὰ
3601 1740 3771 1811 Ἰερο-

2118 1816 2333 1890 σόλυμα
2376 1817 2714 1896 πολιορκῶν,
2766 1821 2856 1876 καὶ
2901 1824 2972 1895 τῇ
3024 1823 3185 1879 πόλει
3241 1828 3767 1902 προσκαθεζόμενος,

2117 1904 2303 1976 ἐπειδή
2357 1910 2497 1981 μήτε
2555 1912 2663 1983 (78)
2723 1908 2945 1985 δυνάμει
2976 1916 3418 1988 παραστήσασθαι
3449 1919 3548 1987 τήν
3604 1918 3767 1974 πόλιν

2116 1995 2227 2057 οἶός
2256 2017 2314 2050 τε
2342 1998 2432 2065 ἦν,
2469 2000 2606 2070 μήτε
2633 2021 2684 2054 τι
2715 2004 2821 2055 τῶν
2857 1998 3007 2057 ἔνδον
3046 2003 3193 2077 αὐτῷ
3223 2006 3369 2081 παρὰ
3396 2010 3504 2063 τῶν
3566 2010 3769 2085 προδο-

2114 2089 2218 2138 τῶν
2247 2082 2538 2156 ἐνεδίδοτο,
2572 2085 2758 2164 λόγοις
2790 2089 3019 2166 ἡμέροις
3061 2093 3150 2147 καὶ
3201 2093 3588 2169 ὁμογλώσσοις
3612 2082 3768 2153 γὺπο-

2114 2176 2383 2229 ποιεῖσθαι
2438 2178 2536 2245 τὴν
2596 2178 2758 2234 πόλιν
2822 2178 3111 2257 ἐπιχειρεῖ.
3172 2185 3241 2241 "O
3273 2180 3341 2252 δὴ
3374 2187 3625 2249 συνέντας
3655 2190 3769 2261 (79)

2117 2263 2333 2338 λέγεται
2386 2265 2513 2328 τοὺς
2565 2267 3089 2345 πολιορκουμένους,
3120 2276 3280 2328 τοῦτο
3338 2278 3770 2352 παραιτήσασθαι

2115 2359 2355 2442 πρῶτον,
2390 2356 2611 2431 Συριστὶ
2648 2356 2928 2414 λαλεῖσθαι
2962 2361 3168 2424 αὐτοῖς.
3205 2360 3351 2417 ἀλλὰ
3384 2365 3461 2437 μή
3492 2361 3768 2442 Ἐϐραῖστὶ

2114 2440 2468 2506 κελεύσαντας
2501 2448 2634 2519 (80),
2667 2446 2741 2510 ὡς
2770 2450 2917 2524 τάχα
2946 2449 3003 2505 ἂν
3034 2452 3109 2515 εἰς
3134 2449 3379 2509 δουλείαν
3410 2440 3663 2512 κλαπεῗσι
3690 2454 3770 2529 τῷ

2116 2531 2305 2609 ἣμέρῳ
2334 2542 2432 2603 τῆς
2467 2532 2777 2607 διαλέξεως.

363 2646 480 2684 non
536 2628 839 2695 Hebraica,
898 2626 1073 2683 verba
1129 2626 1202 2681 ad
1248 2625 1409 2696 ipsos
1468 2625 1699 2693 faceret,
1758 2639 1829 2678 ne
1883 2623 2032 2679 forte
2088 2623 2368 2680 orationis
2425 2627 2708 2684 suavitate
2765 2628 2826 2685 in
2877 2631 3222 2688 servitutem
3270 2634 3473 2690 furtim
3532 2635 3768 2691 induci-

360 2722 582 2775 rentur.

432 2808 571 2863 CXI.
605 2808 766 2863 Idem
818 2807 999 2878 igitur
1045 2805 1139 2860 hic
1187 2821 1416 2876 quoque
1455 2804 1741 2876 cogitans,
1772 2801 2005 2859 scholas

363 2889 598 2969 quidem
627 2896 688 2952 in
720 2896 995 2951 omnibus
1018 2894 1374 2959 civitatibus,
1399 2899 1456 2949 et
1486 2893 1759 2961 sacraria,
1783 2890 2006 2948 subsel-

361 2985 575 3059 liaque,
610 2987 821 3057 partim
853 2984 1081 3053 altiora,
1114 2984 1329 3055 partim
1362 2982 1678 3039 humiliora
1708 2986 2005 3039 exstruere

361 3076 624 3147 parabat,
649 3074 1028 3146 profanorum
1060 3073 1238 3128 etiam
1261 3073 1605 3145 dogmatum
1637 3072 1919 3129 lectiones
1948 3074 2007 3127 et

361 3163 780 3236 explicationes
810 3164 1141 3227 instituere,
1165 3166 1285 3217 tam
1318 3179 1445 3233 quae
1477 3178 1670 3218 mores
1701 3177 2009 3232 compone-

360 3256 512 3320 rent,
553 3268 729 3321 quam
778 3268 906 3322 quis
958 3253 1019 3306 in
1066 3251 1496 3307 abstrusiorum
1546 3268 1743 3306 rerum
1795 3255 2005 3306 tracta-

359 3341 519 3395 tione
549 3345 968 3397 versarentur:
1029 3344 1155 3395 tum
1214 3340 1617 3412 precationum
1670 3338 2004 3396 alternatim

357 3431 759 3487 canendarum
807 3431 1078 3499 formam,
1113 3447 1179 3486 ac
1231 3448 1409 3502 poenae
1462 3431 1522 3486 in
1572 3447 1671 3486 eos
1720 3432 1821 3502 qui
1870 3447 2004 3500 pec-

358 3525 581 3590 carent,
626 3538 731 3593 pro
775 3518 967 3576 delicti
999 3520 1171 3574 modo
1199 3520 1624 3575 constituendae
1657 3537 1670 3575 :
1721 3518 2002 3574 initiatio-

356 3626 501 3665 num
529 3610 669 3665 item
693 3614 751 3665 et
772 3607 1166 3681 perfectionis,
1190 3613 1365 3680 atque
1395 3609 1613 3677 omnia,
1643 3624 1772 3678 qua;
1793 3611 2003 3663 nostrae

358 3700 512 3755 haud
562 3699 738 3755 dubie
790 3696 1114 3770 disciplinas
1164 3702 1320 3753 sunt.
1355 3698 1681 3753 Diversoria
1722 3696 1897 3752 etiam
1945 3700 2003 3751 et

353 3788 674 3861 hospitales
721 3788 927 3844 domos
975 3787 1283 3855 aedificare,
1338 3786 1695 3843 monasteria
1750 3787 1888 3841 item
1946 3788 2003 3841 et

350 3879 647 3951 virginum
689 3877 956 3934 coenobia
985 3876 1353 3948 instituebat,
1387 3876 1675 3947 simulque
1706 3876 1857 3931 189
1890 3875 1999 3930 hu-

353 3968 693 4025 manitatem
725 3973 781 4024 et
811 3967 1234 4041 benignitatem
1282 3983 1421 4038 erga
1465 3982 1748 4038 pauperes
1789 3966 1999 4037 adjun-

350 4072 505 4128 gere,
539 4073 673 4111 cum
722 4056 782 4111 in
832 4056 962 4112 aliis
1012 4056 1211 4124 rebus,
1248 4060 1377 4110 tum
1408 4054 1468 4109 in
1500 4052 1999 4110 eommendatitiis

2188 2803 2336 2858 PIA'.
2368 2807 2535 2858 Τοῦτο
2584 2802 2650 2873 δὴ
2700 2806 2789 2861 καὶ
2847 2805 3002 2871 οὗτος
3032 2806 3356 2880 διανοηθεὶς,
3414 2808 3765 2867 διδασκαλεῖα

2118 2891 2213 2963 μὲν
2264 2888 2575 2968 ἱδρύσασθαι
2632 2897 2767 2950 κατὰ
2824 2902 2993 2953 πᾶσαν
3052 2896 3214 2954 πόλιν
3258 2896 3478 2973 ἕτοιμος
3507 2901 3597 2970 ἦν,
3658 2901 3760 2976 βή-

2121 2981 2262 3053 ματά
2315 3004 2373 3037 τε
2423 2983 2511 3037 καὶ
2567 2983 2880 3061 προεδρίας,
2938 2988 3028 3042 καὶ
3087 2985 3356 3066 ὁφεδρίας,
3418 2988 3764 3057 Ἑλληνικῶν

2114 3091 2173 3123 τε
2247 3068 2537 3146 δογμάτων
2616 3076 2942 3150 ἀναγνώσεις
2994 3078 3083 3132 καὶ
3143 3078 3479 3151 ἀναπτύξεις,
3538 3078 3655 3133 ὅσαι
3708 3100 3768 3135 τε

2117 3160 2252 3227 ἦθος
2303 3160 2640 3236 ῥυθμίζουσι,
2700 3166 2789 3219 καὶ
2839 3165 2958 3221 ὅσαι
2988 3174 3086 3237 τῆς
3117 3167 3458 3244 ἐπικρύψεως
3486 3170 3596 3241 (81)
3632 3189 3643 3201 ·
3680 3168 3766 3223 εύ-

2116 3253 2231 3323 χῶν
2288 3270 2347 3304 τε
2400 3250 2566 3306 τύπον
2622 3252 2673 3307 ἐν
2732 3254 2904 3330 μέρει,
2954 3256 3043 3311 καὶ
3073 3263 3173 3327 τῆς
3201 3261 3308 3313 τῶν
3347 3257 3763 3334 ἁμαρτανόντων

2114 3340 2249 3392 κατά
2308 3340 2502 3416 μέτρον
2559 3341 2923 3416 ἐπιτιμήσεως
2980 3347 3138 3420 (82)·
3198 3345 3529 3423 προτελείων
3563 3369 3621 3403 τε
3654 3349 3763 3421 (83)

2113 3426 2202 3480 καὶ
2259 3427 2614 3499 τελειώσεως,
2673 3433 2761 3486 καὶ
2820 3432 2916 3487 ὅσα
2971 3441 3071 3505 τῆς
3116 3436 3387 3513 ἡμετέρας
3416 3442 3597 3515 σαφῶς
3627 3437 3765 3492 ἐστιν

2114 3515 2383 3587 ειῖταξίας·
2445 3516 2521 3575 ἔτι
2582 3518 2638 3575 δὲ
2693 3524 3004 3600 καταγώγια
3057 3525 3322 3597 πήξασθαι
3380 3527 3468 3581 καὶ
3512 3528 3762 3600 ξενῶνας,

2112 3604 2436 3683 ἆγνευτήριά
2490 3630 2547 3664 τε
2604 3612 2717 3685 (84)
2756 3613 2845 3666 καὶ
2875 3618 3242 3689 παρθενῶνας,
3294 3614 3383 3671 καὶ
3441 3619 3763 3695 φροντιστή-

2113 3714 2222 3769 ρια,
2280 3697 2369 3750 καὶ
2428 3700 2525 3768 τήν
2562 3699 2638 3762 εἰς
2688 3701 2814 3763 τοὺς
2848 3698 3138 3776 δεομένους
3168 3702 3602 3782 φιλανθρωπίαν,
3659 3708 3759 3777 τήν

2108 3804 2168 3839 τε
2214 3781 2391 3856 ἄλλην
2445 3787 2641 3863 ὁπόση,
2674 3788 2762 3844 καὶ
2793 3792 2891 3860 τήν
2926 3790 2977 3844 ἐν
3008 3798 3124 3855 τοῖς
3157 3781 3592 3868 ἐπιστολιμαίοις
3648 3798 3762 3869 (85)

2109 3875 2460 3947 συνθήμασιν,
2493 3878 2575 3940 οἷς
2618 3881 2781 3952 ἡμεῖς
2831 3879 2881 3950 ἐξ
2926 3878 3109 3943 ἔθνους
3167 3882 3243 3945 είς
3276 3881 3427 3947 ἔθνος
3457 3884 3584 3947 τοὺς
3614 3884 3758 3961 χρῄ-

2112 3966 2299 4030 ζοντας
2329 3968 2765 4042 παραπέμπομεν
2791 3986 2804 4001 ⁸
2839 3968 2872 4025 ἃ
2930 3967 2996 4041 δὴ
3028 3971 3117 4027 καὶ
3165 3971 3402 4047 μάλιστα
3454 3978 3563 4030 τῶν
3619 3977 3760 4049 ἡμε-

2104 4052 2277 4127 τέρων
2306 4054 2422 4129 εἶχε
2452 4067 2549 4119 θαυ
2558 4057 2750 4130 μάσας.

350 4143 613 4216 epistolis
642 4144 840 4211 sitam,
872 4144 1091 4216 quibus
1121 4161 1241 4213 eos,
1276 4144 1377 4215 qui
1410 4144 1609 4215 inopia
1637 4148 2006 4216 premuntur,
2048 4158 2117 4198 ex
2153 4148 2326 4215 gente
2357 4147 2429 4202 ad
2461 4152 2691 4220 gentem
2738 4150 3201 4210 transmittimus
3241 4171 3255 4210 :
3315 4170 3444 4227 qua
3493 4155 3765 4215 videlicet

348 4233 446 4289 ille
479 4234 537 4287 in
569 4232 784 4289 nostris
816 4236 992 4289 rebus
1022 4232 1347 4304 praesertim
1376 4233 1705 4288 admiratus
1736 4233 1945 4289 fuerat.

421 4321 580 4378 CXII.
612 4325 802 4393 Atque
831 4322 954 4377 haec
986 4320 1223 4391 quidem
1256 4336 1439 4375 novus
1470 4320 1582 4376 iste
1610 4322 1994 4393 dogmatistes
2022 4322 2072 4389 D

348 4415 407 4468 et
454 4411 721 4483 sophista
768 4410 827 4467 in
874 4410 1070 4467 animo
1109 4408 1381 4465 habebat.
1414 4408 1575 4474 Quod
1608 4414 1805 4468 autem
1836 4411 1996 4470 illius

348 4509 591 4557 conatus
615 4500 810 4557 inanis
833 4504 890 4555 et
921 4498 1124 4555 irritus
1147 4499 1343 4568 fuerit,
1366 4498 1727 4572 minimeque
1757 4502 1815 4557 in
1849 4518 1994 4575 opus

418 4626 463 4661 ⁵²
490 4626 565 4682 IV
595 4625 735 4697 Reg.
766 4640 928 4694 xvm,
957 4625 1049 4680 28.

415 4760 525 4834 (75)
556 4756 796 4834 Παλαιόν
818 4778 907 4834 τε.)
932 4760 1071 4834 Reg.
1108 4759 1147 4828 Ι,
1181 4759 1365 4834 addit,
1397 4759 1560 4833 ὁμοῦ,
1592 4783 1620 4811 ι(
1656 4762 1854 4819 simul.
1889 4786 1918 4813 »

414 4832 528 4905 (76')
559 4832 851 4905 Κινήμασι.
888 4832 981 4888 Sic
1012 4849 1215 4888 omnes
1246 4833 1317 4887 ad
1352 4834 1824 4905 unum_codices.
1883 4836 1986 4893 Ed.

347 4903 805 4979 Paris.v6npaaz_.
841 4908 1016 4979 Porro
1053 4908 1307 4979 «motus
1342 4926 1369 4953 ››
1403 4903 1656 4979 appellat
1683 4906 1997 4979 Gregorius

346 4977 715 5050 transitorias
768 4976 869 5050 Dei
906 4976 1324 5050 apparitiones,
1375 4976 1495 5031 sive
1538 4992 1641 5047 per
1687 4976 1991 5050 miracula,

344 5049 466 5128 sive
512 5049 913 5128 p_er_speciem
947 5047 1509 5128 ioculismobjectam,
1557 5064 1705 5128 quas
1754 5047 1996 5122 opponit

340 5118 645 5192 posteriori
689 5118 745 5172 in
778 5135 970 5192 carne,
1005 5136 1107 5192 seu
1141 5118 1354 5173 Christi
1386 5119 1679 5192 adventui.

413 5192 524 5263 (77)
559 5190 925 5263 Σεναχηρείμ.
956 5190 1091 5256 Alii,
1123 5187 1515 5263 Σανναχηρείν.

410 5258 521 5332 (78)
550 5258 791 5333 Ἐπείήῆ
816 5258 969 5333 μήτε.
1004 5266 1139 5333 Mss.
1175 5258 1579 5333 com-munitis:
1610 5258 1725 5333 ἐπεὶ
1760 5262 1918 5332 μήτε*

409 5334 522 5406 (79)
554 5331 839 5395 Συνένταςή.
901 5334 1076 5406 Regg.
1127 5332 1229 5400 hu,
1283 5351 1340 5403 q,
1389 5331 1519 5386 Ald.
1563 5336 1617 5386 et
1668 5332 1834 5389 Herv.
1869 5354 1991 5387 συν-

594 5474 1017 5549 Κελεύσανταςη
1067 5479 1155 5549 Ita
1236 5473 1371 5528 libri
1454 5489 1658 5549 oAmnes
1736 5476 1879 5533 editi
1934 5482 1991 5534 et

336 5543 564 5619 scripti.
595 5550 699 5603 Ed.
750 5548 875 5603 Par.
909 5543 1368 5604 κινδυνεύσαντας.
1410 5566 1431 5595 ι
1468 5545 1629 5608 Quod
1662 5548 1987 5617 periculum

336 5625 510 5673 esset.
542 5637 568 5669 ι)

403 5636 510 5673 86L.
542 5637 568 5669 η

403 5636 428 5672 s
468 5636 510 5673 ι.
542 5637 568 5669 ι)

334 5636 946 5767 88(ἕ1)Ἒπικούψεως.
980 5715 1007 5741 ‹‹
1066 5693 1204 5762 Quae
1235 5692 1375 5747 sunt
1431 5686 1723 5760 allegorici
1775 5708 1986 5751 sensus

2183 4324 2329 4381 PIB'.
2361 4329 2535 4381 Ταῦτα
2568 4324 2825 4383 διενοεῖτο
2858 4330 2964 4403 (86)
3001 4330 3095 4403 μὲν
3125 4329 3154 4384 ὁ
3184 4331 3367 4394 καινὸς
3391 4327 3764 4408 δογματιστής

2103 4437 2163 4472 τε
2191 4416 2281 4472 καὶ
2339 4418 2600 4495 σοφιστής
2623 4436 2636 4451 ·
2704 4418 2779 4491 μὴ
2838 4414 3062 4489 ἐπιτελῆ
3094 4416 3151 4473 δὲ
3180 4421 3448 4495 γενέσθαι,
3483 4419 3627 4496 μηδὲ
3682 4422 3761 4486 εἰς

2101 4502 2258 4581 ἔργον
2310 4506 2543 4581 ἀχθῆναι
2588 4509 2687 4561 τοῦ
2732 4503 2924 4587 ἀνδρδς
2952 4508 3052 4577 τὴν
3079 4507 3417 4586 ἐγχείρησιν,
3477 4510 3577 4567 ούκ
3632 4509 3758 4584 οἷδ’,

2101 4783 2169 4823 ac
2201 4771 2453 4839 mystici.
2489 4790 2519 4817 ››

2171 4838 2277 4910 (82)
2314 4838 2735 4921 Ἐπιτιμήσεως.
2768 4839 2894 4899 Non
2924 4841 3073 4898 bene
3104 4840 3330 4921 Billius,
3356 4868 3388 4921 «_
3416 4840 3753 4921 supplicii,»

2106 4925 2232 4979 quae
2264 4927 2370 4988 vox
2401 4912 2621 4988 durior.
2653 4927 2758 4966 nec
2788 4929 3050 4984 unquam
3088 4914 3303 4972 usitata
3335 4918 3432 4973 ubi
3464 4912 3759 4988 depumis

2105 4981 2347 5036 canonis
2379 4982 2589 5052 agitur.

2174 5053 2286 5125 (83)
2314 5052 2655 5127 ᾘροτεΛείων
2687 5073 2761 5109 τε.
2805 5054 2898 5111 Sic
2930 5071 3133 5111 omnes
3186 5072 3355 5127 mss.,
3392 5083 3420 5109 ‹‹
3472 5058 3758 5127 initiatio-

2105 5142 2253 5199 num
2270 5124 2429 5199 ritus
2458 5132 2515 5180 et
2553 5127 2942 5199 perfectionis.
2977 5148 3005 5178 »
3041 5129 3147 5184 Ed.
3187 5124 3520 5199 προτελείων
3554 5126 3631 5187 δέ.

2173 5196 2284 5274 (84)
2316 5196 2672 5274 ’ᾼγνευτήριά
2703 5219 2779 5268 τε,
2817 5204 2934 5274 etc.
2968 5199 3170 5274 Comb,
3208 5196 3237 5251 (ἑ
3262 5201 3562 5274 Religiosae
3595 5220 3758 5259 exer-

2102 5267 2401 5347 citationis
2438 5267 2615 5347 extra
2658 5267 2855 5326 saeculi
2896 5272 3108 5347 turbas
3157 5271 3283 5329 loca
3330 5267 3754 5347 et'gymnasia,

2100 5340 2389 5395 castitatis
2420 5344 2696 5467 puraeque
2728 5342 2943 5398 mentis
2973 5342 3261 5413 palaestra.
3297 5366 3326 5394 »

2172 5412 2282 5467 (85)
2315 5411 2400 5466 Ἐν
2432 5431 2548 5467 τοις
2620 5410 3054 5467 πιστολιμαίοις.
3086 5414 3292 5467 Vulgo-

2172 5412 2282 5535 (3:)
2315 5411 2400 5533 ’ἐῢν
2424 5410 2548 5474 τοῖς
2592 5410 3054 5485 ἐπιστολιμαίοίς.
3086 5414 3293 5488 Vulgo,
3331 5439 3359 5468 ‹‹
3391 5415 3601 5474 litterae
3631 5418 3752 5474 for-

2100 5496 2289 5536 maiae.
2324 5504 2351 5533 ››

2169 5552 2281 5623 (86)
2307 5558 2595 5610 Διενοεῖτο.
2630 5560 2759 5612 Haec
2792 5555 2849 5610 in
2873 5557 3069 5612 animo
3099 5557 3377 5617 habuisse
3406 5564 3753 5623 Apostatam

2103 5625 2318 5706 scribit.
2341 5627 2658 5706 probatque
2688 5628 3211 5706 Sozomenus,_lih._
3233 5647 3287 5698 v,
3319 5649 3368 5688 ο.
3405 5625 3491 5699 13,
3527 5633 3755 5706 prolata

2102 5693 2320 5752 Juliani
2341 5693 2539 5771 ipsius
2561 5693 2639 5755 ad
2670 5700 2977 5760 Arsacium
3007 5693 3273 5775 epistola.
