4148 6290
351 306 472 375 649

1345 305 1635 376 ORATIO
1680 311 1785 376 IV.
1817 347 1898 360 —
1927 311 2236 375 CONTRA
2285 313 2682 376 JULIANUM
2725 312 2776 374 Ῑ.

3649 313 3770 374 650

350 442 456 500 είίτε
484 445 621 515 ἡμῖν
656 440 871 518 κὲρδος,
903 447 1019 505 τοῖς
1053 442 1252 498 ἐκείνου
1279 466 1337 498 τε
1377 447 1488 515 (87)
1517 444 1603 498 καὶ
1653 449 1760 500 τῶν
1811 445 2004 499 ἐκείνοι

2131 447 2428 517 prodierit,
2462 449 2817 505 constituere
2847 462 3088 516 nequeo,
3132 463 3272 504 num
3313 450 3372 506 id
3405 449 3572 506 nobis
3606 447 3769 504 lucro

349 540 540 598 θᾶττον
571 529 1051 606 ἀπηλλαγμένοις,
1087 533 1192 587 εἴτε
1222 538 1299 605 τῷ
1330 531 1651 609 προελθόντι
1703 533 1865 609 μέχρι
1911 541 2008 602 τῆς

350 622 680 699 ὀνειρώξεως
707 639 720 652 ·
756 617 976 696 ἐδείχθη
1015 622 1120 698 γὰρ
1155 622 1214 676 ἂν
1264 620 1386 676 τίνα
1436 624 1530 695 μὲν
1582 621 1878 697 ἀνθρώπων
1930 644 2008 676 κι-

346 715 584 784 νήματα,
615 709 735 764 τίνα
766 707 823 764 δὲ
854 713 1111 782 πιθηκωο
1151 714 1467 785 μιμήματα.
1525 711 1674 768 Ἐπεὶ
1721 712 1811 766 καὶ
1858 712 2005 766 νῦτοι

353 802 629 874 μιμεῖσθαι
688 802 803 873 (88)
863 799 956 873 μὲν
1021 799 1265 875 λέγονται
1327 805 1433 854 τῶν
1496 799 1844 875 ἀνθρωπίνων
1889 798 2009 852 τινὰ

361 887 768 962 δελεασμάτων,
846 889 1191 964 κακοτέχνως
1273 888 1676 964 προτιθεμένων
1710 911 1720 923 ·
1790 887 2007 950 τούτοις

354 981 536 1053 μέντοι
592 976 681 1032 καί
733 977 1070 1048 ἁλίσκονται,
1121 979 1195 1051 μή
1243 975 1542 1051 δυναμένης
1591 976 1848 1047 ἐξικέσθαι
1898 980 2004 1050 (9)

348 1072 446 1124 τοῦ
475 1068 752 1142 ἡμετέρου
800 1071 968 1143 σοφοῦ
994 1073 1094 1136 τῆς
1130 1069 1436 1140 μιμήσεως.
1497 1066 1575 1122 Οὔ
1628 1067 1732 1142 γὰρ
1791 1065 2004 1140 μᾶλλον

344 1157 514 1219 ’ίππος
561 1155 862 1226 Θεσσαλική
923 1158 1058 1230 (90),
1114 1155 1204 1210 καὶ
1253 1157 1384 1231 γυνὴ
1449 1153 1866 1228 Λακεδαιμονία,
1917 1157 2006 1210 καὶ

353 1244 540 1321 ἄνδρες
600 1247 652 1300 οἱ
701 1252 802 1315 τῆς
859 1244 1192 1321 Ἀρεθούσης
1240 1245 1504 1316 πίνοντες,
1569 1245 1680 1300 οἷον
1728 1242 1796 1313 δὴ
1860 1244 2006 1320 λέγω

353 1335 706 1406 Σικελιώτας,
758 1335 834 1395 ὡς
895 1335 923 1387 ὁ
976 1334 1100 1409 περὶ
1151 1333 1325 1388 αὐτῶν
1380 1334 1657 1411 χρησμὸς,
1716 1335 1778 1387 τὸ
1827 1330 2005 1406 ἔκκρι-

349 1447 440 1480 τον
499 1426 610 1497 (91)
670 1426 777 1476 τῶν
825 1424 1109 1499 ὁμογενῶν
1156 1421 1397 1498 ἔχουσιν,
1548 1428 1896 1496 Χριπιανοῖς
1941 1425 2009 1478 τὰ

346 1517 569 1568 τοιαῦτα
599 1509 692 1582 ἔθη
721 1533 780 1566 τε
805 1511 893 1565 καὶ
926 1514 1352 1585 νομοθετήματα
1389 1516 1495 1566 τῶν
1546 1509 2006 1586 πρεπωδεστάτων

354 1606 466 1676 (92)
498 1601 630 1657 ἐστι·
665 1600 755 1655 καὶ
787 1601 875 1655 οἷά
902 1601 989 1655 ὑπ’
1020 1598 1240 1664 οὐδενὸς
1273 1601 1331 1655 ἂν
1366 1598 1542 1656 ἄλλου
1568 1599 1883 1672 ζηλωθὲντα
1899 1605 2007 1657 τῶν

352 1693 489 1764 ἡμῖν
530 1686 744 1745 ἔπεσθαι
809 1689 1198 1764 βουλομένωνο
1264 1687 1450 1759 ἐπειδή
1517 1691 1591 1763 μὴ
1648 1690 2006 1766 ἀνθρωπίναις

1273 888 1676 964 προτιθεμένων
1710 911 1720 923 ·

2117 542 2291 609 atque
2323 539 2560 595 utilitati
2592 539 2995 610 deputandum
3027 537 3129 608 sit,
3161 539 3378 613 quippe
3411 541 3535 614 qui,
3576 545 3633 596 et
3660 537 3761 594 illo

2117 631 2173 680 et
2196 626 2355 684 illius
2377 629 2698 684 sceleribus
2721 627 2895 683 citius
2916 627 3177 684 defuncti
3210 630 3394 686 simus
3422 648 3435 698 ;
3469 647 3541 684 an
3565 632 3769 686 contra

2116 714 2224 784 illi,
2254 717 2352 788 qui
2386 735 2501 774 non
2535 717 2692 774 ultra
2723 717 3095 790 cogitationis
3126 721 3429 776 somnium
3471 735 3768 791 processe-

2119 805 2213 860 rit.
2246 806 2486 877 Liquido
2519 807 2675 862 enim
2707 807 2994 878 patuisset
3025 808 3268 879 quinam
3298 808 3608 865 hominum
3644 823 3768 862 mo-

2114 897 2235 963 tus,
2256 901 2312 951 et
2335 913 2602 967 quaenam
2627 897 2936 952 simiarum
2963 896 3322 954 imitationes
3343 898 3480 954 sint.
3507 899 3654 956 Nam
3677 895 3766 952 he

2116 999 2350 1056 quoque
2379 984 2638 1042 humana
2669 986 2959 1057 quaedam,
3011 985 3298 1042 illecebris
3347 988 3504 1043 vafre
3554 1001 3763 1059 propo-

2116 1073 2270 1141 sitis,
2313 1073 2532 1130 imitari
2584 1075 2909 1144 dicuntur;
2958 1091 3161 1131 verum
3215 1093 3319 1148 per
3364 1076 3486 1132 haec
3533 1087 3768 1147 quoque

2115 1161 2245 1234 ipsa
2268 1163 2622 1236 produntur,
2647 1165 2801 1236 quod
2833 1164 3130 1221 solertiam
3156 1169 3420 1221 nostram
3442 1163 3770 1220 imitatione

2117 1251 2353 1323 assequi
2377 1269 2494 1308 non
2517 1256 2784 1326 possunt.
2811 1253 3010 1325 Neque
3033 1253 3189 1310 enim
3214 1253 3403 1325 magis
3424 1270 3575 1326 equa
3593 1252 3772 1309 Thes-

2118 1339 2265 1408 sala,
2315 1345 2372 1396 et
2419 1341 2629 1397 mulier
2679 1343 2937 1410 Lacaana,
2985 1347 3042 1398 et
3080 1342 3187 1398 viri
3219 1342 3520 1399 Arethusae
3552 1358 3767 1414 aquam

2118 1429 2404 1496 bibentes,
2457 1431 2564 1486 hoc
2613 1435 2720 1500 est,
2773 1431 2976 1501 Siculi,
3032 1436 3094 1487 ut
3124 1433 3235 1487 fert
3266 1431 3490 1489 editum
3521 1432 3593 1488 de
3621 1431 3772 1504 ipsis

2119 1519 2446 1586 oraculum,
2471 1519 2798 1592 principem
2821 1521 2974 1578 inter
2994 1538 3115 1592 eos,
3131 1521 3231 1593 qui
3254 1521 3517 1591 ejusdem
3539 1521 3774 1593 generis

2119 1611 2282 1674 sunt,
2334 1607 2570 1664 laudem
2621 1609 2911 1682 obtinent,
2955 1627 3132 1682 quam
3163 1610 3506 1681 hujusmodi
3538 1609 3689 1666 ritus
3716 1613 3774 1666 et

2121 1697 2451 1754 sanctiones
2482 1697 2830 1755 Christianis
2857 1699 3162 1772 aptissime
3192 1704 3561 1771 congruunt:
3595 1697 3771 1755 tales-

352 1779 616 1842 ἐπινοίαις
669 1781 783 1852 (93)
845 1777 1056 1852 μᾶλλον
1094 1781 1128 1849 ἦ
1158 1778 1272 1851 θείᾳ
1303 1777 1525 1852 δυνάμει
1558 1779 1646 1833 καὶ
1680 1779 1883 1855 χρόνου
1919 1781 2004 1855 βε-

2127 1803 2232 1857 que
2262 1791 2424 1854 sunt,
2451 1791 2513 1842 ut
2544 1787 2748 1844 nullus
2779 1805 2983 1844 eorum
3017 1788 3119 1862 qui
3148 1787 3410 1860 vestigiis
3445 1786 3659 1843 nostris
3689 1788 3778 1843 in-

353 1865 603 1941 6αιότητι
634 1869 702 1923 τὰ
729 1873 952 1924 τοιαῦτα
982 1871 1095 1942 (94)
1126 1868 1422 1939 νενίκηκεν,

2116 1875 2323 1932 sistere
2344 1877 2606 1948 cupiunt,
2630 1893 2728 1932 eas
2756 1876 3014 1932 aemulari
3038 1879 3224 1950 possit
3248 1894 3260 1932 :
3291 1875 3768 1948 quandoquidem

356 1981 469 2021 non
521 1963 711 2036 magis
769 1963 1044 2020 humanis
1105 1960 1360 2032 ingeniis
1412 1965 1586 2032 atque
1641 1960 2100 2031 inventionibus,
2156 1982 2334 2038 quam
2391 1967 2446 2022 vi
2505 1966 2701 2023 divina
2749 1967 3149 2040 temporisque
3196 1970 3470 2026 firmitate
3512 1968 3772 2042 vigorem

354 2056 578 2127 adepta
609 2057 770 2111 sunt.

424 2143 565 2200 PII".
611 2137 778 2198 Οὐδὲν
823 2137 880 2193 δὲ
923 2139 1034 2192 οἷον
1085 2137 1174 2192 καὶ
1224 2138 1323 2206 τήν
1357 2137 1650 2210 θαυμασίαν
1681 2141 1786 2212 (95)
1836 2140 2010 2196 αὐτῶν

348 2229 546 2302 ταύτην
597 2229 897 2284 ἀνάπλασιν
1102 2229 1136 2295 ἢ
1169 2224 1498 2300 μετάπλασιν
1553 2227 1628 2289 ὡς
1661 2227 1749 2281 ἐπὶ
1803 2237 2010 2299 σκηνῆς

353 2323 622 2398 θεωρῆσαι
671 2318 760 2374 καὶ
809 2319 1136 2390 καταμαθεῖν
1189 2319 1325 2389 (97),
1361 2315 1443 2378 τίς
1479 2317 1572 2389 μὲν
1604 2316 1661 2370 ἃν
1713 2318 1778 2386 ἧν
1837 2321 1950 2390 (98)
1981 2320 2009 2373 ὁ

347 2417 446 2480 τῆς
477 2407 826 2470 διδασκαλίας
857 2406 1060 2482 τρόπος
1091 2404 1350 2471 αὐτοῖςπί
1383 2403 1440 2459 δὲ
1470 2407 1530 2460 τὸ
1562 2407 1727 2482 πέρας
1757 2411 1864 2460 τῶν
1895 2429 2009 2462 συν-

356 2499 640 2556 ελεύσεων·
671 2496 766 2569 ἵν’,
801 2496 830 2551 ὅ
862 2518 994 2575 φησι
1025 2493 1252 2550 Πλάτων
1285 2495 1408 2570 περὶ
1447 2502 1548 2564 τῆς
1601 2494 1650 2549 ἐν
1703 2495 1851 2572 λόγῳ
1909 2497 2008 2552 πό-

354 2587 516 2661 λεως,
578 2585 781 2660 ,ἴδωμεν
836 2584 1158 2658 κινουμένην
1214 2586 1329 2657 (99)
1378 2584 1553 2639 αὐτῶν
1611 2587 1708 2654 τήν
1746 2585 2006 2644 ἐπίνοιαν.

353 2679 442 2740 Εἰς
509 2675 604 2732 ’δύο
653 2677 755 2752 γὰρ
804 2680 971 2729 ταῦτα
1028 2672 1367 2749 διῃρημένης
1426 2675 1601 2742 πάσης
1663 2674 2005 2753 φιλοσοφίας,

353 2767 579 2844 θεωρίαν
627 2787 686 2822 τε
733 2763 880 2840 λέγω
928 2764 1017 2818 καὶ
1065 2764 1292 2838 πρᾶξιν·
1323 2761 1542 2834 καῖτῆς
1592 2764 1684 2834 μὲν
1739 2763 2006 2838 ὑψηλοτὲ-

354 2877 450 2932 ρας
505 2856 694 2927 οὔσης,
742 2850 1142 2927 δυστεκμάρτου
1221 2849 1277 2906 δέ
1310 2871 1323 2885 ⁸
1399 2859 1499 2922 τῆς
1575 2850 1631 2906 δὲ
1703 2856 2009 2909 ταπεινοτέ-

354 2965 449 3020 ρας
487 2947 596 3019 (1),
645 2942 1070 3022 ’χρησιμωτέρας
1131 2939 1223 2996 δὲ·
1284 2945 1419 3014 ἡμῖν
1476 2941 1568 3014 μὲν
1602 2942 1881 3019 ἀμφότερα
1938 2941 2005 2997 δι’

357 3032 623 3103 ἀλλήλων
678 3030 989 3106 εὐδοκιμεῖ·
1054 3031 1143 3086 καὶ
1207 3031 1307 3107 γὰρ
1379 3031 1606 3106 θεωρίαν
1673 3031 2008 3106 συνέκδημον

356 3122 492 3198 πρὸς
548 3121 616 3176 τὰ
662 3119 855 3176 ἐκεῖθεν
903 3123 979 3195 (2)
1029 3117 1352 3193 ποιούμεθα,
1406 3118 1495 3173 καὶ
1544 3122 1732 3194 πρᾶξιν
1779 3121 2006 3196 θεωρίας

2193 2145 2379 2200 CXIII.
2432 2144 2550 2200 Nec
2601 2162 2734 2202 vero
2785 2145 3110 2217 quidquam
3160 2148 3527 2204 commodius
3577 2147 3773 2219 fuerit,

2121 2251 2296 2305 quam
2329 2234 2740 2290 admirandam
2773 2235 2926 2291 hanc
2957 2252 3158 2292 eorum
3191 2236 3506 2306 ﬁctionem,
3538 2236 3626 2293 vel
3670 2254 3772 2309 po-

2121 2323 2240 2378 tius
2288 2323 2776 2392 transﬁctionem,
2820 2327 3104 2395 tanquam
3149 2325 3209 2380 in
3261 2342 3436 2381 scena
3487 2328 3770 2398 spectare,

2120 2417 2292 2483 atque
2324 2428 2697 2484 cognoscam,
2730 2418 2856 2468 tum
2911 2430 3040 2484 quea
3087 2413 3349 2486 ipsorum
3398 2415 3458 2470 in
3510 2415 3768 2472 docendo

2121 2501 2292 2570 ratio,
2318 2505 2444 2556 tum
2468 2501 2598 2572 quis
2622 2505 3015 2557 conventuum
3039 2503 3174 2558 finis
3197 2508 3390 2560 esset:
3415 2509 3498 2574 ut,
3525 2504 3679 2576 quod
3701 2503 3773 2561 de

2120 2589 2350 2646 civitate
2383 2589 2484 2646 illa
2518 2591 2574 2644 in
2606 2589 2800 2646 verbis
2829 2590 2945 2647 sita
2983 2591 3147 2648 Plato
3180 2592 3391 2664 inquit,
3433 2602 3587 2649 motu
3616 2594 3771 2650 140

2114 2679 2417 2751 praeditum
2448 2697 2651 2735 eorum
2684 2679 2996 2736 consilium
3039 2680 3417 2753 aspiciamus.
3453 2682 3598 2739 Nam
3631 2698 3767 2738 cum

2117 2772 2242 2822 tota
2263 2767 2636 2840 philosophia
2665 2768 2724 2822 in
2747 2768 2895 2824 duas
2926 2773 3141 2842 partes,
3164 2770 3272 2825 hoc
3295 2775 3403 2840 est,
3422 2770 3482 2825 in
3513 2775 3772 2827 contem-

2116 2857 2432 2928 plationcm
2484 2861 2540 2912 et
2588 2857 2900 2927 actionem,
2935 2857 3119 2915 divisa
3147 2861 3224 2914 sit
3253 2877 3265 2926 ;
3302 2877 3552 2931 quarum
3584 2859 3768 2916 altera

2117 2951 2182 3002 ut
2202 2945 2534 3014 sublimior,
2557 2945 2640 3002 ita
2663 2945 2988 3017 difﬁcilior;
3018 2947 3202 3005 altera
3222 2948 3501 3005 humilior
3521 2949 3762 3021 quidem

2119 3039 2293 3106 atque
2341 3034 2641 3106 abjectior,
2683 3039 2956 3091 caeterum
3009 3037 3400 3105 fructuosior;
3450 3038 3605 3110 apud
3656 3054 3763 3095 nos

2121 3128 2366 3194 utraque
2414 3123 2654 3179 alterius
2706 3140 2813 3195 ope
2863 3129 3036 3196 atque
3087 3125 3426 3196 adjumento
3473 3126 3660 3183 ﬂoret.
3696 3125 3766 3182 Ut

423 3250 537 3330 (87)
570 3246 803 3304 Ἐκείνου
835 3268 912 3303 τε.
941 3249 1034 3304 Sic
1067 3247 1331 3320 plerique
1361 3247 1612 3303 codices.
1655 3249 1826 3304 Deest
1851 3268 1910 3301 τε
1939 3249 1999 3304 in
2031 3251 2074 3318 C
2112 3249 2232 3330 haec
2288 3264 2519 3330 quoque
2570 3247 2800 3330 (simiae)
2848 3248 3138 3330 humanas
3168 3254 3474 3330 quasdam
3507 3253 3765 3330 actiones

348 3323 488 3378 edit.

420 3392 534 3464 (88)
567 3393 893 3464 Μιμεῖσθαι,
928 3391 1090 3464 Pass.
1125 3389 1343 3464 aliique
1400 3389 1691 3464 nonnulli,
1724 3408 1831 3464 σχη
1846 3388 2006 3464 μοιτί-ς

352 3461 552 3532 ζεάθαι.
605 3461 792 3520 Lecus
839 3462 1116 3529 difficilis,
1168 3461 1364 3532 inquit
1432 3461 1853 3534 Montacutiu‘s,
1906 3462 2004 3534 qui

349 3553 455 3591 nec
484 3536 620 3591 Elia:
655 3552 758 3591 nec
791 3534 944 3590 Billii
984 3535 1190 3605 probat
1219 3533 2004 3601 interpretationem.Verum

350 3607 574 3663 fallitur
602 3607 1018 3676 Montacutius,
1041 3607 1180 3661 dum
1201 3605 1716 3676 putatGregorium
1733 3605 2004 3662 allusisse

350 3680 423 3734 ad
457 3679 791 3746 Historiam,
827 3679 897 3733 de
927 3695 1043 3748 qua
1071 3682 1371 3748 Nyssenus
1411 3677 1470 3732 in
1527 3679 1644 3733 Vita
1690 3679 1885 3747 Moysi:
1933 3679 2004 3733 de

349 3751 728 3823 simiisiregis
756 3751 1178 3823 Egyptiorum.
1218 3749 1471 3823 Historia
1501 3765 1755 3819 namque
1785 3750 1856 3823 de
1887 3767 2004 3819 qua

349 3822 446 3877 hic
476 3820 692 3894 agitur,
750 3820 959 3877 εει-εει
1013 3821 1084 3875 de
1141 3837 1252 3894 qua
1292 3820 1612 3891 Nyssenus,
1646 3837 1758 3874 non
1792 3822 1852 3874 in
1887 3823 2004 3877 Vita

348 3893 586 3966 Aloysi's,
616 3895 716 3949 sed
756 3894 821 3966 in
873 3896 1123 3948 tractatu
1183 3893 1258 3946 De
1294 3894 1545 3966 nomine
1575 3896 1627 3966 et
1663 3894 2005 3966 professione

350 3964 670 4022 Christiana
697 3964 769 4020 ad
798 3966 1187 4036 Harmoniam,
1209 3967 1252 4018 t.
1290 3964 1386 4031 Ill,
1422 3980 1491 4036 p.
1523 3965 1628 4036 268
1658 3968 1714 4036 et
1743 3964 1867 4036 269,
1903 3964 2000 4018 ubi

351 4054 467 4092 non
491 4039 561 4093 de
583 4037 770 4093 simiis
793 4037 947 4107 regis
963 4034 1388 4107 [Egypti_orum,
1404 4034 1502 4107 sed
1528 4035 1598 4107 de
1621 4034 1791 4107 simia
1824 4035 2004 4090 circu-

348 4108 553 4164 latoris
584 4105 895 4180 cujusdam
927 4111 983 4162 et
1010 4105 1452 4180 p’r'aestigiatoris
1482 4105 1914 4161 Alexandrini.«
1950 4107 2002 4162 ls

349 4178 684 4249 circulator,
716 4203 744 4231 »
779 4184 846 4234 ut
875 4183 1074 4234 narrat
1103 4178 1424 4249 Nyssenus,
1476 4200 1504 4226 ‹‹
1555 4184 1890 4234 exercuerat
1935 4195 2001 4234 ac

349 4253 630 4308 docuerat
658 4251 988 4316 simiam,ut
1016 4249 1274 4320 agilitate
1304 4249 1558 4320 quadam
1591 4251 1648 4304 in
1673 4251 1921 4305 formam
1945 4255 2004 4306 et

350 4325 619 4380 habitum
638 4323 953 4379 saltatricis
967 4339 1096 4379 sese
1108 4337 1233 4378 com
1241 4321 1676 4401 poneret,eique
1687 4321 2002 4401 saltatricis

348 4401 706 4468 apposuerat
751 4411 1086 4468 personam,
1147 4409 1214 4448 ac
1252 4397 1496 4468 ‘vestem‘
1542 4393 2004 4448 circumdederat

349 4462 623 4523 eiércitio
654 4462 1188 4523 convenientem....
1216 4462 1392 4520 simia
1429 4464 1499 4519 ad
1534 4480 1844 4519 numerum
1876 4480 2003 4520 sese

352 4539 622 4596 ﬂectebat
633 4543 690 4595 et
709 4538 1154 4609 contorquebat,
1185 4551 1250 4590 ao
1273 4552 1376 4607 per
1397 4536 1594 4609 omnia
1612 4551 1738 4606 quae
1757 4535 2004 4592 faciebat

2117 3326 2174 3396 et
2204 3325 2401 3396 motus
2434 3319 2696 3375 zemulari
2728 3320 3042 3396 dicuntur;
3076 3319 3276 3378 verum
3310 3340 3414 3396 per
3461 3325 3603 3395 haec,
3649 3323 3768 3381 illis

2117 3391 2398 3464 nimirum
2422 3397 2628 3464 captaa,
2657 3393 3006 3464 produntur.
3039 3416 3067 3444 »

2186 3465 2295 3534 (89)
2357 3461 2675 3530 Ἐξικέσθαιξ
2709 3463 2870 3535 Colb.
2904 3466 2957 3535 3,
2986 3469 3042 3520 et
3072 3466 3235 3522 Pass.
3269 3464 3604 3535 ἐξικνεῖσθαι.

2187 3532 2520 3611 (90)]Ἰππος
2570 3532 2895 3611 Θεσσαλική,
2943 3532 3064 3593 etc.
3131 3532 3350 3594 Sensus
3393 3545 3516 3594 est:
3555 3556 3765 3611 quem-

2113 3607 2432 3678 admodum
2463 3624 2614 3678 equa
2640 3607 2922 3664 Thessala
2952 3611 3174 3665 caeteris
3206 3611 3478 3666 omnibus
3510 3607 3761 3667 antecel-

2113 3677 2211 3750 lit,
2234 3683 2290 3733 et
2316 3677 2529 3750 mulier
2547 3684 2785 3734 Lacaena
2815 3681 3090 3736 omnibns
3122 3681 3251 3738 aliis
3302 3683 3668 3750 mulieribus,
3701 3689 3759 3740 et

2112 3749 2217 3803 viri
2246 3749 2449 3820 (Siculi
2508 3751 2785 3808 omnibus
2836 3752 3014 3819 viris;
3051 3755 3129 3808 ita
3159 3753 3495 3820 Christiani,
3528 3756 3587 3809 in
3621 3749 3755 3809 reli-

2111 3819 2292 3892 giosis
2325 3822 2536 3876 ritibus
2565 3827 2622 3877 et
2651 3822 3073 3892 sanctionibus,
3118 3824 3392 3881 mortales
3422 3819 3624 3881 omnes
3651 3843 3754 3882 an-

2113 3891 2408 3957 tecellunt,
2443 3907 2548 3948 nec
2578 3909 2676 3949 eos
2706 3894 2924 3965 imitari
2955 3891 3232 3965 posSibile
3261 3900 3370 3965 est.

2325 3967 2630 4040 "Empta-9v.
2664 3965 2825 4040 P_ass.
2857 3962 3120 4040 ἔγκριτον.
3155 3972 3282 4040 Sav.
3314 3963 3602 4040 ἐξαίρετον.

2184 4031 2840 4120 (92)ΝΙΙρεπωδεσ-τάτων.
2895 4031 2966 4092 Ἰῐὶ
3023 4040 3161 4109 Heg.
3214 4031 3628 4106 bmfetMont.
3663 4056 3754 4114 γρ.

2110 4105 2587 4180 πρεπωδεστὲρων.

2327 4174 2641 4254 Ἐπιν-οίαιὲ
2675 4178 2738 4232 In
2773 4179 2898 4254 Bill.
2932 4185 2990 4254 et
3031 4181 3280 4237 Montac.
3313 4201 3398 4254 γρ.
3436 4178 3685 4243 ἐννοίαις.

2183 4250 2294 4330 (94)
2325 4250 2750 4330 Τοιαῦτα.“ΒΘε.
2782 4251 2904 4318 bm,
2936 4251 2995 4307 in
3027 4258 3225 4322 textu;
3258 4250 3460 4311 Billius
3504 4260 3562 4312 et
3601 4256 3763 4312 Mon-

2113 4325 2230 4376 tac.
2271 4323 2329 4374 in
2362 4339 2484 4386 ora,
2513 4323 2699 4376 ταῦτα.

2179 4392 2290 4464 (95)
2325 4391 2655 4464 Θαυμασίαν.
2690 4392 2847 4448 Colb.
2881 4395 2937 4459 k,
2980 4396 3314 4464 θαυμαστήν.

2182 4463 2291 4535 (96)
2324 4462 2672 4541 Ἀναξιλασιν.
2707 4487 2734 4514 ι(
2795 4462 3325 4541 Reformationem:
3375 4489 3400 4518 η
3479 4465 3757 4541 μετάπλιι·

2110 4555 2214 4601 σιν,
2250 4559 2276 4584 ‹‹
2308 4535 2872 4605 tranformationem,
2905 4561 2933 4588 ››
2977 4538 3249 4595 aemulam
3301 4535 3488 4596 alieni
3509 4541 3655 4597 ritus
3684 4541 3757 4597 ad

348 4615 409 4666 et
436 4611 626 4692 facere
653 4606 1260 4692 videbaturmaturam
1279 4606 1778 4697 occultabatﬁum
1804 4612 2000 4663 autem
2034 4633 2078 4697 Ι)
2109 4606 2428 4697 Christiani
2455 4610 2775 4695 iictionem.
2817 4630 2845 4697 nl

349 4682 503 4754 capti
534 4687 730 4738 essent
760 4681 841 4738 rei
864 4683 1127 4754 novitate
1177 4683 1563 4754 spectatores,
1606 4680 1840 4754 quidam
1886 4697 2002 4754 cae-

347 4750 490 4831 teris
519 4755 792 4831 astutior,
826 4753 1063 4831 simiam
1090 4750 1222 4808 esse
1253 4751 1501 4831 _simiam
1535 4750 1701 4831 ludo
1746 4753 1999 4831 quodam

349 4827 626 4881 ostendit.
652 4825 1125 4881 Acclamantibus
1171 4822 1328 4879 enim
1378 4822 1606 4877 cunctis
1654 4827 1711 4877 et
1754 4823 2000 4894 applau-

349 4898 625 4955 dentibus
653 4897 900 4970 agilitati
934 4897 1137 4970 simiae,
1173 4897 1245 4970 ad
1278 4899 1516 4950 cantum
1548 4898 1603 4970 et
1652 4895 2002 4970 modulatio-

349 4984 488 5048 nem
519 4975 647 5041 apte
676 4965 1054 5048 semoventis
1085 4972 1141 5023 et
1169 4965 2000 5048 circumagentis,‘projecit_in

349 5037 650 5096 orchestra
679 5057 710 5097 e
740 5039 1002 5096 bellariis
1033 5056 1100 5095 ea
1132 5056 1258 5109 quae
1286 5037 1492 5093 talium
1543 5037 1862 5093 bestiarum
1909 5037 2000 5091 in-

348 5111 607 5184 gluviem
645 5112 950 5168 attrahunt
979 5116 1154 5184 atque
1185 5111 1470 5184 invitant;
1505 5109 1605 5164 illa
1661 5126 1792 5164 vero
1854 5109 1998 5184 nihil

348 5180 642 5249 cunctata,
676 5189 740 5240 ut
767 5185 911 5239 vidit
938 5180 1075 5238 ante
1102 5183 1345 5237 chorum
1377 5182 1642 5252 dispersa
1671 5180 1999 5252 amygdala,

347 5255 528 5311 oblita
559 5256 886 5313 saltationis
919 5255 1168 5310 accurrit
1199 5254 1270 5308 ad
1303 5257 1452 5319 ea,et
1482 5269 1764 5307 manuum
1790 5252 2003 5323 palmis

347 5327 622 5405 collegit;
656 5344 990 5401 personam,
1019 5344 1097 5405 ne
1126 5325 1546 5405 impedimento
1577 5323 1998 5405 essethoride-

346 5396 544 5456 traxit.
590 5396 616 5454 ,⁷
651 5396 676 5455 ἶ
710 5443 722 5456 .
768 5441 781 5454 .
817 5405 989 5471 atque
1016 5399 1099 5454 ita
1120 5414 1221 5470 pro
1244 5396 1518 5471 laudibus
1537 5396 2002 5471 etadmiratione

348 5471 535 5528 risum
568 5471 801 5528 abunde
831 5467 1012 5548 movit
1039 5467 1492 5548 spectatoribus.
1511 5490 1552 5548 _»
1579 5467 1728 5548 _H‘ze_c
1758 5472 1846 5522 est
1865 5483 2004 5548 Anar-

351 5548 479 5599 rata
507 5562 542 5617 ιι
569 5548 834 5617 Nysseno
863 5540 1130 5611 historia,
1163 5540 1530 5617 quamhaud
1562 5540 1736 5617 dubie
1754 5540 2004 5617 oratoris

350 5616 540 5688 nostri
585 5610 761 5672 verba
809 5618 1077 5688 spectant
1103 5610 1139 5688 ;'_
1167 5610 1294 5684 qua
1344 5610 1560 5688 idcirco
1593 5610 1675 5688 _si_c
1702 5611 2003 5688 vertenda,

349 5690 460 5764 aut
487 5687 573 5764 sic
601 5688 744 5744 verti
777 5683 949 5764 posse
975 5683 1303 5764 egistimem
1330 5700 1404 5764 :_u
1442 5683 1688 5764 Liquido
1718 5683 2003 5764 enimpa-

346 5753 906 5832 tuisset,propositis
935 5758 1091 5814 vafre
1120 5755 1474 5828 quibusdam
1492 5753 2003 5813 illecebris...Nam

635 5890 902 5950 ΡΑτιιοι..
935 5889 1046 5950 Gn.
1091 5885 1330 5950 XXXV.

2178 4679 2292 4750 (97)
2343 4678 2485 4754 ,Ἐπὶ
2526 4684 2752 4749 σκηνῆς,
2799 4685 2906 4754 etc.
2964 4702 2993 4754 ι(
3042 4681 3332 4750 Socrates,
3383 4705 3409 4731 ››
3442 4683 3595 4754 apud
3627 4682 3756 4754 Pla-

2109 4755 2306 4836 tonem
2339 4751 2586 4836 infirm.
2623 4774 2650 4802 ‹‹
2685 4754 2817 4823 post
2847 4750 3151 4836 fundatam
3183 4750 3651 4836 instructamque
3675 4753 3760 4809 le-

2111 4821 2283 4894 gibus
2313 4823 2625 4892 civilatem,
2657 4821 2868 4894 cupere
2897 4840 2959 4879 se
2987 4825 3069 4879 ait
3098 4841 3225 4879 eam
3261 4831 3420 4880 motu
3454 4821 3758 4881 incitatam

2111 4893 2325 4962 videre,
2362 4918 2387 4943 ››
2422 4895 2530 4951 hoc
2561 4899 2671 4959 est,
2711 4893 2930 4965 {juxta
2966 4894 3162 4966 legum
3208 4914 3444 4950 suarum
3497 4897 3758 4966 praescri-

2111 4969 2278 5049 ptum
2313 4967 2432 5049 regi
2465 4985 2529 5023 ac
2561 4967 2895 5049 gubernari.
2925 4967 3210 5049 ⁸»βοάσω
3245 4969 3415 5049 modo
3449 4969 3761 5049 Gregorius

2113 5038 2196 5110 ait
2226 5054 2287 5092 se
2318 5037 2537 5110 optare,
2567 5037 2638 5094 ῑιι
2668 5038 2768 5092 illa
2806 5037 3268 5094 Christianorum
3322 5040 3540 5095 rituum
3565 5037 3764 5096 imita-

2113 5109 2193 5163 tio
2227 5126 2258 5164 a
2287 5110 2522 5165 Juliano
2553 5110 2894 5183 excogitata,
2928 5110 2986 5163 in
3018 5127 3162 5180 opus
3213 5112 3446 5168 tandem
3501 5113 3760 5183 prodeat,

2115 5197 2228 5250 quo
2263 5183 2449 5250 magis
2482 5181 2730 5252 ridicula
2761 5187 3058 5252 appareat.

2185 5253 2296 5323 (98)
2325 5252 2415 5312 Τίς
2449 5252 2543 5324 μὲν
2578 5252 2636 5306 ἂν
2671 5251 2758 5320 ἦν.
2800 5249 2969 5308 ⁷(ῘΟΗ).
3015 5251 3141 5308 Alb.
3194 5254 3361 5310 Herv.
3395 5253 3474 5317 τίς
3512 5253 3604 5327 μὲν
3639 5249 3698 5307 ἂν
3733 5254 3761 5309 ὃ

2109 5341 2229 5381 της.

2331 5394 2686 5465 Κινουμένην.
2717 5398 2892 5449 Mont.
2927 5414 3015 5468 γρ.
3063 5393 3397 5470 ἐνερροῦσαν.
3445 5398 3560 5456 Alii
3618 5395 3765 5475 ἐνερ-

2112 5480 2213 5531 γῡυ
2223 5480 2314 5531 μεν
2322 5485 2354 5531 ἠ
2362 5486 2386 5515 ν
2397 5507 2409 5518 .

2126 5485 2409 5538 {nupsi/av.

2291 5533 2697 5611 Ταπεινοτξραςς
2732 5538 3109 5611 Pass.__addit,
3146 5538 3263 5611 μὲν.

2207 5610 2261 5672 2)
2296 5606 2436 5679 Πρὸς
2469 5607 2531 5658 τὰ
2562 5605 2781 5663 ἔκεῖθεν.
2828 5609 2955 5665 Bill.
2989 5636 3018 5665 ις
3069 5605 3157 5668 ad"
3191 5612 3515 5670 cwlestium
3565 5630 3761 5672 rerum

2115 5679 2377 5736 studium
2411 5679 2703 5736 comitem.
2735 5701 2768 5758 nl

3406 5887 3486 5981 ει
