4148 6290
350 332 463 395 651

1596 332 1659 388 S.
1711 328 1753 389 G
1767 332 1805 388 Η
1823 329 1967 388 EGO
1980 326 2081 387 HlI
2127 329 2227 388 ΤΗ
2242 327 2519 390 EOLOGI

3641 330 3760 396 659

350 470 506 525 enim
541 462 1091 538 contemplationem
1117 475 1396 518 ascensus
1427 462 1499 516 ad
1532 459 1791 516 caelestia
1812 459 1983 515 comi-

2107 453 2351 512 ἐπίϐασιν
2388 480 2398 490 ·
2460 457 2583 514 οὐδὲ
2630 458 2729 537 γὰρ
2763 458 2874 516 οἷόν
2906 482 2963 516 τε
2991 462 3119 517 εἶναι
3146 462 3335 540 σοφίας
3373 464 3622 540 μετέχειν
3679 468 3758 539 μὴ

350 567 466 616 tem
490 558 858 624 asciscimus,
884 555 963 610 ita
989 553 1247 609 vicissim
1274 551 1421 607 actio
1444 550 1612 605 nobis
1640 550 1708 604 ad
1734 552 1993 604 contem-

348 650 665 722 plationem
699 648 918 721 gradus
968 663 1032 701 ac
1080 643 1238 699 velut
1280 640 1435 697 scala
1464 643 1570 696 est.
1604 639 1801 710 Neque
1836 638 1993 693 enim

349 738 471 793 ﬁeri
504 741 715 810 potest,
744 741 803 792 ut
826 735 1122 808 sapientim
1155 735 1450 804 r'ompotcs
1481 729 1619 797 sint,
1644 729 1742 801 qui
1768 727 1994 799 sapien-

316 834 319 835 ⁷
346 832 436 882 ter
470 844 584 882 non
616 826 887 882 vixerint.
920 825 1086 896 Apud
1119 823 1248 878 illos
1283 825 1500 889 autem,
1528 818 1685 874 haud
1718 818 1838 873 scio
1860 820 1994 872 utra

348 933 439 973 res
474 916 663 988 magis
694 915 942 971 ridicula
972 918 1146 985 atque
1175 913 1411 968 inﬁrma
1438 908 1762 974 videbitur;
1797 913 1861 961 ut
1892 906 1992 977 qui

346 1023 381 1062 ει
429 1006 623 1062 divino
655 1005 854 1061 afflatu
886 999 1414 1076 coagmentationis
1458 1003 1514 1053 et
1556 994 1992 1052 constitutionis

346 1112 467 1152 sua
514 1096 694 1152 robur
740 1094 1198 1165 haudquaquam
1239 1090 1512 1156 habeant,
1546 1086 1844 1142 radicibus
1874 1084 1991 1139 illis

345 1202 462 1242 non
496 1183 817 1252 absimiles,
842 1199 992 1254 quae,
1028 1182 1183 1253 quod
1215 1176 1413 1236 stabili
1444 1176 1568 1232 loco
1602 1174 1844 1230 minime
1867 1174 1990 1228 ﬁxae

344 1274 485 1343 sint,
521 1273 692 1331 undis
725 1273 1011 1329 feruntur.
1046 1272 1194 1343 Ergo
1223 1269 1284 1324 in
1313 1269 1548 1323 beatam
1580 1281 1781 1321 eorum
1806 1263 1991 1333 jacia-

342 1381 500 1434 mus,
550 1367 617 1419 ut
663 1380 797 1419 cum
845 1361 993 1434 ipsis
1041 1359 1400 1428 ludentibus,
1453 1360 1509 1411 et
1566 1353 1988 1421 fabulantihus,

342 1453 841 1527 quemadmodum
867 1451 927 1506 in
960 1448 1254 1522 plerisque
1277 1446 1524 1502 scenicis
1556 1444 1710 1499 ludis
1741 1442 1865 1497 ﬁeri
1898 1458 1990 1496 so-

2105 552 2289 625 σοφῶς
2340 544 2766 625 ἀναστραφέντας
2813 552 2892 624 (3)
2918 569 2930 583 '
2980 556 3096 613 τοῖς
3138 549 3195 607 δὲ
3228 552 3328 607 οὐκ
3358 550 3462 607 οἷδ’
3494 552 3756 630 ὁπότερον

2106 632 2246 709 δόξει
2306 636 2652 714 γελοιότερόν
2699 660 2758 694 τε
2815 640 2905 694 καὶ
2961 640 3359 719 ἀσθενέστερον,
3394 643 3494 697 οὐκ
3545 644 3768 721 ἔχουσιν

2100 724 2160 779 ἐκ
2189 725 2331 789 θείας
2363 726 2722 791 ἐπιπνεύσεως
2768 729 2831 784 τὸ
2881 726 3101 785 δυνατὸν
3151 735 3233 806 (4)
3261 737 3358 787 τοῦ
3392 735 3759 807 συστήματος,

2102 812 2282 889 ὣσπερ
2335 821 2441 870 τῶν
2504 817 2689 893 ῥιζῶν,
2758 816 2813 873 α⁹ί
2860 821 2979 883 καθ’
3022 818 3217 885 ὕδατος
3265 822 3542 898 ὀχοῦνται,
3596 825 3757 895 πῆξιν

2100 903 2199 957 οὐκ
2228 902 2471 978 ἔχουσαι.
2524 907 2621 961 Καὶ
2672 904 2737 976 δὴ
2789 908 3044 983 βάλωμεν
3087 910 3165 974 εἷς
3208 913 3306 981 τὴν
3352 913 3615 989 μακαρίαν
3668 913 3760 967 αὐ-

2098 996 2205 1045 τῶν
2240 995 2336 1066 (5),
2362 992 2435 1047 τίν’
2470 992 2629 1072 ὀλίγα
2674 997 2765 1051 καὶ
2818 998 2969 1053 αὐτοὶ
3002 999 3281 1069 παίζουσιν
3314 1001 3499 1064 αὐτοῖς
3529 1003 3617 1057 καὶ
3654 1026 3757 1077 μυ-

2100 1078 2444 1156 θολογοῦσιν,
2499 1083 2680 1161 ὣσπερ
2731 1086 2782 1141 ἐν
2834 1086 3069 1150 πολλοῖς
3100 1094 3205 1143 τῶν
3241 1088 3555 1167 δραμάτων,
3614 1114 3760 1166 συμ-

2098 1170 2374 1244 παίξωμεν
2410 1174 2484 1246 (6)
2514 1192 2526 1205 ⁸
2559 1173 2649 1228 καὶ
2679 1176 2997 1250 προστεθείη
3029 1182 3108 1250 τῷ
3137 1179 3350 1256 χαίρειν
3378 1181 3513 1253 μετὰ
3533 1181 3759 1258 χαιρόν-

2096 1279 2228 1327 των,
2254 1258 2345 1313 xui
2372 1259 2621 1316 κλαίουσι
2654 1261 3022 1339 συνδακρύειν,
3057 1267 3114 1321 τὸ
3145 1268 3237 1322 καὶ
3268 1266 3590 1346 ληραίνουσι
3624 1281 3759 1325 συΛο

2100 1345 2290 1425 ληρεῖν
2324 1348 2605 1426 ἀνέχεσθαι
2629 1372 2642 1384 ⁸
2675 1354 2763 1407 καὶ
2792 1352 3007 1431 γέλωτα
3044 1355 3094 1411 ἐν
3126 1354 3382 1432 δακρύοις
3413 1358 3647 1431 ποιηταῖ

2099 1439 2482 1513 γινώσκουσιν.

338 1542 439 1615 let,
486 1559 595 1599 nos
645 1557 878 1614 quoque
934 1538 1179 1611 paulum
1224 1537 1548 1592 ludamus:
1601 1537 1775 1604 atque
1830 1531 1900 1585 ad
1949 1529 2095 1585 illud
2144 1529 2480 1601 Scripturae,
2534 1549 2649 1603 quo
2698 1549 2823 1589 cum
2859 1536 3228 1607 gaudentibus
3262 1539 3522 1612 gaudere,
3551 1544 3602 1596 et
3639 1557 3760 1597 cum

336 1632 593 1703 ﬂentibus
640 1632 773 1695 ﬂere
804 1631 849 1665 ⁸³
907 1629 1313 1696 admonemur,
1363 1625 1472 1680 hoc
1527 1640 1759 1696 quoque
1807 1620 2182 1691 adjungatur,
2230 1622 2295 1674 ut
2343 1636 2475 1675 cum
2527 1623 2879 1693 negantibus
2910 1626 3119 1698 nugari
3151 1628 3574 1686 sustineamus.
3612 1631 3759 1690 Nam

342 1725 401 1778 et
438 1725 624 1794 poeta
661 1718 847 1775 risum
895 1717 955 1772 in
998 1714 1270 1787 lacrymis
1309 1729 1567 1786 persaepe
1597 1714 1941 1783 agnoscunt.

412 1826 706 1885 CXIV.Sit
726 1826 907 1898 igitur
927 1828 1057 1897 apte
1079 1826 1350 1896 paratum
1375 1821 1695 1877 theatrum:
1719 1834 1855 1874 nam
1878 1833 1983 1885 quo

2169 1814 2317 1871 PIA'.
2350 1814 2527 1870 Ἔστω
2558 1814 2620 1869 τὸ
2665 1814 2885 1891 θέατρον
2945 1817 3198 1896 εὐτρεπές
3240 1823 3316 1896 (8)
3352 1841 3365 1855 '
3419 1823 3455 1893 ἢ
3506 1822 3606 1879 οὐκ
3652 1820 3756 1878 οἷδ’

343 1912 459 1971 alio
480 1914 716 1970 nomine
733 1912 1020 1984 templum
1043 1928 1215 1965 suum
1234 1909 1427 1967 vocari
1444 1908 1750 1979 jusserint,
1771 1905 1987 1970 nescio;

346 2019 640 2076 prmeones
672 2002 962 2069 clament;
1013 1998 1268 2071 populus
1307 1998 1581 2063 confluat,
1618 1995 1989 2068 prresideant,

343 2092 432 2149 vel
461 2092 563 2164 qui
594 2096 783 2159 astate,
814 2095 870 2145 et
908 2089 1141 2156 canitie,
1184 2105 1250 2143 ac
1295 2088 1419 2143 vita:
1463 2086 1795 2157 integritate
1843 2102 1988 2155 pras-

343 2184 521 2248 stant,
544 2180 629 2236 vel
663 2179 759 2251 qui
792 2178 1022 2250 generis
1054 2176 1363 2248 splendore
1387 2193 1451 2230 ac
1483 2173 1665 2246 gloria
1688 2172 1989 2244 conspicui

344 2275 506 2339 sunt,
531 2286 717 2342 eaque
746 2266 1035 2339 sapientia
1057 2284 1183 2338 quae
1206 2265 1453 2321 terrenis
1477 2267 1760 2329 nectatur,
1784 2267 1840 2317 et
1862 2279 1987 2333 quae

336 2359 733 2431 jucunditatis
757 2357 889 2429 plus
910 2357 1121 2411 habeat
1142 2372 1315 2426 quam
1349 2371 1484 2408 vera
1516 2354 1721 2424 pietas.
1746 2352 1807 2406 Id
1831 2352 1985 2406 enim

343 2464 545 2505 eorum
597 2446 835 2503 arbitrio
882 2444 1311 2517 permittemus.
1346 2443 1452 2507 Qui
1505 2442 1712 2496 deinde
1761 2441 1989 2512 agent?

342 2536 460 2609 Ipsi
491 2536 768 2608 praesides
792 2550 931 2589 suos
950 2537 1008 2588 et
1030 2533 1321 2587 antistites
1345 2531 1696 2585 describant.
1724 2534 1989 2600 Purpura

341 2640 441 2680 eos
470 2622 722 2690 ornabit,
747 2625 804 2677 et
830 2621 1068 2690 vittae,et
1100 2620 1312 2674 floridas
1346 2636 1411 2673 ac
1440 2618 1694 2689 pulchras
1722 2635 1945 2673 coronae
1972 2636 1984 2672 :

341 2710 821 2785 quandoquidem
873 2709 1169 2782 plerisque
1216 2709 1275 2762 in
1325 2709 1499 2763 rebus
1544 2707 1888 2779 gravitatem
1931 2711 1987 2762 et

341 2802 711 2873 maiestatem
746 2801 817 2855 ab
850 2799 994 2871 ipsis
1034 2798 1290 2853 affectari
1334 2797 1611 2867 comperi,
1663 2797 1840 2867 idque
1888 2814 1985 2852 eos

342 2890 596 2958 studere,
631 2892 695 2943 ut
724 2905 903 2960 supra
932 2888 1189 2959 privatos
1230 2904 1294 2941 ac
1338 2886 1595 2957 plebeios
1643 2885 1936 2940 emineant
1970 2903 1980 2940 :

339 2983 625 3052 tanquam
657 2977 925 3033 videlicet
954 2977 1011 3032 id
1044 2978 1198 3048 quod
1223 2992 1534 3032 commune
1558 2979 1731 3047 atque
1763 2973 1985 3029 humile

339 3074 448 3137 est,
473 3067 638 3123 facile
667 3067 727 3122 in
760 3069 1163 3138 contemptum
1195 3065 1421 3121 veniat:
1458 3066 1609 3135 quoil
1644 3068 1840 3119 autem
1875 3064 1984 3119 ela-

339 3164 467 3216 tum
511 3161 569 3212 et
597 3156 895 3223 timidum,
928 3160 1106 3228 atque
1136 3159 1405 3211 assecutu
1441 3154 1696 3223 difﬁcile,
1733 3154 1982 3209 auctori-

339 3250 521 3302 tatem
553 3247 773 3302 afi'erat.
807 3248 893 3300 An
924 3246 1018 3300 hic
1052 3261 1282 3316 quoque
1315 3245 1383 3299 ad
1420 3262 1524 3299 nos
1558 3260 1745 3314 usque
1786 3261 1845 3298 se
1886 3243 1984 3297 de-

342 3334 599 3403 mittent,
631 3350 697 3390 ac
728 3335 1172 3405 sublimitatem,
1207 3351 1320 3388 non
1364 3334 1550 3405 magis
1600 3334 1657 3387 in
1703 3340 1869 3405 gestu
1923 3349 1987 3387 ac

2101 1899 2131 1955 ὅ
2153 1922 2205 1956 τι
2236 1903 2324 1957 καὶ
2356 1902 2540 1959 καλεῖν
2571 1906 2661 1960 τὸν
2714 1907 2862 1962 οἷκον
2909 1907 3083 1964 αὐτῶν
3133 1908 3478 1967 κελεύσουσιν
3522 1915 3599 1987 (9)
3633 1932 3646 1947 ο
3706 1914 3758 1968 οἳ

2100 1993 2331 2067 κήρυκες
2378 1993 2653 2068 βοάτωσαν
2690 2016 2702 2028 ο
2758 1997 2785 2050 ὁ
2830 1994 2964 2060 λαὸς
3013 2000 3209 2055 συνίτω
3243 2020 3255 2033 ·
3306 2002 3405 2071 τὴν
3463 1999 3753 2078 προεδρίαν

2099 2080 2371 2155 ἐχέτωσαν
2424 2082 2529 2137 εἴτε
2580 2085 2630 2137 οἱ
2675 2084 2862 2160 πολίᾳ,
2905 2089 2994 2142 καὶ
3043 2088 3256 2164 χρόνῳ,
3300 2091 3386 2145 καὶ
3417 2095 3496 2163 τῷ
3524 2098 3625 2161 τῆς
3656 2113 3756 2147 πο-

2098 2168 2301 2232 λιτείας
2358 2170 2715 2247 ἐξειλεγμένῳ
2778 2177 3133 2251 προέχοντες,
3203 2176 3309 2233 εἷ’τε
3355 2180 3409 2234 οἱ
3467 2182 3610 2255 γένει
3669 2182 3757 2236 καὶ

2100 2256 2226 2331 δόξᾳ
2271 2256 2649 2337 περίϐλεπτοι,
2688 2265 2777 2318 καὶ
2809 2266 2968 2343 σοφίᾳ
2996 2270 3064 2341 τῇ
3094 2266 3244 2323 κάτω
3276 2268 3588 2345 πλεκομένῃ
3623 2272 3757 2343 (οΙΟ),

2105 2350 2193 2434 διαὶ
2224 2349 2415 2404 πλεῖον
2449 2349 2649 2427 ἐχούσῃ
2677 2353 2739 2407 τὸ
2768 2355 2993 2430 τερπνὸν
3038 2364 3137 2427 τῆς
3183 2356 3423 2429 ἀληθοῦς
3469 2361 3582 2434 (14)
3614 2359 3757 2415 εὐσε-

2098 2432 2246 2500 ϐείας
2279 2457 2291 2469 ⁸
2341 2444 2502 2494 τοῦτο
2550 2442 2653 2517 γὰρ
2703 2440 2786 2497 ἐπ’
2851 2443 3036 2508 αὐτοῖς
3099 2432 3635 2522 ποιησόμεθα
3691 2448 3751 2502 Τί

2094 2528 2384 2597 ποιήσουσι
2440 2530 2507 2581 τὰ
2565 2528 2720 2599 ἒξῆς;
2775 2530 2945 2586 Αὐτοὶ
3001 2532 3127 2595 τοὺς
3187 2534 3388 2589 ἑαυτῶν
3450 2533 3749 2611 προέδρους

2093 2616 2466 2691 γραψάτωσαν.
2521 2616 2812 2695 Ἃλουργῖς
2854 2620 3048 2684 αὐτοὺς
3096 2625 3387 2696 κοσμήσει,
3436 2627 3525 2679 καὶ
3554 2626 3747 2695 ταινία,

2093 2705 2183 2758 καὶ
2214 2707 2480 2783 στεφάνων
2513 2707 2669 2769 ἄνθος
2701 2708 2788 2763 καὶ
2818 2708 3027 2774 κάλλος
3063 2730 3075 2741 ·
3107 2710 3293 2783 ἐπειδὴ
3345 2711 3642 2790 πολλαχοῦ
3687 2716 3749 2770 τὸ

2096 2795 2283 2866 σεμνὸν
2335 2792 2504 2869 ἔγνων
2550 2796 2733 2859 αὐτοῖς
2789 2797 3251 2873 σπουδαζόμενον,
3309 2802 3397 2857 καὶ
3457 2801 3519 2856 τι)
3590 2805 3749 2879 ὑπερ-

2093 2882 2204 2937 άνω
2252 2888 2348 2938 τοῦ
2399 2882 2619 2940 ἰδιώτου
2654 2905 2667 2917 ⁸
2718 2887 2792 2949 ὡς
2843 2894 2939 2943 τοῦ
2988 2890 3083 2963 μὲν
3132 2895 3312 2945 κοινοῦ
3344 2890 3431 2945 καὶ
3489 2897 3653 2961 πεζοῦ
3682 2894 3746 2947 τὸ

2095 2971 2556 3057 εὐκαταφρόνητον
2608 2973 2854 3051 ἔχοντος,
2900 2982 2997 3032 τοῦ
3042 2977 3099 3033 δὲ
3140 2979 3435 3057 ὑπερόγκου
3468 2980 3558 3035 καὶ
3618 2976 3746 3035 δυσ-

2094 3062 2311 3147 εφίπτου
2340 3064 2402 3117 τὸ
2433 3062 2759 3133 ἀξιόπιστον.
2794 3068 2863 3123 ’Ἡ
2892 3066 3157 3123 κάνταῦθα
3200 3070 3395 3147 μέχρις
3447 3072 3605 3143 ἡμῶν
3652 3092 3750 3125 κα-

2093 3146 2443 3222 ταϐήσονται,
2506 3154 2580 3226 μὴ
2638 3155 2699 3208 τὸ
2766 3154 2816 3209 ἐν
2878 3162 2995 3218 τοῖς
3046 3146 3323 3232 σχήμασιν
3374 3158 3584 3233 ὑψηλὸν
3637 3161 3750 3233 (43)

2100 3238 2311 3312 μᾶλλον
2366 3240 2400 3309 ἢ
2452 3240 2514 3295 τὸ
2574 3240 2623 3295 έν
2670 3247 2748 3314 τῷ
2794 3244 2984 3319 τρόπῳ
3032 3243 3255 3321 πρέπειν
3302 3247 3510 3318 αὐτοῖς,
3571 3246 3747 3322 ὥσπερ

2100 3332 2284 3401 ἡμεῖς,
2345 3329 2653 3402 νομίζοντες
2697 3351 2710 3400 ;
2770 3334 2930 3406 Ἡμῖν
2986 3335 3088 3409 γὰρ
3137 3339 3233 3390 τοῦ
3282 3337 3376 3408 μὲν
3428 3336 3748 3414 φαινομένου

342 3423 557 3497 specie,
613 3439 789 3494 quam
840 3423 901 3477 in
956 3423 1217 3478 moribus
1267 3421 1382 3477 sibi
1433 3421 1760 3486 convenire,
1806 3420 1983 3475 nostri

2105 3418 2185 3473 καὶ
2242 3420 2583 3496 γραφομένου
2637 3422 2749 3494 (Ut)
2799 3421 3006 3497 βραχὺς
3056 3424 3084 3478 ὁ
3119 3422 3283 3499 λόγος
3321 3444 3333 3457 ’
3364 3427 3398 3494 ἡ
3458 3423 3660 3480 πλείων
3695 3422 3752 3479 δὲ

344 3513 550 3580 instar,
591 3511 1066 3567 existimabunt?
1115 3514 1260 3566 141
1320 3511 1436 3565 Nos
1489 3510 1645 3565 enim
1692 3513 1988 3564 externam

344 3602 583 3675 quidem
613 3602 891 3674 speciem,
921 3618 986 3656 ac
1016 3600 1173 3655 velut
1203 3599 1515 3672 picturam,
1551 3615 1757 3670 parum
1790 3600 1990 3654 admo-

2101 3507 2443 3584 πραγματεία
2489 3508 2611 3584 περὶ
2660 3510 2749 3563 τὸν
2802 3509 2952 3573 ἐντὸς
3001 3509 3307 3589 ἄνθρωπον,
3354 3512 3441 3568 καὶ
3478 3513 3753 3588 μεθέλκειν

2099 3596 2191 3652 τὸν
2226 3598 2417 3666 θεατὴν
2466 3600 2577 3671 (15)
2627 3598 2713 3652 ἐπὶ
2751 3599 2813 3653 τὸ
2843 3599 3154 3676 νοούμενον,
3187 3603 3232 3677 ᾧ
3262 3602 3349 3657 καὶ
3384 3602 3597 3676 μᾶλλον
3626 3602 3754 3665 τοῦς

345 3692 488 3747 dum
538 3708 862 3747 curamus:
916 3691 974 3745 in
1025 3691 1253 3746 interno
1303 3693 1498 3745 autem
1544 3690 1779 3744 homine
1811 3689 1983 3744 multc

2105 3686 2349 3748 πολλοὺς
2384 3684 2790 3761 ἔκπαιδεύομεν.

345 3782 479 3855 plus
522 3797 708 3854 opere:
754 3781 1052 3851 studiique
1097 3780 1391 3851 ponimus,
1438 3780 1613 3850 idque
1651 3779 2023 3850 potissimum
2057 3779 2386 3845 studemus,
2438 3782 2501 3832 ut
2552 3784 2942 3850 spectatorem
2987 3782 3058 3837 ad
3105 3796 3172 3838 ea
3216 3799 3343 3855 quae
3388 3784 3585 3841 animo
3628 3801 3749 3841 cer-

340 3877 583 3943 nuntur,
614 3870 1008 3938 retrahamus,
1041 3888 1157 3943 qua
1185 3871 1362 3926 etiam
1394 3869 1615 3924 ratione
1644 3868 1853 3940 vulgus
1893 3868 2081 3939 magis
2108 3868 2431 3923 erudimus.

408 3977 565 4037 CXV.
608 3981 797 4052 Atque
845 3978 968 4035 haec
1014 3978 1087 4033 ad
1141 3977 1299 4032 hunc
1342 3977 1584 4031 modum
1614 3991 1675 4031 se
1707 3975 1979 4031 habeant.

406 4144 451 4182 ιε
478 4150 644 4203 Rom.
677 4164 779 4217 ιιι,
822 4149 908 4204 15.

404 4336 480 4406 (3)
538 4333 1012 4411 Ἀναστραφέντας.
1075 4334 1211 4405 Reg.
1272 4333 1328 4404 1),
1390 4331 1552 4387 Colb.
1613 4334 1669 4403 k,
1726 4332 1979 4407 ἀναστρέ-

336 4425 856 4546 φοῖἶῗῗὸδυνατόν.
882 4476 1147 4546 βοωὺθῖ.
1192 4498 1217 4523 ι(
1254 4476 1343 4531 sui
1374 4479 1558 4546 emtus
1587 4476 1782 4529 robur.
1814 4497 1837 4522 η

404 4479 460 4546 (4
510 4478 581 4529 Τὸ
613 4478 856 4530 δυνατόν.
889 4478 1147 4531 Combef.
1192 4498 1217 4523 ι(
1254 4478 1343 4531 sui
1374 4479 1558 4529 ccetus
1587 4478 1782 4529 robur.
1814 4497 1837 4522 ι)

368 4620 380 4633 .
404 4478 483 4621 (5)
537 4544 798 4633 Βάλωμεν
817 4544 931 4633 “eis
972 4547 1088 4633 τῂνκ
1111 4546 1393 4633 Ἅμακαρίαν
1448 4544 1641 4633 αὐτῶνζ
1680 4549 1804 4633 mItal.
1838 4546 1984 4633 ‘ple-

334 4615 502 4693 rique
530 4615 779 4676 codices.
812 4621 961 4693 Edit.
1000 4615 1311 4693 βαλλωμεν.
1332 4621 1506 4693 ΔΡεωβ.
1541 4616 1642 4693 Καὶ
1677 4615 1732 4671 δὲ
1762 4620 1850 4669 καὶ
1873 4615 1985 4670 εἰσ-

2166 3974 2307 4032 PlE'.
2338 3977 2510 4027 Ταῦτα
2544 3973 2638 4047 μὲν
2666 3970 2733 4043 δὴ
2776 3973 2947 4048 ταύτῃ
2973 3993 2986 4008 ο
3017 3974 3070 4029 τί
3104 3972 3161 4029 δὲ
3190 3975 3251 4030 τὸ
3288 3973 3521 4040 ἂντεῦθεν
3560 3996 3573 4049 ;
3612 3981 3752 4052 Παρ-

2091 4332 2209 4396 πὲς,
2244 4354 2270 4383 ‹‹
2305 4332 2657 4402 speciosum,
2691 4334 2898 4390 decore
2936 4336 3237 4392 eximium.
3270 4359 3300 4389 »

2163 4406 2237 4475 (9)
2271 4402 2643 4487 ἰξελεύσουσιν.
2677 4410 2764 4487 μθ.
2794 4412 3046 4487 quatuor
3075 4408 3254 4481 Regg.
3307 4408 3402 4466 0r.
3440 4412 3492 4481 1,
3524 4410 3654 4469 Ald.
3691 4417 3749 4469 et

2095 4476 2261 4531 Herv.
2300 4478 2356 4530 [n
2394 4477 2531 4531 edit.
2566 4477 2749 4533 Paris.
2784 4476 3117 4534 κέ..εόουσιν.

2170 4548 2280 4629 (10)
2316 4550 2583 4629 Σοιρατῇ
2616 4549 2761 4629 κάτω
2809 4547 3139 4629 πλεκομένῃ.
3186 4549 3317 4629 ΒὶΙῙἔ
3355 4574 3377 4601 ι
3413 4552 3580 4609 humi
3612 4572 3746 4629 con-

2098 4624 2251 4673 texta
2280 4620 2587 4701 sapientia.
2624 4622 2823 4705 »_Reg.
2858 4639 2915 4705 q,
2949 4630 3006 4677 et
3039 4620 3200 4705 .Pas-s.
3254 4620 3744 4698 πλεονεκτουμένῃ,

333 4668 614 4765 οᾴλωμεν,
648 4697 705 4748 et
735 4696 869 4765 post
894 4668 1067 4746 αὐτῶν
1114 4668 1295 4759 addit,
1332 4688 1675 4765 Ἐκκλησίαν.
1712 4668 1847 4756 Quae
1879 4668 1983 4745 vox

2105 4712 2127 4739 ν(
2158 4668 3232 4765 superiori,_pr_aastanaori’sapientia.
3265 4717 3295 4747 »

332 4763 628 4837 glossema
674 4763 782 4835 est,
839 4766 993 4836 quod
1045 4764 1102 4837 in
1149 4769 1373 4819 textum
1404 4763 1985 4837 irrepsit.i_Ca~3terum

372 4839 613 4893 arcemia
640 4831 875 4893 haﬁc'est
905 4852 972 4891 ex
1000 4835 1391 4907 AristOphane
1416 4837 1473 4888 in
1499 4831 1784 4907 Equitibus
1810 4851 1821 4889 :
1858 4831 1986 4907 Βάλ⁹

362 4928 385 4968 ς
440 4929 581 4980 μακα
626 4908 725 4975 ίαν,
777 4932 804 4958 ‹‹
857 4909 1018 4963 aufer
1065 4913 1119 4963 te
1165 4906 1223 4962 in
1275 4910 1527 4973 beatam,
1576 4929 1595 4953 ι»
1630 4906 1686 4959 id
1718 4910 1825 4972 est,
1862 4928 1889 4955 ‹‹
1924 4906 1983 4959 in

362 4928 779 5036 lenitudinem.
817 5002 842 5029 ››
876 4981 977 5035 Hic
1010 4996 1201 5035 sermo
1238 4997 1336 5036 uer
1379 4977 1788 5036 antiphrasim.
1815 4979 1983 5036 juxta

333 4977 779 5049 beatitudinem.
817 5002 842 5029 ››
876 4981 977 5035 Hic
1010 4996 1201 5035 sermo
1238 4997 1336 5049 per
1379 4977 1788 5049 antiphrasim,
1814 4979 1983 5047 juxta

333 5048 541 5124 Eliam,
571 5057 658 5108 est
688 5070 720 5107 a
751 5053 1025 5124 Gregorio
1058 5048 1393 5123 usurpatus,
1426 5048 1519 5124 ita,
1541 5056 1604 5105 ut
1650 5074 1675 5124 ιι(
1732 5048 1979 5124 beatitu-

332 5122 486 5177 dinis
546 5146 568 5174 ι
623 5120 894 5191 nomine:
924 5141 1115 5179 veram
1167 5120 1221 5171 ‹‹“
1254 5120 1549 5177 miseriam
1595 5146 1615 5173 ι
1654 5120 1975 5191 intelligat;

332 5198 567 5266 agatque
597 5194 749 5251 idem
783 5200 893 5261 est,
934 5219 958 5245 ››
988 5204 1051 5249 ut
1099 5212 1232 5249 cum
1282 5195 1441 5248 Billio
1469 5192 1715 5266 loquar,
1776 5214 1800 5243 ιι
1832 5210 1895 5266 ac
1929 5193 1976 5247 si

328 5264 580 5323 diceret:
615 5267 997 5322 foedissimam
1050 5266 1281 5320 illorum
1316 5265 1655 5334 religionem
1688 5265 1976 5317 examine-

324 5354 459 5394 mus
489 5346 546 5394 et
576 5340 955 5408 insectemur,
1006 5356 1183 5409 quam
1236 5342 1428 5392 tamen
1462 5353 1563 5406 pro
1597 5337 1761 5388 beata
1795 5343 1848 5389 ct
1880 5352 1971 5389 ve-

324 5412 585 5466 neranda
618 5412 852 5467 habent.
889 5434 915 5459 ››

392 5482 469 5553 (6)
503 5481 922 5554 Συμπαίξωμεν.
957 5482 1040 5536 Ita
1070 5480 1231 5535 Pass.
1281 5478 1497 5548 aliique
1544 5493 1767 5532 omnes.
1820 5477 1967 5531 Edit.

321 5553 731 5625 συμπαίζωμεν.

388 5618 468 5765 (7)
501 5618 749 5692 nminat.
786 5624 944 5678 Pass.
975 5622 1157 5690 addit,
1190 5618 1481 5689 πολλάκις,
1517 5644 1543 5669 ‹‹
1580 5636 1748 5692 saepe.
1784 5641 1811 5667 ›)

410 5694 443 5746 8
490 5692 718 5765 Θέατρον
768 5694 1031 5765 εὐτρεπές.
1087 5718 1113 5744 ‹‹
1166 5696 1308 5765 Apte
1362 5698 1631 5765 paratum
1680 5694 1757 5765 sit

320 5764 330 5770 _
388 5691 465 5765 (8)
490 5691 733 5770 Θέατρονγ
768 5694 1031 5766 εὐτρεπές.
1084 5718 1113 5770 _«
1166 5691 1757 5770 Apte_paratum_7sit
1805 5691 1967 5770 thea-

525 5786 555 5819 πο
589 5760 682 5825 Sic
714 5760 874 5823 Pass.
905 5760 1491 5838 caeterique'codices.
1541 5764 1713 5833 Editi,
1773 5760 1966 5839 εὐπρε-

2168 4760 2277 4844 (11)
2447 4760 2708 4844 ἀληθοῦς.
2744 4760 3013 4844 Plerique
3024 4766 3303 4844 _codi_ces,_
3320 4772 3421 4836 τῆς
3449 4762 3740 4836 εὐσεϐείας,

2096 4856 2124 4883 ‹‹
2159 4836 2415 4909 pietatis,
2452 4858 2472 4886 ι
2503 4836 2661 4909 quod
2695 4837 2882 4908 magis
2914 4836 3121 4909 probat
3149 4836 3349 4894 Comb.

2164 4903 2276 4981 (12)
2310 4903 2678 4981 Ποιησόμεθκ.
2710 4903 2948 4963 Addunt
2974 4914 3138 4965 Pass.
3180 4910 3393 4981 aliique
3422 4909 3692 4966 nonnulli
3723 4928 3736 4968 :

2092 4973 2151 5026 Τί
2172 4973 2412 5052 ’φήσουσι
2443 4973 2690 5052 τὸξὲξῆς
2726 5003 2753 5030 ‹‹
2786 4981 2922 5051 quid
2959 4986 3161 5052 postea
3189 4973 3384 5052 dicent
3413 4983 3437 5037 ?
3468 5006 3497 5034 ››

2092 5117 2104 5129 ⁹
2306 5046 2490 5130 arma
2520 5046 2729 5130 ἐντοῖς.
2770 5046 3047 5130 σχήμασιν
3102 5050 3335 5125 ὑψηλόν,
3390 5058 3499 5130 etc.
3533 5053 3741 5110 Melius

2088 5118 2301 5197 inElia
2330 5119 2535 5197 Billius
2564 5138 2576 5175 :
2614 5144 2640 5171 ‹‹
2676 5118 3002 5197 Magi-ssibi
3036 5118 3263 5180 morum
3294 5118 3361 5181 ac
3391 5125 3541 5192 vitae,
3561 5142 3741 5197 quam

2088 5194 2473 5274 externamet
2502 5191 2561 5274 in
2611 5191 2802 5274 specie
2851 5195 3135 5253 duntaxat
3179 5214 3246 5253 ac
3294 5198 3427 5253 fuco
3486 5191 3739 5269 positam

2086 5263 2512 5335 sublimitatem
2535 5263 2892 5335 judicantes.
2928 5290 2954 5315 ››

2184 5336 2267 5421 lli)
2295 5338 2399 5386 Τοῦ
2434 5334 2551 5405 μὲν
2584 5337 2911 5421 φαινομένου
2950 5336 3039 5391 καὶ
3059 5337 3442 5421 γραφομένου.
3477 5338 3737 5421 Combef.

2085 5410 2373 5488 §<.__Pa_rum
2398 5423 2701 5488 Acuramus
2749 5412 2904 5488 quod
2947 5410 3133 5467 oculis
3165 5410 3498 5488 subjectum
3529 5418 3619 5468 est
3673 5428 3739 5488 ac

2082 5476 2290 5558 litteris
2318 5478 2709 5558 deformatum
2736 5476 2814 5535 ε’»
2846 5483 2902 5558 id
2932 5487 3042 5550 est,
3078 5484 3233 5558 quod
3276 5476 3527 5558 videtur,
3556 5488 3631 5558 _et
3677 5484 3736 5538 in

2082 5550 2298 5627 cortice
2349 5550 2719 5627 estlitteraz,
2776 5555 2871 5627 cui
2930 5550 3267 5627 Opponitur,
3325 5556 3389 5609 τὸ
3439 5550 3734 5627 νοούμενον

2081 5642 2107 5669 ‹‹
2146 5622 2505 5699 quodmente
2536 5622 2911 5699 intelligitur.
2946 5622 2987 5675 ›ἷ
3009 5622 3175 5699 Nihil
3210 5627 3307 5682 hic
3336 5628 3407 5684 de
3437 5622 3692 5699 pictura3

2149 5692 2261 5763 (45)
2303 5693 2419 5768 .Τὸν
2467 5696 2681 5768 θεατήν.
2733 5692 2875 5768 Reg.
2928 5714 2985 5768 q,
3034 5697 3193 5755 Colb.
3251 5700 3305 5768 3,
3349 5704 3408 5756 et
3437 5692 3609 5758 'Pass.
3641 5696 3731 5755 τὸν

2078 5761 2370 5840 ἀκροατήν,
2404 5788 2432 5814 ι(
2466 5761 2792 5825 auditorem
2807 5761 2887 5828 ,νη
