4148 6290
408 383 524 448 653

1401 383 1691 447 ORATIO
1735 381 1841 447 ιν.
1875 421 1952 430 —-
1984 384 2295 446 CONTRA
2340 383 2738 446 JULIANUM
2784 383 2829 446 Ι.

3706 383 3825 446 654

411 517 546 587 ἕξεις
566 518 679 589 (16)
713 514 894 577 αὐτοῖς
929 512 1211 592 ὑποφήτας
1243 512 1456 585 δηλαδῆ
1511 517 1785 590 θεοφόρων
1838 514 2066 589 λογίων,

2197 516 2321 581 )uid
2359 517 2599 588 postea?
2632 516 2921 572 Praebebis
2952 517 3100 589 ipsis
3132 515 3357 572 scilicet
3387 516 3738 585 divinorum,
3763 522 3827 573 ut

411 608 484 668 ὡς
519 605 576 660 ἂν
607 604 758 660 αὐτοὶ
791 604 985 682 φαίητε
1015 608 1148 678 (17)⁶
1185 605 1273 659 καὶ
1312 600 1534 678 βίϐλους
1589 603 1849 674 ἀνελίξεις
1886 603 2070 667 θεολο-

410 694 564 772 γικάς
619 716 677 749 τε
731 693 820 749 καὶ
883 692 1095 763 ἠθικάς.
1151 694 1306 756 Τίνας
1356 693 1571 764 ταύτας,
1627 693 1743 748 εἶπέ
1801 715 1916 767 μοι,
1979 693 2068 747 καὶ

408 785 610 852 τίνων;
659 782 835 837 Καλὸν
885 781 1247 858 προσᾴδεσθαι
1313 785 1411 852 τὴν
1480 780 1730 838 Ἡσιόδου
1781 783 2069 858 Θεογονίαν

411 873 595 934 αὐτοῖς
653 873 741 926 καὶ
795 871 923 934 τοὺς
973 870 1082 925 ἐκεῖ
1129 870 1411 944 πολέμους
1472 873 1560 926 καὶ
1638 870 1892 946 κλόνους,
1943 874 2072 933 τοὺς

413 967 663 1034 Τιτᾶνας,
696 961 824 1022 τοὺς
875 959 1148 1036 Γίγαντας,
1205 961 1338 1034 μετὰ
1379 965 1488 1016 τῶν
1513 956 1758 1039 φοϐερῶν
1789 961 2068 1034 ὀνομάτων

413 1073 471 1106 τε
511 1052 603 1105 καὶ
669 1048 1044 1125 πραγμάτων;
1103 1048 1270 1112 Κότος
1329 1052 1462 1123 (18),
1523 1049 1823 1126 Βριάρεως,
1869 1049 2070 1124 Γύγης,

416 1136 767 1215 Ἐγκέλαδος,
820 1139 870 1192 οἱ
921 1135 1347 1214 δρακοντόποδες
1374 1139 1548 1212 ὑμῶν,
1601 1139 1652 1193 οἱ
1682 1139 2072 1217 κεραυνοφόροι

420 1230 554 1298 θεοὶ,
582 1224 634 1283 αἱ
663 1227 878 1290 τούτοις
910 1227 1260 1304 έπαφιέμεναι
1291 1234 1467 1298 νῆσοι,
1533 1228 1667 1302 βέλη
1712 1249 1771 1283 τε
1819 1231 1960 1301 ὁμοῦ
1986 1229 2074 1282 καὶ

420 1320 581 1396 τάφοι
609 1322 724 1379 τοῖς
774 1317 1105 1387 ἀπαντήσασι
1133 1336 1144 1350 ’
1197 1317 1264 1372 τὰ
1308 1316 1476 1392 πικρὰ
1518 1317 1724 1371 τούτων
1763 1320 2077 1392 γεννήματα

422 1408 510 1462 καὶ
558 1401 948 1482 προϐλήματα,
997 1404 1207 1483 Ὓδραι,
1258 1405 1549 1481 Χίμαιραι,
1604 1401 1890 1482 Κέρϐεροι,
1947 1413 2078 1482 Γορ-

420 1499 572 1575 γόνες
602 1500 736 1572 (49),
769 1497 1057 1574 φιλοτιμία
1088 1497 1283 1559 παντὸς
1315 1501 1502 1551 κακοῦν
1557 1501 1731 1552 Ταῦτα
1784 1495 1919 1552 ἔστω
1966 1500 2073 1550 τῶν

424 1589 646 1642 Ἡσιόου
721 1587 906 1643 καλῶν
965 1591 1083 1648 ταῖς
1142 1586 1328 1647 ἀκοαῖς
1385 1585 1769 1662 προτιθέμενα.
1848 1584 2076 1660 Ὀρφεὺς

423 1678 634 1751 παρίτω
695 1677 830 1750 μετά
883 1683 982 1747 τῆς
1041 1677 1266 1752 κιθάρας
1321 1676 1411 1730 καὶ
1456 1682 1557 1745 τῆς
1607 1677 1781 1730 πάντα
1811 1675 2079 1744 ἑλκούσης

425 1765 595 1841 ᾠδῆς,
647 1762 988 1841 έπιϐρεμέτω
1039 1765 1118 1820 Διὶ
1163 1768 1229 1820 τά
1279 1763 1488 1841 μεγάλα
1537 1765 1626 1819 καὶ
1683 1765 1928 1841 ὑπερφυῆ
1976 1770 2078 1832 τῆς

426 1855 710 1932 θεολογίας
743 1855 961 1933 ῥήματα
988 1855 1076 1910 καὶ
1109 1857 1362 1925 νοήματα
1385 1874 1396 1886 ·

502 2147 596 2199 Ζεῦ
643 2139 880 2211 κύδιστε,
937 2145 1155 2217 μέγιστε
1203 2143 1362 2210 θεῶν,
1407 2138 1658 2214 είλυμένε
1705 2141 1817 2214 (20)
1864 2137 2078 2214 κόπρῳ,

429 2321 525 2393 ὅση
577 2344 637 2378 τε
688 2319 894 2396 μηλείη
947 2322 1080 2395 (21),
1127 2321 1226 2391 ’ὀση
1260 2341 1319 2375 τε
1347 2318 1554 2390 ἵππων,
1587 2317 1686 2390 ὅση
1719 2340 1776 2374 τε
1805 2317 2078 2391 ἡμιόνων,

423 2410 494 2466 ’ίν’
524 2411 783 2483 έντεῦθεν,
816 2412 969 2485 οἶμαι
1002 2413 1135 2484 (22),
1170 2408 1365 2485 δειχθῇ
1395 2411 1457 2464 τὸ
1493 2408 1763 2484 ζωογόνον
1811 2412 1906 2462 τοῦ
1953 2409 2079 2461 θεοῦ

426 2501 513 2555 καὶ
545 2495 824 2579 φερέσϐιον
857 2518 868 2531 ·
905 2499 970 2553 οὐ
1000 2501 1100 2575 γὰρ
1133 2497 1319 2561 ἄλλως
1372 2497 1484 2552 οἶόν
1522 2519 1580 2553 τε
1614 2498 1682 2567 ἧν
1720 2517 1732 2529 ·
1788 2499 1877 2551 καὶ
1941 2494 2080 2570 μηδὲ

425 2597 523 2662 τῆς
556 2589 732 2661 ἄλλης
767 2586 1040 2665 φείδεσθαι
1070 2592 1179 2663 (23)
1216 2585 1650 2665 μεγαληγορίας.

623 2729 720 2787 Ὣς
751 2722 976 2780 εἰποῦσα
1004 2725 1096 2777 θεὰ
1126 2719 1308 2783 δοιοὺς
1338 2720 1624 2793 ἀνεσύρατο
1661 2741 1891 2796 μηρους,

424 2837 516 2894 Ἕνα
570 2839 760 2914 τελέσῃ
825 2839 952 2901 τοὺς
1008 2837 1254 2914 ἐραστὰς,
1299 2835 1330 2891 ἃ
1377 2838 1467 2891 καὶ
1515 2841 1602 2890 νῦν
1655 2834 1732 2890 ἔτι
1783 2836 1929 2890 τελεῖ
1973 2837 2081 2909 (24)

431 2933 548 2992 τοῖς
599 2933 900 3004 σχήμασιν.
956 2926 1076 2984 Ἐπὶ
1123 2932 1280 2981 πᾶσιν
1333 2927 1360 2979 ὁ
1401 2926 1585 2994 Φάνης
1613 2947 1670 2980 τε
1699 2925 1786 2980 καὶ
1816 2926 1843 2979 ὁ
1874 2926 2085 3000 Ἠρικα-

437 3021 620 3088 παῖος,
669 3019 756 3072 καὶ
807 3019 834 3072 ὁ
881 3015 1083 3078 πάντας
1137 3014 1442 3070 καταπίνων
1510 3013 1637 3076 τοὺς
1705 3011 1932 3083 ἄλλους,
1992 3014 2086 3067 εἴτ’

445 3101 730 3167 ἀναδιδοὺς
775 3106 924 3168 θεοὺς
968 3104 1061 3160 ’ίνα
1105 3105 1325 3181 γένηται
1374 3103 1554 3180 πατὴρ
1604 3100 1813 3178 ἀνδρῶν
1861 3124 1919 3157 τε
1949 3105 2082 3166 θεῶν

434 3214 512 3250 τε.
591 3197 763 3249 Ταῦτα
819 3193 1272 3250 ἐπεισκυκλείσθω
1355 3198 1471 3254 τοῖς
1566 3194 1896 3266 θαυμαστοῖς
1985 3198 2083 3261 τῆς

2177 606 2287 676 ipsi
2321 608 2508 661 dicere
2540 606 2760 673 soletis,
2794 606 3168 662 oraculorum
3202 606 3590 678 interpretes;
3643 625 3708 663 ac
3755 607 3825 662 li-

2179 695 2334 763 bros,
2368 700 2493 751 tum
2525 694 2906 768 theologicos,
2941 700 3064 751 tum
3094 696 3347 752 morales
3378 697 3602 752 evolves
3641 701 3698 751 et
3728 713 3823 752 ex-

2179 783 2440 854 plicabis.
2469 785 2764 848 Quosnam
2796 784 3032 840 tandem
3064 783 3192 853 hos,
3217 785 3331 853 dic,
3356 802 3572 857 quaeso,
3596 790 3652 841 et
3681 802 3824 858 quo-

2181 875 2350 927 rum?
2375 874 2720 929 Praeclarum
2746 873 2854 928 erit
2875 873 3109 929 Hesiodi
3135 873 3525 944 Theogoniam
3550 873 3692 947 ipsis
3724 891 3822 930 ac-

2182 962 2318 1033 cini,
2353 967 2408 1017 et
2439 963 2593 1018 bella
2623 963 2742 1018 illic
2775 964 3086 1036 descripta,
3129 967 3186 1018 et
3217 963 3532 1032 tumultus,
3565 965 3823 1036 Titanes,

2183 1050 2478 1122 Gigantes,
2514 1051 2855 1107 nominibus
2887 1051 3062 1107 simul
3113 1069 3178 1107 ac
3227 1053 3401 1108 rebus
3448 1053 3768 1109 horrendos
3800 1054 3829 1108 ‘I

2183 1141 2557 1197 Proferentur
2611 1142 2812 1210 Cotus,
2872 1141 3162 1210 Briareus,
3212 1145 3419 1214 Gyges,
3479 1142 3824 1214 Enceladus,

2183 1230 2544 1302 anguipedes
2573 1231 2772 1297 vestri,
2807 1230 3005 1302 diique
3036 1231 3254 1286 fulmen
3288 1234 3604 1302 gestantes,
3644 1235 3702 1287 et
3739 1231 3829 1286 in-

2186 1319 2324 1374 sulae
2372 1320 2430 1374 in
2480 1336 2578 1376 eos
2633 1320 2883 1391 injectaa,
2934 1337 3061 1391 quae
3114 1319 3232 1376 tela
3271 1320 3445 1375 simul
3477 1325 3533 1376 et
3562 1319 3834 1393 sepulcra

2182 1408 2300 1463 illis
2332 1410 2402 1464 ad
2454 1410 2720 1481 praelium
2773 1411 3217 1466 occurrentibus
3250 1410 3642 1466 exstiterunt:
3701 1413 3830 1466 tum

2188 1499 2379 1553 acerbi
2434 1503 2610 1567 atque
2657 1499 2949 1555 immanes
2996 1516 3194 1554 eorum
3238 1500 3413 1555 fcctus
3465 1517 3530 1556 ac
3580 1499 3830 1567 soboles,

2187 1587 2413 1659 Hydrze,
2446 1587 2762 1659 Chimaerae,
2795 1588 3046 1656 Cerberi,
3082 1590 3402 1661 Gorgones,
3436 1590 3628 1645 omnis
3665 1589 3832 1645 deni-

2188 1693 2300 1748 que
2331 1675 2469 1731 mali
2501 1676 2801 1732 colluvies.
2837 1678 2962 1732 Haec
3002 1678 3123 1732 sint
3158 1677 3387 1749 egregia
3416 1677 3536 1745 illa,
3568 1694 3692 1747 quae
3724 1693 3835 1731 au-

2188 1765 2476 1821 ditoribus
2523 1783 2591 1821 ex
2637 1767 2888 1822 Hesiodo
2939 1771 3355 1838 proponentur.
3398 1765 3664 1836 Orpheus
3705 1767 3833 1838 jam

2189 1871 2322 1910 cum
2354 1855 2596 1922 cithara,
2628 1859 2685 1911 et
2713 1859 2887 1912 cantu
2911 1856 3118 1912 omnia
3147 1856 3414 1911 trahente
3443 1856 3706 1928 prodeat,
3738 1855 3834 1910 Jo-

2186 1944 2358 2016 vique
2390 1961 2606 2017 magna
2635 1945 2735 2000 illa
2772 1947 2828 2001 et
2869 1944 3083 2001 eximia
3113 1944 3417 2017 theologia;
3446 1945 3624 2001 verba
3651 1949 3711 2001 et
3738 1960 3836 2000 co-

2187 2033 2372 2106 gitata
2403 2034 2494 2089 inf
2494 2038 2678 2091 remat
2713 2053 2726 2090 :

2256 2143 2469 2214 Jupiter
2495 2143 2913 2212 augustissime,
2953 2141 3177 2197 deorum
3214 2143 3457 2198 maxime
3496 2142 3590 2212 qui
3628 2148 3679 2197 te
3718 2139 3833 2197 vol-

2367 2215 2451 2268 vi:
2480 2215 2542 2268 in
2583 2215 2732 2285 ﬁmo,

2187 2326 2313 2376 tum
2345 2320 2563 2392 ovium,
2595 2324 2724 2376 tum
2755 2337 3062 2392 equorum,
3087 2324 3216 2376 tum
3244 2318 3562 2388 mulorum,
3585 2322 3652 2375 ut
3677 2317 3776 2373 vid

2185 2410 2322 2466 licet
2363 2410 2500 2466 hinc
2549 2411 2744 2467 vitalis
2798 2414 2855 2467 et
2902 2410 3150 2466 fecunda
3195 2409 3287 2464 dei
3332 2410 3418 2465 vis
3459 2410 3838 2480 declaretur;

2190 2517 2377 2570 neque
2407 2499 2563 2556 enim
2595 2499 2762 2556 aliter
2791 2503 3053 2572 poterat;
3105 2499 3248 2571 quin
3302 2517 3407 2554 nec
3462 2499 3559 2555 alii
3600 2499 3838 2571 quidem

2189 2588 2531 2659 hujusmodi
2562 2588 3083 2661 graudiloquentiae
3125 2605 3362 2660 parcere
3396 2606 3409 2644 :

2265 2725 2368 2782 Ubi
2397 2724 2497 2780 dea
2529 2727 2710 2781 locuta
2738 2727 2837 2791 est,
2869 2727 3165 2796 utramque
3194 2740 3383 2780 coxam
3416 2723 3643 2794 detexit,

2192 2843 2258 2895 ut
2282 2840 2538 2896 amasios
2561 2857 2699 2896 suos
2725 2839 3001 2909 initiaret,
3019 2856 3145 2911 quae
3168 2839 3405 2912 quidem
3431 2857 3584 2895 nunc
3608 2855 3841 2912 quoque

2193 2929 2385 2985 adhuc
2437 2947 2540 3002 per
2589 2929 2756 3001 signa
2803 2934 2861 2984 et
2911 2934 3114 3001 gestus
3163 2929 3550 2985 celebrantur.
3593 2931 3676 2984 Ad
3721 2930 3843 2986 hinc

2196 3018 2394 3074 omnia
2416 3017 2642 3073 Phanes
2675 3018 2931 3086 accedat,
2957 3022 3014 3072 et
3046 3017 3398 3090 Ericapaaus,
3423 3022 3480 3073 et
3509 3017 3610 3089 qui
3637 3034 3841 3075 omnes

2197 3107 2342 3164 alios
2393 3108 2532 3162 deos
2577 3109 2833 3178 devorat,
2882 3123 2948 3161 ac
3002 3111 3206 3178 postea
3258 3106 3457 3179 egerit,
3508 3111 3569 3162 ut
3598 3108 3843 3166 deorum

2205 3201 2381 3269 atque
2404 3196 2711 3252 hominum
2741 3199 2905 3268 pater
2924 3196 3227 3252 efficiatur.
3254 3196 3384 3252 Haec
3415 3195 3642 3252 eximiis
3673 3201 3730 3252 et
3749 3197 3846 3253 ad-

431 3280 715 3360 θεολογίας
744 3283 1054 3360 ἀκροαταῖς,
1087 3283 1183 3338 εἶτ’
1214 3280 1531 3345 έπινοείσθω
1572 3264 1786 3342 τούτοις
1844 3278 2077 3357 ἀλληγο-

2199 3264 2485 3341 mirandis
2514 3264 2841 3341 divinitatis
2873 3285 3238 3342 auditoribus
3269 3285 3656 3352 inculcentur,
3683 3291 3841 3357 post-

430 3376 649 3449 ρήματα
695 3373 784 3429 καὶ
830 3372 1199 3449 τερατεύματα
1227 3391 1240 3403 ο
1291 3370 1380 3425 καὶ
1429 3374 1532 3424 τῶν
1577 3369 1949 3443 προκειμένων
1993 3369 2078 3425 ἐκ·

425 3463 637 3518 πίπτων
689 3464 717 3517 ὁ
765 3462 934 3537 λόγος
986 3462 1062 3525 εἷς
1107 3463 1346 3536 βάραθρα
1374 3459 1649 3536 χωρείτω,
1681 3459 1771 3514 καὶ
1799 3459 2077 3534 κρημνοὺς

426 3550 652 3627 θεωρίας
685 3549 784 3605 οὐκ
813 3549 1049 3625 ἐχούσης
1078 3548 1139 3604 τὸ
1172 3547 1452 3621 στάσιμον.

497 3728 626 3795 Ρ1ζ’.
661 3728 914 3798 ’Όμηρον
963 3722 1020 3779 δὲ
1067 3729 1173 3780 ποῦ
1223 3727 1428 3795 θήσεις,
1479 3725 1570 3779 τὸν
1608 3724 1770 3799 μέγαν
1801 3728 1907 3779 τῶν
1941 3727 2073 3779 θεῶν

425 3835 520 3868 σου
693 3811 1187 3892 κωμῳδιογράφον,
1218 3813 1311 3868 εἶτ’
1345 3811 1434 3868 οὖν
1466 3810 1881 3890 τραγῳδοποιόν
2057 3831 2070 3880 ;

422 3903 737 3981 ’Δμφότερα
783 3905 884 3980 γὰρ
943 3904 1189 3979 εὑρησεις
1251 3903 1301 3957 έν
1361 3907 1475 3964 τοῖς
1530 3901 1852 3975 θαυμασίοις
1909 3903 2072 3956 αὐτοῦ

424 3995 713 4066 ποιήμασιν
745 3995 813 4048 τὰ
846 3993 942 4067 μὲν
977 3997 1274 4070 συμφορᾶς,
1307 3992 1373 4047 τὰ
1404 3989 1461 4046 δὲ
1501 3989 1740 4068 γέλωτος
1785 3992 1921 4061 ἄξια.
1975 3999 2071 4045 Και

423 4082 526 4157 γὰρ
553 4083 724 4146 ὅντως
757 4081 820 4137 ού
873 4088 1068 4158 μικρᾶς
1116 4084 1214 4150 τῆς
1253 4079 1534 4159 φροντίδος
1564 4081 1737 4135 έκεῖνο
1769 4077 1921 4152 ἰδεῖν,
1956 4087 2072 4142 πῶς

429 4173 522 4244 μέν
557 4173 804 4234 Ὠκεανὸς
851 4173 1023 4242 Τηθύϊ
1070 4169 1544 4246 καταλλαγήσεται
1606 4168 1675 4224 δι’
1730 4172 1903 4245 ’Ἡρας
1941 4191 2076 4247 πορ-

422 4263 584 4323 νικῶς
613 4262 1001 4334 κοσμουμένης
1027 4279 1038 4289 ·
1072 4257 1260 4328 ἐπειδὴ
1293 4256 1539 4321 κίνδυνος
1567 4263 1644 4330 τῷ
1685 4259 1842 4313 παντὶ
1873 4259 2072 4334 χρόνον

420 4349 542 4404 τινὰ
589 4350 1008 4427 σωφρονούντων
1061 4348 1236 4404 αὐτῶν
1264 4369 1274 4381 ·
1311 4344 1404 4402 εἶτ’
1464 4344 1553 4401 οὖν
1584 4348 1682 4415 τὴν
1714 4348 1876 4422 ξηρὰν
1920 4349 2074 4424 φύσιν

421 4438 510 4492 καὶ
538 4439 637 4506 τήν
671 4439 835 4514 ὑγρὰν
868 4437 1331 4493 καταλλάττεσθαι
1360 4434 1493 4507 δέοι,
1531 4438 1606 4508 μὴ
1639 4441 1716 4506 τῷ
1744 4435 2079 4510 πλεονασμῷ

421 4531 518 4582 τοῦ
549 4528 735 4602 ἑτέρου
764 4527 826 4582 τὸ
882 4533 984 4582 πᾶν
1038 4528 1283 4602 συγχεθῇ
1332 4527 1483 4599 (27)·
1538 4521 1644 4578 si’te
1687 4545 1737 4578 τι
1783 4520 1923 4579 ἄλλο
1951 4525 2075 4580 τού-

2191 3392 2376 3446 eaque
2408 3374 2498 3430 his
2525 3373 2814 3447 allegoriae
2847 3391 2912 3429 ac
2947 3379 3296 3446 portentosas
3329 3375 3840 3446 interpretationes

2191 3465 2628 3537 excogitantur;
2673 3468 2847 3537 atque
2893 3481 2928 3519 a
2975 3463 3291 3536 propositis
3331 3465 3508 3520 rebus
3558 3465 3837 3521 aberrans

2190 3554 2394 3622 oratio,
2421 3555 2478 3608 in
2511 3559 2801 3626 praerupta
2830 3553 3361 3625 contemplationis,
3386 3571 3510 3626 qua:
3543 3553 3686 3609 nihil
3719 3558 3838 3616 ειαπ

2188 3643 2304 3698 bile
2336 3661 2402 3699 ac
2432 3643 2687 3699 solidum
2721 3645 2954 3714 habeat,
2988 3645 3228 3698 feratur.

2260 3733 2437 3788 CXVI.
2475 3735 2539 3787 At
2569 3749 2701 3788 vero
2724 3737 3038 3788 Homerum
3065 3749 3180 3803 quo
3205 3733 3439 3787 tandem
3475 3732 3599 3788 loco
3630 3749 3833 3803 pones,

2190 3837 2494 3892 magnum,
2518 3821 2784 3892 inquam,
2811 3819 2980 3874 illum
3014 3821 3255 3874 deorum
3292 3821 3444 3877 I42
3478 3824 3712 3876 tuorum
3745 3838 3837 3878 co-

2192 3910 2538 3965 mmdiarum
2590 3909 2782 3964 dicam
2833 3926 2906 3964 an
2961 3909 3378 3979 tragccdiarum
3429 3910 3778 3982 scriptorem
3810 3912 3838 3967 ?

2192 4004 2517 4068 Utrumque
2537 3998 2695 4053 enim
2718 3998 2777 4052 in
2803 3997 3068 4052 miriﬁcis
3090 3997 3249 4051 illius
3271 3997 3536 4054 versibus
3558 4000 3836 4071 reperies,

2189 4089 2303 4144 alia
2349 4103 2558 4159 nempe
2600 4087 2792 4140 tristia
2834 4090 2891 4140 et
2944 4085 3305 4152 calamitosa,
3343 4087 3458 4141 alia
3486 4087 3604 4141 risu
3639 4088 3837 4161 digna.

2188 4177 2386 4248 Neque
2434 4175 2588 4230 enim
2624 4175 2886 4246 profecto
2929 4173 3072 4229 levis
3120 4173 3264 4229 illud
3315 4192 3464 4230 curas
3515 4181 3604 4232 est
3647 4177 3843 4234 videre

2189 4265 2687 4337 quemadmodum
2721 4263 3008 4329 Oceanus,
3041 4263 3292 4318 Junonis
3325 4265 3652 4321 meretricio
3685 4283 3844 4323 more

2190 4355 2357 4411 cultae
2390 4355 2809 4424 instructaeque
2839 4368 3035 4424 opera,
3059 4351 3116 4406 in
3149 4352 3399 4423 gratiam
3433 4371 3566 4409 cum
3598 4354 3846 4411 Thetide

2191 4444 2490 4500 rediturus
2547 4442 2670 4498 sit:
2721 4442 3202 4513 quandoquidem
3250 4459 3442 4496 rerum
3476 4443 3843 4501 universitati

2191 4531 2517 4605 periculum
2544 4531 2909 4602 imminebat,
2935 4531 2980 4586 si
3007 4530 3116 4602 ipsi
3143 4531 3572 4604 aliquantisper
3602 4551 3636 4589 a
3666 4535 3843 4590 rebus

423 4636 533 4670 των
586 4618 700 4690 (28)
758 4615 992 4679 ἐπινοεῖς
1047 4616 1408 4688 ἀτοπώτερον.
1467 4612 1557 4675 Τίς
1611 4611 1668 4666 δὲ
1723 4616 1758 4682 ἡ
1817 4615 2077 4688 θαυμασία

2197 4621 2453 4678 venereis
2476 4620 2874 4676 abstinerent:
2911 4620 3031 4676 sive
3055 4620 3147 4674 his
3177 4620 3368 4675 verbis
3401 4621 3508 4677 hoc
3531 4621 3844 4695 intelligas,

426 4704 601 4778 Ἦίξις
643 4709 740 4760 τοῦ
789 4705 1213 4784 νεφεληγερέτου
1261 4705 1375 4777 (29)
1423 4701 1512 4757 καὶ
1556 4708 1657 4771 τῆς
1701 4710 1899 4775 σεμνῆς
1932 4725 2089 4781 μρας,

427 4795 591 4864 ἡνίκα
621 4796 958 4872 ἀσχημονεῖν
1009 4793 1168 4850 αὐτὸν
1216 4791 1485 4848 ἀναπείθει
1541 4793 1811 4864 μεσούσης
1858 4795 2088 4869 ἡμέρας.

645 4939 923 5022 Euathlo.
959 4940 1097 5022 Reg.
1115 4957 1174 5022 q,
1202 4934 1654 5022 Passmupuguc.

503 5008 617 5092 (t7)
645 5008 824 5073 'Qc'b‘r)
853 5010 1005 5066 αὐτοὶ
1033 5008 1245 5088 epulare.
1286 5015 1418 5066 Haec
1458 5008 1521 5063 in
1576 5024 1689 5063 uno
1729 5008 1869 5080 Reg.
1904 5027 1962 5082 q,
1995 5028 2084 5066 re-

477 5098 721 5138 BPImUS.

435 5100 721 5155 perimus.

503 5153 619 5214 (48)
649 5152 837 5214 Κότος.
869 5154 975 5210 Alii
1008 5151 1230 5212 Κόττος.

523 5220 613 5318 12)
642 5224 926 5318 ιξριγάνες·
963 5226 1100 5318 Βεε·
1144 5226 1268 5318 b2»
1302 5220 1584 5318 Γοξῖάνξξξε

651 5289 953 5369 ΑΕίλύμένε.
1009 5289 1154 5369 R‘ég.
1198 5289 1320 5361 bin,
1373 5289 1433 5349 ἐξ
1490 5293 1612 5358 alii,
1648 5289 1891 5364 ἷλυμένε.

661 5317 801 5353 I‘JIAU
853 5317 953 5351 ενε.
1009 5317 1147 5369 neg.
1198 5317 1320 5361 Dm,
1373 5317 1430 5349 BE
1490 5317 1612 5358 ωιι,
1650 5317 1891 5364 ιΛυμενε.
1937 5317 2083 5350 ιδυιι.

427 5365 746 5446 είλυμμὲνε.
806 5317 1092 5426 austerum
1143 5368 1239 5446 hic
1279 5382 1492 5446 versus
1538 5370 1626 5446 _et_
1661 5381 1936 5446 sequens,
2012 5365 2086 5427 ὥς

428 5437 675 5508 εἰποῦσα,
706 5446 816 5498 etc.
850 5458 966 5497 non
998 5442 1368 5512 reperiuntur
1397 5437 1457 5492 in
1487 5437 1665 5492 editis
1697 5438 1911 5508 Orphei
1959 5455 2088 5493 car-

436 5513 720 5569 minibus.

505 5587 614 5653 (21)
646 5581 888 5653 Μηλείη.
923 5584 1066 5638 Tres
1097 5583 1236 5654 Reg.
1270 5585 1326 5637 et
1354 5580 1518 5634 Colb.
1554 5580 1612 5646 k,
1650 5574 1852 5650 μηλίη.

531 5656 623 5726 22)
650 5657 837 5727 Οἶμαι.
871 5660 1043 5727 Deest
1073 5654 1130 5708 in
1161 5655 1323 5727 l’ase.

531 5656 623 5726 22)
650 5657 837 5727 Οἶμαι.
871 5660 1043 5710 Deest
1073 5656 1130 5708 in
1161 5656 1323 5709 Pass.

509 5656 625 5799 (23)
656 5723 958 5782 Φείδεσθαι.
990 5725 1130 5780 Tres
1160 5725 1298 5796 Reg.
1332 5723 1428 5778 Or.
1476 5721 1529 5793 4,
1581 5726 1638 5776 et
1685 5721 1930 5777 Montac.
1982 5722 2091 5797 φεί.

2203 4716 2474 4766 naturam
2498 4711 2713 4766 siccam
2735 4725 2872 4764 cum
2895 4709 3139 4764 humida
3162 4710 3222 4763 in
3249 4711 3622 4766 concordiam
3647 4712 3846 4766 reduci

2201 4803 2486 4871 oportere,
2521 4815 2593 4854 ne
2633 4797 2973 4854 alterutrius
3004 4798 3394 4853 redundantia
3424 4799 3681 4854 mundus
3715 4815 3850 4872 per-

2197 4937 2368 5016 δεσβε.
2402 4940 2598 5016 Schol.
2620 4936 2874 5016 ’φείδεσθε
2906 4939 2958 5016 ο).
2989 4935 3468 5016 ’ΊΞλγληνες-ιξμειςτ

2267 5013 2380 5083 (24)
2410 5013 2526 5067 Ἔτι
2556 5009 2725 5068 τελεῖ.
2761 5012 2899 5083 Reg.
2935 5012 3056 5080 bm,
3077 5012 3234 5083 μΒὶΗ.Δ
3263 5011 3416 5067 Elius
3463 5009 3539 5065 ἔτι
3587 5010 3847 5070 τελεῖται.

2197 5079 2339 5139 Tres
2360 5079 2514 5155 Reg.
2549 5091 2606 5139 et
2635 5085 2795 5140 Pass.
2828 5079 2916 5136 {ut
2949 5079 3047 5135 νῦν
3073 5079 3327 5137 ἐπιτελεῖ.
3363 5084 3492 5139 Sav.
3518 5084 3646 5141 Ald.
3670 5084 3852 5139 ἐπιτε-

2199 5159 2392 5208 λεῖται.

2271 5229 2382 5296 (25)
2413 5229 2528 5277 Τῶν
2565 5228 2698 5296 θεῶν
2734 5245 2849 5296 σου.
2887 5224 3086 5280 Biilius
3116 5241 3126 5278 :
3159 5248 3185 5273 ‹‹
3218 5225 3581 5296 Divinarum.
3615 5249 3644 5278 »

2269 5293 2382 5365 (26)
2412 5293 2859 5370 Τραγῳδοποιόνἒ
2882 5297 3005 5351 Duo
3043 5297 3217 5366 Regg.
3249 5295 3708 5369 τραγῳδιοποιόν.

2269 5370 2383 5440 (2⁸7)
2416 5369 2689 5443 saneea.
2725 5369 2808 5424 Ita
2837 5369 3013 5443 Begg.
3047 5385 3270 5443 omnes,
3303 5373 3444 5424 Ur.1
3473 5388 3487 5438 ;
3521 5371 3707 5443 Pase.,
3739 5373 3854 5443 etc,

2201 5439 2381 5496 Mont.
2415 5439 2568 5511 vero,
2603 5439 2727 5494 Par.
2760 5446 2816 5495 et
2847 5440 2980 5494 Sav.
3012 5439 3279 5511 συγχυθῇ.

2271 5513 2383 5583 (28)
2413 5509 2646 5566 Τούτων.
2677 5511 2770 5567 Sic
2802 5511 3062 5583 plerique
3094 5509 3529 5570 cediCesPauci
3559 5529 3693 5568 cum
3727 5512 3852 5570 edi-

2199 5584 2276 5638 tis
2305 5585 2574 5639 τοιοῦτον,

2236 5725 2246 5735 ⁸
2275 5655 2388 5726 (29)
2436 5656 2540 5705 Τοῦ
2589 5651 3034 5735 νεφεληγερέτου.

3089 5679 3113 5705 ‹‹
3165 5654 3424 5711 Nubium
3471 5661 3847 5732 congregato-

2204 5727 2305 5799 ris,
2343 5748 2369 5775 ››
2401 5742 2629 5797 nempe.
2659 5727 2690 5775 ἰ(
2722 5727 2902 5784 Jovis.
2937 5749 2970 5808 »_
3590 5727 3612 5754 Τ
3693 5727 3717 5762 ‘-
3799 5735 3811 5770 ι’

3961 5641 4056 5710 ,ει

3905 5723 3968 5887 1
