4148 6290
178 5733 318 5828 τις,

333 328 450 387 655

1581 324 1645 380 S.
1695 319 1789 380 GR
1804 319 2062 379 EG‘JItIl
2116 317 2510 380 THEOLQGI

3633 317 3754 384 656

323 460 593 514 turbetur
622 475 635 514 :
671 458 793 514 sive
824 456 983 513 aliud
1015 456 1301 529 quiddam
1333 454 1425 509 his
1457 453 1778 510 absurdius
1811 469 1974 508 exco-

2095 451 2180 505 κᾶν
2216 452 2265 505 οἱ
2298 451 2522 522 ποιηταὶ
2576 450 2709 526 μετά
2754 457 2862 507 τῶν
2914 451 3123 528 μέτρων
3174 451 3330 508 αὐτὸν
3382 451 3751 526 κολακεύωσι,

329 549 498 620 gites.
526 549 677 616 Jam,
712 547 846 619 quis
878 545 1271 602 admirandus
1301 544 1462 600 Jovis
1495 543 1676 610 illius,
1711 561 1775 598 ac
1801 559 1974 598 vene-

329 637 523 692 randae
542 635 792 692 Junonis
816 652 1188 709 congressus,
1219 651 1352 691 cum
1378 634 1484 690 hoc
1505 634 1635 704 ipsa
1655 632 1704 688 ei
1736 649 1977 705 persua-

331 728 444 789 det,
478 728 542 780 ut
585 725 776 780 medio
819 725 947 796 ipso
991 726 1082 778 dic
1115 725 1377 779 obscenae
1411 724 1491 778 rei
1523 724 1685 778 daret
1717 739 1977 793 operam,

330 819 628 886 utcunque
659 818 837 886 poetaa
871 814 1234 869 carminibus
1268 814 1391 869 suis
1433 813 1544 885 ipsi
1577 811 1976 880 blandiantur,

331 901 517 958 lotum
567 903 864 958 roscidum
913 904 1379 972 substernentes,
1431 907 1490 957 et
1537 918 1771 957 crocum
1805 905 1978 972 atque

332 992 713 1065 hyacinthum
775 1009 804 1047 e
861 998 1016 1048 terra
1065 992 1497 1063 producentes?
1545 991 1707 1046 Unde
1752 991 1892 1058 haec,
1925 994 1981 1045 et

333 1098 461 1154 quae
481 1081 706 1138 hamum
735 1086 824 1137 est
847 1081 992 1138 ratio
1009 1082 1035 1135 ‘2
1057 1083 1178 1146 Quo
1203 1083 1379 1138 etiam
1404 1085 1571 1154 pacto
1591 1085 1782 1136 vestra
1802 1081 1977 1147 Juno,

331 1170 435 1227 illa
464 1171 663 1244 magni
683 1171 843 1228 Jovis
875 1189 1040 1227 soror
1070 1175 1126 1227 et
1151 1173 1385 1242 conjux,
1410 1171 1511 1226 illa
1541 1169 1814 1226 ulnarum
1844 1187 1978 1225 can-

330 1261 490 1332 dore,
523 1261 824 1332 roseisque
854 1261 1056 1334 digitis
1089 1260 1358 1333 insignis,
1395 1277 1548 1314 nunc
1589 1260 1646 1314 in
1679 1259 1891 1314 aethere
1925 1262 1981 1313 et

329 1349 588 1406 nubibus
623 1351 855 1422 pendet,
889 1350 1209 1422 ferreisque
1252 1349 1566 1404 incudibus
1599 1347 1976 1420 deprimitur,

327 1439 637 1512 aureisque
667 1439 918 1495 manicis
944 1439 1218 1505 vincitur,
1244 1440 1388 1494 adeo
1416 1446 1479 1492 ut
1511 1454 1582 1493 ne
1605 1437 1717 1491 diis
1739 1435 1974 1506 quidem

323 1527 559 1584 veniam
587 1516 694 1583 eia
713 1528 851 1583 Jove
873 1527 1189 1600 impetrare
1212 1525 1724 1590 contendentibus,
1740 1524 1982 1597 periculi

325 1632 536 1688 expers
583 1615 928 1687 hujusmodi
960 1617 1301 1672 humanitas
1341 1621 1496 1672 esset
1530 1633 1540 1668 :
1599 1632 1754 1669 nunc
1786 1618 1980 1669 autem

326 1705 668 1761 universum
720 1722 986 1761 amorum
1039 1711 1266 1761 cestum
1327 1705 1595 1771 assumit,
1647 1704 1979 1774 lascivoque

326 1799 536 1852 ornatu
557 1795 756 1851 Jovem
778 1795 860 1850 ita
887 1795 1088 1862 allicit,
1117 1801 1180 1850 ut
1211 1796 1335 1866 ipse
1359 1811 1592 1866 quoque
1614 1810 1818 1849 omnes
1842 1810 1978 1848 suos

327 1883 592 1940 omnium
614 1884 967 1940 feminarum
989 1901 1220 1940 amores
1238 1885 1346 1939 hoc
1366 1902 1479 1939 uno
1500 1883 1697 1938 multis
1717 1883 1982 1955 partibus

327 1977 632 2034 inferiores
650 1995 778 2033 esse
795 1979 1178 2034 conﬁteatur?
1196 1979 1335 2043 Quis
1355 1983 1631 2049 prccterea
1651 1977 1742 2031 hic
1763 1980 1976 2042 metus,

330 2082 403 2122 ne
431 2065 544 2122 diis
588 2084 692 2138 pro
729 2067 956 2122 Lacszno
990 2072 1182 2123 scorto
1214 2067 1494 2133 incitatis,
1531 2065 1792 2137 oculoque
1825 2067 1976 2119 into-

329 2160 525 2225 nante,
557 2161 722 2211 terra:
754 2156 990 2228 quidem
1025 2157 1192 2212 sedes
1225 2162 1554 2227 rumpatur,
1590 2172 1749 2210 mare
1781 2159 1975 2210 autem

329 2245 672 2317 invertatur,
722 2251 778 2300 et
827 2246 955 2301 Orci
1012 2247 1171 2318 regia
1223 2247 1480 2316 pateﬁat,
1525 2249 1697 2315 atque
1728 2260 1814 2311 ea,
1850 2260 1975 2314 qua:

328 2333 608 2391 diuturno
641 2339 904 2407 tempore
931 2336 1161 2391 obtecta
1193 2336 1444 2404 fuerant,
1477 2335 1536 2389 in
1583 2338 1847 2404 apertum
1879 2348 1978 2386 ve-

326 2423 534 2480 niant?
561 2423 701 2487 Quis
732 2440 900 2493 porro
932 2423 1029 2478 ille
1062 2424 1363 2495 nigrorum
1398 2422 1844 2495 superciliorum
1868 2439 1975 2475 nu-

325 2516 446 2578 tus,
498 2516 556 2567 et
614 2512 948 2567 divinorum
1008 2512 1258 2567 crinium
1311 2511 1622 2567 commotio
1676 2510 1974 2581 olympum

323 2605 515 2656 totum
539 2601 879 2656 concutiens
897 2601 925 2654 ‘I
956 2600 1095 2666 Quis
1120 2602 1296 2656 etiam
1320 2602 1473 2658 Mars
1497 2601 1593 2656 ille
1614 2600 1972 2667 vulneratus,

329 2695 430 2746 aut
459 2705 617 2747 mneo
650 2706 879 2747 carcere
912 2691 1227 2748 conclusus
1249 2694 1276 2746 ἱ)
1328 2691 1445 2758 ille,
1489 2693 1752 2763 inquam,
1789 2708 1974 2745 aureae

2087 539 2260 595 λωτὸν
2334 542 2794 618 ὑποστρωννύντες
2872 541 3158 617 ἑρσήεντα,
3223 543 3313 598 καὶ
3367 542 3564 620 κρόκον
3627 545 3751 599 ἀνα-

2087 629 2308 706 φύοντες
2363 629 2420 685 ἐκ
2471 634 2571 701 τῆς
2620 638 2725 708 γῆς
2763 632 2853 686 καὶ
2888 633 3175 702 ὑάκινθον;
3210 631 3374 689 Πόθεν
3406 637 3597 703 ταῦτα,
3656 635 3747 688 καὶ

2085 719 2169 781 τίς
2195 719 2400 774 τούτων
2435 721 2462 773 ὁ
2494 717 2696 796 λόγος;
2731 726 2854 784 Πῶς
2887 718 2944 776 δὲ
2990 724 3025 792 ἡ
3078 721 3212 790 αύτὴ
3260 723 3377 776 καθ’
3411 723 3550 796 ὑμᾶς
3581 725 3748 798 ”Ηρα,

2086 812 2120 877 ἡ
2165 814 2262 863 τοῦ
2295 812 2402 882 (30)
2453 810 2693 885 μεγάλου
2745 812 2866 873 Διὸς
2918 809 3126 890 ἀδελφή
3170 813 3259 866 καὶ
3308 812 3604 886 ὁμόζυγος,
3656 817 3744 867 νῦν

2092 899 2184 970 μὲν
2219 897 2269 952 ἐν
2302 898 2471 974 αἰθέρι
2520 899 2608 953 καὶ
2657 899 2907 978 νεφέλαις
2950 902 3288 975 κρεμαμένη,
3349 901 3437 956 καὶ
3489 899 3741 978 σιδηροῖς

2089 985 2286 1060 ἅκμοσι
2335 988 2732 1062 καθελκομένη,
2782 990 2871 1045 καὶ
2915 997 3144 1067 χρυσαῖς
3206 990 3495 1064 τιμωμένη
3549 1011 3741 1068 χειρο-

2087 1075 2296 1147 πέδαις,
2418 1077 2750 1142 λευκώλενός
2799 1101 2856 1135 τε
2909 1080 2998 1135 καὶ
3033 1078 3460 1157 ῥοδοδάκτυλος,
3494 1080 3567 1143 ὡς
3605 1079 3747 1155 μηδὲ

2086 1174 2204 1229 τοῖς
2251 1171 2623 1244 παραιτεῖσθαι
2680 1169 3038 1244 βουλομένοις
3088 1175 3196 1226 τῶν
3249 1174 3384 1234 θεῶν
3466 1167 3745 1225 ἀκίνδυνον

2089 1257 2220 1311 εἶναι
2248 1258 2344 1326 τήν
2380 1255 2788 1335 φιλανθρωπίαν
2816 1279 2828 1291 ⁸
2861 1263 2948 1313 νῦν
2983 1257 3039 1314 δὲ
3069 1258 3198 1315 ὅλον
3226 1260 3315 1314 τὸν
3373 1263 3482 1314 τῶν
3530 1258 3748 1334 ἰρώτων

2087 1347 2271 1400 κεστὸν
2305 1345 2384 1424 ἐφ’
2411 1347 2602 1416 ἑαυτὴν
2635 1350 2749 1421 (31)
2773 1345 3004 1402 ἕλκουσα
3035 1345 3123 1403 διὰ
3162 1353 3268 1404 τῶν
3315 1350 3455 1425 πρὸς
3507 1350 3598 1404 τὸν
3657 1349 3752 1403 Δία

2087 1433 2594 1509 καλλωπισμάτων,
2645 1438 2718 1498 ὡς
2765 1435 2852 1492 καί
2899 1437 3096 1500 πάντας
3145 1437 3535 1514 ὁμολογεῖσθαι
3593 1438 3740 1511 αύτῷ

2087 1523 2213 1587 τοὺς
2246 1524 2331 1579 ἐπὶ
2363 1527 2558 1587 πάσαις
2580 1524 2783 1599 ἔρωτας
2834 1528 2949 1590 ἑνὸς
2967 1526 3163 1582 τούτου
3185 1526 3478 1602 παραπολὺ
3499 1529 3609 1601 (32)
3636 1527 3744 1582 λει-

2087 1614 2360 1688 πομένους
2385 1633 2397 1682 ;
2427 1615 2517 1676 Τίς
2551 1613 2614 1668 δά
2645 1617 2673 1668 ὁ
2705 1610 2894 1692 φόϐος,
2933 1617 3007 1690 μὴ
3045 1621 3152 1671 τῶν
3210 1619 3344 1671 θεῶν
3403 1617 3741 1689 κινουμένων

2091 1704 2224 1780 ὑπὲρ
2298 1712 2398 1774 τῆς
2480 1705 2751 1775 Λακαίνης
2837 1702 3106 1780 μοιχάδος
3178 1708 3315 1780 (33),
3374 1705 3463 1761 καὶ
3524 1705 3751 1782 οὐρανοῦ

2090 1792 2448 1862 σαλπίζοντος
2481 1796 2613 1866 (34),
2646 1793 2897 1868 ἀναῤῥμῇ
2934 1794 3028 1867 μὶν
3064 1801 3166 1870 γῆς
3207 1790 3354 1871 ἔδρα,
3391 1797 3743 1871 μεθαρμοσθῇ

2091 1880 2148 1937 δὲ
2191 1881 2452 1955 θάλασσα,
2507 1880 2840 1956 δηποσιευθῇ
2892 1881 2948 1937 δὲ
2995 1881 3124 1954 ᾂδου
3181 1883 3448 1959 βασίλεια,
3510 1883 3599 1938 καὶ
3671 1884 3748 1947 εἰς

2089 1972 2395 2048 τούμφανὲς
2453 1969 2582 2045 ἔλθῃ
2635 1971 2702 2026 τὰ
2757 1976 2836 2044 τῷ
2888 1973 3079 2048 μακρῷ
3138 1973 3326 2048 χρόνῳ
3387 1971 3741 2047 κεκαλυμμέ-

2086 2083 2151 2115 να
2181 2064 2329 2134 (35);
2362 2061 2451 2122 Τίς
2484 2058 2540 2115 δὲ
2581 2063 2616 2130 ἡ
2644 2065 2749 2115 τῶν
2790 2061 3021 2116 κυανέων
3055 2061 3271 2139 ὀφρύων
3323 2061 3610 2132 ἐπίνευσις,
3653 2064 3742 2117 καὶ

2086 2153 2121 2221 ἡ
2152 2155 2256 2205 τῶν
2290 2145 2606 2226 ἀμϐροσίων
2634 2155 2842 2225 τριχῶν
2895 2151 3228 2227 στγκίνησις,
3289 2150 3347 2206 ὅ)
3363 2173 3418 2207 ον
3453 2151 3739 2226 Ὄλυμπον

2085 2240 2439 2295 κατασείουσα
2680 2239 2768 2301 Τίς
2819 2237 2875 2294 δὲ
2923 2241 2951 2294 ὁ
2996 2240 3430 2316 τιτρωσκόμενος
3481 2242 3677 2316 Ἀρης,
3710 2243 3745 2310 ἣ

2086 2327 2284 2404 χαλκῷ
2330 2333 2554 2404 κεράμῳ
2583 2327 3039 2403 κατακλειόμενος
3067 2350 3080 2401 ;
3113 2331 3141 2383 ὁ
3169 2337 3271 2400 τῆς
3301 2333 3510 2406 χρυσῆς
3541 2331 3743 2409 ’Δφρο-

2087 2417 2240 2488 δίτης
2295 2419 2468 2494 ἀφυὴς
2518 2417 2763 2494 ἐραστὴς,
2814 2419 2904 2474 καὶ
2968 2420 3168 2495 μοιχὸς
3199 2419 3594 2496 ἀπερίσκεπτος
3652 2420 3741 2475 καὶ

2083 2507 2163 2580 τῷ
2209 2510 2599 2585 ’Δμφιγυήεντι
2800 2508 3193 2585 κρατούμενος,
3241 2508 3331 2564 καὶ
3383 2510 3604 2586 θέατρον
3638 2514 3743 2564 τῶν

2088 2601 2220 2661 θεῶν
2256 2596 2336 2674 ἐφ’
2391 2597 2564 2670 ἑαυτῷ
2609 2597 2887 2674 συλλέγων
2925 2599 3363 2674 ἀσχημονοῦντι,
3394 2600 3484 2655 καὶ
3521 2605 3740 2676 μικροῖς

2086 2689 2365 2762 χρήμασιν
2400 2687 2691 2764 ἀφιέμενος
2717 2705 2730 2757 ;

326 2778 571 2840 Veneris
601 2778 876 2852 illepidus
905 2787 1151 2851 amator,
1195 2780 1540 2852 adulterque
1590 2781 1829 2835 minime
1880 2780 2363 2850 circumspectus,
2414 2781 2591 2848 atque
2639 2795 2673 2833 a
2720 2777 2976 2851 loripede
3023 2779 3284 2836 Vulcano
3338 2781 3638 2850 correptus
3688 2782 3746 2834 et

331 2868 705 2935 constrictus,
740 2871 1102 2942 deorumque
1132 2871 1427 2926 theatrum
1478 2871 1547 2925 ob
1603 2869 2027 2942 turpitudinem
2080 2883 2245 2924 suam
2297 2872 2354 2922 et
2401 2868 2820 2924 obscenitatem
2861 2867 3163 2942 colligens,
3198 2869 3518 2942 exiguoque
3552 2867 3741 2940 pretio

335 2955 619 3014 dimissus
648 2959 676 3014 ‘I

405 3047 618 3104 CXVII.
664 3051 807 3104 Cum
860 3049 981 3105 haec
1033 3050 1250 3119 omnia,
1304 3055 1476 3122 atque
1525 3050 1618 3105 his
1669 3049 1856 3122 plura,
1906 3049 1986 3104 ita
2017 3065 2060 3133 ρ

337 3135 484 3193 scite
515 3141 573 3193 et
601 3137 758 3193 varie
784 3139 1109 3211 composita
1137 3144 1313 3210 atque
1344 3156 1586 3211 prorsus
1622 3139 1902 3194 inusitata
1923 3154 1985 3193 se

339 3224 615 3293 habeant,
632 3225 766 3296 quis
787 3229 940 3299 apud
969 3231 1117 3283 vosl
1134 3230 1233 3284 43
1256 3230 1336 3284 ita
1357 3246 1608 3300 magnus
1631 3233 1687 3284 et
1712 3227 1985 3283 sublimis

337 3317 449 3384 est,
478 3329 543 3368 ac
565 3329 696 3369 vere
716 3314 841 3371 Jovi
872 3316 1114 3372 consilio
1144 3333 1267 3388 par,
1294 3322 1378 3387 ut,
1405 3335 1584 3389 supra
1614 3319 1801 3373 nubes
1823 3317 1982 3371 elatm

335 3402 877 3475 contemplationis,
911 3406 1239 3477 mentisque
1270 3411 1481 3462 nostrae
1513 3411 1748 3477 captum
1781 3412 1836 3460 et
1868 3423 1985 3460 mo-

331 3490 539 3548 dulum
576 3495 910 3565 superantis
943 3495 1290 3564 rationibus,
1323 3513 1385 3551 ea
1418 3496 1663 3551 honesta
1693 3500 1747 3550 et
1778 3495 1987 3551 decora

331 3580 576 3637 reddere
608 3582 847 3653 possit?
886 3587 953 3637 Et
982 3584 1244 3654 quidem,
1279 3585 1328 3639 si
1362 3585 1482 3640 haec
1512 3602 1646 3640 vera
1677 3589 1833 3652 sunt,
1869 3601 1983 3640 non

334 3669 684 3726 erubescant
712 3670 820 3741 illi,
844 3673 944 3728 sed
978 3673 1174 3745 potius
1206 3674 1546 3746 glorientur,
1573 3679 1673 3729 aut
1702 3691 1770 3729 ea
1798 3675 1983 3746 turpi-

334 3757 538 3816 tudine
568 3776 763 3816 carere
794 3761 1058 3833 probent.
1097 3762 1242 3826 Quid
1277 3765 1432 3819 enim
1465 3781 1701 3819 necesse
1751 3768 1839 3818 est
1885 3781 1984 3818 eos

334 3849 406 3903 ad
428 3847 1004 3922 fabulam,tanquam
1025 3853 1096 3906 ad
1116 3852 1492 3923 turpitudinis
1513 3853 1980 3924 integumentum

332 3938 636 4010 perfugere
656 3939 683 3992 ‘2
713 3939 915 4012 Neque
938 3940 1096 3996 enim
1120 3943 1567 4012 prmﬁdentium,
1597 3944 1696 3996 sed
1723 3947 1984 3996 metuen-

331 4026 482 4081 tium
505 4042 572 4081 ac
594 4031 758 4099 terga
780 4031 1132 4084 vertentium
1157 4035 1248 4085 est
1269 4031 1484 4087 fabula.
1509 4031 1564 4084 Si
1589 4036 1784 4085 autem
1813 4031 1978 4098 falsa,

332 4114 590 4187 primum
608 4117 1107 4190 nudostheologos
1125 4119 1291 4174 nobis
1310 4121 1642 4185 ostendant,
1661 4125 1722 4173 ut
1736 4137 1865 4174 cum
1888 4119 1981 4174 his

331 4202 791 4274 disputationem
818 4205 1107 4262 ineamus.
1136 4207 1349 4261 Deinde
1373 4210 1592 4275 dicant,
1615 4225 1806 4262 annon
1838 4207 1980 4262 stul-

331 4297 460 4347 tum
491 4291 588 4364 sit,
621 4291 838 4363 quibus
895 4301 959 4348 ut
1007 4295 1157 4348 fictis
1199 4301 1254 4350 et
1292 4297 1573 4350 fabulosis
1605 4298 1977 4364 erubescunt,

329 4380 564 4447 iisdem,
589 4385 654 4436 ut
684 4382 894 4450 ﬁrmis,
920 4400 1047 4438 sese
1071 4385 1330 4454 jactare;
1366 4389 1420 4439 et
1450 4401 1577 4455 qua:
1609 4386 1977 4441 multitudini

329 4471 580 4525 obscura
608 4474 784 4541 atque
813 4471 1110 4544 incognita
1140 4489 1266 4528 esse
1298 4474 1647 4544 potuissent,
1673 4492 1788 4529 non
1820 4477 1977 4530 enim

328 4557 594 4615 omnium
624 4563 715 4616 est
743 4561 1015 4629 eruditio,
1052 4561 1194 4630 hac,
1227 4567 1351 4618 tum
1382 4580 1485 4635 per
1515 4565 1814 4637 ﬁgmenta,
1850 4568 1977 4619 tum

396 4818 685 4896 (30)_"Hpa
716 4819 782 4896 ,ἡ-
811 4823 926 4896 τοῦ.
981 4822 1297 4896 SicMont.
1342 4822 1467 4877 Bill.
1502 4824 1661 4878 Pass.
1696 4826 1752 4878 et
1785 4820 1974 4877 emteri

325 4907 468 4949 mss.
494 4893 674 4950 Deest
702 4893 735 4961 ἠ
770 4893 830 4948 in
861 4895 986 4949 Par.
1023 4894 1159 4950 edit.

534 4964 648 5042 Ἐφ’
690 4963 1102 5042 ἑαυτῄνζῇνίθζν.
1139 4964 1217 5042 ἐφ’
1247 4965 1462 5042 ἑαυτῆς.

416 5032 506 5111 ἓξ)
539 5032 857 5111 Ιῖοὶραπολύ.
890 5038 1152 5111 Plerique
1179 5032 1612 5111 'codices_,nmpi
1644 5032 1808 5111 πολύ.

392 5102 507 5179 (33)
565 5102 722 5182 Ὑπὲρ
771 5114 869 5176 τῆς
921 5102 1187 5178 Λακαίνης
1260 5102 1555 5181 μνιχάῧοςξ
1614 5133 1667 5182 ‹‹-
1705 5109 1810 5182 Pro
1869 5107 1973 5161 La-

321 5195 479 5306 cmtno
510 5180 722 5237 scorto.
758 5205 779 5233 υ
820 5182 898 5238 De
929 5183 1147 5254 Argiva:
1179 5180 1403 5237 Helenae
1437 5184 1604 5251 raptu
1656 5180 1749 5233 hic
1783 5196 1974 5234 sermo

326 5267 388 5306 es
425 5293 437 5306 .
526 5287 529 5292 -

326 5267 437 5307 εει.
526 5287 529 5292 ·

414 5324 504 5391 34)
539 5319 932 5391 Σαλπίζοντος.
986 5348 1012 5374 ‹‹
1050 5323 1224 5390 Quasi
1272 5323 1413 5377 tuba
1445 5323 1677 5391 signum
1711 5324 1903 5375 dante.
1944 5345 1970 5369 ››

413 5389 504 5466 36.)
537 5389 950 5466 Κεκαλυμμένα.
985 5389 1124 5467 Reg.
1162 5397 1203 5462 Ι,
1234 5389 1743 5467 συγκεκαλυμμένοι.

413 5464 500 5534 36)
535 5464 915 5521 Κατασείουσα.
947 5464 1110 5523 Pass.
1145 5464 1550 5519 κατασείσουσα.

389 5534 502 5612 (37.)
533 5537 1143 5612 ἈμφιγυῇεντιηΡελξε.
1187 5534 1482 5612 ἀμφιγύηῖ.
1520 5536 1656 5612 Reg.
1694 5538 1812 5606 bm,
1864 5535 1969 5606 ἀμ-

389 5571 502 5606 ὶυιΙ
547 5571 647 5608 nt"
686 5571 940 5612 ιίυιιιιιι.
977 5571 998 5593 ι.
1023 5571 1143 5594 αδδ.
1187 5571 1482 5611 αμγιγδσίι.
1522 5571 1632 5606 “Cb,

759 5608 1311 5686 ἀμῗξγύειιᾴμῗίίγῷῖι
1345 5607 1632 5686 ᾁμφιγυίῃ.

534 5677 622 5741 Τίς
656 5677 860 5742 οὕτως(
882 5677 1027 5754 Reg.
1049 5677 1169 5754 bin,
1201 5677 1282 5744 τίς
1302 5677 1491 5742 οὗτος.

2171 3047 2307 3102 ΡΙΖ’.
2341 3050 2516 3100 Ταῦτα
2561 3047 2735 3101 πάντα
2781 3043 2870 3100 καί
2915 3045 3096 3102 πλοιω
3131 3044 3339 3101 τούτων
3394 3044 3539 3101 οὒτώ
3567 3048 3746 3122 σοφῶς

2097 3134 2184 3190 καὶ
2217 3133 2580 3211 πολυτρόπως
2612 3135 2955 3211 συγκείμενα,
3011 3135 3099 3190 καὶ
3130 3135 3464 3190 παντάπασιν
3494 3134 3594 3206 ἔξω
3637 3138 3740 3189 τῶν

2094 3224 2516 3298 νενομισμένων,
2565 3224 2645 3286 τίς
2704 3224 2874 3286 οὕτως
2933 3226 3045 3297 (38)
3103 3223 3230 3297 ύμῖν
3275 3222 3488 3298 ὑψηλός
3539 3245 3597 3279 τε
3653 3221 3740 3278 καὶ

2099 3313 2288 3388 μέγας,
2347 3313 2435 3369 καὶ
2490 3309 2658 3376 ὅντως
2704 3315 2785 3368 Διὶ
2822 3316 2980 3387 μῆτιν
3034 3312 3350 3386 ἀτάλαντος,
3414 3314 3488 3375 ὡς
3541 3311 3615 3376 εἷς
3678 3312 3740 3366 τὸ

2095 3404 2353 3479 εὐπρεπὲς
2411 3404 2627 3479 ἀγαγεῖν
2686 3405 2794 3476 (39)
2855 3403 3043 3479 λόγοις
3098 3403 3328 3478 Θεωρίας
3389 3403 3734 3480 ὑπερνεφοῦς,

2092 3492 2182 3547 καὶ
2241 3493 2372 3566 ὑπὲρ
2428 3493 2495 3547 τά
2550 3494 2790 3568 ἡμέτερα
2824 3493 2991 3567 μέτρα
3019 3499 3122 3561 τῆς
3169 3490 3530 3565 καταλήψεως
3583 3493 3736 3564 (40);

2094 3581 2278 3636 Καίτοι
2307 3586 2475 3637 ταῦτα
2505 3581 2548 3635 εἷ
2585 3583 2677 3654 μὲν
2724 3581 2928 3652 ἀληθῆ,
2981 3581 3110 3654 μήτ’
3154 3581 3607 3655 αἷσχυνέσθωσαν,
3651 3580 3740 3634 καὶ

2094 3671 2605 3749 φιλοτιμείσθωσαν,
2655 3673 2712 3743 ἢ,
2745 3671 2827 3726 ὅτι
2864 3672 2938 3744 μὴ
2974 3670 3194 3746 αἰσχρὰ,
3229 3669 3554 3725 πειθέτωσαν
3579 3689 3592 3702 °
3646 3669 3738 3727 καὶ

2090 3761 2143 3815 τί
2204 3759 2283 3816 δεῖ
2337 3761 2684 3838 καταφεύγειν
2743 3759 2937 3822 αὐτοὺς
2999 3759 3086 3814 ἐπὶ
3145 3761 3237 3814 τὸν
3293 3761 3480 3832 μῦθον,
3513 3760 3588 3820 ὡς
3642 3766 3740 3828 τῆς

2093 3850 2360 3926 αἰσχύνης
2392 3852 2502 3923 (44)
2534 3848 2939 3924 συγκάλυμμα;
2974 3847 3034 3903 οὗ
3065 3848 3164 3925 γάρ
3208 3847 3566 3924 θαρρούντων,
3614 3847 3739 3903 ἀλλ’

2094 3938 2530 4015 ὑποχωρούντων
2565 3939 2592 3992 ὁ
2627 3940 2795 4011 μῦθος
2839 3941 2972 4011 (42)·
3014 3937 3058 3992 εἷ
3091 3935 3148 3992 δὲ
3177 3934 3367 4011 ψευδῆ,
3399 3941 3613 4013 πρῶτον
3647 3938 3740 4011 μὲν

2093 4026 2541 4083 ἐπιδεικνύτωσαν
2592 4029 2725 4100 ἡμῖν
2770 4048 2898 4089 τους
2955 4025 3195 4102 γυμνοὺς
3246 4023 3558 4103 θεολόγους,
3605 4024 3738 4100 ’ἶνἠἧ

2090 4114 2225 4190 πρὸς
2275 4113 2508 4177 ἐκείνους
2568 4117 2703 4187 ἡμῖν
2753 4115 2780 4168 ὁ
2826 4112 2993 4189 λόγος
3022 4133 3034 4146 ·
3069 4110 3252 4168 ἔπειτα
3283 4113 3585 4188 λεγέτωσαν
3617 4119 3736 4176 πῶς

2091 4205 2189 4259 οὐκ
2247 4205 2455 4278 εῧηθες,
2515 4205 2595 4267 οἷς
2652 4206 2725 4266 ὡς
2783 4206 3029 4277 μυθικοῖς
3062 4203 3411 4280 αἰσχύνονται
3445 4206 3578 4278 (43),
3611 4201 3739 4258 τού-

2087 4315 2200 4356 τοις
2235 4295 2308 4356 ὡς
2343 4293 2591 4370 ἰσχυροῖς
2624 4293 3058 4362 καλλωπίζεσθαι
3095 4312 3107 4326 ·
3141 4291 3230 4347 καί
3272 4293 3304 4347 ἃ
3331 4292 3459 4356 τοὺς
3489 4291 3736 4354 πολλοὺς

2089 4381 2364 4438 λανθάνειν
2428 4381 2642 4438 δυνατὸν
2706 4384 2796 4453 ἦν,
2847 4383 2909 4437 οὐ
2959 4383 3062 4458 γὰρ
3111 4383 3324 4437 πάντων
3373 4383 3408 4452 ἡ
3440 4379 3738 4450 παίδευσις,

2084 4477 2250 4528 ταῦτα
2309 4470 2651 4546 δημοσιεύειν
2709 4478 2828 4534 ταῖς
2900 4471 3144 4528 ἀπάντων
3220 4466 3403 4545 ὄψεσιν
3480 4469 3532 4525 ἐν
3604 4469 3741 4526 πλά-

2088 4544 2479 4635 σμασί(44)’τε
2525 4560 2614 4615 καὶ
2664 4561 2935 4636 σχήμασι,
2989 4560 3078 4615 καὶ
3135 4559 3198 4615 τὸ
3249 4544 3578 4634 δεινότατον,
3627 4561 3742 4633 μεθ’

2155 4821 2270 4895 (39)
2299 4817 2394 4895 Εἰς
2440 4818 2502 4872 τὸ
2549 4817 2812 4895 εὐπρεπὲς
2868 4819 3106 4895 ἀγαγεῖνε
3135 4843 3163 4870 (ί
3199 4819 3273 4876 Ut
3301 4836 3369 4877 ea
3399 4820 3467 4876 ad
3500 4819 3738 4877 honesti

2085 4910 2150 4948 ac
2182 4891 2666 4965 decorispeciem
2690 4891 2925 4965 trahere
2953 4891 3161 4965 possit.
3193 4915 3221 4943 ››

2136 4965 2269 5052 ,(40)
2320 4960 2497 5038 Μέτρα
2541 4970 2643 5032 τῆς
2694 4960 3076 5037 καταλήψεως.
3144 4965 3310 5021 Pass.
3374 4960 3735 5037 καταλήψεως

2099 5055 2280 5088 λεῖβον
2293 5076 2303 5088 .

2088 5057 2594 5196 μεῖξῖἶλίσχύνης.
2628 5107 2764 5179 Reg.
2797 5107 2900 5178 hu,
2935 5109 3048 5163 duo
3080 5106 3242 5163 Colb.
3273 5110 3330 5165 et
3354 5113 3517 5166 Pass.
3554 5107 3737 5184 ἀσχη-

2129 5197 2347 5237 οσυνης.

2087 5199 2348 5322 “origani;
2393 5249 2579 5320 μῦθος,
2625 5250 2786 5305 Pass.
2819 5247 2956 5302 ἔστιν
3053 5253 3241 5322 μῦθος,
3274 5251 3433 5308 Colb.
3467 5251 3532 5317 ᾗ,
3578 5250 3607 5304 ὁ
3643 5253 3739 5322 μῦ-

2085 5321 2172 5381 θός
2207 5320 2368 5375 ἐστιν.
2397 5319 2467 5375 in
2499 5322 2631 5377 aliis
2661 5323 2978 5392 omittitur,
3009 5319 3171 5392 ἐστίν,
3203 5323 3290 5380 vel
3323 5323 3602 5380 scribitur
3632 5319 3734 5379 an-

2083 5397 2162 5459 te,
2189 5399 2288 5448 aut
2320 5399 2470 5465 post,
2506 5393 2532 5447 ὁ
2567 5393 2752 5465 μῦθος.

2154 5467 2260 5540 (43)
2296 5463 2675 5540 Ᾱίσχύνονται.
2713 5470 2796 5520 ita
2827 5465 3084 5523 melioris
3116 5471 3266 5522 notae
3295 5466 3543 5522 codices.
3579 5465 3731 5522 Edit.

2081 5533 2466 5609 αἷσχύνωνταὶ.

2153 5606 2262 5677 (Μ)
2296 5606 2605 5681 Πλάσμασι,
2640 5613 2746 5664 etc.
2781 5609 2983 5664 Camb.
3007 5609 3226 5681 vertit:
3263 5631 3289 5658 «
3330 5625 3434 5681 per
3482 5607 3733 5667 simula-

2080 5695 2178 5735 cra
2207 5685 2261 5737 et
2294 5680 2644 5740 cerimonias
2675 5685 2732 5738 et
2774 5680 3269 5755 gesticulationes.
3305 5704 3334 5734 ››
