2074 3145
233 232 294 262 657

728 233 874 263 ORATIO
898 233 948 263 IV.
967 249 1004 256 —-
1020 233 1175 264 CONTRA
1197 235 1397 266 JULIANUM
1420 235 1444 265 Ι.

1886 238 1945 269 658

233 297 300 332 ’ὸσης
314 297 364 331 τῆς
382 296 420 327 εἰς
437 297 570 334 χρήματα
582 297 692 334 ζημίας,
705 295 730 325 ἔν
746 308 775 325 τε
789 300 864 328 ναοῖς
880 298 924 325 καὶ
941 298 1050 335 βωμοῖς

1115 308 1165 335 per
1191 300 1309 336 ﬁguras,
1328 301 1364 329 ob
1390 301 1522 329 omnium
1549 301 1649 330 oculos
1673 309 1791 338 ponere,
1807 303 1944 339 quodque

233 341 278 369 καὶ
305 340 435 379 ἲδρύμασι
460 342 532 378 (45),
558 342 603 369 καὶ
625 342 787 378 ἀναθήμασι,
811 342 856 369 καὶ
881 342 984 374 θυσίαις
1009 354 1059 370 πο-

233 384 422 422 λυταλάντοις,
448 385 492 413 καὶ
518 386 645 423 ἀζημίως
671 388 728 424 (46)
753 386 811 414 ἐνὸν
837 385 976 423 εὐσεϐεῖν,
998 387 1058 414 ἀσε-

233 428 289 458 ϐεῖν
304 430 439 469 αἱρεῖσθαι
456 431 523 468 μετά
539 430 639 468 ζημίας
654 441 661 466 ;

267 565 340 593 PIH'.
369 565 401 592 El.
430 564 459 592 δὲ
495 563 579 592 ταῦτα
609 565 656 601 μὲν
685 566 804 598 ποιητῶν
844 565 909 592 εἶναι
939 566 1055 604 φήσουσι

230 610 377 646 πλάσματα
401 608 445 636 καὶ
466 609 625 647 ληρήματα,
643 609 690 637 δύο
707 609 814 640 τούτοις
830 611 1054 647 προσχρωμένων

235 654 272 685 εἲς
286 654 317 681 τὸ
331 655 445 691 τερπνὸν
467 657 519 688 τῆς
540 655 687 689 ποιήσεως,
716 654 806 691 μέτρῳ
829 654 874 681 καὶ
901 654 988 690 μύθῳ,
1010 654 1054 681 καὶ

234 699 290 727 οἷον
303 698 573 737 καταγλυκαινόντων
586 699 695 730 τούτοις
718 699 767 733 τὴν
791 699 886 733 ἀκοὴν,
912 699 1003 730 αὐτοῖς
1028 699 1055 727 δὲ

231 743 449 781 ἀποῤῥητότερον
474 743 540 770 εἶναι
564 743 608 770 καὶ
641 743 787 780 βαθύτερον
812 744 856 770 τὸν
883 743 1054 780 ἐναποκείμε-

229 798 272 815 νον
287 786 394 818 τούτοις
408 786 482 824 νοῦν,
508 787 552 814 καὶ
577 785 703 815 διαϐατὸν
730 786 837 825 ὀλίγοις
859 790 912 815 τῶν
940 788 1055 827 σοφωτέ-

230 843 293 870 ρων,
320 834 457 867 σκοπεῖτε,
474 832 512 863 ὠς
536 830 632 863 ἁπλῶς
655 831 699 859 καὶ
727 830 839 863 δικαίως
864 833 925 869 περὶ
949 833 1052 860 τούτων

228 876 281 915 ἐγὼ
298 875 467 913 διαλέξομαι.
491 879 603 913 Πρῶτον
628 877 674 914 μὲν
700 878 760 907 πῶς
785 876 923 904 ἐπαινοῦσι
938 876 1000 908 τοὺς
1016 878 1052 904 ὢν

228 919 352 949 σέϐουσιν
383 919 509 960 ὑϐριστὰς
537 922 594 958 (47)
612 943 619 957 ,
647 921 693 948 καὶ
731 921 830 959 μικροῦ
858 924 912 949 τῶν
943 921 1054 950 ἰσοθέων

229 966 331 1001 ἀξιοῦσι
352 967 453 1002 τιμῶν,
477 966 520 997 οἷς
543 966 574 993 τὸ
591 966 629 1002 μὴ
654 964 746 993 δοῦναι
770 965 847 1001 δίκην
862 970 910 1001 τῆς
930 964 1051 998 ἀσεϐείας

229 1009 323 1048 κέρδος
345 1008 474 1047 αὔταρκες
494 1011 548 1045 iv;
565 1009 597 1038 Ei
622 1010 672 1049 γὰρ
695 1013 754 1041 τοῖς
779 1010 817 1042 εἰς
841 1009 887 1038 ἕνα
910 1013 967 1048 (48)
992 1012 1050 1043 θεὸν

229 1055 315 1083 αὐτῶν
332 1054 376 1082 καὶ
398 1053 453 1091 ἷδίᾳ
475 1055 520 1082 καὶ
547 1055 630 1092 μικρὰ
654 1056 709 1092 (49)
736 1054 948 1094 βλασφημήσασι
971 1057 1050 1083 θάνα-

226 1110 272 1131 τος
288 1101 305 1134 ἢ
321 1099 407 1137 ζημία
511 1100 585 1138 παρὰ
609 1101 662 1127 τῶν
687 1099 789 1136 νόμων,
813 1100 839 1127 τί
861 1101 975 1138 πάσχειν
997 1099 1050 1128 ἔδει

226 1144 288 1175 τοὺς
306 1147 385 1172 πᾶσιν
403 1145 473 1181 ὁμοῦ
490 1144 534 1171 καὶ
551 1143 680 1180 δημοσίᾳ,
697 1145 742 1171 καὶ
757 1144 800 1171 ἐπὶ
815 1147 873 1176 τοῖς
898 1145 1050 1183 αἰσχίστοις

226 1189 385 1228 ἰπαφιέντας
400 1190 450 1224 τήν
467 1189 589 1225 ποίησιν,
605 1189 649 1216 καὶ
667 1191 763 1227 μακρῷ
777 1189 871 1227 χρόνῳ
882 1188 1050 1227 παραδόντας

224 1234 273 1268 τήν
290 1233 438 1271 κωμῳδίαν
457 1235 592 1269 ςἝπειτα
614 1234 658 1261 καὶ
682 1236 762 1261 τοῦτο
787 1234 937 1272 λογίζεσθαι
964 1233 1047 1270 ἄξιον·

225 1278 275 1306 εἶσὶ
295 1279 340 1306 καὶ
364 1279 427 1315 παρ’
451 1279 520 1314 ἡμῖν
544 1279 602 1306 κατ’
623 1277 764 1316 ὲπίκρυψιν
792 1278 872 1316 λόγοι
895 1279 976 1312 τινες,
1001 1278 1050 1305 οὐκ

223 1323 396 1361 ἀρνήσομαι,
423 1322 496 1350 ἀλλὰ
520 1322 560 1354 τίς
582 1323 595 1350 ὁ
620 1323 722 1361 τρόπος
749 1324 803 1359 (51)
826 1323 913 1350 αὐτῶν
936 1327 985 1358 τῆς
1012 1322 1050 1351 ’ὀι-

223 1368 324 1404 πλόης,
340 1367 384 1395 καὶ
400 1367 444 1400 τίς
459 1368 476 1403 ἡ
494 1366 606 1404 δύναμις
625 1378 631 1403 ;
648 1366 717 1396 Οὔτε
731 1368 763 1395 τὸ
788 1368 949 1407 φαινόμενον
966 1368 1048 1406 ἀπρε-

222 1413 282 1449 πὲς,
306 1413 351 1440 καὶ
377 1413 409 1440 τὸ
433 1412 617 1449 κρυπτόμενον
643 1413 792 1449 θαυμάσιον
817 1414 871 1449 (52)
892 1412 935 1440 καὶ
961 1413 1048 1451 ὑπέρ-

224 1457 351 1496 λαμπρον
367 1459 426 1488 τοῖς
442 1456 480 1488 εἷς
495 1458 526 1485 τὸ
544 1458 627 1496 βάθος
645 1457 840 1495 εἰσαγομένοις,
856 1458 900 1484 καὶ
917 1457 1007 1496 ὥσπερ
1022 1468 1048 1485 τι

225 1504 306 1538 σῶμα
319 1501 400 1530 καλὸν
417 1502 461 1530 καὶ
487 1502 644 1540 ἀπρόσιτον,
659 1502 690 1529 οὐ
715 1501 804 1541 φαύλῃ
828 1504 862 1539 τῇ
887 1502 977 1536 ἐσθῆτι
998 1513 1047 1529 πε-

227 1545 426 1583 ρικαλύπτεται·
458 1545 498 1574 δεῖ
525 1547 587 1585 γὰρ,
617 1546 654 1577 ὡς
683 1548 747 1583 γοῦν
773 1545 867 1584 ἔμοιγε
889 1545 973 1581 δοκεῖ,
995 1549 1046 1574 τῶν

226 1590 304 1622 θείων
335 1590 405 1628 μηδὶ
430 1590 476 1623 τὰς
505 1590 628 1626 ἐνδείξεις
658 1592 714 1626 (53)
731 1614 738 1627 ,
767 1591 812 1618 καὶ
840 1591 888 1622 τὰς
918 1592 1046 1630 ἐμφάσεις

223 1635 352 1673 ἀπρεπεῖς
380 1636 446 1663 εἷναι
467 1637 512 1663 καὶ
536 1636 646 1671 ἀναξίας
670 1637 723 1663 τῶν
747 1634 944 1672 δηλουμένων,
977 1635 1047 1673 μηδὲ

1114 344 1319 380 gravissimum
1335 348 1454 381 est,non
1472 346 1534 373 sine
1550 347 1678 374 maximo
1693 347 1884 383 pecuniarum
1896 349 1944 376 de-

1113 387 1261 421 trimento,
1270 389 1298 415 in
1314 389 1443 425 templis,
1452 389 1522 424 aris,
1535 390 1651 425 statuis,
1663 390 1803 426 donariis,
1815 399 1848 419 ac
1858 400 1939 420 sum-

1112 433 1312 468 ptuosissimis
1326 434 1488 469 sacriﬁciis,
1501 443 1628 470 cumque
1643 434 1715 462 citra
1730 435 1771 462 rei
1787 435 1939 464 familiaris

1111 477 1299 512 dispendium
1323 478 1460 514 pietatem
1486 478 1579 506 colere
1603 478 1698 513 liccat,
1724 479 1848 515 impium
1874 488 1938 509 esse

1084 533 1088 537 ι
1112 521 1198 548 malle
1212 530 1278 549 cum
1294 522 1469 550 detrimento
1479 523 1493 549 ?

1146 566 1265 593 CXVIII.
1283 567 1365 599 Quod
1389 567 1414 594 si
1430 567 1557 595 dixerint
1581 567 1642 595 haec
1659 568 1780 604 quidem
1803 576 1868 597 esse
1884 570 1936 605 ﬁg-

1111 612 1211 638 menta
1225 613 1253 638 et
1268 614 1448 647 nugamenta
1466 613 1629 647 poetarum,
1646 612 1697 648 qui
1713 613 1771 641 duo
1787 613 1858 647 haec,
1871 622 1936 641 car-

1110 663 1176 683 men
1193 655 1305 683 scilicet
1320 657 1349 683 et
1363 656 1503 690 fabulam,
1520 656 1556 683 ad
1572 656 1785 685 conciliandam
1799 658 1937 694 poesiju-

1109 700 1300 734 cunditatem,
1313 700 1462 735 adhibere,
1474 702 1563 736 atque
1574 700 1611 728 iis
1620 709 1721 729 aurem
1732 702 1811 730 velut
1821 703 1936 730 demul-

1109 752 1173 772 cere
1188 744 1331 772 voluerint
1346 753 1352 778 ;
1370 747 1509 772 caeterum
1533 753 1601 772 vero
1618 744 1750 773 altiorem
1766 748 1795 774 et
1818 747 1937 775 abstru-

1108 788 1215 816 siorem
1231 787 1262 815 in
1277 788 1312 816 iis
1328 796 1448 816 sensum
1464 789 1647 817 reconditum
1662 798 1736 824 esse,
1752 792 1841 826 atque
1855 791 1936 826 ejus-

1108 833 1198 868 modi,
1225 834 1257 860 ut
1281 833 1494 869 sapientiorum
1519 834 1604 869 pauci
1629 834 1665 861 ad
1690 843 1757 862 eum
1785 837 1937 871 penetrare

1109 877 1224 912 possint
1236 886 1242 905 :
1253 878 1347 905 videte
1360 886 1451 913 quam
1463 878 1637 914 simpliciter
1653 880 1681 906 et
1691 887 1772 915 aeque
1783 879 1818 907 de
1828 879 1875 908 his
1891 889 1936 908 re-

1108 922 1163 950 bus
1179 922 1544 957 disseram.Primum,cur
1558 931 1608 951 eos
1623 924 1673 959 qui
1686 923 1747 951 suis
1762 924 1936 953 numinibus

1107 967 1300 995 contumelias
1315 967 1454 1003 inferunt,
1470 967 1602 1001 laudant,
1614 968 1779 1004 divinisque
1795 977 1868 1005 pene
1884 969 1935 997 ho-

1107 1012 1228 1039 noribus
1236 1012 1492 1047 afﬁciunt,quibus
1502 1013 1664 1048 impietatis
1675 1021 1791 1048 pcenam
1804 1022 1859 1041 non
1873 1023 1935 1050 per-

1106 1056 1217 1084 solvere
1232 1057 1449 1093 satisamplum
1465 1056 1580 1084 lucrum
1597 1057 1682 1084 erat?
1698 1057 1771 1085 Nam
1787 1059 1811 1085 si
1828 1058 1855 1085 in
1872 1067 1932 1092 eos,

1105 1101 1155 1136 qui
1164 1109 1255 1129 unum
1263 1102 1431 1137 quempiam
1440 1102 1561 1129 deorum
1570 1110 1690 1129 suorum
1701 1102 1835 1138 privatim
1844 1103 1931 1131 etiam

1105 1154 1138 1173 ac
1154 1145 1208 1173 levi
1226 1146 1380 1174 maledicto
1395 1146 1553 1179 affecerint,
1569 1145 1613 1174 vel
1629 1146 1722 1174 multa
1737 1147 1781 1174 vel
1797 1148 1932 1183 capitalis

1105 1199 1189 1226 poena
1203 1190 1317 1226 legibus
1333 1191 1492 1218 constituta
1505 1191 1553 1224 sit,
1571 1199 1645 1226 quas
1661 1191 1779 1219 tandem
1796 1200 1846 1220 eos
1862 1201 1930 1228 pen-

1104 1235 1172 1262 dere
1186 1235 1346 1271 oportebat,
1364 1235 1413 1271 qui
1439 1236 1468 1262 in
1485 1243 1587 1263 omnes
1603 1235 1692 1263 simul
1716 1238 1745 1263 et
1761 1236 1886 1272 publice,
1904 1240 1932 1264 et

1104 1279 1140 1306 ob
1148 1279 1425 1316 ftedissimaﬂagiti'a
1436 1279 1532 1315 poesis
1543 1288 1602 1307 sua:
1614 1279 1728 1307 aculeos
1740 1280 1929 1314 strinxerunt,

1104 1326 1192 1359 atque
1206 1323 1281 1351 hanc
1297 1324 1468 1351 comoediam
1490 1324 1616 1359 posteris
1631 1324 1661 1351 in
1677 1324 1798 1361 longum
1814 1327 1931 1361 tempus

1103 1368 1309 1396 tradiderunt?
1323 1369 1399 1396 Tum
1423 1368 1478 1396 hoc
1493 1377 1611 1404 quoque
1637 1369 1822 1397 considerare
1838 1378 1931 1406 opera:

1104 1413 1231 1449 pretium
1247 1413 1348 1441 fuerit:
1360 1415 1430 1441 sunt
1444 1413 1532 1441 etiam
1549 1414 1625 1449 apud
1643 1421 1696 1441 nos
1707 1414 1798 1441 abditi
1809 1414 1930 1450 quidam

1104 1460 1132 1485 et
1155 1457 1300 1494 allegorici
1327 1466 1486 1492 sermones,
1517 1466 1570 1485 nec
1596 1457 1624 1484 id
1649 1465 1802 1493 negavero,
1827 1466 1928 1486 verum

1104 1511 1237 1538 quisnam
1262 1502 1389 1538 duplicis
1413 1510 1514 1530 eorum
1531 1509 1635 1529 sensus
1650 1503 1694 1529 est
1718 1501 1802 1538 ratio,
1813 1504 1842 1530 et
1865 1511 1929 1539 qua;

1102 1547 1145 1574 vis
1161 1555 1193 1574 ac
1209 1548 1338 1582 potestas
1349 1547 1363 1573 ‘I
1375 1546 1432 1574 Nec
1442 1548 1561 1574 externa
1576 1546 1687 1582 species
1697 1546 1835 1574 indecora
1845 1549 1873 1575 et
1884 1547 1928 1575 in-

1102 1591 1224 1619 honesta
1248 1593 1302 1624 est,
1322 1593 1350 1618 et
1373 1591 1451 1626 quod
1477 1591 1556 1618 144
1581 1590 1753 1625 occultatur,
1779 1591 1929 1619 admiran-

1102 1637 1172 1664 dum
1188 1638 1242 1669 est,
1259 1636 1364 1671 iisque,
1373 1635 1423 1671 qui
1438 1635 1468 1662 in
1483 1635 1644 1671 penetralia
1656 1635 1721 1671 ipsa
1735 1635 1927 1671 inducuntur,

222 1679 292 1711 οἵαις
320 1681 349 1708 ἂν
374 1681 419 1708 καὶ
444 1682 501 1718 (54)
525 1679 661 1717 ἄνθρωποι
687 1680 847 1718 λεγομέναις
872 1681 934 1719 περὶ
958 1681 1045 1708 αὐτῶν

1109 1680 1175 1709 nire
1189 1680 1388 1717 splendidum,
1405 1688 1438 1708 ac
1453 1679 1642 1716 pulcherrimi
1659 1679 1753 1707 instar
1771 1680 1926 1715 cujusdam

221 1724 432 1763 δυσχεραίνοιιν·
458 1725 522 1753 ἀλλ’
543 1726 560 1760 ἢ
584 1726 614 1753 τὸ
635 1724 782 1753 κάλλιστον
808 1726 915 1756 πάντως
931 1724 1015 1763 ἔχειν,
1030 1727 1047 1760 ἢ

1109 1726 1231 1762 :orporis
1256 1724 1410 1758 inaccessi,
1427 1724 1506 1752 haud
1531 1724 1716 1760 aspernanda
1730 1726 1810 1752 veste
1828 1727 1932 1752 conte-

222 1771 260 1806 μή
276 1771 306 1797 τὸ
336 1769 548 1809 αἵσχισ-ςον,“ίνα
574 1771 605 1797 τὸ
637 1770 684 1806 μὶν
712 1769 776 1801 τοὺς
807 1770 977 1810 σοφωτέρους
1003 1771 1046 1798 εὑ·-

1109 1771 1189 1807 ;itur.
1207 1770 1314 1797 Rerum
1340 1770 1419 1797 enim
1441 1769 1618 1803 divinarum,
1636 1777 1701 1797 mea
1727 1769 1848 1805 quidem
1864 1777 1931 1797 sen-

220 1814 329 1853 φραίνῃ,
345 1815 376 1842 τὸ
392 1813 420 1843 δὲ
435 1816 472 1852 μὴ
490 1816 547 1851 (55)
565 1814 672 1852 βλάπτῃ
686 1814 750 1846 τοὺς
764 1813 902 1846 πλείονας.

1109 1816 1203 1848 ;entia,
1221 1823 1257 1842 ne
1281 1814 1473 1842 indicationes
1489 1814 1608 1849 quidem
1633 1814 1713 1849 ipsas
1737 1815 1929 1850 externasque

220 1861 334 1896 species
349 1860 521 1888 inhonestae
538 1868 602 1888 esse
616 1859 761 1892 convenit,
777 1860 923 1896 rebusque
948 1860 1121 1896 signiﬁcatis
1137 1860 1284 1895 indignas,
1301 1867 1334 1886 ac
1356 1859 1482 1893 denique
1497 1858 1580 1892 tales,
1604 1860 1637 1885 ut
1656 1858 1790 1886 homines
1813 1865 1930 1894 quoque

221 1904 277 1940 ipsi
293 1913 342 1933 eas
358 1905 393 1933 de
409 1913 440 1933 se
465 1904 615 1940 praedicari
631 1905 807 1941 permoleste
830 1905 919 1932 laturi
935 1905 1012 1939 sint;
1028 1913 1128 1933 verum
1144 1907 1195 1932 aut
1218 1904 1376 1931 maximam
1401 1903 1520 1931 omnino
1536 1902 1784 1939 pulchritudinem
1811 1902 1929 1938 habere,

223 1951 274 1977 aut
289 1951 366 1977 certe
381 1957 399 1978 a
414 1957 532 1977 summa
555 1949 739 1986 turpitudine
755 1949 867 1985 abesse,
885 1951 917 1977 ut
939 1950 1048 1985 partim
1073 1949 1246 1977 eruditiores
1271 1947 1427 1980 oblectent,
1444 1947 1551 1981 partim
1575 1946 1655 1981 vulgi
1675 1946 1790 1974 animos
1806 1946 1928 1975 minime

222 1993 407 2022 labefactent.

259 2039 327 2066 PIG’.
348 2038 424 2075 Ὑμῖν
451 2037 480 2065 δὲ
499 2035 560 2064 οὔτε
583 2037 615 2065 τὸ
639 2037 786 2074 νοούμενον
811 2037 974 2074 ἀξιόπιστον,
1001 2038 1046 2065 καὶ

1137 2038 1228 2065 CXIX.
1244 2038 1329 2073 Apud
1345 2045 1395 2064 vos
1410 2038 1520 2069 contra,
1537 2044 1590 2063 nec
1606 2036 1683 2071 quod
1704 2035 1927 2072 intelligendum

221 2082 252 2109 τὸ
275 2080 504 2120 προϐεϐλημένον
530 2080 665 2120 ὀλέθριον.
691 2082 740 2109 Καὶ
764 2082 805 2113 τίς
830 2083 847 2117 ἡ
873 2082 976 2113 σύνεσις
1002 2082 1047 2109 διὰ

1109 2082 1283 2118 )roponitur,
1300 2081 1388 2109 ﬁdem
1405 2082 1542 2115 meretur,
1559 2082 1588 2108 et
1606 2080 1683 2116 quod
1700 2081 1816 2108 externo
1833 2081 1925 2109 oculis

223 2126 359 2165 βορϐόρου
451 2127 519 2164 πρὸς
544 2126 625 2154 πόλιν
647 2127 731 2164 ἄγειν,
754 2127 772 2161 ἢ
789 2126 834 2154 διὰ
857 2125 1002 2165 προϐόλων
1017 2137 1046 2154 τε

1109 2127 1247 2163 >bjicitur,
1269 2126 1419 2154 funestum
1444 2127 1472 2153 et
1498 2124 1653 2153 exitiosum
1677 2126 1731 2153 est.
1749 2124 1815 2156 Quae
1842 2133 1928 2161 porro

222 2171 266 2199 καὶ
291 2171 400 2210 ὑφάλων
428 2171 467 2203 εἷς
493 2170 578 2209 ὅρμον
606 2170 758 2209 ἐπείγεσθαι
775 2180 782 2206 ;
802 2170 833 2198 Τί
857 2171 908 2209 γὰρ
934 2171 963 2198 ἐκ
984 2171 1045 2198 τού-

1109 2171 1256 2199 )rudentia
1271 2172 1315 2198 est
1330 2178 1382 2206 per
1394 2178 1509 2198 caenum
1526 2169 1561 2197 ad
1578 2169 1680 2196 urbem
1691 2169 1807 2203 ducere,
1817 2171 1867 2197 aut
1878 2178 1929 2206 per

221 2227 269 2244 του
293 2218 350 2254 (57)
373 2213 542 2253 συμϐήσεται
559 2228 565 2251 ;
581 2216 626 2243 καὶ
650 2215 675 2243 τί
699 2218 752 2243 τῶν
777 2215 869 2253 λόγων
889 2216 921 2243 τὸ
936 2217 1019 2253 πέρας
1036 2226 1043 2251 ;

1109 2225 1169 2244 laxa
1183 2218 1211 2243 et
1238 2215 1374 2251 scopulos
1399 2215 1434 2242 nd
1461 2214 1617 2242 stationem
1640 2214 1838 2242 contendere?
1852 2214 1926 2247 Quid

224 2261 261 2289 Σὺ
279 2261 325 2298 μὲν
342 2260 484 2299 ληρήσεις,
499 2261 544 2288 καὶ
569 2260 773 2299 ἆλληγορήσεις
798 2261 845 2291 τὰς
870 2260 916 2292 σὰς
932 2260 1045 2298 ἀτυχίας

1109 2261 1177 2288 anim
1193 2268 1227 2287 ex
1243 2268 1276 2287 co
1291 2259 1413 2292 accidet,
1427 2261 1456 2286 et
1471 2258 1537 2294 quis
1553 2258 1708 2286 verborum
1724 2258 1793 2286 ﬁnis
1809 2259 1928 2286 futurus

223 2306 241 2341 ἢ
271 2306 425 2345 φαντασίας·
455 2307 469 2334 ὁ
498 2304 527 2334 δὶ
555 2305 714 2341 πεισόμενος
744 2305 793 2333 οὐκ
821 2303 904 2332 ἔσται·
933 2306 964 2333 τὸ
993 2306 1044 2343 γὰρ

224 2351 363 2389 ὁρώμενον
377 2351 569 2389 πιθανώτερον.
585 2349 654 2379 Οὔτε
677 2348 723 2377 οὖν
748 2351 793 2378 τὸν
821 2349 955 2387 ἀκροατὴν
972 2348 1044 2385 ὤνη-

224 2406 280 2432 σας,
296 2396 341 2423 καὶ
360 2395 406 2423 τὸν
431 2396 527 2430 θεατὴν
554 2394 697 2425 ἀπώλεσας
724 2395 792 2431 μετὰ
814 2396 862 2422 τοῦ
883 2394 1045 2433 φαινομένου

271 2515 315 2549 ¹45)
329 2511 477 2549 Ἰδρύμασι.
493 2512 575 2549 Pass.
592 2510 749 2549 ἱδρύσμασι.

271 2515 305 2542 45
329 2515 363 2541 Ἰδ
384 2515 477 2549 ύμασι.
493 2515 575 2540 Pass.
592 2515 749 2549 ἱδρύσμασι.

259 2515 315 2593 iis?)
331 2523 484 2593 Ἀξημίως-
500 2548 579 2591 οριδ-
596 2549 625 2593 kz
641 2547 788 2593 ἀζημίοιςι
904 2581 933 2593 ,ρ
1005 2582 1010 2591 .

260 2581 314 2623 (47)
421 2583 559 2623 ἐπαινοῦσι
584 2581 713 2623 τους-ζῶν
744 2581 866 2611 σέϐουσιν
886 2620 891 2623 _
902 2581 1046 2620 ὑϐριστάςς

224 2620 310 2651 Βθιιο’
325 2621 428 2650 Billius
453 2621 483 2648 in
510 2620 606 2657 prima
625 2620 696 2649 edit.
714 2631 728 2646 ι(
743 2629 796 2648 cur
810 2620 966 2648 numinum
983 2628 1048 2657 suo-

224 2667 289 2687 rum
306 2656 516 2703 cpnvi'qiatores
530 2656 674 2684 laudant?
689 2667 702 2681 »
719 2657 750 2684 In
766 2656 857 2685 Paris.
872 2656 1049 2692 praetermis-

224 2703 300 2727 sum,
316 2694 353 2721 ὧν
370 2690 487 2720 σέϐουσι.
872 2690 882 2692 “

259 2731 315 2767 (48)
337 2729 383 2759 Εἷς
406 2726 461 2756 ενα.
490 2729 574 2756 Deest
601 2726 638 2757 ἐκ
661 2727 689 2755 in
716 2729 832 2756 duobus
853 2728 943 2763 Regg.
967 2727 1048 2755 Pass.

225 2769 318 2836 etc('49)
334 2799 400 2836 Ἰδίᾳ
414 2798 460 2836 καὶ
476 2797 569 2836 μικρά.
588 2798 639 2826 Hic
656 2799 859 2827 adverbialiter
873 2799 977 2835 posita.

273 2802 307 2830 49
334 2802 400 2836 Ἰδίᾳ
414 2802 458 2827 καί
476 2808 525 2836 μικ
544 2802 569 2826 οἱ.

262 2802 319 2873 imi
334 2837 369 2864 Ἥ
394 2835 488 2876 ζημία·

250 2870 317 2902 σοιιὶ
332 2870 491 2908 εοᾳιιῑοοιι
506 2870 685 2908 dubitamus;
702 2871 734 2908 ly
749 2871 820 2908 edit,
834 2870 860 2904 ἦ
870 2870 965 2908 ζημίαι

264 2909 322 2948 (51)
335 2906 383 2941 Τίξ
398 2906 535 2946 ὁτρόπος.
565 2906 635 2942 Reg.
657 2914 684 2943 v,
709 2906 789 2937 Golb.
812 2907 842 2943 k,
867 2907 934 2937 Sav.
949 2906 1050 2937 Gomb.

533 2835 559 2862 ic
584 2836 652 2870 Reg.
677 2844 704 2871 γ,
729 2836 817 2864 codex
832 2835 949 2871 optima:
966 2837 1049 2869 notae,

1100 2308 1172 2333 est?
1195 2306 1236 2332 Tu
1259 2304 1377 2340 quidem
1403 2303 1571 2339 nugaberis,
1588 2305 1713 2338 tuosque
1739 2310 1851 2331 errores
1878 2305 1929 2331 aut

1100 2349 1191 2378 animi
1219 2350 1367 2384 ﬁgmenta,
1386 2357 1473 2375 sensu
1492 2347 1647 2383 allegorica
1674 2347 1836 2383 explicabis
1853 2355 1859 2374 ί
1875 2348 1927 2383 qui

1101 2397 1197 2423 autem
1215 2393 1266 2421 tibi
1282 2394 1369 2420 ﬁdem
1386 2393 1567 2428 habeat,non
1584 2392 1728 2420 erit.Nam
1746 2392 1824 2427 quod
1833 2391 1928 2420 oculis

1103 2509 1144 2540 τίς
1160 2510 1173 2536 ὁ
1191 2509 1284 2540 λόγος.

1138 2520 1381 2582 agilem},
1393 2545 1462 2582 ncg.
1480 2545 1498 2577 ς,
1521 2544 1601 2572 Colb.
1618 2544 1646 2579 k,
1663 2545 1691 2571 et
1706 2544 1786 2572 Pass.
1803 2545 1928 2580 addunt,

1104 2583 1147 2609 καὶ
1165 2580 1280 2616 ὑψηλόν,
1297 2583 1324 2608 et
1340 2580 1482 2616 sublime,
1494 2591 1507 2604 »

1141 2614 1196 2654 (53)
1212 2614 1459 2654 ἝνδείξειςηΡαεξ.
1476 2614 1624 2654 ἐπιδείξεις.

1140 2651 1196 2689 (54)
1213 2652 1333 2689 ”Ανγκαί.
1351 2652 1538 2689 Περοίίθδιιῐιι
1555 2651 1585 2689 in
1601 2651 1715 2689 duobus
1731 2651 1821 2687 Regg.

1151 2686 1197 2724 55)
1212 2690 1246 2716 Τὸ
1263 2688 1291 2716 δὲ
1308 2688 1357 2724 μή
1374 2687 1453 2715 Coll).
1471 2689 1499 2722 Ii,
1514 2688 1544 2714 τὸ
1561 2687 1589 2714 δὲ
1601 2686 1646 2713 ’ίνα
1661 2687 1709 2722 μή.

1151 2692 1197 2724 55)
1212 2692 1246 2716 Τὸ
1263 2692 1291 2716 δὲ
1308 2692 1357 2723 μή.
1374 2692 1453 2715 Uolb.
1471 2692 1499 2722 li,
1514 2692 1544 2714 το
1561 2692 1589 2714 σε
1601 2692 1646 2713 ἰνα
1661 2692 1709 2722 μή.

1140 2692 1196 2761 (56)
1213 2725 1260 2751 Διά
1279 2722 1432 2788 Ιξορϐὁρου,
1447 2726 1512 2763 _ctc.
1537 2735 1550 2749 ‹‹
1576 2726 1630 2751 Per
1644 2731 1759 2751 caenum
1775 2723 1811 2750 ad
1828 2722 1929 2751 urbem

1140 2770 1221 2788 icere.
1239 2772 1253 2785 »
1302 2759 1469 2787 roverbialls
1494 2760 1601 2788 locutio
1621 2759 1772 2788 commode
1788 2761 1929 2788 usurpata

1106 2759 1221 2789 ducere.
1239 2772 1253 2785 »
1279 2759 1469 2788 Proverbialis
1494 2760 1601 2788 locutio
1621 2759 1772 2788 commode
1788 2761 1930 2794 usurpata

1106 2798 1246 2825 adversus
1261 2805 1320 2829 eos,
1349 2796 1397 2831 qui
1416 2803 1466 2831 per
1480 2796 1622 2824 obscenas
1636 2795 1749 2824 fabulas
1766 2796 1801 2824 ad
1818 2794 1929 2830 allego-

1106 2834 1182 2862 ricos
1197 2841 1302 2860 sensus
1319 2833 1440 2859 ducunt.

1142 2870 1197 2905 (57)
1212 2868 1324 2896 Τούτου.
1336 2867 1423 2897 Savil.
1439 2866 1551 2894 τούτων.

1142 2870 1197 2905 (57)
1212 2868 1324 2896 Τούτου.
1336 2867 1423 2897 Savil.
1439 2866 1551 2894 τούτων.
