4148 6290
291 409 417 470 659

1537 401 1600 462 S.
1655 393 2029 463 GREGORII
2073 403 2469 465 THEOLOGI

3593 397 3719 462 660

292 539 572 606 cernitur,
605 537 887 608 majorem
937 535 1008 590 ad
1058 533 1531 606 persuadendum
1579 533 1695 589 vim
1747 534 1940 589 habet.

2076 553 2368 608 (ενομενον.
2404 532 2560 588 Ἀλλ’
2593 533 2620 586 ὁ
2655 533 2748 606 μὲν
2799 531 3133 607 θεωρητικὸς
3181 528 3350 592 τόπος
3385 529 3498 605 (58)
3529 529 3715 593 αὐτοῖς

289 629 501 699 Sicque
530 625 753 682 nullam
790 623 1042 681 auditori
1074 622 1390 679 utilitatem
1423 623 1710 692 attuleris,
1730 627 1787 678 et
1818 640 1946 695 spe-

293 723 576 774 ctatorem
608 715 953 788 perdideris,
988 713 1088 785 qui
1138 713 1418 769 nimirum
1475 714 1526 769 ei
1559 713 1712 785 quod
1762 712 1948 769 oculis

295 807 558 865 oblatum
590 805 794 873 cernit,
826 804 1079 876 praebeat
1109 819 1439 860 assensum.
1469 805 1543 858 At
1592 801 1947 874 contempla—

295 896 472 954 tionis
506 895 742 967 quidem
776 893 940 949 locus
971 894 1124 966 apud
1157 910 1255 949 eos
1287 892 1422 948 talis
1468 896 1578 959 est,
1610 897 1848 964 tamque
1881 892 1952 946 ab

299 985 722 1058 hypothesibus
754 987 1034 1054 remotus,
1070 985 1134 1038 ut
1162 983 1325 1054 prius
1360 981 1559 1038 omnia
1588 982 1737 1037 inter
1767 998 1828 1037 se
1858 997 1952 1036 co-
1993 1045 2002 1050 _

293 1075 497 1147 pulare
527 1075 659 1147 quis
705 1073 912 1145 possit,
947 1075 1123 1143 atque
1150 1088 1218 1126 ea
1266 1088 1392 1142 quae
1426 1071 1598 1142 longo
1649 1068 1950 1125 intervallo

2051 628 2321 694 τοιοῦτος,
2354 623 2442 678 καὶ
2476 622 2618 678 οὕτω
2659 621 2848 699 πόρῥω
2895 625 3001 675 τῶν
3060 618 3385 690 ὑποθέσεων,
3420 617 3494 679 ὡς
3543 617 3715 673 πάντα

2059 712 2320 788 πρότερον
2374 715 2505 767 εἶναι
2558 707 2854 786 συμϐαλεῖν
2906 711 3020 783 (59)
3073 706 3370 779 ἀλλήλοις,
3420 707 3511 762 καὶ
3553 707 3626 769 εἷς
3657 705 3710 763 ἓν

2059 800 2272 876 ἀγαγεῖν
2331 801 2396 856 τὰ
2448 806 2636 876 μακρῷ
2692 798 3094 876 κεχωρισμένα,
3143 797 3178 866 ἢ
3234 801 3401 851 ταῦτα
3446 798 3714 852 συνθεῖναι

2059 891 2149 944 καὶ
2202 889 2555 966 συναρμόσαι,
2603 889 2691 944 καὶ
2741 894 2837 944 τοῦ
2889 889 3051 944 αὐτοῦ
3100 885 3293 962 ἀνδρὸς
3341 885 3473 940 εἶναι
3523 893 3712 964 φῆσαι,

2060 979 2127 1032 τὰ
2185 979 2622 1054 μυθολογήματά
2698 999 2756 1034 τε
2831 978 2977 1053 λέγω
3033 979 3144 1050 (60)
3202 975 3292 1030 καὶ
3367 977 3434 1029 τὰ
3491 978 3713 1031 σκεπά-

2067 1089 2262 1140 σματα.

297 1165 594 1236 disjuncta
623 1166 785 1228 sunt,
818 1162 876 1217 in
910 1177 1094 1217 unum
1127 1161 1437 1228 adducere,
1471 1177 1649 1232 quam
1681 1163 1748 1215 ut
1777 1160 1900 1216 haec
1932 1165 2243 1231 componat
2274 1164 2450 1232 atque
2497 1158 2787 1230 conciliet,
2821 1158 3212 1230 ejusdemque
3241 1155 3350 1212 viri
3383 1172 3514 1213 esse
3561 1158 3716 1212 afﬁr-

295 1259 432 1321 met,
468 1253 748 1326 ﬁgmenta
778 1251 1060 1307 nimirum
1093 1253 1148 1306 et
1178 1267 1381 1306 eorum
1409 1248 1728 1305 involucra.

358 1341 518 1398 CXX.
553 1341 703 1406 Quid
755 1344 952 1397 autem
985 1338 1198 1395 dixeris
1247 1340 1317 1393 de
1347 1355 1414 1393 ea
1461 1339 1725 1409 ipsorum
1765 1337 1938 1392 disci-

287 1432 458 1503 plinas
491 1434 673 1503 parte,
697 1446 823 1501 quas
855 1429 1011 1485 circa
1039 1444 1233 1484 mores
1264 1427 1572 1483 versatur?
1604 1427 1785 1498 Unde,
1820 1431 1874 1481 et
1907 1444 1939 1482 a

285 1519 504 1593 quibus
536 1518 709 1576 rebus
732 1517 1398 1588 ordientes,quibusque
1422 1517 1749 1573 rationibus
1780 1521 1940 1570 uten-

2127 1334 2486 1390 PK'T'i’bi
2577 1334 2600 1370 τ’
2861 1335 2875 1354 ‘
2977 1338 2999 1347 ⁸
3203 1333 3332 1352 “’
3535 1333 3710 1366 ’“’·

2235 1379 2247 1395 .
2333 1359 2345 1390 ι
2379 1355 2405 1390 ο
2489 1359 2513 1389 ν
2548 1356 2723 1396 ειποις
2753 1355 2876 1410 περι
2908 1356 3004 1387 του
3036 1335 3234 1402 ἠθικου
3273 1353 3470 1409 μερους
3491 1355 3667 1389 αυτων
3699 1381 3713 1404 ,

2059 1423 2250 1495 Πόθεν,
2297 1425 2386 1479 καὶ
2436 1425 2494 1480 ἐκ
2539 1424 2696 1479 τίνων
2729 1427 2840 1498 (61)
2873 1425 3217 1497 ὁρμώμενοι,
3265 1424 3356 1477 καὶ
3401 1423 3510 1477 τίσι
3562 1425 3714 1499 χρώ-

2060 1535 2214 1586 μενοι
2274 1513 2490 1589 λόγοις,
2540 1513 2795 1568 πλάττειν
2844 1512 3038 1574 αὐτοὺς
3089 1513 3163 1574 εἷς
3204 1511 3400 1586 ἀρετὴν
3455 1509 3715 1583 δυνήσον-

287 1614 398 1674 tes,
430 1610 500 1664 ad
533 1608 812 1664 virtutem
846 1623 944 1663 eos
974 1607 1308 1677 informare,
1328 1605 1702 1676 consiliisque
1733 1605 1856 1661 suis
1889 1609 1945 1659 et

2076 1623 2165 1675 ται,
2215 1604 2302 1656 καὶ
2358 1601 2615 1657 πλείστου
2667 1607 2846 1656 ποιεῖν
2901 1602 3078 1672 ἀξίους
3125 1607 3242 1663 ταῖς
3296 1600 3712 1677 παραινέσεσιν;

293 1667 593 1771 praeceptis
625 1713 801 1767 quam
847 1696 1101 1768 optimos
1146 1667 1375 1751 efﬁcere
1424 1667 1746 1767 poterunt?
1777 1694 1949 1750 Verbi

2076 1693 2312 1767 Ἀριστον
2347 1691 2599 1765 ὁμόνοια,
2631 1690 2719 1746 καὶ
2741 1691 2805 1745 τὸ
2828 1696 3156 1768 συμφρονεῖν
3193 1667 3468 1760 ἀλλήλοις
3498 1691 3714 1760 πόλεις,

293 1786 484 1861 gratia
518 1803 530 1842 :
561 1785 783 1858 optima
813 1802 906 1841 res
935 1789 1023 1841 est
1063 1784 1394 1852 concordia,
1430 1784 1652 1855 optima
1683 1801 1775 1840 res
1825 1783 1951 1856 pari

294 1875 629 1932 animorum
661 1890 950 1930 consensu
984 1874 1135 1928 inter
1164 1889 1226 1928 se
1271 1873 1558 1941 civitates,
1591 1878 1648 1929 et
1680 1872 1950 1946 populos,

296 1969 353 2020 et
380 1963 654 2032 familias,
674 1966 731 2019 et
759 1962 1022 2035 singulos
1054 1961 1324 2018 homines
1349 1962 1540 2034 jungi,
1572 1962 1762 2034 legem
1794 1961 1950 2016 vide-

294 2052 432 2109 licet
477 2052 863 2123 ordinemque
911 2055 1133 2107 naturae
1180 2055 1517 2124 sequentes,
1570 2068 1696 2122 qua
1754 2051 1954 2106 omnia

294 2141 494 2199 divisit
511 2141 688 2198 simul
711 2144 886 2211 atque
905 2139 1270 2207 constrinxit,
1293 2156 1358 2194 ac
1382 2143 1558 2194 totam
1584 2139 1735 2195 hanc
1757 2155 1950 2195 rerum

294 2230 531 2298 molem,
564 2230 852 2285 mundum
886 2244 1070 2284 unum
1114 2243 1182 2283 ex
1214 2227 1483 2301 pluribus
1518 2229 1692 2284 rebus
1743 2227 1950 2284 effecit.

293 2320 518 2387 Quibus
551 2324 747 2376 autem
779 2316 1064 2390 exemplis
1094 2317 1202 2374 hoc
1235 2317 1321 2372 illi
1355 2318 1800 2374 docebunt?An
1824 2318 1956 2372 deo-

294 2427 427 2467 rum
469 2408 623 2465 bella
668 2411 998 2476 narrantes,
1050 2410 1109 2463 et
1158 2406 1427 2475 dissidia,
1479 2411 1536 2462 et
1584 2405 1953 2471 rebelliones,

295 2501 705 2570 malorumque
735 2495 1202 2564 multitudinem,
1237 2512 1364 2568 quae
1393 2495 1665 2567 privatim
1700 2495 1810 2566 ipsi
1847 2513 1954 2567 pu-

298 2588 589 2658 bliceque,
609 2585 822 2658 partim
855 2583 986 2640 aliis
1016 2583 1536 2656 inferunt,partim
1571 2585 1642 2638 ab
1675 2583 1806 2639 aliis
1828 2601 1957 2655 per-

299 2676 624 2750 petiuntur,
653 2674 802 2732 I45
839 2673 1055 2744 quibus
1078 2687 1281 2729 omnes
1306 2673 1425 2728 fere
1451 2673 1707 2728 historiae
1739 2677 1795 2728 et
1824 2691 1956 2746 poe-

302 2769 464 2824 mata
481 2764 653 2837 plena
669 2763 848 2819 sunt?
865 2763 1050 2820 Citius
1071 2763 1327 2834 profecto
1350 2779 1419 2819 ex
1439 2763 1662 2834 pacatis
1684 2763 1955 2828 bellaces,

303 2857 361 2910 et
415 2869 483 2908 ex
538 2850 903 2922 sapientibus
961 2850 1236 2906 excordes
1293 2867 1359 2905 ac
1419 2850 1740 2918 dementes,
1781 2868 1958 2922 quam

305 2945 508 3001 contra
554 2957 623 2996 ex
671 2939 994 2996 audacibus
1041 2943 1097 2994 et
1142 2937 1346 2995 solidis
1404 2939 1733 2995 moderatos
1783 2945 1960 3012 atque

2061 1781 2148 1835 xui
2182 1779 2416 1856 δήμους,
2465 1783 2559 1835 καὶ
2616 1780 2812 1852 οἰκίας,
2844 1780 2932 1834 καὶ
2981 1779 3107 1841 τοὺς
3140 1781 3255 1834 καθ’
3283 1776 3526 1852 ἕκαστον,
3558 1780 3715 1854 νόμῳ

2061 1871 2149 1924 καὶ
2189 1870 2331 1940 τάξει
2381 1869 2590 1948 φύσεως
2640 1870 2960 1943 ἑπομένους,
3009 1870 3044 1938 ἢ
3095 1868 3268 1924 πάντα
3317 1867 3490 1925 διεῖλέ
3539 1891 3599 1926 τε
3625 1870 3714 1926 καὶ

2067 1957 2349 2032 συνέδησε,
2380 1961 2470 2015 καὶ
2500 1961 2561 2014 τὸ
2599 1965 2702 2014 πᾶν
2751 1964 2913 2014 τοῦτο
2962 1954 3167 2032 κόσμον
3202 1955 3293 2014 ἕνα
3338 1959 3397 2014 ἐκ
3443 1959 3713 2015 πλειόνων

2063 2051 2352 2118 πεποίηκε.
2382 2049 2498 2104 Τίσι
2539 2053 2698 2104 τοῦτο
2748 2046 3049 2120 διδάξουσιν
3105 2045 3491 2124 ὑποδείγμασιν
3531 2069 3544 2118 ;
3578 2050 3718 2125 Ἀρα

2061 2137 2189 2200 τοὺς
2223 2137 2508 2212 πολέμους
2560 2137 2810 2213 λέγοντες
2859 2141 2964 2191 τῶν
3012 2139 3170 2206 θεῶν,
3219 2137 3309 2192 xui
3356 2137 3452 2199 τὰς
3485 2136 3715 2210 στάσεις,

2064 2227 2154 2281 καὶ
2186 2229 2279 2290 τὰς
2314 2226 2718 2300 ἐπαναστάσεις,
2765 2227 2853 2282 καὶ
2908 2229 3013 2279 τῶν
3060 2231 3241 2280 κακῶν
3289 2225 3350 2280 τὸ
3379 2224 3616 2300 πλῆθος,
3647 2228 3717 2281 ὧν

2066 2315 2220 2370 αύτοί
2250 2339 2308 2371 τε
2341 2311 2551 2392 ἔχουσι,
2583 2316 2674 2370 καὶ
2727 2313 2998 2386 ἀλλήλοις
3040 2317 3152 2388 (62)
3201 2316 3556 2390 παρέχουσιν,
3608 2313 3719 2388 ἰδίᾳ

2063 2426 2123 2460 -ιε
2168 2406 2258 2459 καὶ
2308 2403 2567 2478 δημοσίᾳ,
2614 2407 2686 2459 ὧν
2743 2409 2940 2479 μικροῦ
2988 2410 3132 2459 πᾶσα
3183 2403 3548 2481 πεπλήρωται
3592 2427 3718 2482 συγ-

2067 2497 2248 2571 γραφή
2281 2516 2339 2548 τε
2365 2496 2454 2549 xui
2485 2493 2707 2564 ποίησις
2742 2513 2754 2563 ;
2792 2500 2991 2550 Θᾶττον
3046 2494 3138 2567 μέν
3170 2495 3218 2548 τ’
3249 2493 3308 2548 ἃν
3347 2493 3396 2564 ἐξ
3429 2494 3716 2569 εἰρηνικῶν

2071 2582 2378 2658 μαχίμους,
2408 2585 2499 2638 xui
2530 2581 2894 2660 παραπλῆγας
2947 2583 3060 2638 ἀντὶ
3109 2587 3312 2658 σοφῶν,
3345 2585 3380 2652 ἢ
3410 2584 3720 2639 τούναντίον

2072 2673 2323 2748 μετρίους
2371 2673 2459 2728 καὶ
2505 2673 2784 2750 σώφρονας
2833 2672 2948 2728 ἀντὶ
2999 2671 3236 2747 θρασέων
3287 2674 3375 2727 xui
3434 2671 3659 2728 άπαιδεύ
3694 2707 3716 2718 -

2067 2781 2174 2815 των
2228 2767 2344 2823 τοῖς
2401 2761 2672 2824 τοιούτοις
2742 2760 2800 2815 ἂν
2873 2762 3189 2837 ἐργάσαιντο
3248 2759 3712 2836 παραδείγμασιν.

2070 2850 2171 2912 Θῦς
2203 2852 2306 2926 γὰρ
2337 2850 2425 2904 xui
2461 2848 2589 2926 δίχα
2618 2854 2725 2904 τῶν
2756 2851 2829 2913 εἷς
2861 2851 2923 2905 τὸ
2953 2857 3139 2927 χεῖρον
3171 2848 3433 2906 ἑλκόντων
3471 2849 3716 2925 χαλεπὸν

2075 2945 2378 3013 μεταθεῖναι
2413 2943 2524 3014 (63)
2553 2941 2765 3007 κακίας,
2796 2939 2884 2994 xui
2904 2941 3038 3016 πρὸς
3059 2941 3156 3008 τήν
3190 2940 3417 3014 κρείσσω
3451 2945 3714 3012 μεταστῆ-

301 3032 620 3106 prudentes
649 3029 996 3101 hujusmodi
1025 3028 1307 3100 exemplis
1329 3028 1709 3084 reddiderint.
1731 3030 1955 3086 Etenim

2076 3051 2156 3084 σαι
2192 3035 2386 3105 μοῖραν
2419 3029 2526 3084 ἀπὸ
2578 3037 2679 3099 τῆς
2710 3029 2985 3104 χείρονος,
3014 3030 3240 3092 τούτους
3271 3028 3353 3091 τίς
3385 3028 3441 3082 ἂν
3493 3028 3721 3083 πείσειεν

301 3138 472 3194 quos,
524 3119 764 3175 remotis
818 3119 994 3174 etiam
1045 3117 1321 3174 vitiorum
1376 3118 1688 3190 illecebris,
1723 3137 1756 3174 a
1803 3119 1958 3174 malo

301 3213 597 3277 avertere,
658 3212 834 3280 atque
891 3225 925 3263 a
979 3207 1253 3263 deteriori
1309 3212 1470 3279 parte
1528 3209 1598 3263 ad
1660 3208 1959 3264 meliorem

299 3299 608 3356 traducere
640 3295 876 3354 difﬁcile
905 3299 1013 3364 est,
1047 3297 1181 3369 quis
1215 3299 1452 3352 tandem
1503 3297 1616 3365 his,
1653 3302 1717 3352 ut
1748 3297 1958 3370 placidi

307 3393 366 3445 et
403 3385 688 3442 moderati
735 3385 874 3457 sint,
927 3386 1324 3458 persuaserit;
1355 3402 1489 3441 cum
1531 3386 1670 3442 deos
1720 3387 1960 3443 vitiosa-

310 3493 440 3533 rum
473 3476 845 3532 aﬂ‘ectionum
901 3477 1080 3531 duces
1111 3479 1169 3530 et
1199 3478 1476 3546 patronos
1528 3476 1782 3530 habeant
1816 3493 1827 3530 :
1865 3476 1962 3530 ubi

306 3567 583 3623 vitiosum
605 3582 753 3634 esse,
771 3583 885 3620 non
905 3565 1078 3620 modo
1110 3581 1224 3619 non
1243 3568 1435 3636 turpe,
1456 3565 1556 3620 sed
1576 3564 1962 3619 honoriﬁcum

307 3657 484 3714 etiam
517 3655 890 3712 existimatur
937 3655 1159 3725 (utpote
1191 3653 1434 3708 deorum
1467 3653 1725 3724 aliquem
1766 3655 1963 3709 defen-

309 3761 512 3802 sorum
535 3761 602 3800 ac
632 3747 945 3816 patronum
980 3742 1420 3813 assumens,qui
1452 3742 1658 3798 vitiosa
1690 3743 1798 3798 hac
1830 3744 1963 3799 alre-

2069 3117 2313 3195 ἠμέρους
2365 3117 2499 3172 εἶναι
2548 3119 2638 3172 καὶ
2687 3117 3001 3189 καθεκτοὺς,
3044 3120 3184 3180 θεοῖς
3234 3117 3556 3194 χρωμένους
3600 3120 3722 3192 (64)

2071 3205 2293 3284 ὁδηγοῖς
2343 3213 2451 3262 τῶν
2499 3211 2682 3271 παθῶν
2729 3208 2819 3261 καὶ
2867 3209 3215 3284 προστάταιςο
3271 3203 3395 3270 ἔνθα
3439 3207 3502 3261 τὸ
3560 3207 3719 3263 κακὸν

2072 3297 2327 3352 εἶναικαὶ
2379 3296 2584 3370 τίμιον,
2616 3298 2692 3359 ὡς
2739 3299 2872 3351 θεῶν
2917 3319 3039 3352 τινα
3084 3298 3504 3372 προϊστάμενον,
3552 3297 3614 3352 οὗ
3660 3298 3722 3352 τὸ

2073 3388 2242 3450 πάθος
2293 3386 2405 3440 έστί
2463 3388 2675 3459 βωμοῖς
2724 3407 2782 3440 τε
2827 3385 2917 3440 xui
2967 3385 3172 3447 θυσίαις
3225 3388 3578 3459 τιμώμενον,
3632 3387 3722 3440 καὶ

2073 3475 2376 3551 παρρησίαν
2430 3473 2659 3551 εἰληφὸς
2710 3474 2934 3548 ἔννομον
2968 3479 3178 3545 ;Τοῢτο
3221 3477 3320 3550 γὰρ
3371 3475 3433 3528 τὸ
3482 3473 3720 3530 δεινότα-

2072 3586 2187 3634 τον,
2239 3563 2321 3618 ὅτι
2379 3563 2412 3616 ἃ
2467 3569 2581 3625 τοῖς
2638 3564 2829 3637 νόμοις
2888 3563 3197 3632 κολάζεται,
3256 3569 3424 3618 ταῦτα
3479 3565 3554 3626 ὡς
3607 3570 3726 3628 θεῖα

2076 3649 2284 3708 σέϐεται
2335 3656 2466 3727 (65)’
2518 3653 2754 3721 τοσαύτη
2804 3675 2886 3715 τις
2946 3654 3072 3726 ὑμῖν
3123 3660 3223 3723 τῆς
3273 3650 3484 3716 ἀδικίας
3544 3655 3578 3724 ἡ
3634 3674 3723 3708 πε-

2080 3741 2310 3819 ριουσία.

312 3835 504 3892 ctione
535 3833 800 3905 laboret),
835 3836 1009 3903 atque
1039 3831 1155 3888 aris
1186 3837 1242 3887 et
1291 3831 1595 3887 sacriﬁciis
1627 3837 1887 3900 ornatur,
1939 3833 2385 3907 legitimumque
2432 3832 2760 3889 libertatem
2812 3836 3047 3889 nactum
3082 3833 3221 3890 est?
3250 3837 3372 3890 Hoc
3401 3833 3559 3889 enim
3607 3849 3733 3890 om-

318 3925 483 3980 nium
510 3921 994 3996 indignissimum
1027 3924 1136 3992 est,
1168 3921 1343 3992 quod,
1379 3938 1505 3993 quae
1536 3921 1766 3993 legibus
1796 3922 2186 3992 vindicantur,
2220 3939 2288 3977 ea
2319 3921 2426 3993 illi,
2458 3925 2522 3978 ut
2565 3922 2790 3994 divina,
2816 3926 3167 3978 venerentur
3199 3938 3212 3978 :
3247 3926 3410 3978 tanta
3437 3927 3528 3978 est
3575 3923 3731 3995 apud

317 4012 480 4086 ipsos
510 4011 816 4083 injustitiae
848 4011 1082 4068 ubertas
1113 4013 1167 4066 et
1198 4010 1547 4082 amplitudo.

388 4100 570 4156 CXXI.
605 4101 894 4169 Secundo,
927 4100 1114 4155 honor
1141 4103 1198 4155 et
1227 4100 1549 4156 reverentia
1595 4116 1732 4172 erga
1762 4117 1974 4171 paren-

314 4193 404 4246 tes
436 4188 582 4263 ipsis
613 4193 975 4260 proponatur
1002 4205 1013 4244 :
1047 4189 1337 4260 illudque,
1354 4189 1607 4261 primam
1639 4194 1801 4245 ortus
1833 4207 1976 4244 cau-

315 4294 447 4334 sam
479 4277 679 4333 statim
713 4281 847 4348 post
876 4277 1134 4348 primam
1165 4278 1471 4332 colendam
1494 4294 1560 4331 ac
1581 4279 1972 4333 venerandam

316 4383 480 4426 esse:
517 4365 629 4421 hoc
665 4369 722 4420 et
751 4366 897 4421 ratio
939 4367 1162 4430 doceat,
1198 4369 1253 4420 et
1279 4365 1572 4438 theologia
1603 4368 1972 4437 persuadeat.

315 4455 530 4522 Quidni
562 4459 761 4510 autem
785 4454 893 4510 hoc
924 4454 1217 4510 Saturnus
1239 4456 1607 4526 persuadeat,
1639 4455 1787 4511 Ccclo
1813 4456 1972 4528 geni-

315 4545 466 4606 tales
495 4549 692 4617 partes
722 4547 1058 4615 amputans,
1091 4561 1164 4600 ne
1191 4544 1331 4600 deos
1375 4545 1596 4617 gignat,
1629 4561 1832 4601 verum
1865 4545 1974 4601 hoc

2158 4100 2318 4155 PKA'.
2373 4097 2626 4174 Δεύτερον
2697 4096 2881 4160 αὐτοῖς
2939 4097 3246 4175 προκείσθω
3303 4100 3508 4174 γονέων
3569 4097 3735 4162 αἰδὼς

2084 4187 2173 4242 καὶ
2203 4187 2363 4261 τιμὴ,
2415 4189 2504 4243 καὶ
2552 4189 2615 4243 τὸ
2663 4188 2762 4258 τὴν
2809 4189 3035 4265 πρώτην
3240 4187 3411 4244 αἰτίαν
3458 4194 3555 4244 τοῦ
3601 4190 3734 4244 εἶναι

2087 4271 2257 4331 σέϐειν
2295 4278 2428 4350 μετὰ
2475 4279 2572 4346 τὴν
2624 4281 2871 4353 πρώτην·
2922 4281 3084 4333 τοῦτο
3136 4281 3244 4350 (67)
3285 4279 3374 4333 καὶ
3406 4279 3574 4356 λόγος
3623 4279 3735 4334 είσ-

2085 4364 2325 4439 ηγείσθω
2386 4368 2517 4440 (68),
2584 4367 2674 4420 xui
2734 4364 2991 4442 θεολογία
3041 4366 3270 4423 πειθέτω
3304 4413 3318 4425 .
3377 4372 3498 4431 Πῶς
3557 4365 3615 4423 δὲ
3671 4367 3733 4423 οὗ

2084 4455 2256 4509 πείσει
2308 4455 2508 4532 Κρόνος
2561 4455 2801 4532 Οὐρανὸν
2856 4455 3119 4530 ἐκτεμὼν,
3164 4455 3238 4511 ⁹ίν’
3286 4458 3481 4532 ἄγονος
3511 4460 3735 4530 ᾗθεῶν,

2083 4544 2172 4598 καὶ
2227 4541 2305 4616 δῷ
2361 4543 2591 4617 κύμασιν
2653 4543 2974 4600 ἀποτελέσαι
3034 4546 3173 4616 θεὸν,
3243 4547 3416 4623 ἀφροῦ
3472 4549 3732 4624 γέννημα·

389 4741 509 4816 (58)
547 4736 743 4801 Τόπος.
804 4739 944 4812 Reg.
996 4756 1053 4806 u,
1103 4740 1354 4795 Montac.
1404 4743 1462 4794 et
1511 4740 1686 4797 Savil.
1737 4739 1959 4815 τρόπος,

2076 4741 2163 4814 gis
2194 4741 2518 4816 intuentur,
2553 4742 2692 4816 quid
2725 4741 2954 4814 Jupiter
2983 4743 3203 4816 fecerit,
3237 4759 3416 4816 quam
3438 4745 3591 4816 quod
3622 4745 3730 4801 do-

323 4837 345 4866 ι
381 4814 611 4872 modus.
646 4834 674 4862 »

387 4877 868 4959 (59)_£up6u7lsi'_v.
913 4882 1075 4959 Coll),
1124 4883 1179 4946 k,
1227 4876 1595 4959 συμϐάλλειν.
1646 4884 1823 4940 Mont.
1876 4903 1965 4959 γρ.

317 4954 651 5030 συμοάινειψ,
687 4958 772 5030 lta
806 4955 944 5030 Reg.
968 4954 998 5030 _l
1031 4955 1089 5008 in
1121 4958 1301 5030 textu.

391 5023 502 5100 (60)
534 5023 828 5098 Μυθολογή
844 5023 984 5100 μᾶτά
1029 5045 1088 5079 τε
1136 5024 1304 5100 λέγω.
1348 5031 1513 5100 Deest
1543 5023 1685 5100 λέγω
1716 5027 1774 5080 in
1809 5028 1968 5081 Pass.

317 5096 420 5175 qui
454 5096 587 5175 mox
616 5115 739 5171 pro,
773 5096 1140 5168 σκεπάσματα,
1174 5096 1350 5154 habet
1380 5096 1683 5171 σκέμμα-τα,
1727 5121 1755 5148 ‹‹
1799 5114 1966 5152 ΘΧΟΟ⁴

319 5172 716 5248 sationes-.-

390 5245 505 5318 (61)
538 5237 931 5318 ῌα-ὶιέκιτίνων.
964 5240 1094 5318 Non
1128 5238 1649 5318 ρειυίξὶ,-κόικιτίνωνἔ

391 5307 506 5387 (62)
537 5310 865 5382 Ἀλλήλοις.
904 5307 1188 5387 «NPuto,»
1224 5307 1806 5387 ait'__Bill_ius,_unum.

393 5381 504 5462 (63)
537 5381 876 5443 Μεταθεῖναι.
919 5385 1056 5457 Reg.
1095 5386 1194 5452 hu,
1230 5383 1385 5439 Colb.
1421 5385 1476 5451 3,
1521 5381 1674 5449 Ald,,
1725 5383 1968 5453 Hervag.

326 5465 674 5533 μεταστῆσαι.

391 5534 499 5603 (64)
531 5524 686 5592 Θεοῖς
740 5527 1085 5603 χρωμένους,
1138 5526 1662 5603 etc._‘_August_i_nus
1690 5524 1791 5603 lib,
1825 5543 1886 5592 ιι,
1919 5541 1967 5580 c.

319 5606 374 5674 7,
397 5593 494 5659 ‘De'
512 5593 1419 5674 civitat.D'éi,eademgentilibus
1437 5597 1636 5674 objicit
1660 5614 1670 5650 :
1707 5620 1732 5647 ‹‹
1758 5598 1972 5674 Qnines

323 5669 578 5730 cultores
608 5673 815 5730 talium
850 5669 1115 5739 deorum,
1147 5670 1358 5741 inquit,
1392 5686 1524 5723 mox
1572 5671 1636 5722 ut
1666 5686 1762 5724 eos
1791 5669 1972 5726 libido

325 5744 617 5819 pepulerit
644 5744 907 5816 ferventi,
942 5749 1004 5798 ut
1031 5744 1112 5800 ait
1130 5741 1577 5813 Persius,tincta
1603 5757 1971 5813 veneno,ma~

2078 4813 2263 4890 cuerit
2292 4813 2482 4890 Plato,
2528 4813 3159 4890 vel__Catoi_censue_rit.
3221 4813 3502 4890 {Profert
3531 4815 3730 4890 etiam,

2078 4885 2569 4959 iﬂnter_alia,_illu_d
2621 4885 2955 4940 Terentiani
3013 4886 3260 4955 Chereae,
3317 4888 3419 4959 qui
3479 4903 3611 4942 cum
3669 4885 3733 4945 in

2083 4955 2371 5082 ﬁtagititosa
2403 4955 2643 5012 libidine
2673 4962 3024 5026 versaretur,
3066 4977 3087 5005 α
3136 4959 3276 5015 deos
3307 4955 3368 5016 se
3397 4959 3617 5016 imitari
3636 4961 3734 5033 ja-

2081 5045 2110 5082 c
2141 5045 2174 5082 a
2219 5044 2250 5082 a
2284 5071 2296 5082 .
2331 5049 2359 5076 ››

2116 5099 2267 5223 éé65)
2299 5095 2666 5166 Κολάζεται...
2699 5092 2930 5154 σέϐεται.
2969 5101 3108 5173 Reg.
3127 5102 3367 5168 X,Mont,
3400 5098 3730 5170 κολάζετε...

2181 5189 2282 5223 ετε.

2081 5189 2282 5226 σεοετε.

2151 5242 2265 5314 (66)
2297 5241 2548 5317 Πρῴτηνμ.
2603 5241 2855 5317 Mallem,
2920 5239 3215 5317 δευτέραν,,
3264 5265 3293 5294 ‹‹
3325 5245 3672 5317 secundam,
3703 5268 3730 5296 »

2083 5313 2253 5382 Mox,
2299 5313 2430 5384 μετά
2484 5314 2602 5396 την.
2661 5314 2948 5396 πρώτην..
2988 5313 3112 5396 Par.
3169 5317 3260 5371 ed.
3292 5317 3503 5396 addit.
3540 5316 3732 5396 αἰτίαν,

2082 5402 2480 5512 quqm'zocem
2515 5384 2859 5456 delevimu,
2891 5391 3091 5459 utpote
3130 5405 3258 5459 quae
3288 5388 3348 5443 in
3382 5387 3545 5444 nullo
3577 5384 3732 5445 codié

2083 5474 2145 5512 ce
2200 5473 2289 5512 earl
2325 5475 2411 5512 ur.

2083 5473 2505 5654 :(liﬁﬁuilgizo.
2568 5533 2737 5585 Deest
2796 5529 2855 5584 in
2914 5529 3147 5586 duobus
3200 5530 3340 5604 Reg.
3374 5531 3734 5604 totidemque

2129 5616 2159 5654 ο
2233 5642 2244 5654 .

2081 5601 2268 5749 Οροέἕέ)
2347 5669 2519 5746 Λόγος
2597 5669 2935 5747 εἰσηγείσθω.
3016 5673 3175 5731 Pass.
3255 5674 3282 5728 ὁ
3361 5673 3522 5749 λόγος
3583 5675 3734 5749 ἠγει-

2147 5762 2190 5797 ω

2082 5743 2211 5798 σθω.
