4148 6290
393 442 510 503 661

1386 448 1680 510 ORATIO
1723 448 1829 510 ιν.
1862 482 1939 490 —
1970 449 2283 509 CONTRA
2326 448 2727 511 JULIANUM
2771 449 2820 509 Ι.

3690 450 3808 509 662

390 574 480 628 καὶ
540 571 729 649 Κρόνῳ
784 572 910 635 Ζεὺς
965 573 1409 649 ἑπανιστάμινος,
1464 576 1600 632 κατὰ
1659 577 1891 651 μίμησιν
1947 574 2039 632 τοῦ

2160 581 2434 635 ﬂuctibus
2467 582 2581 649 det,
2618 584 2680 636 ut
2709 583 2900 647 deam,
2934 596 3155 652 spumae
3189 580 3394 647 fetum,
3418 578 3674 635 efﬁciant
3709 606 3723 649 ς
3753 590 3808 637 et

391 662 597 738 πατρὸς
654 664 681 717 6
729 661 933 739 γλυκὺς
977 662 1131 727 λίθος
1180 667 1269 719 καὶ
1330 668 1524 734 πικρὸς
1578 666 1995 743 τυραννοκτόνος
2031 687 2044 700 ·

391 752 496 808 εἷ’τε
550 773 601 806 τι
662 750 806 808 ἄλλο
836 758 1084 809 τοιοῦτον
1124 755 1307 818 αὐτοῖς
1339 755 1416 818 είς
1446 758 1615 829 τιμὴν
1647 761 1751 812 τῶν
1788 778 2047 831 γεννησα-

397 843 569 915 μένων
624 842 679 897 αἱ
731 837 915 917 βίϐλοι
967 845 1208 922 φέρουσι.
1260 844 1456 920 Τρίτον
1502 846 1685 909 αὐτοῖς
1738 844 1873 901 ἔστω
1905 866 2048 922 χρη-

397 930 578 1003 μάτων
632 931 918 1006 ὑπεροψίιο,
968 932 1057 987 καὶ
1105 934 1168 988 τὸ
1223 935 1297 1007 μὴ
1341 935 1679 1012 πανταχόθεν
1731 934 2047 1012 κερδαίνειν,

398 1017 538 1093 μηδὲ
593 1024 691 1075 τοῦ
746 1018 1034 1098 δυστυχεῖν
1105 1018 1414 1099 ἀρραϐῶνα,
1473 1024 1537 1079 τὸ
1597 1030 1773 1087 κακῶς
1828 1027 2048 1080 κτᾶσθαι

399 1104 719 1182 λαμϐάνειν.
780 1115 903 1173 Πῶς
951 1108 1041 1165 οὖν
1094 1110 1122 1165 ὁ
1174 1109 1421 1184 Κερδῷος
1464 1116 1575 1187 (69)
1606 1114 1789 1177 αὐτοῖς
1849 1116 2046 1184 σταθή-

394 1219 564 1269 σεται,
613 1198 703 1253 καὶ
751 1199 815 1254 τὸ
864 1199 1152 1255 σακέλλιον
1202 1204 1314 1275 (7Ο)
1368 1198 1839 1275 προϐληθήσεται,
1892 1205 1980 1257 καὶ
2012 1204 2046 1271 ἡ

394 1286 662 1358 κλεπτική
692 1293 789 1345 τοῦ
818 1291 940 1345 θεοῦ
971 1288 1199 1364 δύναμις
1228 1296 1613 1366 τιμηθήσεται,
1649 1293 1737 1349 καὶ
1756 1294 1817 1348 τό
1845 1314 1855 1326 ’
1888 1296 2049 1351 ’Ἄνευ

397 1380 511 1450 (71)
541 1376 754 1452 χαλκοῦ
785 1375 989 1435 Φοῖϐον
1027 1382 1101 1454 μή
1139 1381 1509 1454 μαντεύεσθαι,
1548 1381 1687 1456 μηδὲ
1713 1383 1845 1439 εἶναί
1872 1404 1923 1437 τι
1953 1387 2049 1437 τοῦ

397 1462 601 1521 ὀϐολοῦ
648 1469 1013 1545 τιμιώτερονς
1061 1474 1236 1526 Ταῦτα
1283 1472 1386 1548 γὰρ
1435 1471 1610 1526 αὐτῶν
1641 1470 1708 1527 τά
1738 1472 1905 1544 σεμνὰ
1960 1472 2049 1539 καὶ

400 1550 665 1629 σεϐάσμια
679 1600 691 1617 .

465 1830 619 1880 ΡΚΒ’.
652 1823 711 1879 Τί
771 1823 886 1893 ἔτι;
948 1826 1317 1905 Σωφροσύνην
1382 1826 1799 1901 διδασκέτωσαν,
1861 1829 2051 1906 ἐγκρά-

2155 670 2385 740 Jupiter
2414 671 2693 725 adversus
2742 671 3085 737 Saturnum,
3140 669 3323 741 patris
3374 669 3465 723 sui
3521 669 3805 741 exemplo,

2159 758 2489 831 insurgens,
2548 758 2737 814 dulcis
2796 759 3083 830 (inquam)
3136 758 3229 813 ille
3276 757 3447 830 lapis,
3515 762 3573 814 et
3618 775 3807 815 saevus

2160 847 2559 919 tyrannicida:
2584 851 2687 902 aut
2720 848 2768 901 si
2800 847 2933 918 quid
2956 846 3113 902 aliud
3145 846 3575 917 hujusmodiad
3600 864 3806 919 paren-

2157 940 2284 991 tum
2316 936 2596 992 honorem
2630 935 3025 993 voluminibus
3047 952 3247 991 eorum
3282 936 3651 992 continetur?
3669 937 3805 993 Ter-

2159 1026 2308 1081 tium
2342 1026 2484 1097 ipsis
2516 1026 2613 1093 sit,
2645 1026 2921 1097 pecunias
2953 1026 3249 1097 descipere
3278 1030 3453 1097 atque
3485 1026 3805 1098 aspernari,

2160 1131 2265 1170 nec
2288 1115 2679 1186 undecunque
2705 1114 2935 1170 lucrum
2959 1115 3313 1187 captandum
3336 1132 3597 1183 esse,nec
3628 1116 3809 1172 facul-

2158 1204 2380 1261 tatibus
2410 1204 2491 1275 inj
2503 1208 2633 1260 usta
2650 1204 2872 1260 ratione
2893 1204 3596 1275 quaerendis,calamitatis
3612 1205 3744 1261 arrh
3756 1223 3811 1260 a-

2161 1294 2372 1349 bonem
2422 1295 2703 1365 accipere.
2773 1294 3073 1357 Quomodo
3126 1292 3308 1365 igitur
3356 1293 3603 1350 Lucrius
3662 1293 3807 1367 ipsis

2159 1382 2568 1449 constituetur,
2601 1387 2658 1438 et
2704 1381 2972 1438 sacculus
3012 1383 3355 1454 proferetur,
3390 1386 3446 1437 et
3504 1383 3666 1438 furax
3714 1383 3809 1438 dei

2158 1472 2247 1527 vis
2290 1475 2463 1543 atque
2511 1472 2758 1528 facultas
2798 1472 3184 1528 honorabitur
3235 1491 3246 1527 :
3299 1471 3560 1543 illudque
3606 1474 3804 1543 etiam,

2160 1562 2292 1617 Sine
2319 1576 2433 1619 mre
2460 1560 2723 1616 Phoebum
2750 1563 2986 1617 minime
3011 1563 3327 1633 vaticinari,
3346 1578 3443 1617 nec
3471 1562 3621 1617 obolo
3651 1562 3808 1633 quid-

2161 1668 2324 1723 quam
2358 1666 2470 1706 εδει
2492 1653 2873 1722 praztantius?
2901 1651 3031 1706 Haec
3060 1649 3217 1706 enim
3247 1668 3450 1723 graves
3494 1666 3696 1707 eorum
3741 1668 3807 1707 ac

2159 1740 2504 1795 venerandae
2537 1744 2675 1795 sunt
2699 1739 3024 1796 sententias.

2233 1828 2453 1884 CXXII.
2515 1827 2662 1893 Quid
2732 1826 3067 1899 praeterea?
3125 1826 3471 1883 Pudicitiam
3541 1827 3807 1897 doceant,

390 1934 533 1968 τειαν
596 1913 1058 1989 εἷσηγείσθωσανο
1117 1917 1207 1971 καὶ
1270 1918 1297 1971 6
1356 1918 1555 1981 πείθων
1634 1918 1816 1993 ἐγγὺς,
1880 1920 2039 1974 πάντα

498 2001 509 2018 ν
731 2001 754 2018 δ
792 2003 805 2018 ε
904 2004 915 2018 ς
1138 2010 1159 2018 _
1332 2008 1344 2018 .
1407 2005 1481 2018 _.
1684 2009 1695 2018 .
1744 2015 1758 2018 _
1851 2008 1890 2018 μ.

2162 1917 2586 1973 continentiam
2631 1918 2939 1973 suadeant.
2976 1917 3037 1971 In
3071 1917 3401 1989 propinquo
3432 1919 3520 1972 est
3549 1916 3647 1986 qui
3681 1932 3808 1989 per-

392 2001 681 2077 γινόμενος
726 2001 816 2058 διὰ
862 2004 955 2065 τὰς
1004 2010 1277 2080 γυναῖκας,
1324 2008 1352 2061 ὁ
1402 2005 1551 2077 Ζεὺς,
1610 2009 1699 2062 καὶ
1728 2008 1895 2082 Φρυξί
1930 2030 2046 2080 μει-

395 2090 669 2167 ρακίσκοις
722 2094 834 2165 (72)
891 2092 1044 2156 ἀετὸς
1102 2092 1330 2168 ἐραστὴς
1404 2097 1431 2148 6
1491 2094 1751 2173 φίλτατος
1821 2095 1912 2170 ('iv'
1971 2098 2045 2160 ὡς

392 2178 587 2250 ⁹ἷξὸιστα
631 2183 1053 2254 συμποσιάζοιεν
1110 2184 1161 2237 οἱ
1222 2184 1359 2257 θεοὶ,
1417 2191 1532 2247 τοῖς
1591 2186 1713 2247 Διὸς
1763 2186 2045 2263 οίνοχοού-

399 2292 549 2344 μενοι
600 2268 897 2343 παιδικοῖς)
928 2289 940 2302 ·
990 2271 1079 2327 καὶ
1126 2278 1246 2335 ταῖς
1294 2277 1631 2345 πεντήκοντα
1679 2276 1899 2330 Θεστίου
1955 2288 2045 2340 θυ-

395 2358 651 2435 γατράσιν
701 2358 1005 2416 ἐναθλεύων
1051 2361 1325 2437 Ἡρακλῆς
1372 2364 1423 2419 ἐν
1479 2369 1576 2437 μιᾷ
1624 2365 1775 2420 νυκτὶ
1836 2366 1863 2420 ὁ
1920 2372 2043 2440 Τρι-

388 2450 636 2527 ἑσπερος,
686 2450 775 2505 καὶ
839 2448 1277 2523 τρισκαιδέκατον
1336 2455 1499 2518 ἆθλον
1550 2455 1742 2509 τοῦτον
1799 2454 2041 2510 ἐπιτελέ-

391 2559 506 2613 σας,
539 2538 638 2593 ούκ
667 2535 771 2594 οἷδ’
800 2539 950 2602 ὃπως
978 2544 1094 2603 τοῖς
1145 2539 1337 2604 ἄλλοις
1387 2564 1450 2617 γε
1497 2543 1559 2598 ού
1608 2543 2043 2619 συναριθμούμε-

394 2650 505 2685 νον.
542 2629 912 2684 Ἐπικοπτέτω
941 2629 1032 2685 τὸν
1069 2630 1239 2702 θυμὸν
1291 2632 1457 2708 ’Δρῃς
1508 2634 1641 2707 (73),
1708 2632 1874 2707 μέθην
1928 2634 2045 2688 Διό-

394 2739 572 2785 νυσος,
636 2718 939 2791 μισοξενίαν
999 2719 1282 2793 Ἀρτεμις,
1342 2720 1550 2792 ἀπάτην
1610 2724 1638 2777 6
1698 2720 1883 2792 λοξίας
1931 2726 2044 2797 (74)

393 2807 565 2862 αὐτῶν
619 2806 1049 2883 χρησμολόγος,
1100 2807 1344 2883 γέλωτος
1392 2810 1651 2884 ἀμετρίαν
1703 2813 1730 2865 ὁ
1790 2833 2045 2888 καταχω-

390 2894 562 2951 λεύων
611 2895 755 2964 θεὸς,
800 2900 907 2950 τῶν
961 2898 1092 2951 θεῶν
1128 2896 1509 2972 λυπουμένων,
1540 2900 1629 2954 καὶ
1662 2899 1875 2974 ἀραιαῖς
1928 2907 2044 2963 ταῖς

392 2986 628 3055 κνήμαις
704 2985 1214 3062 ἐπιῤῥωννύμενοςο
1294 2990 1728 3064 γαστριμαργίαν
1806 2990 1834 3042 6
1920 2994 2044 3051 Ζεὺς

403 3072 489 3126 ἰπὶ
520 3070 673 3127 δαῖτα
700 3072 930 3147 λιπαρὰν
976 3076 1190 3152 τρέχων
1245 3078 1361 3150 μετ’
1410 3077 1689 3151 ἀμύμονας
1740 3078 2042 3149 Αἰθιοπῆας

399 3160 494 3215 σὺν
540 3167 658 3223 τοῖς
708 3162 921 3226 λοιποῖς
974 3162 1267 3237 δαίμοσινο
1337 3168 1365 3221 6
1417 3167 1704 3229 Βουθοίνας
1761 3170 1895 3241 (75),
1954 3170 2044 3222 τὸν

396 3250 638 3326 γεωργὸν
712 3255 1068 3328 τυραννήσας,
1143 3254 1231 3308 καὶ
1298 3257 1387 3311 τὸν
1463 3256 1661 3332 ἀρότην
1744 3258 1871 3331 βοῦν
1950 3256 2043 3311 λα-

2156 2009 2425 2077 suadeat,
2463 2006 2694 2078 Jupiter
2724 2006 3027 2073 nimirum,
3060 2005 3132 2060 ob
3164 2006 3517 2060 feminarum
3550 2020 3809 2060 amorem

2158 2096 2483 2167 quamlibet
2512 2096 2761 2150 formam
2794 2094 3044 2150 subinde
3075 2094 3345 2161 induens,
3379 2100 3435 2149 et
3483 2094 3811 2166 Phrygibus

2156 2184 2611 2241 adolescentulis
2661 2183 2907 2239 amatrix
2954 2182 3155 2254 aquila
3184 2184 3372 2238 factus
3403 2187 3491 2254 (ut
3521 2182 3622 2252 dii,
3654 2181 3808 2237 Jovis

2156 2273 2394 2329 cinaedis
2423 2274 2626 2328 vinum
2662 2272 3046 2329 fundentibus
3070 2273 3222 2327 146
3247 2289 3424 2343 quam
3457 2270 3807 2326 suavissime

2155 2365 2583 2435 compotarent)
2633 2378 2644 2416 :
2694 2377 2761 2417 ac
2815 2361 3196 2432 Trivesperus
3252 2360 3347 2414 ille
3397 2358 3691 2423 Hercules,
3746 2359 3802 2413 in

2155 2451 2581 2524 quinquaginta
2608 2450 2825 2506 Thestii
2856 2449 3088 2505 ﬁliabus
3121 2467 3236 2505 una
3263 2453 3428 2505 nocte
3449 2453 3699 2516 certans,
3733 2464 3798 2504 ac

2154 2542 2449 2597 decimum
2491 2545 2732 2596 terttum
2782 2539 2891 2595 hoc
2929 2543 3225 2595 certamen
3273 2539 3609 2604 conﬁciens,
3643 2539 3794 2609 quod

2153 2630 2311 2686 haud
2362 2630 2481 2686 scio
2549 2647 2729 2702 quare
2773 2629 2833 2684 in
2879 2627 3265 2684 certaminum
3316 2627 3501 2698 ipsius
3556 2644 3799 2682 numero
3858 2653 3868 2661 ~

2155 2720 2329 2776 fuerit
2360 2720 2845 2791 praetermissum.
2880 2719 3033 2773 Iram
3083 2718 3236 2774 Mars
3277 2717 3576 2789 reprimat,
3609 2722 3802 2774 temu-

2152 2809 2394 2865 lentiam
2426 2810 2708 2875 Bacchus,
2743 2808 3043 2880 hospitum
3071 2806 3271 2862 odium
3306 2806 3505 2875 Diana,
3534 2808 3801 2863 fraudem

2154 2899 2430 2970 obliquus
2478 2898 2573 2954 ille
2637 2899 2901 2970 ipsorum
2961 2901 3143 2964 vates,
3207 2896 3364 2952 risus
3418 2896 3803 2968 petulantiam

2154 2989 2301 3043 deus
2331 2988 2448 3058 ille,
2494 2988 2876 3043 maerentibus
2907 2986 3038 3042 aliis
3068 2985 3202 3053 diis,
3235 2984 3592 3053 claudicans,
3625 2985 3801 3041 raris-

2154 3096 2267 3151 que
2299 3083 2355 3134 et
2384 3079 2660 3134 tenuibus
2691 3077 2854 3133 tibiis
2888 3077 3176 3133 innitens:
3200 3076 3517 3148 ingluviem
3546 3077 3798 3148 Jupiter,

2153 3168 2389 3240 pinguis
2421 3166 2667 3223 convivii
2706 3183 2902 3234 causa,
2947 3164 3125 3221 simul
3157 3182 3289 3220 cum
3322 3164 3563 3237 reliquis
3592 3165 3803 3220 daemo-

2155 3258 2328 3313 nibus
2362 3258 2431 3313 ad
2467 3257 2797 3328 inculpatos
2846 3255 3138 3326 Ethiopos
3170 3271 3449 3322 currens;
3482 3254 3800 3310 Buthcenas

391 3338 576 3416 φύξας,
609 3339 697 3394 καὶ
727 3342 827 3410 τὴν
872 3341 1069 3412 κλῆσιν
1129 3339 1311 3399 λαϐὼν
1373 3344 1431 3398 ἐκ
1487 3323 1584 3415 τῆς
1642 3323 1905 3421 πράξεως,
1952 3347 2039 3401 καὶ

2160 3348 2351 3416 etiam,
2377 3346 2476 3418 qui
2500 3323 2763 3418 agricolze
2791 3344 2907 3401 vim
2940 3323 3159 3411 attulit,
3190 3348 3247 3399 et
3275 3345 3481 3399 bovem
3514 3348 3799 3400 aratorem

388 3427 577 3491 πάντες
663 3435 781 3492 ταῖς
863 3431 1104 3496 κνίσσαις
1190 3435 1277 3488 καὶ
1363 3440 1480 3497 ταῖς
1558 3430 1771 3497 λοιϐαῖς
1833 3436 2040 3513 ἐπιτρὲ-

392 3538 608 3593 χοντες.
650 3546 655 3547 ⁷

464 3700 606 3755 PKI'.
666 3698 859 3756 Καίτοι
932 3702 1047 3761 πῶς
1117 3704 1284 3755 ταῦτα
1339 3705 1445 3756 τῶν
1504 3704 1787 3778 ἡμετέρων
1862 3703 2039 3780 ἐγγὺς.

391 3788 469 3849 οἷς
538 3788 663 3862 ὃρος
730 3789 824 3861 μὲν
897 3787 1085 3865 φιλίας
1162 3793 1275 3864 (76)
1315 3790 1475 3865 αὐτος
1531 3788 1777 3862 ἕκαστος,
1832 3793 1921 3847 καὶ
1979 3794 2041 3849 τὸ

388 3876 455 3930 τὰ
509 3876 643 3931 αὐτὰ
695 3878 988 3953 βούλεσθαι
1029 3883 1149 3941 τοῖς
1194 3879 1438 3951 πλησίον
1488 3881 1518 3934 ἃ
1571 3881 1659 3935 καὶ
1708 3881 1885 3956 σφίσιν
1946 3883 2035 3937 αὐ.

387 3970 503 4027 τοῖς
530 3985 541 3996 ο
578 3963 835 4041 ἔγκλημα
875 3965 920 4022 δ’
952 3967 1014 4022 οὐ
1048 3967 1213 4040 μόνον
1242 3971 1304 4023 τὸ
1361 3968 1607 4045 γενέσθαι
1650 3972 1835 4043 κακὸν,
1894 3970 2041 4026 ἀλλὰ

388 4054 474 4108 καὶ
530 4055 593 4109 τὸ
655 4052 929 4128 μελλῆσαι
986 4058 1096 4130 (77)
1158 4062 1375 4133 μικροῦ,
1426 4060 1513 4113 καὶ
1570 4067 1669 4128 τῆς
1706 4059 1879 4134 ὀργῆς
1929 4063 2039 4133 (78)

386 4141 781 4217 κολαζομένης,
860 4146 936 4207 ὡς
1009 4144 1251 4219 πράξεως
1292 4166 1305 4178 θ
1384 4149 1464 4209 οἷς
1541 4149 1860 4223 σωφροσύνη
1944 4151 2038 4221 μὲν

388 4232 529 4288 οὕτω
579 4232 955 4305 σπουδάζεται,
1009 4233 1146 4290 ὥστε
1216 4237 1306 4290 καὶ
1370 4236 1652 4315 ὀφθαλμὸς
1709 4236 2035 4293 ἀναστέλλε-

385 4340 511 4376 ται·
570 4323 693 4398 χεὶρ
752 4320 809 4377 δὲ
860 4324 1055 4401 φονική
1117 4329 1371 4379 τοσοῦτον
1448 4325 1723 4401 πόρρωθεν
1804 4324 2036 4402 εἷ’ργεται

388 4410 523 4466 ὥστε
581 4413 669 4465 καὶ
729 4413 899 4485 θυμὸς
972 4414 1377 4489 σωφρονίζεται·
1456 4414 1707 4491 ἐπίορκον
1768 4413 1825 4469 δὲ
1901 4416 2036 4488 ὀμό-

384 4521 469 4554 σαι
522 4502 635 4576 (79)
684 4499 825 4556 οὕτω
877 4498 1047 4557 δεινὸν
1099 4503 1187 4556 καὶ
1235 4502 1556 4579 ὑπέρογκον,
1607 4501 1743 4559 ὣστε
1799 4505 1887 4557 καὶ
1944 4507 2033 4559 τὸν

2151 3436 2392 3507 voravit,
2428 3440 2603 3507 atque
2648 3452 2717 3489 ex
2754 3451 2819 3489 eo
2851 3434 3107 3490 facinore
3157 3450 3369 3489 nomen
3419 3433 3671 3505 accepit;
3720 3433 3800 3489 dii

2153 3526 2404 3597 denique
2434 3541 2658 3596 omnes,
2693 3524 2764 3579 ad
2816 3522 3083 3579 carnium
3134 3522 3367 3578 nidores
3417 3526 3473 3577 et
3520 3521 3801 3579 libamina

2154 3632 2391 3671 summa
2420 3613 2791 3669 festinatione
2820 3614 3217 3684 properantes.

2226 3702 2508 3758 CXXXIII.
2543 3707 2631 3756 An
2662 3718 2795 3757 vero
2825 3701 2946 3755 haec
2977 3700 3048 3756 ad
3081 3704 3342 3757 nostram
3374 3699 3713 3772 religionem
3743 3705 3801 3757 et

2153 3792 2478 3847 doctrinam
2510 3792 2817 3855 accedunt,
2843 3789 3000 3860 apud
3031 3789 3186 3859 quod
3219 3788 3308 3843 lex
3340 3792 3394 3843 et
3423 3805 3628 3844 norma
3658 3789 3803 3844 ami-

2154 3880 2299 3936 citiae
2332 3880 2583 3951 quisque
2613 3878 2738 3949 ipse
2768 3882 2874 3941 est,
2909 3881 3084 3944 atque
3115 3877 3319 3931 eadem
3352 3876 3630 3948 proximis
3660 3876 3800 3933 velle

2151 3986 2277 4041 quae
2310 3974 2367 4025 et
2382 3968 2494 4024 sibi
2526 3967 2670 4038 ipsis
2696 3984 2707 4021 :
2735 3966 2955 4021 crimen
2987 3967 3203 4033 autem,
3228 3981 3342 4019 non
3376 3966 3549 4020 modo
3577 3964 3797 4021 malum

2149 4057 2583 4123 exstitisse,sed
2616 4055 2793 4110 etiam
2825 4072 2858 4108 a
2886 4052 3039 4109 malo
3072 4070 3277 4125 parum
3311 4054 3589 4116 abfuisse,
3623 4055 3795 4109 nimi-

2150 4166 2280 4204 rum
2314 4146 2631 4218 cupiditate
2662 4160 2894 4216 quoque
2924 4142 3053 4215 ipsa
3099 4157 3264 4214 pene,
3301 4146 3363 4197 ut
3398 4142 3642 4210 actione,
3677 4161 3794 4215 pm-

2149 4237 2504 4294 namluente
2529 4253 2540 4301 ;
2566 4235 2722 4305 apud
2758 4249 2905 4303 quos
2940 4236 3173 4287 tantum
3196 4232 3489 4303 pudicitiae
3524 4233 3790 4289 studium

2148 4332 2257 4385 est‘
2293 4332 2354 4381 ut
2384 4324 2587 4381 oculus
2619 4339 2850 4394 quoque
2883 4322 3142 4376 frenetur
3172 4338 3238 4376 ac
3270 4320 3622 4392 reprimatur
3666 4347 3679 4389 ;
3737 4328 3793 4377 et

2150 4432 2363 4471 manus
2393 4412 2774 4484 sanguinaria
2801 4413 2859 4465 et
2891 4409 3192 4465 mortifera
3232 4409 3313 4465 ita
3345 4410 3513 4482 longe
3546 4414 3793 4479 arcetur,

2148 4511 2214 4561 ut
2236 4506 2322 4560 ira
2342 4502 2517 4558 etiam
2540 4501 2669 4572 ipsa
2695 4501 3060 4556 coerceatur:
3088 4499 3415 4570 perjurium
3434 4505 3629 4556 autem
3653 4504 3792 4556 adeo

452 4648 573 4726 (69)_
596 4642 870 4726 ξίερδῴοςΣ
908 4668 936 4697 ‹‹
978 4647 1255 4726 L_ucrius,
1278 4669 1306 4698 »
1361 4647 1628 4726 Mercurii
1680 4648 2027 4726 epithetum,
2063 4654 2107 4718 Ι)
2140 4655 2196 4706 et
2227 4649 2505 4718 ambigua
2536 4643 2771 4726 oracula
2822 4644 3104 4726 redderet,
3137 4659 3263 4726 quae
3295 4644 3579 4726 plurimos
3610 4646 3671 4700 in
3702 4663 3791 4701 er-

383 4720 453 4775 ad
487 4719 974 4776 subindioandam
1008 4720 1193 4792 ipsius
1242 4720 1301 4775 in
1342 4726 1567 4792 quaestu
1601 4720 1866 4776 faciendo
1897 4723 2030 4776 dex-

385 4792 714 4859 teritatem;
774 4791 1155 4861 quamobrem
1213 4808 1247 4846 a
1298 4791 1510 4864 priscis
1560 4793 1911 4864 pingebartur
1940 4810 2030 4849 ac-

382 4864 610 4919 cinctus
640 4877 797 4936 pera,
832 4878 1009 4936 quam
1036 4881 1070 4919 a
1098 4879 1286 4936 sacco,
1311 4863 1612 4919 sacculum
1632 4863 2025 4935 appellabant.

380 4932 943 5007 Habetur'etiam'ut
971 4934 1118 4991 lucri
1149 4952 1215 5007 ac
1245 4932 1537 4991 furtorum
1576 4932 1811 5007 praeses.

449 5006 564 5079 (70)
649 5001 972 5079 Eaxﬂltov.
1060 5006 1295 5079 Mallet,
1336 5001 1752 5078 Montacutius)
1837 5003 2028 5059 σακύλ-

379 5074 671 5153 λῶμεςθά
726 5076 997 5151 displicet
1052 5078 1419 5150 Combeﬁsio,
1460 5079 1597 5151 quia
1626 5074 2026 5153 grammaticis

380 5150 734 5205 inauditum.

448 5221 559 5293 (71)
591 5221 772 5293 Ἀνευ,
824 5223 933 5277 etc.
964 5219 1063 5293 Sic
1113 5221 1282 5293 codd.
1317 5225 1375 5293 et
1403 5220 1566 5278 editi.
1601 5222 1767 5277 Herv.
1799 5236 1933 5293 vero
1964 5219 2025 5293 in

374 5289 556 5359 testu,
589 5296 646 5349 et
675 5292 925 5348 Montac.
959 5292 1018 5349 in
1049 5309 1170 5361 ora,
1202 5289 1404 5348 ἄνευθε.
1456 5294 1594 5349 Erat
1640 5294 1699 5349 id
1740 5291 2026 5362 Apollinis

377 5362 703 5421 oraculum.

620 5433 789 5511 Φρυξὶ
844 5430 1238 5511 μειρακίσκοιςὶ
1307 5436 1392 5511 ita
1449 5451 1843 5511 peneomnes
1874 5450 2019 5511 mss.

561 5505 686 5590 vso,
721 5505 889 5590 (ξρυξὶ
924 5505 1247 5590 μειρακίοις.
1295 5505 1518 5563 Alludit
1563 5507 1657 5564 hi0
1711 5506 2025 5579 Gregorius

379 5579 838 5659 adiganimedis
853 5579 1108 5659 raptura.
1160 5648 1169 5659 .

446 5650 561 5777 (73)
590 5649 783 5730 Θυμὸν⁵
817 5649 1011 5725 Ἄρης.
1065 5649 1333 5720 Quinque
1382 5650 1520 5722 Reg.
1558 5650 1650 5706 Or.
1686 5649 1738 5718 l,
1771 5653 1827 5704 et
1856 5651 2020 5705 Com-

368 5722 442 5779 be
474 5765 486 5776 .
518 5720 723 5787 legunt
746 5747 761 5778 :
793 5721 962 5787 θυμὸν
995 5720 1088 5787 μὲν
1122 5719 1318 5787 Ἀρης.

448 5738 486 5777 ῐ.
519 5738 723 5796 legunt
746 5747 761 5778 :
793 5738 962 5793 θῦμον
995 5738 1088 5792 μεν
1146 5738 1318 5794 Δρης.

444 5793 561 5869 (74)
590 5792 807 5871 Λοξίας.
838 5794 933 5857 Sic
961 5791 1165 5869 Apollo
1194 5790 1541 5869 appellatus,
1591 5792 1747 5865 quod
1777 5791 2024 5853 obscura

2141 4738 2330 4778 rorem
2361 4716 2419 4774 et
2450 4718 2735 4771 maximas
2767 4716 3129 4771 calamitates
3161 4716 3535 4771 induxerunt.

2210 4794 2322 4863 (75)
2356 4787 2653 4863 Βουθοίνοις
2681 4790 2762 4843 Ita
2806 4788 3253 4858 cognominatus
3302 4787 3603 4843 Hercules.
3645 4788 3787 4844 Vide

2139 4860 2248 4920 col.
2279 4860 2405 4930 603,
2440 4865 2561 4916 not.
2593 4860 2683 4914 86.

2210 4936 2320 5006 (76)
2353 4927 2570 4992 Φιλίας.
2602 4928 2993 5006 Montacutius
3024 4929 3261 5006 conjicit
3286 4928 3606 5006 legendum
3629 4927 3785 5006 φιλο-

2138 5000 2351 5083 σοφίας.
2375 5007 2481 5062 Sed
2515 5003 2710 5059 nullos
2741 5002 2928 5057 favere
2959 5000 3186 5056 codices
3234 5001 3447 5081 asserit
3490 5000 3782 5058 variarum

2135 5078 2444 5134 lectionem
2507 5075 2815 5134 collector;
2874 5088 3076 5127 verum
3134 5072 3532 5128 hallucmatur
3561 5099 3574 5134 ;
3607 5075 3779 5131 Coisl.

2158 5091 2444 5134 θοῐιοηθω
2507 5091 2815 5143 ΟΟΠΘΟΕΟΓ]
2874 5091 3076 5143 ΫΘῙῘΠΠΙ
3134 5091 3779 5143 Πιιιυοωθιιυτςυοιει.

2136 5167 2392 5221 namque
2421 5153 2457 5203 2
2475 5148 2681 5221 habet,
2697 5140 3058 5221 φιλοσοφίας.

2208 5210 2316 5292 (77)
2350 5210 2836 5292 Μελλῆσαιίῖἱθε.
2871 5210 2936 5288 Υξ
2964 5210 3217 5292 μελῆσαι.

2207 5287 2320 5365 (78⁷)
2355 5291 2450 5346 Καὶ
2481 5295 2579 5357 τῆς
2613 5287 2814 5363 ὁρμῆς,
2870 5287 2979 5343 etc.
3039 5308 3068 5337 ‹‹
3128 5287 3261 5360 Ipso
3308 5288 3489 5343 animi
3521 5291 3681 5342 motu
3715 5305 3781 5343 ac

2134 5365 2453 5431 cupiditate
2484 5379 2648 5431 pene,
2682 5366 2843 5431 nete.

2253 5382 2453 5420 idltate
2524 5382 2629 5418 ene
2682 5382 2843 5416 nete.

2206 5382 2317 5507 (P79)
2369 5382 2654 5507 Ἐπύδρκον
2696 5429 2779 5507 -δὶ
2847 5426 3071 5507 ῥμὸσαι.
3142 5431 3226 5507 I_t_a
3287 5430 3424 5507 Reg.
3507 5434 3780 5507 qu_att10!_‘,

2133 5498 2573 5590 et‘dupmcolb.
2638 5504 2784 5590 Ed‘it.
2843 5498 3094 5590 έτξίοριερν
3153 5498 3541 5590 δὲωχωρθῆςαιῖ
3576 5501 3608 5589 ᾖ
3648 5498 3784 5590 ape;

2136 5598 2243 5634 σαι.
2308 5578 2415 5633 Alii
2476 5596 2611 5634 vero
2671 5577 2868 5647 plures
2900 5570 2986 5628 ἐπὶ
3019 5571 3177 5647 ὅρκον
3213 5570 3551 5647 δὲ’ῖχῲρῆσαι
3582 5573 3615 5639 ἢ
3647 5570 3780 5645 ὁμό-

2136 5670 2243 5722 σαι,
2276 5668 2403 5721 quae
2435 5649 2602 5706 lectio
2636 5667 2749 5705 non
2781 5647 3133 5719 spernenda,
3176 5647 3275 5703 sed
3324 5654 3521 5702 tamen
3572 5651 3781 5703 nostrae

2138 5722 2559 5795 posthabenda.

3940 5638 4144 5871 μ
