  <div class='ocr_page' id='page_1' title='image "/cluster/home/n/w/nwhite01/storage/ocr_20150623/35/mdp.39015012934389/338.png"; bbox 0 0 4148 6290; ppageno 0'>
   <div class='ocr_carea' id='block_1_1' title="bbox 424 464 544 529">
    <p class='ocr_par' dir='ltr' id='par_1_1' title="bbox 424 464 544 529">
     <span class='ocr_line' id='line_1_1' title="bbox 424 464 544 529; baseline -0.033 1"><span class='ocrx_word' id='word_1_1' title='bbox 424 464 544 529; x_wconf 79' lang='lat'><strong>665</strong></span> 
     </span>
    </p>
   </div>
   <div class='ocr_carea' id='block_1_2' title="bbox 1426 465 2861 529">
    <p class='ocr_par' dir='ltr' id='par_1_2' title="bbox 1426 465 2861 529">
     <span class='ocr_line' id='line_1_2' title="bbox 1426 465 2861 529; baseline -0.002 -3"><span class='ocrx_word' id='word_1_2' title='bbox 1426 466 1721 527; x_wconf 73' lang='lat' dir='ltr'><strong>ORATIO</strong></span> <span class='ocrx_word' id='word_1_3' title='bbox 1767 466 1941 526; x_wconf 83' lang='grc' dir='ltr'>ν.-</span> <span class='ocrx_word' id='word_1_4' title='bbox 1978 465 2292 527; x_wconf 79' lang='lat' dir='ltr'><strong>CONTRA</strong></span> <span class='ocrx_word' id='word_1_5' title='bbox 2336 466 2737 529; x_wconf 79' lang='lat' dir='ltr'><strong>JULIANUM</strong></span> <span class='ocrx_word' id='word_1_6' title='bbox 2782 465 2861 527; x_wconf 91' lang='lat' dir='ltr'><strong>II.</strong></span> 
     </span>
    </p>
   </div>
   <div class='ocr_carea' id='block_1_3' title="bbox 3718 460 3838 523">
    <p class='ocr_par' dir='ltr' id='par_1_3' title="bbox 3718 460 3838 523">
     <span class='ocr_line' id='line_1_3' title="bbox 3718 460 3838 523; baseline 0.017 -2"><span class='ocrx_word' id='word_1_7' title='bbox 3718 460 3838 523; x_wconf 80' lang='lat'><strong>666</strong></span> 
     </span>
    </p>
   </div>
   <div class='ocr_carea' id='block_1_4' title="bbox 430 594 2087 674">
    <p class='ocr_par' dir='ltr' id='par_1_4' title="bbox 430 595 2081 672">
     <span class='ocr_line' id='line_1_4' title="bbox 430 595 2081 672; baseline -0.002 -18"><span class='ocrx_word' id='word_1_8' title='bbox 430 596 785 672; x_wconf 78' lang='grc' dir='ltr'><strong>ἐπεδειξάμην</strong></span> <span class='ocrx_word' id='word_1_9' title='bbox 833 597 1033 661; x_wconf 75' lang='grc' dir='ltr'>ἱκανῶς</span> <span class='ocrx_word' id='word_1_10' title='bbox 1070 600 1170 668; x_wconf 75' lang='grc' dir='ltr'>τὴν</span> <span class='ocrx_word' id='word_1_11' title='bbox 1232 602 1329 653; x_wconf 80' lang='grc' dir='ltr'>τοῦ</span> <span class='ocrx_word' id='word_1_12' title='bbox 1399 595 1591 671; x_wconf 85' lang='grc' dir='ltr'>ἀνδρὸς</span> <span class='ocrx_word' id='word_1_13' title='bbox 1646 597 1966 666; x_wconf 76' lang='grc' dir='ltr'>κακοήθειαν</span> <span class='ocrx_word' id='word_1_14' title='bbox 2029 596 2081 653; x_wconf 77' lang='grc' dir='ltr'>ἰν</span> 
     </span>
    </p>
   </div>
   <div class='ocr_carea' id='block_1_5' title="bbox 2202 594 3839 674">
    <p class='ocr_par' dir='ltr' id='par_1_5' title="bbox 2202 594 3839 672">
     <span class='ocr_line' id='line_1_5' title="bbox 2202 594 3839 672; baseline -0.002 -17"><span class='ocrx_word' id='word_1_15' title='bbox 2202 600 2630 672; x_wconf 81' lang='lat' dir='ltr'><strong>improbitatem</strong></span> <span class='ocrx_word' id='word_1_16' title='bbox 2654 616 2719 656; x_wconf 89' lang='lat' dir='ltr'><strong>ac</strong></span> <span class='ocrx_word' id='word_1_17' title='bbox 2739 598 3178 671; x_wconf 81' lang='lat' dir='ltr'><strong>perversitatem</strong></span> <span class='ocrx_word' id='word_1_18' title='bbox 3201 596 3432 653; x_wconf 79' lang='lat' dir='ltr'><strong>abunde</strong></span> <span class='ocrx_word' id='word_1_19' title='bbox 3452 594 3839 666; x_wconf 85' lang='lat' dir='ltr'><strong>ostendi,tam</strong></span> 
     </span>
    </p>
   </div>
   <div class='ocr_carea' id='block_1_6' title="bbox 430 684 2084 764">
    <p class='ocr_par' dir='ltr' id='par_1_6' title="bbox 430 684 2084 764">
     <span class='ocr_line' id='line_1_6' title="bbox 430 684 2084 764; baseline -0.001 -21"><span class='ocrx_word' id='word_1_20' title='bbox 430 689 511 752; x_wconf 81' lang='grc' dir='ltr'>οἷς</span> <span class='ocrx_word' id='word_1_21' title='bbox 571 685 761 764; x_wconf 79' lang='grc' dir='ltr'>ἕδρασέ</span> <span class='ocrx_word' id='word_1_22' title='bbox 803 710 859 744; x_wconf 89' lang='grc' dir='ltr'><strong>τε</strong></span> <span class='ocrx_word' id='word_1_23' title='bbox 914 689 1030 743; x_wconf 79' lang='grc' dir='ltr'>καθ’</span> <span class='ocrx_word' id='word_1_24' title='bbox 1076 690 1257 761; x_wconf 80' lang='grc' dir='ltr'>ἡμῶν,</span> <span class='ocrx_word' id='word_1_25' title='bbox 1316 687 1405 743; x_wconf 84' lang='grc' dir='ltr'><strong>καὶ</strong></span> <span class='ocrx_word' id='word_1_26' title='bbox 1454 688 1535 749; x_wconf 80' lang='grc' dir='ltr'><strong>οἷς</strong></span> <span class='ocrx_word' id='word_1_27' title='bbox 1586 684 1839 758; x_wconf 81' lang='grc' dir='ltr'>ἔμελλεν,</span> <span class='ocrx_word' id='word_1_28' title='bbox 1899 685 1981 741; x_wconf 83' lang='grc' dir='ltr'><strong>ἀεί</strong></span> <span class='ocrx_word' id='word_1_29' title='bbox 2031 708 2084 741; x_wconf 91' lang='grc' dir='ltr'><strong>τι</strong></span> 
     </span>
    </p>
   </div>
   <div class='ocr_carea' id='block_1_7' title="bbox 427 773 2086 854">
    <p class='ocr_par' dir='ltr' id='par_1_7' title="bbox 427 773 2086 854">
     <span class='ocr_line' id='line_1_7' title="bbox 427 773 2086 854; baseline -0.002 -21"><span class='ocrx_word' id='word_1_30' title='bbox 427 783 534 833; x_wconf 89' lang='grc' dir='ltr'><strong>τῶν</strong></span> <span class='ocrx_word' id='word_1_31' title='bbox 576 777 858 851; x_wconf 82' lang='grc' dir='ltr'><strong>παρόντων</strong></span> <span class='ocrx_word' id='word_1_32' title='bbox 909 778 1141 833; x_wconf 74' lang='grc' dir='ltr'>ἐπινοῶν</span> <span class='ocrx_word' id='word_1_33' title='bbox 1197 776 1511 854; x_wconf 83' lang='grc' dir='ltr'>βαρύτερον.</span> <span class='ocrx_word' id='word_1_34' title='bbox 1554 780 1659 830; x_wconf 74' lang='grc' dir='ltr'><strong>Νῦν</strong></span> <span class='ocrx_word' id='word_1_35' title='bbox 1706 773 1831 830; x_wconf 76' lang='grc' dir='ltr'>αὖτε</span> <span class='ocrx_word' id='word_1_36' title='bbox 1888 777 2086 831; x_wconf 86' lang='grc' dir='ltr'>σκοπὸν</span> 
     </span>
    </p>
   </div>
   <div class='ocr_carea' id='block_1_8' title="bbox 431 861 2088 942">
    <p class='ocr_par' dir='ltr' id='par_1_8' title="bbox 431 861 2088 942">
     <span class='ocr_line' id='line_1_8' title="bbox 431 861 2088 942; baseline -0.002 -19"><span class='ocrx_word' id='word_1_37' title='bbox 431 865 623 941; x_wconf 73' lang='grc' dir='ltr'>ἄλλον,</span> <span class='ocrx_word' id='word_1_38' title='bbox 672 866 729 922; x_wconf 79' lang='grc' dir='ltr'><strong>δν</strong></span> <span class='ocrx_word' id='word_1_39' title='bbox 779 866 877 922; x_wconf 80' lang='grc' dir='ltr'><strong>οὐκ</strong></span> <span class='ocrx_word' id='word_1_40' title='bbox 909 864 1012 921; x_wconf 80' lang='grc' dir='ltr'>οἷδ’</span> <span class='ocrx_word' id='word_1_41' title='bbox 1061 864 1115 921; x_wconf 41' lang='grc' dir='ltr'>εἰ(</span> <span class='ocrx_word' id='word_1_42' title='bbox 1152 888 1236 929; x_wconf 87' lang='grc' dir='ltr'><strong>τις</strong></span> <span class='ocrx_word' id='word_1_43' title='bbox 1288 861 1579 942; x_wconf 80' lang='grc' dir='ltr'>βὲϐληκεν,</span> <span class='ocrx_word' id='word_1_44' title='bbox 1622 862 1731 936; x_wconf 73' lang='grc' dir='ltr'><strong>ἤδη</strong></span> <span class='ocrx_word' id='word_1_45' title='bbox 1764 869 1862 920; x_wconf 78' lang='grc' dir='ltr'><strong>τοῦ</strong></span> <span class='ocrx_word' id='word_1_46' title='bbox 1916 863 2088 940; x_wconf 77' lang='grc' dir='ltr'>λόγου</span> 
     </span>
    </p>
   </div>
   <div class='ocr_carea' id='block_1_9' title="bbox 429 951 2085 1032">
    <p class='ocr_par' dir='ltr' id='par_1_9' title="bbox 429 951 2085 1032">
     <span class='ocr_line' id='line_1_9' title="bbox 429 951 2085 1032; baseline -0.002 -20"><span class='ocrx_word' id='word_1_47' title='bbox 429 956 872 1032; x_wconf 81' lang='grc' dir='ltr'>προστησόμεθα,</span> <span class='ocrx_word' id='word_1_48' title='bbox 935 961 1049 1028; x_wconf 86' lang='grc' dir='ltr'><strong>Θεῷ</strong></span> <span class='ocrx_word' id='word_1_49' title='bbox 1102 977 1164 1012; x_wconf 90' lang='grc' dir='ltr'><strong>τε</strong></span> <span class='ocrx_word' id='word_1_50' title='bbox 1219 956 1531 1032; x_wconf 72' lang='grc' dir='ltr'>ἱερώτερον,</span> <span class='ocrx_word' id='word_1_51' title='bbox 1589 955 1679 1010; x_wconf 85' lang='grc' dir='ltr'><strong>καὶ</strong></span> <span class='ocrx_word' id='word_1_52' title='bbox 1738 957 1874 1028; x_wconf 78' lang='grc' dir='ltr'>ἡμῖν</span> <span class='ocrx_word' id='word_1_53' title='bbox 1920 951 2085 1025; x_wconf 77' lang='grc' dir='ltr'>ἡδίω,</span> 
     </span>
    </p>
   </div>
   <div class='ocr_carea' id='block_1_10' title="bbox 428 1043 2087 1121">
    <p class='ocr_par' dir='ltr' id='par_1_10' title="bbox 428 1043 2087 1121">
     <span class='ocr_line' id='line_1_10' title="bbox 428 1043 2087 1121; baseline -0.002 -21"><span class='ocrx_word' id='word_1_54' title='bbox 428 1046 519 1101; x_wconf 82' lang='grc' dir='ltr'><strong>καὶ</strong></span> <span class='ocrx_word' id='word_1_55' title='bbox 592 1050 712 1107; x_wconf 87' lang='grc' dir='ltr'>τοῖς</span> <span class='ocrx_word' id='word_1_56' title='bbox 783 1045 968 1100; x_wconf 81' lang='grc' dir='ltr'>ἔπειτα</span> <span class='ocrx_word' id='word_1_57' title='bbox 1042 1046 1503 1121; x_wconf 84' lang='grc' dir='ltr'>χρησιμώτερον·</span> <span class='ocrx_word' id='word_1_58' title='bbox 1581 1050 1697 1106; x_wconf 86' lang='grc' dir='ltr'>τοῖς</span> <span class='ocrx_word' id='word_1_59' title='bbox 1777 1043 2087 1119; x_wconf 71' lang='grc' dir='ltr'>εἰρημένοις</span> 
     </span>
    </p>
   </div>
   <div class='ocr_carea' id='block_1_11' title="bbox 431 1132 2085 1211">
    <p class='ocr_par' dir='ltr' id='par_1_11' title="bbox 431 1132 2085 1211">
     <span class='ocr_line' id='line_1_11' title="bbox 431 1132 2085 1211; baseline -0.001 -20"><span class='ocrx_word' id='word_1_60' title='bbox 431 1137 743 1211; x_wconf 85' lang='grc' dir='ltr'>προσθεῖναι</span> <span class='ocrx_word' id='word_1_61' title='bbox 802 1136 918 1208; x_wconf 99' lang='grc'>(89)</span> <span class='ocrx_word' id='word_1_62' title='bbox 973 1134 1039 1189; x_wconf 74' lang='grc' dir='ltr'>τὰ</span> <span class='ocrx_word' id='word_1_63' title='bbox 1084 1132 1263 1189; x_wconf 85' lang='grc' dir='ltr'>δίκαια</span> <span class='ocrx_word' id='word_1_64' title='bbox 1312 1138 1410 1190; x_wconf 76' lang='grc' dir='ltr'><strong>τοῦ</strong></span> <span class='ocrx_word' id='word_1_65' title='bbox 1458 1138 1592 1189; x_wconf 73' lang='grc' dir='ltr'>Θεοῦ</span> <span class='ocrx_word' id='word_1_66' title='bbox 1657 1134 1890 1207; x_wconf 77' lang='grc' dir='ltr'>σταθμία</span> <span class='ocrx_word' id='word_1_67' title='bbox 1948 1136 2085 1206; x_wconf 89' lang='grc'>(90),</span> 
     </span>
    </p>
   </div>
   <div class='ocr_carea' id='block_1_12' title="bbox 433 1222 2081 1298">
    <p class='ocr_par' dir='ltr' id='par_1_12' title="bbox 433 1222 2081 1298">
     <span class='ocr_line' id='line_1_12' title="bbox 433 1222 2081 1298; baseline -0.003 -17"><span class='ocrx_word' id='word_1_68' title='bbox 433 1224 523 1281; x_wconf 84' lang='grc' dir='ltr'><strong>καὶ</strong></span> <span class='ocrx_word' id='word_1_69' title='bbox 573 1225 650 1285; x_wconf 74' lang='grc' dir='ltr'>οἷς</span> <span class='ocrx_word' id='word_1_70' title='bbox 712 1222 1211 1279; x_wconf 81' lang='grc' dir='ltr'>ἀντιταλαντεύεται</span> <span class='ocrx_word' id='word_1_71' title='bbox 1288 1224 1526 1298; x_wconf 80' lang='grc' dir='ltr'>πονηρία</span> <span class='ocrx_word' id='word_1_72' title='bbox 1605 1224 1739 1297; x_wconf 92' lang='grc'>(91),</span> <span class='ocrx_word' id='word_1_73' title='bbox 1808 1227 1923 1285; x_wconf 84' lang='grc' dir='ltr'>τοῖς</span> <span class='ocrx_word' id='word_1_74' title='bbox 1988 1224 2081 1297; x_wconf 76' lang='grc' dir='ltr'><strong>μὲν</strong></span> 
     </span>
    </p>
   </div>
   <div class='ocr_carea' id='block_1_13' title="bbox 435 1310 2087 1387">
    <p class='ocr_par' dir='ltr' id='par_1_13' title="bbox 435 1310 2087 1387">
     <span class='ocr_line' id='line_1_13' title="bbox 435 1310 2087 1387; baseline 0.001 -20"><span class='ocrx_word' id='word_1_75' title='bbox 435 1312 651 1368; x_wconf 81' lang='grc' dir='ltr'>αὐτόθεν</span> <span class='ocrx_word' id='word_1_76' title='bbox 709 1315 823 1386; x_wconf 80' lang='grc'>(92)</span> <span class='ocrx_word' id='word_1_77' title='bbox 883 1314 1192 1381; x_wconf 79' lang='grc' dir='ltr'>ἀπαντῶσα,</span> <span class='ocrx_word' id='word_1_78' title='bbox 1249 1318 1366 1374; x_wconf 85' lang='grc' dir='ltr'>τοῖς</span> <span class='ocrx_word' id='word_1_79' title='bbox 1428 1310 1484 1367; x_wconf 75' lang='grc' dir='ltr'>δὲ</span> <span class='ocrx_word' id='word_1_80' title='bbox 1540 1313 1627 1367; x_wconf 78' lang='grc' dir='ltr'><strong>καὶ</strong></span> <span class='ocrx_word' id='word_1_81' title='bbox 1692 1312 1879 1387; x_wconf 72' lang='grc' dir='ltr'>μικρὸν</span> <span class='ocrx_word' id='word_1_82' title='bbox 1940 1311 2087 1368; x_wconf 78' lang='grc' dir='ltr'>ὕστε-</span> 
     </span>
    </p>
   </div>
   <div class='ocr_carea' id='block_1_14' title="bbox 438 1398 2084 1477">
    <p class='ocr_par' dir='ltr' id='par_1_14' title="bbox 438 1398 2084 1477">
     <span class='ocr_line' id='line_1_14' title="bbox 438 1398 2084 1477; baseline 0 -20"><span class='ocrx_word' id='word_1_83' title='bbox 438 1421 565 1477; x_wconf 79' lang='grc' dir='ltr'>ρον’</span> <span class='ocrx_word' id='word_1_84' title='bbox 599 1401 767 1473; x_wconf 82' lang='grc' dir='ltr'>ὅπως,</span> <span class='ocrx_word' id='word_1_85' title='bbox 797 1401 881 1470; x_wconf 80' lang='grc' dir='ltr'><strong>ἂν,</strong></span> <span class='ocrx_word' id='word_1_86' title='bbox 941 1404 1119 1475; x_wconf 79' lang='grc' dir='ltr'>οἶμαι,</span> <span class='ocrx_word' id='word_1_87' title='bbox 1176 1402 1255 1473; x_wconf 81' lang='grc' dir='ltr'>τῷ</span> <span class='ocrx_word' id='word_1_88' title='bbox 1314 1402 1535 1476; x_wconf 77' lang='grc' dir='ltr'><strong>τεχνίτῃ</strong></span> <span class='ocrx_word' id='word_1_89' title='bbox 1592 1401 1757 1477; x_wconf 82' lang='grc' dir='ltr'><strong>Λόγῳ</strong></span> <span class='ocrx_word' id='word_1_90' title='bbox 1788 1398 1942 1475; x_wconf 72' lang='grc' dir='ltr'>δοκῇ,</span> <span class='ocrx_word' id='word_1_91' title='bbox 1993 1402 2084 1457; x_wconf 84' lang='grc' dir='ltr'><strong>καὶ</strong></span> 
     </span>
    </p>
   </div>
   <div class='ocr_carea' id='block_1_15' title="bbox 437 1489 2083 1569">
    <p class='ocr_par' dir='ltr' id='par_1_15' title="bbox 437 1489 2083 1569">
     <span class='ocr_line' id='line_1_15' title="bbox 437 1489 2083 1569; baseline 0 -22"><span class='ocrx_word' id='word_1_92' title='bbox 437 1491 608 1565; x_wconf 81' lang='grc' dir='ltr'>ταμίᾳ</span> <span class='ocrx_word' id='word_1_93' title='bbox 663 1496 770 1547; x_wconf 83' lang='grc' dir='ltr'><strong>τῶν</strong></span> <span class='ocrx_word' id='word_1_94' title='bbox 829 1492 1109 1566; x_wconf 75' lang='grc' dir='ltr'>ἡμετέρων</span> <span class='ocrx_word' id='word_1_95' title='bbox 1172 1493 1322 1565; x_wconf 84' lang='grc'>(93)·</span> <span class='ocrx_word' id='word_1_96' title='bbox 1375 1493 1432 1553; x_wconf 79' lang='grc' dir='ltr'><strong>’ὸς</strong></span> <span class='ocrx_word' id='word_1_97' title='bbox 1483 1489 1600 1546; x_wconf 78' lang='grc' dir='ltr'>οἶδε</span> <span class='ocrx_word' id='word_1_98' title='bbox 1647 1494 1928 1569; x_wconf 76' lang='grc' dir='ltr'>συμφορὰν</span> <span class='ocrx_word' id='word_1_99' title='bbox 1989 1492 2083 1566; x_wconf 79' lang='grc' dir='ltr'><strong>μὶν</strong></span> 
     </span>
    </p>
   </div>
   <div class='ocr_carea' id='block_1_16' title="bbox 437 1578 2085 1659">
    <p class='ocr_par' dir='ltr' id='par_1_16' title="bbox 437 1578 2085 1659">
     <span class='ocr_line' id='line_1_16' title="bbox 437 1578 2085 1659; baseline -0.002 -21"><span class='ocrx_word' id='word_1_100' title='bbox 437 1582 742 1639; x_wconf 70' lang='grc' dir='ltr'>ἐπικόπτειν</span> <span class='ocrx_word' id='word_1_101' title='bbox 803 1580 959 1653; x_wconf 70' lang='grc' dir='ltr'>ἐλέῳ,</span> <span class='ocrx_word' id='word_1_102' title='bbox 994 1582 1190 1657; x_wconf 81' lang='grc' dir='ltr'>θράσος</span> <span class='ocrx_word' id='word_1_103' title='bbox 1248 1578 1305 1635; x_wconf 78' lang='grc' dir='ltr'><strong>δὲ</strong></span> <span class='ocrx_word' id='word_1_104' title='bbox 1363 1581 1552 1654; x_wconf 79' lang='grc' dir='ltr'>ἀτιμίᾳ</span> <span class='ocrx_word' id='word_1_105' title='bbox 1606 1582 1954 1659; x_wconf 79' lang='grc' dir='ltr'>σωφρονίζειν</span> <span class='ocrx_word' id='word_1_106' title='bbox 1996 1583 2085 1636; x_wconf 89' lang='grc' dir='ltr'><strong>καὶ</strong></span> 
     </span>
    </p>
   </div>
   <div class='ocr_carea' id='block_1_17' title="bbox 441 1670 2086 1748">
    <p class='ocr_par' dir='ltr' id='par_1_17' title="bbox 441 1670 2086 1748">
     <span class='ocr_line' id='line_1_17' title="bbox 441 1670 2086 1748; baseline -0.001 -20"><span class='ocrx_word' id='word_1_107' title='bbox 441 1673 705 1747; x_wconf 70' lang='grc' dir='ltr'>μάστιξιν,</span> <span class='ocrx_word' id='word_1_108' title='bbox 762 1672 843 1736; x_wconf 78' lang='grc' dir='ltr'>οἷς</span> <span class='ocrx_word' id='word_1_109' title='bbox 893 1672 1052 1735; x_wconf 78' lang='grc' dir='ltr'>αὐτὸς</span> <span class='ocrx_word' id='word_1_110' title='bbox 1099 1672 1373 1728; x_wconf 82' lang='grc' dir='ltr'>ἐπίσταται</span> <span class='ocrx_word' id='word_1_111' title='bbox 1428 1671 1644 1748; x_wconf 74' lang='grc' dir='ltr'>μέτροις</span> <span class='ocrx_word' id='word_1_112' title='bbox 1705 1675 1817 1747; x_wconf 86' lang='grc'>(94)</span> <span class='ocrx_word' id='word_1_113' title='bbox 1866 1670 2086 1729; x_wconf 81' lang='grc' dir='ltr'>παιδεύ-</span> 
     </span>
    </p>
   </div>
   <div class='ocr_carea' id='block_1_18' title="bbox 436 1784 593 1825">
    <p class='ocr_par' dir='ltr' id='par_1_18' title="bbox 436 1784 593 1825">
     <span class='ocr_line' id='line_1_18' title="bbox 436 1784 593 1825; baseline 0.013 -8"><span class='ocrx_word' id='word_1_114' title='bbox 436 1784 593 1825; x_wconf 87' lang='grc' dir='ltr'>σεως.</span> 
     </span>
    </p>
   </div>
   <div class='ocr_carea' id='block_1_19' title="bbox 2195 686 3837 762">
    <p class='ocr_par' dir='ltr' id='par_1_19' title="bbox 2195 686 3837 762">
     <span class='ocr_line' id='line_1_19' title="bbox 2195 686 3837 762; baseline -0.003 -18"><span class='ocrx_word' id='word_1_115' title='bbox 2195 706 2298 762; x_wconf 90' lang='lat' dir='ltr'><strong>per</strong></span> <span class='ocrx_word' id='word_1_116' title='bbox 2327 704 2395 744; x_wconf 92' lang='lat' dir='ltr'><strong>ea</strong></span> <span class='ocrx_word' id='word_1_117' title='bbox 2426 706 2551 761; x_wconf 82' lang='lat' dir='ltr'><strong>quae</strong></span> <span class='ocrx_word' id='word_1_118' title='bbox 2593 689 2872 745; x_wconf 89' lang='lat' dir='ltr'><strong>adversus</strong></span> <span class='ocrx_word' id='word_1_119' title='bbox 2916 704 3024 744; x_wconf 89' lang='lat' dir='ltr'><strong>nos</strong></span> <span class='ocrx_word' id='word_1_120' title='bbox 3072 686 3446 759; x_wconf 79' lang='lat' dir='ltr'><strong>perpetravit,</strong></span> <span class='ocrx_word' id='word_1_121' title='bbox 3496 701 3677 757; x_wconf 91' lang='lat' dir='ltr'><strong>quam</strong></span> <span class='ocrx_word' id='word_1_122' title='bbox 3708 700 3837 757; x_wconf 80' lang='lat' dir='ltr'><strong>quas</strong></span> 
     </span>
    </p>
   </div>
   <div class='ocr_carea' id='block_1_20' title="bbox 2197 776 3841 851">
    <p class='ocr_par' dir='ltr' id='par_1_20' title="bbox 2197 776 3841 851">
     <span class='ocr_line' id='line_1_20' title="bbox 2197 776 3841 851; baseline -0.002 -18"><span class='ocrx_word' id='word_1_123' title='bbox 2197 778 2385 835; x_wconf 85' lang='lat' dir='ltr'><strong>facere</strong></span> <span class='ocrx_word' id='word_1_124' title='bbox 2416 779 2683 851; x_wconf 83' lang='lat' dir='ltr'><strong>parabat,</strong></span> <span class='ocrx_word' id='word_1_125' title='bbox 2708 778 2791 834; x_wconf 90' lang='lat' dir='ltr'><strong>sic</strong></span> <span class='ocrx_word' id='word_1_126' title='bbox 2824 777 3089 834; x_wconf 88' lang='lat' dir='ltr'><strong>videlicet</strong></span> <span class='ocrx_word' id='word_1_127' title='bbox 3139 776 3334 833; x_wconf 90' lang='lat' dir='ltr'><strong>animo</strong></span> <span class='ocrx_word' id='word_1_128' title='bbox 3356 777 3752 847; x_wconf 88' lang='lat' dir='ltr'><strong>comparatus,</strong></span> <span class='ocrx_word' id='word_1_129' title='bbox 3777 778 3841 830; x_wconf 91' lang='lat' dir='ltr'><strong>ut</strong></span> 
     </span>
    </p>
   </div>
   <div class='ocr_carea' id='block_1_21' title="bbox 2196 862 3836 941">
    <p class='ocr_par' dir='ltr' id='par_1_21' title="bbox 2196 862 3836 941">
     <span class='ocr_line' id='line_1_21' title="bbox 2196 862 3836 941; baseline -0.003 -17"><span class='ocrx_word' id='word_1_130' title='bbox 2196 869 2268 924; x_wconf 92' lang='lat' dir='ltr'><strong>ad</strong></span> <span class='ocrx_word' id='word_1_131' title='bbox 2300 873 2614 941; x_wconf 64' lang='lat' dir='ltr'><strong>prasentes</strong></span> <span class='ocrx_word' id='word_1_132' title='bbox 2658 868 3000 924; x_wconf 77' lang='lat' dir='ltr'><strong>acerbitates</strong></span> <span class='ocrx_word' id='word_1_133' title='bbox 3040 866 3263 938; x_wconf 91' lang='lat' dir='ltr'><strong>aliquid</strong></span> <span class='ocrx_word' id='word_1_134' title='bbox 3312 863 3572 938; x_wconf 86' lang='lat' dir='ltr'><strong>quotidie</strong></span> <span class='ocrx_word' id='word_1_135' title='bbox 3602 862 3836 937; x_wconf 84' lang='lat' dir='ltr'><strong>gravius</strong></span> 
     </span>
    </p>
   </div>
   <div class='ocr_carea' id='block_1_22' title="bbox 2195 952 3834 1029">
    <p class='ocr_par' dir='ltr' id='par_1_22' title="bbox 2195 952 3834 1029">
     <span class='ocr_line' id='line_1_22' title="bbox 2195 952 3834 1029; baseline -0.002 -17"><span class='ocrx_word' id='word_1_136' title='bbox 2195 958 2569 1029; x_wconf 80' lang='lat' dir='ltr'><strong>excogitaret.</strong></span> <span class='ocrx_word' id='word_1_137' title='bbox 2590 957 2755 1012; x_wconf 90' lang='lat' dir='ltr'><strong>Nunc</strong></span> <span class='ocrx_word' id='word_1_138' title='bbox 2776 973 2909 1012; x_wconf 86' lang='lat' dir='ltr'><strong>vero</strong></span> <span class='ocrx_word' id='word_1_139' title='bbox 2932 955 3113 1014; x_wconf 88' lang='lat' dir='ltr'><strong>alium</strong></span> <span class='ocrx_word' id='word_1_140' title='bbox 3129 958 3256 1026; x_wconf 88' lang='lat' dir='ltr'><strong>jam</strong></span> <span class='ocrx_word' id='word_1_141' title='bbox 3278 952 3559 1010; x_wconf 90' lang='lat' dir='ltr'><strong>orationis</strong></span> <span class='ocrx_word' id='word_1_142' title='bbox 3589 968 3834 1026; x_wconf 86' lang='lat' dir='ltr'><strong>scopum</strong></span> 
     </span>
    </p>
   </div>
   <div class='ocr_carea' id='block_1_23' title="bbox 2195 1042 3836 1118">
    <p class='ocr_par' dir='ltr' id='par_1_23' title="bbox 2195 1042 3836 1118">
     <span class='ocr_line' id='line_1_23' title="bbox 2195 1042 3836 1118; baseline -0.002 -16"><span class='ocrx_word' id='word_1_143' title='bbox 2195 1047 2267 1102; x_wconf 91' lang='lat' dir='ltr'><strong>ad</strong></span> <span class='ocrx_word' id='word_1_144' title='bbox 2301 1062 2476 1118; x_wconf 86' lang='lat' dir='ltr'><strong>quem</strong></span> <span class='ocrx_word' id='word_1_145' title='bbox 2506 1046 2663 1101; x_wconf 89' lang='lat' dir='ltr'><strong>haud</strong></span> <span class='ocrx_word' id='word_1_146' title='bbox 2694 1046 2815 1101; x_wconf 88' lang='lat' dir='ltr'><strong>scio</strong></span> <span class='ocrx_word' id='word_1_147' title='bbox 2854 1063 2927 1102; x_wconf 88' lang='lat' dir='ltr'><strong>an</strong></span> <span class='ocrx_word' id='word_1_148' title='bbox 2978 1046 3294 1117; x_wconf 83' lang='lat' dir='ltr'><strong>quisquam</strong></span> <span class='ocrx_word' id='word_1_149' title='bbox 3344 1042 3676 1111; x_wconf 88' lang='lat' dir='ltr'><strong>collimarit,</strong></span> <span class='ocrx_word' id='word_1_150' title='bbox 3708 1047 3836 1098; x_wconf 87' lang='lat' dir='ltr'><strong>tum</strong></span> 
     </span>
    </p>
   </div>
   <div class='ocr_carea' id='block_1_24' title="bbox 2194 1133 3835 1208">
    <p class='ocr_par' dir='ltr' id='par_1_24' title="bbox 2194 1133 3835 1208">
     <span class='ocr_line' id='line_1_24' title="bbox 2194 1133 3835 1208; baseline -0.001 -17"><span class='ocrx_word' id='word_1_151' title='bbox 2194 1137 2350 1208; x_wconf 85' lang='lat' dir='ltr'><strong>apud</strong></span> <span class='ocrx_word' id='word_1_152' title='bbox 2392 1136 2579 1192; x_wconf 91' lang='lat' dir='ltr'><strong>Deum</strong></span> <span class='ocrx_word' id='word_1_153' title='bbox 2612 1136 2984 1203; x_wconf 87' lang='lat' dir='ltr'><strong>sanctiorem,</strong></span> <span class='ocrx_word' id='word_1_154' title='bbox 3018 1140 3144 1192; x_wconf 89' lang='lat' dir='ltr'><strong>tum</strong></span> <span class='ocrx_word' id='word_1_155' title='bbox 3194 1134 3361 1191; x_wconf 91' lang='lat' dir='ltr'><strong>nobis</strong></span> <span class='ocrx_word' id='word_1_156' title='bbox 3410 1133 3835 1205; x_wconf 78' lang='lat' dir='ltr'><strong>iucundiorem,</strong></span> 
     </span>
    </p>
   </div>
   <div class='ocr_carea' id='block_1_25' title="bbox 2194 1224 3837 1299">
    <p class='ocr_par' dir='ltr' id='par_1_25' title="bbox 2194 1224 3837 1299">
     <span class='ocr_line' id='line_1_25' title="bbox 2194 1224 3837 1299; baseline -0.001 -18"><span class='ocrx_word' id='word_1_157' title='bbox 2194 1230 2367 1299; x_wconf 87' lang='lat' dir='ltr'><strong>atque</strong></span> <span class='ocrx_word' id='word_1_158' title='bbox 2398 1226 2540 1281; x_wconf 90' lang='lat' dir='ltr'><strong>adeo</strong></span> <span class='ocrx_word' id='word_1_159' title='bbox 2572 1225 2819 1297; x_wconf 86' lang='lat' dir='ltr'><strong>posteris</strong></span> <span class='ocrx_word' id='word_1_160' title='bbox 2851 1224 3163 1293; x_wconf 87' lang='lat' dir='ltr'><strong>utiliorem,</strong></span> <span class='ocrx_word' id='word_1_161' title='bbox 3206 1225 3373 1282; x_wconf 91' lang='lat' dir='ltr'><strong>nobis</strong></span> <span class='ocrx_word' id='word_1_162' title='bbox 3404 1240 3837 1297; x_wconf 86' lang='lat' dir='ltr'><strong>proponemus;</strong></span> 
     </span>
    </p>
   </div>
   <div class='ocr_carea' id='block_1_26' title="bbox 2193 1314 3838 1387">
    <p class='ocr_par' dir='ltr' id='par_1_26' title="bbox 2193 1314 3838 1387">
     <span class='ocr_line' id='line_1_26' title="bbox 2193 1314 3838 1387; baseline -0.001 -16"><span class='ocrx_word' id='word_1_163' title='bbox 2193 1316 2474 1371; x_wconf 88' lang='lat' dir='ltr'><strong>nimirum</strong></span> <span class='ocrx_word' id='word_1_164' title='bbox 2508 1319 2574 1371; x_wconf 91' lang='lat' dir='ltr'><strong>ut</strong></span> <span class='ocrx_word' id='word_1_165' title='bbox 2603 1316 2674 1371; x_wconf 92' lang='lat' dir='ltr'><strong>ad</strong></span> <span class='ocrx_word' id='word_1_166' title='bbox 2706 1332 2773 1371; x_wconf 90' lang='lat' dir='ltr'><strong>ea</strong></span> <span class='ocrx_word' id='word_1_167' title='bbox 2798 1332 2923 1387; x_wconf 82' lang='lat' dir='ltr'><strong>quas</strong></span> <span class='ocrx_word' id='word_1_168' title='bbox 2955 1315 3225 1386; x_wconf 83' lang='lat' dir='ltr'><strong>superius</strong></span> <span class='ocrx_word' id='word_1_169' title='bbox 3257 1331 3289 1369; x_wconf 92' lang='lat' dir='ltr'><strong>a</strong></span> <span class='ocrx_word' id='word_1_170' title='bbox 3312 1314 3480 1369; x_wconf 89' lang='lat' dir='ltr'><strong>nobis</strong></span> <span class='ocrx_word' id='word_1_171' title='bbox 3509 1314 3666 1370; x_wconf 90' lang='lat' dir='ltr'><strong>dicta</strong></span> <span class='ocrx_word' id='word_1_172' title='bbox 3694 1316 3838 1370; x_wconf 88' lang='lat' dir='ltr'><strong>sunt</strong></span> 
     </span>
    </p>
   </div>
   <div class='ocr_carea' id='block_1_27' title="bbox 2185 1401 3839 1477">
    <p class='ocr_par' dir='ltr' id='par_1_27' title="bbox 2185 1401 3839 1477">
     <span class='ocr_line' id='line_1_27' title="bbox 2185 1401 3839 1477; baseline -0.002 -16"><span class='ocrx_word' id='word_1_173' title='bbox 2185 1407 2383 1477; x_wconf 87' lang='lat' dir='ltr'><strong>justas</strong></span> <span class='ocrx_word' id='word_1_174' title='bbox 2400 1406 2497 1462; x_wconf 91' lang='lat' dir='ltr'><strong>Dei</strong></span> <span class='ocrx_word' id='word_1_175' title='bbox 2518 1406 2713 1462; x_wconf 89' lang='lat' dir='ltr'><strong>lances</strong></span> <span class='ocrx_word' id='word_1_176' title='bbox 2735 1406 3149 1477; x_wconf 83' lang='lat' dir='ltr'><strong>adjungamus,</strong></span> <span class='ocrx_word' id='word_1_177' title='bbox 3168 1420 3383 1474; x_wconf 83' lang='lat' dir='ltr'><strong>easque</strong></span> <span class='ocrx_word' id='word_1_178' title='bbox 3399 1420 3597 1475; x_wconf 75' lang='lat' dir='ltr'><strong>pmnas</strong></span> <span class='ocrx_word' id='word_1_179' title='bbox 3622 1401 3839 1474; x_wconf 86' lang='lat' dir='ltr'><strong>quibus</strong></span> 
     </span>
    </p>
   </div>
   <div class='ocr_carea' id='block_1_28' title="bbox 2194 1490 3838 1567">
    <p class='ocr_par' dir='ltr' id='par_1_28' title="bbox 2194 1490 3838 1567">
     <span class='ocr_line' id='line_1_28' title="bbox 2194 1490 3838 1567; baseline -0.002 -16"><span class='ocrx_word' id='word_1_180' title='bbox 2194 1494 2543 1567; x_wconf 88' lang='lat' dir='ltr'><strong>improbitas</strong></span> <span class='ocrx_word' id='word_1_181' title='bbox 2589 1498 3020 1565; x_wconf 85' lang='lat' dir='ltr'><strong>compensatur,</strong></span> <span class='ocrx_word' id='word_1_182' title='bbox 3090 1493 3221 1549; x_wconf 90' lang='lat' dir='ltr'><strong>aliis</strong></span> <span class='ocrx_word' id='word_1_183' title='bbox 3288 1493 3565 1548; x_wconf 87' lang='lat' dir='ltr'><strong>nimirum</strong></span> <span class='ocrx_word' id='word_1_184' title='bbox 3613 1490 3838 1559; x_wconf 88' lang='lat' dir='ltr'><strong>statim,</strong></span> 
     </span>
    </p>
   </div>
   <div class='ocr_carea' id='block_1_29' title="bbox 2196 1583 3845 1655">
    <p class='ocr_par' dir='ltr' id='par_1_29' title="bbox 2196 1583 3845 1655">
     <span class='ocr_line' id='line_1_29' title="bbox 2196 1583 3845 1655; baseline -0.002 -15"><span class='ocrx_word' id='word_1_185' title='bbox 2196 1584 2327 1640; x_wconf 88' lang='lat' dir='ltr'><strong>aliis</strong></span> <span class='ocrx_word' id='word_1_186' title='bbox 2360 1588 2554 1640; x_wconf 90' lang='lat' dir='ltr'><strong>autem</strong></span> <span class='ocrx_word' id='word_1_187' title='bbox 2586 1583 2883 1654; x_wconf 86' lang='lat' dir='ltr'><strong>aliquanto</strong></span> <span class='ocrx_word' id='word_1_188' title='bbox 2918 1583 3068 1637; x_wconf 73' lang='lat'><strong>148</strong></span> <span class='ocrx_word' id='word_1_189' title='bbox 3121 1586 3254 1654; x_wconf 88' lang='lat' dir='ltr'><strong>post</strong></span> <span class='ocrx_word' id='word_1_190' title='bbox 3292 1598 3638 1649; x_wconf 85' lang='lat' dir='ltr'><strong>occurrens;</strong></span> <span class='ocrx_word' id='word_1_191' title='bbox 3670 1583 3845 1655; x_wconf 87' lang='lat' dir='ltr'><strong>prout</strong></span> 
     </span>
    </p>
   </div>
   <div class='ocr_carea' id='block_1_30' title="bbox 2196 1670 3843 1746">
    <p class='ocr_par' dir='ltr' id='par_1_30' title="bbox 2196 1670 3843 1746">
     <span class='ocr_line' id='line_1_30' title="bbox 2196 1670 3843 1746; baseline -0.003 -16"><span class='ocrx_word' id='word_1_192' title='bbox 2196 1674 2423 1746; x_wconf 91' lang='lat' dir='ltr'><strong>opinor,</strong></span> <span class='ocrx_word' id='word_1_193' title='bbox 2457 1672 2664 1729; x_wconf 85' lang='lat' dir='ltr'><strong>artifici</strong></span> <span class='ocrx_word' id='word_1_194' title='bbox 2694 1672 2901 1743; x_wconf 92' lang='lat' dir='ltr'><strong>Verbo,</strong></span> <span class='ocrx_word' id='word_1_195' title='bbox 2926 1688 3235 1743; x_wconf 86' lang='lat' dir='ltr'><strong>rerumque</strong></span> <span class='ocrx_word' id='word_1_196' title='bbox 3262 1676 3597 1727; x_wconf 86' lang='lat' dir='ltr'><strong>nostrarum</strong></span> <span class='ocrx_word' id='word_1_197' title='bbox 3626 1670 3843 1727; x_wconf 84' lang='lat' dir='ltr'><strong>arbitro</strong></span> 
     </span>
    </p>
   </div>
   <div class='ocr_carea' id='block_1_31' title="bbox 2198 1760 3844 1833">
    <p class='ocr_par' dir='ltr' id='par_1_31' title="bbox 2198 1760 3844 1833">
     <span class='ocr_line' id='line_1_31' title="bbox 2198 1760 3844 1833; baseline -0.001 -15"><span class='ocrx_word' id='word_1_198' title='bbox 2198 1766 2254 1820; x_wconf 89' lang='lat' dir='ltr'><strong>et</strong></span> <span class='ocrx_word' id='word_1_199' title='bbox 2314 1761 2666 1817; x_wconf 86' lang='lat' dir='ltr'><strong>moderatori</strong></span> <span class='ocrx_word' id='word_1_200' title='bbox 2697 1761 2889 1817; x_wconf 88' lang='lat' dir='ltr'><strong>visum</strong></span> <span class='ocrx_word' id='word_1_201' title='bbox 2939 1761 3117 1817; x_wconf 86' lang='lat' dir='ltr'><strong>fuerit</strong></span> <span class='ocrx_word' id='word_1_202' title='bbox 3150 1781 3161 1829; x_wconf 92' lang='lat'><strong>;</strong></span> <span class='ocrx_word' id='word_1_203' title='bbox 3195 1761 3316 1833; x_wconf 90' lang='lat' dir='ltr'><strong>qui,</strong></span> <span class='ocrx_word' id='word_1_204' title='bbox 3343 1764 3407 1817; x_wconf 89' lang='lat' dir='ltr'><strong>ut</strong></span> <span class='ocrx_word' id='word_1_205' title='bbox 3451 1760 3844 1817; x_wconf 89' lang='lat' dir='ltr'><strong>calamitatem</strong></span> 
     </span>
    </p>
   </div>
   <div class='ocr_carea' id='block_1_32' title="bbox 436 1851 3839 1926">
    <p class='ocr_par' dir='ltr' id='par_1_32' title="bbox 436 1851 3839 1926">
     <span class='ocr_line' id='line_1_32' title="bbox 436 1851 3839 1926; baseline -0.001 -17"><span class='ocrx_word' id='word_1_206' title='bbox 436 1853 839 1910; x_wconf 86' lang='lat' dir='ltr'><strong>misericordia</strong></span> <span class='ocrx_word' id='word_1_207' title='bbox 869 1854 1151 1926; x_wconf 89' lang='lat' dir='ltr'><strong>reprimit,</strong></span> <span class='ocrx_word' id='word_1_208' title='bbox 1186 1854 1268 1908; x_wconf 89' lang='lat' dir='ltr'><strong>ita</strong></span> <span class='ocrx_word' id='word_1_209' title='bbox 1293 1853 1471 1909; x_wconf 88' lang='lat' dir='ltr'><strong>etiam</strong></span> <span class='ocrx_word' id='word_1_210' title='bbox 1496 1853 1818 1924; x_wconf 83' lang='lat' dir='ltr'><strong>ignominia</strong></span> <span class='ocrx_word' id='word_1_211' title='bbox 1847 1859 1905 1909; x_wconf 89' lang='lat' dir='ltr'><strong>et</strong></span> <span class='ocrx_word' id='word_1_212' title='bbox 1935 1853 2151 1925; x_wconf 87' lang='lat' dir='ltr'><strong>ﬂagris,</strong></span> <span class='ocrx_word' id='word_1_213' title='bbox 2184 1868 2287 1925; x_wconf 90' lang='lat' dir='ltr'><strong>pro</strong></span> <span class='ocrx_word' id='word_1_214' title='bbox 2320 1868 2386 1907; x_wconf 92' lang='lat' dir='ltr'><strong>eo</strong></span> <span class='ocrx_word' id='word_1_215' title='bbox 2418 1851 2941 1908; x_wconf 84' lang='lat' dir='ltr'><strong>animadversionis</strong></span> <span class='ocrx_word' id='word_1_216' title='bbox 2972 1852 3167 1921; x_wconf 89' lang='lat' dir='ltr'><strong>modo,</strong></span> <span class='ocrx_word' id='word_1_217' title='bbox 3219 1867 3395 1926; x_wconf 90' lang='lat' dir='ltr'><strong>quem</strong></span> <span class='ocrx_word' id='word_1_218' title='bbox 3444 1851 3569 1924; x_wconf 88' lang='lat' dir='ltr'><strong>ipse</strong></span> <span class='ocrx_word' id='word_1_219' title='bbox 3597 1864 3839 1926; x_wconf 86' lang='lat' dir='ltr'><strong>perspe-</strong></span> 
     </span>
    </p>
   </div>
   <div class='ocr_carea' id='block_1_33' title="bbox 434 1942 2501 2016">
    <p class='ocr_par' dir='ltr' id='par_1_33' title="bbox 434 1942 2501 2016">
     <span class='ocr_line' id='line_1_33' title="bbox 434 1942 2501 2016; baseline -0.001 -17"><span class='ocrx_word' id='word_1_220' title='bbox 434 1947 597 2000; x_wconf 83' lang='lat' dir='ltr'><strong>ctum</strong></span> <span class='ocrx_word' id='word_1_221' title='bbox 627 1948 684 1999; x_wconf 90' lang='lat' dir='ltr'><strong>et</strong></span> <span class='ocrx_word' id='word_1_222' title='bbox 712 1943 1077 2016; x_wconf 81' lang='lat' dir='ltr'><strong>exploratum</strong></span> <span class='ocrx_word' id='word_1_223' title='bbox 1107 1944 1305 2009; x_wconf 88' lang='lat' dir='ltr'><strong>habet,</strong></span> <span class='ocrx_word' id='word_1_224' title='bbox 1338 1943 1726 1999; x_wconf 85' lang='lat' dir='ltr'><strong>temeritatem</strong></span> <span class='ocrx_word' id='word_1_225' title='bbox 1754 1960 1819 1998; x_wconf 90' lang='lat' dir='ltr'><strong>ac</strong></span> <span class='ocrx_word' id='word_1_226' title='bbox 1850 1942 2226 1999; x_wconf 82' lang='lat' dir='ltr'><strong>insolentiam</strong></span> <span class='ocrx_word' id='word_1_227' title='bbox 2258 1946 2501 1998; x_wconf 87' lang='lat' dir='ltr'><strong>coercet.</strong></span> 
     </span>
    </p>
   </div>
   <div class='ocr_carea' id='block_1_34' title="bbox 511 2030 842 2094">
    <p class='ocr_par' dir='ltr' id='par_1_34' title="bbox 511 2030 842 2094">
     <span class='ocr_line' id='line_1_34' title="bbox 511 2030 842 2094; baseline 0.003 -10"><span class='ocrx_word' id='word_1_228' title='bbox 511 2038 577 2087; x_wconf 90' lang='lat' dir='ltr'><strong>B&#39;.</strong></span> <span class='ocrx_word' id='word_1_229' title='bbox 638 2030 842 2094; x_wconf 82' lang='grc' dir='ltr'>Νόσους</span> 
     </span>
    </p>
   </div>
   <div class='ocr_carea' id='block_1_35' title="bbox 440 2117 2088 2199">
    <p class='ocr_par' dir='ltr' id='par_1_35' title="bbox 440 2117 2088 2199">
     <span class='ocr_line' id='line_1_35' title="bbox 440 2117 2088 2199; baseline 0 -24"><span class='ocrx_word' id='word_1_230' title='bbox 440 2120 617 2197; x_wconf 71' lang='grc' dir='ltr'>ῥήξεις</span> <span class='ocrx_word' id='word_1_231' title='bbox 668 2120 768 2175; x_wconf 77' lang='grc' dir='ltr'><strong>οὐκ</strong></span> <span class='ocrx_word' id='word_1_232' title='bbox 815 2122 1053 2199; x_wconf 78' lang='grc' dir='ltr'>ἀφανεῖς,</span> <span class='ocrx_word' id='word_1_233' title='bbox 1099 2121 1189 2175; x_wconf 86' lang='grc' dir='ltr'><strong>καὶ</strong></span> <span class='ocrx_word' id='word_1_234' title='bbox 1239 2117 1622 2196; x_wconf 81' lang='grc' dir='ltr'>πολυτρόπους</span> <span class='ocrx_word' id='word_1_235' title='bbox 1663 2117 1835 2181; x_wconf 80' lang='grc' dir='ltr'>ἄλλας</span> <span class='ocrx_word' id='word_1_236' title='bbox 1868 2118 2088 2194; x_wconf 75' lang='grc' dir='ltr'>πληγὰς</span> 
     </span>
    </p>
   </div>
   <div class='ocr_carea' id='block_1_36' title="bbox 438 2207 2086 2286">
    <p class='ocr_par' dir='ltr' id='par_1_36' title="bbox 438 2207 2086 2286">
     <span class='ocr_line' id='line_1_36' title="bbox 438 2207 2086 2286; baseline -0.001 -21"><span class='ocrx_word' id='word_1_237' title='bbox 438 2210 526 2265; x_wconf 78' lang='grc' dir='ltr'><strong>καὶ</strong></span> <span class='ocrx_word' id='word_1_238' title='bbox 588 2210 847 2286; x_wconf 85' lang='grc' dir='ltr'>μάστιγας</span> <span class='ocrx_word' id='word_1_239' title='bbox 922 2210 1000 2272; x_wconf 77' lang='grc' dir='ltr'><strong>οἷς</strong></span> <span class='ocrx_word' id='word_1_240' title='bbox 1076 2208 1445 2283; x_wconf 75' lang='grc' dir='ltr'>τετολμήκασι</span> <span class='ocrx_word' id='word_1_241' title='bbox 1518 2207 1904 2285; x_wconf 85' lang='grc' dir='ltr'>παραπλησίας</span> <span class='ocrx_word' id='word_1_242' title='bbox 1954 2211 2086 2282; x_wconf 85' lang='grc'>(95),</span> 
     </span>
    </p>
   </div>
   <div class='ocr_carea' id='block_1_37' title="bbox 438 2297 2089 2375">
    <p class='ocr_par' dir='ltr' id='par_1_37' title="bbox 438 2297 2089 2375">
     <span class='ocr_line' id='line_1_37' title="bbox 438 2297 2089 2375; baseline -0.002 -20"><span class='ocrx_word' id='word_1_243' title='bbox 438 2299 525 2355; x_wconf 86' lang='grc' dir='ltr'><strong>καὶ</strong></span> <span class='ocrx_word' id='word_1_244' title='bbox 574 2298 829 2361; x_wconf 84' lang='grc' dir='ltr'>θανάτους</span> <span class='ocrx_word' id='word_1_245' title='bbox 883 2298 943 2354; x_wconf 84' lang='grc' dir='ltr'><strong>οὐ</strong></span> <span class='ocrx_word' id='word_1_246' title='bbox 1000 2301 1135 2354; x_wconf 82' lang='grc' dir='ltr'>κατὰ</span> <span class='ocrx_word' id='word_1_247' title='bbox 1190 2299 1253 2353; x_wconf 87' lang='grc' dir='ltr'>τὸ</span> <span class='ocrx_word' id='word_1_248' title='bbox 1313 2297 1505 2359; x_wconf 83' lang='grc' dir='ltr'>εἰωθὸς</span> <span class='ocrx_word' id='word_1_249' title='bbox 1565 2300 1949 2375; x_wconf 82' lang='grc' dir='ltr'>χωρήσαντας,</span> <span class='ocrx_word' id='word_1_250' title='bbox 1999 2298 2089 2353; x_wconf 87' lang='grc' dir='ltr'><strong>καὶ</strong></span> 
     </span>
    </p>
   </div>
   <div class='ocr_carea' id='block_1_38' title="bbox 436 2385 2089 2464">
    <p class='ocr_par' dir='ltr' id='par_1_38' title="bbox 436 2385 2089 2464">
     <span class='ocr_line' id='line_1_38' title="bbox 436 2385 2089 2464; baseline -0.002 -20"><span class='ocrx_word' id='word_1_251' title='bbox 436 2390 530 2451; x_wconf 76' lang='grc' dir='ltr'>τὰς</span> <span class='ocrx_word' id='word_1_252' title='bbox 581 2389 632 2443; x_wconf 74' lang='grc' dir='ltr'>ἐν</span> <span class='ocrx_word' id='word_1_253' title='bbox 686 2389 870 2449; x_wconf 80' lang='grc' dir='ltr'>αὐτοῖς</span> <span class='ocrx_word' id='word_1_254' title='bbox 916 2394 1030 2450; x_wconf 85' lang='grc' dir='ltr'>τοῖς</span> <span class='ocrx_word' id='word_1_255' title='bbox 1090 2385 1288 2450; x_wconf 82' lang='grc' dir='ltr'>δεινοῖς</span> <span class='ocrx_word' id='word_1_256' title='bbox 1338 2387 1705 2464; x_wconf 70' lang='grc' dir='ltr'>ἐξαγορεύσεις</span> <span class='ocrx_word' id='word_1_257' title='bbox 1754 2389 1841 2443; x_wconf 84' lang='grc' dir='ltr'><strong>καὶ</strong></span> <span class='ocrx_word' id='word_1_258' title='bbox 1894 2389 2089 2459; x_wconf 78' lang='grc' dir='ltr'>ἀνονή-</span> 
     </span>
    </p>
   </div>
   <div class='ocr_carea' id='block_1_39' title="bbox 434 2474 2090 2551">
    <p class='ocr_par' dir='ltr' id='par_1_39' title="bbox 434 2474 2090 2551">
     <span class='ocr_line' id='line_1_39' title="bbox 434 2474 2090 2551; baseline -0.001 -19"><span class='ocrx_word' id='word_1_259' title='bbox 434 2474 569 2539; x_wconf 71' lang='grc' dir='ltr'>τους</span> <span class='ocrx_word' id='word_1_260' title='bbox 630 2475 1010 2551; x_wconf 84' lang='grc' dir='ltr'>μεταμελείας,</span> <span class='ocrx_word' id='word_1_261' title='bbox 1069 2478 1163 2539; x_wconf 85' lang='grc' dir='ltr'><strong>τάς</strong></span> <span class='ocrx_word' id='word_1_262' title='bbox 1212 2498 1269 2531; x_wconf 91' lang='grc' dir='ltr'><strong>τε</strong></span> <span class='ocrx_word' id='word_1_263' title='bbox 1340 2475 1408 2531; x_wconf 87' lang='grc' dir='ltr'>δι’</span> <span class='ocrx_word' id='word_1_264' title='bbox 1460 2476 1751 2551; x_wconf 81' lang='grc' dir='ltr'>ὀνειράτων</span> <span class='ocrx_word' id='word_1_265' title='bbox 1802 2479 1914 2550; x_wconf 84' lang='grc'>(96)</span> <span class='ocrx_word' id='word_1_266' title='bbox 1964 2498 2090 2533; x_wconf 87' lang='grc' dir='ltr'>παι-</span> 
     </span>
    </p>
   </div>
   <div class='ocr_carea' id='block_1_40' title="bbox 436 2564 2092 2644">
    <p class='ocr_par' dir='ltr' id='par_1_40' title="bbox 436 2564 2092 2644">
     <span class='ocr_line' id='line_1_40' title="bbox 436 2564 2092 2644; baseline -0.001 -22"><span class='ocrx_word' id='word_1_267' title='bbox 436 2566 659 2633; x_wconf 75' lang='grc' dir='ltr'>δεύσεις,</span> <span class='ocrx_word' id='word_1_268' title='bbox 703 2567 794 2621; x_wconf 89' lang='grc' dir='ltr'><strong>καὶ</strong></span> <span class='ocrx_word' id='word_1_269' title='bbox 842 2566 908 2620; x_wconf 72' lang='grc' dir='ltr'><strong>τὰ</strong></span> <span class='ocrx_word' id='word_1_270' title='bbox 951 2567 1066 2620; x_wconf 82' lang='grc' dir='ltr'>καθ’</span> <span class='ocrx_word' id='word_1_271' title='bbox 1114 2566 1256 2642; x_wconf 75' lang='grc' dir='ltr'>ὒπαρ</span> <span class='ocrx_word' id='word_1_272' title='bbox 1314 2568 1425 2639; x_wconf 87' lang='grc'>(97)</span> <span class='ocrx_word' id='word_1_273' title='bbox 1474 2564 1845 2644; x_wconf 81' lang='grc' dir='ltr'>φαντάσματα,</span> <span class='ocrx_word' id='word_1_274' title='bbox 1892 2566 1974 2629; x_wconf 89' lang='grc' dir='ltr'><strong>τίς</strong></span> <span class='ocrx_word' id='word_1_275' title='bbox 2034 2566 2092 2620; x_wconf 74' lang='grc' dir='ltr'><strong>ἂν</strong></span> 
     </span>
    </p>
   </div>
   <div class='ocr_carea' id='block_1_41' title="bbox 435 2651 2093 2731">
    <p class='ocr_par' dir='ltr' id='par_1_41' title="bbox 435 2651 2093 2731">
     <span class='ocr_line' id='line_1_41' title="bbox 435 2651 2093 2731; baseline -0.001 -21"><span class='ocrx_word' id='word_1_276' title='bbox 435 2655 596 2727; x_wconf 85' lang='grc' dir='ltr'>ἀξίως</span> <span class='ocrx_word' id='word_1_277' title='bbox 658 2651 1149 2731; x_wconf 73' lang='grc' dir='ltr'>ἐκτραγῳδήσειεν;</span> <span class='ocrx_word' id='word_1_278' title='bbox 1200 2656 1300 2710; x_wconf 76' lang='grc' dir='ltr'>ὅσα</span> <span class='ocrx_word' id='word_1_279' title='bbox 1352 2677 1411 2710; x_wconf 88' lang='grc' dir='ltr'><strong>τε</strong></span> <span class='ocrx_word' id='word_1_280' title='bbox 1467 2656 1503 2724; x_wconf 73' lang='grc' dir='ltr'>ἢ</span> <span class='ocrx_word' id='word_1_281' title='bbox 1553 2657 1677 2729; x_wconf 84' lang='grc' dir='ltr'>περὶ</span> <span class='ocrx_word' id='word_1_282' title='bbox 1734 2656 1860 2717; x_wconf 79' lang='grc' dir='ltr'>τοὺς</span> <span class='ocrx_word' id='word_1_283' title='bbox 1920 2654 2093 2721; x_wconf 82' lang='grc' dir='ltr'>θείους</span> 
     </span>
    </p>
   </div>
   <div class='ocr_carea' id='block_1_42' title="bbox 436 2743 2094 2820">
    <p class='ocr_par' dir='ltr' id='par_1_42' title="bbox 436 2743 2094 2820">
     <span class='ocr_line' id='line_1_42' title="bbox 436 2743 2094 2820; baseline -0.001 -20"><span class='ocrx_word' id='word_1_284' title='bbox 436 2744 622 2806; x_wconf 77' lang='grc' dir='ltr'>ο⁹ίκους</span> <span class='ocrx_word' id='word_1_285' title='bbox 694 2745 1171 2818; x_wconf 82' lang='grc' dir='ltr'>παρανομήσασιν,</span> <span class='ocrx_word' id='word_1_286' title='bbox 1220 2746 1255 2812; x_wconf 79' lang='grc' dir='ltr'>ἢ</span> <span class='ocrx_word' id='word_1_287' title='bbox 1301 2745 1426 2819; x_wconf 88' lang='grc' dir='ltr'>περὶ</span> <span class='ocrx_word' id='word_1_288' title='bbox 1478 2744 1573 2806; x_wconf 80' lang='grc' dir='ltr'><strong>τὰς</strong></span> <span class='ocrx_word' id='word_1_289' title='bbox 1624 2743 1772 2818; x_wconf 75' lang='grc' dir='ltr'>ἱερὰς</span> <span class='ocrx_word' id='word_1_290' title='bbox 1825 2747 2094 2820; x_wconf 72' lang='grc' dir='ltr'>τραπέζας</span> 
     </span>
    </p>
   </div>
   <div class='ocr_carea' id='block_1_43' title="bbox 445 2830 2093 2911">
    <p class='ocr_par' dir='ltr' id='par_1_43' title="bbox 445 2830 2093 2911">
     <span class='ocr_line' id='line_1_43' title="bbox 445 2830 2093 2911; baseline -0.001 -21"><span class='ocrx_word' id='word_1_291' title='bbox 445 2830 783 2911; x_wconf 79' lang='grc' dir='ltr'>ἐξυϐρίσασιν</span> <span class='ocrx_word' id='word_1_292' title='bbox 858 2836 972 2907; x_wconf 88' lang='grc'>(98)</span> <span class='ocrx_word' id='word_1_293' title='bbox 1048 2834 1081 2902; x_wconf 81' lang='grc' dir='ltr'>ἣ</span> <span class='ocrx_word' id='word_1_294' title='bbox 1155 2835 1278 2907; x_wconf 82' lang='grc' dir='ltr'>περὶ</span> <span class='ocrx_word' id='word_1_295' title='bbox 1350 2833 1474 2895; x_wconf 78' lang='grc' dir='ltr'>τοὺς</span> <span class='ocrx_word' id='word_1_296' title='bbox 1537 2833 1825 2907; x_wconf 78' lang='grc' dir='ltr'>μυστικοὺς</span> <span class='ocrx_word' id='word_1_297' title='bbox 1889 2842 2093 2911; x_wconf 84' lang='grc' dir='ltr'>κρατῆ-</span> 
     </span>
    </p>
   </div>
   <div class='ocr_carea' id='block_1_44' title="bbox 448 2919 2096 2997">
    <p class='ocr_par' dir='ltr' id='par_1_44' title="bbox 448 2919 2096 2997">
     <span class='ocr_line' id='line_1_44' title="bbox 448 2919 2096 2997; baseline 0 -18"><span class='ocrx_word' id='word_1_298' title='bbox 448 2944 546 2997; x_wconf 86' lang='grc' dir='ltr'><strong>ρας</strong></span> <span class='ocrx_word' id='word_1_299' title='bbox 579 2926 694 2997; x_wconf 89' lang='grc'>(99)</span> <span class='ocrx_word' id='word_1_300' title='bbox 749 2927 1011 2997; x_wconf 85' lang='grc' dir='ltr'>μανεῖσιν,</span> <span class='ocrx_word' id='word_1_301' title='bbox 1069 2925 1103 2991; x_wconf 82' lang='grc' dir='ltr'>ἢ</span> <span class='ocrx_word' id='word_1_302' title='bbox 1148 2927 1256 2978; x_wconf 87' lang='grc' dir='ltr'><strong>τῶν</strong></span> <span class='ocrx_word' id='word_1_303' title='bbox 1305 2922 1572 2997; x_wconf 82' lang='grc' dir='ltr'>σωμάτων</span> <span class='ocrx_word' id='word_1_304' title='bbox 1604 2925 1763 2996; x_wconf 65' lang='grc' dir='ltr'><strong>⁵ἡμῶν</strong></span> <span class='ocrx_word' id='word_1_305' title='bbox 1797 2921 1989 2994; x_wconf 72' lang='grc' dir='ltr'>ἀνέδην</span> <span class='ocrx_word' id='word_1_306' title='bbox 2019 2919 2096 2987; x_wconf 78' lang='grc'><strong>(1)</strong></span> 
     </span>
    </p>
   </div>
   <div class='ocr_carea' id='block_1_45' title="bbox 449 3010 2093 3087">
    <p class='ocr_par' dir='ltr' id='par_1_45' title="bbox 449 3010 2093 3087">
     <span class='ocr_line' id='line_1_45' title="bbox 449 3010 2093 3087; baseline 0.002 -22"><span class='ocrx_word' id='word_1_307' title='bbox 449 3010 897 3087; x_wconf 68' lang='grc' dir='ltr'>ἔμωορουμὲνοις,</span> <span class='ocrx_word' id='word_1_308' title='bbox 952 3013 986 3082; x_wconf 80' lang='grc' dir='ltr'>ἦ</span> <span class='ocrx_word' id='word_1_309' title='bbox 1040 3011 1218 3068; x_wconf 83' lang='grc' dir='ltr'>τᾶλλα</span> <span class='ocrx_word' id='word_1_310' title='bbox 1291 3011 1465 3067; x_wconf 84' lang='grc' dir='ltr'>πάντα</span> <span class='ocrx_word' id='word_1_311' title='bbox 1534 3011 1633 3068; x_wconf 75' lang='grc' dir='ltr'>ὅσα</span> <span class='ocrx_word' id='word_1_312' title='bbox 1699 3010 2093 3087; x_wconf 78' lang='grc' dir='ltr'>τετολμήκασι,</span> 
     </span>
    </p>
   </div>
   <div class='ocr_carea' id='block_1_46' title="bbox 452 3100 2095 3175">
    <p class='ocr_par' dir='ltr' id='par_1_46' title="bbox 452 3100 2095 3175">
     <span class='ocr_line' id='line_1_46' title="bbox 452 3100 2095 3175; baseline 0.003 -21"><span class='ocrx_word' id='word_1_313' title='bbox 452 3100 910 3175; x_wconf 78' lang='grc' dir='ltr'>νεανιευσαμὲνοις</span> <span class='ocrx_word' id='word_1_314' title='bbox 986 3103 1168 3164; x_wconf 83' lang='grc' dir='ltr'>αὐτοῖς</span> <span class='ocrx_word' id='word_1_315' title='bbox 1245 3102 1543 3175; x_wconf 81' lang='grc' dir='ltr'>ἀπήντησε,</span> <span class='ocrx_word' id='word_1_316' title='bbox 1619 3110 1718 3172; x_wconf 85' lang='grc' dir='ltr'>τῆς</span> <span class='ocrx_word' id='word_1_317' title='bbox 1791 3106 1888 3157; x_wconf 79' lang='grc' dir='ltr'>τοῦ</span> <span class='ocrx_word' id='word_1_318' title='bbox 1961 3107 2095 3159; x_wconf 80' lang='grc' dir='ltr'>Θεοῦ</span> 
     </span>
    </p>
   </div>
   <div class='ocr_carea' id='block_1_47' title="bbox 450 3190 2094 3271">
    <p class='ocr_par' dir='ltr' id='par_1_47' title="bbox 450 3190 2094 3271">
     <span class='ocr_line' id='line_1_47' title="bbox 450 3190 2094 3271; baseline 0.002 -26"><span class='ocrx_word' id='word_1_319' title='bbox 450 3190 585 3245; x_wconf 83' lang='grc' dir='ltr'>κατᾶ</span> <span class='ocrx_word' id='word_1_320' title='bbox 637 3193 745 3245; x_wconf 88' lang='grc' dir='ltr'><strong>τῶν</strong></span> <span class='ocrx_word' id='word_1_321' title='bbox 799 3190 1057 3247; x_wconf 78' lang='grc' dir='ltr'>τοιούτων</span> <span class='ocrx_word' id='word_1_322' title='bbox 1119 3191 1291 3266; x_wconf 82' lang='grc' dir='ltr'>ὀργῆς</span> <span class='ocrx_word' id='word_1_323' title='bbox 1346 3191 1546 3268; x_wconf 66' lang='grc' dir='ltr'>ἐναργῆ</span> <span class='ocrx_word' id='word_1_324' title='bbox 1607 3192 1696 3247; x_wconf 88' lang='grc' dir='ltr'><strong>καὶ</strong></span> <span class='ocrx_word' id='word_1_325' title='bbox 1749 3192 1950 3271; x_wconf 78' lang='grc' dir='ltr'>φανερᾶ</span> <span class='ocrx_word' id='word_1_326' title='bbox 2017 3195 2094 3267; x_wconf 85' lang='grc'>(2)</span> 
     </span>
    </p>
   </div>
   <div class='ocr_carea' id='block_1_48' title="bbox 447 3277 2093 3357">
    <p class='ocr_par' dir='ltr' id='par_1_48' title="bbox 447 3277 2093 3357">
     <span class='ocr_line' id='line_1_48' title="bbox 447 3277 2093 3357; baseline 0.003 -24"><span class='ocrx_word' id='word_1_327' title='bbox 447 3278 834 3357; x_wconf 82' lang='grc' dir='ltr'>γνωρίσματα;</span> <span class='ocrx_word' id='word_1_328' title='bbox 892 3284 1067 3336; x_wconf 79' lang='grc' dir='ltr'>Ταῦτα</span> <span class='ocrx_word' id='word_1_329' title='bbox 1137 3281 1229 3354; x_wconf 72' lang='grc' dir='ltr'>μὲν</span> <span class='ocrx_word' id='word_1_330' title='bbox 1310 3279 1400 3337; x_wconf 76' lang='grc' dir='ltr'><strong>οὖν</strong></span> <span class='ocrx_word' id='word_1_331' title='bbox 1484 3280 1618 3337; x_wconf 75' lang='grc' dir='ltr'>ἰκὼν</span> <span class='ocrx_word' id='word_1_332' title='bbox 1690 3277 2093 3357; x_wconf 77' lang='grc' dir='ltr'>ὑπερϐήσομαι,</span> 
     </span>
    </p>
   </div>
   <div class='ocr_carea' id='block_1_49' title="bbox 925 2025 2087 2104">
    <p class='ocr_par' dir='ltr' id='par_1_49' title="bbox 925 2025 2087 2104">
     <span class='ocr_line' id='line_1_49' title="bbox 925 2025 2087 2104; baseline -0.002 -18"><span class='ocrx_word' id='word_1_333' title='bbox 925 2032 1019 2104; x_wconf 75' lang='grc' dir='ltr'>μὲν</span> <span class='ocrx_word' id='word_1_334' title='bbox 1099 2029 1164 2100; x_wconf 80' lang='grc' dir='ltr'>δὴ</span> <span class='ocrx_word' id='word_1_335' title='bbox 1242 2035 1349 2085; x_wconf 90' lang='grc' dir='ltr'><strong>τῶν</strong></span> <span class='ocrx_word' id='word_1_336' title='bbox 1421 2025 1627 2084; x_wconf 87' lang='grc' dir='ltr'>ἀσεϐῶν</span> <span class='ocrx_word' id='word_1_337' title='bbox 1693 2028 1952 2100; x_wconf 80' lang='grc' dir='ltr'>ἐνδίκους,</span> <span class='ocrx_word' id='word_1_338' title='bbox 2004 2030 2087 2085; x_wconf 68' lang='grc' dir='ltr'>καὶ</span> 
     </span>
    </p>
   </div>
   <div class='ocr_carea' id='block_1_50' title="bbox 2202 2025 3850 2104">
    <p class='ocr_par' dir='ltr' id='par_1_50' title="bbox 2276 2029 3850 2103">
     <span class='ocr_line' id='line_1_50' title="bbox 2276 2029 3850 2103; baseline -0.001 -16"><span class='ocrx_word' id='word_1_339' title='bbox 2276 2032 2321 2087; x_wconf 91' lang='lat' dir='ltr'><strong>lI</strong></span> <span class='ocrx_word' id='word_1_340' title='bbox 2352 2031 2655 2087; x_wconf 87' lang='lat' dir='ltr'><strong>Enimvero</strong></span> <span class='ocrx_word' id='word_1_341' title='bbox 2688 2031 2820 2103; x_wconf 90' lang='lat' dir='ltr'><strong>quis</strong></span> <span class='ocrx_word' id='word_1_342' title='bbox 2844 2032 3045 2103; x_wconf 85' lang='lat' dir='ltr'><strong>justos</strong></span> <span class='ocrx_word' id='word_1_343' title='bbox 3100 2031 3415 2103; x_wconf 89' lang='lat' dir='ltr'><strong>impiorum</strong></span> <span class='ocrx_word' id='word_1_344' title='bbox 3448 2030 3705 2100; x_wconf 87' lang='lat' dir='ltr'><strong>morbos,</strong></span> <span class='ocrx_word' id='word_1_345' title='bbox 3738 2029 3850 2085; x_wconf 86' lang='lat' dir='ltr'><strong>mi-</strong></span> 
     </span>
    </p>
   </div>
   <div class='ocr_carea' id='block_1_51' title="bbox 2198 2118 3853 2192">
    <p class='ocr_par' dir='ltr' id='par_1_51' title="bbox 2198 2118 3853 2192">
     <span class='ocr_line' id='line_1_51' title="bbox 2198 2118 3853 2192; baseline 0.001 -18"><span class='ocrx_word' id='word_1_346' title='bbox 2198 2119 2472 2192; x_wconf 89' lang='lat' dir='ltr'><strong>nimeque</strong></span> <span class='ocrx_word' id='word_1_347' title='bbox 2504 2121 2783 2176; x_wconf 91' lang='lat' dir='ltr'><strong>obscuras</strong></span> <span class='ocrx_word' id='word_1_348' title='bbox 2830 2137 3136 2191; x_wconf 90' lang='lat' dir='ltr'><strong>corporum</strong></span> <span class='ocrx_word' id='word_1_349' title='bbox 3178 2120 3501 2191; x_wconf 90' lang='lat' dir='ltr'><strong>ruptiones,</strong></span> <span class='ocrx_word' id='word_1_350' title='bbox 3553 2136 3620 2175; x_wconf 88' lang='lat' dir='ltr'><strong>ae</strong></span> <span class='ocrx_word' id='word_1_351' title='bbox 3651 2118 3853 2176; x_wconf 84' lang='lat' dir='ltr'><strong>multi-</strong></span> 
     </span>
    </p>
   </div>
   <div class='ocr_carea' id='block_1_52' title="bbox 2198 2208 3851 2282">
    <p class='ocr_par' dir='ltr' id='par_1_52' title="bbox 2198 2208 3851 2282">
     <span class='ocr_line' id='line_1_52' title="bbox 2198 2208 3851 2282; baseline 0.001 -19"><span class='ocrx_word' id='word_1_352' title='bbox 2198 2209 2377 2281; x_wconf 89' lang='lat' dir='ltr'><strong>plices</strong></span> <span class='ocrx_word' id='word_1_353' title='bbox 2408 2209 2553 2265; x_wconf 88' lang='lat' dir='ltr'><strong>alias</strong></span> <span class='ocrx_word' id='word_1_354' title='bbox 2583 2209 2787 2282; x_wconf 85' lang='lat' dir='ltr'><strong>plagas</strong></span> <span class='ocrx_word' id='word_1_355' title='bbox 2816 2213 2876 2265; x_wconf 91' lang='lat' dir='ltr'><strong>et</strong></span> <span class='ocrx_word' id='word_1_356' title='bbox 2905 2209 3108 2281; x_wconf 91' lang='lat' dir='ltr'><strong>ﬂagra,</strong></span> <span class='ocrx_word' id='word_1_357' title='bbox 3130 2226 3330 2265; x_wconf 90' lang='lat' dir='ltr'><strong>eorum</strong></span> <span class='ocrx_word' id='word_1_358' title='bbox 3365 2208 3685 2265; x_wconf 85' lang='lat' dir='ltr'><strong>sceleribus</strong></span> <span class='ocrx_word' id='word_1_359' title='bbox 3712 2224 3851 2265; x_wconf 85' lang='lat' dir='ltr'><strong>con-</strong></span> 
     </span>
    </p>
   </div>
   <div class='ocr_carea' id='block_1_53' title="bbox 2197 2297 3854 2373">
    <p class='ocr_par' dir='ltr' id='par_1_53' title="bbox 2197 2297 3854 2373">
     <span class='ocr_line' id='line_1_53' title="bbox 2197 2297 3854 2373; baseline -0.002 -18"><span class='ocrx_word' id='word_1_360' title='bbox 2197 2298 2486 2373; x_wconf 86' lang='lat' dir='ltr'><strong>gruentia,</strong></span> <span class='ocrx_word' id='word_1_361' title='bbox 2535 2304 2868 2371; x_wconf 87' lang='lat' dir='ltr'><strong>mortesque</strong></span> <span class='ocrx_word' id='word_1_362' title='bbox 2910 2299 3385 2371; x_wconf 88' lang='lat' dir='ltr'><strong>haudquaquam</strong></span> <span class='ocrx_word' id='word_1_363' title='bbox 3442 2297 3659 2353; x_wconf 86' lang='lat' dir='ltr'><strong>usitato</strong></span> <span class='ocrx_word' id='word_1_364' title='bbox 3689 2312 3854 2353; x_wconf 88' lang='lat' dir='ltr'><strong>more</strong></span> 
     </span>
    </p>
   </div>
   <div class='ocr_carea' id='block_1_54' title="bbox 2199 2386 3851 2461">
    <p class='ocr_par' dir='ltr' id='par_1_54' title="bbox 2199 2386 3851 2461">
     <span class='ocr_line' id='line_1_54' title="bbox 2199 2386 3851 2461; baseline -0.003 -15"><span class='ocrx_word' id='word_1_365' title='bbox 2199 2391 2487 2457; x_wconf 89' lang='lat' dir='ltr'><strong>orbortas,</strong></span> <span class='ocrx_word' id='word_1_366' title='bbox 2506 2404 2825 2460; x_wconf 88' lang='lat' dir='ltr'><strong>eorumque</strong></span> <span class='ocrx_word' id='word_1_367' title='bbox 2847 2388 2999 2444; x_wconf 91' lang='lat' dir='ltr'><strong>inter</strong></span> <span class='ocrx_word' id='word_1_368' title='bbox 3027 2390 3186 2461; x_wconf 89' lang='lat' dir='ltr'><strong>ipsos</strong></span> <span class='ocrx_word' id='word_1_369' title='bbox 3215 2388 3510 2444; x_wconf 88' lang='lat' dir='ltr'><strong>cruciatus</strong></span> <span class='ocrx_word' id='word_1_370' title='bbox 3532 2386 3851 2443; x_wconf 81' lang='lat' dir='ltr'><strong>confessio-</strong></span> 
     </span>
    </p>
   </div>
   <div class='ocr_carea' id='block_1_55' title="bbox 2202 2478 3854 2549">
    <p class='ocr_par' dir='ltr' id='par_1_55' title="bbox 2202 2478 3854 2549">
     <span class='ocr_line' id='line_1_55' title="bbox 2202 2478 3854 2549; baseline -0.002 -13"><span class='ocrx_word' id='word_1_371' title='bbox 2202 2496 2325 2547; x_wconf 88' lang='lat' dir='ltr'><strong>nes,</strong></span> <span class='ocrx_word' id='word_1_372' title='bbox 2358 2482 2415 2535; x_wconf 91' lang='lat' dir='ltr'><strong>et</strong></span> <span class='ocrx_word' id='word_1_373' title='bbox 2444 2478 2681 2534; x_wconf 90' lang='lat' dir='ltr'><strong>inutiles</strong></span> <span class='ocrx_word' id='word_1_374' title='bbox 2722 2479 3113 2549; x_wconf 80' lang='lat' dir='ltr'><strong>poenitentiae,</strong></span> <span class='ocrx_word' id='word_1_375' title='bbox 3146 2495 3361 2549; x_wconf 89' lang='lat' dir='ltr'><strong>easque</strong></span> <span class='ocrx_word' id='word_1_376' title='bbox 3419 2494 3547 2549; x_wconf 63' lang='lat' dir='ltr'><strong>qua:</strong></span> <span class='ocrx_word' id='word_1_377' title='bbox 3590 2480 3718 2532; x_wconf 89' lang='lat' dir='ltr'><strong>tum</strong></span> <span class='ocrx_word' id='word_1_378' title='bbox 3748 2491 3854 2549; x_wconf 87' lang='lat' dir='ltr'><strong>per</strong></span> 
     </span>
    </p>
   </div>
   <div class='ocr_carea' id='block_1_56' title="bbox 2200 2564 3850 2639">
    <p class='ocr_par' dir='ltr' id='par_1_56' title="bbox 2200 2564 3850 2639">
     <span class='ocr_line' id='line_1_56' title="bbox 2200 2564 3850 2639; baseline -0.003 -14"><span class='ocrx_word' id='word_1_379' title='bbox 2200 2569 2516 2636; x_wconf 82' lang='lat' dir='ltr'><strong>insomnia,</strong></span> <span class='ocrx_word' id='word_1_380' title='bbox 2550 2571 2677 2623; x_wconf 89' lang='lat' dir='ltr'><strong>tum</strong></span> <span class='ocrx_word' id='word_1_381' title='bbox 2710 2583 2812 2639; x_wconf 93' lang='lat' dir='ltr'><strong>per</strong></span> <span class='ocrx_word' id='word_1_382' title='bbox 2840 2584 2974 2623; x_wconf 89' lang='lat' dir='ltr'><strong>vera</strong></span> <span class='ocrx_word' id='word_1_383' title='bbox 3020 2568 3146 2623; x_wconf 88' lang='lat' dir='ltr'><strong>visa</strong></span> <span class='ocrx_word' id='word_1_384' title='bbox 3192 2564 3850 2639; x_wconf 83' lang='lat' dir='ltr'><strong>eontigerunt,castiga-</strong></span> 
     </span>
    </p>
   </div>
   <div class='ocr_carea' id='block_1_57' title="bbox 2202 2656 3853 2730">
    <p class='ocr_par' dir='ltr' id='par_1_57' title="bbox 2202 2656 3853 2730">
     <span class='ocr_line' id='line_1_57' title="bbox 2202 2656 3853 2730; baseline -0.001 -17"><span class='ocrx_word' id='word_1_385' title='bbox 2202 2659 2409 2726; x_wconf 86' lang='lat' dir='ltr'><strong>tiones,</strong></span> <span class='ocrx_word' id='word_1_386' title='bbox 2474 2674 2578 2729; x_wconf 93' lang='lat' dir='ltr'><strong>pro</strong></span> <span class='ocrx_word' id='word_1_387' title='bbox 2631 2656 2917 2729; x_wconf 77' lang='lat' dir='ltr'><strong>dignitate</strong></span> <span class='ocrx_word' id='word_1_388' title='bbox 2983 2674 3220 2712; x_wconf 89' lang='lat' dir='ltr'><strong>narrare</strong></span> <span class='ocrx_word' id='word_1_389' title='bbox 3285 2662 3453 2728; x_wconf 87' lang='lat' dir='ltr'><strong>atque</strong></span> <span class='ocrx_word' id='word_1_390' title='bbox 3502 2671 3853 2730; x_wconf 84' lang='lat' dir='ltr'><strong>exaggerare</strong></span> 
     </span>
    </p>
   </div>
   <div class='ocr_carea' id='block_1_58' title="bbox 2203 2746 3849 2819">
    <p class='ocr_par' dir='ltr' id='par_1_58' title="bbox 2203 2746 3849 2819">
     <span class='ocr_line' id='line_1_58' title="bbox 2203 2746 3849 2819; baseline -0.001 -15"><span class='ocrx_word' id='word_1_391' title='bbox 2203 2746 2506 2804; x_wconf 85' lang='lat' dir='ltr'><strong>sufﬁciat?</strong></span> <span class='ocrx_word' id='word_1_392' title='bbox 2527 2763 2795 2819; x_wconf 61' lang='lat' dir='ltr'><strong>quaeque,</strong></span> <span class='ocrx_word' id='word_1_393' title='bbox 2827 2746 2913 2802; x_wconf 88' lang='lat' dir='ltr'><strong>vel</strong></span> <span class='ocrx_word' id='word_1_394' title='bbox 2940 2749 3009 2803; x_wconf 92' lang='lat' dir='ltr'><strong>ob</strong></span> <span class='ocrx_word' id='word_1_395' title='bbox 3044 2747 3262 2819; x_wconf 89' lang='lat' dir='ltr'><strong>ﬂagitia</strong></span> <span class='ocrx_word' id='word_1_396' title='bbox 3290 2748 3443 2802; x_wconf 91' lang='lat' dir='ltr'><strong>eirea</strong></span> <span class='ocrx_word' id='word_1_397' title='bbox 3472 2763 3670 2803; x_wconf 87' lang='lat' dir='ltr'><strong>sacras</strong></span> <span class='ocrx_word' id='word_1_398' title='bbox 3700 2746 3849 2803; x_wconf 66' lang='lat' dir='ltr'><strong>edes</strong></span> 
     </span>
    </p>
   </div>
   <div class='ocr_carea' id='block_1_59' title="bbox 2203 2835 3849 2905">
    <p class='ocr_par' dir='ltr' id='par_1_59' title="bbox 2203 2835 3849 2905">
     <span class='ocr_line' id='line_1_59' title="bbox 2203 2835 3849 2905; baseline -0.001 -12"><span class='ocrx_word' id='word_1_399' title='bbox 2203 2836 2482 2905; x_wconf 89' lang='lat' dir='ltr'><strong>admissa,</strong></span> <span class='ocrx_word' id='word_1_400' title='bbox 2501 2836 2587 2891; x_wconf 92' lang='lat' dir='ltr'><strong>vel</strong></span> <span class='ocrx_word' id='word_1_401' title='bbox 2610 2837 2681 2892; x_wconf 93' lang='lat' dir='ltr'><strong>ob</strong></span> <span class='ocrx_word' id='word_1_402' title='bbox 2705 2853 2903 2892; x_wconf 83' lang='lat' dir='ltr'><strong>sacras</strong></span> <span class='ocrx_word' id='word_1_403' title='bbox 2928 2835 3561 2893; x_wconf 88' lang='lat' dir='ltr'><strong>mensascontumeliis</strong></span> <span class='ocrx_word' id='word_1_404' title='bbox 3591 2836 3849 2903; x_wconf 75' lang='lat' dir='ltr'><strong>affectas,</strong></span> 
     </span>
    </p>
   </div>
   <div class='ocr_carea' id='block_1_60' title="bbox 2202 2924 3848 2999">
    <p class='ocr_par' dir='ltr' id='par_1_60' title="bbox 2202 2924 3848 2999">
     <span class='ocr_line' id='line_1_60' title="bbox 2202 2924 3848 2999; baseline 0.001 -19"><span class='ocrx_word' id='word_1_405' title='bbox 2202 2927 2293 2983; x_wconf 91' lang='lat' dir='ltr'><strong>vel</strong></span> <span class='ocrx_word' id='word_1_406' title='bbox 2322 2926 2394 2982; x_wconf 92' lang='lat' dir='ltr'><strong>ob</strong></span> <span class='ocrx_word' id='word_1_407' title='bbox 2425 2925 2671 2998; x_wconf 86' lang='lat' dir='ltr'><strong>mystica</strong></span> <span class='ocrx_word' id='word_1_408' title='bbox 2713 2925 2922 2999; x_wconf 91' lang='lat' dir='ltr'><strong>pocula</strong></span> <span class='ocrx_word' id='word_1_409' title='bbox 2960 2926 3176 2982; x_wconf 88' lang='lat' dir='ltr'><strong>furiose</strong></span> <span class='ocrx_word' id='word_1_410' title='bbox 3207 2925 3623 2992; x_wconf 77' lang='lat' dir='ltr'><strong>contaminata,</strong></span> <span class='ocrx_word' id='word_1_411' title='bbox 3655 2924 3744 2981; x_wconf 91' lang='lat' dir='ltr'><strong>vel</strong></span> <span class='ocrx_word' id='word_1_412' title='bbox 3773 2924 3848 2981; x_wconf 92' lang='lat' dir='ltr'><strong>ob</strong></span> 
     </span>
    </p>
   </div>
   <div class='ocr_carea' id='block_1_61' title="bbox 2202 3014 3849 3087">
    <p class='ocr_par' dir='ltr' id='par_1_61' title="bbox 2202 3014 3849 3087">
     <span class='ocr_line' id='line_1_61' title="bbox 2202 3014 3849 3087; baseline -0.001 -17"><span class='ocrx_word' id='word_1_413' title='bbox 2202 3019 2464 3071; x_wconf 87' lang='lat' dir='ltr'><strong>ventrem</strong></span> <span class='ocrx_word' id='word_1_414' title='bbox 2496 3015 2838 3087; x_wconf 88' lang='lat' dir='ltr'><strong>corporibus</strong></span> <span class='ocrx_word' id='word_1_415' title='bbox 2866 3016 3082 3072; x_wconf 88' lang='lat' dir='ltr'><strong>nostris</strong></span> <span class='ocrx_word' id='word_1_416' title='bbox 3102 3016 3357 3087; x_wconf 86' lang='lat' dir='ltr'><strong>projecta</strong></span> <span class='ocrx_word' id='word_1_417' title='bbox 3376 3015 3633 3087; x_wconf 91' lang='lat' dir='ltr'><strong>quadam</strong></span> <span class='ocrx_word' id='word_1_418' title='bbox 3656 3014 3849 3086; x_wconf 55' lang='lat' dir='ltr'><strong>impuv</strong></span> 
     </span>
    </p>
   </div>
   <div class='ocr_carea' id='block_1_62' title="bbox 2204 3104 3847 3177">
    <p class='ocr_par' dir='ltr' id='par_1_62' title="bbox 2204 3104 3847 3177">
     <span class='ocr_line' id='line_1_62' title="bbox 2204 3104 3847 3177; baseline -0.002 -16"><span class='ocrx_word' id='word_1_419' title='bbox 2204 3104 2404 3161; x_wconf 89' lang='lat' dir='ltr'><strong>dentia</strong></span> <span class='ocrx_word' id='word_1_420' title='bbox 2433 3108 2784 3177; x_wconf 88' lang='lat' dir='ltr'><strong>saturatum,</strong></span> <span class='ocrx_word' id='word_1_421' title='bbox 2806 3104 2895 3161; x_wconf 92' lang='lat' dir='ltr'><strong>vel</strong></span> <span class='ocrx_word' id='word_1_422' title='bbox 2921 3105 2994 3161; x_wconf 93' lang='lat' dir='ltr'><strong>ob</strong></span> <span class='ocrx_word' id='word_1_423' title='bbox 3024 3105 3220 3161; x_wconf 92' lang='lat' dir='ltr'><strong>omnia</strong></span> <span class='ocrx_word' id='word_1_424' title='bbox 3249 3105 3364 3160; x_wconf 90' lang='lat' dir='ltr'><strong>alia</strong></span> <span class='ocrx_word' id='word_1_425' title='bbox 3392 3104 3613 3161; x_wconf 88' lang='lat' dir='ltr'><strong>scelera</strong></span> <span class='ocrx_word' id='word_1_426' title='bbox 3642 3118 3847 3175; x_wconf 86' lang='lat' dir='ltr'><strong>perpe-</strong></span> 
     </span>
    </p>
   </div>
   <div class='ocr_carea' id='block_1_63' title="bbox 2202 3191 3851 3266">
    <p class='ocr_par' dir='ltr' id='par_1_63' title="bbox 2202 3191 3851 3266">
     <span class='ocr_line' id='line_1_63' title="bbox 2202 3191 3851 3266; baseline -0.001 -16"><span class='ocrx_word' id='word_1_427' title='bbox 2202 3198 2358 3251; x_wconf 90' lang='lat' dir='ltr'><strong>trata</strong></span> <span class='ocrx_word' id='word_1_428' title='bbox 2405 3194 2552 3266; x_wconf 90' lang='lat' dir='ltr'><strong>ipsis</strong></span> <span class='ocrx_word' id='word_1_429' title='bbox 2594 3194 2954 3261; x_wconf 89' lang='lat' dir='ltr'><strong>acciderunt,</strong></span> <span class='ocrx_word' id='word_1_430' title='bbox 3002 3194 3159 3249; x_wconf 91' lang='lat' dir='ltr'><strong>clara</strong></span> <span class='ocrx_word' id='word_1_431' title='bbox 3200 3198 3402 3265; x_wconf 79' lang='lat' dir='ltr'><strong>utique</strong></span> <span class='ocrx_word' id='word_1_432' title='bbox 3441 3198 3498 3249; x_wconf 91' lang='lat' dir='ltr'><strong>et</strong></span> <span class='ocrx_word' id='word_1_433' title='bbox 3541 3191 3851 3266; x_wconf 87' lang='lat' dir='ltr'><strong>perspicua</strong></span> 
     </span>
    </p>
   </div>
   <div class='ocr_carea' id='block_1_64' title="bbox 2203 3282 3852 3355">
    <p class='ocr_par' dir='ltr' id='par_1_64' title="bbox 2203 3282 3852 3355">
     <span class='ocr_line' id='line_1_64' title="bbox 2203 3282 3852 3355; baseline -0.002 -15"><span class='ocrx_word' id='word_1_434' title='bbox 2203 3284 2412 3340; x_wconf 66' lang='lat' dir='ltr'><strong>divinas</strong></span> <span class='ocrx_word' id='word_1_435' title='bbox 2442 3284 2723 3341; x_wconf 90' lang='lat' dir='ltr'><strong>adversus</strong></span> <span class='ocrx_word' id='word_1_436' title='bbox 2755 3282 3097 3355; x_wconf 86' lang='lat' dir='ltr'><strong>hujusmodi</strong></span> <span class='ocrx_word' id='word_1_437' title='bbox 3155 3283 3421 3339; x_wconf 91' lang='lat' dir='ltr'><strong>homines</strong></span> <span class='ocrx_word' id='word_1_438' title='bbox 3465 3283 3561 3337; x_wconf 79' lang='lat' dir='ltr'><strong>irae</strong></span> <span class='ocrx_word' id='word_1_439' title='bbox 3593 3282 3763 3354; x_wconf 89' lang='lat' dir='ltr'><strong>signa</strong></span> <span class='ocrx_word' id='word_1_440' title='bbox 3791 3284 3852 3337; x_wconf 87' lang='lat' dir='ltr'><strong>et</strong></span> 
     </span>
    </p>
   </div>
   <div class='ocr_carea' id='block_1_65' title="bbox 446 3367 2087 3477">
    <p class='ocr_par' dir='ltr' id='par_1_65' title="bbox 446 3367 2087 3477">
     <span class='ocr_line' id='line_1_65' title="bbox 446 3367 2087 3447; baseline 0.002 -24"><span class='ocrx_word' id='word_1_441' title='bbox 446 3369 545 3425; x_wconf 78' lang='grc' dir='ltr'><strong>οὐκ</strong></span> <span class='ocrx_word' id='word_1_442' title='bbox 592 3369 833 3426; x_wconf 77' lang='grc' dir='ltr'>ἀπιστῶν</span> <span class='ocrx_word' id='word_1_443' title='bbox 879 3375 995 3425; x_wconf 83' lang='grc' dir='ltr'>τοῖς</span> <span class='ocrx_word' id='word_1_444' title='bbox 1057 3371 1383 3447; x_wconf 72' lang='grc' dir='ltr'>ὁρωμένοις,</span> <span class='ocrx_word' id='word_1_445' title='bbox 1426 3369 1514 3425; x_wconf 82' lang='grc' dir='ltr'><strong>καὶ</strong></span> <span class='ocrx_word' id='word_1_446' title='bbox 1565 3370 1903 3447; x_wconf 71' lang='grc' dir='ltr'>λεγομένοις,</span> <span class='ocrx_word' id='word_1_447' title='bbox 1970 3367 2087 3426; x_wconf 69' lang='grc' dir='ltr'><strong>οἵ)δέ</strong></span> 
     </span>
     <span class='ocr_line' id='line_1_66' title="bbox 488 3457 1899 3477; baseline 0 0"><span class='ocrx_word' id='word_1_448' title='bbox 488 3459 500 3477; x_wconf 72' lang='grc'><strong>9</strong></span> <span class='ocrx_word' id='word_1_449' title='bbox 636 3457 648 3477; x_wconf 73' lang='grc' dir='ltr'><strong>Ι</strong></span> <span class='ocrx_word' id='word_1_450' title='bbox 873 3458 889 3477; x_wconf 84' lang='lat'><em>\</em></span> <span class='ocrx_word' id='word_1_451' title='bbox 1072 3465 1097 3475; x_wconf 61' lang='grc' dir='ltr'><strong>ω</strong></span> <span class='ocrx_word' id='word_1_452' title='bbox 1233 3460 1248 3477; x_wconf 88' lang='lat'><strong><em>\</em></strong></span> <span class='ocrx_word' id='word_1_453' title='bbox 1509 3459 1520 3477; x_wconf 80' lang='grc' dir='ltr'><strong><em>Ι</em></strong></span> <span class='ocrx_word' id='word_1_454' title='bbox 1623 3459 1646 3477; x_wconf 57' lang='grc' dir='ltr'><strong>ἢ</strong></span> <span class='ocrx_word' id='word_1_455' title='bbox 1680 3458 1703 3477; x_wconf 52' lang='grc' dir='ltr'>ᾗ</span> <span class='ocrx_word' id='word_1_456' title='bbox 1743 3460 1755 3477; x_wconf 84' lang='lat'><em>\</em></span> <span class='ocrx_word' id='word_1_457' title='bbox 1885 3462 1899 3477; x_wconf 86' lang='lat'><strong><em>\</em></strong></span> 
     </span>
    </p>
   </div>
   <div class='ocr_carea' id='block_1_66' title="bbox 2202 3367 3849 3477">
    <p class='ocr_par' dir='ltr' id='par_1_66' title="bbox 2205 3372 3849 3446">
     <span class='ocr_line' id='line_1_67' title="bbox 2205 3372 3849 3446; baseline -0.002 -16"><span class='ocrx_word' id='word_1_458' title='bbox 2205 3373 2594 3446; x_wconf 84' lang='lat' dir='ltr'><strong>argumenta?</strong></span> <span class='ocrx_word' id='word_1_459' title='bbox 2623 3372 2835 3429; x_wconf 89' lang='lat' dir='ltr'><strong>Verum</strong></span> <span class='ocrx_word' id='word_1_460' title='bbox 2883 3372 3004 3428; x_wconf 69' lang='lat' dir='ltr'><strong>haec</strong></span> <span class='ocrx_word' id='word_1_461' title='bbox 3054 3373 3316 3428; x_wconf 87' lang='lat' dir='ltr'><strong>consulto</strong></span> <span class='ocrx_word' id='word_1_462' title='bbox 3368 3372 3696 3445; x_wconf 76' lang='lat' dir='ltr'><strong>praeteribo,</strong></span> <span class='ocrx_word' id='word_1_463' title='bbox 3731 3387 3849 3427; x_wconf 92' lang='lat' dir='ltr'><strong>non</strong></span> 
     </span>
    </p>
   </div>
   <div class='ocr_carea' id='block_1_67' title="bbox 443 3457 2092 3536">
    <p class='ocr_par' dir='ltr' id='par_1_67' title="bbox 443 3457 2092 3536">
     <span class='ocr_line' id='line_1_68' title="bbox 443 3457 2092 3536; baseline 0.001 -22"><span class='ocrx_word' id='word_1_464' title='bbox 443 3457 734 3533; x_wconf 80' lang='grc' dir='ltr'>αὐτομάτῳ</span> <span class='ocrx_word' id='word_1_465' title='bbox 786 3458 890 3515; x_wconf 80' lang='grc' dir='ltr'>τινὶ</span> <span class='ocrx_word' id='word_1_466' title='bbox 960 3465 1101 3536; x_wconf 77' lang='grc' dir='ltr'>φορᾷ</span> <span class='ocrx_word' id='word_1_467' title='bbox 1161 3460 1249 3515; x_wconf 84' lang='grc' dir='ltr'><strong>καὶ</strong></span> <span class='ocrx_word' id='word_1_468' title='bbox 1298 3459 1556 3536; x_wconf 83' lang='grc' dir='ltr'>συντυχίᾳ</span> <span class='ocrx_word' id='word_1_469' title='bbox 1620 3458 1801 3524; x_wconf 78' lang='grc' dir='ltr'>διδοὺς</span> <span class='ocrx_word' id='word_1_470' title='bbox 1842 3462 1908 3516; x_wconf 71' lang='grc' dir='ltr'>τὰ</span> <span class='ocrx_word' id='word_1_471' title='bbox 1956 3482 2092 3535; x_wconf 90' lang='grc' dir='ltr'>συμ-</span> 
     </span>
    </p>
   </div>
   <div class='ocr_carea' id='block_1_68' title="bbox 438 3544 2091 3624">
    <p class='ocr_par' dir='ltr' id='par_1_68' title="bbox 438 3544 2091 3624">
     <span class='ocr_line' id='line_1_69' title="bbox 438 3544 2091 3624; baseline 0.001 -21"><span class='ocrx_word' id='word_1_472' title='bbox 438 3544 714 3619; x_wconf 83' lang='grc' dir='ltr'>ϐαίνοντα,</span> <span class='ocrx_word' id='word_1_473' title='bbox 770 3550 905 3604; x_wconf 87' lang='grc' dir='ltr'><strong>κατά</strong></span> <span class='ocrx_word' id='word_1_474' title='bbox 950 3548 1075 3611; x_wconf 75' lang='grc' dir='ltr'>τοὺς</span> <span class='ocrx_word' id='word_1_475' title='bbox 1124 3549 1244 3619; x_wconf 79' lang='grc' dir='ltr'>εἰκῆ</span> <span class='ocrx_word' id='word_1_476' title='bbox 1289 3550 1357 3604; x_wconf 84' lang='grc' dir='ltr'>τὰ</span> <span class='ocrx_word' id='word_1_477' title='bbox 1400 3554 1625 3605; x_wconf 75' lang='grc' dir='ltr'>τοιαῦτα</span> <span class='ocrx_word' id='word_1_478' title='bbox 1673 3545 2091 3624; x_wconf 82' lang='grc' dir='ltr'>ὑπολαμϐάνον-</span> 
     </span>
    </p>
   </div>
   <div class='ocr_carea' id='block_1_69' title="bbox 434 3635 2089 3715">
    <p class='ocr_par' dir='ltr' id='par_1_69' title="bbox 434 3635 2089 3715">
     <span class='ocr_line' id='line_1_70' title="bbox 434 3635 2089 3715; baseline 0.001 -22"><span class='ocrx_word' id='word_1_479' title='bbox 434 3659 551 3709; x_wconf 88' lang='grc' dir='ltr'>τας,</span> <span class='ocrx_word' id='word_1_480' title='bbox 612 3637 738 3695; x_wconf 79' lang='grc' dir='ltr'>ἀλλ⁹</span> <span class='ocrx_word' id='word_1_481' title='bbox 792 3636 884 3694; x_wconf 69' lang='grc' dir='ltr'>’ίνα</span> <span class='ocrx_word' id='word_1_482' title='bbox 945 3640 1019 3712; x_wconf 83' lang='grc' dir='ltr'>μὴ</span> <span class='ocrx_word' id='word_1_483' title='bbox 1071 3639 1195 3714; x_wconf 85' lang='grc' dir='ltr'>περὶ</span> <span class='ocrx_word' id='word_1_484' title='bbox 1246 3638 1313 3693; x_wconf 79' lang='grc' dir='ltr'><strong>τὰ</strong></span> <span class='ocrx_word' id='word_1_485' title='bbox 1366 3640 1534 3715; x_wconf 86' lang='grc' dir='ltr'>μικρά</span> <span class='ocrx_word' id='word_1_486' title='bbox 1589 3635 1878 3715; x_wconf 84' lang='grc' dir='ltr'>διατρίϐειν</span> <span class='ocrx_word' id='word_1_487' title='bbox 1929 3638 2089 3713; x_wconf 86' lang='grc' dir='ltr'>δόξω,</span> 
     </span>
    </p>
   </div>
   <div class='ocr_carea' id='block_1_70' title="bbox 434 3727 2087 3805">
    <p class='ocr_par' dir='ltr' id='par_1_70' title="bbox 434 3727 2087 3805">
     <span class='ocr_line' id='line_1_71' title="bbox 434 3727 2087 3805; baseline 0.001 -24"><span class='ocrx_word' id='word_1_488' title='bbox 434 3727 624 3805; x_wconf 84' lang='grc' dir='ltr'>παρεὶς</span> <span class='ocrx_word' id='word_1_489' title='bbox 689 3729 755 3782; x_wconf 82' lang='grc' dir='ltr'>τὰ</span> <span class='ocrx_word' id='word_1_490' title='bbox 814 3728 981 3801; x_wconf 80' lang='grc' dir='ltr'>μείζω</span> <span class='ocrx_word' id='word_1_491' title='bbox 1036 3727 1126 3782; x_wconf 82' lang='grc' dir='ltr'><strong>καὶ</strong></span> <span class='ocrx_word' id='word_1_492' title='bbox 1177 3727 1582 3804; x_wconf 80' lang='grc' dir='ltr'>ὀνομαστότερα</span> <span class='ocrx_word' id='word_1_493' title='bbox 1630 3730 1707 3802; x_wconf 88' lang='grc'>(3)</span> <span class='ocrx_word' id='word_1_494' title='bbox 1737 3747 1749 3761; x_wconf 82' lang='grc'><strong>’</strong></span> <span class='ocrx_word' id='word_1_495' title='bbox 1794 3730 1858 3783; x_wconf 87' lang='grc' dir='ltr'>τὸ</span> <span class='ocrx_word' id='word_1_496' title='bbox 1906 3727 1949 3783; x_wconf 89' lang='grc' dir='ltr'>δ’</span> <span class='ocrx_word' id='word_1_497' title='bbox 1997 3728 2087 3783; x_wconf 72' lang='grc' dir='ltr'><strong>οὖν</strong></span> 
     </span>
    </p>
   </div>
   <div class='ocr_carea' id='block_1_71' title="bbox 432 3812 2090 3892">
    <p class='ocr_par' dir='ltr' id='par_1_71' title="bbox 432 3812 2090 3892">
     <span class='ocr_line' id='line_1_72' title="bbox 432 3812 2090 3892; baseline 0.001 -21"><span class='ocrx_word' id='word_1_498' title='bbox 432 3812 761 3892; x_wconf 86' lang='grc' dir='ltr'>περιϐόητον</span> <span class='ocrx_word' id='word_1_499' title='bbox 800 3823 929 3872; x_wconf 83' lang='grc' dir='ltr'>πᾶσι</span> <span class='ocrx_word' id='word_1_500' title='bbox 984 3821 1184 3891; x_wconf 76' lang='grc' dir='ltr'>θαῦμα,</span> <span class='ocrx_word' id='word_1_501' title='bbox 1233 3816 1323 3872; x_wconf 86' lang='grc' dir='ltr'><strong>καὶ</strong></span> <span class='ocrx_word' id='word_1_502' title='bbox 1357 3814 1482 3873; x_wconf 78' lang='grc' dir='ltr'>οὐδὲ</span> <span class='ocrx_word' id='word_1_503' title='bbox 1535 3822 1653 3880; x_wconf 81' lang='grc' dir='ltr'>τοῖς</span> <span class='ocrx_word' id='word_1_504' title='bbox 1692 3817 1867 3880; x_wconf 73' lang='grc' dir='ltr'>ἀθέοις</span> <span class='ocrx_word' id='word_1_505' title='bbox 1906 3817 2090 3881; x_wconf 80' lang='grc' dir='ltr'>αὐτοῖς</span> 
     </span>
    </p>
   </div>
   <div class='ocr_carea' id='block_1_72' title="bbox 437 3902 1319 3983">
    <p class='ocr_par' dir='ltr' id='par_1_72' title="bbox 437 3902 1319 3983">
     <span class='ocr_line' id='line_1_73' title="bbox 437 3902 1319 3983; baseline 0.007 -23"><span class='ocrx_word' id='word_1_506' title='bbox 437 3906 826 3980; x_wconf 76' lang='grc' dir='ltr'>ἀπιστούμενον</span> <span class='ocrx_word' id='word_1_507' title='bbox 860 3905 1027 3979; x_wconf 73' lang='grc' dir='ltr'>λέξων</span> <span class='ocrx_word' id='word_1_508' title='bbox 1058 3902 1319 3983; x_wconf 76' lang='grc' dir='ltr'>ἔρχομαι.</span> 
     </span>
    </p>
   </div>
   <div class='ocr_carea' id='block_1_73' title="bbox 2205 3461 3848 3535">
    <p class='ocr_par' dir='ltr' id='par_1_73' title="bbox 2205 3461 3848 3535">
     <span class='ocr_line' id='line_1_74' title="bbox 2205 3461 3848 3535; baseline 0.001 -16"><span class='ocrx_word' id='word_1_509' title='bbox 2205 3464 2359 3535; x_wconf 91' lang='lat' dir='ltr'><strong>quod</strong></span> <span class='ocrx_word' id='word_1_510' title='bbox 2391 3463 2464 3519; x_wconf 92' lang='lat' dir='ltr'><strong>iis</strong></span> <span class='ocrx_word' id='word_1_511' title='bbox 2494 3479 2622 3534; x_wconf 77' lang='lat' dir='ltr'><strong>quas</strong></span> <span class='ocrx_word' id='word_1_512' title='bbox 2669 3461 2728 3517; x_wconf 91' lang='lat' dir='ltr'><strong>in</strong></span> <span class='ocrx_word' id='word_1_513' title='bbox 2775 3461 3085 3517; x_wconf 89' lang='lat' dir='ltr'><strong>hominum</strong></span> <span class='ocrx_word' id='word_1_514' title='bbox 3131 3461 3315 3518; x_wconf 89' lang='lat' dir='ltr'><strong>oculis</strong></span> <span class='ocrx_word' id='word_1_515' title='bbox 3355 3465 3528 3533; x_wconf 85' lang='lat' dir='ltr'><strong>atque</strong></span> <span class='ocrx_word' id='word_1_516' title='bbox 3576 3474 3848 3520; x_wconf 81' lang='lat' dir='ltr'><strong>sermone</strong></span> 
     </span>
    </p>
   </div>
   <div class='ocr_carea' id='block_1_74' title="bbox 2203 3551 3847 3625">
    <p class='ocr_par' dir='ltr' id='par_1_74' title="bbox 2203 3551 3847 3625">
     <span class='ocr_line' id='line_1_75' title="bbox 2203 3551 3847 3625; baseline -0.001 -16"><span class='ocrx_word' id='word_1_517' title='bbox 2203 3553 2392 3625; x_wconf 87' lang='lat' dir='ltr'><strong>posita</strong></span> <span class='ocrx_word' id='word_1_518' title='bbox 2438 3556 2598 3623; x_wconf 88' lang='lat' dir='ltr'><strong>sunt,</strong></span> <span class='ocrx_word' id='word_1_519' title='bbox 2650 3551 2825 3608; x_wconf 81' lang='lat' dir='ltr'><strong>fidem</strong></span> <span class='ocrx_word' id='word_1_520' title='bbox 2869 3553 3167 3623; x_wconf 90' lang='lat' dir='ltr'><strong>abrogem,</strong></span> <span class='ocrx_word' id='word_1_521' title='bbox 3220 3556 3317 3606; x_wconf 92' lang='lat' dir='ltr'><strong>aut</strong></span> <span class='ocrx_word' id='word_1_522' title='bbox 3369 3567 3563 3607; x_wconf 89' lang='lat' dir='ltr'><strong>rerum</strong></span> <span class='ocrx_word' id='word_1_523' title='bbox 3600 3553 3847 3607; x_wconf 87' lang='lat' dir='ltr'><strong>eventus</strong></span> 
     </span>
    </p>
   </div>
   <div class='ocr_carea' id='block_1_75' title="bbox 2200 3639 3848 3711">
    <p class='ocr_par' dir='ltr' id='par_1_75' title="bbox 2200 3639 3848 3711">
     <span class='ocr_line' id='line_1_76' title="bbox 2200 3639 3848 3711; baseline -0.002 -14"><span class='ocrx_word' id='word_1_524' title='bbox 2200 3641 2513 3697; x_wconf 81' lang='lat' dir='ltr'><strong>temerario</strong></span> <span class='ocrx_word' id='word_1_525' title='bbox 2579 3641 2813 3697; x_wconf 88' lang='lat' dir='ltr'><strong>cuidam</strong></span> <span class='ocrx_word' id='word_1_526' title='bbox 2880 3641 3069 3696; x_wconf 90' lang='lat' dir='ltr'><strong>motui</strong></span> <span class='ocrx_word' id='word_1_527' title='bbox 3145 3641 3504 3711; x_wconf 77' lang='lat' dir='ltr'><strong>fortunasque</strong></span> <span class='ocrx_word' id='word_1_528' title='bbox 3568 3639 3848 3704; x_wconf 86' lang='lat' dir='ltr'><strong>tribuam,</strong></span> 
     </span>
    </p>
   </div>
   <div class='ocr_carea' id='block_1_76' title="bbox 2200 3729 3851 3804">
    <p class='ocr_par' dir='ltr' id='par_1_76' title="bbox 2200 3729 3851 3804">
     <span class='ocr_line' id='line_1_77' title="bbox 2200 3729 3851 3804; baseline -0.001 -18"><span class='ocrx_word' id='word_1_529' title='bbox 2200 3731 2699 3804; x_wconf 90' lang='lat' dir='ltr'><strong>quemadmodum</strong></span> <span class='ocrx_word' id='word_1_530' title='bbox 2722 3730 2830 3799; x_wconf 89' lang='lat' dir='ltr'><strong>illi,</strong></span> <span class='ocrx_word' id='word_1_531' title='bbox 2856 3731 2957 3802; x_wconf 89' lang='lat' dir='ltr'><strong>qui</strong></span> <span class='ocrx_word' id='word_1_532' title='bbox 2990 3746 3082 3787; x_wconf 91' lang='lat' dir='ltr'><strong>res</strong></span> <span class='ocrx_word' id='word_1_533' title='bbox 3107 3729 3449 3800; x_wconf 89' lang='lat' dir='ltr'><strong>hujusmodi</strong></span> <span class='ocrx_word' id='word_1_534' title='bbox 3471 3733 3689 3785; x_wconf 87' lang='lat' dir='ltr'><strong>temere</strong></span> <span class='ocrx_word' id='word_1_535' title='bbox 3720 3744 3851 3784; x_wconf 82' lang='lat' dir='ltr'><strong>sen-</strong></span> 
     </span>
    </p>
   </div>
   <div class='ocr_carea' id='block_1_77' title="bbox 2197 3817 3848 3891">
    <p class='ocr_par' dir='ltr' id='par_1_77' title="bbox 2197 3817 3848 3891">
     <span class='ocr_line' id='line_1_78' title="bbox 2197 3817 3848 3891; baseline -0.002 -15"><span class='ocrx_word' id='word_1_536' title='bbox 2197 3820 2376 3888; x_wconf 89' lang='lat' dir='ltr'><strong>tiunt,</strong></span> <span class='ocrx_word' id='word_1_537' title='bbox 2408 3821 2507 3876; x_wconf 92' lang='lat' dir='ltr'><strong>sed</strong></span> <span class='ocrx_word' id='word_1_538' title='bbox 2540 3836 2633 3887; x_wconf 92' lang='lat' dir='ltr'><strong>ne,</strong></span> <span class='ocrx_word' id='word_1_539' title='bbox 2663 3819 2987 3891; x_wconf 77' lang='lat' dir='ltr'><strong>majoribus</strong></span> <span class='ocrx_word' id='word_1_540' title='bbox 3015 3824 3192 3890; x_wconf 87' lang='lat' dir='ltr'><strong>atque</strong></span> <span class='ocrx_word' id='word_1_541' title='bbox 3215 3817 3640 3890; x_wconf 88' lang='lat' dir='ltr'><strong>insignioribus</strong></span> <span class='ocrx_word' id='word_1_542' title='bbox 3669 3817 3848 3873; x_wconf 91' lang='lat' dir='ltr'><strong>rebus</strong></span> 
     </span>
    </p>
   </div>
   <div class='ocr_carea' id='block_1_78' title="bbox 2198 3905 3843 3983">
    <p class='ocr_par' dir='ltr' id='par_1_78' title="bbox 2198 3905 3843 3983">
     <span class='ocr_line' id='line_1_79' title="bbox 2198 3905 3843 3983; baseline -0.003 -18"><span class='ocrx_word' id='word_1_543' title='bbox 2198 3908 2630 3983; x_wconf 76' lang='lat' dir='ltr'><strong>praetermissis,</strong></span> <span class='ocrx_word' id='word_1_544' title='bbox 2679 3907 2992 3964; x_wconf 89' lang='lat' dir='ltr'><strong>levioribus</strong></span> <span class='ocrx_word' id='word_1_545' title='bbox 3056 3907 3357 3962; x_wconf 90' lang='lat' dir='ltr'><strong>immorari</strong></span> <span class='ocrx_word' id='word_1_546' title='bbox 3404 3907 3620 3962; x_wconf 88' lang='lat' dir='ltr'><strong>videar.</strong></span> <span class='ocrx_word' id='word_1_547' title='bbox 3690 3905 3843 3961; x_wconf 91' lang='lat' dir='ltr'><strong>Illud</strong></span> 
     </span>
    </p>
   </div>
   <div class='ocr_carea' id='block_1_79' title="bbox 434 3995 3846 4072">
    <p class='ocr_par' dir='ltr' id='par_1_79' title="bbox 434 3995 3846 4072">
     <span class='ocr_line' id='line_1_80' title="bbox 434 3995 3846 4072; baseline 0 -21"><span class='ocrx_word' id='word_1_548' title='bbox 434 4012 568 4053; x_wconf 91' lang='lat' dir='ltr'><strong>vero</strong></span> <span class='ocrx_word' id='word_1_549' title='bbox 598 3996 973 4067; x_wconf 87' lang='lat' dir='ltr'><strong>miraculum,</strong></span> <span class='ocrx_word' id='word_1_550' title='bbox 1008 3998 1162 4069; x_wconf 91' lang='lat' dir='ltr'><strong>quod</strong></span> <span class='ocrx_word' id='word_1_551' title='bbox 1193 3997 1458 4054; x_wconf 91' lang='lat' dir='ltr'><strong>omnium</strong></span> <span class='ocrx_word' id='word_1_552' title='bbox 1490 4013 1587 4054; x_wconf 89' lang='lat' dir='ltr'><strong>ore</strong></span> <span class='ocrx_word' id='word_1_553' title='bbox 1617 3996 1968 4070; x_wconf 85' lang='lat' dir='ltr'><strong>celebratur,</strong></span> <span class='ocrx_word' id='word_1_554' title='bbox 2000 4014 2068 4055; x_wconf 89' lang='lat' dir='ltr'><strong>ac</strong></span> <span class='ocrx_word' id='word_1_555' title='bbox 2115 4015 2186 4055; x_wconf 92' lang='lat' dir='ltr'><strong>ne</strong></span> <span class='ocrx_word' id='word_1_556' title='bbox 2215 3999 2370 4072; x_wconf 90' lang='lat' dir='ltr'><strong>apud</strong></span> <span class='ocrx_word' id='word_1_557' title='bbox 2401 4012 2499 4053; x_wconf 86' lang='lat' dir='ltr'><strong>eos</strong></span> <span class='ocrx_word' id='word_1_558' title='bbox 2532 3996 2792 4069; x_wconf 88' lang='lat' dir='ltr'><strong>quidem,</strong></span> <span class='ocrx_word' id='word_1_559' title='bbox 2824 3995 2926 4068; x_wconf 90' lang='lat' dir='ltr'><strong>qui</strong></span> <span class='ocrx_word' id='word_1_560' title='bbox 2958 3998 3139 4054; x_wconf 91' lang='lat' dir='ltr'><strong>Deum</strong></span> <span class='ocrx_word' id='word_1_561' title='bbox 3195 3995 3426 4052; x_wconf 92' lang='lat' dir='ltr'><strong>nullum</strong></span> <span class='ocrx_word' id='word_1_562' title='bbox 3467 3998 3698 4068; x_wconf 87' lang='lat' dir='ltr'><strong>putant,</strong></span> <span class='ocrx_word' id='word_1_563' title='bbox 3731 3995 3846 4052; x_wconf 87' lang='lat' dir='ltr'><strong>ﬁde</strong></span> 
     </span>
    </p>
   </div>
   <div class='ocr_carea' id='block_1_80' title="bbox 436 4088 1285 4161">
    <p class='ocr_par' dir='ltr' id='par_1_80' title="bbox 436 4088 1285 4161">
     <span class='ocr_line' id='line_1_81' title="bbox 436 4088 1285 4161; baseline 0 -19"><span class='ocrx_word' id='word_1_564' title='bbox 436 4090 617 4157; x_wconf 85' lang='lat' dir='ltr'><strong>caret,</strong></span> <span class='ocrx_word' id='word_1_565' title='bbox 649 4088 911 4145; x_wconf 88' lang='lat' dir='ltr'><strong>oratione</strong></span> <span class='ocrx_word' id='word_1_566' title='bbox 941 4103 1285 4161; x_wconf 80' lang='lat' dir='ltr'><strong>prosequar.</strong></span> 
     </span>
    </p>
   </div>
   <div class='ocr_carea' id='block_1_81' title="bbox 508 4174 2085 4252">
    <p class='ocr_par' dir='ltr' id='par_1_81' title="bbox 508 4174 2085 4252">
     <span class='ocr_line' id='line_1_82' title="bbox 508 4174 2085 4252; baseline 0.001 -22"><span class='ocrx_word' id='word_1_567' title='bbox 508 4176 579 4235; x_wconf 84' lang='lat' dir='ltr'><strong>I&quot;.</strong></span> <span class='ocrx_word' id='word_1_568' title='bbox 611 4174 890 4249; x_wconf 87' lang='grc' dir='ltr'>Ἐμαίνετο</span> <span class='ocrx_word' id='word_1_569' title='bbox 963 4176 1082 4230; x_wconf 80' lang='grc' dir='ltr'>καθ’</span> <span class='ocrx_word' id='word_1_570' title='bbox 1156 4178 1318 4248; x_wconf 78' lang='grc' dir='ltr'>ἡμῶν</span> <span class='ocrx_word' id='word_1_571' title='bbox 1396 4175 1477 4230; x_wconf 87' lang='grc' dir='ltr'><strong>ἀεί</strong></span> <span class='ocrx_word' id='word_1_572' title='bbox 1549 4197 1600 4231; x_wconf 90' lang='grc' dir='ltr'><strong>τι</strong></span> <span class='ocrx_word' id='word_1_573' title='bbox 1675 4174 1865 4248; x_wconf 68' lang='grc' dir='ltr'>πλέον,</span> <span class='ocrx_word' id='word_1_574' title='bbox 1907 4174 2085 4252; x_wconf 79' lang='grc' dir='ltr'>ὥσπερ</span> 
     </span>
    </p>
   </div>
   <div class='ocr_carea' id='block_1_82' title="bbox 432 4262 2088 4343">
    <p class='ocr_par' dir='ltr' id='par_1_82' title="bbox 432 4262 2088 4343">
     <span class='ocr_line' id='line_1_83' title="bbox 432 4262 2088 4343; baseline 0.001 -24"><span class='ocrx_word' id='word_1_575' title='bbox 432 4262 665 4338; x_wconf 74' lang='grc' dir='ltr'>κύμασιν</span> <span class='ocrx_word' id='word_1_576' title='bbox 745 4262 1037 4341; x_wconf 69' lang='grc' dir='ltr'>ἐπεγείρων</span> <span class='ocrx_word' id='word_1_577' title='bbox 1115 4263 1350 4340; x_wconf 78' lang='grc' dir='ltr'>κύματα,</span> <span class='ocrx_word' id='word_1_578' title='bbox 1411 4266 1439 4320; x_wconf 86' lang='grc' dir='ltr'>ὁ</span> <span class='ocrx_word' id='word_1_579' title='bbox 1489 4266 1607 4321; x_wconf 87' lang='grc' dir='ltr'>καθ’</span> <span class='ocrx_word' id='word_1_580' title='bbox 1677 4265 1869 4323; x_wconf 67' lang='grc' dir='ltr'>ἑαυτοῦ</span> <span class='ocrx_word' id='word_1_581' title='bbox 1937 4270 2088 4343; x_wconf 86' lang='grc' dir='ltr'>πρῶ-</span> 
     </span>
    </p>
   </div>
   <div class='ocr_carea' id='block_1_83' title="bbox 437 4469 2085 4607">
    <p class='ocr_par' dir='ltr' id='par_1_83' title="bbox 437 4469 2085 4607">
     <span class='ocr_line' id='line_1_84' title="bbox 504 4469 2085 4598; baseline 0.001 -73"><span class='ocrx_word' id='word_1_582' title='bbox 504 4472 615 4545; x_wconf 86' lang='grc'>(89)</span> <span class='ocrx_word' id='word_1_583' title='bbox 648 4471 987 4598; x_wconf 50' lang='grc' dir='ltr'>Ὲοσθεῖναι.</span> <span class='ocrx_word' id='word_1_584' title='bbox 1021 4494 1050 4523; x_wconf 76' lang='grc' dir='ltr'><strong>ιι</strong></span> <span class='ocrx_word' id='word_1_585' title='bbox 1085 4473 1259 4547; x_wconf 82' lang='lat' dir='ltr'><strong>Lego,</strong></span> <span class='ocrx_word' id='word_1_586' title='bbox 1292 4494 1321 4523; x_wconf 90' lang='lat'>»</span> <span class='ocrx_word' id='word_1_587' title='bbox 1354 4472 1435 4529; x_wconf 83' lang='lat' dir='ltr'><strong>ait</strong></span> <span class='ocrx_word' id='word_1_588' title='bbox 1462 4472 1759 4542; x_wconf 81' lang='lat' dir='ltr'><strong>Heinsius,</strong></span> <span class='ocrx_word' id='word_1_589' title='bbox 1795 4469 1885 4527; x_wconf 70' lang='grc' dir='ltr'><strong>οὖν</strong></span> <span class='ocrx_word' id='word_1_590' title='bbox 1916 4491 2085 4547; x_wconf 87' lang='grc' dir='ltr'>προσ-</span> 
     </span>
     <span class='ocr_line' id='line_1_85' title="bbox 437 4545 802 4607; baseline 0 -9"><span class='ocrx_word' id='word_1_591' title='bbox 437 4545 603 4598; x_wconf 87' lang='grc' dir='ltr'>θεῖναι</span> <span class='ocrx_word' id='word_1_592' title='bbox 638 4554 665 4607; x_wconf 83' lang='grc' dir='ltr'><strong>θ</strong></span> <span class='ocrx_word' id='word_1_593' title='bbox 737 4564 802 4598; x_wconf 89' lang='grc' dir='ltr'><strong>ω.</strong></span> 
     </span>
    </p>
   </div>
   <div class='ocr_carea' id='block_1_84' title="bbox 471 4563 802 4598">
    <p class='ocr_par' dir='ltr' id='par_1_84' title="bbox 471 4563 802 4598">
     <span class='ocr_line' id='line_1_86' title="bbox 471 4563 802 4598; baseline 0.003 -1"><span class='ocrx_word' id='word_1_594' title='bbox 471 4563 603 4597; x_wconf 89' lang='grc' dir='ltr'>ειναι</span> <span class='ocrx_word' id='word_1_595' title='bbox 638 4563 802 4598; x_wconf 71' lang='grc' dir='ltr'>θεΛω.</span> 
     </span>
    </p>
   </div>
   <div class='ocr_carea' id='block_1_85' title="bbox 504 4612 2085 4702">
    <p class='ocr_par' dir='ltr' id='par_1_85' title="bbox 504 4612 2085 4702">
     <span class='ocr_line' id='line_1_87' title="bbox 504 4612 2085 4702; baseline 0.001 -33"><span class='ocrx_word' id='word_1_596' title='bbox 504 4617 619 4702; x_wconf 72' lang='lat'>(90)</span> <span class='ocrx_word' id='word_1_597' title='bbox 680 4612 941 4688; x_wconf 86' lang='grc' dir='ltr'>Σταθμία.</span> <span class='ocrx_word' id='word_1_598' title='bbox 991 4616 1135 4671; x_wconf 90' lang='lat' dir='ltr'><strong>Tres</strong></span> <span class='ocrx_word' id='word_1_599' title='bbox 1192 4615 1333 4688; x_wconf 84' lang='lat' dir='ltr'><strong>Reg.</strong></span> <span class='ocrx_word' id='word_1_600' title='bbox 1391 4615 1547 4671; x_wconf 83' lang='lat' dir='ltr'><strong>Colb.</strong></span> <span class='ocrx_word' id='word_1_601' title='bbox 1606 4615 1663 4686; x_wconf 86' lang='lat' dir='ltr'><strong>k,</strong></span> <span class='ocrx_word' id='word_1_602' title='bbox 1725 4616 1821 4671; x_wconf 85' lang='lat' dir='ltr'><strong>Or.</strong></span> <span class='ocrx_word' id='word_1_603' title='bbox 1871 4615 2085 4684; x_wconf 80' lang='grc' dir='ltr'>4,στα-</span> 
     </span>
    </p>
   </div>
   <div class='ocr_carea' id='block_1_86' title="bbox 514 4707 546 4740">
    <p class='ocr_par' dir='ltr' id='par_1_86' title="bbox 514 4707 546 4740">
     <span class='ocr_line' id='line_1_88' title="bbox 514 4707 546 4740; baseline 0 0"><span class='ocrx_word' id='word_1_604' title='bbox 514 4707 546 4740; x_wconf 83' lang='grc' dir='ltr'><strong>α</strong></span> 
     </span>
    </p>
   </div>
   <div class='ocr_carea' id='block_1_87' title="bbox 472 4708 2087 4832">
    <p class='ocr_par' dir='ltr' id='par_1_87' title="bbox 472 4708 2087 4832">
     <span class='ocr_line' id='line_1_89' title="bbox 472 4708 2087 4832; baseline 0 -17"><span class='ocrx_word' id='word_1_605' title='bbox 472 4708 619 4831; x_wconf 49' lang='lat' dir='ltr'><strong>pl(094)</strong></span> <span class='ocrx_word' id='word_1_606' title='bbox 653 4755 926 4832; x_wconf 56' lang='grc' dir='ltr'><strong>Ιζζονηρίιιιἒ</strong></span> <span class='ocrx_word' id='word_1_607' title='bbox 946 4757 1009 4812; x_wconf 89' lang='lat' dir='ltr'><strong>In</strong></span> <span class='ocrx_word' id='word_1_608' title='bbox 1043 4757 1221 4832; x_wconf 78' lang='lat' dir='ltr'><strong>Mpnt.</strong></span> <span class='ocrx_word' id='word_1_609' title='bbox 1257 4775 1346 4830; x_wconf 87' lang='grc' dir='ltr'><strong>γρ.</strong></span> <span class='ocrx_word' id='word_1_610' title='bbox 1378 4755 1634 4832; x_wconf 72' lang='grc' dir='ltr'>πονηρίᾳ,</span> <span class='ocrx_word' id='word_1_611' title='bbox 1680 4759 1836 4830; x_wconf 89' lang='lat' dir='ltr'><strong>quod</strong></span> <span class='ocrx_word' id='word_1_612' title='bbox 1868 4758 2087 4816; x_wconf 79' lang='lat' dir='ltr'><strong>habent</strong></span> 
     </span>
    </p>
   </div>
   <div class='ocr_carea' id='block_1_88' title="bbox 434 4828 2086 4887">
    <p class='ocr_par' dir='ltr' id='par_1_88' title="bbox 434 4828 2086 4887">
     <span class='ocr_line' id='line_1_90' title="bbox 434 4828 2086 4887; baseline 0.001 -1"><span class='ocrx_word' id='word_1_613' title='bbox 434 4831 563 4887; x_wconf 87' lang='lat' dir='ltr'><strong>Ald.</strong></span> <span class='ocrx_word' id='word_1_614' title='bbox 595 4828 653 4886; x_wconf 85' lang='lat' dir='ltr'><strong>et</strong></span> <span class='ocrx_word' id='word_1_615' title='bbox 680 4828 848 4885; x_wconf 81' lang='lat' dir='ltr'><strong>Herv.</strong></span> <span class='ocrx_word' id='word_1_616' title='bbox 882 4830 1047 4884; x_wconf 83' lang='lat' dir='ltr'><strong>Hunc</strong></span> <span class='ocrx_word' id='word_1_617' title='bbox 1095 4828 1303 4885; x_wconf 83' lang='lat' dir='ltr'><strong>locum</strong></span> <span class='ocrx_word' id='word_1_618' title='bbox 1342 4828 1427 4885; x_wconf 92' lang='lat' dir='ltr'><strong>sic</strong></span> <span class='ocrx_word' id='word_1_619' title='bbox 1474 4828 1667 4886; x_wconf 88' lang='lat' dir='ltr'><strong>reddit</strong></span> <span class='ocrx_word' id='word_1_620' title='bbox 1696 4828 1909 4886; x_wconf 50' lang='lat' dir='ltr'><strong>&#39;Comb.</strong></span> <span class='ocrx_word' id='word_1_621' title='bbox 1964 4853 1992 4882; x_wconf 84' lang='lat'><strong>«</strong></span> <span class='ocrx_word' id='word_1_622' title='bbox 2020 4836 2086 4887; x_wconf 89' lang='lat' dir='ltr'><strong>Et</strong></span> 
     </span>
    </p>
   </div>
   <div class='ocr_carea' id='block_1_89' title="bbox 437 4900 2081 4975">
    <p class='ocr_par' dir='ltr' id='par_1_89' title="bbox 437 4900 2081 4975">
     <span class='ocr_line' id='line_1_91' title="bbox 437 4900 2081 4975; baseline 0.002 -18"><span class='ocrx_word' id='word_1_623' title='bbox 437 4904 653 4975; x_wconf 84' lang='lat' dir='ltr'><strong>quibus</strong></span> <span class='ocrx_word' id='word_1_624' title='bbox 684 4900 969 4975; x_wconf 81' lang='lat' dir='ltr'><strong>iniquitas</strong></span> <span class='ocrx_word' id='word_1_625' title='bbox 1001 4901 1339 4972; x_wconf 80' lang='lat' dir='ltr'><strong>rependitur</strong></span> <span class='ocrx_word' id='word_1_626' title='bbox 1368 4903 1626 4973; x_wconf 90' lang='lat' dir='ltr'><strong>pondera</strong></span> <span class='ocrx_word' id='word_1_627' title='bbox 1656 4903 2081 4975; x_wconf 88' lang='lat' dir='ltr'><strong>appendamus,</strong></span> 
     </span>
    </p>
   </div>
   <div class='ocr_carea' id='block_1_90' title="bbox 437 4972 1104 5047">
    <p class='ocr_par' dir='ltr' id='par_1_90' title="bbox 437 4972 1104 5047">
     <span class='ocr_line' id='line_1_92' title="bbox 437 4972 1104 5047; baseline 0 -19"><span class='ocrx_word' id='word_1_628' title='bbox 437 4972 567 5047; x_wconf 72' lang='lat' dir='ltr'><strong>ipsa</strong></span> <span class='ocrx_word' id='word_1_629' title='bbox 597 4972 901 5047; x_wconf 75' lang='lat' dir='ltr'><strong>nimirum,</strong></span> <span class='ocrx_word' id='word_1_630' title='bbox 934 4994 969 5047; x_wconf 57' lang='grc' dir='ltr'><strong>ξ</strong></span> <span class='ocrx_word' id='word_1_631' title='bbox 993 4976 1104 5028; x_wconf 88' lang='lat' dir='ltr'><strong>etc.</strong></span> 
     </span>
    </p>
   </div>
   <div class='ocr_carea' id='block_1_91' title="bbox 505 5042 2082 5117">
    <p class='ocr_par' dir='ltr' id='par_1_91' title="bbox 505 5042 2082 5117">
     <span class='ocr_line' id='line_1_93' title="bbox 505 5042 2082 5117; baseline 0.001 -18"><span class='ocrx_word' id='word_1_632' title='bbox 505 5046 615 5117; x_wconf 89' lang='lat'>(02)</span> <span class='ocrx_word' id='word_1_633' title='bbox 646 5042 1065 5117; x_wconf 60' lang='lat' dir='ltr'><strong>Ai’notlev._Seg&#39;</strong></span> <span class='ocrx_word' id='word_1_634' title='bbox 1104 5060 1161 5116; x_wconf 93' lang='lat' dir='ltr'><strong>q,</strong></span> <span class='ocrx_word' id='word_1_635' title='bbox 1193 5043 1351 5117; x_wconf 79' lang='lat' dir='ltr'><strong>Colb.</strong></span> <span class='ocrx_word' id='word_1_636' title='bbox 1392 5045 1447 5113; x_wconf 90' lang='lat'><strong>3,</strong></span> <span class='ocrx_word' id='word_1_637' title='bbox 1496 5043 1705 5101; x_wconf 81' lang='grc' dir='ltr'>αὐτίκα.</span> <span class='ocrx_word' id='word_1_638' title='bbox 1757 5046 1854 5102; x_wconf 83' lang='lat' dir='ltr'><strong>Or.</strong></span> <span class='ocrx_word' id='word_1_639' title='bbox 1908 5047 1962 5112; x_wconf 86' lang='grc'><strong>1,</strong></span> <span class='ocrx_word' id='word_1_640' title='bbox 2011 5046 2082 5101; x_wconf 89' lang='lat' dir='ltr'><strong>ad</strong></span> 
     </span>
    </p>
   </div>
   <div class='ocr_carea' id='block_1_92' title="bbox 437 5113 2081 5205">
    <p class='ocr_par' dir='ltr' id='par_1_92' title="bbox 437 5113 2081 5205">
     <span class='ocr_line' id='line_1_94' title="bbox 437 5113 2081 5205; baseline 0.001 -33"><span class='ocrx_word' id='word_1_641' title='bbox 437 5113 640 5205; x_wconf 64' lang='lat' dir='ltr'><strong>uniti-g&#39;.~</strong></span> <span class='ocrx_word' id='word_1_642' title='bbox 656 5113 874 5170; x_wconf 78' lang='grc' dir='ltr'>αὐτόθεν</span> <span class='ocrx_word' id='word_1_643' title='bbox 902 5113 1212 5171; x_wconf 60' lang='grc' dir='ltr'>ἀπαντῶσα.</span> <span class='ocrx_word' id='word_1_644' title='bbox 1272 5116 1451 5172; x_wconf 91' lang='lat' dir='ltr'><strong>Mont.</strong></span> <span class='ocrx_word' id='word_1_645' title='bbox 1502 5122 1702 5174; x_wconf 90' lang='lat' dir='ltr'><strong>censet</strong></span> <span class='ocrx_word' id='word_1_646' title='bbox 1747 5117 2081 5190; x_wconf 86' lang='lat' dir='ltr'><strong>legendum,</strong></span> 
     </span>
    </p>
   </div>
   <div class='ocr_carea' id='block_1_93' title="bbox 436 5208 773 5244">
    <p class='ocr_par' dir='ltr' id='par_1_93' title="bbox 436 5208 773 5244">
     <span class='ocr_line' id='line_1_95' title="bbox 436 5208 773 5244; baseline 0.003 -1"><span class='ocrx_word' id='word_1_647' title='bbox 436 5208 773 5244; x_wconf 88' lang='grc' dir='ltr'>απαντωντα.</span> 
     </span>
    </p>
   </div>
   <div class='ocr_carea' id='block_1_94' title="bbox 506 5254 1635 5332">
    <p class='ocr_par' dir='ltr' id='par_1_94' title="bbox 506 5254 1635 5332">
     <span class='ocr_line' id='line_1_96' title="bbox 506 5254 1635 5332; baseline -0.007 -15"><span class='ocrx_word' id='word_1_648' title='bbox 506 5262 619 5332; x_wconf 86' lang='grc'>(93)</span> <span class='ocrx_word' id='word_1_649' title='bbox 646 5257 977 5332; x_wconf 81' lang='grc' dir='ltr'>Ἣμετὲρων.</span> <span class='ocrx_word' id='word_1_650' title='bbox 1011 5279 1039 5308; x_wconf 87' lang='grc'><strong>‹‹</strong></span> <span class='ocrx_word' id='word_1_651' title='bbox 1073 5257 1334 5332; x_wconf 60' lang='lat' dir='ltr'><strong>subaudi</strong></span> <span class='ocrx_word' id='word_1_652' title='bbox 1366 5254 1570 5332; x_wconf 87' lang='grc' dir='ltr'>λόγων,</span> <span class='ocrx_word' id='word_1_653' title='bbox 1606 5281 1635 5309; x_wconf 82' lang='grc'><strong>››</strong></span> 
     </span>
    </p>
   </div>
   <div class='ocr_carea' id='block_1_95' title="bbox 436 5329 1416 5404">
    <p class='ocr_par' dir='ltr' id='par_1_95' title="bbox 436 5329 1416 5404">
     <span class='ocr_line' id='line_1_97' title="bbox 436 5329 1416 5404; baseline -0.003 -21"><span class='ocrx_word' id='word_1_654' title='bbox 436 5353 464 5383; x_wconf 79' lang='lat' dir='ltr'><strong>u</strong></span> <span class='ocrx_word' id='word_1_655' title='bbox 496 5329 612 5389; x_wconf 83' lang='lat' dir='ltr'><strong>non</strong></span> <span class='ocrx_word' id='word_1_656' title='bbox 643 5329 1002 5404; x_wconf 71' lang='grc' dir='ltr'>πραγμάτων,</span> <span class='ocrx_word' id='word_1_657' title='bbox 1035 5334 1100 5404; x_wconf 79' lang='lat' dir='ltr'><strong>ut</strong></span> <span class='ocrx_word' id='word_1_658' title='bbox 1129 5329 1416 5404; x_wconf 82' lang='lat' dir='ltr'><strong>Billius._»</strong></span> 
     </span>
    </p>
   </div>
   <div class='ocr_carea' id='block_1_96' title="bbox 504 5351 2083 5475">
    <p class='ocr_par' dir='ltr' id='par_1_96' title="bbox 504 5351 2083 5475">
     <span class='ocr_line' id='line_1_98' title="bbox 504 5351 1416 5404; baseline -0.008 -17"><span class='ocrx_word' id='word_1_659' title='bbox 504 5351 612 5389; x_wconf 89' lang='lat' dir='ltr'><strong>non</strong></span> <span class='ocrx_word' id='word_1_660' title='bbox 643 5353 684 5386; x_wconf 88' lang='grc' dir='ltr'><strong>π</strong></span> <span class='ocrx_word' id='word_1_661' title='bbox 721 5351 1002 5404; x_wconf 82' lang='grc' dir='ltr'>αγματων,</span> <span class='ocrx_word' id='word_1_662' title='bbox 1036 5351 1100 5385; x_wconf 81' lang='grc' dir='ltr'>ιιι</span> <span class='ocrx_word' id='word_1_663' title='bbox 1130 5351 1354 5385; x_wconf 76' lang='grc' dir='ltr'>ῠιιιιυδ.</span> <span class='ocrx_word' id='word_1_664' title='bbox 1387 5351 1416 5381; x_wconf 86' lang='grc'><strong>››</strong></span> 
     </span>
     <span class='ocr_line' id='line_1_99' title="bbox 504 5351 2083 5475; baseline -0.003 -17"><span class='ocrx_word' id='word_1_665' title='bbox 504 5407 615 5475; x_wconf 76' lang='grc'>(94)</span> <span class='ocrx_word' id='word_1_666' title='bbox 646 5351 741 5464; x_wconf 42' lang='lat' dir='ltr'><strong>Oi;</strong></span> <span class='ocrx_word' id='word_1_667' title='bbox 772 5401 932 5475; x_wconf 63' lang='grc' dir='ltr'>αὐτὸς</span> <span class='ocrx_word' id='word_1_668' title='bbox 964 5400 1251 5475; x_wconf 61' lang='grc' dir='ltr'>ἐπίσταται</span> <span class='ocrx_word' id='word_1_669' title='bbox 1295 5400 1545 5475; x_wconf 65' lang='grc' dir='ltr'>μέτροις.</span> <span class='ocrx_word' id='word_1_670' title='bbox 1595 5402 1777 5475; x_wconf 76' lang='lat' dir='ltr'><strong>Oxon.</strong></span> <span class='ocrx_word' id='word_1_671' title='bbox 1835 5400 1923 5454; x_wconf 84' lang='grc' dir='ltr'><strong>καὶ</strong></span> <span class='ocrx_word' id='word_1_672' title='bbox 1966 5402 2083 5475; x_wconf 78' lang='grc' dir='ltr'>οἷς.</span> 
     </span>
    </p>
   </div>
   <div class='ocr_carea' id='block_1_97' title="bbox 435 5471 2081 5548">
    <p class='ocr_par' dir='ltr' id='par_1_97' title="bbox 435 5471 2081 5548">
     <span class='ocr_line' id='line_1_100' title="bbox 435 5471 2081 5548; baseline -0.002 -16"><span class='ocrx_word' id='word_1_673' title='bbox 435 5471 605 5532; x_wconf 70' lang='lat' dir='ltr'><strong>Pass.</strong></span> <span class='ocrx_word' id='word_1_674' title='bbox 638 5473 878 5547; x_wconf 86' lang='grc' dir='ltr'>μάστιξιν</span> <span class='ocrx_word' id='word_1_675' title='bbox 911 5474 995 5535; x_wconf 81' lang='grc' dir='ltr'>αῖς</span> <span class='ocrx_word' id='word_1_676' title='bbox 1027 5471 1187 5548; x_wconf 75' lang='grc' dir='ltr'>αὐτὸς</span> <span class='ocrx_word' id='word_1_677' title='bbox 1219 5471 1634 5548; x_wconf 32' lang='grc' dir='ltr'>ἐπίσταταιζκαί</span> <span class='ocrx_word' id='word_1_678' title='bbox 1677 5473 1784 5548; x_wconf 28' lang='grc' dir='ltr'>οἷς-</span> <span class='ocrx_word' id='word_1_679' title='bbox 1820 5472 2081 5548; x_wconf 85' lang='grc' dir='ltr'>μετρίοις.</span> 
     </span>
    </p>
   </div>
   <div class='ocr_carea' id='block_1_98' title="bbox 434 5545 2086 5618">
    <p class='ocr_par' dir='ltr' id='par_1_98' title="bbox 434 5545 2086 5618">
     <span class='ocr_line' id='line_1_101' title="bbox 434 5545 2086 5618; baseline -0.001 -16"><span class='ocrx_word' id='word_1_680' title='bbox 434 5548 529 5602; x_wconf 86' lang='lat' dir='ltr'><strong>Sic</strong></span> <span class='ocrx_word' id='word_1_681' title='bbox 561 5545 736 5605; x_wconf 85' lang='lat' dir='ltr'><strong>etiam</strong></span> <span class='ocrx_word' id='word_1_682' title='bbox 766 5548 971 5604; x_wconf 89' lang='lat' dir='ltr'><strong>Comb.</strong></span> <span class='ocrx_word' id='word_1_683' title='bbox 1033 5546 1133 5618; x_wconf 92' lang='lat' dir='ltr'><strong>qui</strong></span> <span class='ocrx_word' id='word_1_684' title='bbox 1175 5545 1347 5601; x_wconf 89' lang='lat' dir='ltr'><strong>vertit</strong></span> <span class='ocrx_word' id='word_1_685' title='bbox 1368 5562 1391 5618; x_wconf 77' lang='lat'><strong>:_</strong></span> <span class='ocrx_word' id='word_1_686' title='bbox 1431 5558 1460 5595; x_wconf 76' lang='lat'><em>«</em></span> <span class='ocrx_word' id='word_1_687' title='bbox 1484 5545 1732 5618; x_wconf 65' lang='lat' dir='ltr'><strong>Quibus</strong></span> <span class='ocrx_word' id='word_1_688' title='bbox 1772 5545 1898 5617; x_wconf 91' lang='lat' dir='ltr'><strong>ipse</strong></span> <span class='ocrx_word' id='word_1_689' title='bbox 1925 5545 2086 5601; x_wconf 86' lang='lat' dir='ltr'><strong>novit</strong></span> 
     </span>
    </p>
   </div>
   <div class='ocr_carea' id='block_1_99' title="bbox 441 5615 1833 5692">
    <p class='ocr_par' dir='ltr' id='par_1_99' title="bbox 441 5615 1833 5692">
     <span class='ocr_line' id='line_1_102' title="bbox 441 5615 1833 5692; baseline -0.006 -18"><span class='ocrx_word' id='word_1_690' title='bbox 441 5620 639 5692; x_wconf 86' lang='lat' dir='ltr'><strong>ﬂagris</strong></span> <span class='ocrx_word' id='word_1_691' title='bbox 669 5626 725 5676; x_wconf 88' lang='lat' dir='ltr'><strong>et</strong></span> <span class='ocrx_word' id='word_1_692' title='bbox 756 5620 981 5692; x_wconf 84' lang='lat' dir='ltr'><strong>quibus</strong></span> <span class='ocrx_word' id='word_1_693' title='bbox 1004 5615 1530 5692; x_wconf 58' lang='lat' dir='ltr'><strong>animadversionis</strong></span> <span class='ocrx_word' id='word_1_694' title='bbox 1555 5618 1774 5692; x_wconf 80' lang='lat' dir='ltr'><strong>modis.</strong></span> <span class='ocrx_word' id='word_1_695' title='bbox 1796 5615 1833 5667; x_wconf 63' lang='grc' dir='ltr'><strong>Β)</strong></span> 
     </span>
    </p>
   </div>
   <div class='ocr_carea' id='block_1_100' title="bbox 477 5687 2085 5819">
    <p class='ocr_par' dir='ltr' id='par_1_100' title="bbox 477 5687 2085 5819">
     <span class='ocr_line' id='line_1_103' title="bbox 477 5687 2085 5819; baseline -0.005 -69"><span class='ocrx_word' id='word_1_696' title='bbox 477 5687 625 5819; x_wconf 57' lang='lat' dir='ltr'><strong>ff(i955)</strong></span> <span class='ocrx_word' id='word_1_697' title='bbox 655 5687 1068 5765; x_wconf 67' lang='grc' dir='ltr'>Παραπλησίας.</span> <span class='ocrx_word' id='word_1_698' title='bbox 1118 5710 1147 5741; x_wconf 78' lang='grc' dir='ltr'>ι(</span> <span class='ocrx_word' id='word_1_699' title='bbox 1180 5687 1432 5779; x_wconf 66' lang='lat' dir='ltr'><strong>Flagella</strong></span> <span class='ocrx_word' id='word_1_700' title='bbox 1455 5688 1775 5745; x_wconf 91' lang='lat' dir='ltr'><strong>sceleribus</strong></span> <span class='ocrx_word' id='word_1_701' title='bbox 1807 5688 2085 5761; x_wconf 88' lang='lat' dir='ltr'><strong>ausisque</strong></span> 
     </span>
     <span class='ocr_line' id='line_1_104' title="bbox 544 5781 726 5819; baseline -0.022 0"><span class='ocrx_word' id='word_1_702' title='bbox 544 5781 661 5819; x_wconf 88' lang='lat' dir='ltr'><strong>ma.</strong></span> <span class='ocrx_word' id='word_1_703' title='bbox 695 5788 726 5815; x_wconf 80' lang='lat'><strong>»</strong></span> 
     </span>
    </p>
   </div>
   <div class='ocr_carea' id='block_1_101' title="bbox 438 5779 726 5820">
    <p class='ocr_par' dir='ltr' id='par_1_101' title="bbox 438 5779 726 5820">
     <span class='ocr_line' id='line_1_105' title="bbox 438 5779 726 5820; baseline -0.014 -1"><span class='ocrx_word' id='word_1_704' title='bbox 438 5779 661 5820; x_wconf 67' lang='grc'><strong>81111118.</strong></span> <span class='ocrx_word' id='word_1_705' title='bbox 695 5788 726 5815; x_wconf 77' lang='grc'>)›</span> 
     </span>
    </p>
   </div>
   <div class='ocr_carea' id='block_1_102' title="bbox 510 5827 2083 5909">
    <p class='ocr_par' dir='ltr' id='par_1_102' title="bbox 510 5827 2083 5909">
     <span class='ocr_line' id='line_1_106' title="bbox 510 5827 2083 5909; baseline -0.003 -18"><span class='ocrx_word' id='word_1_706' title='bbox 510 5837 621 5909; x_wconf 87' lang='grc'>(96)</span> <span class='ocrx_word' id='word_1_707' title='bbox 652 5836 729 5889; x_wconf 87' lang='grc' dir='ltr'><strong>Δι’</strong></span> <span class='ocrx_word' id='word_1_708' title='bbox 780 5827 1089 5907; x_wconf 80' lang='grc' dir='ltr'>ὀνειράτων.</span> <span class='ocrx_word' id='word_1_709' title='bbox 1140 5853 1169 5883; x_wconf 80' lang='grc' dir='ltr'>κ</span> <span class='ocrx_word' id='word_1_710' title='bbox 1217 5833 1327 5889; x_wconf 89' lang='lat' dir='ltr'><strong>Per</strong></span> <span class='ocrx_word' id='word_1_711' title='bbox 1356 5830 1668 5890; x_wconf 79' lang='lat' dir='ltr'><strong>insomnia.</strong></span> <span class='ocrx_word' id='word_1_712' title='bbox 1701 5852 1731 5883; x_wconf 86' lang='lat'><strong>»</strong></span> <span class='ocrx_word' id='word_1_713' title='bbox 1790 5831 1881 5889; x_wconf 85' lang='lat' dir='ltr'><strong>Sic</strong></span> <span class='ocrx_word' id='word_1_714' title='bbox 1911 5831 2083 5889; x_wconf 83' lang='lat' dir='ltr'><strong>casti-</strong></span> 
     </span>
    </p>
   </div>
   <div class='ocr_carea' id='block_1_103' title="bbox 1677 5259 2081 5330">
    <p class='ocr_par' dir='ltr' id='par_1_103' title="bbox 1677 5259 2081 5330">
     <span class='ocr_line' id='line_1_107' title="bbox 1677 5259 2081 5330; baseline -0.007 -15"><span class='ocrx_word' id='word_1_715' title='bbox 1677 5259 1870 5330; x_wconf 88' lang='lat' dir='ltr'><strong>inquit</strong></span> <span class='ocrx_word' id='word_1_716' title='bbox 1898 5260 2081 5316; x_wconf 90' lang='lat' dir='ltr'><strong>Mont.</strong></span> 
     </span>
    </p>
   </div>
   <div class='ocr_carea' id='block_1_104' title="bbox 2268 4174 3846 4233">
    <p class='ocr_par' dir='ltr' id='par_1_104' title="bbox 2268 4174 3846 4233">
     <span class='ocr_line' id='line_1_108' title="bbox 2268 4174 3846 4233; baseline -0.001 0"><span class='ocrx_word' id='word_1_717' title='bbox 2268 4178 2361 4233; x_wconf 92' lang='lat' dir='ltr'>III.</span> <span class='ocrx_word' id='word_1_718' title='bbox 2388 4176 2640 4233; x_wconf 86' lang='lat' dir='ltr'><strong>Furebat</strong></span> <span class='ocrx_word' id='word_1_719' title='bbox 2668 4174 2763 4233; x_wconf 91' lang='lat' dir='ltr'><strong>ille</strong></span> <span class='ocrx_word' id='word_1_720' title='bbox 2794 4175 2852 4231; x_wconf 92' lang='lat' dir='ltr'><strong>in</strong></span> <span class='ocrx_word' id='word_1_721' title='bbox 2884 4175 3009 4232; x_wconf 91' lang='lat' dir='ltr'><strong>dies</strong></span> <span class='ocrx_word' id='word_1_722' title='bbox 3054 4177 3334 4233; x_wconf 90' lang='lat' dir='ltr'><strong>adversus</strong></span> <span class='ocrx_word' id='word_1_723' title='bbox 3385 4193 3492 4232; x_wconf 87' lang='lat' dir='ltr'><strong>nos</strong></span> <span class='ocrx_word' id='word_1_724' title='bbox 3534 4175 3846 4233; x_wconf 86' lang='lat' dir='ltr'><strong>vehemen-</strong></span> 
     </span>
    </p>
   </div>
   <div class='ocr_carea' id='block_1_105' title="bbox 2197 4265 3844 4339">
    <p class='ocr_par' dir='ltr' id='par_1_105' title="bbox 2197 4265 3844 4339">
     <span class='ocr_line' id='line_1_109' title="bbox 2197 4265 3844 4339; baseline -0.001 -16"><span class='ocrx_word' id='word_1_725' title='bbox 2197 4265 2334 4339; x_wconf 87' lang='lat' dir='ltr'><strong>tius,</strong></span> <span class='ocrx_word' id='word_1_726' title='bbox 2369 4282 2485 4323; x_wconf 92' lang='lat' dir='ltr'><strong>non</strong></span> <span class='ocrx_word' id='word_1_727' title='bbox 2527 4281 2697 4324; x_wconf 89' lang='lat' dir='ltr'><strong>secus</strong></span> <span class='ocrx_word' id='word_1_728' title='bbox 2730 4282 2795 4322; x_wconf 90' lang='lat' dir='ltr'><strong>ac</strong></span> <span class='ocrx_word' id='word_1_729' title='bbox 2817 4266 3033 4323; x_wconf 88' lang='lat' dir='ltr'><strong>ﬂuctus</strong></span> <span class='ocrx_word' id='word_1_730' title='bbox 3073 4282 3250 4338; x_wconf 91' lang='lat' dir='ltr'><strong>super</strong></span> <span class='ocrx_word' id='word_1_731' title='bbox 3297 4267 3511 4323; x_wconf 88' lang='lat' dir='ltr'><strong>ﬂuctus</strong></span> <span class='ocrx_word' id='word_1_732' title='bbox 3562 4265 3844 4337; x_wconf 77' lang='lat' dir='ltr'><strong>excitans,</strong></span> 
     </span>
    </p>
   </div>
   <div class='ocr_carea' id='block_1_106' title="bbox 2234 4472 3848 4539">
    <p class='ocr_par' dir='ltr' id='par_1_106' title="bbox 2234 4472 3848 4539">
     <span class='ocr_line' id='line_1_110' title="bbox 2234 4472 3848 4539; baseline 0 -10"><span class='ocrx_word' id='word_1_733' title='bbox 2234 4476 2366 4529; x_wconf 92' lang='lat' dir='ltr'><strong>atus</strong></span> <span class='ocrx_word' id='word_1_734' title='bbox 2394 4475 2483 4529; x_wconf 90' lang='lat' dir='ltr'><strong>est</strong></span> <span class='ocrx_word' id='word_1_735' title='bbox 2512 4472 2846 4529; x_wconf 88' lang='lat' dir='ltr'><strong>Abimslech</strong></span> <span class='ocrx_word' id='word_1_736' title='bbox 2878 4487 2981 4528; x_wconf 83' lang='lat' dir='ltr'><strong>rex</strong></span> <span class='ocrx_word' id='word_1_737' title='bbox 3011 4472 3259 4539; x_wconf 85' lang='lat' dir='ltr'><strong>Gerarae,</strong></span> <span class='ocrx_word' id='word_1_738' title='bbox 3285 4489 3419 4530; x_wconf 91' lang='lat' dir='ltr'><strong>cum</strong></span> <span class='ocrx_word' id='word_1_739' title='bbox 3441 4475 3646 4530; x_wconf 89' lang='lat' dir='ltr'><strong>Saram</strong></span> <span class='ocrx_word' id='word_1_740' title='bbox 3667 4473 3848 4529; x_wconf 84' lang='lat' dir='ltr'><strong>Abra-</strong></span> 
     </span>
    </p>
   </div>
   <div class='ocr_carea' id='block_1_107' title="bbox 2237 4544 3243 4600">
    <p class='ocr_par' dir='ltr' id='par_1_107' title="bbox 2237 4544 3243 4600">
     <span class='ocr_line' id='line_1_111' title="bbox 2237 4544 3243 4600; baseline -0.001 0"><span class='ocrx_word' id='word_1_741' title='bbox 2237 4561 2281 4600; x_wconf 64' lang='grc' dir='ltr'>ω</span> <span class='ocrx_word' id='word_1_742' title='bbox 2313 4560 2551 4600; x_wconf 86' lang='lat' dir='ltr'><strong>uxorem</strong></span> <span class='ocrx_word' id='word_1_743' title='bbox 2584 4544 2941 4600; x_wconf 83' lang='lat' dir='ltr'><strong>abstulisset.</strong></span> <span class='ocrx_word' id='word_1_744' title='bbox 2974 4548 3115 4600; x_wconf 89' lang='lat' dir='ltr'><strong>Gen.</strong></span> <span class='ocrx_word' id='word_1_745' title='bbox 3149 4562 3243 4599; x_wconf 85' lang='lat' dir='ltr'><strong>xx.</strong></span> 
     </span>
    </p>
   </div>
   <div class='ocr_carea' id='block_1_108' title="bbox 2264 4612 3844 4689">
    <p class='ocr_par' dir='ltr' id='par_1_108' title="bbox 2264 4612 3844 4689">
     <span class='ocr_line' id='line_1_112' title="bbox 2264 4612 3844 4689; baseline 0.001 -20"><span class='ocrx_word' id='word_1_746' title='bbox 2264 4616 2379 4689; x_wconf 75' lang='grc'>(97)</span> <span class='ocrx_word' id='word_1_747' title='bbox 2412 4615 2538 4689; x_wconf 60' lang='grc' dir='ltr'><strong>[ςαξγ</strong></span> <span class='ocrx_word' id='word_1_748' title='bbox 2567 4612 2728 4689; x_wconf 76' lang='grc' dir='ltr'>ὕπαρ.</span> <span class='ocrx_word' id='word_1_749' title='bbox 2765 4638 2794 4689; x_wconf 59' lang='grc' dir='ltr'><strong>ιι</strong></span> <span class='ocrx_word' id='word_1_750' title='bbox 2826 4616 3116 4689; x_wconf 60' lang='lat' dir='ltr'><strong>verisque</strong></span> <span class='ocrx_word' id='word_1_751' title='bbox 3143 4616 3281 4689; x_wconf 84' lang='lat' dir='ltr'><strong>visis</strong></span> <span class='ocrx_word' id='word_1_752' title='bbox 3304 4616 3500 4672; x_wconf 91' lang='lat' dir='ltr'><strong>oblata</strong></span> <span class='ocrx_word' id='word_1_753' title='bbox 3529 4619 3777 4689; x_wconf 86' lang='lat' dir='ltr'><strong>speetra.</strong></span> <span class='ocrx_word' id='word_1_754' title='bbox 3815 4637 3844 4666; x_wconf 83' lang='grc'><strong>››</strong></span> 
     </span>
    </p>
   </div>
   <div class='ocr_carea' id='block_1_109' title="bbox 2116 4685 3846 4769">
    <p class='ocr_par' dir='ltr' id='par_1_109' title="bbox 2116 4685 3846 4769">
     <span class='ocr_line' id='line_1_113' title="bbox 2116 4685 3846 4769; baseline 0.002 -27"><span class='ocrx_word' id='word_1_755' title='bbox 2116 4693 2164 4758; x_wconf 88' lang='lat' dir='ltr'><strong>D</strong></span> <span class='ocrx_word' id='word_1_756' title='bbox 2194 4687 2371 4752; x_wconf 89' lang='lat' dir='ltr'><strong>Editi,</strong></span> <span class='ocrx_word' id='word_1_757' title='bbox 2418 4685 2717 4769; x_wconf 40' lang='lat' dir='ltr'><strong>imép..Si&#39;e</strong></span> <span class='ocrx_word' id='word_1_758' title='bbox 2766 4685 3107 4769; x_wconf 75' lang='lat' dir='ltr'><strong>Balthasaro</strong></span> <span class='ocrx_word' id='word_1_759' title='bbox 3154 4688 3499 4769; x_wconf 74' lang='lat' dir='ltr'><strong>impendens</strong></span> <span class='ocrx_word' id='word_1_760' title='bbox 3543 4685 3846 4745; x_wconf 71' lang='lat' dir='ltr'><strong>calamitas</strong></span> 
     </span>
    </p>
   </div>
   <div class='ocr_carea' id='block_1_110' title="bbox 2196 4759 3610 4832">
    <p class='ocr_par' dir='ltr' id='par_1_110' title="bbox 2196 4759 3610 4832">
     <span class='ocr_line' id='line_1_114' title="bbox 2196 4759 3610 4832; baseline -0.001 -18"><span class='ocrx_word' id='word_1_761' title='bbox 2196 4774 2303 4832; x_wconf 91' lang='lat' dir='ltr'><strong>per</strong></span> <span class='ocrx_word' id='word_1_762' title='bbox 2325 4775 2524 4832; x_wconf 86' lang='lat' dir='ltr'><strong>verum</strong></span> <span class='ocrx_word' id='word_1_763' title='bbox 2555 4759 2747 4832; x_wconf 64' lang='lat' dir='ltr'><strong>visum</strong></span> <span class='ocrx_word' id='word_1_764' title='bbox 2781 4759 3132 4832; x_wconf 63' lang='lat' dir='ltr'><strong>praesignata</strong></span> <span class='ocrx_word' id='word_1_765' title='bbox 3162 4759 3269 4815; x_wconf 79' lang='lat' dir='ltr'><strong>est.</strong></span> <span class='ocrx_word' id='word_1_766' title='bbox 3302 4759 3524 4815; x_wconf 90' lang='lat' dir='ltr'><strong>Daniel.</strong></span> <span class='ocrx_word' id='word_1_767' title='bbox 3557 4776 3610 4813; x_wconf 83' lang='grc' dir='ltr'><strong>ν.</strong></span> 
     </span>
    </p>
   </div>
   <div class='ocr_carea' id='block_1_111' title="bbox 2264 4823 3849 4904">
    <p class='ocr_par' dir='ltr' id='par_1_111' title="bbox 2264 4823 3849 4904">
     <span class='ocr_line' id='line_1_115' title="bbox 2264 4823 3849 4904; baseline -0.001 -19"><span class='ocrx_word' id='word_1_768' title='bbox 2264 4831 2374 4900; x_wconf 91' lang='grc'>(98)</span> <span class='ocrx_word' id='word_1_769' title='bbox 2432 4823 2823 4903; x_wconf 71' lang='grc' dir='ltr'>Ἐξυϐρίσασιν.</span> <span class='ocrx_word' id='word_1_770' title='bbox 2884 4823 3023 4903; x_wconf 67' lang='lat' dir='ltr'><strong>Reg.</strong></span> <span class='ocrx_word' id='word_1_771' title='bbox 3105 4832 3144 4897; x_wconf 80' lang='grc' dir='ltr'><strong>Ι,</strong></span> <span class='ocrx_word' id='word_1_772' title='bbox 3218 4836 3274 4886; x_wconf 87' lang='lat' dir='ltr'><strong>et</strong></span> <span class='ocrx_word' id='word_1_773' title='bbox 3347 4836 3441 4886; x_wconf 69' lang='grc' dir='ltr'>ΟΡ.</span> <span class='ocrx_word' id='word_1_774' title='bbox 3521 4832 3571 4897; x_wconf 94' lang='grc'><strong>1,</strong></span> <span class='ocrx_word' id='word_1_775' title='bbox 3642 4823 3849 4904; x_wconf 78' lang='grc' dir='ltr'>ἐνυϐρί-</span> 
     </span>
    </p>
   </div>
   <div class='ocr_carea' id='block_1_112' title="bbox 2193 4920 2366 4957">
    <p class='ocr_par' dir='ltr' id='par_1_112' title="bbox 2193 4920 2366 4957">
     <span class='ocr_line' id='line_1_116' title="bbox 2193 4920 2366 4957; baseline 0.012 -2"><span class='ocrx_word' id='word_1_776' title='bbox 2193 4920 2366 4957; x_wconf 85' lang='grc' dir='ltr'>σασιν.</span> 
     </span>
    </p>
   </div>
   <div class='ocr_carea' id='block_1_113' title="bbox 2194 4970 3847 5117">
    <p class='ocr_par' dir='ltr' id='par_1_113' title="bbox 2194 4970 3847 5117">
     <span class='ocr_line' id='line_1_117' title="bbox 2264 4970 3841 5099; baseline -0.003 -71"><span class='ocrx_word' id='word_1_777' title='bbox 2264 4973 2379 5099; x_wconf 70' lang='lat'>(99)</span> <span class='ocrx_word' id='word_1_778' title='bbox 2426 4970 2728 5033; x_wconf 79' lang='grc' dir='ltr'>Μυστικοὺς</span> <span class='ocrx_word' id='word_1_779' title='bbox 2788 4973 3080 5047; x_wconf 76' lang='grc' dir='ltr'>κρατῆρας.</span> <span class='ocrx_word' id='word_1_780' title='bbox 3157 4998 3177 5024; x_wconf 77' lang='grc' dir='ltr'>ι</span> <span class='ocrx_word' id='word_1_781' title='bbox 3242 4972 3485 5044; x_wconf 83' lang='lat' dir='ltr'><strong>Mystica</strong></span> <span class='ocrx_word' id='word_1_782' title='bbox 3534 4970 3760 5043; x_wconf 86' lang='lat' dir='ltr'><strong>pocula.</strong></span> <span class='ocrx_word' id='word_1_783' title='bbox 3812 4993 3841 5023; x_wconf 69' lang='grc' dir='ltr'><strong><em>η</em></strong></span> 
     </span>
     <span class='ocr_line' id='line_1_118' title="bbox 2194 5042 3847 5117; baseline -0.001 -15"><span class='ocrx_word' id='word_1_784' title='bbox 2194 5046 2271 5102; x_wconf 89' lang='lat' dir='ltr'><strong>Ju</strong></span> <span class='ocrx_word' id='word_1_785' title='bbox 2300 5046 2468 5102; x_wconf 88' lang='lat' dir='ltr'><strong>ianus</strong></span> <span class='ocrx_word' id='word_1_786' title='bbox 2499 5046 2827 5117; x_wconf 71' lang='lat' dir='ltr'><strong>praefectus,</strong></span> <span class='ocrx_word' id='word_1_787' title='bbox 2857 5046 3147 5117; x_wconf 74' lang='lat' dir='ltr'><strong>Apostatae</strong></span> <span class='ocrx_word' id='word_1_788' title='bbox 3196 5043 3542 5117; x_wconf 87' lang='lat' dir='ltr'><strong>avunculus,</strong></span> <span class='ocrx_word' id='word_1_789' title='bbox 3595 5048 3650 5100; x_wconf 90' lang='lat' dir='ltr'><strong>et</strong></span> <span class='ocrx_word' id='word_1_790' title='bbox 3690 5042 3847 5101; x_wconf 83' lang='lat' dir='ltr'><strong>Felix</strong></span> 
     </span>
    </p>
   </div>
   <div class='ocr_carea' id='block_1_114' title="bbox 2194 5116 3845 5191">
    <p class='ocr_par' dir='ltr' id='par_1_114' title="bbox 2194 5116 3845 5191">
     <span class='ocr_line' id='line_1_119' title="bbox 2194 5116 3845 5191; baseline -0.001 -17"><span class='ocrx_word' id='word_1_791' title='bbox 2194 5117 2407 5191; x_wconf 88' lang='lat' dir='ltr'><strong>regalis</strong></span> <span class='ocrx_word' id='word_1_792' title='bbox 2438 5116 2620 5173; x_wconf 82' lang='lat' dir='ltr'><strong>aerarii</strong></span> <span class='ocrx_word' id='word_1_793' title='bbox 2649 5116 3063 5191; x_wconf 64' lang='lat' dir='ltr'><strong>quiestor,cum</strong></span> <span class='ocrx_word' id='word_1_794' title='bbox 3094 5122 3323 5191; x_wconf 85' lang='lat' dir='ltr'><strong>saerata</strong></span> <span class='ocrx_word' id='word_1_795' title='bbox 3352 5116 3467 5172; x_wconf 90' lang='lat' dir='ltr'><strong>Deo</strong></span> <span class='ocrx_word' id='word_1_796' title='bbox 3499 5132 3638 5191; x_wconf 80' lang='lat' dir='ltr'><strong>vasa</strong></span> <span class='ocrx_word' id='word_1_797' title='bbox 3664 5119 3845 5191; x_wconf 83' lang='lat' dir='ltr'><strong>teme-</strong></span> 
     </span>
    </p>
   </div>
   <div class='ocr_carea' id='block_1_115' title="bbox 2192 5188 3845 5261">
    <p class='ocr_par' dir='ltr' id='par_1_115' title="bbox 2192 5188 3845 5261">
     <span class='ocr_line' id='line_1_120' title="bbox 2192 5188 3845 5261; baseline -0.002 -16"><span class='ocrx_word' id='word_1_798' title='bbox 2192 5188 2444 5260; x_wconf 80' lang='lat' dir='ltr'><strong>rassent,</strong></span> <span class='ocrx_word' id='word_1_799' title='bbox 2478 5189 2767 5261; x_wconf 80' lang='lat' dir='ltr'><strong>extemplo</strong></span> <span class='ocrx_word' id='word_1_800' title='bbox 2798 5188 3063 5244; x_wconf 90' lang='lat' dir='ltr'><strong>horribili</strong></span> <span class='ocrx_word' id='word_1_801' title='bbox 3098 5189 3300 5244; x_wconf 90' lang='lat' dir='ltr'><strong>morbo</strong></span> <span class='ocrx_word' id='word_1_802' title='bbox 3331 5188 3845 5261; x_wconf 85' lang='lat' dir='ltr'><strong>correpti,_miser-</strong></span> 
     </span>
    </p>
   </div>
   <div class='ocr_carea' id='block_1_116' title="bbox 2195 5259 3840 5330">
    <p class='ocr_par' dir='ltr' id='par_1_116' title="bbox 2195 5259 3840 5330">
     <span class='ocr_line' id='line_1_121' title="bbox 2195 5259 3840 5330; baseline -0.002 -13"><span class='ocrx_word' id='word_1_803' title='bbox 2195 5262 2346 5317; x_wconf 91' lang='lat' dir='ltr'><strong>rima</strong></span> <span class='ocrx_word' id='word_1_804' title='bbox 2374 5259 2559 5317; x_wconf 86' lang='lat' dir='ltr'><strong>morte</strong></span> <span class='ocrx_word' id='word_1_805' title='bbox 2586 5260 2951 5316; x_wconf 85' lang='lat' dir='ltr'><strong>interierunt.</strong></span> <span class='ocrx_word' id='word_1_806' title='bbox 2990 5262 3127 5315; x_wconf 79' lang='lat' dir='ltr'><strong>Rem</strong></span> <span class='ocrx_word' id='word_1_807' title='bbox 3164 5265 3404 5316; x_wconf 86' lang='lat' dir='ltr'><strong>narrant</strong></span> <span class='ocrx_word' id='word_1_808' title='bbox 3432 5259 3669 5330; x_wconf 81' lang='lat' dir='ltr'><strong>Niceph.</strong></span> <span class='ocrx_word' id='word_1_809' title='bbox 3705 5261 3840 5314; x_wconf 73' lang='lat' dir='ltr'><strong>Hist.</strong></span> 
     </span>
    </p>
   </div>
   <div class='ocr_carea' id='block_1_117' title="bbox 2196 5332 3842 5403">
    <p class='ocr_par' dir='ltr' id='par_1_117' title="bbox 2196 5332 3842 5403">
     <span class='ocr_line' id='line_1_122' title="bbox 2196 5332 3842 5403; baseline 0 -18"><span class='ocrx_word' id='word_1_810' title='bbox 2196 5332 2234 5387; x_wconf 93' lang='grc'>1.</span> <span class='ocrx_word' id='word_1_811' title='bbox 2268 5351 2321 5400; x_wconf 85' lang='lat' dir='ltr'><strong>x,</strong></span> <span class='ocrx_word' id='word_1_812' title='bbox 2356 5350 2405 5388; x_wconf 92' lang='lat' dir='ltr'><strong>e.</strong></span> <span class='ocrx_word' id='word_1_813' title='bbox 2435 5333 2526 5403; x_wconf 86' lang='lat'>29,</span> <span class='ocrx_word' id='word_1_814' title='bbox 2560 5336 2624 5403; x_wconf 13' lang='grc' dir='ltr'><strong>γι.</strong></span> <span class='ocrx_word' id='word_1_815' title='bbox 2675 5333 2745 5398; x_wconf 88' lang='grc' dir='ltr'><strong>ΙΙ,</strong></span> <span class='ocrx_word' id='word_1_816' title='bbox 2801 5348 2932 5403; x_wconf 87' lang='lat' dir='ltr'><strong>pag.</strong></span> <span class='ocrx_word' id='word_1_817' title='bbox 2982 5333 3069 5403; x_wconf 77' lang='lat'><strong>67.</strong></span> <span class='ocrx_word' id='word_1_818' title='bbox 3121 5333 3571 5403; x_wconf 80' lang='lat' dir='ltr'><strong>Chrysostomus</strong></span> <span class='ocrx_word' id='word_1_819' title='bbox 3599 5347 3842 5403; x_wconf 84' lang='lat' dir='ltr'><strong>quoque</strong></span> 
     </span>
    </p>
   </div>
   <div class='ocr_carea' id='block_1_118' title="bbox 2194 5401 3839 5475">
    <p class='ocr_par' dir='ltr' id='par_1_118' title="bbox 2194 5401 3839 5475">
     <span class='ocr_line' id='line_1_123' title="bbox 2194 5401 3839 5475; baseline 0 -16"><span class='ocrx_word' id='word_1_820' title='bbox 2194 5404 2353 5475; x_wconf 88' lang='lat' dir='ltr'><strong>hom,</strong></span> <span class='ocrx_word' id='word_1_821' title='bbox 2385 5405 2437 5473; x_wconf 76' lang='grc'>4,</span> <span class='ocrx_word' id='word_1_822' title='bbox 2471 5401 2530 5458; x_wconf 87' lang='lat' dir='ltr'><strong>in</strong></span> <span class='ocrx_word' id='word_1_823' title='bbox 2556 5401 3056 5474; x_wconf 27' lang='lat' dir='ltr'><strong>laudem‘populi,</strong></span> <span class='ocrx_word' id='word_1_824' title='bbox 3105 5408 3163 5458; x_wconf 89' lang='lat' dir='ltr'><strong>et</strong></span> <span class='ocrx_word' id='word_1_825' title='bbox 3208 5401 3550 5459; x_wconf 89' lang='lat' dir='ltr'><strong>Theodoret.</strong></span> <span class='ocrx_word' id='word_1_826' title='bbox 3598 5401 3637 5457; x_wconf 91' lang='lat'><strong>1.</strong></span> <span class='ocrx_word' id='word_1_827' title='bbox 3673 5401 3839 5470; x_wconf 13' lang='lat'><strong>111,90.</strong></span> 
     </span>
    </p>
   </div>
   <div class='ocr_carea' id='block_1_119' title="bbox 2194 5476 3841 5617">
    <p class='ocr_par' dir='ltr' id='par_1_119' title="bbox 2194 5476 3841 5617">
     <span class='ocr_line' id='line_1_124' title="bbox 2194 5476 3841 5617; baseline -0.009 -14"><span class='ocrx_word' id='word_1_828' title='bbox 2194 5476 2339 5617; x_wconf 66' lang='lat'><strong>42(4)</strong></span> <span class='ocrx_word' id='word_1_829' title='bbox 2373 5542 2619 5613; x_wconf 76' lang='grc' dir='ltr'>Ἀνὲδην.</span> <span class='ocrx_word' id='word_1_830' title='bbox 2672 5545 2813 5602; x_wconf 91' lang='lat' dir='ltr'><strong>Mss.</strong></span> <span class='ocrx_word' id='word_1_831' title='bbox 2865 5562 2978 5601; x_wconf 91' lang='lat' dir='ltr'><strong>non</strong></span> <span class='ocrx_word' id='word_1_832' title='bbox 3029 5544 3217 5616; x_wconf 89' lang='lat' dir='ltr'><strong>pauci,</strong></span> <span class='ocrx_word' id='word_1_833' title='bbox 3272 5541 3516 5613; x_wconf 79' lang='grc' dir='ltr'>ἀναίδην,</span> <span class='ocrx_word' id='word_1_834' title='bbox 3570 5566 3596 5595; x_wconf 87' lang='grc'><em>‹‹</em></span> <span class='ocrx_word' id='word_1_835' title='bbox 3647 5543 3841 5617; x_wconf 78' lang='lat' dir='ltr'><strong>impu.</strong></span> 
     </span>
    </p>
   </div>
   <div class='ocr_carea' id='block_1_120' title="bbox 2194 5618 3557 5761">
    <p class='ocr_par' dir='ltr' id='par_1_120' title="bbox 2194 5618 3557 5761">
     <span class='ocr_line' id='line_1_125' title="bbox 2194 5618 2478 5673; baseline -0.025 -1"><span class='ocrx_word' id='word_1_836' title='bbox 2194 5618 2415 5673; x_wconf 89' lang='lat' dir='ltr'><strong>denter.</strong></span> <span class='ocrx_word' id='word_1_837' title='bbox 2449 5638 2478 5666; x_wconf 88' lang='grc'><strong>››</strong></span> 
     </span>
     <span class='ocr_line' id='line_1_126' title="bbox 2266 5680 3557 5761; baseline -0.002 -20"><span class='ocrx_word' id='word_1_838' title='bbox 2266 5690 2343 5759; x_wconf 83' lang='grc'>(2)</span> <span class='ocrx_word' id='word_1_839' title='bbox 2375 5684 2605 5761; x_wconf 71' lang='grc' dir='ltr'>Φανερά.</span> <span class='ocrx_word' id='word_1_840' title='bbox 2649 5691 2812 5761; x_wconf 72' lang='lat' dir='ltr'><strong>Pass.</strong></span> <span class='ocrx_word' id='word_1_841' title='bbox 2845 5680 3067 5761; x_wconf 63' lang='grc' dir='ltr'>ιεοϐερά.</span> <span class='ocrx_word' id='word_1_842' title='bbox 3105 5708 3143 5761; x_wconf 59' lang='grc' dir='ltr'>(ι</span> <span class='ocrx_word' id='word_1_843' title='bbox 3176 5689 3490 5761; x_wconf 81' lang='lat' dir='ltr'><strong>Horrenda.</strong></span> <span class='ocrx_word' id='word_1_844' title='bbox 3528 5710 3557 5739; x_wconf 87' lang='lat'><strong>»</strong></span> 
     </span>
    </p>
   </div>
   <div class='ocr_carea' id='block_1_121' title="bbox 2264 5706 3547 5834">
    <p class='ocr_par' dir='ltr' id='par_1_121' title="bbox 2264 5706 3547 5834">
     <span class='ocr_line' id='line_1_127' title="bbox 2266 5706 3547 5761; baseline -0.002 -20"><span class='ocrx_word' id='word_1_845' title='bbox 2266 5706 2343 5759; x_wconf 70' lang='grc' dir='ltr'>(ξι)</span> <span class='ocrx_word' id='word_1_846' title='bbox 2375 5706 2605 5761; x_wconf 81' lang='grc' dir='ltr'>φανερα.</span> <span class='ocrx_word' id='word_1_847' title='bbox 2652 5706 2812 5746; x_wconf 72' lang='lat' dir='ltr'><strong>Pass.</strong></span> <span class='ocrx_word' id='word_1_848' title='bbox 2886 5706 3067 5761; x_wconf 84' lang='grc' dir='ltr'>οοερα.</span> <span class='ocrx_word' id='word_1_849' title='bbox 3105 5708 3132 5737; x_wconf 86' lang='grc'><strong>‹‹</strong></span> <span class='ocrx_word' id='word_1_850' title='bbox 3177 5706 3490 5745; x_wconf 76' lang='lat' dir='ltr'><strong>Horrenda.</strong></span> <span class='ocrx_word' id='word_1_851' title='bbox 3528 5710 3547 5739; x_wconf 74' lang='lat'><strong>&gt;2</strong></span> 
     </span>
     <span class='ocr_line' id='line_1_128' title="bbox 2264 5706 3547 5834; baseline 0.002 -19"><span class='ocrx_word' id='word_1_852' title='bbox 2264 5762 2343 5830; x_wconf 88' lang='grc'>(3)</span> <span class='ocrx_word' id='word_1_853' title='bbox 2375 5757 2821 5833; x_wconf 85' lang='grc' dir='ltr'>Ὀνομαστότερα.</span> <span class='ocrx_word' id='word_1_854' title='bbox 2845 5706 2995 5833; x_wconf 56' lang='grc' dir='ltr'>ῗίθε.</span> <span class='ocrx_word' id='word_1_855' title='bbox 3030 5761 3087 5830; x_wconf 88' lang='lat' dir='ltr'><strong>b,</strong></span> <span class='ocrx_word' id='word_1_856' title='bbox 3123 5758 3547 5834; x_wconf 81' lang='grc' dir='ltr'>ὀνομαστότατα.</span> 
     </span>
    </p>
   </div>
  </div>
