4148 6290
352 353 472 413 667

1603 364 1669 423 S.
1716 363 2086 424 GREGORll
2129 365 2523 427 THEOLOGI

3646 364 3768 428 668

355 487 459 561 qui
489 488 548 543 in
570 488 830 561 seipsum
853 490 1110 561 primum
1132 491 1472 563 insanierat,
1504 497 1773 552 etsancta
1804 496 2009 569 protri-

2129 516 2209 550 τον
2244 498 2323 570 (4)
2356 496 2540 570 μανεὶς
2587 498 2677 551 καὶ
2724 497 2971 567 πατήσας
3020 494 3087 550 τὰ
3134 494 3280 571 ἅγια,
3330 494 3419 549 καὶ
3464 496 3527 549 τὸ
3560 500 3768 570 Πνεῦμ-

354 582 535 647 verat,
570 577 928 651 Spirituique
957 580 1154 651 gratiae
1184 583 1599 640 contumeliam
1630 585 1909 641 intulerat
1936 588 2001 643 ⁸⁸.

353 668 663 724 Joroboam
749 670 1011 740 apposite
1091 671 1451 743 dixerimus,
1519 678 1620 729 aut
1676 676 2001 731 Israelitam

353 757 577 825 Achab,
608 757 875 813 homines
900 758 1327 830 iniquissimos,
1352 767 1450 817 aut
1470 765 1802 835 [Egyptium
1834 765 1999 820 illum

353 846 739 913 Pharaonem,
790 853 890 901 aut
955 850 1259 921 Assyrium
1312 851 1867 925 Nabuchodonosor,
1918 854 2004 910 vel

355 937 474 991 haec
493 936 1324 1008 nmniacontrahentes,unum
1351 944 1810 1012 atqueeumdem
1825 943 2006 999 nomi-

356 1024 632 1081 nabimus
655 1026 1168 1099 :quandoquidem
1193 1045 1326 1084 eum
1350 1030 1615 1087 omnium
1633 1031 1776 1088 vitia
1796 1033 1854 1087 in
1879 1049 2005 1089 sese

355 1115 661 1187 collegisse
710 1120 960 1186 constat,
995 1118 1378 1174 defectionem
1425 1137 1635 1192 nempe
1662 1123 1814 1177 149
1837 1123 2001 1178 Jero-

354 1206 527 1260 boam
546 1204 1019 1273 ",crednlitatem
1034 1206 1230 1262 Achab
1244 1208 1587 1276 “,duritiem
1612 1211 1999 1267 Pharaonis”.

354 1294 726 1366 sacrilegium
762 1295 1432 1368 Nabuchodonosoris‘“,
1466 1300 1729 1355 omnium
1755 1301 2003 1374 denique

358 1385 416 1440 in
445 1401 629 1441 unum
663 1385 1039 1441 collectorum
1082 1386 1465 1459 impietatem.
1500 1390 1643 1445 Cum
1675 1396 1872 1447 autem
1904 1409 2005 1463 per

364 1474 510 1531 alias
540 1474 740 1530 omnia
760 1476 967 1530 fuisset
983 1482 1307 1549 grassatus,
1334 1482 1508 1550 atque
1535 1496 1706 1535 omne
1746 1480 2005 1553 tyranni-

360 1564 451 1621 dis
472 1565 534 1620 in
564 1581 672 1621 nos
695 1568 749 1620 et
781 1565 1148 1621 crudelitatis
1171 1583 1377 1639 genus,
1400 1573 1463 1623 ut
1484 1568 1605 1623 leve
1635 1574 1691 1624 et
1710 1571 2001 1641 abjectum

357 1654 808 1728 contempsisset
844 1655 972 1726 (nec
1002 1656 1156 1712 enim
1200 1656 1320 1712 ulla
1374 1675 1635 1730 unquam
1698 1667 1904 1715 natura
1931 1664 2001 1716 ad

355 1744 645 1801 malorum
685 1744 1079 1801 inventionem
1108 1745 1268 1803 illius
1328 1752 1537 1803 natura
1591 1750 1895 1805 fecundior
1948 1754 2007 1806 et

2110 593 2209 656 τῆς
2258 585 2483 662 χάριτος
2531 582 2826 660 ἐνυϐρίσας.
2872 580 3157 660 Ἰεροϐοάμ
3205 584 3372 640 εἲπεῖν
3414 583 3765 663 οἰκειότερον,

2112 677 2145 743 ἣ
2182 671 2392 750 Ἀχαάϐ
2422 678 2511 731 τὸν
2547 674 2891 751 Ἰσραηλίτην
2924 679 3024 745 (5),
3069 673 3193 736 τοὺς
3243 674 3767 750 παρανομωτάτους,

2112 766 2145 833 ἢ
2176 767 2377 840 Φαραὼ
2406 766 2496 820 τὸν
2529 765 2846 841 Αἰγύπτιον,
2887 766 2920 834 ἦ
2966 761 3453 840 Ναϐουχοδονόσορ
3501 766 3592 819 τὸν
3643 767 3767 822 Ἀσο

2115 854 2318 929 σύριον,
2370 856 2404 924 ἢ
2447 860 2615 910 ταῦτα
2659 854 2831 910 πάντα
2882 856 2959 929 (6)
3021 854 3351 924 συνελόντες,
3399 851 3491 908 ἕνα
3541 853 3631 909 καὶ
3675 857 3766 910 τὸν

2116 943 2271 998 αὐτὸν
2333 944 2672 1017 ὀνομάσομεν
2732 946 2807 1018 (7)
2843 964 2854 977 ·
2907 944 3022 999 ἐπεὶ
3071 943 3160 998 καὶ
3207 945 3302 1005 τὰς
3340 942 3550 998 πάντων
3580 944 3766 1007 κακίας

2115 1032 2189 1093 εἷς
2266 1033 2450 1087 ἑαυτὸν
2530 1032 2930 1106 συλλεξάμενος
3005 1031 3269 1111 φαίνεται,
3345 1028 3635 1109 Ἰεροϐοάμ
3671 1036 3770 1103 τήν

2116 1122 2464 1194 ἀποστασίαν,
2540 1117 2751 1197 Ἀχαάϐ
2806 1123 2906 1190 τὴν
2980 1119 3314 1199 μιαιφονίαν,
3392 1121 3595 1196 Φαραὼ
3666 1124 3766 1191 τὴν

2115 1210 2484 1287 σκληρότητα,
2516 1207 3009 1287 Ναϐουχοδονόσορ
3039 1213 3136 1281 τὴν
3186 1209 3510 1287 ἱεροσυλίαν,
3560 1212 3771 1266 πάντων

2115 1301 2256 1372 ὁμοῦ
2346 1303 2444 1369 τήν
2533 1296 2800 1357 ἀσέϐειαν.
2876 1300 3022 1355 Ἐπεῖ
3101 1298 3159 1354 δὲ
3233 1301 3405 1355 πάντα
3481 1297 3769 1372 διεξελθὼν

2112 1388 2289 1445 τᾶλλα
2320 1394 2416 1465 (8),
2449 1389 2539 1446 καῖ
2569 1397 2671 1446 πᾶν
2706 1388 2847 1453 εἶδος
2886 1396 2987 1459 τῆς
3042 1392 3158 1445 καθ’
3215 1392 3375 1463 ἡμῶν
3433 1389 3772 1465 τυραννίδος,

2114 1480 2190 1541 ὡς
2224 1480 2415 1554 μικρόν
2443 1503 2495 1536 τι
2527 1480 2615 1536 καὶ
2658 1480 2872 1554 ἀγεννὲς
2933 1479 3195 1553 ἀτιμάσας
3253 1479 3337 1553 (οὐ
3396 1479 3499 1554 γὰρ
3561 1479 3771 1554 ἐγένετο

2113 1570 2467 1645 ποριμωτέρα
2524 1569 2679 1647 φύσις
2739 1568 2949 1640 ἐκείνης
3019 1571 3096 1643 (9)
3168 1568 3243 1631 εἷς
3321 1573 3498 1623 κακῶν
3570 1566 3774 1644 εὕρεσιν

2112 1657 2200 1712 κκὶ
2234 1657 2516 1733 ἐπίνοιαν),
2569 1658 2732 1721 τέλος
2786 1658 3029 1736 ἐπαφῆκε
3071 1659 3163 1713 καὶ
3192 1659 3253 1713 τὸ
3288 1654 3564 1715 Ἰοτϐαίων
3599 1656 3771 1737 φῦλον

2112 1749 2247 1820 ἡμῖν
2277 1749 2376 1816 τὴν
2426 1746 2660 1803 παλαιάν
2710 1768 2770 1802 τε
2826 1747 3001 1802 αὐτῶν
3047 1746 3383 1823 κουφότητα,
3415 1746 3507 1802 καὶ
3537 1749 3597 1802 τὸ
3650 1734 3782 1812 καθ’

359 1834 599 1891 uberior
654 1833 785 1895 fuitl
844 1836 913 1889 ad
969 1841 1318 1908 extremum,
1378 1838 1713 1893 Judzecrum
1774 1856 2002 1911 quoque

2129 1839 2269 1910 WG»;
2304 1836 2501 1893 ἄνωθεν
2536 1836 2993 1912 ὑποσμυχόμενον
3043 1834 3093 1891 έν
3142 1837 3325 1898 αὐτοῖς
3381 1842 3539 1909 μῖσος
3588 1858 3776 1912 συνερα

2159 1928 2172 1942 \
2244 1926 2264 1942 κ
2320 1922 2381 1942 οε
2540 1931 2567 1941 ~
2770 1928 2779 1942 ο
3082 1925 3094 1942 Ι
3169 1928 3194 1942 Α
3267 1927 3317 1942 In
3451 1928 3555 1942 ΙιΛι
3681 1925 3742 1942 ἢ...

357 1925 654 1980 nationem
689 1923 746 1978 in
773 1941 878 1980 nos
911 1925 1179 1993 immisit,
1205 1930 1327 1982 tum
1353 1928 1528 1982 veteri
1552 1945 1752 1983 eorum
1778 1929 2005 1985 levitate

357 2016 484 2068 tum
515 2012 831 2069 inveterato
862 2014 1045 2068 nostri
1078 2014 1209 2069 odio
1240 2016 1297 2069 in
1348 2016 1612 2087 ipsorum
1674 2019 2007 2090 pectoribus

359 2102 510 2159 clam
543 2103 844 2174 ﬂagrante,
880 2103 947 2157 ad
983 2104 1061 2169 id,
1095 2105 1249 2175 quod
1286 2106 1656 2175 moliebatur,
1704 2108 2008 2179 perﬁcien-

360 2193 523 2255 dum.
550 2191 919 2264 adjutoribus
950 2210 1129 2262 usus;
1166 2194 1310 2265 ipsis
1356 2196 1637 2251 nimirum
1670 2198 1727 2251 in
1764 2197 2009 2268 patriam

359 2282 549 2338 redire
566 2282 1747 2357 aetempluminstaurare,patriorumque
1779 2287 2001 2341 rituum

358 2371 617 2444 vigorem
664 2388 961 2443 renovare,
1010 2388 1079 2428 ex
1135 2374 1397 2445 ipsorum
1448 2375 1672 2430 scilicet
1732 2376 1899 2431 libris
1957 2378 2015 2430 et

2115 1928 2210 2002 γὸν
2244 1922 2428 1981 λαϐὼν
2474 1931 2571 1981 τοῦ
2618 1928 3016 2003 τεχνάσματος,
3077 1925 3391 1995 ἑπιθειάζων
3447 1928 3561 1999 (10)
3588 1949 3646 1982 τε
3678 1925 3774 1996 δῆ-

2120 2018 2204 2069 θεν
2235 2016 2293 2069 ἐκ
2339 2020 2445 2069 τῶν
2502 2018 2630 2091 παρ’
2677 2016 2860 2079 αὐτοῖς
2913 2010 3118 2091 βίϐλων
3168 2016 3258 2069 καὶ
3298 2015 3648 2092 ἀπορρήτων,
3701 2017 3775 2078 ὡς

2122 2110 2215 2159 νῦν
2245 2104 2430 2167 αὐτοῖς
2474 2105 2828 2179 ἀποκείμενον
2883 2101 2965 2175 εἱίη
3013 2103 3290 2168 κατελθεῖν
3320 2104 3395 2167 εἰς
3454 2106 3554 2175 τὴν
3583 2105 3780 2160 ἑαυτῶν

2118 2194 2320 2249 καὶτὸν
2352 2196 2486 2249 νεὼν
2521 2192 2930 2268 ἀναδείμασθαι,
2962 2194 3049 2248 καὶ
3080 2198 3185 2249 τῶν
3214 2192 3458 2269 πατρίων
3490 2195 3553 2251 τὸ
3586 2194 3781 2271 κράτος

2122 2283 2543 2353 ἀνανεώσασθαι,
2597 2284 2687 2339 καὶ
2741 2284 3221 2361 ἀποκρυπτόμενος
3268 2282 3475 2346 εύνοίας
3504 2284 3783 2357 πλάσματι

2122 2375 2220 2444 τὴν
2256 2373 2519 2432 ἐπίνοιαν.

359 2461 590 2516 arcanis
620 2460 794 2516 fatale
820 2478 947 2517 esse
980 2462 1303 2531 affirmans,
1329 2481 1394 2519 ac
1426 2466 1837 2521 benevolentiae
1870 2464 2063 2538 specie
2093 2470 2495 2521 commentum
2525 2466 2636 2522 hoc
2667 2465 2989 2522 occultans.

432 2550 525 2605 lV°
559 2554 874 2621 Postquam
912 2555 1110 2606 autem
1144 2552 1262 2607 haec
1319 2552 1379 2607 in
1436 2554 1700 2608 animum
1758 2554 2007 2618 induxit,

367 2638 631 2712 ipsisque
661 2640 955 2711 persuasit
986 2640 1178 2712 (facile
1237 2642 1392 2697 enim
1440 2642 1829 2715 imposturam
1874 2642 2011 2699 facit

366 2728 655 2801 quidquid
689 2728 978 2800 delectat),
1012 2729 1097 2784 illi
1148 2731 1386 2802 quidem
1421 2733 1489 2787 ad
1552 2733 1753 2804 templi
1784 2737 2008 2788 exstru-

364 2820 617 2875 ctionem
648 2836 710 2875 se
741 2835 1102 2891 comparare,
1136 2822 1313 2892 atpud
1346 2822 1401 2875 in
1434 2822 1490 2876 id
1541 2838 1710 2894 opus,
1747 2828 1802 2879 et
1834 2839 2008 2878 manu

373 2897 580 2976 multa,
604 2912 660 2965 et
706 2908 886 2964 animi
919 2909 1218 2966 alacritate
1263 2928 1328 2966 ac
1384 2912 1582 2967 labore
1630 2912 2011 2969 imcumbere.

373 2998 522 3055 Illud
553 3000 709 3055 enim
756 3004 1016 3065 narrant,
1066 3001 1166 3072 qui
1224 3018 1425 3057 eorum
1485 3019 1575 3057 res
1629 3003 2013 3069 admirantur,

373 3105 581 3146 uxores
625 3106 856 3161 quoque
910 3090 1174 3162 ipsorum
1233 3107 1347 3146 non
1408 3092 1578 3147 modo
1637 3092 2016 3148 matronalem

2193 2560 2242 2606 A’
2296 2555 2350 2608 Ἐ
2427 2552 2440 2571 ¹
2478 2551 2525 2608 3‘
2632 2558 2657 2568 ”
2845 2551 2856 2570 “
2908 2551 2935 2607 δ
3055 2554 3086 2607 1’
3288 2552 3304 2574 ‘
3360 2550 3384 2571 ²’
3665 2549 3693 2571 ”

2250 2599 2261 2610 .
2356 2575 2443 2608 πει
2512 2575 2730 2608 εταυτα
2767 2575 2857 2607 και
2946 2563 3163 2623 ιενο,θη
3215 2574 3304 2607 και
3359 2572 3563 2608 επεισεν
3612 2556 3784 2624 (coxo-

2121 2640 2217 2697 λον
2248 2644 2349 2719 γὰρ
2382 2643 2458 2705 εἷς
2491 2642 2697 2714 ἀπάτην
2723 2644 2785 2698 τὸ
2815 2644 2951 2718 πρὸς
2986 2640 3191 2712 ἡδονὴν
3226 2641 3410 2715 ἃπαν),
3470 2642 3520 2696 οἱ
3569 2643 3665 2714 μὲν
3702 2642 3779 2703 ὡς

2123 2731 2513 2802 ἀναστήσοντες
2564 2729 2837 2787 διενοοῦτο
2901 2731 2965 2786 τὸ
3023 2731 3194 2804 ἱερὸν,
3252 2731 3341 2785 καὶ
3395 2730 3542 2804 χειρὶ
3588 2727 3780 2803 πολλῇ

2122 2822 2212 2876 καὶ
2242 2821 2521 2898 προθυμίᾳ
2568 2821 2689 2897 περὶ
2739 2819 2801 2874 τὸ
2843 2816 3002 2894 ἔργον
3052 2820 3491 2894 ἐταλαιπώρουν
3554 2818 3684 2894 φασί
3714 2818 3779 2891 γέ

2123 2932 2208 2966 τοι
2239 2911 2446 2974 καὶτὰς
2478 2914 2734 2986 γοναῖκας
2765 2908 2939 2964 αὐτῶν
2992 2909 3043 2962 οἱ
3090 2908 3157 2963 τά
3203 2907 3412 2964 ἐκείνων
3465 2907 3777 2979 θαυμάζον-

2123 3021 2233 3069 τες,
2285 2999 2345 3055 ού
2402 3000 2563 3075 μόνον
2614 3000 2849 3061 ἅπαντας
2896 2996 3023 3060 τοὺς
3071 2996 3195 3074 περὶ
3240 2997 3303 3051 τὸ
3348 3001 3508 3070 σῶμα
3535 2994 3778 3069 κόσμους

2126 3089 2517 3167 περιελομένας
2566 3089 2802 3161 ἑτοίμως
2849 3087 3205 3165 συνεισφέρειν
3247 3090 3326 3159 τῷ
3355 3083 3498 3162 ἔργῳ
3526 3084 3616 3140 καὶ
3667 3090 3782 3146 τοῖς

374 3195 609 3235 omnem
640 3181 925 3235 mundum
989 3180 1365 3252 corporisque
1422 3185 1691 3236 ornatum
1752 3187 2014 3254 prompto

2129 3179 2510 3253 πονουμένοις,
2570 3178 2714 3234 ἀλλά
2745 3177 2833 3232 καὶ
2863 3181 2979 3238 τοῖς
3024 3174 3255 3237 κόλποις
3304 3176 3396 3230 τὸν
3447 3178 3583 3250 χοῦν
3629 3172 3780 3252 ἐκφε-

378 3268 574 3325 animo
605 3268 947 3337 detraxisse,
990 3274 1166 3342 atque
1198 3271 1256 3324 in
1315 3272 1506 3342 operis
1556 3275 1911 3328 structuram
1937 3271 2016 3328 la-

376 3356 828 3429 borantiumque
859 3376 1025 3431 opem
1071 3360 1408 3427 contulisse,
1467 3377 1667 3415 verum
1699 3379 1763 3416 eo
1788 3379 2019 3433 quoque

378 3447 576 3504 animo
603 3447 803 3519 fuisse,
847 3452 929 3518 ut,
963 3454 1179 3504 terram
1239 3450 1373 3505 sinu
1435 3451 1761 3516 eli‘erentes,
1824 3467 1889 3506 ac
1916 3468 2020 3506 nec

376 3538 639 3594 vestibus
667 3538 961 3611 praeclaris
989 3543 1045 3594 et
1088 3540 1418 3611 exquisitis,
1455 3558 1559 3595 nec
1591 3540 1804 3595 teneris
1836 3557 2018 3595 mem-

377 3628 499 3685 bris
529 3632 853 3701 parcentes.
888 3629 1124 3699 pietatis
1154 3629 1344 3684 ofﬁcio
1376 3646 1502 3685 sese
1534 3630 1697 3701 fungi
1731 3630 2021 3686 existima-

377 3722 527 3787 rent,
563 3718 880 3791 omniaque
912 3718 1018 3773 boc
1050 3723 1263 3773 conatu
1296 3718 1569 3774 inferiora
1600 3720 1896 3774 ducerent.
1949 3720 2022 3775 Ut

377 3825 532 3873 vero,
566 3824 716 3865 saevo
746 3807 980 3863 turbine
1020 3822 1087 3863 ac
1142 3807 1441 3878 repentina
1497 3809 1802 3864 aestuantis
1855 3812 2024 3864 terrae

380 3898 696 3971 agitatione
717 3897 892 3953 simul
921 3913 1036 3952 una
1062 3896 1301 3968 repulsi,
1323 3899 1392 3953 ad
1417 3898 1813 3969 propinquum
1837 3898 2020 3969 quod-

383 3988 517 4042 dam
563 3987 849 4060 templum
900 3992 1296 4059 perrexerunt,
1348 3987 1445 4042 alii
1496 3987 1775 4043 orationis
1824 4005 2019 4058 causa,

384 4077 505 4145 alii,
540 4082 602 4132 ut
649 4077 708 4131 in
767 4077 1107 4148 hujusmodi
1162 4078 1337 4133 rebus
1397 4078 1655 4133 accidere
1712 4077 1879 4143 solet,
1934 4095 2019 4145 eo,

383 4166 540 4238 quod
571 4166 941 4236 offerebatur,
966 4168 1037 4222 ad
1070 4166 1310 4237 periculi
1333 4167 1831 4238 propulsationem
1864 4172 2027 4223 uten-

380 4259 489 4321 tes,
524 4255 621 4311 alii
653 4272 786 4311 curn
818 4256 1074 4311 tumultu
1106 4274 1221 4311 una
1249 4260 1613 4326 proruentes,
1639 4273 1703 4312 ac
1735 4273 1869 4311 cum
1901 4275 2027 4312 cur-

384 4346 650 4401 rentibus
681 4346 855 4402 simul
888 4346 1225 4413 illabentes;
1260 4348 1399 4400 sunt
1432 4346 1531 4416 qui
1582 4362 1680 4401 eos
1713 4362 1784 4402 ne
1816 4364 1849 4402 a
1878 4349 2024 4402 tem-

460 4492 503 4526 ³⁸
537 4492 704 4548 llebr.
738 4509 794 4554 κ,
826 4492 917 4545 29.
997 4490 1039 4523 ³⁷
1074 4491 1150 4546 ΙΙΙ
1183 4490 1321 4561 Reg.
1355 4508 1454 4559 xu,
1487 4492 1580 4546 26.
1664 4492 1707 4524 ⁵⁸
1741 4492 1813 4546 ΙΙΙ
1846 4493 1983 4563 Reg.
2017 4508 2151 4560 un,
2180 4494 2269 4547 26.

458 4654 533 4724 (4)
565 4653 786 4729 Ἐα-υτοῦ
831 4652 1069 4729 πρῶτον.
1125 4652 1209 4706 Ita
1249 4655 1375 4729 tres
1421 4653 1558 4725 Reg.
1604 4652 1716 4708 Alii
1746 4670 1878 4709 vero
1909 4656 2030 4709 tres
2058 4663 2106 4729 D

382 4724 517 4793 Reg.
551 4728 609 4779 et
638 4724 730 4779 Or.
754 4726 804 4796 _1_
828 4724 899 4781 ad
932 4739 1115 4795 marg.
1147 4724 1388 4796 πρώτου.

456 4797 532 4868 (5)
561 4794 926 4868 Ἰσραηλίτην.
978 4794 1085 4851 Sicf
1121 4794 1323 4851 omnes
1368 4797 1616 4865 codices,
1673 4820 1701 4845 «
1735 4796 1899 4867 quasi
1931 4813 2030 4851 rex

382 4867 798 4940 schismaticus
827 4873 883 4923 et
911 4872 1253 4939 tyrannus.»
1284 4869 1629 4939 Suspicatur
1646 4867 2027 4940 Mont.legen-

384 4941 561 5025 d‘um,‘
584 4938 964 5025 Ἰσραηλίτων,
985 4962 1013 4988 ‹‹
1039 4941 1261 5025 Regum
1286 4938 2027 5025 Isra’el‘sceleratissimjos.»

383 5013 517 5076 Quae
547 5011 717 5069 lectio
748 5030 859 5067 non
910 5011 1199 5083 displicet,
1244 5015 1343 5067 sed
1378 5012 1524 5069 nulli
1558 5014 1750 5067 favent
1779 5012 2025 5067 codices.

458 5084 535 5152 (6)
566 5087 635 5135 "H
664 5088 829 5138 ταῦτα
859 5082 1046 5139 πάντα.
1079 5085 1234 5139 Colb.
1269 5088 1322 5153 3,
1356 5085 1387 5152 ἦ
1416 5085 1478 5137 τὰ
1510 5082 1697 5140 πάντα.

457 5154 534 5225 (7)
584 5154 971 5227 Ὀνομάσομεν.
1027 5157 1165 5228 Reg.
1218 5157 1337 5225 bm,
1392 5154 1776 5228 ὀνομάσωμενἒ
1821 5154 2028 5228 Notam

381 5226 855 5318 int/errmog‘a‘tionis
886 5229 978 5284 hic
1011 5226 1339 5312 ponendam
1374 5229 1692 5318 arbitratur
1733 5226 2027 5281 Heinsius.

455 5299 529 5369 (8)
556 5295 742 5354 Τᾶἷλλα
773 5305 906 5357 Mss.
942 5295 1335 5356 coinmunius.
1370 5299 1433 5351 τὰ
1465 5295 1628 5351 ἄλλα.

383 5440 407 5497 ἰ
455 5368 528 5459 (φ)
564 5372 732 5433 Φύσις
784 5371 1005 5441 ἐκείνης.
1062 5396 1089 5421 ‹‹
1126 5373 1451 5443 Ingenium,
1488 5370 1729 5425 indoles.
1765 5392 1789 5419 ))
1853 5368 2026 5425 Savil.

410 5461 606 5497 κετνου.

410 5461 606 5497 κετνου.

456 5515 565 5587 (10)
599 5516 971 5582 Ἐπιθειάζιιν.
1007 5539 1033 5563 ‹‹
1087 5520 1192 5568 Per
1237 5513 1417 5587 Deum
1450 5514 1772 5580 obtestans,
1806 5512 2029 5568 divino-

384 5601 500 5659 que
531 5604 598 5641 ex
628 5589 713 5642 eis
738 5588 968 5659 afflatu,
1003 5602 1175 5659 quem
1213 5586 1485 5659 ﬁngebat,
1523 5602 1786 5659 monens,
1820 5607 1845 5635 ››
1881 5588 1991 5641 etc.

483 5658 569 5725 14)
603 5655 1195 5718 Συνελαθέντες.’0011’).
1230 5658 1284 5725 3,
1302 5655 1744 5716 "cuvslacﬁévrsq.

456 5656 569 5799 (42)
600 5730 788 5799 Ὅπερ.
825 5730 961 5799 Reg.
996 5747 1048 5799 ει,
1083 5727 1283 5799 ὥσπερ.

479 5727 569 5800 42)
600 5730 788 5806 Ὅπερ.
825 5730 961 5802 Reg.
996 5747 1048 5799 ει,
1083 5727 1283 5804 ὥσπερ.

2127 3270 2340 3350 ρούσας,
2388 3269 2477 3325 καὶ
2528 3268 2651 3323 οὔτε
2708 3264 3045 3327 πολυτελοῦς
3123 3264 3366 3338 ἐσθῆτος,
3417 3264 3541 3319 οῧτε
3600 3262 3781 3337 μελῶν

2127 3361 2472 3429 ἀπαλότητος
2524 3355 2863 3436 φειδομένας,
2916 3351 3149 3410 εὐσεϐεῖν
3211 3352 3414 3409 οἷέσθαι
3463 3354 3552 3408 καὶ
3611 3354 3782 3408 πάντα

2126 3453 2335 3509 ἐλάττω
2366 3447 2608 3522 νομίζειν
2636 3451 2732 3501 τοῦ
2764 3447 2987 3522 ἐγχειρή
3003 3465 3187 3518 ματος.
3234 3450 3318 3506 Ὡς
3370 3441 3427 3499 δὲ
3459 3443 3563 3498 ὑπὸ
3594 3442 3782 3519 ἀγρίας

2129 3541 2405 3601 λαίλαπος
2463 3538 2551 3592 καὶ
2602 3539 2850 3613 βρασμοῦ
2894 3538 2992 3612 γῆς
3045 3533 3195 3610 ἄφνω
3245 3530 3619 3595 συνελαθέντες
3670 3535 3781 3606 (11)

2129 3632 2216 3687 ἐπί
2241 3653 2293 3685 τι
2340 3633 2449 3683 τῶν
2498 3626 2732 3696 πλησίον
2783 3626 2966 3701 ἱερῶν,
3027 3625 3079 3678 οἱ
3132 3624 3225 3698 μὶν
3271 3623 3347 3685 ὡς
3395 3622 3780 3691 ἱκετεύσοντες,

2131 3721 2414 3798 ὥρμησαν,
2448 3718 2499 3771 οἳ
2531 3714 2608 3787 δὲ,
2641 3717 2773 3791 ὅπερ
2805 3717 2918 3788 (42)
2948 3713 2999 3768 ἐν
3019 3718 3134 3775 τοῖς
3161 3711 3433 3775 τοιούτοις
3464 3709 3616 3790 φιλεῖ
3646 3732 3783 3784 συμ-

2130 3806 2356 3879 ϐαίνειν,
2387 3811 2466 3879 τῷ
2522 3805 2748 3882 παρόντι
2801 3805 3084 3879 χρώμενοι
3126 3803 3262 3878 πρὸς
3314 3802 3592 3878 βοήθειαν,
3642 3802 3695 3855 oi.
3726 3799 3784 3855 δὲ

2132 3897 2320 3960 ἄλλως
2349 3896 2417 3971 τῇ
2446 3898 2661 3971 ταραχῇ
2685 3892 3110 3971 συμφερόμενοι,
3143 3892 3233 3946 καὶ
3280 3895 3396 3953 τοῖς
3447 3890 3625 3953 θέουσι
3658 3911 3783 3943 συν-

2133 3986 2525 4047 εισπίπτοντις.
2557 3982 2675 4038 Εἰσὶ
2713 3982 2804 4055 μὶν
2839 3980 2890 4035 οἳ
2922 3978 3199 4056 λέγουσιν,
3242 3980 3315 4042 ὡς
3360 3977 3485 4034 ούδὶ
3530 3979 3593 4033 τὸ
3639 3978 3785 4054 ἱερὸν

2133 4077 2325 4138 αὐτοὺς
2382 4071 2766 4150 προσεδέξατο,
2836 4069 2963 4126 ἀλλ’
3021 4070 3485 4143 ἀναπεπταμέναις
3542 4066 3783 4144 προσελ-

2133 4167 2315 4228 θόντες
2344 4170 2462 4226 ταῖς
2495 4162 2717 4233 πύλαις,
2760 4159 3207 4224 ἐπικλεισθείσαις
3255 4161 3366 4234 (13)
3418 4156 3672 4233 ἐνέτυχον
3726 4154 3788 4211 ἔκ

2133 4277 2279 4318 τινος
2312 4252 2543 4331 ἀοράτου
2572 4252 2660 4306 καὶ
2692 4252 2801 4326 (Ui)
2842 4250 3075 4327 ἀφανοῦς
3109 4247 3410 4322 δυνάμεως,
3461 4250 3495 4317 ἣ
3549 4246 3617 4303 τὰ
3670 4267 3789 4302 τοι·

2137 4350 2270 4401 αῦτα
2297 4347 2414 4418 (15)
2442 4346 2789 4418 τερατουργεῖ
2816 4337 2953 4416 πρὸς
2984 4340 3083 4407 τήν
3114 4342 3222 4394 τῶν
3261 4332 3467 4393 ἀσεϐῶν
3522 4338 3635 4411 (16)
3696 4357 3791 4391 κα-

2374 4493 2418 4526 ⁸⁹
2448 4491 2623 4546 Exod.
2656 4506 2733 4557 vn,
2765 4490 2855 4543 22.
2958 4489 3004 4523 ⁶⁰
3036 4488 3107 4542 IV
3139 4487 3277 4559 Reg.
3308 4502 3442 4553 xxv,
3463 4486 3517 4541 9.

2206 4654 2321 4725 (13)
2353 4648 2855 4725 ’.Επικλεισθείσαιᾳ
2905 4649 2999 4705 Sic
3040 4649 3212 4722 vulgo
3243 4648 3412 4704 codd.
3445 4646 3595 4702 Edit.
3627 4662 3783 4715 vero,

2140 4722 2513 4784 ἐπιτεθείσαις.

2209 4798 2320 4870 (14)
2350 4794 2613 4870 ’Δοράτου
2642 4791 2757 4850 καί.
2798 4793 2883 4849 Ita
2913 4808 3057 4848 mss.
3089 4794 3146 4847 et
3174 4789 3335 4846 editi.
3370 4790 3435 4845 In
3465 4790 3589 4845 Par.
3623 4788 3789 4843 deest

2135 4866 2318 5007 κῢι(15)
2349 4940 2423 4992 "H
2451 4937 2516 4990 τὰ
2542 4939 2782 5007 τοιαῦτα.
2817 4936 2956 5007 Reg.
2989 4936 3109 5007 bm,
3140 4933 3179 5001 ἦ
3205 4934 3390 5007 ταῦτα.

2230 4940 2318 5006 15)
2349 4940 2423 4992 "H
2451 4940 2516 4990 τὰ
2542 4940 2782 4991 τοιαῦτα.
2817 4940 2956 5007 Reg.
2989 4940 3088 4990 bm
3140 4940 3179 5001 ἦ
3205 4940 3390 4987 ταῦτα.

2361 5013 2475 5062 Τῶν
2529 5001 2755 5086 ἀσεϐῶν.
2785 5008 2941 5086 Reg:
2994 5023 3047 5074 a,
3087 4979 3154 5086 i1,
3205 5005 3327 5086 by},
3377 5007 3435 5060 et
3465 5002 3559 5059 Or.
3580 5003 3644 5086 ‘1‘,
3675 5005 3784 5086 τῶν

2138 5075 2493 5135 ἀσεϐούντων.
2544 5084 2720 5135 Porro
2768 5079 2839 5134 de
2886 5078 2977 5133 his
3023 5075 3326 5132 miraculis
3356 5075 3789 5131 consentientes

2138 5153 2447 5225 habemus,
2479 5169 2595 5207 non
2624 5156 2852 5207 tantum
2884 5150 3336 5225 Theodoretum,
3381 5148 3787 5225 Sozgmenum,

2138 5218 2443 5292 Ruﬁnum,
2496 5225 2998 5299 Chrysostompm,
3056 5219 3454 5299 Ambrosium,
3502 5218 3787 5299 Hieron}-

2140 5314 2325 5365 mum,
2355 5303 2488 5365 etc.,
2520 5292 2631 5350 sed
2653 5295 2827 5351 etiam
2859 5292 3077 5365 Juliani
3116 5293 3485 5365 adoratorem
3499 5292 3790 5365 __Ammia-

2139 5361 2429 5440 num,imo
2445 5361 2678 5440 Iudaeos
2699 5364 3048 5440 ipsos.Unde
3068 5365 3449 5440 Sozomenus,
3464 5361 3788 5440 _lib.v,c.21,

2141 5441 2256 5526 ait:
2291 5434 2534 5526 ithu‘dzei
2564 5439 2675 5526 ipsi
2708 5434 2774 5521 ac
2797 5437 3041 5526 gentiles
3064 5434 3789 5526 fidemfacgiantiquinopus

2139 5513 2543 5584 imperfectum
2577 5506 2947 5579 dimiserunt,
3000 5514 3117 5579 aut,
3162 5513 3227 5563 ut
3249 5506 3442 5564 verius
3471 5506 3687 5574 dicam,
3721 5519 3790 5559 ne

2140 5585 2415 5640 inchoare
2447 5583 2682 5654 quidem
2711 5585 3045 5654 potuerunt,
3072 5602 3099 5631 »
3121 5580 3446 5654 Addamus,
3469 5576 3587 5654 nisi
3603 5592 3788 5647 quan-

2140 5660 2268 5730 tum
2318 5649 2555 5711 necesse
2608 5649 2737 5718 fuit,
2774 5656 2835 5730 ut
2866 5675 2892 5701 «
2924 5669 2998 5730 ne
3026 5649 3667 5730 lapis_super_lapidem
3700 5663 3787 5730 re-

2142 5727 2533 5799 linqueretur,
2568 5747 2597 5778 »
2629 5729 2828 5799 egesta
2855 5722 3301 5783 scilicet'etiani
3327 5740 3358 5781 θ
3387 5722 3788 5782 fundamentis
