4148 6290
333 396 453 457 669

1344 400 1640 463 ORATIO
1685 404 1760 465 ν.
1786 435 1863 446 -
1893 402 2208 463 CONTRA
2251 400 2658 465 JULIANUM
2702 400 2779 461 Il.

3640 390 3762 453 610

334 525 627 599 τάπληξιν,
661 527 750 580 καὶ
779 530 887 582 τῶν
928 524 1160 582 εὐσεϐῶν
1201 528 1493 608 ἀσφαλειαν
1520 551 1533 563 °
1581 531 1612 587 6'
1661 530 1718 587 δὶ
1766 534 1983 594 ἅπαντες

2108 533 2203 608 plo
2261 535 2501 607 quidem
2555 534 2850 591 admissos
2901 530 3082 587 fuisse
3130 543 3606 597 commemorem,
3658 526 3758 583 sed

333 613 442 686 ἤδη
486 617 577 670 καὶ
627 614 849 692 λέγουσι
919 618 1007 671 καὶ
1064 619 1430 689 πιστεύουσιν,
1490 620 1571 675 ὅτι
1635 621 1991 697 βιαζομένους

336 704 531 767 αὐτοὺς
595 704 684 759 καὶ
764 710 1202 783 φιλονεικοῦντας
1268 709 1390 783 περὶ
1438 710 1537 778 τὴν
1599 708 1826 784 εἷ’σοδον,
1886 716 1991 785 πῦρ

336 794 555 866 ἔστησεν
608 795 918 865 ἀπαντῆσαν
970 795 1029 851 ἐκ
1072 802 1168 851 τοῦ
1213 798 1382 873 ἱεροῦ,
1413 798 1502 853 καὶ
1549 800 1676 862 τοὺς
1714 801 1808 873 μὶν
1865 822 1991 855 κατ-

335 883 523 961 έφλεξε
581 884 672 939 καὶ
736 882 1013 954 ἀνήλωσεν
1092 886 1189 958 (ὡς
1261 886 1453 959 ὅμοιόν
1513 910 1565 944 τι
1620 890 1742 965 περὶ
1800 890 1992 952 αὐτοὺς

335 969 606 1043 συμϐῆναι
636 978 753 1035 τοῖς
806 972 1128 1047 Σοδομιτῶν
1176 974 1418 1043 πάθεσιν,
1478 981 1515 1047 ἦ
1543 980 1621 1050 τῷ
1653 978 1776 1054 περὶ
1808 975 1991 1034 Νάδαϐ

332 1064 422 1117 καὶ
454 1058 679 1120 Ἀϐιοὺδ
729 1063 961 1136 θαύματι
1013 1065 1175 1134 ξένως
1223 1065 1314 1119 καὶ
1365 1067 1655 1138 θυμιάσασι
1688 1067 1777 1121 καὶ
1807 1065 1989 1122 κινδυ-

331 1151 590 1225 νεύσασι),
646 1151 774 1214 τοὺς
831 1151 888 1208 δὲ
935 1158 1041 1208 τῶν
1109 1154 1331 1230 καιρίων
1383 1155 1793 1233 ἀκρωτηριάσαν
1854 1159 1987 1230 (17),

331 1243 544 1311 στήλην
578 1242 776 1319 ἀφῆκεν
810 1236 1064 1318 ἔμψυχον
1095 1250 1197 1312 τῆς
1226 1249 1322 1298 τοῦ
1355 1250 1488 1299 Θεοῦ
1518 1246 1653 1300 κατὰ
1682 1250 1786 1299 τῶν
1812 1248 1990 1319 ἀμαρ-

329 1329 529 1386 τωλῶν
562 1330 790 1395 ἀπειλῆς
841 1332 930 1385 καὶ
981 1335 1267 1403 κινήσεως.
1317 1339 1487 1388 Τοῦτο
1524 1335 1619 1407 μὶν
1654 1333 1720 1403 δὴ
1750 1334 1989 1403 τοιοῦτο,

329 1420 420 1473 καὶ
456 1420 747 1475 ἀπιστείτω
780 1417 997 1494 μηδεὶς,
1029 1421 1111 1476 ὅτι
1149 1420 1289 1495 μηδὲ
1328 1426 1440 1497 (18)
1495 1429 1615 1486 ταῖς
1650 1422 1845 1486 ἄλλαις
1892 1429 1989 1479 τοῦ

329 1513 463 1563 Θεοῦ
496 1506 806 1582 δυνάμεσιν*
856 1508 886 1563 ὅ
935 1508 991 1565 δὲ
1038 1508 1117 1565 ἓτι
1165 1510 1363 1567 τούτου
1409 1514 1522 1586 (19)
1561 1510 1986 1588 παραδοξότερον

327 1598 417 1653 καὶ
472 1600 946 1677 περιφανέστερον,
998 1597 1124 1672 ἔστη
1186 1606 1300 1679 φῶς
1362 1602 1413 1657 έν
1462 1607 1541 1675 τῷ
1610 1602 1822 1679 οὐρανῷ
1876 1606 1989 1678 (20)

326 1689 417 1743 τὸν
454 1689 681 1764 σταυρὸν
736 1687 1068 1768 περιγράφον
1129 1694 1263 1765 (24),
1321 1690 1409 1746 καί
1464 1693 1527 1747 τὸ
1584 1692 1847 1769 πρότερον
1900 1692 1987 1747 ἐπὶ

328 1784 433 1852 γῆς
481 1777 883 1852 ἀτιμαζόμενον
932 1786 1048 1843 τοῖς
1099 1778 1281 1843 ἀθέοις
1320 1780 1409 1835 καί
1442 1789 1640 1857 σχῆμα
1694 1783 1783 1836 καὶ
1814 1778 1988 1856 ὄνομα

326 1872 417 1920 νῦν
452 1865 503 1921 ἐν
537 1866 757 1943 οὐρανῷ
789 1866 1057 1924 δείκνυται
1088 1876 1247 1924 πᾶσιν
1282 1870 1498 1942 έπίσης,
1534 1870 1838 1948 καὶγίνεται
1867 1870 1987 1946 τρό-

327 1978 485 2010 παιον
515 1958 597 2028 τῷ
628 1958 748 2029 Θεῴ
795 1961 894 2027 τῆς
941 1960 1076 2014 κατά
1120 1964 1224 2014 τῶν
1282 1956 1487 2015 ἀσεϐῶν
1520 1961 1695 2031 νίκης,
1724 1960 1985 2037 τροπαίου

328 2047 527 2108 παντὸς
553 2047 660 2121 ὕψη
671 2046 916 2123 λότερον.

2104 641 2237 681 cum
2269 626 2340 680 ad
2374 628 2606 697 apertas
2638 625 2788 680 fores
2820 621 3226 685 accessissent,
3261 622 3494 689 repente
3524 619 3759 674 easdem

2102 714 2334 770 clausas
2386 713 2736 786 pessuloque
2785 712 3068 767 obductas
3122 708 3456 779 offendisse,
3500 707 3759 780 potentia

2102 804 2357 875 quadam
2389 802 2695 873 invisibili,
2728 820 2855 873 qum
2908 801 2976 856 ad
3013 799 3331 871 impiorum
3379 802 3660 854 terrorem
3692 813 3758 855 ac

2101 893 2333 965 piorum
2366 891 2830 948 incolumitatem
2875 889 3219 961 hujusmodi
3247 887 3514 959 prodigia
3556 886 3754 942 efﬁcit.

2100 986 2220 1037 Hoc
2251 986 2445 1037 autem
2496 998 2612 1036 uno
2656 983 2781 1051 jam
2834 997 2931 1035 ore
2982 995 3186 1035 omnes
3235 978 3513 1043 referunt,
3546 993 3610 1031 ac
3654 992 3757 1047 pro

2103 1075 2258 1127 certo
2291 1070 2531 1137 habent,
2564 1070 2719 1126 150
2750 1070 2905 1141 quod
2932 1084 3030 1124 eos
3060 1083 3297 1123 summa
3327 1066 3382 1120 vi
3415 1070 3590 1138 atque
3619 1082 3757 1121 con-

2103 1160 2363 1216 tentione
2411 1159 2743 1231 ingressum
2776 1158 2886 1214 sibi
2938 1156 3161 1230 aperire
3209 1159 3509 1224 conantes,
3542 1155 3694 1228 ignis
3724 1170 3755 1211 ο

2100 1250 2320 1321 templo
2352 1265 2663 1305 occurrens
2698 1248 2977 1315 inhibuit,
3000 1250 3057 1303 et
3086 1246 3230 1302 alios
3261 1245 3499 1317 quidem
3530 1244 3754 1301 exussit

2101 1344 2158 1394 et
2185 1339 2518 1409 absumpsit
2547 1338 2635 1409 (ut
2684 1336 2875 1393 simile
2908 1336 3190 1409 quiddam
3242 1334 3407 1407 ipsis,
3459 1334 3615 1406 quod
3647 1334 3749 1390 So-

2099 1426 2360 1496 domitis,
2404 1426 2678 1481 acciderit
2731 1427 2799 1494 ⁸1,
2841 1430 2943 1481 aut
2997 1425 3173 1480 etiam
3232 1424 3385 1495 quod
3440 1422 3641 1479 Nadab
3697 1427 3755 1479 et

2098 1516 2289 1573 Abiud
2316 1516 2380 1583 δ’,
2414 1516 2515 1587 qui
2548 1515 2828 1571 inusitato
2881 1530 3043 1570 more
3081 1518 3137 1569 et
3167 1514 3305 1569 thus
3354 1511 3750 1583 adoleverunt,

2098 1609 2156 1661 et
2208 1604 2472 1677 oppressi
2521 1604 2700 1676 sunt),
2762 1603 2909 1658 alios
2958 1618 3093 1658 vero
3141 1600 3451 1674 praecipuis
3494 1600 3752 1673 corporis

2098 1694 2364 1766 partibus
2414 1697 2737 1763 truncatos,
2782 1693 2973 1749 vivam
3028 1691 3364 1748 columnam
3409 1690 3617 1746 divinae
3648 1691 3747 1745 ad-

2096 1801 2300 1840 versus
2337 1788 2669 1857 peccatores
2701 1782 3177 1840 comminationis
3210 1786 3267 1837 et
3314 1780 3586 1838 motionis
3617 1780 3749 1836 reli-

2098 1874 2246 1945 quit.
2280 1875 2459 1946 Atque
2480 1874 2591 1929 hoc
2622 1873 2857 1945 quidem
2883 1873 2955 1928 ad
2977 1872 3134 1928 hunc
3166 1872 3407 1927 modum
3430 1887 3493 1926 se
3526 1868 3752 1941 habuit,

2099 1980 2202 2019 nec
2251 1964 2424 2019 ﬁdem
2458 1963 2771 2035 quisquam
2821 1963 3077 2034 deroget,
3114 1960 3225 2017 nisi
3278 1960 3377 2032 qui
3424 1960 3627 2015 eadem
3659 1976 3751 2015 ra-

2095 2052 2253 2107 tione
2282 2051 2413 2108 aliis
2445 2068 2678 2125 quoque
2714 2052 2810 2108 Dei
2842 2050 3142 2107 miraculis
3186 2048 3409 2105 nullam
3440 2049 3615 2104 fidem
3646 2047 3752 2104 ha-

325 2137 578 2193 bendam
610 2142 797 2211 putet.
827 2139 991 2203 Quod
1025 2142 1223 2195 autem
1273 2140 1383 2195 hoc
1413 2140 1588 2197 etiam
1642 2140 1970 2198 mirabilius
2000 2140 2329 2213 clariusque
2376 2142 2506 2213 fuit,
2540 2141 2639 2196 lux
2688 2140 2747 2196 in
2779 2141 2920 2197 coelo
2949 2140 3127 2207 stetit,
3161 2155 3392 2195 crucem
3442 2138 3502 2193 in
3548 2137 3749 2194 orbem

324 2226 697 2295 describens,
733 2244 799 2283 ac
833 2244 1046 2283 nomen
1086 2228 1229 2284 illud
1260 2233 1319 2284 et
1349 2229 1557 2301 ﬁgura,
1590 2247 1717 2302 quae
1749 2230 1809 2287 in
1840 2234 1997 2287 terra
2027 2230 2192 2302 prius
2224 2230 2424 2303 impiis
2456 2230 2818 2302 contemptui
2852 2230 3060 2295 fuerat,
3092 2228 3152 2283 in
3185 2228 3327 2284 coelo
3360 2244 3516 2283 nunc
3560 2226 3748 2282 omni-

325 2316 439 2372 bus
469 2332 536 2373 ex
564 2333 729 2388 aequo
760 2316 1115 2388 ostenditur,
1149 2317 1385 2389 Deoque
1414 2319 1667 2375 victoria;
1700 2320 1979 2376 adversus
2011 2320 2223 2391 impios
2254 2319 2581 2391 traphaeum
2629 2320 2903 2385 efﬁcitur,
2936 2317 3190 2391 trophaao
3219 2317 3379 2373 omni
3430 2314 3749 2372 sublimius

325 2409 381 2460 et
414 2404 812 2476 praestantius.

395 2498 467 2548 E'.
505 2494 644 2567 Πρὸς
692 2497 860 2546 ταῦτα
906 2492 959 2545 τί
1004 2494 1268 2569 φήσουσιν
1324 2490 1379 2546 οἲ
1429 2498 1526 2548 τοῦ
1558 2494 1755 2557 αίῶνος
1785 2494 1980 2550 τούτου

323 2582 508 2660 σοφοὶ,
556 2581 645 2635 καὶ
695 2583 761 2635 τὰ
809 2582 935 2655 παρ’
984 2580 1167 2643 αὐτοῖς
1240 2581 1721 2655 ἀποσεμνύνοντες,
1783 2583 1836 2638 οῗ
1888 2585 1981 2645 τὰς

328 2672 542 2746 βαθείας
595 2671 802 2741 ὑπήνας
848 2668 1119 2739 ἕλκοντες,
1169 2671 1257 2724 καὶ
1300 2671 1363 2725 τὸ
1415 2671 1627 2746 κομψὸν
1659 2671 1979 2749 περισύρον-

320 2781 409 2821 τες
586 2763 721 2833 ἡμῖν
752 2754 1041 2835 τριϐώνιον
1069 2777 1083 2828 ;
1134 2757 1511 2837 ἀντιδιήγησαί
1563 2782 1655 2834 μοι
1704 2762 1793 2817 καὶ
1825 2762 1886 2817 σὺ
1918 2762 1983 2817 τὰ

323 2850 408 2913 σὰ,
443 2850 470 2903 ὁ
502 2848 627 2911 τοὺς
661 2849 904 2925 μακροὺς
942 2848 1142 2924 λόγους
1175 2849 1417 2927 γράφων,
1449 2850 1539 2905 καὶ
1584 2853 1679 2913 τὰς
1722 2852 1979 2915 ἀπίστους

322 2938 585 3000 συντιθεὶς
643 2937 907 3012 ἱστορίας,
966 2938 1055 2992 καὶ
1104 2940 1357 3014 κεχηνὼς
1402 2941 1536 3015 πρὸς
1580 2942 1649 2995 τὰ
1693 2940 1804 2995 ἀνω
1845 2944 1979 3015 (23),

323 3025 415 3079 καὶ
448 3030 553 3080 τῶν
586 3026 843 3103 οὐρανίων
876 3026 1366 3102 καταψευδόμενος,
1407 3027 1497 3083 καΐ
1544 3030 1760 3085 πλέκων
1794 3029 1853 3085 ἐκ
1880 3036 1978 3101 τῆς

322 3119 433 3169 τῶν
457 3114 695 3191 ἀστέρων
729 3118 842 3191 (24)
873 3120 1134 3189 κινήσεως
1184 3117 1278 3180 τὰς
1324 3119 1554 3195 γενέσεις
1582 3120 1672 3174 καὶ
1717 3122 1784 3175 τὰ
1842 3141 1979 3193 συμ-

322 3199 615 3274 ϐαίνοντας
670 3206 805 3281 Λέγε
854 3228 947 3280 μοι
995 3206 1085 3262 καὶ
1137 3206 1199 3261 σὺ
1244 3204 1373 3270 τοὺς
1417 3206 1541 3270 σοὺς
1588 3208 1833 3285 ἀστέρας,
1892 3210 1981 3264 τὸν

321 3291 618 3369 Ἀριάδνης
692 3296 966 3373 στέφανον,
1024 3296 1113 3351 καὶ
1174 3297 1266 3352 τὸν
1322 3297 1615 3372 Βερυνίκης
1666 3296 1981 3372 πλόκαμον,

2161 2497 2224 2554 ν.
2257 2498 2339 2552 Ad
2376 2497 2495 2554 haec
2527 2514 2698 2569 porro
2730 2496 2870 2570 quid
2903 2495 3114 2553 dicturi
3147 2500 3285 2552 sunt
3332 2495 3513 2565 huius
3544 2480 3750 2549 saeouli

2091 2587 2408 2660 sapientes,
2465 2602 2688 2658 suaque
2745 2585 3076 2659 magniﬁcis
3128 2583 3318 2640 verbis
3374 2586 3743 2649 exornantes,

2090 2677 2194 2748 qui
2225 2676 2547 2749 profundas
2577 2676 2791 2732 barbas
2821 2678 3072 2748 gestant,
3115 2690 3182 2729 ac
3212 2672 3426 2729 scitum
3458 2676 3515 2727 et
3542 2688 3750 2728 venus-

2089 2770 2218 2821 tum
2269 2765 2515 2838 pallium
2570 2764 2867 2821 trahunt?
2916 2765 3003 2819 Tu
3052 2779 3287 2835 quoque
3341 2766 3443 2817 tua
3485 2761 3630 2816 mihi
3680 2778 3748 2817 ex

2090 2856 2332 2911 adverso
2387 2871 2580 2925 narra,
2615 2856 2716 2927 qui
2760 2854 3015 2927 prolixae
3064 2852 3356 2909 orationes
3402 2850 3745 2919 conscribis,

2090 2944 2486 3017 historiasque
2518 2961 2552 2999 a
2583 2944 2697 3000 ﬁde
2745 2943 3125 3001 abhorrentes
3174 2941 3433 3011 conﬁcis,
3466 2944 3639 3013 atque
3672 2940 3743 2995 ad

2090 3049 2305 3106 supera
2350 3033 2580 3103 inhias,
2631 3033 2892 3105 falsaque
2954 3034 3025 3089 de
3076 3031 3413 3089 ccelestibus
3462 3028 3743 3102 loqueris,

2090 3126 2266 3194 atque
2315 3122 2643 3178 nativitates
2692 3129 2746 3177 et
2792 3138 2988 3177 rerum
3045 3125 3286 3177 eventus
3335 3136 3403 3176 ex
3451 3123 3743 3177 astrorum

2090 3218 2254 3268 motu
2285 3211 2589 3268 contexis?
2622 3211 2828 3268 Sidera
2874 3228 3109 3283 quoque
3154 3214 3258 3267 tua
3306 3209 3451 3265 mihi
3498 3223 3741 3281 expone,

2094 3302 2379 3357 Ariadnes
2428 3318 2725 3368 coronam,
2765 3306 2822 3357 et
2850 3301 3150 3357 Berenices
3196 3316 3450 3368 comam,
3484 3303 3540 3355 et
3588 3298 3744 3354 sala-

321 3382 411 3436 καὶ
459 3384 551 3437 τὸν
612 3382 827 3460 ἀσελγῆ
874 3384 1094 3447 Κύκνον.
1150 3388 1239 3441 καὶ
1287 3386 1379 3441 τὸν
1428 3382 1685 3461 ὑϐριστὴν
1733 3393 1935 3464 Ταῦρον
1964 3410 1975 3420 ·

2097 3408 2217 3448 cem
2252 3393 2610 3464 Cygnum,et
2641 3365 3002 3463 petulantem
3023 3395 3317 3458 Taurum;
3351 3365 3525 3461 atque
3545 3388 3744 3455 etiam,

324 3469 376 3526 εἷ’
404 3469 459 3526 δὲ
492 3471 704 3546 βούλει,
736 3474 830 3528 τὸν
866 3474 1154 3551 Ὀφιοῦχόν
1382 3498 1499 3546 σου,
1549 3477 1637 3531 καὶ
1684 3479 1771 3531 τὸν
1816 3477 1978 3555 Αἰγό-

321 3582 464 3633 κερω
524 3564 661 3636 (26),
718 3563 923 3618 καὶτὸν
960 3565 1191 3635 Λέοντα,
1224 3563 1429 3628 ἄλλους
1476 3587 1535 3621 τε
1560 3564 1717 3628 ὅσους
1766 3567 1854 3621 ἐπὶ
1901 3572 1980 3640 τῷ

323 3655 475 3722 κακῷ
707 3652 996 3729 γνωρίσας,
1042 3654 1075 3722 ἢ
1131 3654 1282 3718 θεοὺς
1426 3653 1646 3731 ἀστέρας
1698 3654 1974 3726 ἐποίησας.

328 3745 441 3795 Ποῦ
470 3740 532 3794 σὺ
560 3745 751 3796 τοῦτον
948 3741 1095 3817 ἔχεις
1124 3744 1215 3799 τὸν
1247 3742 1448 3798 κύκλον
1482 3743 1533 3797 έν
1560 3749 1677 3806 τοῖς
1712 3750 1825 3807 σοῖς
1874 3767 1977 3818 μα-

328 3831 535 3901 θήμασι
562 3848 577 3898 ;
638 3835 751 3885 Ποῦ
801 3828 857 3886 δὲ
894 3833 985 3886 τὸν
1018 3830 1104 3886 ἐπὶ
1137 3830 1384 3905 Βῆθλεὶμ
1413 3830 1689 3908 δραμόντα
1717 3833 1976 3910 πρότερον

326 3917 388 3972 ἐκ
417 3923 517 3987 τῆς
548 3918 684 3990 ἑῴας
733 3917 947 3995 ἀστέρα,
994 3920 1085 3973 τὸν
1135 3917 1333 3996 ὁδηγὸν
1383 3924 1488 3974 τῶν
1523 3924 1627 3975 σῶν
1662 3922 1858 3998 Μάγων
1889 3923 1977 3977 καὶ

332 4007 632 4081 πρόξενον;
684 4013 841 4082 ’Έχω
895 4029 948 4062 τι
991 4009 1143 4083 κάγὼ
1202 4007 1378 4085 λέγειν
1426 4009 1487 4064 ἐκ
1529 4014 1634 4065 τῶν
1669 4010 1930 4087 οὐρανίων
1961 4030 1975 4044 ⁸

325 4094 530 4158 ἐκεῖνος
561 4097 660 4165 τὴν
693 4102 925 4171 Χριστοῦ
954 4098 1253 4172 παρουσίαν
1284 4095 1620 4168 ἀνεδηλωσεν
1650 4102 1762 4177 (29)
1802 4101 1829 4154 ὁ
1882 4102 1976 4155 ἀσ-

322 4186 429 4259 τήρ
452 4202 465 4216 '
501 4181 659 4247 οὗτος
690 4192 788 4255 τῆς
817 4191 1049 4261 Χριστοῦ
1074 4186 1225 4258 νίκης
1259 4188 1287 4242 ὁ
1318 4189 1599 4264 στέφανος.

2091 3481 2140 3537 si
2171 3482 2252 3536 ita
2277 3480 2385 3551 vis,
2438 3479 2811 3552 Ophiuchum
2861 3484 3054 3547 tuum,
3103 3484 3161 3535 et
3209 3479 3649 3551 Capricornum,
3690 3481 3747 3533 et

2092 3571 2366 3638 Leonem,
2398 3568 2661 3641 aliosque
2709 3584 2936 3638 omnes,
2970 3585 3136 3639 quos,
3169 3569 3242 3624 ob
3288 3567 3508 3624 malum
3541 3566 3743 3640 cogni-

2090 3664 2204 3725 tos,
2236 3658 2323 3715 vel
2354 3659 2413 3714 in
2448 3658 2815 3726 deorum,vel
2846 3657 2904 3713 in
2936 3658 3196 3715 siderum
3228 3672 3539 3714 numerum
3572 3655 3745 3712 ascri-

2090 3749 2281 3821 psisli.
2310 3749 2413 3806 Ubi
2442 3753 2505 3804 tu
2538 3749 2697 3805 hunc
2719 3748 3007 3804 circulum
3029 3748 3086 3803 in
3121 3752 3224 3803 tua
3245 3745 3494 3802 mathesi
3526 3744 3746 3801 habes?

2089 3836 2198 3893 Ubi
2225 3838 2401 3893 etiam
2434 3836 2666 3892 stellam
2700 3835 2885 3903 illam,
2920 3837 3224 3908 Magorum
3256 3839 3491 3889 tuorum
3536 3834 3745 3888 ducem

2088 3930 2145 3982 et
2175 3926 2498 3998 auspicem,
2533 3942 2659 3998 qua:
2712 3924 2876 3996 prius
2906 3925 2977 3980 ab
3009 3929 3137 3980 ortu
3170 3923 3227 3977 in
3263 3920 3597 3978 Bethlehem
3643 3938 3741 3977 cu-

2088 4016 2274 4071 currit
2304 4014 2402 4068 ”?
2453 4014 2582 4086 Ipse
2630 4030 2864 4085 quoque
2914 4011 3179 4069 nonnihil
3232 4013 3416 4067 habeo
3465 4012 3620 4083 quod
3671 4011 3743 4067 de

2088 4102 2421 4160 ccslestibus
2446 4101 2732 4159 disseram
2763 4119 2776 4157 :
2808 4102 2980 4159 stella
3005 4101 3102 4157 illa
3127 4101 3340 4157 Christi
3369 4100 3741 4173 praesentiam

2086 4191 2365 4249 indicavit
2402 4210 2415 4249 :
2449 4191 2570 4249 hac
2601 4190 2851 4249 victoriis
2882 4192 3101 4249 Christi
3131 4208 3343 4248 corona
3374 4190 3501 4246 fuit.

393 4358 436 4393 ⁶¹
468 4358 610 4415 Gen.
644 4376 762 4431 ιιι,
794 4362 884 4416 24.
960 4362 1006 4396 ⁶²
1040 4362 1221 4418 Levit.
1254 4381 1310 4429 ι,
1342 4363 1395 4415 2.
1473 4361 1518 4397 ⁸³
1549 4362 1754 4419 Matth.
1784 4380 1845 4435 ιι,
1878 4363 1903 4417 1
1940 4379 2104 4435 seqq.

320 4531 526 4587 humo.
554 4531 642 4605 ita
668 4531 833 4603 impii
868 4534 1154 4605 Apostatae
1186 4548 1341 4605 spes,
1376 4550 1510 4605 qua,
1534 4536 1599 4589 ut
1628 4548 1764 4605 cum
1789 4532 1971 4605 Theo-

321 4605 527 4676 doreto
555 4602 785 4675 loquar,
821 4602 980 4676 His?”
1009 4602 1237 4676 lib.7m,'
1264 4620 1312 4659 ο.
1348 4602 1434 4660 17.
1455 4628 1476 4655 ι
1511 4621 1639 4661 sese
1669 4603 1800 4660 falsi
1831 4621 1970 4676 pree-

2082 4553 2112 4584 «
2141 4532 2465 4589 delineans.
2519 4555 2546 4582 ››
2589 4533 2736 4596 Quid
2790 4535 2862 4589 sit
2911 4550 3053 4589 crux
3105 4533 3163 4588 in
3213 4534 3411 4588 orbem
3444 4532 3739 4604 descripta

2081 4621 2196 4660 non
2208 4604 2901 4661 video.Miraculumistud
2915 4605 3250 4661 testimonio
3263 4622 3368 4661 suo
3384 4606 3731 4661 conﬁrmant

324 4658 653 4732 dictionem‘
670 4658 1395 4732 *boamr‘sonaaaran;
1422 4658 1631 4733 esse";
1671 4658 1891 4743 signa;
1912 4658 1966 4725 3)

324 4747 570 4801 impleta
598 4750 708 4801 est.
740 4752 805 4801 ut
834 4746 1032 4801 stultis
1078 4747 1203 4801 inse
1235 4748 1360 4801 suis
1392 4753 1593 4801 contra
1625 4694 1806 4801 Beum
1838 4765 1977 4801 con-

2097 4658 3101 4801 isrgsaa‘amumuhaaénassa;
3123 4658 3360 4733 seeos:
3376 4658 3731 4747 saeratae;

2158 4749 2174 4801 (
2214 4750 2269 4801 2i
2301 4747 2705 4801 Πεοισύοοντες.
2744 4770 2772 4799 ‹‹
2801 4748 3251 4801 Circumferunt.
3288 4772 3309 4800 ι

323 4747 570 4830 impleta
598 4750 708 4831 est,
740 4752 805 4803 ut
834 4746 1032 4831 stultis
1078 4747 1203 4820 ipse
1235 4748 1360 4830 suis
1392 4753 1593 4805 contra
1625 4746 1806 4805 Deum
1838 4765 1977 4831 con-

320 4818 498 4906 811119“
536 4835 791 4906 nescius,
863 4823 1199 4906 invitusque
1255 4820 1642 4906 adimplenda
1666 4893 1682 4906 ε
1712 4824 1978 4877 εοτνιθιιιῐ

320 4892 841 4963 praedictioni,que
872 4891 1085 4963 alioqui
1107 4891 1185 4948 ad
1218 4891 1506 4950 amussim
1539 4893 1793 4950 necdum
1825 4908 1978 4948 com-

320 4962 478 5089 pleta
507 4968 650 5031 erat,
683 4980 817 5019 cum
835 4962 1124 5019 decimam
1156 4965 1425 5037 quintam
1450 4965 1803 5023 catechesim
1836 4963 1975 5021 scri-

363 5039 481 5089 eret
510 5035 758 5089 Cvrillus
788 5034 1371 5089 Hierosolvmitanus.

363 5039 481 5108 eret
510 5035 758 5108 Cyrillus
788 5034 1371 5108 Hierosolymitanus.

392 5107 505 5187 (17)
536 5105 997 5181 ’Ᾱκρωτηριάσαν.
1032 5105 1118 5165 Ita
1149 5126 1293 5166 mss.
1326 5126 1549 5167 omnes.
1607 5108 1763 5165 Edit.
1814 5105 1976 5179 ἀκρο-

321 5196 591 5233 τεριασας.

386 5196 671 5319 ῗίῗζῖαξὸτι
725 5244 896 5323 μηδὲ.
925 5249 1030 5323 Sic
1077 5250 1238 5307 Pass.
1296 5250 1513 5323 aliique
1574 5250 1771 5323 plures
1812 5247 1975 5323 codi-

317 5337 414 5377 ces
441 5340 453 5386 ;
490 5346 515 5369 ‹‹
550 5321 1061 5392 Quandoquidem,
1096 5346 1121 5370 ››
1155 5328 1266 5378 etc.
1299 5320 1457 5391 νοιξα
1490 5323 1539 5379 si
1570 5320 1743 5380 modo
1775 5320 1970 5392 aliis...

316 5393 493 5516 ﬁdesrn
532 5413 646 5451 non
680 5390 941 5465 abrogat.
978 5416 1004 5443 ν
1037 5394 1188 5449 Edit.
1224 5399 1353 5451 Par.
1387 5390 1519 5451 Ald.
1569 5399 1625 5451 et
1674 5398 1841 5449 Herv.
1897 5390 1971 5445 ἔτι

326 5485 400 5516 u‘n
447 5486 487 5516 Ξ.

325 5485 508 5607 μηᾶξ)
536 5539 604 5589 ”Ν
638 5532 693 5589 δὲ
724 5532 801 5607 ἔτι
831 5535 1047 5591 τούτου.
1082 5536 1175 5592 Sic
1225 5553 1369 5593 mss.
1422 5553 1646 5593 omnes.
1692 5536 1863 5592 Deest
1914 5535 1972 5589 in

325 5608 459 5664 Par.
492 5605 630 5664 edit'
663 5605 880 5661 τούτου.

420 5680 511 5750 28)
540 5683 624 5750 Τῷ
655 5677 887 5752 οὐρανῷ.
923 5680 1093 5736 Deest
1119 5680 1217 5748 τῷ,
1252 5679 1310 5734 in
1343 5678 1635 5752 pluribus.

417 5753 509 5821 21)
562 5749 922 5829 Περιγράφον.
979 5772 1004 5807 α
1051 5754 1293 5811 Crucem
1359 5750 1716 5829 describens,
1788 5772 1809 5800 »
1874 5752 1975 5808 aut

2214 4750 2269 4888 2)
2301 4747 2705 4821 Περισύροντες.
2744 4770 2772 4799 ‹‹
2801 4748 3251 4810 circumferunt.
3288 4772 3309 4800 ι

2216 4820 2248 4874 3
2302 4819 2442 4888 Πρὸς
2472 4819 2540 4874 τὰ
2570 4816 2700 4874 ἄνω.
2735 4820 2871 4888 Reg.
2908 4838 2961 4886 a,
2994 4819 3069 4881 εἷς
3101 4819 3169 4872 τὰ
3198 4816 3308 4872 ἄνω

2302 4816 2442 4894 ῌρὸς
2466 4816 2540 4894 τὰ
2570 4816 2700 4874 ἄνω.
2735 4820 2885 4894 Ριθᾶ
2908 4838 2961 4886 a,
2994 4819 3169 4894 sic
3198 4816 3329 4894 ἄνω.

2160 4890 2269 4962 (24)
2328 4890 2615 4968 Ἀστέριον.
2678 4890 2996 4964 Duo'Reg.
3056 4891 3215 4949 Colb.
3276 4892 3333 4959 ις,

2082 4981 2269 5120 ἶρξυέξξ)
2301 5030 2741 5120 ὈῬιΟΞχόνὶσοψ
2774 5056 2803 5083 ‹‹
2834 5033 3288 5120 Serpe‘ntarium.
3334 5054 3361 5080 »
3412 5030 3572 5120 Pass.
3625 5049 3728 5082 σοι.

2086 5108 2235 5162 Sunt
2281 5104 2383 5179 qui
2428 5104 2824 5179 Esculapium
2882 5104 3229 5177 intelligant,
3278 5104 3431 5175 quod
3480 5118 3733 5175 anguem

2085 5195 2263 5252 manu
2298 5183 2508 5252 tenens
2541 5180 2897 5252 pingeretur.

2156 5251 2267 5320 (26)
2312 5245 2611 5325 Αἷγόκερῖυ.
2648 5245 2745 5305 Ἰὶθ.
2793 5248 3048 5322 plerique
3098 5246 3350 5303 codices.
3406 5246 3531 5301 Par.
3593 5245 3730 5301 edit.

2088 5320 2423 5374 Αἰγόκεοων.

2453 5390 2532 5464 τῷ
2562 5396 2737 5463 κακῷ.
2776 5416 2797 5442 ι
2831 5391 2915 5447 Ab
2942 5391 3157 5464 insigni
3193 5390 3346 5446 malo
3400 5391 3587 5452 notos,
3638 5405 3730 5443 ce-

2084 5464 2293 5520 lebres.
2334 5488 2360 5513 ››

2156 5538 2267 5602 (28)
2296 5538 2514 5591 Τοῦτον.
2558 5535 2732 5591 Coisl.
2764 5538 2817 5601 2,
2850 5531 3080 5589 τούτων.

2154 5598 2690 5689 (29);Ανεδῇλωσεν.
2723 5598 2958 5665 Codices
2988 5604 3383 5673 communius,
3432 5598 3727 5673 ἐδήλωσεν.

2082 5677 2252 5735 Cois].
2284 5682 2339 5752 2,
2373 5677 2660 5751 ἐμήνυσεν.

3394 4888 3489 4944 Or.
3556 4889 3605 4954 1,
3640 4884 3733 4939 ἄσ-
