4148 6290
394 436 509 497 671

1639 437 1703 496 S.
1753 436 2128 497 GREGOBII
2172 437 2567 499 THEOLOGI

3691 439 3811 499 672

464 566 559 625 VI.
592 569 782 639 Atque
810 566 933 622 haec
963 565 1107 622 mihi
1132 567 1201 622 de
1232 565 1565 623 coelestibus
1596 571 1772 640 atque
1794 567 2043 641 superis,

2232 570 2290 637 ζ’.
2321 571 2495 623 Ταῦτα
2529 568 2623 641 μὲν
2652 567 2710 622 ἐκ
2736 570 2845 622 τῶν
2889 566 3150 642 οὐρανίων
3198 565 3288 621 καὶ
3343 588 3450 622 των
3508 568 3620 622 ἀνω
3670 590 3811 642 συμ-

393 675 516 731 quas
549 675 653 730 pro
691 672 906 728 magna
934 673 1021 721 ea,
1055 674 1181 729 qua:
1233 657 1290 712 in
1338 658 1607 713 universo
1657 657 1868 725 elucet,
1900 674 2042 714 eon-

391 748 591 802 cordia
620 751 676 801 et
706 746 1135 802 necessitudine
1168 747 1341 802 rebus
1360 747 1575 802 nostris
1607 747 2041 816 condolescunt,

391 836 549 892 dicta
589 836 915 900 sint..Qu£e
964 852 1100 890 vero
1150 841 1501 907 sequuntur,
1537 836 1877 892 Psalmistes
1917 839 2041 907 jam

393 925 537 980 mihi
570 924 799 997 expleat
830 943 840 979 :
879 930 941 979 Et
969 926 1115 982 151
1153 927 1400 981 civitates
1430 926 1817 981 destruxistz‘“
1848 930 1939 996 (ut
1956 943 2046 982 ve-

390 1019 543 1071 teres
568 1014 699 1070 illas
717 1016 789 1070 ob
812 1015 1046 1070 easdem
1069 1014 1443 1086 impietates),
1460 1016 1611 1071 inter
1631 1016 1811 1087 ipsas,
1829 1016 2044 1087 quibus

390 1105 451 1160 in
485 1122 593 1160 nos
625 1105 959 1171 utebantur,
980 1104 1571 1176 iniquitates,partim
1605 1104 1752 1160 mari
1783 1106 2044 1176 obrutas,

394 1195 609 1267 partim
642 1198 807 1249 terrae
856 1199 1013 1249 motu
1048 1198 1373 1266 prostratae
1413 1200 1470 1250 et
1517 1211 1769 1263 eversae,
1803 1199 1868 1250 ut
1915 1212 2046 1267 pro-

392 1285 706 1356 pemodum
738 1283 797 1338 id
852 1284 1005 1356 quod
1036 1284 1329 1356 reliquum
1375 1289 1481 1354 est,
1534 1285 1725 1340 dicere
1774 1285 1995 1357 possim
2032 1302 2044 1340 :

394 1375 575 1431 Periit
624 1376 895 1429 memoria
947 1390 1147 1429 earum
1198 1391 1323 1429 cum
1374 1376 1558 1430 sonitu
1586 1376 1650 1445 ⁸⁵,
1684 1378 1740 1429 et
1787 1374 1943 1429 claro
1981 1392 2047 1429 ac

399 1462 611 1521 celebri
643 1463 838 1519 exitio.
870 1464 1055 1518 Tanta
1084 1464 1239 1519 enim
1273 1464 1443 1519 ruina
1489 1467 1577 1520 est
1605 1467 1882 1535 tantaque
1911 1480 2047 1519 con-

399 1552 602 1610 fractio
630 1568 829 1608 earum
863 1570 929 1608 ac
963 1553 1197 1608 illarum
1230 1570 1355 1624 quae
1384 1570 1413 1609 e
1444 1554 1633 1609 vicino
1673 1557 1830 1620 sunt,
1865 1554 2047 1609 maxi-

398 1657 606 1717 meque
636 1641 847 1700 harum
870 1659 997 1714 quae
1028 1642 1328 1715 impietate
1348 1643 1811 1709 delectantur,ut
1841 1644 1890 1697 si
1916 1642 2048 1715 quis

394 1732 573 1789 etiam
604 1747 807 1788 earum
836 1731 1323 1788 instaurationem
1348 1733 1583 1805 aggredi
1616 1733 2047 1803 audeat,multo

396 1826 659 1894 tempore
690 1821 759 1876 ad
797 1838 924 1877 eam
958 1836 1080 1878 rem
1113 1838 1261 1894 opus
1292 1823 1554 1878 futurum
1586 1823 1681 1877 sit.

469 1910 590 1966 VII.
623 1912 702 1967 Ac
749 1915 915 1966 terres
946 1911 1182 1983 quidem
1215 1916 1271 1967 et
1322 1911 1447 1967 θα)Ῑί
1498 1913 1618 1967 hznc
1668 1916 1896 1968 ostenta
1923 1913 2046 1969 fue-

398 2002 541 2057 runt
570 2018 590 2057 :
621 2004 891 2056 caaterum
924 2018 1023 2057 aer
1053 2002 1394 2071 hujusmodi
1424 2005 1685 2074 tempore
1717 2001 1938 2058 nihilne
1963 2003 2051 2056 in-

400 2089 568 2163 signe
598 2089 920 2155 edidit,nec
954 2091 1244 2162 passionis
1275 2091 1487 2147 Christi
1517 2091 1702 2163 signis
1736 2091 2056 2147 sanctiﬁca-

398 2182 496 2234 tus
528 2179 668 2235 est?
698 2178 1003 2235 Proferant
1033 2197 1189 2235 nunc
1243 2197 1472 2252 quoque
1519 2185 1712 2236 vestes
1761 2198 1920 2251 suas,
1955 2181 2053 2251 qui

398 2268 581 2340 hujus
612 2268 877 2324 miraculi
932 2273 1290 2341 spectatores
1322 2274 1378 2325 et
1420 2271 1637 2325 conscii
1685 2271 2054 2336 exstiterunt,

396 2356 554 2429 illae,
582 2358 847 2430 inquam,
871 2360 1064 2415 crucis
1086 2360 1239 2415 notis
1259 2363 1400 2415 tunc
1421 2359 1648 2416 inustas
1670 2364 1728 2415 et
1748 2360 2055 2431 consigna-

397 2453 509 2507 tae.
546 2447 733 2504 Simul
765 2448 921 2503 enim
955 2465 1022 2503 ac
1052 2449 1369 2521 quispiam,
1404 2449 1523 2505 sive
1555 2454 1912 2516 nostrorum,
1938 2450 2056 2504 sive

400 2542 732 2595 exterorum
764 2536 885 2591 hzec
935 2537 1233 2607 narrabat,
1265 2542 1369 2593 aut
1407 2542 1712 2593 narrantes
1762 2538 2055 2610 audiebat,

402 2626 602 2684 statim
633 2624 745 2681 hoc
766 2624 1229 2697 miraculum,vel
1254 2626 1311 2681 in
1334 2626 1638 2699 seipso,vel
1663 2628 1722 2682 in
1742 2628 1934 2684 vicino
1952 2647 2058 2685 suo

402 2714 813 2791 perspiciebat,
847 2714 1115 2771 stellatus
1148 2715 1429 2771 nimirum
1478 2716 1603 2787 ipse
1634 2718 1903 2789 notisque
1933 2720 2059 2775 dis-

402 2804 650 2876 tinctus,
696 2803 783 2859 vel
834 2804 999 2859 illum
1052 2804 1228 2860 talem
1273 2805 1332 2861 in
1389 2806 1754 2862 vestimentis
1798 2807 2056 2879 intuens,

402 2906 637 2951 omnem
685 2893 915 2949 textorii
962 2893 1191 2949 artificii
1241 2894 1615 2967 elegantiam,
1676 2900 1776 2951 aut
1828 2914 2061 2954 summa

403 3001 545 3041 cura
584 2982 937 3039 elaboratam
989 2983 1279 3055 picturam
1330 2984 1611 3041 varietate
1659 2991 2057 3058 superantem.

404 3075 541 3141 Quae
572 3089 665 3129 res
695 3072 1088 3145 spectantium
1120 3073 1348 3129 animos
1379 3078 1541 3130 tanto
1573 3079 1813 3148 stupore
1846 3076 2056 3144 affecit,

406 3166 472 3220 ut
492 3179 696 3218 omnes
720 3163 1095 3235 ferme,quasi
1118 3180 1187 3219 ex
1209 3163 1377 3237 signo
1400 3181 1537 3235 uno,
1562 3169 1737 3236 atque
1764 3183 1882 3222 una
1899 3183 2057 3233 voce,

2152 657 2475 732 πασχόντων
2524 662 2641 719 τοῖς
2688 655 3002 733 ἡμετέροις,
3053 656 3190 711 κατὰ
3242 656 3339 724 τὴν
3406 654 3653 731 μεγάλην
3712 662 3809 712 τοῦ

2156 747 2352 809 παντὸς
2412 748 2673 822 ἁρμονίαν
2728 768 2788 803 τε
2842 745 2931 801 καὶ
3003 744 3313 801 οἶκείωσιν·
3369 745 3437 799 τὰ
3487 743 3545 799 δὲ
3599 745 3721 815 ἑξῆς
3782 747 3810 800 ὁ

2153 834 2375 909 ψαλμὸς
2550 835 2963 912 συμπληροῦτώ
2994 857 3086 909 μοι
3114 857 3127 870 ο
3174 834 3256 890 ὅτι
3305 833 3404 889 Καὶ
3459 834 3649 896 πόλεις
3682 837 3809 889 καθ-

2156 925 2299 987 εἷλες
2358 927 2455 999 (ὡς
2503 928 2599 988 τὰς
2641 925 2875 987 παλαιὰς
2924 925 3129 987 ἐκείνας
3161 923 3247 979 ἐπὶ
3276 928 3393 986 τοῖς
3444 923 3629 986 αὐτοῖς
3686 926 3810 981 ἀσε-

2154 1009 2438 1086 ϐήμασιν),
2472 1014 2523 1069 ἐν
2552 1014 2735 1077 αὐταῖς
2767 1020 2887 1077 ταῖς
2927 1015 3044 1069 καθ’
3073 1016 3233 1087 ἡμῶν
3266 1013 3651 1089 παρανομίαις,
3714 1016 3813 1075 τὰς

2160 1107 2251 1177 μὲν
2310 1103 2599 1179 πελάγεσιν
2661 1102 3091 1170 ἐπικλυσθείσας,
3158 1102 3253 1165 τὰς
3311 1100 3370 1158 δὲ
3418 1108 3625 1176 σεισμῷ
3680 1124 3813 1157 κατ-

2157 1194 2479 1269 ενεχθείσας,
2512 1195 2586 1256 ὡς
2618 1198 2815 1271 μικροῦ
2844 1194 2934 1249 καὶ
2964 1194 3026 1247 τὸ
3058 1191 3379 1266 λειπόμενον
3416 1190 3562 1268 ἔχειν
3615 1193 3812 1262 εἰπεῖν,

2161 1282 2243 1337 ὅτι
2275 1283 2556 1339 Ἀπώλετο
2586 1284 2649 1338 τὸ
2704 1282 3049 1356 μνημόσυνον
3100 1282 3272 1337 αὐτῶν
3333 1284 3443 1355 (31)
3508 1284 3622 1355 μετ’
3666 1280 3815 1357 ἤχου

2154 1372 2243 1428 καὶ
2283 1368 2615 1449 περιϐοήτου
2644 1380 2744 1442 τῆς
2778 1370 3052 1433 ἀπωλείας
3084 1391 3095 1404 ’
3146 1370 3379 1441 τοσαύτη
3413 1370 3517 1447 γὰρ
3548 1370 3723 1425 αὐτῶν
3776 1372 3812 1441 ἡ

2156 1466 2382 1536 πτῶσις,
2415 1462 2504 1517 καὶ
2543 1461 2759 1517 τοιοῦτο
2810 1464 2924 1535 (32)
2980 1462 3042 1515 τὸ
3074 1459 3405 1534 σύντριμμα,
3455 1459 3546 1514 καὶ
3594 1465 3701 1515 τῶν
3755 1460 3814 1514 ἐκ

2163 1551 2420 1627 γειτόνων
2455 1553 2589 1624 (33),
2620 1550 2709 1605 καὶ
2744 1549 2980 1624 μάλιστα
3016 1553 3085 1623 τῇ
3135 1543 3351 1620 ἀσεϐείᾳ
3396 1549 3509 1623 (34)
3556 1568 3810 1623 περιχαι-

2159 1641 2386 1718 ρόντων,
2446 1641 2519 1703 ὡς
2587 1644 2702 1713 (35)
2777 1638 2992 1695 πολλοῦ
3065 1638 3271 1715 χρόνου
3325 1636 3433 1693 δεῖν
3495 1636 3705 1710 αὐταῖς,
3767 1637 3820 1692 εἶ’

2153 1751 2236 1792 τις
2294 1728 2397 1804 ἄρα
2449 1729 2540 1785 καὶ
2595 1727 2897 1803 τολμήσειε
2960 1732 3121 1784 τοῦτο
3198 1725 3334 1801 πρὸς
3582 1726 3813 1803 ἐπανόρ-

2156 1821 2345 1875 θωσιν.
2844 1864 2853 1875 .

2233 1912 2301 1979 z'.
2335 1910 2453 1985 Ἆρ’
2488 1908 2579 1962 οῦν
2608 1914 2676 1984 γῆ
2715 1907 2808 1982 μὲν
2840 1907 2982 1962 οὓτω
3008 1907 3097 1961 καὶ
3147 1904 3369 1983 οὐρανός
3397 1928 3408 1943 υ
3476 1907 3580 1982 ἀὴρ
3761 1904 3819 1961 δὲ

2163 1999 2262 2055 οὐκ
2290 1998 2634 2072 ἐπισημαίνει
2663 2003 2779 2060 τοῖς
2809 1997 3084 2058 τοιούτοις
3125 2001 3357 2072 καιροῖς,
3410 1993 3536 2050 οὐδὲ
3584 1995 3815 2071 ἡγιάσθη

2161 2090 2284 2145 τότε
2341 2090 2456 2151 τοῖς
2541 2086 2793 2160 σημείοις
2865 2092 2961 2141 τοῦ
3032 2086 3292 2154 πάθους;
3366 2082 3814 2155 Ἐπιδειξάτωσαν

2164 2175 2240 2234 ἔτι
2425 2178 2512 2231 καὶ
2563 2181 2653 2230 νῦν
2712 2177 2809 2237 τὰς
2848 2175 3091 2246 ἐσθῆτας,
3140 2176 3191 2229 οἳ
3223 2179 3317 2228 τοῦ
3376 2174 3654 2247 θαύματος
3690 2174 3823 2229 ἐκεί-

2164 2289 2259 2323 νου
2290 2268 2469 2321 θεαταὶ
2501 2266 2589 2321 καὶ
2625 2265 2841 2339 μύσται,
2874 2265 2968 2327 τὰς
2996 2265 3119 2320 τότε
3159 2262 3659 2337 κατασημανθείσας
3709 2266 3822 2335 (39)

2163 2363 2281 2420 τοῖς
2335 2360 2432 2411 τοῦ
2492 2359 2723 2431 σταυροῦ
2790 2354 3095 2431 στίγμασιν.
3155 2355 3326 2428 Ὁμοῦ
3382 2374 3441 2408 τε
3497 2354 3599 2428 γὰρ
3655 2357 3822 2407 ταῦτα

2168 2445 2411 2520 διηγεῖτό
2465 2446 2566 2516 τίς,
2600 2446 2693 2499 εἴτ’
2752 2445 2841 2499 οῦν
2899 2448 3006 2498 τῶν
3064 2444 3372 2519 ἡμετέρων,
3432 2441 3533 2499 εἴτ’
3591 2439 3681 2496 οὖν
3714 2446 3823 2495 τῶν

2167 2533 2357 2607 ἔξωθεν
2417 2537 2550 2609 (40),
2609 2536 2643 2603 ἢ
2702 2531 3081 2608 διηγουμένων
3135 2530 3324 2600 ἤκουε,
3384 2531 3474 2587 καὶ
3522 2533 3582 2586 τὸ
3641 2534 3821 2601 θαῦμα

2168 2626 2311 2702 ἑώρα
2340 2626 2465 2701 παρ’
2499 2624 2691 2695 ἑαυτῷ,
2719 2625 2753 2692 ἢ
2782 2624 2858 2694 τῷ
2906 2620 3143 2692 πλησίον
3199 2621 3513 2698 γινόμενον,
3562 2619 3817 2675 κατάστε-

2169 2735 2261 2792 ρος
2310 2713 2405 2784 ὣν,
2459 2716 2493 2783 ἢ
2546 2711 2746 2767 ἐκεῖνον
2798 2713 2937 2787 ὁρῶν
2986 2714 3233 2766 τοιοῦτον
3284 2711 3337 2765 ἐν
3384 2716 3500 2772 τοῖς
3531 2709 3818 2782 ἐσθήμασι,

2168 2806 2345 2873 πάσης
2406 2803 2758 2878 ἱστουργικῆς
2830 2798 3068 2879 ψηφῖδος
3135 2802 3169 2869 ἦ
3236 2798 3525 2875 περιέργου
3604 2803 3820 2873 ζωγρα-

2168 2893 2291 2972 φίας
2322 2896 2435 2964 (41)
2464 2890 2882 2965 ποικιλώτερον,
2936 2891 3030 2947 Ἐκ
3075 2888 3268 2944 τούτου
3315 2886 3367 2941 τί
3414 2886 3613 2963 γίνεται
3650 2904 3664 2954 ;
3725 2893 3824 2940 Το-

2170 2981 2337 3049 σαύτη
2404 2985 2513 3036 τῶν
2577 2980 2871 3057 ὁρωμένων
2936 2978 3291 3052 κατάπληξις,
3336 2976 3409 3039 ὡς
3473 2978 3671 3051 μικροῦ
3726 2974 3822 3047 μὲν

2170 3072 2403 3134 ἅπαντας
2454 3069 2634 3146 ὥσπερ
2684 3070 2733 3141 ἐξ
2784 3068 2898 3131 ἐνὸς
2960 3070 3304 3142 συνθήματος
3365 3068 3476 3140 (42)
3548 3066 3638 3120 καὶ
3702 3070 3829 3137 μιᾶς

2170 3169 2357 3240 φωνῆς
2406 3162 2494 3217 τὸν
2540 3164 2647 3215 τῶν
2698 3162 3039 3235 Χριστιανῶν
3098 3155 3480 3213 ἀνακαλεῖσθαι
3550 3154 3701 3223 Θεὸν,
3753 3152 3833 3208 εὖ·

292 3272 295 3277 ·
407 3251 874 3307 Cbrietianorum
925 3258 1105 3308 Deum
1156 3253 1511 3325 invocarent,
1554 3270 1806 3327 eumque
1854 3256 2057 3312 multis

2178 3251 2403 3331 φημίαις
2431 3272 2489 3306 τε
2517 3248 2753 3311 πολΛαῖς
2794 3248 2883 3303 καὶ
2931 3245 3156 3309 ἱκεσίαις
3210 3246 3369 3301 αὐτὸν
3422 3242 3789 3315 ἐξιλάσκεσθαι
3816 3259 3828 3271 ο

410 3340 1087 3413 laudibusprecibusque
1110 3341 1338 3414 placare
1356 3344 1684 3413 studerent;
1701 3345 1873 3400 multi
1890 3346 2057 3400 etiam

2178 3329 2428 3403 πολλοὺς
2480 3338 2538 3395 δὶ
2586 3340 2684 3394 οὐκ
2732 3338 2807 3401 εἷς
2852 3331 3148 3406 ἀναϐολὰς,
3198 3333 3346 3391 ἀλλὰ
3376 3335 3502 3411 παρ’
3534 3331 3668 3388 αὐτὰ
3721 3336 3826 3386 τῶν

409 3429 617 3485 nonin
662 3428 890 3501 longius
936 3448 1056 3487 rem
1111 3433 1500 3502 extrahentes,
1531 3435 1631 3490 sed
1682 3435 1885 3489 eodem
1934 3435 2057 3506 ipso

2178 3428 2492 3506 συμϐάντων
2550 3429 2997 3507 προσδραμόντας
3043 3433 3160 3491 τοῖς
3218 3429 3446 3503 ἱερεῦσιν
3509 3427 3695 3498 ἡμῶν,
3736 3421 3827 3478 καὶ

406 3520 691 3592 tempore,
711 3536 826 3594 quo
849 3520 968 3576 hanc
1000 3521 1356 3591 acciderunt,
1382 3524 1452 3578 ad
1476 3524 1806 3579 sacerdotes
1829 3528 2059 3579 nostros

409 3610 1106 3685 properantes,adhibitis
1137 3612 1340 3668 multis
1362 3614 1633 3685 precibus
1657 3614 1715 3668 in
1740 3613 2058 3669 Ecclesiam

413 3700 682 3771 admissi,
719 3716 783 3757 ac
832 3700 1277 3757 sublimioribus
1327 3703 1622 3774 mysteriis
1669 3703 1882 3757 imbuti
1921 3704 2058 3773 sint,

413 3808 579 3848 sacro
611 3790 965 3864 baptismate
996 3792 1310 3864 purificati,
1345 3796 1517 3863 atque
1549 3792 1861 3847 utilitatem
1893 3810 1958 3847 ex
1989 3793 2060 3847 ti-

414 3897 575 3938 more
606 3881 926 3937 consecuti.

483 3970 634 4026 VlII.
668 3971 755 4026 Ita
784 3970 1017 4041 quidem
1051 3988 1113 4026 se
1144 3988 1235 4027 res
1283 3971 1598 4027 habebant.
1629 3970 1900 4028 Julianus
1931 3987 2064 4027 vero

416 4059 632 4117 furoris
662 4060 880 4115 sensim
904 4059 1360 4132 ingravescentis
1378 4064 1553 4117 oestro
1584 4062 1843 4134 percitus
1873 4064 1930 4117 et
1950 4060 2069 4133 agi-

416 4152 599 4218 tatus,
634 4148 704 4203 ad
728 4148 923 4219 ipsum
946 4148 1347 4206 calamitatum
1373 4166 1611 4206 suarum
1635 4154 1811 4222 caput
1829 4153 2065 4206 tandem

421 4236 671 4294 devenit.
704 4237 776 4292 Ut
806 4238 961 4293 enim
993 4239 1456 4295 Christianorum
1488 4256 1580 4295 res
1610 4257 1678 4295 ex
1721 4240 1903 4295 animi
1936 4258 2065 4295 sen-

418 4326 604 4383 tentia
632 4342 693 4384 se
724 4326 937 4384 habere
969 4327 1337 4397 existimavit,
1357 4333 1528 4399 atque
1558 4346 1626 4384 ex
1656 4329 1771 4399 his,
1790 4346 1917 4401 quis
1942 4330 2069 4400 jam

494 4464 539 4498 ⁶⁴
566 4463 721 4520 Psal.
754 4482 832 4532 ιι,
862 4466 915 4521 7.
992 4464 1037 4499 ⁸⁵
1068 4463 1210 4518 ibid.

662 4596 920 4671 Ψαλμός.
984 4598 1123 4669 Reg.
1189 4598 1292 4667 hu,
1378 4596 1507 4652 Ald.
1570 4601 1627 4653 et
1690 4598 1856 4655 Herv.
1932 4595 2071 4671 ψαλ-

494 4693 517 4724 υ
587 4690 633 4724 c.

587 4690 633 4731 ς.

430 4690 633 4742 μῳοος.

497 4744 611 4813 (31)
641 4739 847 4796 Αὐτῶν.
883 4745 1003 4796 Duo
1034 4740 1175 4795 Reh.
1210 4736 1394 4813 αὐτοῦ.

496 4812 612 4881 (3‘3)
644 4815 891 4885 Τοιοῦτο.
923 4812 1015 4867 Sic
1045 4829 1190 4885 mes.
1225 4812 1372 4868 Edit.
1404 4831 1560 4885 vero,
1589 4817 1851 4869 τοιοῦτον.

498 4886 611 4958 (33)
653 4884 792 4958 ΤῶνΔ
826 4881 884 4937 ἐκ
927 4883 1207 4958 γειτόνων.
1259 4888 1420 4942 Pass.
1472 4881 1768 4943 et'Schol.
1822 4886 2073 4943 Montac.

421 4954 530 5011 τῶν
565 4954 615 5029 ἐν
646 4954 919 5029 γειτιξνων.

499 5028 617 5100 (34)
645 5021 906 5099 ’Άσεϐείφ
942 5033 1025 5084 Ita
1054 5028 1215 5100 Pass.
1250 5029 1465 5100 aliique
1497 5030 1746 5097 codices,
1779 5034 1835 5085 et
1866 5045 2077 5085 sensus

426 5096 705 5174 postulat.
736 5096 884 5155 Editi
919 5106 1136 5157 autem.
1171 5096 1502 5174 eaeaeae...
1554 5096 1789 5173 pietate,
1844 5124 1871 5174 η
1922 5101 2077 5173 quod

428 5171 664 5246 tolerari
697 5176 941 5246 poterat,
974 5174 1023 5229 si
1073 5174 1323 5241 abesset,
1374 5171 1630 5246 μάλιστα,
1667 5174 1811 5246 quia
1854 5172 1913 5228 in
1939 5171 2074 5227 'im-

430 5244 661 5318 piorum
694 5244 882 5316 ruina,
914 5246 1001 5301 vel
1036 5246 1300 5317 piissimo
1331 5244 1541 5318 cuique
1568 5245 1771 5318 vicino
1810 5251 2077 5318 metuen—

429 5316 572 5371 dum
605 5333 752 5385 esse,
787 5316 1058 5390 probant,
1090 5316 1524 5374 Sodomitarum
1568 5321 1625 5372 et
1670 5317 1940 5373 Abironis
1984 5333 2079 5443 ρο-

429 5389 730 5443 reuntium
763 5391 1047 5443 exempla.
1110 5395 1167 5443 et
1207 5391 1483 5443 adhibitae
1539 5393 1666 5443 tum
1713 5390 1784 5443 ab
1833 5406 1979 5443 anne
2008 5388 2075 5443 is.

428 5389 730 5445 reuntium
763 5388 1047 5462 exempla,
1110 5395 1167 5446 et
1207 5391 1483 5447 adhibitae
1539 5393 1666 5444 tum
1713 5390 1784 5445 ab
1833 5388 2075 5461 angelis,

433 5466 554 5515 tum
590 5479 623 5517 a
651 5462 847 5534 Moyse
879 5463 1198 5518 cautiones.

504 5534 615 5603 (35)
645 5538 752 5592 Ὡς.
790 5536 948 5590 Pass.
981 5534 1137 5588 ὥστε.

514 5601 627 5678 (βὸ)
658 5603 802 5678 Πρός
833 5607 994 5678 Pass.
1029 5601 1389 5678 aliique,__ei¢.

507 5676 621 5750 (ἓῖ)
648 5674 983 5750 ξᾼήρηΜᾶΙθ
1011 5674 1159 5750 AldL’
1174 5680 1231 5732 et
1260 5676 1426 5731 Herv.
1464 5674 1617 5749 ἀνήρ,
1656 5699 1682 5725 ››
1712 5676 1818 5731 vir.
1856 5696 1884 5725 »

514 5744 599 5800 ’38
647 5744 787 5803 Ἔτι.
823 5747 998 5805 Mont.
1033 5747 1109 5809 είς
1131 5744 1228 5803 ἔτι.

506 5748 622 5894 (39)
653 5820 1180 5893 Κατασημανθείσας.

531 5816 622 5890 39)
653 5820 1180 5893 Κατασημανθείσας.
1227 5825 1385 5877 Pass.
1427 5816 1899 5894 ἰπισημανθείσας.

2102 4722 2149 4785 Β

2168 3520 2354 3578 πολλὰ
2419 3517 2837 3591 καταδεηθὲντας
2912 3524 3012 3586 τῆς
3086 3539 3144 3572 τε
3202 3515 3524 3581 Ἐκκλησίας
3577 3514 3819 3591 γενέσθαι

2174 3612 2359 3686 μέρος,
2389 3611 2477 3665 καὶ
2514 3610 2787 3682 μυηθῆναι
2821 3610 2887 3663 τὰ
2912 3607 3217 3680 τελεώτερα
3260 3608 3392 3678 (43),
3425 3610 3503 3676 τῷ
3531 3604 3662 3678 ἱερῷ
3707 3604 3822 3675 (44)

2168 3698 2608 3775 καθαγνισθίψνας
2670 3698 3024 3773 βαπτίσματι,
3082 3695 3170 3752 καὶ
3230 3693 3319 3750 διὰ
3372 3695 3461 3749 τὸν
3507 3688 3677 3772 φόϐον
3708 3694 3821 3764 (45)

2173 3788 2573 3868 ὥφεληθὲντας.

2245 3972 2329 4028 Η’.
2370 3969 2505 4046 Εἶχε
2548 3970 2642 4042 μὲν
2675 3967 2770 4023 οῦν
2805 3966 2948 4023 οὕτω
2978 3970 3144 4021 ταῦτα
3171 3985 3183 3996 ·
3245 3965 3273 4018 ὁ
3315 3960 3393 4038 δὲ,
3425 3966 3541 4025 ταῖς
3573 3963 3709 4017 κατὰ
3744 3981 3833 4031 μι-

2174 4060 2302 4136 κρὸν
2361 4058 2570 4132 μανίαις
2619 4057 3154 4133 οίστρηλατούμενος
3202 4055 3291 4109 καὶ
3340 4051 3686 4126 δονούμενος,
3747 4049 3833 4103 ἐπὶ

2176 4149 2305 4205 αὐτὸ
2332 4149 2394 4203 τὸ
2423 4146 2714 4225 κεφάλαιον
2750 4148 2954 4217 ἀπαντᾷ
2982 4150 3089 4201 τῶν
3142 4145 3333 4200 ἑαυτοῦ
3383 4144 3700 4220 συμφορῶν.
3746 4140 3835 4198 Ὠς

2175 4240 2276 4315 γὰρ
2308 4240 2443 4293 κατὰ
2470 4242 2594 4292 νοῦν
2642 4234 2792 4313 ἔχειν
2834 4236 2980 4307 αὐτῷ
3026 4236 3093 4290 τὰ
3136 4234 3470 4309 Χριστιανῶν
3528 4228 3688 4302 ᾤετο,
3748 4227 3836 4281 καὶ

2179 4328 2264 4391 ῡῖς
2296 4325 2406 4397 ἤδη
2468 4326 2823 4405 κατείργαστο
2875 4328 3010 4400 (46),
3058 4326 3119 4380 τὸ
3166 4324 3255 4378 καὶ
3295 4326 3398 4377 πᾶν
3445 4319 3656 4377 ἁλωτὸν
3707 4316 3837 4372 εἶναι

2183 4670 2224 4726 Ρ
2254 4599 2495 4726 (“gini
2530 4591 2744 4668 ἔξωθεν.
2778 4597 2869 4654 Sic
2902 4612 3116 4670 magno
3166 4609 3459 4652 consensu
3490 4607 3635 4648 mss.
3686 4588 3817 4645 Edit

2229 4688 2312 4726 ar.
2400 4690 2529 4723 νων.

2229 4688 2312 4727 ar.
2345 4688 2424 4727 ξεν
2433 4690 2506 4723 ων
2516 4710 2529 4722 .

2253 4672 2788 4815 (ἳ1ξὲνυέίογραιρίας.
2845 4741 2995 4815 Βος.
3067 4738 3169 4815 h_u,
3241 4736 3398 4815 Golb.
3460 4736 3525 4815 _3,
3569 4731 3725 4815 .Ald.
3790 4737 3845 4815 et

2187 4800 2358 4870 Herv:
2388 4800 2614 4887 addunt
2634 4800 3045 4887 ἄμπεχόμεῖον.
3076 4800 3424 4887 ,Ράεει-Βθε.
3459 4800 3529 4887 l,'_
3558 4800 3839 4886 ἀμπισχό-

2190 4905 2369 4958 μενον.
2404 4886 2490 4941 Ita
2533 4878 2710 4941 etiam
2759 4878 2960 4940 Comb.
2993 4880 3091 4954 qui
3128 4881 3320 4949 vertit,
3356 4878 3398 4931 εἷ
3416 4878 3624 4949 majori
3653 4878 3842 4931 varie-

2187 4962 2305 5014 tate
2337 4958 2702 5031 amictum.»
2827 5026 2836 5031 _
3078 5028 3105 5031 _
3209 5024 3223 5031 -
3539 5020 3550 5031 .

2259 5031 2372 5102 (42)
2404 5028 2489 5098 Ἐξ
2521 5028 2633 5102 ἑνὸς
2672 5026 3038 5102 συνθήματος.
3067 5024 3267 5102 COI_I'_lb.
3325 5045 3347 5073 ι
3383 5024 3554 5095 quasi
3601 5035 3671 5076 sx
3723 5034 3842 5072 una

2186 5096 2431 5168 tessera,
2468 5096 2495 5171 ἱ)
2522 5100 2637 5167 vel,
2674 5122 2701 5151 ‹‹
2732 5096 2901 5171 quasi
2930 5115 2995 5154 ex
3028 5096 3373 5171 condicto._»

2282 5175 2349 5229 43
2402 5164 2850 5245 Γελεώτερα.Ἰἰθ.
2879 5187 3023 5226 mss.
3056 5168 3229 5239 Editi,
3264 5164 3594 5237 τελειότερα.

2258 5174 2370 5315 (44)
2437 5244 2605 5315 Ἱερῷ.
2674 5244 2767 5298 Sic
2834 5243 3064 5299 codices
3150 5254 3376 5297 omnes.
3466 5234 3594 5293 Edit

2284 5247 2349 5300 44

2189 5315 2361 5389 θείῳ.Δ
2709 5378 2759 5389 ,Α
2899 5385 2929 5389 _
3112 5379 3135 5389 _
3175 5379 3187 5389 _
3282 5382 3311 5389 _
3476 5371 3505 5389 ο
3578 5379 3605 5389 ,

2404 5378 2845 5461 Διὰ-τὸνλφόϐρν.
2899 5385 3057 5440 Pass.
3109 5379 3199 5461 διὰ
3244 5382 3351 5461 τῷν
3398 5371 3645 5461 φοβερῷν
3707 5373 3842 5449 ὡφε-

2188 5450 2446 5533 ληθέντας
2474 5458 2549 5533 τὸ-
2564 5458 2644 5533 μὴ
2667 5450 2982 5533 ’φοϐεῖσθαιδ
3019 5450 3636 5533 (ιειῐςῃιεὶᾲμίἰὶὶῑὰρίε
3666 5463 3843 5533 ΘΧΑΓΘῙ

2189 5519 2302 5587 bus
2332 5519 2610 5586 timendis
2636 5519 2959 5585 consecuti
3013 5531 3077 5582 ut
3120 5519 3266 5582 nihil
3307 5524 3614 5599 _t_imerent.
3668 5542 3697 5569 »
3730 5519 3841 5599 sed

2188 5603 2310 5658 haec
2357 5618 2473 5658 non
2520 5605 2848 5673 agnoscunt
2894 5599 3158 5673 plerique
3219 5595 3470 5665 codices,
3520 5608 3626 5650 nec
3673 5592 3845 5646 vertit

2190 5673 2417 5748 Billius.
2451 5668 2618 5748 Ηθῐξῖι.
2653 5668 2741 5726 διὰ
2768 5674 2878 5748 τίὲν
2894 5668 3117 5748 ἶρέοων.

2262 5746 2377 5817 (46)
2406 5742 2785 5820 Κατείργαστο.
2818 5733 3107 5820 Sic'Paes.
3139 5739 3450 5813 ceterique
3479 5752 3625 5794 mss.
3659 5733 3843 5792 Mont.

2262 5763 2377 5817 (4ο)
2409 5763 2785 5871 κατειργάσω.
2819 5763 2913 5799 mc
2942 5763 3107 5800 rues.
3139 5763 3173 5797 c

2192 5832 2326 5874 vero
2356 5820 2413 5873 et
2441 5816 2581 5872 edit.
2650 5834 2734 5874 ar.
2763 5815 3173 5892 κατειργάσατο.

2437 5244 2605 5319 Ἱερῷ.
2646 5232 2767 5298 ’8ἱο
2834 5243 3064 5299 codices
3150 5232 3376 5297 omnes.
3466 5232 3617 5293 Edit.
3706 5232 3835 5287 Par.
