4148 6290
296 356 415 415 6'73

1299 342 1588 413 ORATIO
1632 351 1709 411 V.
1741 383 1819 393 —
1850 340 2163 409 CONTRA
2208 348 2603 409 JULIANUM
2654 342 2731 406 II.

3592 356 3714 416 6'74

298 485 586 553 θελήσαντι
638 480 801 554 μόνον
860 482 974 554 (47)
1031 478 1277 548 ἐλπίσας,
1334 479 1424 534 καί
1478 501 1594 534 τινα
1648 478 1783 534 κατὰ
1835 483 1941 532 τῶν

2092 479 2406 547 onfecerat,
2438 479 2496 533 in
2529 495 2657 534 eam
2703 496 2867 550 spem
2907 480 3195 536 adductus
3227 486 3334 550 est,
3368 483 3513 540 nihil
3564 502 3715 557 esse,

302 572 563 648 ἑσπερίων
616 566 901 646 βαρϐάρων
955 569 1245 646 εὐημερίαν
1310 570 1572 645 ἁρπάσας,
1639 568 1761 640 μίαν
1827 568 1952 642 βου-

304 662 515 717 Λεύεται
543 660 744 730 ταύτην
785 657 993 734 βουλὴν
1023 657 1394 727 συνετωτάτην
1422 680 1481 713 τε
1509 657 1597 712 καὶ
1647 656 1952 734 φιλανθρω-

304 754 563 818 ποτάτην.
601 751 763 825 Ἀρας
796 750 973 804 διττὸν
1007 747 1215 803 ἐνθένδε
1244 746 1491 824 στρατὸν,
1514 780 1517 781 ν
1540 747 1630 802 τὸν
1690 747 1783 819 μὲν
1842 748 1955 819 (48)

302 840 561 909 ὁπλιτῶν,
594 839 685 894 τὸν
721 837 777 893 δὲ
805 843 913 893 τῶν
942 839 1184 913 ἀγόντων
1242 837 1400 892 αὐτὸν
1445 835 1737 909 δαιμόνων,
1790 836 1835 908 ᾧ
1866 836 1953 889 καὶ

306 929 513 1003 μᾶλλον
549 928 665 1004 εἶχε
697 927 936 1005 θαρρεῖν,
979 927 1065 983 ἐπὶ
1116 926 1323 1001 Πέρσας
1384 926 1678 1003 στρατεύει,
1730 926 1955 1000 θράσους

300 1019 494 1096 ἀλογίᾳ
528 1016 742 1092 μᾶλλον
783 1019 817 1085 ἢ
848 1016 1043 1093 ῥώμης
1075 1013 1341 1092 ἀσφαλείᾳ
1369 1016 1655 1077 πιστεύσας
1683 1033 1694 1045 ·
1728 1015 1817 1069 καὶ
1842 1012 1956 1069 οὐδ’

299 1109 468 1165 έκεῖνο
502 1105 731 1164 συνιδεῖν
763 1104 1012 1177 δυνηθεὶς
1054 1107 1082 1161 ὁ
1134 1106 1470 1183 σοφώτατος,
1508 1106 1591 1160 ὅτι
1642 1106 1835 1180 θάρσος
1865 1103 1955 1158 καὶ

298 1201 490 1273 θράσος
521 1199 655 1271 (49),
686 1194 781 1251 κᾶν
813 1195 858 1250 εί
887 1200 1003 1256 τοῖς
1055 1194 1281 1267 ὀνόμασι
1330 1192 1648 1264 πλησιάζοι,
1699 1193 1954 1248 πλεῖστον

300 1285 567 1358 ἀλλήλων
597 1289 665 1359 τῇ
698 1282 921 1358 δυνάμει
954 1284 1309 1359 κεχώρισται,
1344 1281 1534 1359 ἀνδρίᾳ
1560 1303 1619 1337 τε
1666 1282 1731 1351 ἦν
1781 1282 1953 1360 φαμὲν

300 1378 390 1432 καὶ
423 1372 696 1449 ἀνανδρίᾳ.
726 1376 795 1429 Τὸ
830 1374 922 1446 μὲν
955 1373 1055 1449 γὰρ
1098 1372 1147 1428 έν
1197 1377 1312 1434 τοῖς
1360 1373 1693 1445 τολμητέοις
1742 1371 1954 1447 θαρρεῖν

304 1463 522 1541 ἀνδρίας
579 1463 739 1536 ἐστὶν,
797 1462 978 1538 ὣσπερ
1030 1461 1092 1516 τὸ
1158 1460 1399 1538 ὑφίεσθαι
1460 1458 1705 1522 δειλιας·
1776 1458 1841 1513 οὗ
1900 1457 1959 1513 δὲ

300 1552 505 1609 πλείων
536 1554 563 1609 ὁ
593 1550 858 1624 κίνδυνος,
887 1550 1055 1624 ὁμόσε
1087 1556 1293 1626 χωρεῖν
1319 1551 1409 1604 καὶ
1451 1549 1755 1619 ὠθίζεσθαι,
1813 1547 1959 1603 ἀλλὰ

307 1645 381 1716 μὴ
411 1642 753 1718 κατέχεσθαι,
783 1641 1032 1716 θράσους,
1086 1640 1266 1715 ὥσπερ
1315 1641 1377 1695 τὸ
1427 1640 1737 1715 ὑποχωρεῖν
1790 1639 1959 1716 ἀσφα-

304 1730 474 1793 λείας.
534 1732 634 1786 Καὶ
689 1730 751 1785 ού
808 1734 904 1784 τοῦ
958 1728 1123 1784 αὐτοῦ
1169 1728 1334 1805 λόγου
1382 1727 1559 1782 θετέον
1616 1728 1843 1805 φυλάξαι
1894 1726 1961 1781 τὰ

304 1816 452 1893 ὅντα,
504 1822 594 1876 καὶ
641 1825 748 1875 τῶν
782 1818 881 1874 οὐκ
910 1815 1079 1873 ὄντων
1110 1840 1162 1873 τι
1195 1814 1525 1892 προσλαϐεῖν
1553 1860 1565 1872 .
1600 1818 1662 1872 τὸ
1726 1818 1817 1890 μὲν
1855 1816 1957 1891 γάρ

309 1910 543 1983 μάλιστα
590 1907 680 1964 καί
728 1914 943 1985 πρῶτον
991 1913 1112 1970 τοῖς
1142 1912 1263 1962 νοῦν
1311 1904 1501 1982 ἔχουσι
1550 1905 1810 1979 τιμητέον
1840 1924 1852 1938 ’
1900 1906 1960 1960 τὸ

308 1997 386 2069 δὲ,
436 1999 497 2054 ἂν
551 2000 645 2073 μὶν
697 1997 917 2073 ὑπάρχῃ
967 1997 1101 2071 μετά
1135 1996 1437 2073 ῥᾳστώνης,
1471 1994 1717 2051 δεκτέον·
1784 1995 1842 2049 ἂν
1904 1992 1962 2049 δὲ

308 2088 614 2161 ἀντιπίπτῃ,
664 2088 1007 2163 περιοπτέον.
1057 2088 1117 2143 Ὁ
1169 2082 1226 2139 δὲ
1286 2085 1416 2161 ὑπὲρ
1461 2090 1557 2139 τοῦ
1582 2084 1879 2155 κτήσασθαί
1908 2107 1961 2139 τι

306 2183 411 2233 τῶν
464 2177 838 2250 ἐλπιζομένων
899 2183 1027 2229 πᾶσι
1083 2180 1203 2237 τοῖς
1262 2176 1569 2250 ὑπάρχουσι
1636 2172 1960 2229 κινδυνεύων

313 2267 430 2323 λίαν
463 2267 693 2337 ἀνόητος
726 2270 859 2338 (50).
896 2265 993 2319 Καί
1030 2286 1124 2337 μοι
1172 2266 1545 2340 προσεοικέναι
1597 2261 1744 2318 δοκεῖ
1791 2263 1966 2335 πύκτῃ

310 2362 458 2429 κακῷ
494 2359 593 2427 τὴν
626 2356 847 2431 τέχνην,
892 2356 1018 2429 πρὶν
1066 2356 1164 2423 τὴν
1217 2353 1395 2409 στάσιν
1458 2352 1514 2408 εὖ
1569 2354 1770 2427 θέσθαι,
1829 2374 1964 2429 προ-

310 2441 642 2519 ϐαλλομένῳ
667 2464 679 2477 ·
715 2446 747 2513 ἢ
775 2439 1077 2518 κυϐερνήτῃ
1116 2442 1418 2515 λελυμένης
1467 2442 1613 2513 αὐτῷ
1663 2449 1765 2511 τῆς
1810 2444 1963 2514 νηὸς,

308 2536 395 2590 καὶ
428 2534 490 2589 ού
530 2534 788 2607 πλοῖμως
840 2534 952 2607 (51)
997 2530 1257 2607 ἐχούσης,
1302 2536 1427 2585 ναῦν
1477 2528 1801 2585 καυαδύοντι
1855 2533 1967 2603 (52)

309 2621 601 2697 πολεμίαν,
662 2624 695 2690 ἢ
742 2618 1022 2675 καταδύειν
1082 2616 1457 2674 ἐσπουδακότι.
1508 2621 1602 2673 Ὧν
1666 2639 1759 2692 μοι
1820 2615 1971 2673 δοκεῖ

317 2710 484 2785 μηδὲν
547 2712 750 2773 ἐκεῖνος
798 2710 1140 2783 ἐνθυμηθεὶς,
1221 2708 1491 2783 ἓγχειρεῖν
1560 2706 1969 2784 ἀπερισκέπτως

315 2807 431 2863 τοῖς
489 2800 865 2876 ἐγνωσμένοις,
944 2796 1019 2854 ἔτι
1096 2803 1203 2853 τῶν
1273 2797 1592 2871 Ῥωμαϊκῶν
1663 2795 1968 2851 ὠδινόντων

320 2891 465 2962 αὐτῷ
523 2893 659 2964 (53),
719 2891 806 2944 καὶ
857 2893 1034 2950 κακῶς
1081 2884 1434 2961 διακειμένων
1467 2892 1547 2959 τῷ
1578 2884 1811 2962 διωγμῷ
1871 2886 1972 2959 μάο

324 2981 504 3049 λιστα,
534 2980 632 3047 τὴν
663 2977 957 3053 ἀλλοτρίαν
1004 2981 1298 3053 περινοῶν,
1338 2976 1428 3031 καὶ
1477 2974 1806 3049 Σαλμωνεὺς
1860 2977 1974 3049 (54)

330 3067 463 3122 εἷναί
493 3088 576 3129 τις
603 3066 661 3121 έκ
692 3067 891 3142 βύρσης
928 3068 1186 3141 βροντῶν,
1211 3065 1348 3140 πρὸς
1368 3064 1495 3127 τοὺς
1521 3064 1821 3138 Τραῖανοὺς
1848 3061 1975 3138 βλέ-

327 3179 445 3212 πων
481 3155 708 3217 ἐκείνους
756 3156 841 3210 καὶ
894 3157 1018 3217 τοὺς
1060 3153 1373 3231 Ἀδριανοὺς
1403 3156 1538 3227 (55),
1570 3155 1643 3208 ὧν
1676 3154 1783 3229 οὐχ
1813 3156 1973 3222 ἧττον

2064 570 2432 639 ᾳυοᾶ,ωοᾱο
2457 567 2645 638 vellet,
2674 570 2825 625 I52
2861 586 3138 640 superare
3168 574 3224 625 et
3244 588 3576 645 expugnare
3598 595 3714 633 non

2065 662 2281 729 posset,
2315 674 2380 712 ac
2432 663 2708 728 praeterea
2766 660 3027 730 prosperi
3077 661 3387 731 cujusdam
3440 664 3718 723 adversus

2065 748 2351 802 Occiduos
2384 747 2662 802 barbaros
2691 747 2878 801 bellici
2904 765 3213 804 successus
3236 752 3601 810 occasionem
3635 773 3721 812 ra-

2067 836 2251 909 piens,
2276 836 2384 891 hoc
2420 853 2602 891 unum
2626 836 2961 907 consilium,
2985 839 3517 908 prudentissimum
3540 844 3719 900 simul

2064 931 2121 982 et
2151 925 2653 981 humanissimum
2677 927 2851 997 capit.
2885 927 3180 999 lluplicem
3214 930 3370 985 enim
3401 930 3538 991 inde
3567 950 3724 990 excr-

2064 1016 2245 1071 citum
2263 1031 2523 1081 movens,
2540 1014 2791 1070 alterum
2811 1016 3348 1085 niilitum,alterum
3366 1020 3719 1095 daemonum,

2067 1122 2100 1160 a
2128 1104 2348 1175 quibus
2394 1102 2743 1169 ducebatur,
2770 1109 2825 1159 et
2860 1105 2916 1159 in
2950 1107 3118 1176 cujus
3151 1124 3259 1180 ope
3289 1107 3479 1181 ipsius
3508 1112 3725 1169 fiducia

2065 1194 2255 1265 magis
2279 1193 2591 1261 nitebatur,
2608 1194 2894 1249 adversus
2917 1194 3125 1252 Persas
3145 1198 3573 1269 expeditionem
3600 1218 3729 1258 sus-

2066 1285 2226 1356 cipit,
2260 1282 2544 1354 prascipiti
2574 1284 2901 1339 temeritate
2950 1285 3145 1355 potius
3180 1304 3357 1358 quam
3387 1289 3598 1347 virium
3626 1291 3725 1346 fir-

2069 1372 2271 1428 mitate
2302 1372 2485 1428 fretus
2520 1389 2532 1427 :
2567 1389 2631 1427 ac
2662 1388 2733 1427 ne
2784 1373 2930 1428 illud
2964 1375 3202 1445 quidem
3253 1379 3608 1450 perspiciens
3641 1381 3727 1437 vir

2068 1461 2565 1533 sapientissimus,
2600 1462 2875 1518 ﬁduciam
2919 1470 2974 1519 et
3021 1465 3350 1533 audaciam,
3374 1466 3509 1524 licet
3536 1470 3726 1526 nomi-

2068 1550 2159 1605 nis
2193 1550 2417 1606 ratione
2465 1551 2618 1605 inter
2648 1568 2709 1606 se
2737 1551 2936 1606 vicinas
2969 1553 3107 1620 sint,
3134 1556 3394 1626 potentia
3441 1563 3637 1615 tamen
3669 1565 3726 1616 et

2069 1638 2347 1696 facultate
2376 1640 2702 1712 plurimum
2742 1641 2894 1696 inter
2926 1659 2987 1696 se
3031 1642 3341 1701 distinctas
3369 1662 3520 1717 esse,
3553 1654 3611 1703 et
3639 1649 3725 1704 di-

2069 1734 2225 1785 stare
2256 1729 2387 1801 plus
2410 1746 2589 1801 quam
2614 1730 2893 1786 fortitudo
2924 1731 3105 1787 distat
3136 1732 3206 1787 ab
3243 1734 3729 1805 ignavia.Etenim

2068 1818 2127 1874 in
2160 1819 2333 1875 rebus
2374 1820 2574 1876 arduis
2624 1820 3023 1891 praeﬁdentem
3056 1822 3321 1878 animum
3350 1841 3568 1897 gerere,
3604 1845 3727 1883 ma-

2071 1908 2478 1980 gnanimitatis
2500 1913 2617 1976 est;
2644 1910 3034 1980 quemadinod
3048 1928 3143 1965 um
3162 1915 3730 1985 contra,periculum

2072 1998 2412 2064 detrectare,
2440 1997 2774 2053 timiditatis
2803 2003 2860 2053 et
2890 1999 3152 2069 ignaviae.
3178 2004 3249 2057 At
3282 2003 3381 2058 ubi
3416 2004 3551 2074 plus
3576 2007 3731 2077 peri-

2074 2085 2189 2142 culi
2221 2087 2509 2156 imminet,
2536 2091 2661 2142 tum
2695 2087 2923 2142 obviam
2956 2092 3285 2161 procedere,
3316 2109 3495 2165 seque
3525 2095 3586 2150 in
3617 2095 3734 2151 dis-

2075 2177 2295 2230 crimen
2328 2176 2658 2243 obtrudere,
2694 2193 2806 2230 non
2842 2181 3035 2232 autem
3070 2179 3385 2250 reprimere
3422 2199 3487 2238 ac
3518 2184 3728 2240 retine-

2074 2281 2157 2335 re,
2187 2264 2503 2320 temeritati
2530 2265 2841 2319 dicendum
2865 2270 2980 2330 est;
3016 2269 3517 2336 quemadmodum
3544 2287 3573 2326 e
3596 2288 3730 2328 con-

2074 2352 2275 2419 trario,
2325 2354 2546 2422 cedere,
2579 2353 2836 2409 cautioni
2884 2359 2941 2409 et
2990 2357 3331 2426 prudentiae.
3357 2359 3471 2414 Nec
3524 2362 3729 2418 eodem

2076 2442 2203 2497 loco
2236 2442 2572 2513 ponendum
2599 2446 2707 2511 est,
2733 2458 2800 2498 ea
2831 2459 2957 2514 quae
2989 2445 3223 2514 adsunt,
3246 2447 3418 2516 tueri,
3444 2453 3500 2504 et
3529 2466 3732 2507 eorum

2078 2548 2206 2602 quae
2238 2547 2354 2586 non
2383 2530 2622 2601 habeas,
2654 2530 2877 2603 aliquid
2907 2533 3173 2605 adipisci.
3207 2535 3370 2592 Illius
3400 2538 3556 2595 enim
3588 2558 3737 2612 prae-

2079 2621 2254 2693 cipua
2283 2624 2339 2675 et
2368 2619 2649 2691 primaria
2678 2621 2823 2677 ratio
2855 2622 3113 2679 cordatis
3133 2624 3277 2679 viris
3308 2625 3581 2683 habenda
3609 2633 3697 2685 est
3721 2646 3735 2686 :

2080 2710 2189 2765 hoc
2210 2726 2362 2778 vero,
2382 2710 2677 2781 siquidem
2698 2715 2825 2766 tuto
2852 2711 3137 2783 facileque
3162 2713 3355 2783 liceat,
3385 2718 3739 2788 amplecten-

2082 2800 2257 2868 dum;
2293 2799 2385 2855 sin
2418 2804 2614 2856 autem
2652 2800 2713 2855 in
2753 2802 3111 2857 contrarium
3145 2804 3331 2872 cedat,
3356 2810 3738 2864 contemnen-

2083 2888 2246 2943 dum.
2281 2888 2389 2952 Qui
2418 2905 2570 2959 vero,
2594 2893 2659 2943 ut
2696 2887 2918 2960 aliquid
2950 2906 3175 2960 eorum,
3200 2908 3328 2963 quae
3376 2911 3479 2966 spe
3526 2912 3734 2953 conce-

2084 2976 2190 3048 pit,
2217 2981 2587 3049 assequatur,
2612 2978 2981 3034 fortunarum
3014 2980 3280 3037 omnium
3312 3000 3555 3040 suarum
3588 2988 3737 3057 peri-

2086 3064 2215 3121 culo
2246 3065 2506 3133 dimicat,
2535 3066 2594 3120 in
2625 3082 2840 3138 magna
2881 3068 3131 3125 stultitia
3160 3076 3445 3128 versatur.
3479 3078 3560 3129 Ac
3590 3076 3736 3131 mihi

2087 3153 2239 3210 malo
2259 3154 2442 3226 pugili
2466 3172 2579 3211 non
2604 3154 2912 3212 dissimilis
2929 3173 3056 3214 esse
3073 3158 3322 3227 videtur,
3339 3166 3521 3219 artem
3541 3182 3735 3235 suam,

324 3254 428 3316 τῆς
482 3243 726 3320 ἀνδρείας
782 3247 842 3299 τὸ
894 3244 1131 3323 ἀσφαλὲς
1175 3244 1527 3318 ἐθαυμάζετο.
1559 3244 1657 3298 Τὸν
1692 3242 1860 3319 Κάρον
1919 3242 1969 3297 δὲ

2089 3243 2432 3316 priusquam
2479 3246 2727 3317 gradum
2778 3250 2929 3301 recte
2978 3248 3185 3318 fixerit,
3233 3251 3596 3321 proferenti:
3640 3261 3741 3311 aut

327 3336 423 3390 ούκ
457 3333 652 3390 ἐνενόει
685 3334 907 3405 ἐκεῖνον,
942 3332 1065 3389 οὐδὲ
1094 3332 1185 3389 τὸν
1211 3333 1574 3409 Οὐαλεριανὸν
1607 3330 1803 3405 (56),ο“ί
1826 3330 1979 3395 δίκας

325 3422 510 3479 ἔδοσαν
544 3425 724 3500 ὁρμῆς
756 3422 1073 3498 ἀλογίστου,
1102 3422 1176 3479 τίν’
1207 3423 1237 3478 ὅ
1275 3445 1434 3502 φησιν
1469 3425 1503 3493 ἡ
1551 3419 1847 3498 τραγῳδία,
1898 3424 1974 3494 μὴ

329 3511 575 3583 ὀνειδίζω
626 3514 720 3574 τὰς
770 3513 959 3588 τύχας,
1011 3512 1060 3567 ἐν
1115 3517 1331 3589 Περσῶν
1382 3514 1555 3589 ὃροις,
1610 3512 1661 3567 ἐν
1692 3513 1843 3585 ἀκμῇ
1875 3519 1975 3582 τῆς

326 3602 574 3678 εὐτυχίας
608 3604 1012 3667 καταλυθέντες.

2088 3334 2483 3407 gubernatori,
2516 3334 2706 3390 soluta
2737 3352 2879 3391 nave
2908 3353 3036 3405 sua,
3071 3354 3177 3392 nec
3220 3340 3291 3394 ad
3340 3341 3739 3414 navigandum

2087 3423 2315 3492 idonea,
2350 3440 2556 3480 navem
2603 3423 2876 3480 hostilem
2921 3426 3295 3497 deprimenti,
3328 3435 3431 3486 aut
3460 3436 3612 3489 certe
3642 3435 3740 3491 de-

2087 3514 2340 3585 primere
2381 3514 2635 3570 conanti.
2669 3517 2927 3581 Quorum
2977 3514 3076 3572 ille
3128 3516 3300 3588 nihil,
3334 3524 3397 3575 ut
3426 3522 3573 3579 mihi
3606 3525 3741 3595 qui-

2086 3603 2218 3658 dem
2238 3602 2486 3673 videtur,
2510 3606 2812 3675 reputans,
2836 3603 3168 3662 inconsulte
3187 3623 3255 3662 ea
3277 3624 3407 3679 qua
3429 3615 3741 3685 statuerat,

327 3698 686 3769 aggreditur,
720 3697 893 3751 rebus
923 3696 1201 3752 Romanis
1232 3695 1422 3750 adhuc
1448 3694 1815 3764 exulceratis,
1849 3692 2119 3764 maleque
2155 3694 2481 3764 praesertim
2513 3694 2585 3749 ob
2615 3694 2925 3750 excitatam
2976 3697 3463 3771 persecutionem,
3494 3703 3744 3773 affectis,

330 3788 580 3843 alienam
616 3786 912 3859 regionem
945 3786 1245 3858 cogitans;
1278 3801 1344 3839 ac
1391 3784 1770 3841 Salmoneum
1819 3782 2155 3855 quemdam,
2188 3800 2219 3838 e
2260 3783 2415 3839 corio
2468 3787 2771 3839 tonantem
2821 3784 2989 3839 nobis
3032 3787 3307 3857 referens,
3340 3789 3745 3864 Trajanosque
3834 3786 3837 3789 “

330 3875 462 3931 illos
494 3882 551 3931 et
582 3876 866 3930 Adrianos
898 3874 1011 3930 sibi
1042 3874 1114 3930 ob
1146 3873 1346 3930 oculos
1377 3891 1728 3947 proponens,
1762 3889 2010 3946 quorum
2044 3872 2242 3927 minus
2291 3872 2484 3928 cautio
2516 3877 2573 3927 et
2602 3873 2934 3943 prudentia,
2966 3890 3145 3944 quam
3185 3875 3367 3931 animi
3399 3882 3748 3951 magnitudo

334 3964 708 4020 admirationi
740 3981 867 4019 esse
898 3961 1142 4019 solebat.
1175 3965 1253 4018 Ac
1284 3963 1360 4030 ei,
1392 3980 1498 4019 nec
1527 3963 1657 4021 Cari
1695 3962 1852 4019 illius
1884 3962 1943 4017 in
1975 3966 2231 4017 mentem
2259 3960 2525 4017 veniebat
2555 3977 2704 4028 sors,
2732 3976 2837 4015 nec
2881 3960 3195 4030 Valeriani,
3228 3965 3327 4033 qui
3370 3966 3626 4038 impetus
3656 3970 3744 4027 in-

333 4054 584 4111 consulti
615 4070 817 4126 pcenas
849 4053 1137 4109 dederunt
1166 4052 1280 4125 (ne,
1309 4053 1807 4123 quemadmodum
1839 4052 1919 4108 ait
1947 4053 2206 4123 tragicus
2236 4050 2369 4121 (57).
2400 4052 2650 4121 fortunas
2680 4051 3049 4123 exprobrem),
3080 4052 3141 4107 in
3182 4052 3491 4112 Persarum
3522 4059 3744 4118 ﬁnibus

334 4147 393 4200 in
426 4143 618 4200 medio
653 4142 948 4200 felicitatis
978 4158 1155 4197 cursu
1191 4142 1476 4213 oppressi.

405 4232 477 4288 Θ’.
537 4228 694 4285 Ἀλλ’
752 4228 842 4284 οὗν
886 4226 1033 4299 ἔδοξε
1101 4234 1289 4300 ταῦτα,
1363 4228 1453 4283 καὶ
1526 4237 1625 4299 τῆς
1690 4228 1866 4302 ὁρμῆς
1914 4229 1981 4297 ἦν

331 4326 501 4375 πᾶσαν
545 4319 796 4394 μαντείας
844 4318 933 4373 καὶ
975 4318 1246 4394 γοητείας,
1300 4318 1473 4393 ῥητῆς
1520 4339 1577 4373 τε
1628 4319 1716 4373 καὶ
1744 4317 1985 4393 ἀρρήτου

408 4503 519 4575 (47)
582 4500 782 4575 Μόνον.
853 4501 1058 4575 Plures
1100 4500 1330 4575 codices
1388 4497 1751 4575 habentkofa
1799 4497 1985 4575 μόνον.

338 4569 511 4657 Pass:
574 4573 646 4646 οἱ,
725 4574 865 4645 Reg.
923 4572 964 4643 l,
1015 4571 1088 4644 οὶ,
1141 4574 1357 4628 forsam
1423 4590 1549 4644 pro,
1609 4569 1694 4643 οὗ,
1744 4569 1855 4643 vel,
1913 4569 1986 4643 οἶ,

346 4648 652 4841 ’ἒὸν
687 4714 799 4789 μέν,
859 4720 966 4773 etc.
1015 4716 1112 4774 0r.
1164 4717 1216 4785 1,
1264 4715 1447 4773 Mont.
1496 4718 1604 4768 τῶν
1665 4714 1830 4786 μέν...
1880 4717 1986 4767 τῶν

411 4858 523 4932 (49)
555 4855 788 4934 Θάρσοςμ
809 4857 897 4911 καὶ
928 4858 1143 4934 θράσος,
1193 4856 1491 4934 «Piducia
1518 4862 1576 4915 et
1606 4858 1853 4934 audacia
1900 4873 1990 4914 so-

342 4929 429 4987 ου’
447 4929 656 5002 parum
679 4929 973 4999 differunt,
1008 4940 1066 4987 at
1094 4929 1519 5003 significatione
1551 4930 1826 4985 multum.
1864 4951 1891 4979 ››

413 5002 532 5073 (50),
555 5002 841 5073 ’Δνοητοςε
866 5003 1008 5073 Reg.
1041 5009 1313 5073 quatuor,
1345 5001 1506 5057 Colb.
1539 5004 1600 5070 k,
1632 5002 1760 5057 Bill.
1822 4999 1917 5053 ἆνό

435 5018 526 5058 OU)
555 5018 831 5058 'AVO‘I‘TOC.
866 5018 1008 5058 11.62.
1041 5018 1313 5058 quatuor.
1345 5018 1506 5057 UOID.
1540 5018 1600 5058 Κ.
1632 5018 1760 5057 15111.
1822 5018 1992 5058 avon-

413 5002 534 5125 (50)ί
555 5002 831 5070 ’Δνοητος.
866 5003 1008 5087 Reg.
1041 5002 1313 5073 quatuor,
1345 5002 1506 5085 C~olb.
1539 5004 1600 5070 k,
1632 5002 1760 5057 Bill.
1822 5002 1991 5082 ἀνόη-

338 5092 456 5140 τος,
533 5092 630 5146 σος
677 5092 768 5145 μοι
824 5070 996 5127 δοκων
1041 5072 1216 5146 πύκτῃ
1263 5092 1434 5143 κακῳ,
1467 5077 1573 5146 etc.
1610 5074 1991 5146 Budaausuta.

341 5147 502 5200 hunc
532 5141 723 5219 locum
754 5147 931 5219 legit:
966 5144 1062 5199 Καί
1099 5141 1202 5219 ,μοι’
1228 5141 1600 5219 προσεοικέναι
1635 5141 1989 5219 δοκεῖλπύκτῃ

340 5237 397 5270 τε
428 5220 579 5288 κακῷ
626 5217 725 5288 τήν
755 5215 976 5288 τέῖχνην,
1026 5215 1136 5282 καί,
1180 5215 1304 5288 πρὶν
1336 5217 1435 5284 τὴν
1472 5215 1647 5269 στάσιν
1682 5216 1739 5270 εὖ
1786 5215 1987 5288 θέσθαι,

340 5237 397 5270 τε
428 5237 579 5287 κακῳ
626 5237 725 5284 την
755 5237 813 5271 τε
859 5238 976 5287 νην,
1026 5237 1136 5282 και,
1180 5237 1304 5288 πριν
1336 5237 1435 5284 την
1472 5237 1647 5269 στασιν
1682 5237 1739 5270 ευ
1786 5237 1987 5284 σεσυαι,

340 5237 1005 5363 προϐα).λομένῳ.)δυοᾲ
1038 5289 1129 5363 δίο,
1150 5290 1377 5363 reddit:
1422 5288 1681 5363 Mihique
1708 5286 1993 5363 assimilis

343 5360 473 5443 esse
521 5360 985 5443 videtu‘rupugili
1024 5361 1167 5443 artis
1223 5361 1452 5443 ignara,
1500 5361 1601 5431 qui
1650 5361 1995 5443 priusquam

346 5438 569 5489 statum
617 5431 1079 5505 stabilito—pede
1130 5431 1480 5505 composuit,
1528 5448 1756 5504 pugnos
1802 5432 1860 5487 in
1895 5431 1995 5485 ad-

345 5505 675 5560 versarium
707 5504 979 5560 intendit.
1010 5526 1039 5554 ››

419 5574 639 5648 (51)ιού
669 5572 949 5648 πλΑο-ίμως.
984 5576 1219 5648 Reg._a,
1252 5573 1350 5628 οὐκ
1380 5570 1719 5648 εύπλοίμως.

423 5643 538 5718 (52)
587 5643 939 5719 Καταδύοντι.
993 5643 1098 5704 [ια’
1126 5645 1285 5704 Pass.
1342 5645 1560 5719 aliique
1584 5643 1835 5719 plures;
1900 5644 1998 5702 alii

350 5734 490 5778 vero
520 5716 890 5778 καταδύνοντι.

2166 4228 2441 4285 I531X.
2476 4228 2693 4284 Verum
2738 4230 2857 4285 hac
2905 4230 3091 4301 ipsius
3141 4232 3337 4290 animo
3385 4234 3748 4306 insederant,

2092 4323 2367 4390 totusque
2397 4319 2457 4374 in
2487 4335 2615 4375 eam
2652 4319 3080 4392 expeditionem
3123 4323 3436 4395 ferebatur,
3469 4327 3630 4383 omni
3661 4328 3749 4382 di-

2169 4499 2285 4576 (53)
2322 4494 2663 4576 Ὠδινρντων.
2690 4499 2949 4576 __Bud._u_
2984 4503 3246 4576 nondum
3294 4505 3517 4576 pacatis
3572 4507 3751 4563 rebus

2100 4569 2278 4651 domi,
2310 4592 2345 4651 ,υ
2399 4569 2512 4651 vel,
2557 4593 2585 4621 «
2638 4570 2831 4628 adhuc
2876 4569 3313 4645 laborantibus,-
3339 4576 3569 4650 sibique
3596 4578 3753 4635 velut

2098 4641 2582 4714 parturientibus.
2603 4661 2642 4714 _n

2168 4714 2279 4785 (54)
2314 4711 2672 4790 Σαλμωνεύςε
2703 4714 3072 4790 Salmoneus,
3124 4718 3278 4789 apud
3310 4723 3532 4790 poetas,
3564 4718 3749 4777 Elidis

2098 4802 2219 4853 rex,
2253 4786 2353 4861 qui
2385 4791 2452 4842 ut
2483 4787 2628 4861 deus
2658 4785 2991 4861 haberetur,
3025 4785 3203 4860 super
3231 4785 3404 4861 ponte
3433 4785 3580 4847 aereo
3612 4808 3752 4846 cur—

2098 4873 2229 4912 rum
2257 4857 2485 4929 agitans
2516 4857 2761 4913 fulmine
2782 4857 3068 4929 armatus,
3101 4857 3513 4917 fulminantem
3544 4862 3750 4917 Jovem

2107 4929 2329 5002 imitari
2360 4928 2560 5002 voluit.
2596 4930 2706 5002 Sed
2745 4946 2879 4985 eum
2906 4928 3134 5002 Jupiter
3162 4934 3233 4987 ad
3262 4933 3477 4989 inferos
3507 4933 3753 4989 fulmine

2101 5000 2370 5073 detrusit.
2404 5000 2547 5055 Vide
2565 5000 2760 5073 _Virg.,
2792 5000 3019 5073 {Eneth
3051 5020 3128 5073 v1_,
3160 5020 3307 5059 vers.
3337 5007 3463 5060 585.

2310 5070 2808 5147 ξΓραϊανρύς...”καξ
2853 5071 2980 5133 τοὺς
3033 5070 3366 5147 Ἀδριανούς.
3403 5100 3431 5127 ιι
3466 5077 3752 5147 Trajanus

2102 5146 2159 5198 et
2185 5143 2477 5220 Adrianus
2508 5144 2755 5220 Romani
2796 5143 3196 5220 imperatores,
3231 5147 3350 5220 qui,
3388 5171 3411 5200 ι
3465 5153 3529 5203 ut
3558 5143 3751 5220 loqui-

2102 5220 2199 5269 tur
2229 5214 2413 5291 Elias,_
2435 5238 2462 5265 ‹‹
2496 5217 2565 5291 ad
2596 5214 3022 5291 fortitudinem,
3067 5214 3365 5291 animique
3387 5214 3745 5291 magnitudi-

2104 5302 2239 5361 nem
2271 5287 2591 5361 prudentiae
2625 5288 3118 5361 quoquelaudem
3164 5287 3577 5361 adjunxerunt.
3617 5315 3643 5339 ι)

2343 5358 2441 5411 Τὸν
2507 5356 2780 5443 ’Κάρονηιί
2821 5358 2909 5411 τὸν
2938 5356 3375 5443 ἣΟὐαλεριᾶνόν.
3433 5362 3632 5443 ,081³118
3698 5367 3755 5419 et

2107 5429 2446 5485 Valerianus
2503 5431 2886 5500 imperatores
2938 5429 3204 5500 Romani,
3255 5449 3390 5488 cum
3429 5433 3489 5488 in
3520 5450 3757 5490 summa

2107 5500 2382 5577 felicitate
2411 5506 2802 5577 versarentur,
2831 5501 3028 5557 stolidi
3062 5521 3127 5559 ac
3156 5504 3450 5561 temerarii
3500 5505 3757 5577 impetus

2108 5588 2308 5699 gointas
2340 5572 2645 5644 dederunt,
2678 5573 2737 5627 in
2769 5573 3079 5631 Persarum
3112 5576 3327 5632 finibus
3375 5572 3638 5650 oppressi
3688 5595 3754 5635 ac

2149 5660 2179 5699 e
2203 5659 2233 5698 e
2263 5660 2300 5698 1.

2149 5659 2278 5699 616m
2288 5685 2300 5698 .

2181 5715 2288 5787 (57)
2325 5714 2627 5788 Euripides
2656 5715 2715 5772 in
2746 5719 2964 5773 Oreste.
