4148 6290
388 368 508 438 673

1628 365 1691 424 s.
1740 356 2112 425 esseom:
2134 312 2553 422 ETHEOLOGI

3678 358 3800 427 6'76

386 506 700 565 vinationis
722 508 777 559 et
798 499 1244 575 prestigiarum,
1258 497 1757 569 dicendorumque
1772 500 1828 553 et
1844 500 2028 551 tacen-

2147 491 2329 555 θυσίας
2356 489 2630 567 τερατείαν
2672 490 2749 552 εἷς
2791 487 2847 544 ἓν
2897 487 3132 567 ἅγαγὼν,
3179 491 3249 546 ’ίν’
3296 492 3348 547 ἐν
3405 494 3604 570 βραχεῖ
3655 503 3799 553 πᾶσα

389 599 598 655 dorum
644 592 1064 651 sacrificiorum
1098 592 1435 662 portentosa
1475 588 1729 643 vanitate
1758 586 1817 641 in
1851 602 2036 641 unum

387 687 643 754 collecta,
676 687 741 739 ut
784 685 907 738 tota
946 697 1011 736 ea
1043 678 1265 735 scilicet
1312 677 1471 733 brevi
1520 675 1825 733 deleretur.
1862 679 2036 730 Porro

382 775 575 833 votiva
620 772 876 839 victima,
902 786 1078 842 quam
1128 783 1344 840 magna
1396 782 1689 838 quamque
1740 764 1970 835 eximia,
2003 780 2036 818 o

384 864 634 932 Christe,
658 866 714 917 et
732 860 1009 925 Verbum,
1034 863 1091 913 et
1118 855 1466 929 impatibilis
1489 854 1801 927 passionis,
1826 853 2034 909 totius-

384 970 497 1026 que
537 952 696 1008 orbis
754 947 1133 1022 mysteriuml
1187 946 1518 1001 universam
1565 943 2034 998 Christianorum

382 1047 617 1117 gentem
673 1038 1039 1096 daemonibus
1096 1034 1407 1107 subjicere,
1440 1033 1488 1089 si
1522 1034 1695 1088 modo
1754 1030 2036 1105 propositi

383 1148 621 1204 compos
652 1128 941 1186 existeret.
966 1128 1045 1180 Ac
1067 1129 1313 1180 conatus
1337 1122 1575 1195 quidem
1610 1121 1796 1193 ipsius
1820 1119 2036 1192 princi-

382 1223 479 1294 pia
508 1234 790 1292 perquam
823 1220 1083 1282 strenua,
1105 1217 1163 1269 et
1202 1229 1328 1285 quae
1375 1210 1669 1284 plerisque
1699 1226 1901 1265 eorum
1936 1208 2035 1281 qui

380 1310 568 1383 ipsius
586 1307 850 1382 partibus
872 1301 1369 1374 student,magnis
1381 1299 1623 1356 vocibus
1640 1299 2032 1366 celebrantur,

383 1403 524 1458 sunt
551 1395 911 1470 hujusmodi.
931 1394 1076 1449 Nam
1105 1409 1239 1448 cum
1270 1395 1454 1447 totam
1478 1406 1605 1445 eam
1632 1388 1876 1461 Assyriae
1910 1404 2037 1459 par-

382 1492 526 1557 tem,
543 1501 721 1558 quam
754 1483 1028 1556 perluens
1046 1480 1375 1553 Euphrates
1398 1495 1463 1534 ac
1484 1478 1781 1534 Persidem
1811 1480 2037 1549 prseter-

380 1576 607 1647 labens,
625 1573 746 1629 illic
766 1588 900 1629 cum
919 1570 1157 1643 Tigride
1180 1568 1481 1636 miscetur,
1499 1566 1748 1638 cepisset
1766 1570 1820 1621 et
1842 1583 2037 1635 perva-

381 1667 621 1733 stasset,
656 1660 1054 1731 nonnullaque
1084 1657 1322 1714 castella
1352 1656 1511 1712 omni
1543 1654 1811 1728 praesidio
1852 1656 2036 1710 desti-

382 1758 511 1811 tuta
534 1751 839 1819 diruisset;
874 1748 992 1804 sive
1023 1748 1176 1819 quod
1209 1747 1415 1801 Persas
1445 1744 1801 1800 incursionis
1831 1744 2033 1799 celeri-

381 1847 500 1900 tate
529 1840 847 1911 fefellisset,
881 1839 1001 1894 sive
1031 1838 1182 1909 quod
1217 1837 1288 1894 ab
1329 1836 1403 1891 iis
1451 1835 1717 1891 consulto
1748 1836 1830 1890 ita
1860 1835 2030 1890 duce-

382 1936 562 2001 retur,
596 1929 935 2001 sensimque
965 1929 1033 1984 ad
1071 1926 1317 1982 ulterius
1361 1925 1790 1996 procedendum
1836 1922 2031 1979 allice-

381 2024 545 2077 retur
591 2019 932 2092 (utrumque
979 2017 1135 2072 enim
1184 2014 1440 2086 dicitur),
1474 2015 1553 2069 ita
1604 2014 1843 2069 demum
1893 2031 2031 2085 pro-

380 2126 641 2183 gressus,
664 2112 840 2180 atque
869 2107 1120 2163 exercitu
1153 2123 1185 2161 a
1213 2104 1392 2159 latere
1423 2103 1841 2174 proﬂciscente,
1876 2102 2032 2157 navi-

379 2200 609 2272 busque
638 2199 998 2253 frumentum
1031 2198 1087 2250 et
1128 2211 1267 2250 vasa
1299 2210 1401 2265 per
1431 2191 1671 2247 ﬂuvium
1703 2191 2029 2247 convehen-

377 2288 558 2359 tibus,
596 2286 801 2359 paucis
851 2283 1172 2355 interjectis
1219 2282 1426 2337 diebus
1474 2282 1547 2336 ad
1594 2280 2027 2351 Ctesiphontem

2146 580 2447 655 καταλυθῇ.
2503 580 2600 635 Καὶ
2642 580 2703 634 τὸ
2750 577 3105 655 καλλιέρημα
3153 582 3227 635 ὡς
3298 582 3433 658 μέγα
3483 582 3573 638 καῖ
3632 586 3795 661 ὑπερ-

2147 672 2295 748 φυὲς,
2330 670 2373 723 ὦ
2420 670 2635 746 Χριστὲ,
2679 668 2769 723 καὶ
2819 669 2979 743 Λόγε,
3021 669 3109 723 καὶ
3168 672 3308 741 πάθη
3509 678 3603 727 τοῦ
3658 676 3796 730 ἀπα-

2145 761 2292 829 θοῦς,
2342 759 2430 813 καὶ
2475 758 2682 832 κόσμου
2731 757 2929 820 παντὸς
2979 761 3274 834 μυστήριον
3329 762 3491 835 (59)!
3546 762 3676 819 ὅλον
3734 767 3797 821 τὸ

2146 852 2477 925 Χριστιανῶν
2527 849 2683 923 γένος
2728 851 3060 923 παραστῆναι
3107 855 3222 911 τοῖς
3273 847 3546 923 δαίμοσιν,
3606 853 3650 906 εί
3698 859 3797 909 τοῦ

2146 938 2508 1014 προκειμένου
2554 940 2858 1014 κρατήσειε.
2908 937 2981 990 Τὰ
3033 938 3126 1010 μὲν
3177 937 3272 993 οὖν
3316 945 3510 1015 πρῶτα
3555 948 3655 1010 τῆς
3705 942 3797 1019 ἐγ-

2146 1029 2452 1103 χειρήσεως
2501 1025 2667 1099 αὐτῷ,
2716 1026 2803 1080 καὶ
2855 1025 2973 1080 λίαν
3022 1029 3258 1100 νεανικὰ,
3301 1030 3390 1083 καὶ
3418 1029 3654 1092 πολλοῖς
3685 1037 3795 1086 τῶν

2141 1118 2209 1172 τὰ
2238 1115 2440 1171 ἐκείνου
2489 1115 2830 1193 φρονούντων
2881 1110 3261 1192 περιϐοώμενα
3303 1123 3489 1176 ταῦτα.
3538 1122 3644 1189 Τὴν
3694 1124 3796 1198 γὰρ

2142 1209 2250 1261 τῶν
2298 1204 2595 1281 Ἀσσυρίων
2643 1204 2773 1274 ὅσην
2826 1202 3086 1282 διαρῥέων
3138 1207 3165 1260 ὁ
3216 1207 3525 1287 Εὐφράτης,
3555 1211 3645 1265 καὶ
3694 1212 3793 1280 τήν

2144 1292 2379 1371 Περσίδα
2426 1289 2924 1369 παραμειϐόμενος,
2985 1294 3154 1351 ἐκεῖσε
3199 1301 3278 1369 τῷ
3327 1296 3539 1375 Τίγριδι
3601 1300 3796 1376 μίγνυ-

2141 1405 2251 1452 ται,
2307 1383 2507 1455 ταύτην
2537 1383 2675 1440 ἑλὼν
2703 1384 2792 1439 καὶ
2822 1385 3026 1457 τεμὼν,
3057 1385 3147 1439 καί
3193 1408 3314 1441 τινα
3364 1392 3470 1442 τῶν
3522 1389 3795 1467 φρουρίων

2145 1472 2339 1544 ἐξελὼν
2382 1473 2517 1528 κατὰ
2567 1471 2785 1541 πολλὴν
2833 1478 2930 1528 τοῦ
2977 1473 3327 1539 κωλύσοντος
3543 1478 3797 1553 ἐρημίαν,

2145 1560 2239 1617 εἶτ’
2288 1564 2378 1617 οὗν
2429 1561 2608 1617 λαθὼν
2661 1559 2749 1616 διὰ
2796 1562 2859 1617 τὸ
2905 1566 3006 1631 τῆς
3048 1563 3243 1641 ἐφόδου
3290 1567 3484 1642 τάχος,
3536 1566 3641 1621 εἷ’τε
3696 1569 3799 1623 ὑπὸ

2144 1657 2361 1728 Περσῶν
2391 1651 2535 1706 οὕτω
2566 1651 3038 1727 στρατηγούμενος
3088 1655 3225 1727 (61),
3283 1654 3372 1709 καὶ
3420 1658 3557 1711 κατά
3604 1659 3797 1733 μικρὸν

2144 1742 2488 1819 ὑπαγόμενος
2566 1742 2641 1803 είς
2724 1738 3101 1818 τοῦμπροσθεν
3180 1746 3293 1817 (62)
3384 1745 3618 1822 (λέγεται
3694 1748 3795 1823 γὰρ

2141 1830 2465 1910 ἀμφότερα),
2512 1829 2654 1885 οὕτω
2704 1835 2829 1907 γοῦν
2881 1832 3113 1907 προῖὼν,
3155 1834 3242 1887 καὶ
3271 1837 3350 1905 τῷ
3380 1838 3592 1910 στρατῷ
3618 1856 3797 1911 παρα-

2139 1922 2515 1998 πορευομένῳ,
2564 1920 2653 1975 καὶ
2701 1926 2821 1983 ταῖς
2868 1921 3020 1975 ναυσὶ
3081 1919 3168 1975 διὰ
3213 1926 3309 1978 τοῦ
3356 1928 3610 1998 ποταμοῦ
3640 1946 3794 1996 σιτη-

2139 2010 2362 2086 γούσαις
2412 2013 2523 2085 (63)
2569 2031 2629 2064 τε
2666 2009 2755 2065 καὶ
2807 2010 3297 2086 σκευαγωγούσαις,
3333 2012 3395 2067 οὖ
3432 2015 3624 2092 μικρὸν
3658 2016 3793 2088 (64),

2137 2101 2199 2155 τὸ
2259 2100 2310 2155 ἐν
2376 2100 2541 2174 μέσῳ,
2596 2099 2685 2154 καὶ
2737 2102 3085 2178 Κτησιφῶντι
3146 2096 3529 2177 προσϐάλλει’
3581 2106 3647 2173 ἧς
3704 2104 3794 2158 καὶ

2137 2191 2198 2244 τὸ
2227 2189 2462 2259 πλησίον
2507 2191 2749 2265 γενέσθαι
2790 2188 2945 2258 νίκης
3003 2191 3166 2267 μέρος
3211 2190 3357 2263 αὐτῷ
3389 2190 3479 2247 διὰ
3505 2194 3595 2248 τὸν
3628 2193 3796 2257 πόθον

2139 2279 2440 2352 ἐνομίζετο.

374 2380 569 2433 castra
597 2375 790 2447 ponit;
824 2374 998 2445 cujus
1041 2371 1204 2428 urbis
1236 2375 1398 2425 tanto
1436 2369 1721 2425 desiderio
1753 2368 2057 2425 tenebatur
2084 2372 2148 2424 ut
2177 2369 2264 2425 vel
2316 2370 2388 2425 ad
2437 2386 2564 2425 eam
2615 2369 2855 2442 propius
2904 2369 3245 2437 accessisse,
3278 2372 3532 2428 victoris:
3565 2378 3793 2445 partem

377 2465 757 2522 existimaret.

448 2555 514 2611 X.
545 2553 692 2608 Hinc
710 2569 842 2607 vero
866 2551 1015 2622 jam,
1042 2551 1198 2605 velut
1229 2564 1403 2604 arena
1436 2547 1683 2619 pedibus
1713 2547 2028 2613 subtracta,

2216 2547 2270 2601 l'.
2320 2549 2587 2608 Ἐντεῦθεν
2632 2542 2689 2599 δὲ
2736 2542 2869 2617 ἤδη,
2920 2544 3098 2622 ὥσπερ
3148 2548 3379 2621 ψάμμου
3436 2546 3620 2605 ποδῶν
3671 2550 3798 2604 ὑπο-

379 2646 481 2699 aut
510 2644 859 2714 tempestate
878 2640 938 2694 in
962 2655 1168 2695 navem
1190 2637 1364 2705 illisa,
1396 2653 1485 2692 res
1507 2637 1619 2707 ipsi
1646 2641 1797 2691 retro
1821 2637 2028 2691 ﬂuunt.

2144 2635 2492 2706 σπασθείσης,
2553 2637 2586 2703 ἦ
2632 2632 2725 2705 νηί
2782 2632 2950 2705 ζάλης
2997 2636 3409 2709 ἀντιπεσούσης,
3442 2639 3520 2701 εἰς
3549 2639 3792 2694 τούπίσω

378 2732 691 2805 Ctesiphon
723 2730 879 2786 enim
913 2746 1013 2785 arx
1044 2729 1211 2782 ﬁrma
1241 2731 1349 2795 est,
1377 2730 1669 2797 captuque
1701 2726 1856 2779 haud
1893 2724 2028 2779 faci-

2143 2731 2319 2799 χωρεῖ
2371 2724 2438 2779 τὰ
2496 2726 2803 2799 πράγματα.
2874 2725 2940 2780 Ἡ
3011 2726 3112 2801 γὰρ
3181 2732 3465 2804 Κτησιφῶν
3532 2729 3791 2805 φρούριόν

377 2822 473 2890 lis,
500 2820 686 2876 muris
723 2824 884 2875 cocto
912 2819 1088 2874 latere
1121 2817 1390 2885 conditis,
1416 2820 1472 2871 et
1509 2815 1627 2870 alta
1659 2816 1832 2881 fossa,
1868 2814 2028 2885 palu-

2141 2812 2249 2868 ἐστι
2298 2815 2553 2890 καρτερὸν
2604 2814 2691 2868 καὶ
2744 2811 3080 2883 δυσάλωτον,
3129 2815 3297 2889 τείχει
3346 2837 3404 2869 τε
3452 2818 3564 2887 (65)
3615 2817 3791 2887 ὀπτῆς

378 2911 605 2983 strique
625 2927 691 2966 ac
712 2910 923 2965 limoso
949 2924 1120 2963 amne
1143 2906 1524 2962 communita.
1551 2905 1708 2958 Hanc
1739 2921 1907 2975 porro
1931 2921 2028 2958 arx

2139 2902 2386 2974 πλίνθου,
2436 2904 2523 2957 καὶ
2581 2904 2771 2980 τάφρῳ
2823 2903 3027 2979 βαθείᾳ,
3084 2904 3170 2959 καὶ
3217 2910 3331 2966 τοῖς
3379 2904 3436 2958 ἐκ
3475 2908 3571 2959 τοῦ
3617 2927 3786 2960 ποτα-

380 3016 617 3074 quoque
646 2999 826 3055 altera
864 2997 1182 3052 firmiorem
1214 2994 1422 3065 reddit,
1455 2994 1681 3048 Cochen
1713 2993 2028 3065 appellant,

2143 2997 2247 3065 μοῦ
2272 2993 2540 3069 τενάγεσιν
2592 2992 2955 3069 ὠχυρωμένη.
3005 2999 3163 3048 Ποιεῖ
3210 2990 3267 3048 δὲ
3312 2993 3477 3063 αὐτὴν
3522 2994 3786 3073 ὀχυροτέ-

379 3090 504 3163 pari
538 3093 655 3145 tam
688 3091 911 3143 natura
950 3102 1126 3157 quam
1182 3083 1323 3139 artis
1374 3083 1639 3154 praesidio
1672 3086 2027 3151 constructa,

2139 3102 2231 3158 ραν
2281 3085 2394 3155 (66)
2443 3082 2531 3137 καὶ
2606 3082 2862 3160 φρούριον
2929 3078 3133 3158 ἕτερον,
3184 3083 3229 3154 ᾧ
3278 3084 3617 3160 προσηγορία
3674 3087 3785 3157 (67)

380 3178 546 3236 alteri
578 3177 694 3233 arci
726 3178 808 3232 ita
836 3176 1168 3246 conjuncta,
1204 3179 1267 3228 ut
1309 3173 1486 3227 unius
1516 3176 1743 3227 tantum
1777 3172 2028 3228 civitatis

2142 3172 2340 3246 Κωχὴ,
2402 3172 2536 3244 μετὰ
2588 3177 2689 3240 τῆς
2740 3168 2859 3241 ἷίσης
2909 3171 3201 3248 ἀσφαλείας
3270 3173 3622 3248 συγκείμενον
3687 3174 3785 3244 ὅση

376 3269 631 3341 speciem
689 3268 872 3323 ambae
931 3267 1223 3338 praebeant
1257 3282 1268 3318 :
1304 3265 1519 3335 quippe
1576 3280 1703 3334 quae
1766 3263 2028 3319 ﬂuminis

2139 3281 2196 3315 τε
2244 3263 2441 3337 φυσική
2488 3260 2575 3315 καὶ
2626 3259 2724 3330 ὅση
2785 3261 3196 3335 χειροποίητος,
3253 3267 3508 3317 τοσοῦτον
3561 3262 3788 3336 ἑνούμε-

376 3361 611 3412 tantum
641 3356 884 3411 divortio
915 3355 1067 3409 inter
1103 3371 1163 3409 se
1194 3354 1548 3408 dividantur.
1575 3354 1729 3415 Quas
1761 3369 1893 3407 cum
1926 3367 2028 3406 nec

2139 3370 2249 3419 vov,
2300 3351 2372 3412 ὡς
2424 3353 2537 3423 (68)
2592 3350 2716 3421 μίαν
2768 3348 2929 3404 πόλιν
2968 3348 3142 3405 δοκεῖν
3189 3351 3523 3429 ἀμφοτέρας,
3554 3357 3634 3424 τῷ
3687 3372 3787 3407 πο-

379 3444 681 3519 repentino
714 3444 954 3499 incursu
977 3448 1150 3514 atque
1170 3444 1391 3513 impetu
1414 3457 1767 3512 expugnare,
1791 3457 1894 3495 nec
1926 3441 2026 3495 ob-

376 3534 605 3592 sidione
626 3549 853 3605 capere,
878 3537 1047 3603 atque
1078 3532 1134 3585 in
1160 3535 1501 3603 potestatem
1528 3530 1787 3600 redigere
1810 3532 2026 3601 posset,

374 3640 481 3680 nec
510 3639 643 3680 vero
675 3622 922 3678 ulterius
966 3638 1098 3676 cum
1130 3620 1405 3687 exercitu,
1431 3636 1496 3674 ac
1545 3618 1860 3691 praesertim
1891 3635 2027 3674 cum

374 3713 681 3769 navalibus
724 3711 929 3782 copiis,
963 3710 1275 3781 procedere
1304 3707 1655 3779 (perieulum
1689 3707 1847 3762 enim
1880 3713 2025 3777 erat,

374 3820 446 3859 ne
475 3818 505 3857 θ
535 3802 659 3857 loco
691 3800 975 3873 superiori
1007 3798 1140 3854 telis
1172 3798 1450 3868 utrinque
1485 3802 1798 3868 peteretur,
1830 3801 2026 3851 trans-

372 3892 580 3965 ituque
607 3888 1058 3963 prohiberetur),
1086 3887 1194 3941 hoc
1215 3888 1450 3941 demum
1478 3888 1648 3941 modo
1672 3903 1769 3940 eas
1803 3903 1834 3939 a
1864 3890 2024 3957 tergo

372 3980 671 4052 relinquit.
722 3979 868 4034 Nam
917 3994 1049 4033 cum
1096 3976 1407 4047 Euphratis
1453 3974 1712 4029 ﬂuminis
1762 3974 2025 4029 omnium

373 4069 634 4137 maximi,
669 4075 893 4140 partem
926 4067 1082 4122 haud
1125 4067 1428 4120 minimam
1463 4064 1801 4134 dirupisset,
1826 4081 1891 4118 ac
1924 4080 2026 4135 per

370 4159 590 4214 fossam
608 4157 922 4227 quamdam
941 4156 1130 4225 (cujus
1145 4160 1337 4209 vetera
1355 4156 1528 4207 etiam
1543 4153 1783 4222 vestigia
1799 4156 2025 4207 exstare

374 4245 583 4315 aiunt),
608 4250 833 4299 tantum
867 4260 935 4298 ex
977 4259 1042 4297 eo
1074 4240 1584 4309 circumduxisset,
1610 4244 1673 4294 ut
1722 4241 2023 4311 gestandis

372 4332 621 4389 navibus
653 4349 756 4403 par
785 4348 913 4387 esse
941 4334 1155 4401 posset,
1181 4335 1353 4400 atque
1398 4328 1505 4382 hac
1545 4329 1718 4399 paulo
1752 4330 2024 4401 superius

370 4439 507 4479 cum
540 4421 773 4492 Tigride
813 4421 967 4476 154
1014 4418 1429 4485 commisisset,
1452 4418 1532 4472 ita
1562 4419 1798 4472 demum
1851 4436 2024 4474 naves

370 4513 696 4576 conservat,
729 4526 759 4564 e
798 4508 969 4563 ﬂuvio
1017 4507 1088 4562 ad
1122 4506 1364 4563 ﬂuvium
1414 4510 1538 4561 tuto
1586 4511 1904 4579 pervectas.
1940 4510 2023 4563 Ita

463 4721 558 4793 58)
589 4720 761 4786 Πάθη.
785 4720 847 4775 In
880 4720 1251 4793 Montac._‘{p.
1284 4716 1508 4793 πάθους.

464 4791 557 4866 59)
613 4793 941 4866 Μυστήριον.
1000 4791 1540 4863 ΞαγὶΙ.’καθάρσιον.
1603 4811 1630 4839 ‹‹

370 4866 642 4924 exniatio.
680 4888 707 4915 ››

372 4933 555 5063 λ’(60)
585 4933 955 4995 κωλύσοντος.
993 4938 1077 4991 ita
1104 4951 1247 4990 mss.
1284 4950 1505 4989 omnes.
1538 4934 1689 4987 Edit.
1742 4937 1873 4987 Par.
1909 4952 2019 4984 κω-

412 5027 618 5063 υοντος.

412 5027 618 5068 υοντος.

441 5081 552 5153 (61)
602 5077 758 5135 Οὒτω
795 5075 1308 5153 στρατηγούμενος.
1377 5077 2019 5153 Ησὶῐιεςμκαταστρατητ

368 5147 657 5225 γούμενος.
704 5172 725 5225 ξι
789 5147 887 5205 εἰσ
939 5147 1315 5225 imperatoria
1373 5152 1494 5201 arte
1552 5147 2017 5215 (Stratagemate)

367 5222 900 5280 circumveoiretur.
940 5244 965 5269 υ
999 5222 1146 5275 Bud.

438 5295 550 5367 (62)
576 5290 982 5366 Τοῦμπροσθεν.
1018 5293 1155 5363 Reg.
1198 5291 1237 5357 1,
1294 5296 1351 5345 et
1388 5287 1548 5343 Colb.
1582 5287 1635 5353 3,
1684 5286 1750 5338 τὰ
1810 5282 2013 5360 ἔμπρο-

367 5376 511 5429 σθεν.

432 5438 547 5511 (63)
580 5432 963 5511 Σιτηγού-σαις.
1002 5435 1082 5488 [ta
1126 5448 1337 5503 magno
1371 5445 1661 5485 consensu
1695 5446 1836 5484 mss.
1886 5430 2011 5486 Par.

364 5504 497 5565 vero
529 5504 979 5582 σιταγωγού-σαις.

453 5582 545 5648 64)
577 5572 903 5652 camps,
930 5600 957 5627 «
994 5576 1119 5652 Non
1154 5572 1749 5652 minimp_intervallo.
1790 5596 1809 5620 ιι

458 5641 549 5723 65)
572 5641 751 5723 Istis:
781 5641 857 5723 τε.
886 5650 949 5704 In
979 5648 1115 5723 e_d_i_t.
1150 5641 1431 5723 TE‘XEL_8é.

455 5715 548 5794 66)
571 5715 950 5799 'Oxcpertpav.
985 5719 1131 5774 Edit.
1168 5715 1293 5774 Par.
1331 5715 1707 5791 ἰσχυροτέραν.

1689 4789 2017 4855 Piaculum,

396 5618 401 5627 ι

432 5584 451 5802 i

2134 3444 2295 3512 ταμῷ
2358 3439 2504 3511 μέσῳ
2564 3437 2940 3514 διειργομένας
2996 3439 3229 3501 ταύτας’
3282 3436 3405 3494 οὔτε
3450 3442 3551 3517 γὰρ
3594 3440 3790 3513 ἐξελεῖν

2139 3528 2251 3582 οἷόν
2304 3549 2363 3583 τε
2417 3536 2482 3597 ην
2532 3526 2582 3599 ἐξ
2627 3525 2932 3603 ἐπιδρομῆς
2985 3528 3201 3601 ἀθρόας,
3261 3530 3294 3598 ἣ
3326 3528 3623 3606 πολιορκίᾳ
3677 3532 3789 3604 (69)

2136 3618 2597 3693 παραστήσασθαι,
2672 3614 2795 3672 οὕτε
2870 3614 3169 3687 διεξελάσαι
3244 3618 3335 3673 καὶ
3408 3620 3487 3692 τῷ
3560 3623 3790 3692 ναυτικῷ

2141 3706 2373 3777 μάλιστα
2431 3704 2786 3779 (κινδυνεῦσαι
2844 3706 2947 3781 γὰρ
3006 3705 3065 3761 ἂν
3124 3706 3175 3777 ἐξ
3238 3704 3794 3787 ὐπερδεξίων,ἆμφο-

2133 3796 2362 3869 τέρωθεν
2417 3793 2781 3871 βαλλόμενον,
2833 3795 2921 3849 καὶ
2973 3794 3334 3871 εἰργόμενον),
3389 3796 3613 3851 κατόπιν
3666 3798 3787 3852 ἑαυ-

2132 3889 2229 3939 τοῦ
2285 3890 2542 3953 ποιεῖται,
2593 3883 2683 3938 καὶ
2730 3889 2965 3939 ποιεῖται
3017 3885 3132 3957 (70)
3179 3885 3269 3940 τὸν
3310 3885 3514 3959 τρόπον
3567 3891 3781 3944 τοῦτον.

2134 3977 2238 4026 Τοῦ
2296 3972 2579 4051 Εὐφράτου
2632 3977 2894 4045 ποταμῶν
2947 3967 3101 4035 ὄντος
3155 3974 3265 4048 (71)
3302 3974 3557 4049 μεγίστου
3620 3974 3785 4051 μέρος

2135 4061 2233 4117 οὐκ
2302 4061 2591 4137 ἐλάχιστον
2672 4061 2982 4138 ἀπορρήξας
3054 4064 3192 4134 (72),
3268 4064 3358 4117 καὶ
3421 4065 3786 4141 περιαγαγὼν,

2134 4150 2255 4205 ὅσον
2289 4151 2469 4204 ναυσὶν
2504 4152 2637 4205 εἶναι
2670 4148 2910 4222 πλόϊμον
2968 4150 3025 4204 ἐκ
3070 4147 3336 4227 διώρυγος
3384 4155 3499 4224 (73)
3548 4154 3639 4226 (ἧς
3696 4152 3787 4207 καί

2134 4238 2339 4313 ἀρχαῖά
2391 4258 2545 4315 φασιν
2600 4235 2731 4313 ί¹χνη
2793 4237 3113 4313 φαίνεσθαι),
3164 4239 3253 4293 καὶ
3307 4240 3475 4314 ταύτῃ
3534 4243 3645 4316 (74)
3701 4246 3780 4312 τῷ

2132 4325 2345 4404 Τίγριδι
2379 4323 2673 4400 συμϐαλὼν
2711 4328 2901 4403 μικρὸν
2956 4323 3279 4404 ἔμπροσθεν,
3335 4329 3477 4384 οὕτω
3530 4327 3783 4399 διασώζει

2131 4418 2227 4479 τὰς
2274 4421 2401 4479 ναῦς
2447 4415 2506 4471 ἐκ
2546 4421 2641 4471 τοῦ
2699 4421 2948 4490 ποταμοῦ
2997 4421 3075 4489 τῷ
3140 4423 3372 4492 ποταμῷ
3431 4416 3672 4481 δοθείσας
3733 4420 3787 4474 ἒν

2133 4505 2415 4583 ἀσφαλείᾳ.
2465 4503 2593 4560 Ὧδε
2644 4505 2737 4578 μὲν
2789 4506 2880 4560 οὖν
2926 4505 3016 4560 τὸν
3064 4506 3123 4561 ἐκ
3166 4511 3270 4561 τῶν
3338 4508 3610 4585 φρουρίων
3655 4508 3784 4563 τού-

2051 4720 2100 4786 D
2204 4714 2713 4794 Προσηγορία.
2766 4717 2912 4774 Male
2960 4717 3018 4772 in
3070 4719 3235 4774 Herv.
3308 4724 3366 4776 et
3431 4718 3557 4775 Par.
3616 4739 3785 4794 προσ-

2131 4787 2383 4862 ηγορίαν.

2222 4857 2313 4931 68)
2342 4861 2452 4931 Ὡς.
2486 4859 2624 4931 Reg.
2660 4861 2780 4928 bm,
2806 4862 2973 4915 Pass.
3009 4857 3169 4931 ὣστε.

2225 4929 2315 5004 69)
2350 4929 2668 5004 Heliopxtqz.
2708 4934 2826 4986 Duo
2859 4932 3032 5004 Regg.
3067 4929 3411 5004 πολιορκίας.

2202 5001 2315 5095 (70)
2347 5001 2442 5054 Καὶ
2474 5001 2730 5057 ποιεῖται.
2764 5004 2858 5057 Sic
2890 5001 3153 5095 plerique
3180 5001 3426 5059 codices.

2202 5074 2278 5095 [PI]
2341 5074 2407 5095 "ﬁ
2448 5094 2530 5095 καί
2580 5074 2698 5095 n__
2742 5075 2833 5095 ι.--
2914 5070 3003 5095 ίαν
3056 5094 3063 5095 ,

2200 5070 2311 5146 (71)
2341 5074 2552 5146 ΪὈντος.
2580 5074 2717 5146 Reg.
2742 5075 2863 5141 bm,
2890 5070 3087 5134 ὅντως.

2198 5141 2310 5219 (72)
2344 5141 2883 5219 Ἀποβρήξαξ-,Βθεο
2914 5164 2972 5219 y.
3003 5164 3093 5217 γρ·
3129 5141 3439 5219 διορῥήξας-

2195 5212 2314 5289 (73)
2342 5212 2638 5291 Διώρυγος.
2710 5212 2888 5289 Regg.
2919 5212 2936 5219 ⁷
2958 5212 3227 5289 εθρίθωί
3254 5212 3261 5218 ’
3284 5212 3380 5273 0r.
3449 5218 3499 5286 1,
3580 5212 3783 5290 διώρυ-

2126 5307 2251 5349 γος.

2132 5308 2309 5432 χοῗ74)
2340 5357 2438 5413 Καὶ
2468 5356 2654 5431 ταύτῃ.
2680 5360 2785 5432 Sic,
2807 5376 2951 5415 mss.
2986 5374 3212 5432 omnes,
3256 5363 3314 5414 et
3360 5358 3524 5430 editi,
3578 5364 3784 5432 praeter

2125 5429 2304 5503 Paris.
2338 5436 2395 5487 et
2425 5429 2619 5487 Mont.
2639 5431 2739 5502 qui
2773 5431 2997 5503 legunt,
3029 5429 3118 5503 καὶ
3146 5433 3330 5487 τοῦτο.
3364 5435 3482 5503 Hos
3510 5429 3786 5502 sequitur

2124 5502 2325 5558 Comb.
2353 5504 2453 5575 qui
2488 5500 2675 5575 referti
2690 5500 2857 5555 τοῦτό
2884 5504 2956 5558 ad
2991 5500 3160 5575 μέρος
3193 5502 3488 5575 superius,
3508 5509 3564 5557 et
3585 5500 3779 5575 vertit;

2125 5596 2151 5646 (ξ
2189 5573 2543 5645 αιαυθᾙιιηο
2571 5574 2841 5644 (scissam
2873 5573 3122 5646 partem)
3154 5573 3288 5630 cum
3312 5573 3487 5645 paulo
3505 5574 3781 5646 superius

2121 5645 2343 5719 Tigridi
2370 5647 2788 5717 conjunxisset,
2816 5645 3345 5717 commisissetque,
3381 5669 3409 5697 »
3441 5651 3548 5702 etc.
