4148 6290
296 342 364 402 67
372 342 406 403 7

291 496 394 530 των
455 467 823 546 διαδιδράσκει
875 465 1120 523 κίνδυνον
1157 511 1171 525 .

295 564 417 630 σικὴ
475 560 702 633 δύναμις
760 562 1131 636 παραφανεῖσα
1164 605 1177 629 ,
1237 558 1325 613 καὶ
1401 556 1481 611 ἀεί
1536 579 1616 619 τις
1672 561 1738 629 τῆ
1798 554 1930 622 ούση

295 651 693 730 προσγενομένη
732 693 745 718 ,
801 648 935 702 κατὰ
997 649 1250 721 μετώπου
1325 650 1439 721 (75)
1497 647 1591 720 μὶν
1649 644 1935 713 ἵστασθαι,

296 743 380 798 καὶ
438 737 855 795 διακινδυνεύειν
936 736 1036 792 οὐκ
1107 734 1243 809 ᾤετο
1322 733 1429 790 δεῖν
1506 733 1637 811 δίχα
1700 733 1943 811 μεγάλης

298 832 553 905 ἀνάγκης,
613 828 727 882 ἐνὸν
789 826 848 881 ἐκ
921 826 1231 901 περιουσίας
1287 831 1499 901 κρατεῖν
1533 844 1545 858 ·
1607 825 1665 879 ἐκ
1723 823 1779 878 δὲ
1833 828 1941 877 τῶν

300 916 481 997 λόφων
542 916 631 971 καὶ
686 920 795 969 τῶν
854 919 1048 969 στενῶν
1201 915 1474 989 παρείκοι,
1530 912 1811 990 βάλλουσα
1856 912 1945 967 καὶ

298 1008 605 1081 τοξεύουσα,
637 1003 725 1059 καὶ
766 1004 833 1058 τὰ
878 1003 1061 1078 καίρια
1106 1010 1207 1073 τῆς
1252 1000 1437 1057 διόδου
1485 997 1945 1079 προκααλαμτϐοἱ-

299 1117 506 1167 νουσα,
568 1090 769 1171 ῥᾳδίως
848 1091 989 1169 εἶργε
1064 1096 1161 1146 τοῦ
1240 1092 1429 1169 πρόσω
1470 1110 1482 1126 ⁸
1543 1096 1837 1162 τηνικαῦτα
1900 1090 1951 1144 ἐν

300 1185 497 1263 ἀπορίᾳ
549 1205 608 1239 τε
661 1184 728 1253 ἧν
769 1178 877 1250 ἤδη
938 1179 1152 1255 πολλῇ,
1200 1181 1289 1236 καὶ
1340 1182 1439 1236 οὐκ
1488 1178 1630 1257 ἔχων
1679 1182 1788 1251 ’ὀπη
1837 1183 1950 1254 (76)

297 1274 567 1353 τράπηται
653 1270 807 1328 λύσιν
893 1270 1126 1344 εύρίσκει
1205 1273 1443 1346 πονηρὰν
1530 1275 1627 1325 τοῦ
1719 1269 1952 1346 βουλεύ-

312 1385 499 1440 ματος.

1283 336 1574 399 ORATIO
1617 337 1696 400 V.
1730 365 1804 382 -
1836 328 2144 398 CONTRA
2189 337 2587 398 JULIANUM
2637 328 2711 397 Il.

1223 473 1308 530 Ὡς
1367 466 1424 522 δὲ
1494 467 1741 543 προϊόντι
1800 474 1978 543 Περι,

2095 474 2381 524 astrorum
2414 470 2621 524 horum
2658 469 2982 541 periculum
3009 471 3228 542 effugit.
3251 470 3324 527 Ut
3346 477 3540 530 autem
3574 492 3707 547 pro-

2049 557 2337 628 gredienti
2373 560 2610 613 Pcrsicaa
2643 560 2821 630 COpiLB
2866 560 2924 613 in
2974 566 3352 631 conspectum
3386 567 3708 621 venientesr

2055 647 2429 718 quotidieque
2461 654 2861 719 augescentes,
2896 666 3023 703 eam
3057 650 3295 721 gerendi
3345 652 3478 707 belli
3528 654 3705 710 ratio-

3588 343 3709 403 678

2058 753 2189 790 nem
2224 742 2419 792 tenere
2449 743 2750 809 cceperunt
2798 742 2860 792 ut
2908 739 3152 793 adversa
3184 740 3419 810 quidem
3454 741 3575 797 acie
3608 760 3706 798 ne-

2058 842 2354 897 quaquam
2414 826 2526 880 sibi
2587 827 2886 893 standum,
2921 845 3046 897 nec,
3081 844 3215 882 cum
3264 829 3565 901 copiarum
3617 850 3718 887 ex-

2059 914 2363 970 uberantia
2412 916 2640 971 vincere
2690 914 2910 983 liceret,
2944 917 3056 971 nisi
3106 935 3320 990 magna
3368 922 3715 977 necessitate

2059 1008 2323 1075 urgente,
2360 1005 2697 1059 tentandum
2732 1006 2840 1061 sibi
2890 1023 3095 1078 pugnae
3131 1006 3317 1063 aleam
3341 1010 3714 1080 judicarent;

2060 1098 2331 1148 caeterum
2364 1110 2393 1149 e
2428 1094 2671 1150 tumulis
2704 1100 2759 1150 et
2787 1095 2853 1149 lo.
2880 1112 3046 1151 orum
3078 1098 3387 1169 angustiis,
3414 1100 3514 1155 ubi
3539 1100 3720 1156 facul-

2064 1187 2153 1237 tas
2186 1183 2443 1249 daretur,
2478 1187 2675 1240 hostes
2715 1184 2947 1256 sagittis
2998 1186 3362 1257 impeterent,
3398 1194 3571 1261 atque
3616 1207 3718 1262 op-

2063 1272 2507 1342 portunissimis
2539 1272 2639 1327 vim
2684 1274 3032 1329 transitibus
3078 1278 3398 1348 occupatis,
3427 1296 3524 1334 eos
3558 1278 3722 1334 facil-

2062 1358 2223 1430 lime,
2267 1378 2340 1417 ne
2395 1378 2566 1432 porro
2615 1364 3124 1434 progrederemur,
3184 1365 3557 1423 inhiberent:
3594 1373 3720 1423 tum

304 1473 433 1511 vero
465 1455 525 1509 in
555 1469 763 1526 magna
814 1451 996 1507 animi
1041 1450 1328 1506 anxietate
1374 1451 1747 1521 versabatur;
1782 1466 1907 1518 nec,
1942 1466 2055 1521 quo
2090 1465 2151 1505 se
2182 1454 2449 1519 verteret,
2488 1451 2727 1522 habens,
2762 1470 3005 1524 pravum
3059 1455 3295 1511 tandem
3351 1456 3580 1513 consilii
3629 1455 3721 1512 sui

305 1546 522 1601 exitum
555 1541 790 1614 reperit.

374 1632 477 1687 IA'.
538 1630 707 1703 ’Δνὴρ
764 1629 867 1703 γάρ
924 1648 1008 1689 τις
1062 1630 1169 1681 τῶν
1227 1625 1324 1681 οὐκ
1382 1623 1659 1699 ἀδοκίμων
1714 1625 1763 1680 έν
1824 1627 1957 1701 Πέρ-

312 1740 446 1782 σαις.
494 1719 584 1773 τὸν
635 1717 722 1772 ἐπὶ
780 1711 1063 1772 Βαϐυλῶνι
1114 1717 1251 1791 πρὸς
1296 1720 1474 1791 Κῦρον
1532 1718 1644 1789 (77)
1702 1716 1959 1791 Ζώπυρον

318 1808 724 1883 μιμησάμενος,
784 1806 861 1868 ὡς
919 1803 985 1877 δή
1040 1826 1092 1860 τι
1153 1808 1233 1877 τῷ
1289 1808 1507 1880 Περσῶν
1561 1807 1674 1877 (78)
1726 1801 1960 1879 βασιλεῖ,

320 1895 529 1973 μᾶλλον
592 1893 648 1951 δὲ
704 1896 932 1971 μέγιστα
982 1894 1071 1949 καὶ
1132 1894 1218 1948 ἐπὶ
1273 1893 1547 1970 μεγίστοις
1596 1913 1963 1969 προσκεκρου-

316 1990 446 2060 κὼς,
485 1987 576 2042 καὶ
626 1983 848 2047 δύσνους
901 1985 995 2059 μὶν
1044 1988 1161 2045 τοῖς
1212 1983 1416 2038 ἐκείνου
1475 1982 1731 2057 μάλιστα,
1783 1979 1963 2044 εὔνους

320 2076 375 2132 δὲ
429 2080 547 2138 τοῖς
596 2074 875 2148 Ῥωμαίων
930 2072 1210 2148 πράγμασι
1274 2070 1363 2127 διὰ
1417 2077 1577 2129 τοῦτο
1630 2072 1913 2149 τυγίάνων
1951 2117 1965 2142 ,

320 2166 408 2222 καὶ
460 2166 523 2221 τὸ
577 2164 917 2220 πιστεύεσθαι
977 2158 1160 2217 λαϐὼν
1215 2162 1273 2217 ἐκ
1326 2166 1423 2216 τοῦ
1480 2161 1798 2235 πλάσματος
1834 2182 1846 2193 ·
1901 2160 1968 2218 Τί

321 2260 532 2327 ταῦτα,
610 2251 821 2332 φησίν,
879 2250 922 2306 ὧ
1001 2254 1271 2327 βασιλεῦ;
1336 2256 1461 2314 Πῶς
1538 2252 1680 2306 οὕτω
1756 2255 1967 2326 σαθρῶς

326 2344 448 2420 περὶ
543 2342 807 2397 τοσούτου
890 2339 1209 2417 βουλεύεσθε
1284 2342 1605 2417 πράγματος
1682 2361 1693 2409 ;
1767 2340 1857 2401 Τίς
1942 2340 1969 2393 ὁ

328 2433 522 2505 νηίτης
580 2430 736 2494 οὗτός
796 2452 878 2485 σοι
938 2436 1085 2493 σῖτος
1141 2430 1230 2484 καὶ
1289 2432 1316 2484 6
1374 2431 1623 2506 περιττὸς
1681 2430 1901 2507 φόρτος,
1944 2432 1972 2485 6

327 2530 424 2593 τῆς
506 2518 792 2594 ἀνανδρίας
884 2517 1207 2581 διδάσκαλος
1290 2547 1303 2588 ;
1380 2516 1549 2575 Οὐδὲν
1629 2519 1731 2594 γὰρ
1830 2518 1973 2573 οὕτω

330 2610 609 2685 δύσμαχον
682 2611 795 2683 (79)
870 2607 958 2662 καὶ
1033 2607 1338 2685 φιλόνεικον
1375 2654 1389 2680 ,
1447 2608 1521 2670 ὡς
1571 2608 1779 2684 γαστήρ
1813 2652 1827 2679 ,
1886 2607 1974 2662 καὶ

328 2701 390 2756 τὸ
445 2700 495 2755 έν
568 2697 757 2775 χερσὶν
840 2693 984 2773 ἔχειν
1055 2699 1152 2766 τήν
1216 2697 1530 2773 σωτηρίαν.
1594 2696 1750 2752 Ἀλλ’
1824 2695 1876 2751 εἷ’
1924 2718 1975 2751 τι

336 2788 459 2861 ἐμοὶ
552 2786 753 2860 πείθῃ,
811 2786 873 2840 τὸ
960 2786 1053 2859 μὲν
1159 2786 1405 2839 ναυτικὸν
1507 2790 1668 2840 τοῦτο
1771 2786 1979 2860 χαίρειν

338 2877 507 2939 ἐάσεις
561 2922 575 2948 ,
632 2876 719 2931 καὶ
791 2876 892 2944 τήν
969 2873 1239 2947 ἑπομένην
1316 2870 1532 2928 ἔκλυσιν
1608 2880 1687 2947 τῷ
1755 2875 1982 2950 γενναίῳ

333 2967 512 3038 τούτῳ
585 2962 838 3042 στρατῷ·
899 2963 1060 3026 αὐτὸς
1137 2960 1194 3017 δὶ
1271 2961 1337 3018 δι’
1413 2961 1590 3035 ἄλλης
1667 2962 1794 3018 ὀδοῦ
1872 2964 1982 3018 εὐ-

2138 1627 2229 1682 ΧΙ.
2264 1627 2368 1681 Vir
2396 1627 2552 1683 enim
2584 1627 2843 1700 quidam,
2870 1630 3020 1686 inter
3042 1632 3247 1689 Persas
3279 1650 3391 1689 non
3426 1634 3721 1707 ignobilis.

2070 1716 2275 1788 Zopyri
2324 1714 2481 1773 illius
2521 1733 2657 1789 erga
2687 1719 2922 1790 Cyrum,
2958 1721 3016 1775 in
3059 1721 3369 1794 Babylonis
3402 1725 3724 1794 obsidione,

2074 1804 2300 1859 facinus
2352 1804 2636 1875 imitatus,
2671 1806 2839 1877 quasi
2887 1808 2960 1863 ob
3009 1808 3389 1880 gravissimas
3438 1813 3727 1884 quaedam

2073 1909 2284 1950 causas
2315 1895 2373 1949 in
2406 1895 2814 1967 gravissimam
2856 1897 3235 1954 offensionem
3270 1901 3575 1957 Persarum
3608 1902 3729 1973 regi

2074 1983 2353 2051 venisset,
2384 1983 2454 2039 ob
2488 1984 2663 2055 idque
2693 1983 2750 2038 in
2784 2000 2915 2041 eum
2951 1986 3204 2057 pessime
3236 1988 3555 2058 animatus,
3588 2006 3732 2045 con-

2082 2077 2289 2144 traque
2320 2089 2456 2145 erga
2492 2073 2783 2129 Romanos
2816 2076 3033 2146 optime
3063 2076 3306 2133 affectus
3338 2083 3511 2149 esset,
3536 2095 3602 2135 ac
3629 2096 3735 2151 per

2080 2161 2420 2233 hujusmodi
2451 2162 2645 2217 fucum
2669 2167 2725 2218 et
2749 2162 3188 2220 simulationem
3213 2167 3387 2222 fidem
3412 2168 3524 2222 sibi
3546 2168 3736 2223 conci-

2078 2250 2326 2306 liasset:
2376 2250 2516 2318 Quid
2570 2253 2700 2319 haec,
2756 2252 2970 2322 inquit,
3019 2256 3369 2324 imperator?
3420 2256 3559 2324 Quid
3614 2261 3736 2313 tam

2080 2342 2339 2411 ignavum
2370 2350 2532 2412 atque
2578 2342 2920 2397 imbecillum
2950 2343 3015 2399 de
3043 2347 3189 2399 tanti
3215 2349 3477 2401 momenti
3524 2349 3736 2417 negotio

2081 2430 2373 2485 consilium
2418 2432 2617 2486 initis?
2663 2432 2929 2500 Quorsum
2982 2433 3082 2489 hoc
3126 2436 3323 2489 navale
3371 2438 3735 2505 frumentum,

2086 2535 2147 2573 ac
2175 2522 2511 2590 superﬂuum
2540 2536 2695 2591 onus,
2732 2524 2970 2590 ignaviae
3000 2525 3368 2593 magistrum."
3397 2526 3563 2580 Nihil
3592 2528 3743 2582 enim

2086 2608 2164 2664 ad
2220 2611 2658 2680 ewpugnandum
2707 2611 3017 2682 difﬁcilius,
3059 2613 3204 2668 nihil
3251 2617 3597 2684 pervicacius
3644 2620 3742 2685 est,

2087 2714 2252 2768 quam
2282 2708 2487 2771 venter,
2519 2700 2784 2772 situmque
2833 2702 2893 2755 in
2942 2704 3201 2759 manibus
3231 2705 3432 2759 habere
3474 2722 3623 2777 spem
3653 2722 3742 2760 sa-

2092 2789 2242 2842 lutis.
2282 2789 2570 2856 Quocirca,
2601 2791 2653 2844 si
2699 2790 2837 2861 quid
2882 2807 2967 2845 me
3016 2792 3229 2863 audies,
3261 2796 3549 2850 nauticum
3600 2796 3746 2849 hunc

2091 2885 2421 2949 apparatum
2470 2878 2652 2934 valere
2708 2880 2940 2949 iubebis,
2984 2880 3409 2953 lunguoremque
3453 2899 3522 2938 ea:
3565 2900 3625 2938 eo
3676 2883 3747 2938 ad

2094 2968 2461 3038 fortissimum
2491 2966 2637 3022 hunc
2658 2970 2963 3024 exercitum
2989 2969 3297 3026 redeuntem
3321 2990 3337 3025 .·
3363 2977 3421 3026 tu
3451 2976 3635 3028 autem
3659 2974 3748 3027 via

338 3040 658 3129 πορωτέρας
730 3074 787 3108 τε
865 3053 955 3108 καὶ
1038 3050 1462 3131 ἀσφαλεστέρας,
1547 3055 1613 3122 ἧς
1701 3053 1809 3129 ἐγώ
1894 3075 1975 3108 σοι

2095 3053 2345 3124 faciliori
2384 3058 2433 3109 et
2463 3056 2675 3122 tutiori,
2695 3057 2850 3127 cujus
2880 3057 2985 3112 tibi
3012 3074 3099 3113 me
3125 3058 3317 3114 ducem
3345 3062 3463 3130 fore
3488 3062 3750 3131 proﬁteor

338 3142 659 3219 καθηγητὴς
716 3139 991 3216 (ἔμπειρος
1055 3141 1111 3196 δὶ
1187 3139 1239 3196 εἷ’
1289 3163 1373 3205 τις
1453 3140 1627 3204 ἄλλος
1686 3142 1830 3219 φημὶ
1887 3150 1986 3213 τῆς

340 3233 531 3308 χώρας
585 3231 717 3286 εἶναι
771 3239 871 3301 τῆς
928 3233 1249 3306 Περσικῆς),
1311 3225 1571 3305 ἐμϐαλεῖς
1627 3253 1685 3286 τε
1741 3232 1815 3294 εἷς
1885 3234 1985 3302 τὴν

338 3320 605 3395 πολεμίαν
640 3368 656 3394 ,
718 3320 804 3375 καὶ
880 3325 987 3375 τῶν
1055 3320 1191 3375 κατὰ
1262 3321 1488 3397 γνώμην
1564 3325 1748 3397 τυχῶν
1828 3321 1987 3375 ἐπαν-

340 3414 505 3485 ήξεις·
566 3413 714 3483 ἡμᾶς
773 3408 830 3465 δὲ
884 3415 1177 3479 τηνικαῦτα
1256 3407 1311 3463 εὖ
1369 3412 1654 3480 ποιήσεις,
1712 3410 1872 3480 ἡνίκα
1928 3411 1986 3465 ἂν

342 3499 482 3577 ἔργῳ
532 3503 642 3575 (80)
692 3505 882 3575 πεῖραν
942 3494 1113 3574 λάϐῃς
1162 3506 1265 3569 τῆς
1314 3500 1583 3576 ἡμετέρας
1644 3499 1852 3563 εὐνοίας
1902 3499 1990 3555 καὶ

344 3590 703 3665 παραινέσεως
715 3635 727 3646 .

415 3681 510 3735 ΙΒ’.
568 3680 657 3741 Ὠς
717 3675 774 3732 δὲ
831 3678 949 3732 εἷπε
1003 3681 1191 3747 ταῦτα,
1248 3677 1336 3732 καὶ
1396 3677 1560 3732 εἷ’πὼν
1623 3676 1851 3749 ἔπεισεν,
1909 3676 1993 3733 εὕ-

344 3788 531 3823 πιστον
593 3769 696 3843 γὰρ
772 3769 807 3835 ἡ
888 3766 1207 3844 κουφότης,
1260 3766 1352 3821 καὶ
1408 3771 1505 3820 τοῦ
1562 3772 1696 3821 Θεοῦ
1762 3765 1997 3840 μάλιστα

348 3856 784 3923 συνελαύνοντος,
843 3857 1048 3911 ἅπαντα
1106 3858 1169 3924 ἦν
1222 3856 1361 3928 ὁμοῦ
1417 3857 1485 3910 τὰ
1532 3852 1696 3910 δεινά·
1743 3858 1837 3911 τὰς
1900 3857 1993 3929 μὲν

347 3950 472 4009 ναῦς
506 3945 623 4020 εἶχε
651 3946 713 4000 τὸ
744 3948 875 4020 πῦρ,
921 3943 1010 3998 καὶ
1042 3944 1069 3997 6
1110 3949 1258 4007 σῖτος
1310 3943 1409 3998 οὐκ
1453 3946 1545 4014 ἦν,
1595 3945 1684 3999 καὶ
1730 3947 1936 4021 προσῆν
1970 3945 1997 3998 6

347 4036 544 4113 γέλως·
579 4034 837 4110 αὐτόχειρ
894 4033 995 4110 γὰρ
1055 4035 1089 4103 ἡ
1150 4034 1327 4112 σφαγή
1392 4031 1609 4109 σχεδόν·
1668 4033 1737 4089 τὰ
1790 4031 1846 4088 δὲ
1891 4038 1998 4088 τῶν

354 4122 592 4181 ἐλπίδων
646 4127 758 4199 (81)
806 4120 1034 4201 φροῦδα,
1081 4122 1170 4177 καὶ
1224 4124 1251 4177 6
1301 4120 1504 4199 ὁδηγὸς
1536 4124 1651 4197 (82)
1694 4121 2003 4194 συναπῆλθο

345 4219 466 4277 ταῖς
514 4211 890 4290 ὑποσχέσεσιν.
950 4218 1037 4267 Ἐν
1090 4211 1280 4285 κύκλῳ
1340 4209 1397 4265 δὲ
1454 4212 1505 4266 oi
1561 4213 1855 4285 πολέμιοι,
1913 4212 2002 4267 καὶ

346 4303 649 4381 περιρρέων
710 4303 738 4358 6
796 4301 1059 4375 πόλεμος
1118 4302 1153 4371 ἢ
1212 4322 1270 4355 τε
1325 4298 1561 4377 πρόοδος
1621 4300 1684 4355 ού
1734 4299 1914 4377 ῥᾳδία,
1966 4304 2001 4372 ἡ

2096 3146 2251 3215 (nam
2280 3145 2525 3201 Persicae
2554 3146 2794 3213 regionis
2838 3150 2951 3202 tam
2978 3149 3190 3218 peritus
3218 3166 3345 3203 sum
3375 3166 3539 3221 quam
3570 3152 3751 3221 quivis

2098 3234 2293 3303 alius),
2317 3234 2376 3289 in
2407 3233 2644 3290 hostium
2674 3239 2880 3290 terram
2911 3238 3323 3308 impressionem
3352 3241 3541 3310 facies,
3570 3240 3760 3296 rebus-
3828 3296 3831 3299 .

2101 3340 2205 3397 que
2230 3339 2299 3378 ex
2327 3326 2506 3379 animi
2532 3326 2799 3380 sententia
2829 3328 3094 3397 confectis
3120 3328 3189 3383 ad
3228 3328 3461 3384 reditum
3490 3334 3540 3385 te
3570 3332 3758 3385 accin-

2100 3429 2209 3485 ges.
2237 3413 2314 3467 Me
2343 3419 2534 3469 autem
2564 3422 2693 3469 tunc
2721 3414 2941 3471 demum
2979 3416 3245 3487 beneﬁcio
3279 3420 3517 3489 efﬁcies,
3549 3436 3675 3473 cum
3707 3433 3765 3471 re

2102 3504 2229 3574 ipsa
2260 3502 2648 3561 benevolentiae
2676 3520 2811 3577 erga
2843 3514 2892 3562 te
2919 3521 3059 3564 mea:
3095 3509 3428 3579 consiliique
3459 3510 3573 3565 mei
3598 3508 3766 3564 docu-

2102 3596 2347 3646 mentum
2378 3594 2601 3663 ceperis.

2175 3680 2292 3735 XII.
2327 3681 2443 3737 Hac
2474 3681 2736 3739 oratione
2766 3700 2922 3752 cum,
2955 3684 3013 3739 id
3055 3687 3211 3757 quod
3243 3686 3623 3757 proponebat,
3655 3684 3729 3739 Ju

2106 3768 2265 3825 liano
2296 3770 2712 3842 persuasisset,
2734 3772 2975 3829 credula
3006 3774 3163 3829 enim
3199 3778 3285 3829 est
3312 3774 3537 3843 levitas,
3570 3773 3769 3844 praeci-

2107 3876 2337 3931 pueque
2392 3860 2569 3915 etiam
2604 3864 2717 3915 Deo
2779 3861 3029 3933 impium
3088 3864 3450 3933 exagitante,
3486 3862 3767 3917 omnibus

2109 3947 2287 4004 simul
2339 3948 2730 4005 incommodis
2786 3950 2971 4021 premi
3023 3953 3197 4022 coepit
3244 3951 3549 4007 exercitus.
3584 3951 3772 4009 Naves

2110 4036 2232 4108 igni
2264 4036 2727 4108 conflagrabant,
2767 4038 3131 4098 frumentum
3164 4041 3395 4096 nullum
3428 4047 3572 4109 erat,
3607 4059 3671 4097 ac
3703 4042 3777 4097 ri-

2113 4142 2216 4181 sus
2273 4125 2515 4197 insuper
2573 4126 2914 4197 accedebat;
2956 4127 3110 4185 idem
3169 4129 3327 4185 enim
3386 4130 3566 4185 ferme
3625 4136 3770 4200 erat,

2113 4215 2262 4272 I55
2299 4231 2363 4270 ac
2395 4214 2444 4269 si
2490 4231 2703 4271 manus
2752 4216 2863 4272 sibi
2910 4217 3025 4289 ipsi
3076 4234 3396 4290 necemque
3453 4219 3769 4289 attulisset,

2116 4320 2249 4375 spes
2275 4319 2477 4358 omnes
2499 4305 2778 4371 evanidae,
2798 4305 3029 4379 duxque
3052 4307 3278 4363 itineris
3302 4325 3437 4364 cum
3461 4309 3771 4381 promissis

348 4394 527 4472 τροφὴ
580 4391 637 4448 δὲ
684 4391 784 4448 οὐκ
823 4388 1073 4467 εὔπορος
1124 4390 1176 4446 ἐν
1224 4390 1427 4482 ἀθμμίῃ
1637 4392 1883 4482 στρατὸς,
1913 4412 1978 4446 κα

2115 4392 2239 4449 suis
2271 4393 2653 4448 abscesserat.
2684 4393 2746 4449 In
2779 4394 2979 4451 orbem
3008 4412 3177 4468 porro
3209 4396 3406 4453 hostes
3449 4397 3771 4467 instabant,

352 4480 423 4537 δι’
459 4482 633 4557 ὀργῆς
680 4482 830 4557 εἶχον
863 4483 975 4554 (83)
1025 4481 1115 4534 τὸν
1161 4477 1405 4555 βασιλέα·
1462 4478 1705 4535 ἐλείπετο
1760 4478 1816 4535 δὲ
1862 4501 2006 4556 χρη-

356 4576 489 4641 στῆς
520 4568 743 4633 ἰλπίδος
775 4567 947 4625 οὐδέν·
987 4569 1083 4643 μία
1114 4566 1171 4623 δέ
1201 4569 1274 4631 ὡς
1325 4568 1375 4623 ὲν
1420 4574 1535 4630 τοῖς
1580 4574 1839 4644 παροῦσιν
1885 4568 2004 4626 ἐδό-

357 4681 441 4715 κει
503 4659 662 4733 μόνη,
720 4660 821 4729 τὴς
868 4664 1111 4733 πονηρᾶς
1160 4655 1542 4733 ἀπαλλαγῆναι
1594 4656 1869 4733 βασιλείας
1916 4660 2006 4715 καὶ

360 4749 707 4825 στρατηγίας.

456 4956 548 5027 75)
580 4954 726 5012 Κατά
769 4954 1042 5027 μετώπου.
1077 4952 1257 5009 Mont.
1290 4972 1379 5027 γρ,
1412 4953 1548 5007 κατὰ
1581 4952 1849 5026 μέτωπον.

456 5023 549 5097 76)
572 5030 738 5095 Ὃπη.
771 5023 1032 5097 Plerique
1063 5023 1313 5097 codices,
1332 5023 1490 5080 ⁷ὅποι.

808 5070 1315 5173 ﬁéa‘cy5§§,"§§é
1335 5070 1557 5173 lla-rius
1588 5097 1914 5170 Hystaspis,
1947 5101 2013 5153 ut

360 5169 747 5230 ex'Herodoto
778 5177 835 5225 et
865 5169 1173 5225 Plutarcho
1202 5170 1509 5224 discimus.

435 5244 549 5330 (38)
578 5243 669 5325 Ίςῷ
698 5244 952 5330 Περσιῖξνζ
971 5241 1059 5330 ita
1080 5246 1223 5330 tres,
1238 5240 1441 5330 Regg.,
1493 5241 1608 5295 duo
1641 5238 1801 5294 Colb.
1830 5244 1887 5294 et
1914 5239 2008 5295 Or.

364 5317 413 5369 1.
444 5311 622 5369 Pauci
642 5311 787 5370 cum
806 5311 1010 5385 editis,
1040 5314 1147 5364 τῶν
1160 5311 1417 5385 ΔΠερσῶν.

439 5386 555 5458 (79)
586 5384 745 5442 Οῧνω
796 5379 1104 5458 (δύσμαχον.
1158 5382 1243 5438 Ita
1261 5379 1455 5458 fasc.
1482 5398 1581 5458 __ac
1625 5379 2013 5458 pleriqueco-

362 5451 546 5514 dices.
577 5458 704 5513 Par.
739 5457 878 5512 edit.
909 5451 1215 5527 ’ἰπίμαχοιμ
1266 5451 1767 5527 Νοηῃυὶὶὶλο-ἱξτως
1792 5451 2013 5527 *ἐπίμα-

360 5548 488 5603 χον,
520 5546 675 5603 quos
702 5528 971 5603 sequitur
1001 5524 1203 5603 Gomb.
1237 5526 1339 5596 qui
1372 5525 1453 5581 sic
1497 5524 1689 5603 reddit
1730 5524 1886 5603 hunc
1917 5524 2015 5581 ilo-

360 5596 499 5657 cum
520 5596 745 5657 :‘uNihil
778 5596 942 5671 eique
963 5599 1035 5655 ad
1059 5600 1705 5671 pugnamgsegneatque
1728 5596 2015 5671 rixosum,

358 5689 427 5729 ac
460 5676 679 5738 venter,
709 5666 997 5743 suamque
1012 5666 1127 5745 prae
1146 5666 1433 5727 inanibus
1444 5666 1694 5725 salutem
1726 5668 1957 5734 habere,
1986 5692 2014 5719 »

2116 4481 2335 4538 bellum
2368 4482 2853 4540 circumﬂuebat:
2888 4502 3234 4558 progressus
3279 4505 3394 4542 non
3445 4487 3654 4557 facilis,
3688 4487 3772 4542 vi-

2118 4576 2245 4627 ctus
2276 4588 2426 4643 aegre
2466 4571 2745 4643 parabilis
2774 4590 2788 4629 :
2822 4572 3139 4647 languebat
3186 4576 3493 4643 exercitus,
3529 4577 3772 4634 animis-

2117 4677 2229 4733 que
2250 4660 2674 4730 conciderat,in
2697 4660 3110 4735 imperatorem
3134 4680 3416 4722 accensus
3438 4670 3560 4723 erat
3585 4684 3597 4722 :
3625 4664 3775 4723 nihil

2122 4955 2338 5010 Eodem
2372 4968 2549 5027 sensu
2580 4954 2819 5025 exponit
2850 4951 3131 5027 δύσμαχον
3168 4957 3418 5011 Budaeus
3462 4958 3521 5013 in
3556 4957 3773 5013 Plutar.

2121 5028 2321 5108 Symp.
2362 5024 2549 5108 Voluit
2588 5024 2843 5108 phrofecto
2900 5024 3186 5108 impostor
3227 5032 3472 5108 suadere
3517 5030 3775 5108 Juliano,

2121 5096 2375 5152 militare
2405 5096 2826 5169 robur’frangi,
2859 5115 2925 5153 ac
2949 5096 3209 5153 rixosum
3234 5102 3376 5165 ﬁeri,
3403 5119 3537 5156 cum
3562 5096 3779 5157 diffluit

2122 5169 2348 5244 deliciis
2374 5183 2385 5222 :
2412 5173 2467 5244 et
2488 5169 2884 5244 praefidentem
2912 5177 3083 5244 atque
3104 5170 3402 5244 incautum
3427 5175 3773 5244 plerumque

2123 5240 2485 5307 labefactari,
2517 5241 2742 5307 cumin
2775 5240 3049 5295 manibus
3079 5241 3239 5296 salus
3271 5260 3398 5297 esse
3424 5240 3671 5297 videtur.

2216 5313 2306 5383 80)
2337 5306 2524 5384 ’ῌνίκα
2555 5309 2614 5363 ἃν
2649 5306 2815 5384 ἔργῳ.
2867 5312 2960 5367 Sic
3008 5329 3153 5369 mss.
3204 5320 3260 5369 et
3310 5316 3470 5370 editi.
3523 5319 3772 5369 Montac.

2124 5390 2177 5438 el
2203 5379 2334 5437 Par.
2369 5379 2419 5434 έν
2452 5379 2614 5454 ἔργῳτ

2215 5454 2305 5522 81)
2343 5456 2455 5504 Τῶν
2481 5449 2750 5508 ’ἐλπίδων⁸
2776 5457 2940 5508 Pass.
2972 5451 3351 5509 ἐλπισθέντων.

2194 5454 2644 5596 (Βὲγῡίὸδηγός.
2698 5530 2778 5580 Ita
2816 5529 2979 5581 Pass.
3039 5531 3095 5581 et
3152 5526 3248 5581 alii
3290 5527 3347 5596 pl

2217 5519 2644 5599 82'):O_68n~{6q_.
2698 5530 2778 5580 Ita
2816 5529 2979 5581 Pass.
3039 5531 3095 5581 et
3152 5526 3248 5581 alii
3290 5527 3553 5599 plerique
3602 5530 3773 5586 codd.

2125 5602 2297 5651 Deest
2326 5595 2373 5662 6,
2410 5595 2467 5649 in
2498 5595 2690 5651 editis.
3291 5595 3305 5599 “
3455 5595 3474 5599 ”
3550 5636 3561 5649 .

2197 5668 2308 5741 (83)
2340 5666 2530 5741 Εἶχον.
2564 5669 2765 5725 Comb.
2799 5666 2936 5741 εἶχε,
