4148 6290
368 294 488 359 6⁸79

1612 296 1677 360 s.
1725 284 2097 361 GREGORII
2143 290 2537 361 THEOLOGI

3663 300 3785 368 680

370 431 537 486 bona
569 430 692 502 spei
725 430 1013 502 reliquum
1048 434 1200 499 erat;
1233 430 1353 486 haec
1386 448 1521 499 una,
1557 435 1620 485 ut
1650 431 1706 486 in
1742 432 2011 503 praesenti
2042 448 2238 488 rerum
2290 437 2443 489 statu
2494 434 2703 490 salutis
2736 436 2882 491 ratio
2916 439 3110 507 patere
3139 436 3465 510 videbatur,
3500 437 3783 495 nimirum

370 520 648 577 scelerato
678 518 923 591 imperio
953 522 1010 575 et
1038 519 1279 575 militari
1311 520 1653 592 praefectura
1685 521 1949 593 defungi.

439 610 586 665 ΧΙΙΙ.
612 612 745 674 Quae
779 612 974 665 autem
1006 608 1312 680 hucusque
1360 613 1521 682 gesta
1546 616 1704 679 sunt,
1731 611 1812 666 ita
1842 628 1903 666 se
1924 610 2014 666 ha-

2206 613 2295 666 Il".
2330 611 2403 664 Τὰ
2438 612 2530 684 μὲν
2566 610 2632 680 δὴ
2669 611 2831 687 μέχρι
2863 612 3057 667 τούτου
3090 616 3201 685 (84)
3230 634 3470 669 τοιαυτα·
3513 616 3580 669 τὰ
3611 613 3667 669 δὲ
3699 615 3786 669 ἐν·

368 699 540 765 bent;
583 714 711 768 quas
739 713 871 752 vero
902 702 1248 767 sequuntur,
1275 715 1390 753 non
1443 716 1559 754 uno
1591 700 1765 755 modo
1798 700 1869 755 ab
1904 716 2025 754 om-

369 788 544 843 nibus
566 790 957 858 exponuntur,
984 788 1083 842 sed
1109 788 1260 843 alius
1281 788 1377 843 alii
1400 788 1657 844 sermoni
1680 788 2021 859 assentitur,

370 893 436 933 ac
465 876 805 945 subscribit,
840 893 956 932 non
1009 878 1205 932 minus
1234 894 1434 933 eorum
1468 879 1685 950 quibus
1718 877 2023 934 certamini

368 966 676 1037 interesse,
710 982 889 1037 quam
939 966 1155 1038 quibus
1200 968 1404 1023 abesse
1454 968 1715 1040 contigit.
1750 966 2024 1023 Nonnulli

366 1056 527 1112 enim
558 1073 591 1111 a
620 1055 809 1110 Persis
831 1072 966 1111 eum
982 1056 1181 1126 jaculo
1204 1057 1493 1113 confixum
1527 1058 1710 1113 fuisse
1733 1057 1917 1125 aiunt,
1944 1060 2026 1112 te-

369 1161 530 1202 mere
558 1145 618 1200 in
649 1144 847 1200 hostes
879 1150 1307 1215 excursantem,
1334 1151 1508 1218 atque
1535 1146 1650 1202 huc
1681 1152 1737 1202 et
1766 1146 1905 1201 illuc
1934 1162 2027 1201 ve-

368 1251 511 1292 sane
540 1233 1011 1307 prmsultantem;
1044 1235 1319 1307 idemque
1351 1236 1465 1308 ipsi
1498 1237 1652 1309 quod
1682 1236 1825 1308 Cyro
1861 1236 2026 1307 Pary-

368 1323 576 1382 satidis
594 1324 713 1379 tilio
731 1324 1032 1395 accidisse,
1061 1326 1312 1397 quicum
1335 1326 1403 1381 ad
1416 1341 1616 1381 versus
1650 1330 2023 1381 Artaxerxem

367 1413 608 1470 fratrem
641 1428 776 1469 cum
807 1412 1030 1486 ingenti
1060 1415 1315 1469 exercitu
1358 1415 1737 1484 ascendisset,
1766 1431 1831 1469 ac
1861 1412 2023 1468 forti-

372 1506 463 1559 ter
486 1502 1128 1574 pugnaret,temeritate
1149 1504 1386 1559 tandem
1410 1520 1517 1559 sua
1545 1503 1844 1559 victoriam
1876 1503 2022 1558 ami-

368 1591 470 1648 sit.
490 1590 599 1647 Alii
624 1591 967 1662 hujusmodi
992 1593 1311 1664 quemdam
1338 1593 1408 1647 de
1429 1609 1494 1648 eo
1520 1610 1849 1649 sermonem
1874 1609 2024 1648 com-

367 1683 698 1737 memorant
725 1696 738 1736 :
770 1679 913 1735 Cum
946 1680 1005 1735 in
1038 1680 1354 1737 sublimem
1386 1683 1700 1753 quemdam
1725 1682 2023 1737 tumulum

368 1768 748 1839 ascendisset,
773 1773 835 1825 ut
889 1769 1046 1825 velut
1091 1788 1122 1826 e
1173 1770 1412 1842 specula
1465 1772 1781 1827 exercitum
1839 1772 2024 1829 oculis

369 1863 700 1931 usurparet,
719 1862 1095 1931 quantusque
1120 1860 1271 1915 bello
1298 1863 1703 1932 superfuisset,
1720 1877 2025 1933 cognosce-

2130 701 2308 755 τεῢθεν
2341 700 2449 776 οὐχ
2480 703 2553 763 εἷς
2584 701 2795 778 λέγεται
2844 701 3029 777 λόγος,
3064 700 3236 765 ἄλλος
3285 701 3341 758 δὲ
3388 702 3547 777 ἄλλῳ
3580 706 3785 783 συμφε-

2134 810 2277 863 ρεται
2336 789 2424 845 καὶ
2486 791 2805 862 συντίθεται,
2856 796 2961 845 τῶν
3026 813 3081 846 τε
3128 787 3408 866 παρόντων
3460 792 3671 865 ὁμοίως
3718 798 3783 867 τῇ

2138 879 2308 953 μάχη·
2346 877 2433 933 καὶ
2464 884 2569 933 τῶν
2602 879 2871 937 ἀπόντων.
2906 881 2973 937 Ol.
3029 881 3121 953 μὲν
3158 882 3260 956 γὰρ
3295 881 3396 935 ὑπὸ
3448 887 3663 957 Περσῶν
3697 882 3785 935 αὐ-

2132 968 2223 1023 τὸν
2251 968 2666 1039 κατηκοντίσθαι
2699 972 2809 1042 (85)
2858 970 3013 1047 φασὶν
3061 970 3313 1033 ἀτάκτοις
3346 967 3640 1047 ἐκδρομαῖς
3673 974 3784 1044 (86)

2134 1059 2447 1134 χρώμενον,
2480 1061 2572 1113 καὶ
2602 1060 2827 1114 ἄττοντα
2846 1056 2979 1133 τῇδε
2998 1059 3211 1114 κάκεῖσε
3232 1060 3323 1114 σὺν
3348 1059 3629 1133 ἐμπληξίᾳ
3650 1063 3781 1135 (87)·

2134 1146 2223 1200 καὶ
2255 1147 2446 1220 ὅμοιόν
2504 1170 2555 1202 τι
2614 1148 2739 1220 περὶ
2796 1147 2951 1202 αὐτὸν
3014 1143 3290 1222 συμϐῆναι
3345 1154 3424 1221 τῷ
3476 1150 3651 1225 Κύρου
3688 1155 3784 1204 τοῦ

2136 1234 2526 1308 Παρυσάτιδος,
2575 1237 2656 1307 ὃς,
2704 1242 2822 1299 τοῖς
2877 1236 3090 1313 μυρίοις
3142 1238 3252 1311 (88)
3305 1238 3643 1303 συνανελθὼν
3698 1239 3782 1294 ἐπὶ

2132 1325 2224 1379 τὸν
2272 1323 2502 1403 ἀδελφὸν
2551 1326 2928 1401 Ἀρταξέρξην,
2980 1326 3068 1381 καὶ
3113 1331 3369 1389 νεανικῶς
3425 1328 3782 1403 μαχόμενος,

2136 1416 2318 1490 θράσει
2348 1416 2444 1483 τήν
2477 1415 2629 1486 νίκην
2683 1413 2998 1492 διέφθειρεψ
3053 1417 3105 1469 οἱ
3156 1413 3213 1470 δὶ
3265 1414 3513 1472 τοιοῦτόν
3556 1440 3676 1472 τινα
3708 1418 3787 1473 ἐπ’

2135 1503 2280 1575 αὐτῷ
2310 1502 2620 1580 διηγοῦνται
2654 1504 2837 1581 λόγον’
2875 1505 2994 1559 Ἐπὶ
3038 1526 3159 1559 τινα
3206 1504 3376 1584 λόφον
3410 1511 3515 1561 τῶν
3560 1507 3787 1582 ὑψηλῶν

2133 1592 2391 1665 ἀνελθὼν,
2442 1595 2517 1655 ὡς
2565 1594 2623 1648 ἐκ
2668 1602 2953 1670 περιωπῆς
3001 1596 3092 1648 τὸν
3144 1596 3370 1670 στρατὸν
3425 1592 3547 1670 ὄψει
3579 1592 3784 1665 λαϐεῖν,

2132 1682 2222 1738 καὶ
2253 1682 2377 1745 ὅσος
2411 1684 2703 1760 ὑπελείφθη
2737 1688 2816 1755 τῷ
2844 1681 3077 1757 πολέμῳ
3111 1686 3320 1757 μαθεῖν,
3355 1682 3543 1755 ἐπειδή
3582 1686 3631 1738 οἱ
3673 1687 3784 1758 (89)

2135 1780 2365 1849 φανῆναι
2395 1772 2539 1827 πολὺ
2584 1773 2648 1827 τὸ
2700 1771 2934 1843 πλῆθος,
2973 1773 3062 1827 καὶ
3107 1780 3206 1842 τῆς
3258 1771 3480 1835 ἐλπίδος
3532 1773 3784 1851 ἀφθονώ-

2131 1881 2307 1936 τερον’
2368 1864 2455 1925 Ὠς
2514 1860 2709 1935 δεινὸν,
2770 1861 2960 1935 εἰπεῖν,
3020 1862 3065 1916 εἰ
3122 1864 3327 1925 πάντας
3381 1864 3454 1935 τῇ
3500 1863 3781 1936 Ῥωμαίων

366 1951 474 2015 ret,
494 1964 859 2019 magnasque
891 1948 1108 2020 copias,
1129 1966 1349 2021 speque
1381 1967 1489 2005 sua
1518 1950 1831 2021 ampliores
1853 1951 2014 2005 vidis.

2138 1955 2211 2025 γῇ
2255 1951 2480 2014 τούτους
2540 1951 2892 2023 ἐπανάξομεν
2953 1952 3028 2012 ὡς
3086 1951 3145 2005 ἄν
3203 1972 3288 2012 τις
3337 1950 3636 2026 βασκαίνων
3688 1952 3782 2007 αὐ-

364 2041 491 2094 set:
518 2038 693 2106 Quam
719 2054 884 2108 grave
928 2042 985 2093 et
1030 2038 1325 2110 indignum
1368 2042 1558 2108 fuerit,
1582 2040 1818 2107 dixisse,
1851 2042 1900 2094 si
1930 2040 2022 2095 hos

364 2142 547 2183 omnes
593 2126 663 2183 ad
710 2127 1081 2183 Romanorum
1128 2133 1336 2185 terram
1383 2130 1768 2185 reduxerimus
1802 2148 1819 2184 :
1855 2130 2020 2201 quasi

360 2214 634 2271 videlicet
678 2215 824 2287 ipsis
874 2215 1124 2272 salutem
1172 2216 1545 2274 invidentem.
1580 2219 1801 2283 Quibus
1830 2220 2020 2274 verbis

363 2308 727 2361 commotum
776 2303 1020 2361 militem
1051 2308 1390 2378 quemdam,
1423 2309 1623 2378 iraque
1665 2308 2018 2379 praecipitem

367 2398 587 2461 actum,
618 2393 783 2451 nulla
813 2393 1023 2450 salutis
1055 2413 1173 2451 sum
1218 2396 1419 2452 habita
1465 2398 1705 2465 ratione,
1739 2398 1797 2452 in
1832 2397 2017 2469 ipsius

360 2485 585 2540 viscera
614 2483 876 2555 gladium
904 2485 1192 2556 adegisse.
1216 2485 1325 2539 Alii
1350 2503 1554 2541 rursus
1582 2488 1833 2541 facetum
1858 2492 1915 2542 et
1940 2488 2018 2541 ri-

363 2570 625 2629 diculum
650 2572 966 2643 quemdam
989 2572 1547 2645 Barbarum(quales
1569 2575 1627 2629 in
1653 2575 1904 2631 militum
1930 2593 2016 2632 co-

363 2660 591 2728 mitatu,
611 2664 740 2715 tum
763 2661 835 2715 ad
861 2660 1163 2717 leniendas
1189 2661 1519 2718 animorum
1545 2663 1860 2731 molestias,
1888 2671 2014 2720 tum

362 2749 435 2805 ad
453 2748 832 2805 exhilaranda
853 2750 1109 2805 convivia
1128 2766 1255 2806 esse
1273 2751 1504 2823 solent),
1520 2752 1627 2807 hoc
1646 2752 1869 2808 facinus
1894 2771 2019 2825 per-

361 2841 625 2909 petrasse
668 2837 880 2893 ferunt.
908 2837 1022 2895 Nec
1071 2840 1283 2894 desunt
1313 2840 1412 2910 qui
1444 2840 1728 2896 Saraceno
1760 2842 2015 2913 cuipiam

360 2925 603 2998 gloriam
630 2926 779 2983 hanc
811 2928 1129 2984 ascribant.
1155 2927 1461 2999 Utcunque
1492 2946 1553 2984 se
1584 2946 1676 2985 res
1708 2930 1900 3000 habet,
1936 2930 2014 2985 1e-

433 3033 547 3108 (84)
612 3033 836 3090 Τούτου.
906 3035 1069 3091 Pass.
1134 3041 1192 3091 et
1256 3036 1515 3110 plerique
1582 3040 1830 3107 codices,
1889 3038 2015 3092 τού-

363 3124 495 3160 των.

434 3178 548 3248 (85)
581 3175 1026 3253 Κατηκοντίσροιι.
1061 3178 1469 3253 Hieronymus,
1500 3183 1602 3253 Ep.
1634 3183 1703 3237 ad
1737 3182 2015 3253 Magnum

364 3253 660 3341 oratorrem‘
700 3250 787 3341 ai't‘
812 3266 824 3304 :
852 3272 892 3332 «_
920 3250 1250 3341 Contoqilla
1281 3250 1619 3341 ;p.erl‘essus.
1648 3276 1679 3341 η
1707 3250 2015 3341 Damasce-

366 3336 480 3397 nus
511 3319 607 3397 0r.
642 3322 693 3386 1,
744 3322 819 3376 De
871 3322 1232 3397 imaginibus,
1281 3319 1504 3397 Elladio
1556 3330 1811 3393 auctore,
1863 3323 2013 3397 δορυ,

369 3414 392 3442 ι
426 3391 657 3447 hastam
694 3413 714 3439 ι
751 3398 962 3467 vocat._
990 3391 1078 3447 lta
1131 3395 1351 3449 Sozom.
1408 3396 1447 3461 l,
1480 3414 1558 3465 v1,
1591 3416 1639 3453 c.
1680 3400 1726 3467 1,
1762 3391 2016 3455 Ammia;

364 3480 553 3537 nu_s,«
585 3468 919 3537 equestrem
950 3464 1178 3537 hastam
1214 3489 1233 3514 ι
1264 3468 1538 3537 appellat.

435 3534 549 3606 (86)
577 3532 857 3613 ’Atéxgorc
896 3532 1219 3613 ¹ἐκδρομαῖς,
1254 3532 1393 3609 Reg.
1428 3557 1486 3607 u,
1528 3535 1839 3613 ἐκδρόμοις.
1876 3542 2014 3613 Reg.

363 3605 423 3678 b,
445 3603 722 3665 τακτικοῖς
752 3603 1059 3678 ἐκδρόμοις.

438 3678 552 3749 (87)
590 3675 941 3753 ’Ἐμπλῃξίᾳξε
1000 3682 1257 3753 Quatuor
1286 3751 1294 3753 _
1326 3681 1505 3752 Regg.
1556 3682 1715 3736 Colb.
1763 3685 1818 3753 k,
1880 3686 2012 3740 Sav.

373 3746 540 3825 Pass.
573 3746 872 3825 ῥκτὲληξίᾴ.
902 3746 1009 3825 Cui
1045 3751 1345 3825 sententia:
1380 3746 1529 3808 favet
1574 3746 1849 3825 EutrOpI,
1880 3759 2013 3812 Hist.

361 3820 542 3899 Roga,
573 3820 854 3899 l._1_r.;lmo
884 3824 1153 3899 Augu_st_.,
1178 3821 1215 3876 l.
1243 3839 1298 3876 ιν
1331 3830 1407 3880 De
1434 3827 1581 3899 civit.
1616 3842 1665 3880 c.
1694 3820 1782 3893 29‘,
1808 3820 1864 3881 et
1897 3830 1932 3882 Ι.
1958 3846 2011 3899 v,

362 3907 411 3946 ο.
441 3894 534 3961 21,
567 3892 666 3947 ubi
692 3894 962 3950 Julianus
983 3892 1238 3959 'dicitur,
1271 3914 1289 3941 α
1327 3896 1533 3951 merito
1581 3899 1927 3954 temeritatis
1960 3892 2015 3954 ct

360 3962 563 4042 hostili
610 3965 848 4042 vulnere
905 3967 1248 4042 exstinctus.
1278 3990 1303 4016 ››
1338 3968 1399 4022 ld
1449 3970 1623 4024 etiam
1675 3976 2016 4042 supponunt

362 4038 622 4090 extrema
653 4039 958 4093 morientis
989 4039 1060 4093 ad
1092 4037 1539 4096 circumstantes
1571 4037 1762 4097 verba:

432 4107 703 4183 (88)]‘93;
755 4110 988 4183 μυρίοις.
1023 4110 1226 4183 «βαίη
1276 4110 1495 4183 ingenti
1546 4114 1877 4177 exercitu,»
1912 4132 2015 4170 nec

362 4176 539 4231 bene
569 4176 794 4243 Billius,
819 4176 844 4229 (ἱ
882 4198 1015 4235 cum
1048 4181 1245 4236 decem
1306 4176 1610 4238 hominum
1676 4176 2011 4241 millibus.»

362 4247 505 4326 Quis
534 4250 691 4303 enim
724 4250 819 4326 hic
842 4252 1106 4307 tantulus
1137 4255 1445 4326 exercitus,
1472 4257 1569 4325 qui
1604 4258 2012 4326 potentissimo

363 4318 674 4399 Persarum
703 4323 823 4393 regi
849 4328 1009 4399 esset
1034 4324 1331 4399 negotium
1367 4318 1661 4381 facturus?
1684 4328 1863 4399 Cyrus
1896 4347 2012 4385 non

362 4388 556 4463 solum
577 4412 606 4463 ις
634 4388 834 4447 deosin
868 4394 1051 4448 millia
1081 4388 1435 4463 Graecorum,
1462 4420 1487 4447 ››
1523 4399 1622 4453 sed
1656 4388 1801 4455 alias
1834 4402 2011 4456 etiam

359 4461 561 4543 plures
590 4461 965 4543 inﬂauxilium
997 4464 1194 4543 copias
1242 4461 1465 4524 habuit.
1503 4469 1640 4543 Reg.
1675 4472 1733 4539 b,
1761 4471 1922 4529 Colb.
1956 4476 2011 4542 3,

362 4531 421 4589 δι
443 4531 796 4610 PassLb'a'ctg
815 4541 931 4610 τοῖς
969 4531 1203 4610 μυρίοις.

434 4604 797 4731 (89)]’E1rsi_815
834 4608 903 4664 οἱ.
942 4604 1316 4665 Ita'melioris
1355 4616 1500 4667 nota:
1538 4614 1799 4701 ‘codices,
1832 4616 2008 4687 Regg.

359 4674 484 4731 bm.
562 4693 619 4731 υ.
652 4678 866 4731 alimus
899 4680 1114 4731 nlures.
1152 4682 1329 4731 Mont-
1373 4680 1557 4731 ἐπειδη
1594 4683 1663 4731 οἶ.
1699 4686 1837 4731 Pana
1894 4685 2008 4731 ἐπεὶ

360 4678 484 4746 bm,
519 4678 619 4747 hu,
652 4678 866 4753 aliique
896 4680 1114 4754 plures.
1151 4682 1329 4737 Mont.
1373 4680 1558 4751 ἐπειδὴ
1594 4683 1663 4738 οἶ.
1697 4678 1859 4743 Pass.
1894 4678 2010 4740 ὲῖτῖὶ

360 4741 478 4824 δέοι
496 4754 749 4824 ξρανῆναι.
944 4823 951 4824 7
1377 4822 1382 4824 _

576 4769 749 4817 νηναι.

358 4819 728 4945 diffamat
789 4823 979 4879 Schol.
1040 4824 1289 4879 subaud.
1338 4822 1509 4899 ξίφος,
1565 4850 1584 4875 ιι

402 4907 513 4946 ius.
538 4914 567 4941 ››

430 4962 543 5034 (91)
596 4965 999 5045 ,Στρατιώταιᾳ
1070 4968 1208 5038 Reg.
1279 4984 1344 5037 q,
1412 4969 1667 5025 Combef.
1740 4975 2007 5044 στρατοῖς,

362 5054 391 5083 ‹‹
422 5040 728 5092 exercitus.
756 5061 778 5089 ι

429 5104 544 5176 (92)
574 5102 690 5159 Elei
749 5103 804 5159 δὲ
864 5104 923 5160 οἷ’
966 5106 1053 5160 καὶ
1108 5112 1435 5179 Σαρακηνῶν
1486 5130 1612 5177 τινι,
1659 5119 1766 5168 clc.
1804 5137 1827 5163 ‹‹
1864 5116 2014 5169 Sunt

356 5180 555 5252 autem
600 5180 699 5249 qui
751 5182 1108 5252 Saracena,»
1144 5188 1251 5235 etc.
1288 5182 1386 5236 Hic
1436 5184 1855 5239 advertendum
1901 5192 2009 5252 est,

358 5246 509 5302 nihil
531 5246 760 5326 certum
776 5253 854 5326 (de
875 5246 1094 5326 Juliani
1118 5252 1488 5309 interfectore
1512 5257 1664 5326 apud
1689 5246 2012 5325 Scriptores

356 5320 617 5399 reperiri.
652 5322 832 5394 Varii,
861 5323 1269 5399 ut_(}regorius
1313 5330 1528 5399 noster,
1547 5320 1752 5399 'varias
1784 5320 2009 5399 opinio-

356 5396 459 5471 nes
514 5402 837 5451 recensent.
882 5394 1037 5471 Vide
1072 5395 1393 5471 Chry_sost.,
1426 5396 1527 5471 lib.
1560 5400 1634 5452 De
1658 5398 1717 5471 VS.
1756 5394 2007 5471 Bdbyla.;

354 5461 786 5543 Damasc‘enum
831 5472 976 5543 erat.
1020 5468 1057 5543 1
1098 5467 1171 5521 De
1190 5461 1591 5543 imaginibus;
1638 5461 2007 5543 Theodoret.,

355 5532 524 5615 Hist,
555 5536 658 5594 lib.
695 5557 782 5615 in,
808 5556 857 5595 ο.
889 5539 1270 5615 25;_S_oorat.,
1301 5532 1402 5593 lib.
1438 5556 1520 5615 In,
1549 5532 1599 5597 ο.
1628 5544 1726 5615 21;
1759 5532 2006 5614 Sozom.,

356 5603 461 5659 lib.
489 5622 564 5675 v1,
598 5625 649 5665 ο.
686 5612 737 5676 1,
759 5603 813 5677 2,
846 5615 955 5666 etc.
977 5603 1271 5664 ’Libanius
1302 5614 1448 5665 orat.
1484 5603 1723 5669 funebri,
1743 5617 1801 5670 in
1828 5603 2008 5672 Julia:

354 5690 493 5759 nugn
530 5679 615 5735 sic
643 5680 910 5760 loquitur
938 5700 1019 5760 :_c_
1040 5681 1306 5760 Fortasse
1337 5682 1552 5754 aliquis
1604 5703 1776 5743 nosse
1823 5690 2006 5760 cupit,

356 5751 629 5827 quisnam
660 5751 830 5813 illum
861 5752 1169 5824 occiderit;
1201 5770 1306 5828 ego
1344 5751 1477 5814 vero
1523 5773 1733 5816 nomen
1766 5751 2005 5835 quidem

1640 4828 1819 4898 ensis,
1880 4829 2007 4899 gla-

2041 4727 2089 4792 D

2136 2046 2251 2103 τοῖς
2283 2047 2384 2110 τῆς
2416 2039 2709 2116 σωτηρίας.
2762 2041 2873 2117 Ἐφ’
2922 2040 2966 2112 ᾧ
2996 2060 3115 2094 τινα
3142 2043 3249 2094 τῶν
3295 2045 3636 2116 στρατιωτῶν
3681 2061 3785 2116 χα-

2134 2130 2464 2203 Λεπῄναντα,
2504 2128 2591 2184 καί
2624 2128 2686 2183 οὐ
2734 2128 3077 2204 κατασχόντα
3122 2130 3218 2198 τήν
3256 2128 3453 2205 ὀργὴν,
3491 2132 3627 2184 ὦσαι
3672 2133 3784 2203 (90)

2132 2219 2266 2273 κατά
2293 2223 2401 2274 τῶν
2436 2217 2791 2293 σπλάγχνων,
2826 2216 3171 2293 ἀλογήσαντα
3207 2224 3307 2287 τῆς
3362 2218 3553 2272 ἑαυτοῦ
3604 2240 3780 2289 σωτη-

2133 2308 2271 2382 ρίας.
2303 2310 2389 2369 Ὠς
2420 2306 2476 2362 δὲ
2526 2306 2731 2378 ἄλλοι,
2776 2312 2884 2362 τῶν
2938 2305 3269 2384 γελοιαστῶν
3329 2302 3617 2384 βαρϐάρων
3661 2308 3783 2362 τινὰ

2130 2402 2289 2452 τοῦτο
2317 2398 2594 2470 τολμῆσαι
2628 2397 2704 2470 (οἳ
2733 2402 2849 2457 τοῖς
2883 2398 3236 2472 στρατιώταις
3268 2398 3379 2470 (91)
3410 2393 3655 2469 ἕπονται,
3680 2396 3783 2452 λύ-

2128 2508 2237 2556 πης
2266 2508 2324 2541 τε
2353 2486 2682 2562 ψυχαγωγία
2710 2484 2800 2540 καὶ
2831 2484 3019 2548 πότοις
3051 2482 3313 2558 ⁵ἥδυσμα).
3348 2485 3467 2540 Εἰσὶ
3517 2485 3575 2541 δὲ
3614 2487 3665 2540 οἳ
3694 2486 3783 2542 καὶ

2131 2581 2461 2651 Σαρακηνῶν
2488 2597 2589 2630 τινι
2614 2577 2726 2648 (92)
2756 2575 2819 2628 τὸ
2848 2572 3013 2637 κλέος
3044 2578 3205 2629 τοῦτο
3238 2571 3471 2632 διδόασι.
3508 2576 3663 2644 ΙΙλήν
3698 2573 3781 2630 δὲ-

2128 2684 2284 2739 χεται
2315 2664 2533 2740 πληγὴν
2567 2663 2778 2740 καιρί1ν
2810 2658 3002 2737 ὅντως,
3038 2661 3126 2717 καί
3156 2663 3317 2717 παντὶ
3346 2669 3425 2736 τῷ
3454 2664 3646 2737 κόσμῳ
3675 2687 3781 2719 σω-

2124 2758 2339 2830 τήριον,
2363 2754 2451 2808 καὶ
2479 2759 2575 2826 μιᾷ
2594 2757 2742 2826 τομῇ
2766 2754 3009 2830 σφαγὲως
3036 2754 3167 2825 (93),
3193 2752 3416 2807 πολλῶν
3442 2752 3777 2828 σπλάγχνων

2128 2846 2428 2898 ἀπαιτεῖται
2458 2840 2611 2914 δίκην
2632 2847 2811 2905 κακῶς
2848 2844 3252 2899 πιστευθὲντων.
3280 2844 3340 2895 Ὃ
3361 2842 3448 2895 καί
3491 2843 3775 2914 θαυμάζω,

2126 2937 2263 3006 πῶς,
2310 2932 2483 2987 πάντα
2532 2933 2813 3008 γινώσκειν
2867 2932 2894 2986 ὁ
2942 2933 3165 3005 μάταιος
3214 2930 3445 2994 ἐντεῦθεν
3498 2930 3773 3005 οἰόμενος³

2127 3041 2343 3098 nescio.
2383 3042 2467 3097 Ab
2524 3041 2693 3097 hoste
2735 3045 2931 3097 tamen
2989 3040 3362 3097 interfectum
3410 3057 3527 3096 non
3572 3039 3779 3105 fuisse,

2127 3114 2520 3169 certissimum
2556 3112 2701 3168 illud
2735 3118 3147 3183 argumentum
3178 3118 3287 3179 est,
3320 3114 3474 3183 quod
3510 3129 3681 3168 nemo
3712 3130 3783 3169 ex

2127 3130 2520 3169 cerussxmum
2556 3130 2701 3168 uiua
2735 3130 2799 3167 ar
2842 3130 3147 3168 umentum
3178 3130 3287 3179 esu,
3320 3130 3474 3183 quoa
3510 3130 3681 3168 nemo
3712 3130 3783 3169 ex

2126 3186 2395 3241 hostibus
2424 3187 2495 3241 ob
2520 3185 2735 3241 vulnus
2762 3130 2908 3240 ill-iud
2936 3185 3151 3240 honore
3181 3184 3422 3240 affectus
3446 3189 3554 3248 est,
3581 3202 3783 3256 quam-

2125 3258 2212 3315 vis
2245 3276 2344 3312 rex
2374 3258 2681 3313 Persarum
2715 3262 3012 3312 auctorem
3060 3257 3254 3321 cadis,
3306 3273 3409 3327 per
3455 3273 3781 3328 praeconem

2129 3330 2200 3384 ad
2232 3329 2539 3401 praemium
2584 3330 2887 3387 vocaverit.
2924 3351 2952 3377 »
2985 3328 3206 3401 Deinde
3234 3327 3451 3401 innuit,
3478 3328 3781 3401 Julianum

2128 3420 2161 3456 a
2192 3400 2446 3472 quodam
2487 3423 2512 3454 α
2543 3401 2727 3456 milite
2758 3402 3042 3468 Romano,
3066 3423 3094 3450 »
3126 3400 3301 3455 etiam
3333 3423 3361 3449 «
3382 3400 3729 3472 (Christiano
3749 3422 3778 3451 υ

2127 3471 2474 3545 percussum
2506 3473 2802 3528 cecidisse.
2838 3472 2898 3527 Id
2948 3489 3061 3527 non
3093 3476 3325 3545 veretur
3365 3471 3609 3545 Libanio
3640 3490 3781 3527 con-

2127 3542 2329 3600 cedere
2368 3546 2748 3610 Sozomenus,
2778 3552 2952 3615 atque
2985 3561 3018 3597 a
3047 3544 3217 3615 culpa
3262 3542 3510 3599 liberare
3553 3544 3782 3599 videtur

2126 3617 2592 3697 interfectorem,
2631 3640 2659 3697 <_<
2711 3617 2812 3697 qui
2850 3620 3108 3697 ‘propter
3163 3615 3370 3697 Deum,
3430 3621 3487 3670 et
3543 3622 3781 3697 propter

2125 3704 2253 3744 eam
2286 3706 2462 3760 quam
2510 3686 2739 3744 colebat
2786 3686 3138 3760 religionem
3185 3691 3490 3741 strenuum
3546 3686 3777 3742 facinus

2125 3758 2377 3815 edidit.»
2409 3761 2577 3817 Absit
2615 3766 2679 3815 ut
2724 3760 2783 3813 in
2833 3759 2942 3814 hac
3000 3775 3062 3813 re
3116 3758 3434 3814 Sozomeno
3487 3760 3775 3815 assentia-

2125 3848 2276 3886 mur.
2310 3838 2359 3885 Α
2390 3832 2491 3887 tali
2538 3838 2777 3903 tamque
2826 3830 3090 3886 inaudito
3144 3846 3412 3903 sermone
3460 3830 3778 3887 abhorrent

2123 3920 2294 3958 aures
2325 3920 2453 3959 vere
2496 3900 3127 3975 ChristianaSemper
3168 3906 3225 3956 et
3272 3900 3489 3972 ubique
3537 3903 3776 3975 regibus

2123 3975 2397 4057 acetiam
2453 3975 2717 4057 tyrannis
2766 3973 2953 4057 ﬁdele,
2989 3977 3264 4057 constans
3314 3989 3379 4027 ac
3426 3973 3775 4057 perpetuum

2124 4046 2368 4124 debetur
2425 4044 2797 4124 obsequium.
2831 4046 2932 4124 Dei
2990 4044 3434 4124 hominumque
3464 4044 3596 4102 odio
3648 4063 3775 4119 pre-

2123 4120 2371 4175 mendus
2416 4124 2522 4191 est,
2556 4117 2823 4189 quisquis
2853 4117 2914 4172 in
2962 4132 3167 4187 regum
3214 4120 3315 4171 aut
3361 4117 3538 4191 etiam
3590 4117 3777 4189 tyran-

2123 4208 2332 4245 norum
2365 4188 2952 4263 vitain,’qua’cunque
2980 4204 3257 4263 excausa
3305 4188 3625 4263 sacrilegas
3654 4206 3777 4245 ma-

2123 4280 2236 4317 nus
2268 4263 2475 4333 injicit.
2508 4258 2633 4318 Nos
2675 4278 2811 4333 eum
2832 4258 3174 4333 gravissimi
3206 4258 3442 4333 sceleris
3474 4258 3679 4333 reum,
3710 4277 3777 4315 ac

2122 4331 2520 4390 acerbissimis
2570 4331 2875 4406 suppliciis
2908 4337 3211 4406 morteque
3238 4331 3589 4406 turpissima
3630 4332 3780 4404 plec-

2120 4406 2364 4462 tendum
2394 4403 2751 4477 judicamus.
2783 4404 2949 4459 Absit
2975 4403 3169 4477 etiam
3199 4406 3264 4477 ut
3292 4418 3361 4477 ex
3392 4403 3776 4477 Theodoreto,

2123 4477 2247 4547 qui,
2279 4473 2440 4548 Hall,
2474 4478 2577 4533 lib.
2610 4496 2695 4547 ιιι,
2729 4494 2779 4532 c.
2934 4474 3016 4530 ait
3038 4491 3051 4529 :
3077 4497 3105 4525 ‹‹
3137 4474 3249 4529 Sed
3281 4474 3402 4529 sive
3430 4473 3628 4548 homo,
3658 4477 3779 4532 sive

2123 4546 2367 4621 angelus
2412 4546 2605 4622 gladio
2632 4565 2765 4622 eum
2797 4546 3146 4622 (Julianum)
3178 4546 3504 4622 percussit,
3551 4552 3778 4622 certum

2122 4617 2231 4692 est,
2264 4617 2601 4692 quicunque
2630 4617 2867 4677 tandem
2902 4618 2973 4692 id
3023 4617 3244 4692 fecerit,
3273 4633 3426 4692 eum
3448 4618 3658 4674 divinae
3686 4637 3778 4676 vo-

2122 4689 2367 4747 luntatis
2420 4689 2833 4748 adfninistrum
2891 4689 3101 4755 fuisse;
3137 4710 3165 4739 »
3197 4689 3372 4757 absit,
3414 4690 3678 4761 inquam,
3712 4698 3777 4747 ut

2120 4763 2255 4818 inde
2286 4763 2632 4834 colligamus
2659 4761 2880 4819 Juliani
2910 4761 3341 4834 interfectorem
3376 4761 3646 4834 quisquis
3679 4763 3777 4820 ille

2124 4835 2320 4908 fuerit,
2346 4832 2545 4908 utpote
2586 4860 2613 4887 (ι
2653 4835 2859 4908 divinae
2905 4832 3241 4908 voluntatis
3273 4832 3772 4908 administrurnH-

2122 4902 2659 4963 fuisseinnoxium.
2694 4906 2908 4961 Divinas
2958 4903 3114 4958 enim
3159 4902 3474 4959 voluntatis
3518 4902 3775 4961 admini-

2120 4979 2225 5031 stri
2262 4978 2483 5034 «fuere
2530 4979 2779 5035 Herodes
2828 4982 2885 5032 et
2932 4975 3176 5030 Pontius
3225 4974 3467 5044 Pilatus,
3499 4976 3622 5047 qui,
3652 5000 3675 5027 ι
3715 4984 3778 5032 ut

2120 5048 2180 5103 in
2223 5051 2347 5105 Act.
2382 5068 2457 5116 ιν,
2488 5052 2578 5121 27,
2612 5052 2701 5118 28,
2731 5072 2751 5098 «ι
2789 5050 3187 5103 convenerunt
3237 5048 3423 5121 facere
3471 5064 3603 5121 quas
3653 5066 3775 5104 ma-

2122 5138 2232 5176 nus
2264 5126 2320 5177 et
2349 5118 2661 5177 consilium
2695 5121 2795 5176 Dei
2842 5121 3224 5173 decreverunt
3249 5118 3402 5186 ﬁeri;
3440 5142 3466 5167 ››
3500 5119 3639 5184 Quis
3689 5125 3775 5176 ta-

2120 5209 2253 5247 men
2284 5210 2384 5248 eos
2417 5194 2627 5249 dixerit
2657 5211 2689 5248 a
2718 5191 2963 5247 crimine
3017 5189 3357 5244 immunes?
3390 5190 3589 5245 nullus
3621 5198 3774 5247 certe

2120 5264 2219 5336 qui
2250 5266 2559 5322 verissima
2588 5271 2643 5321 et
2673 5266 3023 5319 inconcussa
3056 5261 3409 5336 Christianae
3458 5263 3591 5318 ﬁdei
3644 5264 3775 5320 reli-

2118 5332 2426 5410 gionisque
2460 5337 2744 5410 principia
2774 5340 2894 5410 toto
2938 5333 3109 5410 cord_e
3139 5332 3289 5388 fovet
3319 5350 3384 5387 ac
3409 5338 3629 5410 tuetur.

2189 5408 2301 5484 (93)
2332 5405 2668 5484 ξΜιᾷ’τομῆ’
2688 5405 2961 5484 σφαγὲως.
2993 5427 3034 5484 «_
3057 5405 3161 5484 Per
3205 5421 3391 5484 unam
3442 5405 3776 5484 interfecto-

2119 5474 2204 5533 ris
2233 5474 2598 5538 incisionem.
2626 5474 2653 5530 ὲ)
2687 5474 2846 5535 Pass.
2878 5474 3134 5549 Combef.
3168 5475 3407 5549 aliique,
3443 5482 3542 5549 μιᾷ
3569 5474 3775 5548 τόλμῃ,

2117 5550 2672 5630 ευὺιθεῐοησφαγὲως,
2699 5574 2725 5601 ‹‹
2760 5568 2894 5630 uno
2922 5548 3127 5630 audaci
3167 5548 3455 5630 facinore.
3482 5573 3511 5599 »
3544 5550 3773 5630 Utram-

2117 5637 2228 5690 que
2275 5618 2580 5683 lectionem
2640 5623 2904 5696 agnoscit
2960 5620 3132 5676 Elias.
3166 5618 3373 5677 Billius
3432 5622 3661 5693 praefert
3688 5638 3775 5672 το-

2120 5696 2220 5766 eii-
