4148 6290
331 355 446 418 681

1328 348 1617 415 ORATIO
1664 355 1738 413 V.
1773 386 1847 395 -—
1879 346 2190 412 CONTRA
2240 354 2638 420 JULIANUM
2686 358 2758 419 ll.

3621 358 3739 420 682

331 488 383 543 ἐν
440 490 601 542 τοῦτο
657 486 757 555 τὴν
811 485 949 539 κατὰ
996 487 1103 538 τῶν
1155 483 1347 539 ἑαυτοῦ
1396 482 1726 560 σπλάγχνων
1758 482 1980 558 πληγὴν

2121 485 2294 541 bale1
2308 487 2406 544 56
2422 494 2575 545 certe
2593 490 2835 562 orbique
2853 492 3125 547 universo
3142 491 3402 548 salutare
3418 491 3635 549 vulnus
3647 509 3739 548 ae-

331 576 620 654 ἠγνόησεν.

2092 574 2328 646 cipit,ae
2350 595 2451 649 per
2472 580 2705 635 unicam
2730 579 3429 649 incisionem,multorum
3453 581 3742 638 viscerum

330 668 551 740 quibus
582 663 736 721 male
766 663 1098 721 crediderat
1138 680 1340 736 pmnas
1388 661 1651 719 exsolvit.
1684 661 1846 725 Quod
1878 665 1933 716 et
1961 660 2157 733 ipsum
2206 664 2407 731 miror,
2440 684 2554 738 quo
2604 668 2776 723 modo
2804 668 2979 725 homo
3009 686 3217 736 vanus,
3250 670 3348 742 qui
3381 669 3580 726 omnia
3608 671 3744 726 hinc

331 774 393 813 se
424 755 574 811 scire
607 753 999 815 existimabat,
1036 753 1141 808 hoc
1173 769 1357 807 unum
1386 751 1697 825 ignoravit,
1731 751 2013 807 nimirum
2044 750 2258 808 vulnus
2291 755 2610 812 visceribus
2645 757 2769 813 suis
2800 757 3206 830 inﬂigendum.

404 846 497 899 IA'.
551 844 733 915 Ἀξιον
801 839 858 895 δὲ
911 838 1053 913 μηδὲ
1101 845 1262 895 τοῦτο
1312 837 1685 916 παραδραμεῖν
1734 844 1831 893 τοῦ
1894 839 1984 893 ἀν-

334 931 482 1010 δρὸς,
547 930 801 1007 μεγίστήν
860 936 959 1000 τῆς
1003 929 1208 985 ἐκείνου
1254 926 1676 1001 κακοδαιμονίας
1728 930 1841 1002 (94)
1899 926 1987 982 ἐπὶ

333 1021 572 1083 πολλοῖς
601 1017 729 1096 ἔχον
762 1016 1054 1092 ἀπόδειξιν.
1088 1020 1301 1073 ’Ἑκειτο
1338 1018 1428 1092 μὲν
1465 1017 1552 1072 ἐπὶ
1582 1021 1649 1092 τῇ
1701 1012 1842 1093 ὄχθῃ
1890 1020 1987 1072 τοῦ

343 1115 617 1184 ποταμοῦ,
648 1110 739 1164 καὶ
782 1113 1042 1186 πονηρῶς
1074 1109 1191 1184 εἶχε
1216 1112 1314 1163 τοῦ
1363 1106 1671 1182 τραύματος
1698 1126 1709 1139 ·
1742 1103 1986 1168 πολλοὺς

337 1199 397 1257 δὲ
453 1200 610 1261 εἷῦὼς
664 1202 773 1253 τῶν
831 1197 938 1272 πρὸ
992 1196 1155 1253 αὐτοῦ
1212 1194 1373 1269 δόξης
1426 1198 1769 1269 ἠξιωμένων,
1800 1196 1873 1256 ὡς
1931 1194 1989 1249 ἂν

338 1290 472 1365 ὐπὶρ
520 1290 799 1364 ἄνθρωπον
849 1288 1171 1359 νομισθεῖεν,
1238 1286 1461 1361 τέχναις
1517 1285 1656 1339 τισὶν
1705 1284 1755 1354 ἐξ
1784 1285 1989 1358 ἀνθρώ-

337 1400 454 1433 πων
512 1376 913 1456 ἀφανισθὲντας,
960 1376 1049 1429 καὶ
1101 1372 1189 1429 διὰ
1235 1379 1395 1429 τοῦτο
1445 1372 1597 1435 θεοὺς
1641 1373 1990 1446 νομισθέντας

338 1464 498 1544 ἔρωτι
527 1472 626 1535 τῆς
654 1464 821 1533 αὐτῆς
852 1462 1014 1535 δόξης
1046 1463 1330 1533 ἑαλωκώς,
1378 1462 1469 1517 καὶ
1517 1463 1630 1535 ἅμα
1678 1466 1755 1534 τῷ
1801 1460 1990 1537 τρόπῳ

336 1563 435 1625 τῆς
490 1554 751 1624 τελευτῆς
798 1550 887 1607 διὰ
940 1553 1002 1607 τὸ
1047 1559 1146 1621 τῆς
1193 1546 1456 1612 ἀϐουλίας
1510 1547 1696 1620 ἄδοξον
1732 1548 1989 1625 αἰσχυνό-

347 1665 526 1719 μενος,
596 1642 647 1698 τί
707 1647 1043 1717 μηχανᾶται,
1095 1641 1184 1695 καὶ
1231 1640 1282 1695 τί
1328 1645 1511 1711 ποιεῖ;
1572 1637 1697 1694 οὐδὲ
1754 1639 1856 1714 γὰρ
1912 1642 1991 1710 τῶ

349 1734 451 1811 βίῳ
510 1731 948 1787 συναναλίσκεται
1005 1730 1279 1806 πονηρία·
1344 1729 1495 1806 ῥίψαι
1553 1730 1689 1784 κατὰ
1740 1732 1836 1783 τοῦ
1892 1748 1991 1782 πο-

341 1827 518 1897 ταμοῦ
579 1826 831 1897 πειρᾶται
882 1820 946 1875 τὸ
1004 1825 1183 1892 σῶμα,
1240 1822 1329 1874 καί
1387 1818 1523 1895 πρὸς
1575 1823 1735 1873 τοῦτο
1787 1816 1990 1893 ἐχρῆτό

2168 842 2307 910 XIV,
2338 846 2446 900 Sed
2479 862 2551 900 ne
2572 846 2682 902 hoc
2706 847 2945 919 quidem
2966 849 3435 920 praetereundum
3469 849 3742 920 est,quod

2099 937 2309 1002 praeter
2328 933 2444 989 alia
2464 934 2999 1004 multa,maximum
3024 938 3259 1009 perditae
3281 937 3443 993 illius
3472 938 3741 994 amentia

2097 1026 2509 1091 argumentum
2540 1021 2815 1078 habet.In
2847 1024 3109 1079 ﬂuminis
3142 1025 3269 1096 ripa
3293 1024 3742 1096 jacebat,gravi-

2098 1111 2187 1162 ter
2238 1123 2307 1163 ex
2356 1110 2595 1166 vulnere
2632 1116 2920 1184 aegrotans
2953 1131 2966 1168 :
3000 1129 3132 1168 eum
3171 1118 3369 1169 autem
3419 1112 3745 1185 permultos

2098 1210 2321 1264 eorum,
2356 1197 2455 1268 qui
2493 1202 2625 1254 ante
2656 1200 2846 1271 ipsius
2887 1204 3116 1255 aetatem
3170 1200 3416 1272 gloriam
3447 1203 3744 1257 consecuti

2100 1284 2351 1349 fuerant,
2386 1290 2451 1341 ut
2480 1287 2741 1343 humana
2772 1290 3107 1345 conditione
3156 1290 3404 1361 majores
3434 1306 3747 1346 censeren-

2098 1375 2447 1441 tur,artibus
2463 1376 2816 1447 quibusdam
2834 1394 2903 1433 ex
2925 1377 3235 1434 hominum
3258 1379 3444 1434 oculis
3465 1396 3594 1436 sese
3614 1380 3748 1435 sub-

2100 1463 2645 1537 duxissse,eamque
2662 1467 2733 1522 ob
2757 1483 2994 1523 causam
3020 1484 3122 1539 pro
3156 1468 3270 1522 diis
3302 1468 3534 1525 habitos
3566 1469 3752 1525 fuisse

2101 1552 2293 1619 sciret,
2325 1554 2593 1623 ejusdem
2623 1554 2819 1626 gloriae
2851 1555 3171 1627 cupiditate
3201 1561 3431 1628 captus,
3451 1557 3752 1628 simulque

2102 1641 2307 1697 mortis
2339 1660 2457 1698 suae
2493 1644 2726 1699 modum
2776 1648 3014 1717 propter
3061 1645 3412 1700 temeritatis
3444 1646 3749 1701 infamiam

2100 1731 2472 1798 erubescens,
2506 1732 2647 1803 quid
2671 1732 2954 1788 molitur?
2981 1733 3125 1805 quid
3162 1733 3347 1788 facit?
3379 1750 3567 1805 neque
3596 1735 3751 1789 enim

2104 1819 2283 1874 simul
2305 1836 2439 1875 eum
2460 1821 2577 1877 vita
2599 1821 2945 1893 improbitas
2959 1822 3441 1894 exstinguiturzin
3461 1822 3753 1895 profluen-

343 1933 449 1967 τισι
511 1915 617 1965 τῶν
676 1914 878 1964 πιστῶν
934 1910 1124 1963 ἑαυτοῦ
1172 1913 1451 1983 συνεργοῖς
1513 1907 1601 1962 καὶ
1637 1908 1859 1980 μύσταις
1887 1911 1994 1961 τῶν

2120 1923 2219 1963 .em
2251 1924 2462 1980 corpus
2484 1926 2658 1965 suum
2684 1910 2967 1981 projicere
2988 1912 3331 1979 conatur,ad
3358 1927 3606 1984 eamque
3630 1928 3750 1968 rem

345 1998 692 2077 ἀπορρήτων.
743 1998 840 2051 Καὶ
890 1997 935 2051 εἰ
989 1998 1064 2069 μὴ
1097 2001 1203 2050 τῶν
1251 1993 1547 2070 βασιλικῶν
1582 1994 1856 2070 εὐνουχων
1888 2016 1990 2064 τις,

345 2091 406 2144 τὸ
464 2093 689 2163 πρᾶγμα
736 2085 1080 2158 αἰσθόμενος,
1140 2084 1230 2138 καὶ
1285 2089 1404 2145 τοῖς
1464 2082 1658 2145 ἄλΛοις
1688 2082 1998 2156 καταμηνύ-

348 2199 465 2247 σας,
524 2177 667 2250 μίσει
723 2178 820 2229 τοῦ
874 2175 1331 2249 κακουργήματος
1387 2173 1487 2240 τὴν
1561 2172 1733 2248 ὁρφὴν
1811 2169 2000 2226 διεκώ-

349 2267 498 2338 λυσε,
561 2265 657 2319 κᾶν
743 2262 912 2341 ἐφάνη
987 2283 1068 2323 τις
1141 2259 1310 2322 ἄλλος
1387 2266 1503 2322 τοῖς
1576 2261 1826 2330 ἀνοήτοις
1882 2259 1998 2321 θεὸς

346 2354 465 2417 νὲος
524 2353 575 2424 ἐξ
625 2353 999 2427 ἀτυχήματοςο
1052 2347 1209 2404 Ἀλλ’
1257 2348 1459 2411 ἐκεῖνος
1510 2348 1652 2403 οὕτω
1698 2348 1791 2421 μὲν
1848 2349 1999 2424 βασι-

351 2444 569 2513 λεύσας,
622 2442 765 2497 οὕτω
806 2439 863 2497 δὲ
893 2441 1293 2515 στρατηγήσας,
1326 2437 1470 2494 οὕτω
1502 2438 1591 2495 καὶ
1621 2436 1877 2493 καταλύει
1906 2437 1997 2492 τὸν

355 2532 471 2610 βίον
502 2535 634 2606 (95).

430 2712 528 2767 IE'.
590 2705 979 2781 Διαδεξάμενος
1038 2704 1096 2761 δὶ
1151 2707 1249 2775 τὴν
1334 2703 1611 2781 βασιλείαν
1682 2703 1835 2765 εὐθὺς

360 2802 474 2873 μετ’
516 2800 743 2866 ἐκεῖνον,
775 2798 803 2851 ὁ
867 2797 981 2869 μετ’
1030 2794 1231 2850 ἐκεῖνον
1278 2793 1597 2870 ἀναρρηθεὶς
1637 2793 1689 2849 ἐν
1737 2792 1883 2865 αὐτῷ
1924 2796 2003 2864 τῷ

356 2885 703 2964 στρατοπεδῳ
742 2887 879 2959 (97),
934 2883 1024 2938 καὶ
1072 2887 1141 2957 τῇ
1170 2887 1276 2938 τῶν
1325 2879 1588 2937 κινδύνων
1642 2882 1791 2955 ἀκμῇ
1841 2882 2004 2957 ἀναγ-

356 2977 524 3038 καίως
583 2974 911 3047 ἒπιζητούσῃ
966 2973 1059 3028 τὸν
1119 2971 1490 3047 ἡγησόμενον,
1545 2971 1679 3042 ἀνὴρ
1740 2970 2003 3048 ἐπιφανὴς

359 3064 429 3119 τά
456 3085 515 3119 τε
541 3061 684 3118 ἄλλα
724 3063 811 3118 καὶ
865 3064 964 3131 τὴν
1025 3056 1312 3132 εὐσέϐειαν,
1372 3059 1461 3115 καὶ
1486 3060 1547 3114 τὸ
1592 3057 1753 3127 εἶδος,
1783 3057 2004 3130 ἀληθῶς

361 3149 675 3228 τυραννίδος
732 3149 871 3222 ἄξιος
934 3152 1068 3225 (98),
1119 3149 1180 3204 τὸ
1232 3149 1327 3222 μὲν
1381 3149 1456 3211 εἷς
1487 3153 1678 3223 χεῖρας
1713 3147 1843 3202 ἶέναι
1877 3146 2009 3222 Πέρ-

361 3262 500 3307 σαις,
557 3243 592 3309 ἢ
652 3240 896 3317 προϊέναι
963 3237 1219 3312 οὐδαμῶς
1296 3236 1408 3299 οἶός
1464 3258 1521 3292 τε
1570 3240 1662 3310 ἦν,
1720 3237 1895 3292 καίτοι
1944 3257 2082 3347 “(SC

370 3331 383 3347 ς
432 3328 455 3347 ἢ
531 3328 544 3347 1
734 3329 749 3347 \
925 3340 943 3347 -
1039 3328 1050 3347 Ι
1204 3324 1277 3347 »δκ
1370 3324 1453 3347 ῚἼἿ
1503 3323 1515 3347 Ι
1773 3330 1799 3341 θ
1924 3346 1933 3347 κ
1972 3346 1975 3347 ,

359 3328 608 3403 ἀνδρείας
661 3329 750 3384 καὶ
808 3328 1114 3405 προθυμίας
1163 3324 1315 3382 οὐδὲν
1367 3323 1658 3396 ἐλλείπων,
1706 3330 1803 3381 τοῦ
1849 3346 2007 3400 στρα-

358 3424 453 3475 τοῦ
511 3418 835 3495 παρεικότος
892 3419 1003 3491 (99)
1054 3417 1148 3479 τὰς
1203 3422 1392 3493 χεῖρας
1448 3416 1537 3471 καὶ
1611 3417 1704 3479 τὰς
1763 3414 2010 3485 ἐλπίδας,

361 3509 536 3580 ἐζήτει
598 3507 655 3563 δὲ
710 3509 809 3577 τὴν
867 3507 1176 3580 ἀνάζευξιν·
1237 3507 1326 3561 καὶ
1395 3507 1544 3569 ὅπως
1618 3506 1677 3561 ἂν
1752 3505 2009 3584 ἀσφαλῶς

360 3598 519 3673 τύχοι
555 3600 631 3671 (1)
661 3596 857 3663 ταύτης
889 3595 1124 3668 ἐσκόπει,
1172 3594 1351 3671 ὥσπερ
1410 3595 1476 3649 οὐ
1530 3593 1826 3670 βασιλείας,
1883 3592 2010 3649 ἀλλ’

362 3687 531 3757 ¹ἥττης
561 3687 798 3763 γεγονὼς
846 3684 1221 3760 κληρονόμος.
1274 3684 1333 3738 Εἰ
1396 3684 1488 3757 μὲν
1522 3684 1611 3737 οὖν
1668 3685 1743 3757 μὴ
1802 3684 2009 3759 Πάρσαι

361 3780 431 3849 τῇ
490 3776 610 3849 νίκῃ
670 3773 1043 3850 μετριάζοντες
1090 3775 1201 3847 (καὶ
1249 3772 1350 3849 γὰρ
1408 3772 1577 3845 νόμος
1611 3773 1768 3835 οὗτος
1826 3770 2009 3835 αὐτοῖς

360 3861 555 3919 εἰδέναι
610 3869 822 3940 μετρεῖν
873 3862 1164 3939 εὐπραγίαν
1225 3864 1347 3935 [2]),
1404 3861 1438 3930 ἢ
1487 3883 1538 3916 τι
1573 3859 1838 3924 δείσαντες
1869 3861 2009 3917 ἄλλο

357 3958 467 4009 τῶν
525 3950 859 4027 λεγομὲνων,
921 3951 995 4012 εἷς
1045 3945 1341 4023 συμϐάσεις
1393 3948 1706 4026 ἐτράποντο,
1766 3949 2009 4005 καὶταύ-

358 4063 450 4096 τας
501 4038 803 4111 ἀδοκήτους
852 4038 995 4094 οὕτω
1050 4038 1140 4094 καὶ
1208 4037 1649 4115 φιλανθρώπους,
1692 4036 1842 4093 οὐδὲν
1873 4037 2007 4093 ἐκώ-

360 4130 457 4185 λυε
518 4127 659 4204 μηδὲ
714 4128 992 4206 πυρφόρον
1055 4129 1156 4201 (3),
1217 4127 1247 4182 ὅ
1296 4125 1362 4197 δή
1413 4148 1589 4205 φασιν,
1623 4127 2010 4205 ὑπολειφθῆναι

356 4218 438 4292 τῷ
485 4219 734 4295 στρατῷ·
792 4222 1052 4272 τοσοῦτον
1101 4217 1250 4293 εἶχον
1311 4216 1506 4278 αὐτοὺς
1564 4217 1615 4271 o't
1666 4215 1862 4292 Πέρσαι
1923 4214 2011 4271 διὰ

358 4309 567 4383 χειρὸς,
626 4306 676 4361 ἂν
737 4311 810 4382 γῇ
870 4327 927 4361 τε
985 4304 1097 4377 ἰδίᾳ
1157 4300 1499 4382 μαχόμενοι,
1551 4305 1639 4360 καὶ
1695 4325 2010 4382 προσεπηρ-

364 4395 517 4468 μένοι
594 4399 711 4457 τοῖς
769 4394 1087 4470 γεγονόσινο
1154 4394 1333 4448 ἱκανὸν
1393 4393 1497 4469 γάρ
1549 4392 1610 4448 τό
1667 4414 1718 4448 τι
1765 4394 2007 4471 προσλα-

360 4480 473 4539 ϐεῖν
532 4486 608 4559 (4)
668 4483 982 4560 εὐημερίας,
1036 4482 1127 4538 καὶ
1186 4482 1322 4558 πρὸς
1348 4483 1448 4552 τὴν
1481 4480 1678 4537 ἐλπίδα
1729 4488 1828 4537 τοῦ
1880 4482 2012 4555 μίλ-

431 4612 549 4681 (94)
571 4606 1034 4683 Κακοδαιμονίας.
1067 4609 1327 4666 Combef.
1361 4632 1382 4683 ε
1414 4608 1651 4683 fanatici
1696 4609 1858 4668 illius
1888 4613 2019 4669 ani-

363 4684 465 4739 mi.
500 4705 527 4734 »
560 4682 757 4755 Malim
786 4700 807 4755 _:
843 4705 871 4733 «
906 4682 1259 4755 malogenio
1288 4682 1516 4755 agitati.
1552 4703 1582 4731 »

440 4754 550 4826 (95)
584 4750 851 4828 Καταλύει
895 4753 986 4828 τὸν
1024 4750 1164 4828 βίόν.
1220 4750 1591 4828 Ammianus,
1650 4751 1775 4828 lib.‘
1800 4771 1929 4826 xxv,
1963 4772 2019 4827 p.

362 4827 491 4891 291,
534 4825 751 4899 '«Hvita
786 4829 876 4899 est
927 4825 1234 4899 absolutus
1284 4825 1713 4899 medionectis
1762 4825 2021 4899 horrore,

365 4904 527 4953 sexto
560 4897 685 4967 Kal.
712 4896 863 4967 ,Jul.,
896 4914 1049 4953 anno
1082 4898 1269 4953 aetatis
1295 4898 1365 4951 32
1395 4897 1687 4952 inchoato.
1720 4914 1747 4947 ι

440 4970 549 5041 (96)
582 4964 780 5041 Σύβύε,
811 4964 920 5041 etc.
956 4970 1097 5041 Reg.
1128 4970 1186 5035 b,
1218 4969 1277 5023 in
1329 4972 1507 5041 texta,
1542 4968 1639 5023 alii
1672 4967 1935 5041 plerique
1965 4968 2024 5024 in

367 5032 942 5111 margine’lo6tavdq,
982 5062 1009 5091 «
1034 5032 1350 5111 jovi‘anus.
1382 5061 1409 5089 »
1466 5032 1629 5097 Pass.
1673 5032 1741 5095 'et
1770 5032 1929 5097 Colb.
1964 5042 2023 5108 k,

364 5110 997 5197 ρτξιΞΞΠ-ῃὶὶιυηιημεέ
1017 5110 1255 5197 ἐκεῖνον.

438 5183 553 5255 (9ἷ)
587 5178 967 5255 Στρατοπέδῳ.
1015 5184 1141 5241 Duu
1190 5185 1370 5255 Regg.
1429 5182 1671 5238 addunt.
1727 5178 2026 5255 πλανωμέ-

365 5251 467 5327 νῳ.
504 5251 679 5327 Regg.
718 5272 777 5323 u,
828 5273 882 5326 γ,
916 5251 1076 5311 Colb.
1122 5258 1180 5322 k,
1241 5251 1460 5327 habent
1514 5258 1743 5327 tantum
1805 5251 2026 5327 πλανω-

418 5324 544 5395 ἑνῳ,
578 5323 722 5400 ἐξίῃ
760 5323 1119 5400 marg-Reg.
1154 5344 1214 5400 ui,
1248 5344 1337 5400 γρ.
1367 5325 1448 5400 τμῴ
1479 5323 1759 5400 πολέμῳ...
1788 5326 2024 5400 In_Reg.

416 5393 592 5479 ιξλγρ.
625 5394 727 5479 καὶ.
754 5400 861 5479 ’τῶ
893 5393 1124 5469 ῖπλάνῷ.
1180 5393 1341 5454 Pass.
1391 5393 1444 5450 ἄν
1493 5393 1639 5468 αὐτῷ
1687 5393 1769 5467 τῷ
1813 5393 2026 5468 πλανῴ,

374 5466 580 5537 misse,
612 5467 727 5539 μετ’
750 5466 970 5528 ἐκεῖνον.

443 5536 794 5623 (9β),ξᾼξιος.
817 5541 943 5598 Duo
974 5541 1152 5614 Regg.
1187 5544 1245 5597 et
1273 5540 1436 5597 Pass.
1466 5536 1632 5608 ἄξιον.
1676 5538 1867 5596 Verba
1888 5543 2030 5597 sunt

372 5610 693 5669 Euripidis.

448 5629 513 5665 ll‘l
560 5629 693 5669 1018.

448 5629 566 5758 (θὸ)
593 5681 955 5758 nupsisti-rae.
979 5681 1180 5742 Schol.
1208 5677 1559 5757 παρειμένον.

656 5809 924 5873 Parnm"
958 5813 1070 5875 Gn.
1114 5808 1353 5876 XXXV.

2103 1996 2698 2071 nonnullorum,quos
2711 2000 2963 2055 maxime
2976 2000 3124 2056 ﬁdos
3137 2016 3600 2073 arcanorumque
3615 2018 3754 2057 con-

2105 2088 2258 2144 scios
2289 2089 2592 2157 habuerat,
2620 2105 2795 2161 opera
2817 2091 3278 2156 utebatur.Quod
3311 2092 3425 2146 nisi
3457 2092 3750 2162 quispiam

2108 2192 2175 2231 ex
2197 2176 2403 2233 aulicis
2424 2178 2848 2250 eunuchis,hac
2876 2194 2935 2233 re
2966 2179 3222 2251 cognita,
3247 2179 3601 2249 scelerisque
3623 2180 3755 2237 odio

2107 2269 2166 2320 et
2195 2265 2578 2322 detestatione
2604 2266 2737 2322 aliis
2764 2267 3214 2337 patefacta,huic
3244 2269 3474 2323 conatui
3501 2268 3759 2324 obstitis-

2110 2359 2217 2419 set,
2254 2371 2438 2412 novus
2472 2356 2677 2426 utique
2706 2355 2857 2411 alius
2889 2373 2956 2411 ex
2985 2356 3319 2411 calamitate
3349 2357 3495 2412 deus
3528 2356 3760 2413 stolidis

2111 2443 2450 2500 hominibus
2473 2444 3007 2516 exstitisset.Atque
3037 2445 3136 2501 ille
3164 2445 3566 2516 quidem,cum
3600 2445 3683 2501 sic
3703 2449 3762 2502 et

2112 2532 2424 2604 imperium
2455 2533 2732 2605 gessisset
2778 2538 2837 2589 et
2879 2532 3098 2589 bellum
3149 2533 3643 2603 administrasset,
3677 2534 3761 2591 sic

2114 2637 2341 2693 quoque
2369 2638 2401 2677 e
2429 2621 2547 2677 vita
2576 2621 2847 2678 discedit.

2184 2711 2301 2765 XV.
2332 2711 2542 2766 Statim
2567 2715 2762 2767 autem
2794 2716 2926 2783 post
2956 2712 3143 2783 ipsius
3166 2716 3412 2767 mortem
3444 2711 3758 2784 imperium

2114 2799 2429 2871 excipiens,
2462 2799 2562 2869 qui
2596 2805 2728 2871 post
2755 2800 2926 2855 illum
2957 2800 3015 2855 in
3048 2800 3193 2873 ipsis
3225 2801 3455 2867 castris,
3490 2806 3667 2873 atque
3701 2801 3758 2857 in

2114 2889 2243 2960 ipsa
2275 2887 2662 2960 periculorum
2698 2888 3172 2960 ﬂamma,ducem
3205 2890 3534 2945 necessario
3562 2889 3760 2961 requi-

2116 2982 2297 3046 rente,
2349 2978 2724 3033 renuntiatus
2774 2978 2985 3045 fuerat,
3034 2980 3139 3046 vir,
3173 2983 3238 3033 ut
3267 2977 3399 3033 aliis
3457 2978 3654 3051 rebus,
3681 2979 3763 3034 ita

2117 3067 2330 3139 pietate
2361 3066 2555 3121 clarus
2584 3071 2640 3121 et
2668 3066 2940 3139 insignis,
2975 3070 3149 3138 atque
3179 3066 3295 3122 oris
3328 3068 3653 3138 majestate,
3673 3084 3762 3123 re-

2116 3171 2229 3228 gno
2265 3154 2521 3226 profecto
2552 3154 2733 3227 digna
2762 3156 3064 3226 praeditus,
3085 3172 3219 3211 cum
3250 3172 3357 3210 nec
3392 3173 3603 3212 manus
3630 3172 3763 3217 cum

2119 3242 2310 3299 Persis
2342 3259 2666 3311 conserere,
2700 3260 2806 3299 nec
2849 3244 3119 3315 progredi
3152 3243 3272 3299 ullo
3322 3245 3496 3299 modo
3530 3249 3764 3317 posset;

2120 3333 2255 3389 licet
2285 3331 2504 3404 alioqui
2537 3331 2718 3386 animi
2750 3332 3174 3405 magnitudinis
3225 3337 3400 3404 atque
3450 3333 3771 3389 alacritatis

2120 3420 2293 3476 nullas
2320 3425 2515 3492 partes
2546 3421 2840 3489 deessent,
2863 3422 3128 3492 quamvis
3161 3421 3377 3477 milites
3410 3422 3682 3477 manibus
3713 3428 3771 3477 et

2119 3528 2222 3583 spe
2254 3509 2421 3565 fracti
2452 3509 2853 3581 debilitatique
2882 3515 3098 3579 essent,
3146 3516 3339 3567 castra
3391 3527 3639 3575 movere,
3674 3527 3768 3566 co-

2119 3600 2366 3672 piasque
2397 3599 2671 3654 reducere
2703 3601 3007 3672 satagebat
3039 3616 3050 3654 :
3086 3600 3285 3671 idque,
3315 3605 3380 3654 ut
3400 3605 3525 3655 tuto
3548 3599 3659 3654 sibi
3684 3602 3767 3655 fa-

2120 3705 2248 3744 cere
2277 3688 2494 3754 liceret,
2527 3688 2849 3757 laborabat,
2883 3690 3124 3760 perinde
3172 3694 3346 3760 atque
3390 3705 3504 3743 non
3536 3688 3767 3759 imperii

2120 3779 2219 3834 sed
2251 3777 2436 3832 cladis
2466 3776 2649 3833 haeres
2682 3778 3110 3843 effectusﬂuod
3145 3777 3256 3833 nisi
3288 3781 3475 3832 Persae
3508 3777 3563 3831 in
3588 3778 3764 3832 victo-

2121 3867 2208 3922 ria
2238 3869 2537 3922 moderate
2549 3883 2610 3921 se
2632 3867 3044 3938 gerentes(hoe
3062 3867 3216 3921 enim
3231 3866 3383 3937 apud
3405 3882 3503 3921 eos
3525 3867 3581 3920 in
3606 3883 3766 3921 more

2120 3956 2377 4028 positum
2408 3958 2517 4020 est,
2552 3956 2699 4011 I57
2739 3958 2804 4009 ut
2833 3954 3014 4009 animi
3048 3953 3513 4009 moderationem
3544 3955 3602 4009 in
3635 3972 3766 4026 pro-

2121 4042 2875 4116 speritateadhibeant),aut
2903 4041 3061 4097 aliud
3094 4043 3376 4113 quiddam
3410 4058 3772 4114 eorum,qu:e

2121 4134 2274 4187 fama
2306 4130 2659 4200 ferebantur,
2703 4134 3054 4201 metuentes,
3087 4134 3158 4187 ad
3219 4132 3482 4187 ineunda
3539 4132 3771 4202 foedera,

2119 4227 2175 4278 et
2203 4221 2442 4292 quidem
2474 4220 2617 4275 adeo
2648 4220 2951 4291 inopinata
2980 4225 3037 4276 et
3070 4221 3350 4289 humana,
3384 4238 3513 4277 sese
3540 4236 3773 4277 converc

2114 4310 2347 4377 tissent,
2380 4325 2451 4365 ne
2478 4308 2692 4380 ignifer
2738 4308 2996 4380 quidem,
3030 4314 3095 4365 ut
3142 4310 3255 4365 dici
3289 4309 3457 4379 solet,
3490 4309 3775 4366 exercitui

2121 4399 2508 4471 superfuisset
2532 4412 2544 4453 :
2581 4414 2771 4469 usque
2796 4399 2939 4454 adeo
2965 4414 3065 4455 eos
3087 4400 3158 4454 ad
3183 4416 3425 4454 manum
3454 4404 3641 4454 Perses
3673 4398 3775 4453 ha-

2121 4489 2360 4555 bebant,
2391 4491 2520 4542 tum
2551 4485 2611 4540 in
2642 4490 2798 4541 terra
2828 4503 2935 4542 sua
2964 4487 3468 4555 dimicantes,tum
3500 4488 3677 4543 etiam
3703 4488 3776 4542 ob

2307 4610 2499 4705 Τέχοι.
2528 4610 2828 4705 N’onnurlli,
2857 4608 3019 4705 τύχητ

2134 4681 2280 4824 εἷος)
2337 4681 2667 4759 Εὗίπραγίαν.
2724 4684 2886 4740 Pass.
2930 4681 3165 4757 aliique
3216 4684 3510 4753 nonnulli,
3578 4681 3776 4758 εὐπρα-

2184 4775 2266 4810 αν.

2206 4828 2283 4902 (3)
2315 4824 2635 4902 Πυρφόρον,
2656 4830 2767 4883 etc.
2808 4847 2834 4878 α
2873 4826 3238 4902 Iguiferum,_
3282 4850 3309 4877 »
3372 4828 3424 4881 id
3458 4830 3565 4902 est,
3610 4825 3782 4902 juata

2134 4896 2341 4971 Eliam,
2378 4896 2409 4947 «⁷
2439 4896 2931 4971 sacerdotem,qui
2962 4916 3193 4956 sacrum
3225 4900 3421 4971 ignem
3452 4898 3523 4971 ad
3558 4896 3779 4971 sacrifi-

2136 4970 2227 5043 cia
2256 4970 2654 5026 consumenda
2689 4969 2827 5043 olim
2848 4967 2917 5025 “in
2951 4970 3103 5026 bello
3133 4967 3551 5043 gestabatrliis
3573 4967 3783 5043 ignife-

2136 5042 2216 5097 ris
2246 5043 2683 5097 neceminferre
2712 5042 3064 5113 nefasierat,
3116 5040 3292 5113 atque
3339 5042 3485 5113 ipsis
3534 5040 3781 5113 victores

2137 5115 2390 5169 maxime
2422 5112 2913 5184 parcebant,quod
2946 5112 3393 5169 deorum’cultu’i
3429 5119 3484 5168 et
3501 5112 3780 5182 obsequio

2137 5190 2305 5240 erant
2336 5184 2746 5256 consecrati.ld
2779 5189 2971 5239 autem
2994 5187 3053 5239 in
3078 5186 3367 5256 proverbii
3396 5184 3779 5256 consuetudif

2139 5274 2271 5312 nem
2303 5262 2479 5320 venit,
2514 5262 2568 5310 et
2599 5273 2699 5327 per
2729 5254 3103 5327 hyperbolem
3132 5258 3351 5312 dictum
3385 5261 3473 5311 est
3494 5254 3782 5327 deiis,qui

2139 5330 2197 5383 in
2231 5329 2427 5399 praelia
2458 5329 2534 5381 ita
2566 5326 2637 5382 ad
2669 5326 3125 5384 internecionem
3157 5330 3287 5384 caesi
3320 5345 3385 5383 ac
3417 5326 3597 5399 deleti
3623 5331 3782 5392 sunt,

2141 5406 2205 5455 ut
2234 5398 2306 5454 ne
2337 5400 2386 5455 is
2417 5399 2676 5470 quidem,
2711 5399 2848 5469 quid
2878 5402 3033 5471 apud
3065 5418 3164 5457 eos
3215 5398 3555 5471 hujusmodi
3588 5398 3783 5469 ignem

2146 5476 2355 5544 gestat,
2389 5470 2948 5544 cladinsuperfuerit.
2984 5494 3013 5521 ››

2142 5535 2180 5669 ξ
2205 5535 2682 5628 (ὒΠροσλαϐεῖν.
2725 5542 2857 5601 Bill.
2914 5547 2973 5600 et
3028 5541 3202 5600 Sevil.
3265 5567 3291 5595 ‹‹
3353 5542 3521 5610 forte,
3576 5535 3789 5618 προλα.

2179 5633 2275 5669 ειν.

2179 5633 2203 5669 ε
2212 5633 2275 5672 ιν.

3432 5815 3511 5885 22
