2074 3145
144 164 203 195 68⁵7

764 163 794 193 s.
821 162 1005 194 GnEGORlI
1031 162 1225 195 THEOLOGI

1790 162 1850 195 688

147 239 229 267 pens,
249 233 278 258 et
294 232 487 266 susceperunt
502 232 529 257 et
543 229 965 265 custodiunt,prosequeretur.

1027 232 1089 267 ιιροῦ
1117 230 1151 257 τὰ
1179 229 1222 257 ἴσα
1249 230 1314 267 γὲρα
1341 228 1541 267 καρπούμενον.
1572 227 1666 260 Οὕτως
1695 230 1710 256 ὁ
1739 229 1849 266 ἡμέτε-

146 275 216 303 Tale
231 276 286 303 fuit
301 274 486 311 imperatoris
504 276 595 302 nostri
613 275 709 302 funus.

181 319 357 347 XVIII.Huic
374 322 484 352 contra,
497 328 563 346 cum
581 319 673 354 turpis
690 321 718 346 et
733 319 808 346 freda
824 319 970 355 expeditio

146 364 360 401 (exagitabatur
371 364 449 391 enim
465 372 481 391 a
497 363 612 399 populis
630 366 657 391 et
680 364 810 398 urbibus,
828 364 968 399 publicis-

146 416 203 445 que
217 410 245 436 et
260 408 433 436 scurrilibus
453 409 582 441 vocibus,
609 417 732 444 quarum
759 417 836 436 nunc
852 417 969 444 quoque

146 452 285 490 permulti
307 453 526 488 meminerunt),
556 456 618 480 tum
645 462 710 480 vero
744 453 857 488 turpior
881 456 968 488 atque

146 497 370 534 ignominiosior
394 497 505 525 reditus
535 497 667 533 contigit.
700 498 766 529 Quae
796 506 880 533 porro
906 497 968 525 haec

144 542 308 578 ignominia
319 544 379 570 erat
390 542 403 569 ‘?
419 542 499 569 Mimi
517 545 545 569 et
564 542 722 570 histriones
737 551 803 570 eum
821 542 967 570 ducebant

143 587 319 623 probrisque
335 595 352 614 a
367 595 453 614 scena
468 587 760 622 petitis,acludibriis
773 587 966 622 incessebant,

145 632 230 668 eique
245 632 312 659 ﬁdei
322 631 548 667 abjurationem,
565 634 593 659 et
607 632 730 665 cladem,
748 632 871 667 vitaeque
880 632 968 659 finem

144 675 362 711 exprobrantes.
389 675 462 708 Quid
489 675 566 703 enim
593 675 684 702 exiis
708 684 764 703 non
791 676 922 703 fecerunt
937 684 970 703 ac

144 720 356 756 dixeruntque;
373 720 541 755 hujusmodi
560 720 757 755 homines,qui
775 719 968 755 petulantiam

144 772 195 801 pro
212 767 274 792 arte
288 764 408 799 habent,
430 766 598 800 perpetrare
622 767 848 797 consueverunt,
872 764 969 799 quoad

144 817 211 837 eum
224 809 344 837 tandem
361 809 515 836 Tarsensis
540 808 642 836 civitas
669 808 784 844 excipit,
813 809 891 836 haud
908 808 968 836 scio

145 853 334 889 quomodo,et
349 861 437 889 quam
449 853 485 881 ob
501 853 690 886 causam,hac
702 853 881 881 contumelia
896 853 970 880 mul-

146 897 302 954 ctatalPHic
312 898 354 925 illi
368 898 468 926 fanum
478 898 810 934 ignobile,tumulusque
822 899 968 934 impurus,
985 922 1008 954 B

145 942 348 979 templumque
373 943 596 977 exsecrandum,
610 951 643 970 ac
658 951 693 971 ne
717 943 831 979 piorum
849 943 968 978 quidem

145 987 238 1016 oculis
254 987 422 1023 spectabile.

182 1031 254 1060 XIX.
270 1033 362 1066 Atque
377 1032 448 1065 haec,
467 1034 498 1059 ut
514 1031 641 1059 maxima
658 1034 685 1059 et
700 1032 873 1067 gravissima
890 1032 970 1060 illius

143 1076 277 1109 crimina,
293 1085 427 1104 sermone
443 1076 613 1112 complexus
629 1085 707 1110 sum,
725 1085 780 1103 non
798 1077 908 1112 alioqui
920 1085 970 1104 ne-

141 1121 351 1156 scius,duobus
367 1123 418 1148 aut
434 1121 528 1148 tribus
540 1121 643 1148 aulicis
661 1121 971 1157 adulatoribus,eique

140 1165 291 1202 impietate
309 1166 432 1201 paribus
449 1166 531 1201 (alios
547 1166 624 1193 enim
654 1166 786 1193 consulto
808 1166 968 1201 pnetereo).

144 1212 256 1238 tantam
277 1210 437 1246 impietatis
463 1210 627 1237 mercedem
645 1210 826 1245 persolutam
849 1218 924 1244 esse,
942 1212 973 1238 ut

143 1254 226 1282 nulla
240 1263 287 1282 res
304 1254 452 1281 obstitura
475 1254 623 1281 videretur
642 1255 802 1289 quominus
820 1254 873 1289 ipsi
892 1254 971 1282 brevi

144 1301 238 1327 terras
253 1306 355 1326 omnes
369 1300 396 1325 et
412 1298 504 1325 maria
516 1298 714 1325 Romanorum
725 1298 861 1334 imperito
878 1299 975 1334 subje-

145 1346 192 1372 cta
207 1345 306 1371 essent
329 1342 494 1379 expilaturi,
520 1343 576 1370 nisi
603 1343 759 1370 secundior
775 1343 862 1370 rebus
879 1343 973 1370 exitus

146 1388 292 1416 maturius
319 1387 501 1423 contigisset.
525 1388 603 1415 Adeo
626 1388 788 1415 latrociniis
808 1391 835 1415 et
851 1388 973 1416 avaritia

145 1428 258 1461 veteres
269 1432 335 1460 illos
351 1432 537 1460 Centimanos
562 1433 726 1459 vincebant.
752 1433 971 1460 Provinciarum

147 1486 232 1514 porro
248 1477 372 1513 imperia
388 1485 445 1504 non
457 1477 575 1511 optimis
600 1479 628 1504 et
644 1477 900 1511 moderatissimis,
917 1478 968 1505 sed

144 1522 359 1550 crudelissimis
371 1521 541 1549 hominibus
554 1522 788 1556 mandabantur;
799 1523 818 1549 ’l
826 1523 876 1549 60
885 1524 974 1557 atque

146 1567 183 1595 ad
207 1567 347 1594 honorem
375 1568 403 1594 et
425 1566 597 1602 dignitatem
629 1566 756 1602 aliquam
782 1567 972 1594 obtinendam

1026 284 1071 311 ρος
1085 275 1151 311 (32).

1061 320 1114 347 ΙΗ’.
1130 322 1174 355 Τῷ
1190 318 1218 347 δὲ
1239 319 1341 356 αἰσχρὰ
1366 319 1412 355 μὲν
1427 318 1460 345 τὰ
1483 321 1534 353 τῆς
1558 317 1727 356 ἐκστρατείας
1751 318 1851 354 (ἧλαύ-

1024 374 1084 391 νετο
1109 362 1209 400 δήμοις
1233 363 1278 391 καὶ
1302 362 1411 399 πόλεσι,
1437 362 1482 390 καὶ
1505 365 1608 401 φωναῖς
1632 362 1779 399 δημοσίαις
1804 364 1850 391 καὶ

1027 408 1219 446 βωμολόχοις,
1232 409 1268 435 ὦν
1286 405 1323 435 ἔτι
1339 407 1384 435 καί
1407 410 1453 435 νῦν
1477 408 1502 434 οἱ
1528 406 1632 434 πολλοὶ
1658 409 1715 444 (33)
1740 419 1849 444 μνημο-

1024 453 1169 489 νεύουσιν),
1196 451 1339 490 ἀδοξοτέρα
1359 451 1388 479 δὲ
1407 453 1424 486 ἡ
1441 450 1581 483 ἐπάνοδος.
1597 451 1642 483 Τίς
1659 450 1687 479 δὲ
1702 454 1718 487 ἡ
1737 451 1848 488 ἀδοξίας

1025 498 1114 533 Μῖμοι
1130 497 1246 534 γελοίων
1262 499 1331 534 ἦγον
1354 496 1445 531 αὐτὸν,
1467 496 1510 523 καὶ
1526 499 1584 527 τοῖς
1609 496 1661 523 ἀπὸ
1680 499 1731 531 τῆς
1748 500 1850 532 σκηνῆς

1024 539 1146 578 αἴσχεσιν
1170 541 1339 578 ἐπομπεόετο
1368 540 1588 577 καταυλούμενός
1614 551 1643 568 τε
1671 541 1716 568 καὶ
1750 552 1848 578 κατορ-

1024 584 1161 623 χούμενος
1177 587 1243 623 (34),
1259 586 1303 613 καὶ
1327 586 1376 620 τὴν
1403 584 1526 623 ἄρνησιν,
1542 586 1587 612 καὶ
1610 586 1660 620 τὴν
1687 585 1783 622 ἧτταν,
1805 586 1848 613 καὶ

1023 630 1054 657 τὸ
1068 629 1148 662 τέλος
1171 629 1382 667 ὀνειδιζόμενος.
1405 630 1455 657 Καὶ
1480 630 1506 657 τί
1532 630 1584 668 γὰρ
1610 630 1640 657 οὐ
1661 630 1775 668 πάσχων
1800 640 1850 658 κα-

1023 677 1078 703 κῶν
1093 676 1149 712 (35)
1166 684 1173 710 ;
1189 675 1215 702 τί
1231 674 1260 702 δὲ
1275 675 1325 702 οὐκ
1339 674 1444 702 ἀκούων
1462 675 1503 705 οἷς
1519 675 1544 701 οἱ
1559 676 1680 702 τοιοῦτοι
1699 674 1849 702 νεανιεύον-

1023 729 1077 756 ται,
1091 719 1192 757 τέχνην
1207 720 1256 755 τήν
1282 717 1358 758 ὕϐριν
1386 719 1505 758 ἔχοντες,
1521 717 1573 750 ἓως
1589 720 1607 754 ’ἡ
1623 720 1747 757 Ταρσέων
1772 719 1852 747 αὐτὸν

1026 763 1187 802 ὑποδέχεται
1203 766 1258 801 (36)
1273 764 1366 799 πόλις,
1392 764 1442 792 οὐκ
1466 763 1515 792 οἶδ’
1540 764 1615 795 ὅπως
1639 766 1685 791 καὶ
1712 764 1765 791 ἀνθ’
1787 764 1852 792 ὂτου

1025 810 1074 844 τήν
1091 806 1166 848 ὕϐριν
1183 809 1282 844 ταύτην
1296 810 1485 847 κατακριθεῖσα
1502 819 1508 844 ;
1527 810 1609 836 Ἔνθα
1634 807 1662 836 δέ
1685 809 1711 836 οἱ
1727 810 1783 846 (37)
1806 809 1852 836 τέ-

1027 863 1107 889 μενος
1135 852 1244 891 ἄτιμον,
1273 854 1318 881 καὶ
1345 854 1429 892 τάφος
1459 853 1604 891 ἐξάγιστος,
1633 853 1678 880 καὶ
1707 854 1770 885 ναὸς
1795 854 1850 890 (38)

1025 898 1207 932 ἀπόπτυστος,
1222 897 1267 926 καί
1284 897 1347 926 οὐδὲ
1361 898 1454 929 θεατὸς
1469 895 1585 926 εὐσεϐῶν
1602 895 1691 935 ὄψεσι.

1061 1033 1111 1060 ΙΘ’.
1142 1031 1191 1059 Καὶ
1227 1031 1311 1059 ταῦτα
1349 1030 1462 1067 διῆΛθον
1490 1032 1527 1062 ὡς
1564 1032 1622 1068 (39)
1656 1032 1769 1069 μέγιστα
1797 1035 1851 1061 τῶν

1026 1076 1128 1103 ἐκείνου
1142 1077 1380 1114 κατηγορημάτων
1404 1076 1449 1103 καὶ
1473 1077 1636 1113 κυριώτατα,
1661 1076 1711 1104 οὐκ
1730 1077 1848 1115 ἀγνοῶν,

1027 1121 1068 1148 ὅτι
1084 1119 1142 1148 δυσῖ
1159 1122 1216 1157 (40)
1233 1121 1280 1157 μὲν
1305 1121 1350 1148 καὶ
1364 1121 1436 1159 τρισὶ
1460 1123 1513 1148 τῶν
1527 1120 1589 1158 περὶ
1613 1121 1647 1148 τὰ
1664 1120 1789 1159 βασίλεια
1802 1132 1849 1149 κο-

1028 1165 1130 1200 λάκων,
1159 1166 1203 1193 καὶ
1231 1166 1281 1200 τήν
1311 1163 1432 1193 ἀσέϐειαν
1463 1165 1604 1202 ὁμοτίμων
1635 1165 1708 1203 (τοὺς
1722 1166 1773 1204 γὰρ
1803 1166 1850 1194 ἅλ-

1028 1209 1093 1241 λους
1123 1210 1190 1237 ἑκὼν
1221 1209 1360 1247 παρίημι),
1389 1212 1518 1247 τοσρῦτος
1544 1208 1624 1245 ἐδόθη
1653 1213 1705 1245 τῆς
1731 1208 1852 1242 ἀσεϐείας

1030 1255 1135 1291 μισθὸς,
1153 1254 1220 1282 ὥστε
1235 1253 1311 1282 οὐδὲν
1328 1254 1445 1282 ἐκώλυεν
1460 1254 1533 1286 ἐντὸς
1559 1254 1653 1292 ὀλίγου
1669 1254 1782 1293 χρόνου,
1798 1259 1851 1283 πᾶ-

1028 1310 1074 1326 σαν
1093 1299 1188 1330 αὐτοὺς
1215 1299 1244 1326 ἂν
1265 1298 1473 1334 ληΐσασθαιτὴν
1500 1299 1551 1326 ὑπὸ
1576 1299 1725 1336 Ῥωμαίοις
1749 1301 1799 1338 γῆν
1824 1311 1853 1328 τε

1028 1344 1072 1370 καὶ
1095 1343 1228 1375 θάλασσαν
1257 1345 1324 1381 (lii),
1351 1344 1373 1371 εί
1398 1344 1435 1380 μὴ
1461 1345 1555 1371 Οᾶττον
1579 1344 1662 1381 πέρας
1688 1343 1768 1378 ἐδόοη
1791 1348 1851 1376 τοῖς

1027 1388 1166 1426 πράγμασι
1195 1387 1290 1423 δεξιόν·
1315 1390 1443 1415 τοσοῦτον
1466 1386 1651 1425 ὑπερέϐαλλον
1677 1387 1786 1425 λῃστείᾳ
1804 1389 1848 1416 καὶ

1029 1431 1167 1468 ἀπληστίᾳ
1182 1434 1238 1469 (42)
1247 1433 1310 1464 τοὺς
1321 1433 1384 1471 πρὶν
1398 1432 1623 1470 ἐκατοντάχειρας
1635 1433 1698 1469 (43)·
1716 1433 1743 1459 αἱ
1754 1431 1782 1460 δὲ
1793 1435 1847 1460 τῶν

1029 1476 1109 1504 ἐθνῶν
1123 1477 1206 1515 ἀρχαὶ
1222 1477 1253 1504 οὐ
1268 1480 1325 1508 τοῖς
1342 1477 1562 1511 ἐπιεικεστάτοις,
1588 1476 1660 1504 ἀλλὰ
1686 1479 1742 1507 τοῖς
1768 1478 1848 1504 ἀπαν-

1028 1522 1213 1559 θρωποτάτοις
1239 1521 1447 1560 ἐνεχειρίζοντο·
1475 1521 1520 1548 καὶ
1552 1521 1601 1557 μία
1627 1523 1718 1560 ψῆφος
1746 1522 1781 1556 ἧν
1811 1521 1850 1553 ἐῖς

1028 1565 1129 1603 ἀρχὴν,
1144 1567 1161 1601 ἡ
1174 1564 1334 1604 παράϐασις,
1350 1566 1395 1594 καὶ
1417 1566 1447 1593 τὸ
1461 1568 1554 1603 τυχεῖν
1578 1568 1632 1593 τῶν
1657 1567 1721 1602 παρ’
1746 1565 1849 1594 ἐκείνου

145 1611 762 1646 unumsuffragiumerat,aiidedefectio;et
773 1611 845 1638 utab
855 1612 971 1639 eodona
987 1604 1008 1638 ί]
1027 1609 1146 1648 δωρεῶν,
1161 1610 1225 1642 τοὺς
1248 1611 1282 1638 τὰ
1302 1612 1415 1638 κάκιστα
1437 1611 1500 1648 περὶ
1524 1611 1626 1638 ἑαυτῶν
1651 1612 1707 1647 (44)
1733 1611 1848 1649 βουλευ-

147 1655 461 1691 consequerentur,qui
468 1655 523 1682 sibi
532 1655 603 1691 ipsis
610 1655 737 1690 pessime
744 1656 971 1683 consuluissent.

182 1699 315 1733 XX.Quid
331 1707 487 1727 causarum
508 1700 728 1727 immutationes
745 1700 975 1736 inllexionesque

1029 1654 1171 1691 σαμένους.

1063 1703 1100 1729 Κ’,
1118 1699 1148 1726 Τί
1164 1698 1188 1726 δ’
1203 1699 1232 1727 ἃν
1263 1699 1285 1727 εἷ
1315 1698 1426 1737 λέγοιμι
1457 1700 1511 1736 (45)
1533 1698 1615 1727 δικῶν
1634 1699 1785 1736 μεταθέσεις
1806 1700 1851 1727 καί

149 1753 456 1780 commemorem,quae
472 1744 644 1780 plerumque
665 1744 815 1779 interjecta
831 1745 965 1772 duntaxa‘

1029 1745 1199 1781 μετακλίσεις
1226 1745 1283 1780 (46)
1312 1743 1356 1771 διὰ
1387 1745 1471 1781 μέσης
1501 1746 1557 1781 (4η
1589 1744 1685 1776 νυκτὸς
1713 1744 1851 1777 πολλάκις

151 1798 211 1818 una
225 1792 309 1817 nocte
324 1789 584 1816 commutabantur
599 1797 631 1816 ac
647 1789 899 1821 convertebantur,
913 1798 970 1817 non

151 1842 236 1862 secus
251 1842 283 1861 ac
299 1833 439 1861 fluctuum
454 1833 712 1869 reciprocationes;
731 1834 970 1868 quandoquidem

144 1881 172 1906 et
183 1879 234 1914 jus
249 1878 345 1905 dicere
359 1878 475 1905 volebat
493 1878 537 1905 vir
552 1878 696 1913 egregius,
723 1878 821 1904 omnia
836 1877 970 1906 videlicet

142 1923 179 1951 ob
196 1922 292 1959 gloriae
309 1923 439 1950 studium
457 1922 512 1951 sibi
528 1930 669 1958 arrogans
680 1922 693 1949 ‘2
705 1922 792 1949 Parva
810 1923 933 1950 fortasse
941 1924 969 1950 et

140 1975 282 2004 perquam
298 1968 402 2003 exigua
417 1967 541 1995 crimina
557 1967 691 2002 colligere
703 1967 810 1999 videar,
826 1975 857 1994 ac
876 1967 966 1995 maxi-

140 2012 197 2040 mis
214 2020 264 2048 per
279 2012 381 2047 exigua
398 2012 523 2039 dedecus
539 2012 654 2039 inferre.
679 2012 819 2039 Craterum
836 2011 907 2039 illud
923 2013 966 2040 t‘a—

139 2057 263 2084 tendum
280 2056 398 2089 est,hzsc
410 2056 512 2092 Elysiis
526 2057 637 2092 campis
653 2056 773 2083 minime
788 2057 876 2091 digna
889 2065 964 2092 esse,

187 2117 231 2153 32)
246 2116 467 2153 031m§_6._ﬁeg.
484 2118 544 2151 bm,
560 2117 638 2146 οὗτος
653 2117 676 2144 ὁ.

185 2151 230 2187 33)
245 2153 276 2179 Oi
292 2151 404 2179 πολλοί.
422 2151 566 2188 Plerique,
583 2156 611 2180 et
633 2152 760 2188 potiores
776 2154 888 2181 codices
903 2163 960 2183 non

138 2187 313 2225 agnoscunt,
329 2187 365 2225 oi.

173 2225 228 2260 (34)
253 2222 485 2258 Καταυλούμενος,
512 2225 565 2260 etc.
592 2224 816 2260 Grmcarsonant
837 2233 843 2250 ί
861 2236 875 2249 (τ
892 2233 958 2253 cum

135 2260 275 2288 tibiarum
285 2262 373 2297 cantu
387 2267 419 2297 ac
433 2259 621 2286 saltationum
636 2259 762 2286 motibus
774 2261 838 2294 eius
852 2270 958 2297 pompa

135 2297 261 2332 turpiter
276 2295 484 2327 deducebatur,
501 2306 514 2320 ››
532 2298 585 2332 εἰς.

170 2331 225 2367 (35)
242 2332 347 2367 Κακῷν.
365 2331 409 2357 Sic
425 2334 549 2366 quatuor
563 2331 651 2365 ltegg.
670 2331 752 2363 Editi,
774 2331 866 2358 κακόν.

170 2366 224 2403 (36)
249 2366 433 2404 Ὑποδέχεται.
466 2369 559 2399 Pass.,
590 2369 670 2394 Herv.
702 2370 730 2394 et
759 2369 835 2399 δεινη
863 2366 955 2394 ὑπεδέ-

132 2412 209 2431 Ἰετο.

135 2413 223 2474 ﬁgi)
241 2437 273 2465 Δέ
288 2438 323 2466 οἱ.
342 2439 384 2466 Ita
400 2438 530 2473 plerique
547 2438 669 2465 codices.
688 2439 765 2472 Sav.,
783 2436 810 2464 εἰ
831 2439 868 2465 οἶ.

178 2440 223 2474 37)
241 2440 273 2465 Δὲ
288 2440 323 2466 οἱ.
342 2440 384 2466 Ita
400 2440 530 2473 plerique
547 2440 669 2465 codices.
688 2440 765 2472 Sav.,
783 2440 810 2464 εὶ
831 2440 868 2465 οἷ.

167 2440 225 2510 (38)
240 2473 320 2504 Ναός.
338 2475 424 2502 Deest
450 2474 477 2500 in
506 2473 595 2501 Oxon.
624 2474 651 2500 in
683 2483 731 2501 sex
758 2475 859 2509 ltegg.,
875 2475 921 2502 Or.
938 2475 951 2502 1

130 2512 186 2538 etc.
202 2512 371 2545 Agnoscunt
386 2513 484 2538 tamen
502 2511 580 2537 bona:
599 2513 670 2536 note:
694 2511 817 2537 codices.
838 2511 954 2538 Rodun-

129 2547 198 2574 dare
211 2546 384 2574 Combeiisio
402 2554 459 2572 non
475 2546 600 2578 videtur,
619 2546 723 2572 Omisit
741 2546 853 2573 Billius.

164 2583 221 2618 (39)
236 2584 288 2612 Ὡς.
305 2585 370 2618 ξεν.
386 2580 435 2608 ὅτι.
460 2581 538 2609 Colb.
557 2583 584 2613 k,
602 2581 637 2611 ὡς
655 2582 790 2617 μέγιστον.

163 2615 219 2654 (40)
234 2618 294 2645 ’Ότι
312 2616 382 2650 δυσί,
409 2620 463 2645 etc.
498 2618 627 2652 Plerique
658 2615 783 2654 codices,
813 2616 849 2646 ὡς
880 2615 950 2644 δυσί.

128 2654 171 2682 Ita
186 2655 390 2682 emendaverat
407 2653 666 2680 Billius.(.‘zrterum
683 2654 730 2687 qui
749 2653 807 2680 sint
823 2653 863 2679 illi
882 2654 950 2686 duo,

126 2690 171 2718 vel
188 2693 247 2718 tres
262 2691 347 2718 aulici
365 2690 542 2722 adulatores,
560 2697 616 2715 non
630 2690 817 2715 consentiunt
829 2689 950 2723 scripto-

125 2734 182 2753 res.
201 2727 289 2755 Nobis
304 2726 352 2754 alii
370 2734 427 2752 non
443 2726 678 2759 videntur,quum
698 2725 890 2752 licclcsiarum
902 2733 949 2752 ex-

125 2761 273 2796 pilatores,
291 2763 326 2790 de
341 2761 449 2797 quibus
476 2769 556 2797 numq.
578 2761 614 2797 li
642 2760 787 2797 imprimis
814 2760 949 2788 Julianus

124 2795 252 2832 Orientis
266 2795 373 2830 eomes,
390 2797 467 2824 Felix
481 2799 509 2824 et
524 2795 664 2832 Elpidius.
682 2795 754 2824 Vide
770 2797 886 2832 Eutrop.
904 2797 949 2824 Li-

124 2831 258 2870 banium,
274 2841 302 2871 p.
320 2834 372 2862 307
388 2835 416 2861 et
431 2841 505 2870 seq.,
522 2831 628 2867 Amm...
645 2831 664 2859 l.
681 2841 750 2866 χχιι,
768 2842 796 2869 p.
813 2831 874 2860 220⁷.

1028 1786 1275 1825 μεταϐαλλομένων
1291 1789 1336 1815 καὶ
1360 1789 1608 1826 περιτρεπομένων,
1636 1788 1726 1827 ὥσπερ
1751 1790 1848 1825 ἀμπώ-

1024 1831 1100 1864 τιδας
1113 1833 1182 1869 (48)
1199 1832 1257 1860 ἐπεὶ
1271 1833 1316 1859 καὶ
1337 1831 1453 1866 δικάζειν
1468 1833 1482 1859 ὁ
1496 1831 1624 1870 γεννάδας
1649 1832 1738 1867 ἠξίου,
1763 1833 1849 1860 πάντα

1024 1877 1120 1904 ἑαυτοῦ
1136 1875 1179 1904 διὰ
1199 1877 1357 1916 φιλοτιμίαν
1382 1876 1548 1913 ποιούμενος
1565 1886 1571 1911 ;
1587 1875 1667 1914 Τάχα
1682 1876 1711 1904 ἂν
1727 1878 1785 1913 (49)
1802 1888 1846 1914 μι-

1022 1921 1074 1959 κρὰ
1088 1920 1148 1948 λίαν
1174 1921 1296 1959 ἐγκαλεῖν
1321 1920 1440 1957 δόξαιμι,
1466 1921 1510 1948 καὶ
1533 1921 1566 1948 τὰ
1592 1920 1703 1959 μέγιστα
1724 1924 1782 1953 τοῖς
1801 1933 1846 1958 μι-

1021 1969 1097 2003 κροῖς
1126 1964 1304 2003 καθυϐρίζειν.
1334 1965 1411 2001 Πλήν
1436 1976 1467 2003 γε
1496 1965 1688 2003 ὁμολογείσθω
1709 1966 1778 2003 (50),
1803 1965 1846 1994 ὅτι

1020 2010 1072 2038 οὐκ
1093 2010 1225 2038 ’Πλυσίων
1252 2009 1351 2038 πεδίων
1381 2008 1441 2045 ἄξια
1472 2012 1565 2046 ταῦτα,
1596 2008 1660 2037 οὐδὲ
1684 2011 1733 2045 τῆς
1749 2009 1843 2038 Ῥαδα-

1021 2055 1137 2091 μάνθυος
1152 2055 1236 2082 ἐκεῖσε
1256 2054 1348 2091 δόξης,
1372 2055 1406 2089 ἧς
1433 2054 1529 2093 μοίρας
1554 2055 1671 2091 ἀξιοῦσιν
1698 2054 1799 2082 ἐκεῖνον
1814 2055 1843 2083 οἱ

1054 2118 1109 2154 (41)
1127 2118 1180 2152 Γῆν
1196 2128 1226 2145 τι
1240 2117 1284 2145 καὶ
1300 2117 1446 2146 θάλασσαν.
1463 2117 1510 2145 Sic
1526 2117 1658 2153 plerique
1680 2118 1764 2145 codd.
1786 2118 1841 2146 De-

1017 2156 1086 2191 sunt
1100 2155 1128 2191 in
1146 2154 1215 2191 Reg.
1232 2154 1293 2191 bm.

1051 2190 1107 2226 (42)
1123 2188 1286 2225 Ἀπλῗηστίᾳ.
1312 2201 1325 2215 ‹‹
1351 2189 1513 2218 Insatiabili
1538 2188 1662 2217 habendi
1693 2189 1838 2225 cupidita-

1014 2226 1104 2298 feiliii)
1135 2260 1384 2298 Ἐκατοντάχειρας.
1414 2261 1461 2288 Sic
1499 2260 1629 2296 plerique
1665 2261 1751 2288 codd.
1785 2261 1838 2289 Ed.

973 2290 997 2322 Ι)
1013 2290 1217 2334 ἑκατόγχειρας.

1022 2331 1259 2374 “(difﬁde-raw.
1290 2331 1378 2360 Savil.
1410 2334 1439 2360 et
1464 2334 1528 2359 Par.
1559 2331 1682 2367 addunt,
1709 2331 1753 2358 καὶ
1782 2333 1838 2358 τῶν

1012 2366 1149 2439 ali/I311:
1165 2402 1231 2439 ira.
1249 2402 1271 2430 εἷ
1286 2401 1407 2439 λέγοιμι.
1425 2401 1606 2439 ουίάεειηητι
1624 2401 1646 2428 δ’
1663 2401 1692 2428 ἃν
1711 2401 1832 2439 λέγοιμι.

1011 2436 1076 2473 Alii,
1089 2436 1118 2466 Τί
1136 2437 1164 2465 δὲ
1181 2438 1213 2475 εἷ,
1230 2439 1285 2474 vel,
1301 2436 1330 2466 Τί
1347 2436 1384 2473 δέ,
1401 2438 1495 2471 veLTi
1512 2436 1689 2475 δαὶ-λέγοιμι.

1045 2474 1303 2511 (46)Μετακλίσεις.
1335 2475 1406 2511 Reg.
1436 2475 1497 2509 bm,
1528 2474 1613 2502 Colb.
1637 2474 1665 2509 Κ,

1010 2520 1100 2583 σεῖἲτ)
1116 2546 1164 2583 Διᾲ
1181 2545 1275 2581 μέσης.
1292 2548 1361 2582 Reg.
1382 2546 1444 2580 bm,
1471 2543 1516 2572 διὰ
1539 2544 1638 2579 πάσης.
1656 2546 1688 2573 In
1704 2547 1832 2573 montao.

1008 2581 1051 2619 γρ.
1071 2581 1217 2617 μεσούσης.

1043 2614 1100 2662 (48)
1114 2614 1216 2662 Ὥσπερ
1231 2615 1404 2653 ἀμπώτιδας.
1420 2616 1498 2645 Colb.
1514 2614 1721 2653 3,Ρο,εε.ὥσπερ
1737 2615 1831 2654 φησίν.

1007 2654 1245 2725 Ηῖῗζᾶἒ⁷Τῑέῗνάν,
1263 2689 1322 2716 eth.
1340 2688 1403 2716 Non
1418 2688 1513 2723 pauci,
1525 2687 1592 2724 Τάχ³
1603 2685 1649 2725 λᾶν.
1672 2697 1683 2712 α
1701 2687 1834 2725 Objicers

1035 2691 1098 2753 ι(49)
1113 2692 1189 2753 Tagi?
1204 2699 1245 2722 αν,
1263 2691 1322 2716 eth.
1340 2691 1403 2716 Non
1418 2691 1513 2723 pauci,
1525 2691 1592 2724 Ταχ’
1603 2691 1649 2728 ιᾱν.
1672 2697 1683 2712 α
1701 2691 1834 2723 Ubjicers

1005 2725 1031 2765 vi
1050 2734 1115 2765 ear.
1130 2736 1144 2751 »
1170 2725 1224 2765 ‘ill.
1242 2725 1390 2765 prioribus
1406 2724 1514 2759 curis,«
1532 2732 1720 2760 maximaque
1736 2724 1835 2760 parvis

1005 2761 1178 2789 dedecorare
1193 2763 1222 2789 et
1232 2761 1354 2789 elevare.
1374 2771 1384 2785 ι

1039 2798 1097 2833 (50)
1112 2795 1327 2834 Ὁμολογείσθω.
1345 2797 1423 2825 Pass.
1438 2794 1672 2835 ὁμολογείτωσαν.

1698 2472 1819 2510 μετακλή
1824 2490 1836 2495 -
