4148 6290
498 442 620 503 689

1494 442 1785 502 ORATIO
1834 442 1903 499 V.
1940 440 2357 503 —CONTRA
2408 441 2809 502 JULIANUM
2857 439 2935 501 II.

3803 436 3923 501 690

496 576 599 641 τῆς
628 569 796 639 αὐτῆς
854 567 1080 647 φατρίας
1134 591 1192 625 τε
1248 571 1335 625 καὶ
1392 569 1613 640 τάξεως.
1672 573 1766 626 Ἔν
1813 574 1918 623 τῶν
1949 569 2153 625 ἐκείνου

2272 588 2375 628 nec
2405 590 2492 640 ea,
2513 589 2627 644 qua
2655 572 2774 627 illic
2808 571 3298 627 Rhadamanthus
3327 571 3562 639 fruitur,
3578 571 3923 644 glorialzqua

500 660 791 733 θαυμάζειν
828 656 977 734 ἔχω’
1030 658 1273 719 πολλοὺς
1304 662 1402 734 γὰρ
1454 664 1561 713 τῶν
1608 660 1753 730 αύτῷ
1806 662 2049 729 συνήθων
2100 681 2156 714 τε

499 749 589 805 καὶ
622 748 941 824 γνωρίμων,
1000 748 1059 802 ἐκ
1114 752 1220 802 τῶν
1280 750 1413 801 κατά
1470 749 1567 815 τὴν
1630 749 1808 801 Ἀσίαν
1861 744 2149 822 διατριϐῶν

505 836 762 910 μάλιστα,
818 836 998 891 ἐκάλει
1050 837 1141 909 μὲν
1193 838 1327 890 κατὰ
1386 842 1555 890 πᾶσαν
1617 835 1883 907 σπουδὴν,
1930 837 2003 898 ὡς
2034 835 2156 909 δρά-

502 949 607 982 σων
645 925 939 998 θαυμάσια,
973 925 1060 979 οἶα
1097 925 1186 979 καὶ
1213 931 1328 986 ταῖς
1382 923 1593 980 ἐλπίσιν
1648 925 1894 996 ἐπτὲρου,
1946 946 2153 999 μεμνη-

507 1015 700 1089 μένους
757 1020 865 1069 τῶν
936 1015 1321 1089 ὑποσχέσεων
1384 1014 1497 1069 ἐπεὶ
1556 1013 1613 1069 δὲ
1681 1020 1921 1089 παρεῖεν,
1994 1019 2154 1068 τοῦτο

504 1104 677 1159 ἐκεῖνο
710 1107 822 1177 (51)
854 1104 906 1158 αἱ
937 1108 1045 1157 τῶν
1078 1105 1271 1180 ψήφων
1314 1103 1537 1176 κλοπαὶ,
1570 1104 1657 1158 καὶ
1687 1109 1793 1157 τῶν
1830 1104 2003 1177 ύψεων
2040 1106 2153 1176 (52)

502 1194 738 1249 ἀπάται·
791 1192 918 1254 τοὺς
966 1192 1058 1265 μὶν
1112 1192 1238 1254 τοὺς
1291 1190 1346 1246 δὲ
1392 1194 1484 1247 τὸν
1534 1196 1642 1265 (53)
1688 1193 1909 1269 τρόπον,
1940 1192 2067 1254 τοὺς
2098 1191 2152 1245 δὲ

502 1284 591 1337 τὸν
635 1280 930 1349 διαπαίζων
960 1300 972 1311 ·
1020 1278 1132 1334 ἔστι
1164 1278 1221 1335 δὲ
1253 1281 1345 1342 οὕς
1379 1281 1467 1335 καὶ
1506 1284 1743 1357 τραπέζῃ
1792 1280 2154 1359 φιλοφρονού-

509 1390 689 1444 μενος,
749 1370 837 1424 καὶ
888 1368 1030 1423 πολὺ
1090 1369 1152 1423 τὸ
1201 1372 1409 1444 Ἑταῖρε
1457 1370 1756 1445 προπίνων,
1814 1371 1903 1423 καὶ
1962 1369 2157 1444 λαρυγ-

502 1460 664 1536 γίζων
698 1463 813 1529 (54)
846 1459 956 1513 ἀντ’
988 1455 1163 1513 ἄλλου
1211 1459 1354 1520 τινὸς
1401 1456 1764 1531 δελεάσματος
1815 1461 1947 1531 (55),
1993 1458 2158 1531 ἀπρά-

500 1569 662 1610 κτους
709 1548 1046 1621 ἀπέπεμπεν,
1108 1546 1206 1601 οὐκ
1256 1544 1482 1622 ἔχοντας
1531 1547 1640 1619 ὅτῳ
1694 1549 1997 1625 μέμφονται
2045 1552 2157 1617 (56)

501 1637 691 1706 πΛὲον,
743 1636 931 1710 ἐκείνῳ
979 1643 1082 1705 τῆς
1134 1636 1345 1706 ἀπάτης
1395 1637 1429 1705 ἢ
1482 1635 1657 1714 σφίσιν
1687 1637 1870 1700 αὐτοῖς
1902 1644 2000 1706 τῆς
2030 1658 2154 1691 κου-

506 1726 764 1804 φότητος.

2266 666 2430 734 parte
2461 662 2704 734 dignum
2736 678 2868 716 eum
2902 666 3162 730 censent,
3186 661 3286 732 qui
3309 662 3572 732 ejusdem
3596 664 3737 716 sunt
3757 662 3921 717 soda-

2268 750 2371 805 litii
2398 754 2573 821 atque
2598 750 2819 805 ordinis
2842 751 2903 803 6⁷.
2922 750 3038 805 Hoc
3062 767 3243 805 unum
3270 766 3338 805 ex
3363 749 3519 805 illius
3542 751 3717 805 rebus
3735 749 3921 805 habeo

2266 840 2421 910 quod
2455 840 2707 894 admirer
2734 857 2745 893 :
2774 856 2909 894 nam
2942 839 3158 893 multos
3186 839 3427 910 quidem
3458 854 3661 894 eorum
3687 838 3787 910 qui
3809 838 3921 909 ipsi

2265 928 2386 983 noti
2419 944 2484 983 ac
2511 928 2828 983 familiares
2872 928 3121 996 fuerant,
3154 945 3219 983 ac
3252 928 3575 999 praesertim
3608 944 3677 983 ex
3705 926 3921 983 Asiati-

2266 1017 2348 1071 cis
2378 1017 2616 1087 scholis,
2653 1034 2885 1072 summo
2917 1018 3132 1084 studio,
3167 1017 3335 1088 quasi
3367 1016 3630 1072 miriﬁcis
3676 1018 3919 1088 quibus-

2273 1106 2407 1159 dam
2466 1106 2762 1160 beneﬁciis
2820 1122 2918 1162 eos
2964 1112 3301 1173 ornaturus,
3335 1107 3688 1174 accersebat,
3723 1122 3787 1161 ac
3819 1123 3921 1178 spe

2276 1193 2502 1250 animos
2534 1211 2733 1248 eorum
2766 1196 3039 1267 erigebat,
3076 1200 3267 1251 vetera
3300 1197 3486 1267 ipsius
3517 1196 3807 1267 promissa
3862 1197 3918 1249 in

2274 1285 2613 1338 memoriam
2650 1288 3004 1339 revocantes.
3037 1287 3107 1339 At
3137 1302 3268 1339 cum
3303 1286 3596 1355 adessent,
3629 1285 3737 1340 hoc
3776 1282 3919 1339 illud

2264 1371 2915 1439 videlicet,calculorum
2949 1374 3279 1445 prazstigize,
3305 1378 3361 1429 et
3391 1373 3694 1430 oculorum
3732 1372 3921 1429 ludiﬁ-

2267 1462 2562 1529 cationes;
2597 1463 2703 1516 hos
2733 1464 2889 1517 enim
2923 1462 3031 1518 hoc
3060 1464 3252 1533 modo,
3286 1462 3419 1519 illos
3466 1461 3579 1519 alio
3638 1463 3921 1531 eludens;

2268 1551 2554 1621 quosdam
2587 1551 2763 1605 etiam
2799 1568 3003 1606 mensa
3034 1552 3277 1607 comiter
3308 1552 3638 1624 accipiens;
3672 1568 3738 1607 ac
3770 1550 3923 1606 mul-

2269 1644 2397 1695 tum
2455 1640 2622 1708 illud,
2655 1640 2893 1711 Sodalis,
2930 1642 3271 1712 propinans,
3301 1645 3359 1696 et
3389 1658 3493 1712 pro
3524 1641 3639 1697 alia
3670 1642 3927 1713 quadam

2270 1728 2544 1783 illecebra
2576 1729 2815 1784 diducto
2848 1734 3084 1800 gutture
3107 1729 3673 1798 clamitans,infectis
3696 1730 3930 1786 tandem

508 1818 684 1872 rebus
715 1815 1069 1884 dimittebat,
1104 1815 1259 1871 haud
1293 1816 1438 1872 satis
1473 1815 1860 1871 constitutum
1891 1815 2191 1887 habentes,
2225 1815 2458 1872 illiusne
2489 1818 2755 1873 fraudem
2790 1818 3000 1891 magis,
3034 1834 3106 1873 an
3139 1834 3307 1874 suam
3337 1818 3602 1890 ipsorum
3634 1817 3929 1875 levitatem

508 1909 876 1962 accusarent.

578 1995 701 2049 KA'.
736 1994 938 2047 Ἐκεῖνο
998 1989 1055 2046 δὲ
1112 1996 1229 2053 πῶς
1287 1991 1385 2045 οὐκ
1441 1991 1711 2046 ἐπαινετὸν
1768 1993 1878 2066 (57)
1926 1999 2026 2061 τῆς
2056 1997 2152 2047 τοῦ

2333 1995 2474 2050 ΧΧΙ.
2506 1995 2656 2050 Illud
2691 2012 2824 2050 vero
2859 2012 2935 2050 an
2972 2012 3085 2051 non
3116 1995 3173 2050 in
3207 1994 3539 2068 philosophi
3584 1995 3763 2067 hujus
3821 1996 3923 2050 do-

506 2080 808 2162 φιλοσόφου
867 2079 1223 2151 παιδεύσεως,
1272 2080 1353 2134 ὅτι
1413 2085 1668 2135 τοσοῦτον
1737 2080 2009 2156 ἀόργητος
2069 2083 2157 2151 ἦν,

504 2169 729 2223 καὶτῶν
775 2172 960 2232 παθῶν
1016 2167 1377 2242 ὑψηλότερος,
1426 2168 1562 2222 κατά
1608 2170 1736 2231 τοὺς
1783 2170 2007 2223 πώποτε
2053 2174 2158 2223 τῶν

510 2257 775 2333 βασιλέων
808 2257 1102 2334 ἀτρέπτους
1130 2258 1219 2312 καὶ
1254 2258 1566 2327 ἀκινήτους,
1599 2258 1688 2312 καὶ
1725 2255 1855 2330 μηδ’
1888 2259 1969 2325 ἂν,
2024 2256 2076 2313 εἷ’
2111 2271 2161 2312 τι

502 2349 733 2425 γὲνοιτο,
764 2353 861 2403 τοῦ
894 2349 1191 2422 προσώπου
1237 2368 1287 2401 τι
1320 2347 1762 2422 παρατρέψαντας
1814 2350 1950 2420 (58),
2000 2347 2034 2415 ἢ
2068 2349 2164 2402 πά-

506 2449 633 2503 θους
666 2437 822 2513 ἴχνος
857 2436 1310 2509 ἐπισημαίνοντας
1350 2438 1499 2509 (59)'
1556 2434 1684 2498 ὥσθ’
1733 2434 1814 2490 δτι
1871 2437 1963 2508 μὲν
2019 2437 2159 2510 βοῶν

503 2528 592 2582 καὶ
626 2530 859 2599 σεισμῶν
893 2524 1137 2600 ἐπλήρου
1166 2526 1233 2579 τά
1268 2523 1515 2599 βασίλεια
1564 2521 1819 2595 δικάζων,
1855 2524 2035 2599 ὥσπερ
2068 2524 2161 2577 αὐ-

501 2616 597 2678 τὸς
630 2616 702 2669 ὥν
736 2616 765 2669 ὁ
793 2614 1223 2689 τυραννούμενος
1254 2614 1340 2668 καὶ
1378 2612 1771 2685 ζημιούμενος,
1820 2613 1919 2667 οὐκ
1966 2611 2160 2674 ἄλλοις

506 2709 673 2760 ταῦτα
702 2705 1025 2778 πάσχουσιν,
1070 2702 1399 2775 ἐπαμύνων;
1450 2706 1625 2756 Ταῦτα
1678 2703 1770 2774 μὲν
1819 2700 1944 2756 οὐδὲ
1992 2702 2159 2777 λόγου

506 2795 651 2855 τινὸς
682 2793 982 2865 ἀξιώσομεν
1013 2810 1025 2823 ⁸
1057 2796 1220 2846 τοῦσο
1263 2788 1319 2845 δὲ
1365 2791 1445 2853 τίς
1499 2792 1684 2865 ἀγνοεῖ
1730 2796 1835 2846 τῶν
1886 2790 2157 2859 ἁπάντων,

509 2880 589 2937 δτι
622 2880 868 2942 πολλοὺς
901 2881 1222 2955 προσιόντας
1256 2882 1305 2934 οἷ
1338 2883 1451 2953 (60)
1485 2879 1724 2953 δημοσίᾳ
1772 2881 1860 2933 καὶ
1904 2885 2011 2933 τῶν
2062 2880 2157 2954 ἀγ-

521 2972 863 3046 ροικοτέρων,
898 2969 1034 3025 ὥστε
1062 2975 1247 3045 τυχεῖν
1277 2990 1422 3031 τινος
1453 2970 1525 3023 ὧν
1568 2967 1843 3043 ἅνθρωποι
1898 2969 2161 3043 βασιλέων

519 3056 750 3128 δέονται,
778 3058 951 3113 παίων
984 3059 1085 3131 πὺξ
1120 3056 1357 3131 δημοσίᾳ
1376 3058 1465 3112 καὶ
1499 3057 1595 3127 λὰξ
1626 3056 1989 3131 ἐναλλόμενος
2018 3055 2159 3112 οὕτω

518 3144 729 3202 διετίθει
760 3153 959 3221 κακῶς,
990 3147 1116 3202 ὥστ’
1148 3149 1358 3222 ἀγαπᾷν
1392 3146 1629 3208 ἐκείνους
1658 3148 1720 3201 τὸ
1756 3149 1829 3220 μή
1874 3169 1928 3202 τι
1976 3149 2161 3202 παθεῖν

514 3234 897 3311 χαλεπώτερον
924 3255 938 3305 ;

2273 2085 2461 2139 ctrina
2503 2084 2816 2150 laudabile,
2849 2085 3002 2155 quod
3036 2084 3177 2140 adeo
3211 2086 3282 2139 ab
3315 2084 3400 2140 ira
3430 2084 3658 2141 alienus
3688 2089 3831 2153 erat,
3863 2101 3929 2141 ac

2272 2172 2631 2227 turbulentis
2663 2172 2841 2226 animi
2878 2172 3344 2243 permotionibus
3375 2172 3706 2243 sublimior;
3742 2172 3931 2228 instar

2273 2262 2554 2316 nimirum
2569 2278 2766 2317 eorum
2788 2278 2991 2333 regum
3007 2278 3071 2316 ac
3086 2262 3506 2334 imperatorum
3528 2262 3627 2333 qui
3641 2260 3929 2333 tranquil-

2272 2350 2453 2406 litatis
2475 2358 2531 2406 et
2558 2352 2897 2406 constantiae
2931 2349 3101 2406 laude
3134 2351 3429 2422 quondam
3464 2350 3767 2420 ﬂorebant,
3802 2365 3926 2415 nec,

2272 2440 2445 2495 etiam
2469 2441 2518 2495 si
2542 2440 2680 2511 quid
2704 2439 2982 2495 molestiae
2997 2438 3143 2512 ipsis
3158 2438 3717 2508 accidisset,vultum
3732 2444 3927 2495 tamen

2273 2528 2391 2584 ullo
2416 2530 2587 2584 modo
2623 2529 3037 2597 immutahant,
3088 2532 3187 2584 aut
3244 2528 3704 2600 perturbationis
3754 2527 3928 2583 vcsti—

2272 2618 2433 2689 gium
2494 2619 2914 2685 ostendebant;
2965 2622 3029 2672 ut
3059 2618 3238 2690 quod,
3270 2618 3410 2672 dum
3434 2616 3655 2688 judicis
3687 2633 3929 2672 munere

2272 2708 2627 2777 fungeretur,
2662 2706 2857 2761 aulam
2889 2706 3241 2761 clamoribus
3268 2722 3332 2761 ac
3356 2706 3599 2777 strepitu
3633 2704 3926 2777 impleret,

2274 2812 2386 2850 non
2410 2795 2578 2851 aliter
2604 2813 2667 2851 ac
2692 2798 2736 2851 si
2764 2798 2888 2867 ipse
2917 2800 3071 2850 esset
3102 2795 3194 2850 cui
3226 2794 3312 2850 vis
3344 2800 3400 2849 et
3434 2796 3718 2849 damnum
3749 2794 3929 2850 infer-

2270 2889 2446 2950 retur,
2464 2901 2527 2939 ac
2553 2902 2662 2939 non
2692 2884 2822 2938 aliis
2848 2883 3039 2954 potius
3076 2882 3197 2937 haec
3229 2882 3589 2953 patientibus
3622 2897 3923 2937 succurre-

2271 2973 2396 3028 ret?
2418 2974 2547 3029 Haec
2568 2978 2719 3028 certe
2743 2990 2812 3027 ne
2836 2974 3098 3028 oratione
3134 2972 3370 3043 quidem
3421 2970 3725 3042 complecti
3782 2970 3925 3026 veli-

2274 3078 2425 3116 mus.
2459 3062 2575 3117 Hoc
2607 3068 2800 3116 autem
2840 3061 2999 3115 eccui
3034 3077 3101 3114 ex
3157 3059 3431 3115 omnibus
3488 3059 3754 3130 ignotum
3816 3064 3926 3128 est,

2270 3152 2424 3223 quod
2450 3150 2634 3206 multo
2656 3150 2829 3205 etiam
2854 3165 2882 3203 e
2907 3148 3335 3215 rusticioribus,
3372 3148 3471 3220 qui
3496 3150 3565 3203 ad
3600 3164 3733 3202 eum
3769 3149 3920 3203 161

2271 3239 2502 3310 publice
2534 3239 2988 3302 accedebant,ut
3019 3254 3389 3309 eorum,quaa
3422 3236 3620 3309 populi
3643 3238 3714 3292 ab
3738 3236 3927 3309 impe-

512 3328 802 3384 ratoribus
837 3334 1027 3400 petere
1060 3326 1275 3397 solent,
1307 3326 1527 3397 aliquid
1559 3332 2078 3397 consequerentur,
2112 3328 2193 3383 ita
2225 3330 2565 3397 mulctabat,
2598 3328 2789 3400 palam
2826 3343 3019 3399 pugno
3052 3327 3285 3392 feriens,
3316 3325 3695 3397 ealcibusque
3737 3326 3924 3399 impe-

512 3419 660 3482 tens,
694 3421 759 3472 ut
790 3416 1064 3488 praeclare
1096 3434 1293 3471 secum
1328 3420 1522 3471 actum
1556 3421 1848 3485 putarent,
1882 3418 2037 3486 quod
2070 3417 2324 3472 atrocius
2357 3418 2575 3489 aliquid
2613 3417 2851 3472 minime
2885 3417 3040 3488 passi
3072 3416 3313 3471 essent?

574 3505 828 3565 ΚΒ’.Τὰς
874 3501 930 3558 δὲ
988 3506 1244 3580 φυσήσεις
1302 3526 1357 3558 τε
1415 3503 1503 3558 καὶ
1561 3505 1957 3582 ἀντιφυσήσεις,
2018 3505 2076 3566 ἄς
2127 3507 2150 3561 5

2338 3510 2511 3563 XXII.
2545 3508 2676 3562 Jam
2702 3507 3067 3561 sufflationes
3088 3510 3144 3561 et
3166 3505 3518 3573 reflationes,
3539 3522 3686 3577 quas
3727 3505 3923 3560 admi-

500 3592 799 3665 θαυμάσιος
848 3593 1067 3665 ἐκεῖνος,
1118 3593 1207 3648 καὶ
1255 3592 1322 3646 τὰ
1384 3592 1625 3668 ἡμέτερα
1689 3591 1980 3668 διασύρων,
2036 3600 2151 3656 τοῖς

497 3679 766 3757 γραϊδίοις
798 3679 1256 3751 ἀντεπεδείκνυτο,
1288 3682 1349 3735 τὸ
1381 3676 1684 3754 ἐπιϐώμιον
1716 3686 1822 3755 πῦρ
1875 3682 2147 3749 ἀνάπτων,

497 3775 602 3825 ποῦ
634 3770 801 3847 λόγου
828 3772 1062 3843 θήσομεν
1094 3773 1243 3844 (61(;
1278 3772 1349 3827 ’Ή
1397 3769 1564 3825 καλόν
1602 3774 1707 3843 (62)
1755 3792 1814 3847 γε
1864 3776 1959 3825 τοῦ
2016 3772 2147 3825 Ῥω-

505 3860 675 3933 μαίων
742 3860 1009 3935 βασιλέως
1068 3860 1164 3922 τὰς
1223 3859 1450 3935 γνάθους
1520 3861 1646 3935 ὁρᾷν
1698 3860 2147 3934 ἀσχημονούσας,

499 3949 587 4004 καὶ
617 3947 833 4024 γὲλωτα
862 3947 1035 4003 πολὺν
1063 3949 1429 4023 παρεχούσας,
1463 3947 1523 4002 οὐ
1552 3952 1670 4010 τοῖς
1719 3944 1905 4018 ἔξωθεν
1959 3948 2148 4020 μόνον,

501 4036 646 4093 ἀλλὰ
674 4037 762 4092 καὶ
794 4036 998 4108 αὐτοῖς,
1032 4036 1113 4099 οἶς
1142 4042 1309 4092 ταῦτα
1341 4040 1513 4091 ποιῶν
1548 4037 1787 4111 ἀρέσκειν
1833 4034 1990 4108 ᾤετο.
2041 4039 2143 4106 Τήν

500 4128 731 4197 Ἀθηνᾶν
783 4124 839 4181 δὲ
888 4126 986 4181 οὐκ
1033 4124 1220 4194 ἤκουε,
1271 4128 1367 4195 τήν
1413 4127 1603 4180 ἑαυτοῦ
1638 4127 1755 4180 θεὸν
1788 4129 1919 4198 (63),
1952 4124 2147 4180 δτικαὶ

496 4222 612 4277 τοῖς
672 4218 783 4289 (64)
860 4214 1050 4276 αὐλοῖς
1113 4217 1478 4290 κατηράσατο,
1535 4216 1613 4277 οἷς
1670 4214 2145 4289 ἐνασχημονοῦσαν

499 4305 693 4373 ἑαυτὴν
764 4302 1155 4376 κατεμάνθανεν
1234 4308 1367 4377 (65),
1437 4304 1545 4358 ἀντ’
1612 4299 1876 4378 ἐσόπτρου
1934 4323 2145 4378 χρησα-

501 4387 636 4466 μένη
848 4397 928 4463 τῷ
974 4389 1147 4449 ὕδατι.
1196 4393 1297 4454 Τὰς
1344 4390 1400 4447 δὶ
1448 4392 1745 4467 προπόσεις
1786 4413 1843 4447 τε
1872 4392 1961 4447 καὶ
1994 4391 2149 4470 φιλο-

568 4493 610 4527 ⁶⁷
641 4491 826 4565 Virg.,
859 4492 1102 4559 zEneid.,
1135 4509 1211 4547 v1.

592 4590 682 4658 51)
707 4591 876 4642 Τοῦτο
908 4587 1097 4644 ἐκεῖνο.
1129 4589 1288 4645 Colb.
1323 4590 1380 4655 k,
1410 4591 1571 4641 τοῦτο
1603 4587 1809 4659 ἆκείνῳ.

593 4663 683 4732 52)
718 4660 979 4733 Καὶλτῶν,
1002 4662 1139 4733 Reg.
1174 4666 1231 4716 et
1260 4660 1277 4715 1
1312 4661 1515 4732 M0nt.,
1546 4660 1635 4713 καὶ
1664 4661 1719 4713 αἱ
1747 4664 1878 4715 τῶν.

536 4727 687 4857 ὸ(53)
743 4731 879 4794 Τοὺς
940 4730 996 4785 δὲ
1024 4727 1139 4787 τόν.
1173 4737 1257 4788 Ita
1289 4749 1435 4788 mss.
1469 4727 1525 4788 et
1547 4733 1637 4789 ed.
1672 4733 1800 4788 Par.
1834 4733 1936 4788 Ed.
1972 4729 2060 4784 τόν
2094 4727 2151 4784 δὶ

566 4823 617 4857 ν.

500 4823 592 4857 τον
605 4848 617 4859 .

576 4875 690 4947 (54)
722 4873 1086 4958 Λαρυγγίζων.
1115 4874 1373 4958 Οοωῦθς.
1404 4874 1597 4958 vertit,
1631 4898 1659 4925 ‹‹
1687 4878 1925 4947 gutture
1971 4873 2158 4930 accla-

507 4964 695 5021 mans,
730 4947 986 5021 suaviter
1012 4964 1041 5003 e
1072 4947 1612 5021 guttureit‘undens‘.
1652 4970 1678 5021 η

600 5020 690 5089 55)
724 5014 1117 5091 Δελεάσματοξ.
1159 5021 1277 5074 Duo
1307 5020 1489 5091 Regg.
1523 5014 1878 5089 δελιάματος.

722 5089 1065 5167 Μὲμφονται.
1090 5092 1218 5146 Sav.
1257 5089 1596 5163 μὲμφῶνται.

600 5162 688 5233 57)
748 5161 1095 5217 Ἐπαινετόν.
1157 5167 1277 5217 Duo
1337 5161 1494 5217 mss.
1555 5165 1613 5216 et
1676 5161 1851 5228 Pass,

507 5250 615 5287 ται.

572 5305 685 5377 (58)
720 5302 1187 5377 Παρατρέψαντας.
1222 5303 1352 5377 δεῖν.
1385 5299 1845 5377 παρατρέποντας.

574 5372 681 5446 (59)
718 5372 1226 5446 Ἐπισημάίνοντας.
1287 5376 1410 5431 Duo
1465 5372 1637 5429 codd.
1698 5372 2157 5445 ἐπισημήναντας.

503 5448 605 5503 Hic
658 5448 1089 5503 observandum
1123 5446 1366 5515 Regium
1400 5448 1655 5503 codicem
1690 5447 1711 5500 Ι
1743 5446 2012 5502 omittere
2043 5446 2163 5515 dis-

505 5518 809 5574 tinctionis
840 5523 1061 5583 notam,
1092 5514 1218 5587 quae
1248 5518 1399 5574 inter
1428 5516 1853 5589 ἐπισημαίνοντα
1913 5523 1970 5573 et
2029 5514 2165 5570 ὥστε

512 5591 884 5663 subsequens
916 5589 1225 5663 reperitur.

714 5658 1073 5743 ’Προσιόντας
1098 5660 1192 5743 ὀὶ.
1228 5659 1367 5743 ΡΜ..
1392 5662 1538 5743 edit;
1564 5660 1883 5743 προσιόντας
1915 5658 2061 5743 αὐτῷ
2092 5659 2164 5713 οἱ.

516 5730 653 5860 dAliti,
678 5730 1021 5808 ’προσιόντας
1054 5730 1219 5802 αὐτῷ,
1270 5733 1371 5787 sed
1400 5730 1545 5805 αὐτῷ
1602 5730 1913 5805 utrobique
1963 5734 2169 5788 redun-

556 5821 589 5860 8
624 5847 637 5859 .

556 5821 637 5861 δι.

1925 5159 2159 5212 ἐπαινεῖ-

2265 3598 2480 3652 randus
2504 3596 2599 3651 ille
2620 3596 2725 3662 vir,
2749 3595 3142 3666 doctrinaeque
3166 3598 3375 3651 nostra;
3408 3593 3734 3666 sugillator,
3758 3598 3924 3649 vetu-

2264 3688 2333 3741 lis
2368 3685 2732 3741 mulierculis
2764 3686 2821 3739 in
2883 3684 3241 3739 contrarium
3305 3684 3656 3748 ostentabat,
3715 3682 3928 3737 altaris

2262 3778 2453 3844 ignem
2486 3776 2963 3844 accendens,quo
2994 3774 3231 3827 tandem
3266 3772 3547 3826 orationis
3578 3770 3703 3826 loco
3735 3787 3925 3843 pone-

2262 3864 2436 3920 mus?
2469 3862 2815 3918 Praeclarum
2842 3861 2994 3915 enim
3022 3862 3277 3931 profecto
3299 3864 3444 3925 erat,
3471 3876 3707 3915 cernere
3730 3859 3807 3913 im
3822 3875 3925 3930 pe-

2262 3953 2467 4007 ratoris
2494 3951 2737 4006 Romani
2765 3951 2979 4004 buccas
3010 3949 3278 4003 indecore
3306 3951 3621 4013 tumentes,
3655 3964 3721 4002 ac
3752 3948 3909 4003 exci-

2260 4045 2450 4095 tantes
2508 4041 2804 4111 ingentem
2853 4036 3060 4102 risum,
3093 4053 3206 4091 non
3240 4036 3493 4091 externis
3521 4040 3773 4105 tantum,
3805 4035 3904 4091 sed

2260 4130 2330 4184 iis
2360 4130 2558 4196 etiam,
2595 4128 2809 4197 quibus
2843 4126 2949 4180 hac
2980 4126 3204 4180 ratione
3236 4126 3469 4195 placere
3525 4140 3587 4179 se
3646 4125 3907 4195 putabet.

2260 4216 2573 4271 Minervam
2629 4219 2821 4269 autem
2879 4214 3045 4269 deam
3109 4230 3276 4268 suam
3311 4229 3426 4267 non
3459 4212 3753 4280 audiebat,
3783 4228 3911 4283 qua:

2257 4306 2432 4360 tibias
2464 4308 2761 4360 exsecrata
2792 4302 3024 4369 dicitur,
3061 4306 3469 4373 posteaquam,
3493 4300 3661 4372 aquis
3692 4299 3913 4373 speculi

2256 4394 2380 4448 vice
2414 4410 2539 4463 usa,
2564 4410 2662 4447 eas
2695 4390 2961 4446 dedecori
2994 4390 3107 4445 sibi
3136 4405 3265 4445 esse
3298 4390 3609 4461 perspexit.
3635 4389 3912 4460 Propina-

2331 4591 2442 4659 (61)
2474 4590 2741 4659 ϐήσομεν.
2776 4588 2900 4642 Duo
2934 4588 3111 4659 Regg.
3146 4590 3202 4641 et
3231 4586 3325 4642 Or.
3363 4587 3413 4652 1,
3447 4585 3506 4639 in
3567 4600 3752 4657 marg.
3813 4583 3911 4653 θή-

2180 4703 2226 4765 D
2259 4681 2440 4799 c3“(ii-'2)
2474 4732 2538 4783 ‘II
2560 4727 2748 4784 καλόν.
2786 4730 3034 4783 Montac.
3071 4753 3095 4777 ‹‹
3133 4730 3341 4783 forte.»
3381 4726 3449 4799 Ἦ
3470 4723 3661 4799 καλόν.
3694 4725 3914 4799 Deinde

2264 4796 2531 4859 observat
2560 4803 2715 4856 hunc
2746 4801 2937 4855 locum
2973 4800 3055 4853 sic
3082 4802 3152 4854 ab
3185 4800 3306 4854 Elia
3335 4798 3538 4868 accipi,
3580 4796 3749 4867 quasi
3806 4797 3915 4850 Ju-

2265 4876 2460 4930 lianus
2494 4879 2743 4941 tantum,
2779 4874 2885 4927 hac
2916 4871 3267 4935 imitatione,
3311 4869 3770 4941 Christianorum
3827 4868 3917 4922 in-

2269 4965 2333 5000 su
2348 4946 2629 5000 l'flationes
2649 4948 2706 4999 in
2731 4938 3101 5015 baptismatis
3122 4942 3335 5015 ritibus
3352 4938 3915 5015 irriderevoluisset.

2266 5018 2478 5073 Verum
2514 5023 2709 5072 censet
2742 5011 2827 5070 vir
2856 5017 3085 5081 doctus,
3116 5013 3416 5070 Julianum
3450 5012 3737 5083 praecipue
3763 5011 3856 5066 hic
3885 5027 3919 5065 a

2267 5089 2541 5157 Gregoriq
2571 5088 2858 5159 redargui,
2887 5088 3063 5157 quod,
3089 5088 3409 5159 cumiesset
3435 5085 3779 5159 imperator,
3802 5098 3918 5159 non

2270 5154 2571 5216 erubuerit
2594 5180 2653 5215 se
2674 5154 2805 5214 cum
2832 5154 3193 5213 mulierculis
3216 5158 3285 5212 de
3314 5156 3503 5212 triviis
3520 5154 3578 5211 et
3608 5154 3916 5226 scortis,ad

2268 5234 2406 5287 vilia
2464 5239 2513 5288 ct
2558 5232 2890 5295 deridenda,
2930 5230 3080 5284 circa
3110 5245 3276 5285 sacra
3306 5245 3434 5298 sua,
3467 5226 3793 5283 ministeria
3821 5227 3921 5281 de-

2272 5306 2520 5361 mittere.
2556 5309 2679 5359 Non
2714 5305 2863 5359 male
2894 5302 3147 5373 quidem;
3181 5300 3396 5373 etenim
3428 5298 3923 5373 Montacutiisen-

2271 5378 2467 5433 tentia:
2501 5378 2688 5430 favent
2720 5370 3014 5443 Chrysost.
3046 5376 3105 5428 in
3130 5381 3298 5443 gent..
3348 5372 3628 5425 Prudent.
3692 5370 3921 5437 Liban.,

2274 5466 2356 5505 or.
2392 5467 2457 5511 x,
2498 5448 2811 5511 Aminiam,
2840 5445 2943 5500 lib.
2979 5463 3120 5509 xxu,
3154 5462 3209 5515 p.
3241 5445 3368 5515 225,
3400 5449 3508 5498 etc.

2352 5522 2457 5589 (63)
2490 5518 2637 5573 Θεόν,
2669 5518 2836 5573 Cois].
2872 5520 2925 5582 2,
2960 5522 3015 5571 et
3049 5513 3230 5582 Pass,
3264 5513 3406 5589 θεάνῙ

2350 5580 2459 5661 (64)
2494 5590 2588 5643 Καὶ
2619 5594 2752 5649 τοῖς.
2807 5580 3223 5659 Ιῑαριθιθίῳιο
3266 5586 3434 5642 codd.
3495 5584 3669 5641 Deest
3721 5580 3812 5638 καί
3867 5582 3929 5641 in

2277 5663 2415 5717 edit.

2371 5736 2460 5801 65)
2494 5732 2902 5803 Κατεμάνθανεν.
2939 5731 3076 5801 Reg.
3110 5731 3231 5800 hm,
3266 5727 3584 5803 κατέμαθεν.

2371 5736 2460 5801 65)
2494 5734 2902 5803 Κατεμάνθανεν.
2939 5734 3076 5801 Reg.
3110 5734 3231 5800 bm,
3266 5734 3520 5801 κατέμαθε

2349 5734 2457 5877 (66)
2489 5804 2841 5879 Χρησαμένη.
2876 5804 3013 5874 Reg.
3048 5803 3105 5869 b,
3138 5801 3520 5876 χρησαμένην.
