2074 3145
111 200 165 232 691

732 201 763 232 S.
789 201 810 232 G
817 203 837 231 Π
845 200 975 231 EGORII
998 199 1195 231 THEOLOGI

1756 196 1817 228 692

111 268 205 297 tiones
219 276 297 303 vero,
313 270 341 297 et
363 269 479 305 pocula,
508 268 616 304 quibus
645 268 812 297 meretrices
840 266 937 303 palam

1003 265 1099 300 ῖησίας,
1116 265 1145 296 ἃς
1159 264 1278 302 δημοσίᾳ
1292 267 1351 296 ταῖς
1366 265 1478 303 πόρναις
1499 263 1630 303 προῦτεινέ
1642 274 1672 291 τε
1686 262 1732 290 καὶ
1746 262 1818 289 ἀντι-

112 313 285 349 publiceque
308 314 493 350 provocabat,
510 313 700 348 vicissimque
716 312 936 348 provocabatur,

112 358 242 394 mysterii
258 359 378 386 obtentu
398 358 579 393 petulantem
609 357 760 385 libidinem
789 355 938 388 obvelans,

113 402 179 437 quis
195 410 253 429 non
269 402 355 430 laude
371 405 399 429 et
415 402 609 429 admiratione
624 400 841 437 prosequatur?

148 447 250 473 XXIII.
268 446 333 474 Haec
348 447 413 474 aliis
429 446 547 481 quidem
563 446 741 482 experientia.
755 446 828 481 ipsa,
844 447 872 473 et
887 445 938 472 do-

112 490 235 518 minatio
251 490 399 518 licentiam
417 491 532 527 adepta,
549 491 724 524 declaravit;
741 499 758 518 a
774 498 818 518 me
841 493 938 517 autem

113 534 198 570 longe
213 537 280 562 ante
297 538 447 571 perspecta
463 535 681 571 quodammodo
697 535 823 564 fuerunt.
836 542 869 562 ex
883 542 939 569 quo

111 578 233 606 Athenis
248 587 315 606 cum
331 587 363 606 eo
380 581 512 605 versatus
527 586 616 605 eram.
636 578 709 606 Nam
725 577 795 605 illuc
824 585 940 613 quoque

69 624 75 638 ⁵
112 623 212 650 statim
231 624 295 658 post
306 631 340 650 ea
351 631 414 658 qua:
431 623 570 650 adversus
586 623 704 650 fratrem
717 623 869 658 designata
879 621 940 649 fue-

113 669 193 702 runt,
203 667 348 703 profectus
364 667 462 698 est,ab
476 667 652 702 imperatore
668 667 722 694 hoc
732 667 830 702 ipsum
842 667 942 702 depre-

115 714 207 739 catus.
218 712 368 747 Duplicem
381 714 479 739 autem
492 719 524 739 eo
536 711 739 747 proficiscendi
754 719 874 738 causam
890 710 941 737 ha-

114 756 199 784 bebat
216 765 223 784 :
240 764 329 784 unam
352 756 561 791 honestiorem,
592 758 625 783 ut
652 756 790 783 Graeciam
819 756 941 790 ejusque

114 801 230 829 scholas
259 801 380 834 viseret;
401 801 522 828 alteram
537 800 698 834 tectiorem,
716 800 875 836 paucisque
890 808 941 827 no-

115 848 186 880 tam,
198 847 230 873 ut
246 845 373 881 regionis
389 845 485 880 ipsius
500 845 649 880 aruspices
665 847 694 873 et
709 844 883 880 impostores
891 844 941 880 qui

115 889 173 917 illic
190 891 273 917 erant
288 889 323 916 de
339 889 426 916 rebus
442 889 505 917 suis
519 889 852 924 consuleret,impietate
864 888 940 916 vide-

993 309 1155 347 προύπίνετο
1180 311 1247 346 (67),
1274 309 1451 337 ὑποκλέπτων
1478 310 1509 337 τὸ
1526 309 1634 347 ἀσελγὲς
1662 307 1814 345 μυστηρίου

994 356 1184 392 προσχήματι,
1201 356 1259 385 πῶς
1275 354 1305 381 οὐ
1322 354 1466 391 θαυμάζειν
1482 353 1573 390 ἅξιον;

1031 444 1087 471 ΚΓ’.
1103 445 1190 470 Ταῦτα
1216 445 1276 474 τοῖς
1302 443 1349 479 μὶν
1375 442 1473 474 ἄλλοις
1501 444 1518 476 ἡ
1544 446 1624 481 πεῖρα
1649 444 1813 481 παρέστησε,

994 489 1038 515 καί
1053 489 1070 522 ἡ
1092 486 1231 514 δυναστεία
1245 485 1421 525 προλαϐοῦσα
1444 489 1501 524 (68)
1523 489 1572 522 τὴν
1597 488 1735 523 ἐξουσίαν·
1754 489 1816 526 ἐμοὶ

995 531 1077 559 δὲκαὶ
1101 529 1239 570 πόῤῥωθεν
1262 532 1362 568 τρόπον
1385 533 1443 559 τινὰ
1467 532 1581 569 ἑωρᾶτο,
1597 533 1623 567 ἐξ
1640 533 1670 560 οὗ
1685 535 1724 569 τῷ
1740 533 1817 571 ἀνδρί

995 576 1176 614 συνεγενόμην
1207 577 1361 613 Ἀθήνῃσιν.
1396 576 1482 606 Ἦλθε
1519 577 1571 614 γὰρ
1606 579 1662 614 (69)
1700 578 1817 613 κάκεῖσε,

996 622 1055 658 ἄρτι
1079 623 1132 648 τῶν
1161 621 1228 648 κατὰ
1253 621 1298 648 τὸν
1322 620 1437 659 ἀδελφὸν
1462 621 1543 648 αὐτοῦ
1573 623 1817 660 νεωτερισθὲντων,

994 666 1039 693 τὸν
1062 664 1174 702 βασιλέα
1196 668 1277 692 τοῦτο
1300 665 1365 693 αὐτὸ
1389 666 1636 703 παραιτησάμενος.
1672 667 1766 698 Διττὸς
1791 666 1820 695 δὲ

995 710 1077 737 αὐτοῦ
1091 713 1139 744 τῆς
1156 708 1303 746 ἐπιδημίας
1320 711 1333 737 ὁ
1357 709 1459 747 λόγος·
1483 711 1496 737 ὁ
1522 711 1569 747 μὶν
1596 710 1818 748 εὐπρεπέστερος,

995 755 1054 786 καθ’
1083 754 1200 792 ἱστορίαν
1227 755 1276 788 τής
1304 753 1437 785 Ἑλλάδος
1465 754 1509 782 καὶ
1535 757 1588 782 τῶν
1607 754 1693 783 ἐκεῖσε
1707 755 1820 783 παιδευ-

995 799 1115 836 τηρίων·
1134 799 1147 825 ὸ
1164 797 1193 825 δὲ
1208 796 1439 837 ἀπορῥητότερος,
1454 799 1499 826 καὶ
1525 799 1555 827 οὐ
1577 798 1696 831 πολλοῖς
1720 801 1820 838 γνώρι-

999 854 1061 880 μος,
1086 843 1154 870 ὥστε
1178 846 1235 874 τοῖς
1262 843 1317 871 ἐκεῖ
1339 845 1394 880 (70)
1419 843 1511 874 θύταις
1532 843 1575 871 καὶ
1592 844 1727 871 ἀπατεῶσι
1757 844 1819 882 περὶ

996 890 1049 915 τῶν
1066 888 1125 919 καθ’
1141 888 1232 915 ἑαυτὸν
1256 887 1438 925 συγγενέσθαι,
1463 887 1539 915 οὕπω
1561 888 1712 926 παρρησίαν
1738 888 1820 926 ἐχού-

114 934 183 961 Iicet
198 933 327 960 nondum
343 933 507 961 libertatem
522 941 555 960 ac
571 933 708 960 ﬁduciam
724 934 839 968 adepta.
860 933 942 960 Tunc

1003 943 1047 967 της
1075 936 1124 967 τῆς
1149 931 1282 963 ἀσεϐείας.
1306 932 1372 959 Τότε
1396 932 1484 959 τοίνυν
1508 932 1539 960 οὖ
1564 932 1667 971 φαῦλος
1691 933 1746 966 ἐγὼ
1771 935 1820 960 τοῦ

116 978 206 1013 igitur
235 986 281 1005 me
309 986 367 1005 non
396 976 507 1005 malum
536 977 572 1005 de
601 977 717 1005 hocviro
750 978 944 1012 conjectorem

1003 975 1094 1014 ἀνδρὸς
1109 976 1234 1010 εἰκαστὴς
1248 974 1308 1003 οἴδα
1326 975 1480 1013 γενόμενος,
1496 976 1583 1003 καίτοι
1605 987 1635 1014 γε
1660 976 1691 1004 οὗ
1716 979 1770 1004 τῶν
1792 975 1820 1004 εὖ

118 1021 209 1049 fuisse
226 1021 357 1054 memini,
374 1029 544 1057 quanquam
560 1021 669 1057 alioqui
694 1030 752 1049 non
781 1030 815 1049 ex
842 1029 944 1049 eorum

119 1074 242 1093 numero
253 1067 321 1099 sim,
334 1066 384 1101 qui
395 1066 423 1093 id
436 1065 607 1101 hujusmodi
621 1066 708 1093 rebus
720 1066 784 1093 sciti
796 1068 882 1101 atque
898 1067 944 1092 tu-

118 1110 231 1145 geniosi
248 1112 326 1137 sunt.
344 1110 399 1138 Sed
416 1117 461 1137 me
473 1117 588 1137 morum
603 1118 636 1137 ac
651 1112 751 1145 gestus
767 1109 861 1146 ipsius
876 1110 944 1137 inae-

117 1154 288 1190 quabilitas,
304 1157 393 1190 atque
407 1154 511 1190 ingens
526 1154 660 1189 quaedam
690 1154 797 1182 mentis
826 1154 943 1189 emotio,

115 1203 211 1227 vatem
228 1199 384 1232 efﬁciebat;
396 1199 472 1226 162
486 1198 510 1226 si
524 1199 644 1234 quidem
655 1201 736 1227 vates
753 1198 800 1227 ille
815 1199 944 1235 optimus

116 1246 171 1277 est,
190 1243 251 1279 ,qui
281 1245 360 1270 recte
387 1243 530 1278 conjicere
558 1244 649 1271 novit.
666 1243 763 1279 Neque
778 1244 856 1271 enim
873 1244 945 1271 mihi

115 1287 182 1315 boni
195 1287 358 1322 quidquam
372 1287 539 1322 signiﬁcare
549 1287 734 1321 videbantur,
750 1288 845 1315 cervix
862 1288 946 1316 mini-

117 1342 163 1359 mc
179 1332 274 1365 ﬁrma,
290 1331 405 1359 humeri
422 1340 497 1366 quos
513 1332 638 1359 subinde
654 1332 784 1368 agitabat
795 1335 823 1360 et
833 1333 945 1360 attolle-

116 1378 175 1410 bat,
192 1376 296 1404 oculus
313 1385 407 1412 nagus
423 1379 451 1403 et
466 1377 618 1411 oberrans,
634 1385 667 1404 ac
683 1377 811 1405 furiosus
825 1378 943 1413 obutus,

118 1422 206 1457 pedes
219 1420 373 1449 instabiles
389 1423 417 1448 et
433 1421 603 1454 titubantes,
620 1430 711 1449 nasus
737 1423 944 1450 contumeliam

116 1470 143 1493 ct
159 1468 359 1501 contemptum
371 1465 604 1500 spirans,vultus
615 1466 862 1501 conﬁgurationes
875 1467 945 1495 ridi-

116 1512 186 1538 culae
204 1510 281 1537 idem
297 1509 509 1545 signiﬁcantes,
526 1509 603 1538 risus
619 1510 830 1538 immoderatus
846 1514 873 1539 et
897 1520 944 1539 ex-

117 1556 259 1589 aestuans,
289 1556 379 1581 nutus
395 1556 423 1581 et
438 1557 561 1581 renutus
577 1554 657 1582 omni
674 1554 786 1583 ratione
802 1558 945 1589 carentes.

118 1606 213 1625 sermo
224 1597 338 1625 haerens
349 1598 515 1634 spirituque
526 1598 693 1632 intercisus,
701 1600 944 1636 interrogationes

116 1642 289 1669 inordinata
300 1644 328 1668 et
338 1641 491 1677 imperitae,
504 1643 709 1678 responsiones
720 1644 767 1672 his
782 1644 872 1672 nihilo
885 1653 944 1673 me-

119 1687 218 1719 liores,
230 1685 292 1713 aliae
304 1684 332 1712 in
344 1685 416 1713 alias
429 1686 615 1720 insultantes,
627 1696 685 1715 non
697 1688 753 1715 sibi
764 1691 943 1722 constantes,

119 1739 172 1757 nec
189 1729 363 1757 eruditionis
377 1730 478 1758 ordine
495 1731 723 1767 progredientes.

156 1773 251 1801 XXIV.
270 1774 344 1807 Quid
360 1774 478 1810 singula
493 1775 657 1803 describere
673 1784 791 1805 necesse
810 1777 875 1805 est?
889 1778 947 1806 Ta-

120 1820 175 1846 lem
186 1820 253 1846 ante
265 1826 352 1854 opera
361 1819 547 1854 conspicatus
556 1828 633 1851 sum,
642 1820 759 1855 qualem
769 1821 798 1848 in
809 1822 946 1857 operibus

157 1874 211 1906 ιω)
240 1871 590 1913 ξλιτέπριῖιπινετρ-..ιλθε-
615 1873 738 1913 δτροιδ-
758 1875 784 1913 ιε

119 1908 221 1948 πίνετο,
239 1907 386 1948 Quidquid
405 1908 441 1948 de
456 1907 577 1948 Juliapi:
597 1910 731 1938 castitate
758 1911 856 1948 dicant
884 1907 950 1948 ejus

123 1944 289 1983 adulatores
318 1945 504 1983 Ammianus,
536 1944 653 1983 Li_han._,_
675 1947 743 1977 etc..
759 1946 821 1982 ipse
836 1955 866 1974 sc
884 1944 948 1983 pro-

122 1981 165 2007 dit
180 1980 288 2021 Δςίεᾳρη
305 1988 333 2021 p_.
412 1984 440 2007 et
457 1981 603 2021 epistzfip.
633 1981 704 2021 Nam
720 1980 778 2009 etsi
803 1980 949 2019 legitimos

123 2023 181 2042 non
196 2015 331 2056 habuerit
346 2016 463 2050 liberos,
476 2015 644 2052 illegitimos
659 2019 757 2045 tamen
773 2015 950 2055 nonypaucos

145 2054 294 2078 recreavit.

123 2060 294 2087 procreavu.

158 2087 214 2123 (68)
236 2083 443 2123 _npolaﬁoﬁsa.
480 2087 556 2122 Reg.
591 2087 619 2122 Ι,
654 2087 786 2117 Montac.
821 2091 948 2119 Combef.

122 2119 326 2159 πρβελαὲιιῧεῑαο

158 2158 214 2192 (69)
230 2156 314 2184 Ἦλθε
328 2156 389 2193 γάρ,
404 2159 459 2184 etc.
482 2157 546 2184 Haec
571 2165 592 2193 7a
620 2157 705 2186 Billio
734 2160 809 2187 male
839 2161 950 2189 reddita

122 2192 274 2229 contendit
289 2192 491 2229 Combeﬁsius,
510 2195 538 2220 et
553 2192 594 2220 sic
609 2192 672 2229 ipse
686 2195 771 2222 vertit
783 2203 790 2222 :
802 2196 896 2224 «Nam
914 2197 948 2224 il-

120 2227 170 2268 luc
183 2236 302 2270 quoque
317 2236 348 2255 se
363 2228 496 2270 contplit,
511 2227 817 2270 stati'm‘jatquefrater
845 2232 947 2270 ipsius,

120 2263 171 2298 qui
188 2266 282 2291 Caesar
297 2268 410 2303 creatus
426 2264 529 2303 fuerat,
543 2263 702 2303 rebellavit,
719 2266 772 2294 hoc
788 2263 886 2303 ipsum
902 2263 949 2295 de;

121 2303 268 2340 precatus,
290 2299 368 2340 __v_el,_
382 2300 476 2335 ipsius
493 2300 588 2340 petita.
597 2300 749 2335 facultate;
766 2313 780 2328 »
797 2299 901 2340 nempe
917 2306 949 2332 ut

122 2335 202 2370 paris
218 2334 419 2364 rebellionis’a
433 2344 464 2363 se
480 2334 677 2371 suspicionem
702 2334 858 2368 amoveret.
869 2334 875 2340 ”
888 2340 949 2367 Vox

121 2371 199 2411 enim
216 2371 276 2406 illa,
287 2370 659 2411 νεωτερίζειν,ηεξη-ῖνίάθῒιιι·
670 2374 843 2411 Combeﬁsio
856 2376 947 2411 signi-

122 2406 219 2440 ficare,
236 2419 249 2431 α
268 2407 455 2435 rebellionem
472 2408 622 2444 cohibere;
640 2420 653 2432 ›ι
671 2410 732 2444 sed,
745 2421 758 2434 «
772 2406 947 2439 rebellisues—

122 2443 314 2480 se_;A»__sicut
330 2452 381 2471 nec
397 2444 463 2476 ista,
482 2442 604 2480 βασιλέα,
618 2444 652 2471 ad
665 2442 880 2478 Constantium,
897 2448 946 2475 sed

121 2478 158 2516 ad
173 2477 287 2516 Gallum
305 2481 458 2515 pertinere.
472 2477 577 2516 Verum,
591 2480 651 2507 hinc
664 2480 864 2516 interpretatio
876 2477 947 2510 lcum

119 2513 242 2551 historia
257 2513 418 2543 consentire
435 2516 546 2551 nequit.
558 2515 620 2542 Non
636 2517 714 2543 enim
729 2513 875 2550 Iulianus,
888 2522 946 2546 sta-

120 2549 174 2576 tim
190 2553 277 2585 atque
293 2559 451 2585 germanus
468 2549 555 2578 frater
570 2559 615 2578 res
632 2560 721 2580 novas
745 2549 873 2581 molitus
892 2558 946 2586 est.

121 2592 173 2621 seu
204 2586 361 2617 rebellavit.
382 2587 510 2614 Athenas
527 2595 556 2614 se
572 2587 713 2621 contulit;
731 2597 782 2616 nec
797 2590 897 2617 Gallus
913 2590 946 2617 il-

122 2620 170 2660 _l_uc
186 2622 274 2660 eundi
291 2622 457 2660 facultatem
475 2623 564 2660 dedit.
582 2623 611 2650 Id
628 2626 742 2651 constat
757 2634 790 2652 cx
805 2626 868 2660 ipso
892 2626 946 2653 Ju-

120 2656 208 2684 liano.
226 2658 273 2690 0r,
290 2659 326 2686 ad
337 2658 453 2693 Athen.,
470 2667 497 2694 p.
514 2659 576 2690 501,
593 2661 647 2686 etc.
661 2668 666 2692 ;
680 2668 710 2686 ex
724 2656 881 2694 Ammian.,
894 2662 945 2689 lib.

119 2700 165 2730 15v,
192 2701 219 2729 p.
236 2694 290 2730 73/1,
315 2703 348 2721 ex
364 2694 475 2725 Liban.,
489 2703 530 2721 or.
544 2702 581 2720 xu
594 2706 600 2726 ;
612 2702 646 2721 ex
657 2695 818 2730 Sozomen.,
831 2697 850 2724 l.
868 2707 892 2724 ν.
920 2706 943 2725 c.

119 2728 147 2761 2,
163 2730 217 2755 etc.
235 2729 326 2767 Igitur
340 2730 421 2767 Gallo
437 2732 547 2757 Caesare
562 2733 757 2767 exfarlictorato,
779 2728 854 2760 anno
882 2734 944 2767 354,

121 2771 222 2791 mense
241 2765 367 2797 Octobri.
385 2770 416 2794 ut
431 2769 576 2793 testantur
593 2766 718 2799 Idacius,
735 2768 877 2800 Socrates,
894 2765 944 2796 So;

118 2806 269 2836 _zomenus.
288 2802 441 2835 Eusebius,
459 2802 636 2836 Scaligcrus,
654 2803 798 2836 Petavius,
815 2808 869 2832 etc.
893 2806 944 2832 Ju-

119 2833 228 2873 lianus.
244 2837 384 2873 _Eusebim
400 2833 596 2873 imperatricis
611 2847 675 2873 ope,
692 2833 814 2868 crimine
828 2840 945 2868 absolu-

119 2871 180 2907 tus,
197 2878 230 2899 ac
244 2870 326 2907 liber,
343 2870 468 2901 Athenas
491 2874 574 2909 petiit
602 2870 697 2903 medio
726 2875 840 2904 circiter
870 2885 944 2904 anno

998 1020 1156 1058 πεφυκότων
1173 1020 1235 1056 περί
1262 1022 1345 1047 ταῦτα
1367 1021 1404 1051 εἷς
1432 1017 1478 1048 ὤν.
1502 1019 1580 1048 ’Δλλ¹
1601 1020 1686 1048 ἐποίει
1704 1031 1737 1057 με
1754 1031 1821 1055 μαν-

997 1065 1071 1092 τικὸν
1098 1066 1115 1099 ἡ
1140 1067 1188 1091 τοῦ
1208 1063 1291 1098 ἤθους
1317 1064 1469 1100 ἀνωμαλία,
1499 1064 1542 1091 καὶ
1566 1065 1597 1092 τὸ
1619 1065 1742 1103 περιττὸν
1773 1069 1822 1100 τῆς

1000 1109 1148 1139 ἐκστάσεως
1170 1111 1247 1145 (71)·
1279 1108 1352 1146 εἷ’περ
1375 1110 1470 1145 μάντις
1501 1110 1620 1146 ἄριστος,
1647 1109 1721 1141 ὅστις
1749 1109 1821 1137 εἰκά-

1001 1157 1053 1188 ζειν
1078 1155 1134 1190 (72)
1161 1152 1217 1180 οἶδε
1245 1152 1347 1184 καλῶς.
1373 1152 1487 1185 Οὐδενὸς
1510 1154 1561 1191 γὰρ
1588 1152 1674 1181 ἐδόκει
1706 1165 1753 1191 μοι
1777 1165 1824 1188 ση-

1002 1201 1076 1235 μεῖον
1091 1199 1157 1225 εἶναι
1174 1200 1298 1236 χρηστοῦ
1311 1198 1400 1235 αὐχὴν
1417 1198 1533 1236 ἀπαγὴς,
1555 1199 1626 1235 ὦμοι
1652 1198 1823 1236 παλλόμενοι

999 1243 1043 1270 καὶ
1073 1242 1290 1279 ἀνασηκούμινοι
1315 1244 1381 1278 (73),
1411 1241 1552 1281 ὀφθαλμὸς
1582 1240 1749 1279 σοϐούμενος
1778 1244 1822 1270 καὶ

999 1287 1223 1326 περιφερόμενος,
1255 1287 1300 1313 καὶ
1336 1287 1445 1322 μανικὸν
1482 1286 1601 1324 βλέπων,
1632 1286 1713 1318 πόδες
1747 1287 1824 1315 ἀστά-

999 1334 1104 1362 τοῦντες
1127 1331 1171 1359 καὶ
1198 1330 1422 1367 μετοκλάζοντες,
1449 1332 1554 1368 μυκτὴρ
1574 1329 1652 1369 ὕϐριν
1666 1331 1753 1359 πνέων
1777 1331 1821 1359 καὶ

999 1376 1204 1415 περιφρόνησιν,
1239 1376 1387 1413 προσώπου
1408 1376 1598 1413 σχηματισμοὶ
1627 1376 1819 1414 καταγέλαστοι

998 1421 1029 1448 τὸ
1059 1421 1122 1448 αὐτὸ
1158 1422 1282 1459 φέροντες
1321 1421 1388 1457 (74),
1429 1420 1547 1458 γέλωτες
1575 1420 1697 1458 ἀκρατεῖς
1719 1430 1748 1447 τε
1775 1419 1820 1447 καὶ

1002 1464 1217 1503 βρασμαϊώδιεις⁷
1256 1465 1357 1495 νεύσεις
1395 1465 1439 1491 καὶ
1478 1464 1628 1496 ἀνανεύσεις
1657 1464 1702 1491 σὺν
1732 1463 1820 1492 οὐδενὶ

1000 1509 1086 1548 λόγῳ,
1113 1510 1193 1547 λόγος
1225 1509 1366 1545 ἱστάμενος
1394 1509 1437 1536 καὶ
1465 1509 1632 1545 κοπτόμενος
1658 1510 1715 1545 (75)
1744 1508 1823 1536 πνεύ-

1001 1565 1075 1591 ματι,
1106 1555 1251 1592 ἐρωτήσεις
1278 1554 1388 1581 ἄτακτοι
1424 1553 1469 1581 καὶ
1502 1553 1634 1589 ἀσύνετοι,
1664 1553 1822 1591 ἀποκρίσεις

1000 1597 1076 1625 οὐδὲν
1103 1599 1207 1626 τούτων
1228 1598 1366 1634 ἀμείνους,
1391 1597 1528 1632 ἀλλήλαις
1552 1595 1763 1634 ἐπεμϐαίνουσαι
1778 1597 1823 1625 καὶ

1001 1643 1050 1670 οὐκ
1062 1643 1208 1679 εὐσταθεῖς,
1225 1641 1288 1670 οὐδὲ
1301 1642 1373 1678 τάξει
1388 1645 1531 1680 προϊοῦσαι
1547 1640 1724 1674 παιδεύσεως.

1037 1777 1095 1805 KA'.
1112 1776 1144 1805 Τί
1161 1775 1190 1803 ἂν
1206 1776 1239 1803 τὰ
1251 1776 1309 1807 καθ’
1322 1774 1432 1803 ἕκαστον
1459 1775 1612 1814 γράφοιμι;
1641 1778 1740 1803 Τοῦτον
1769 1777 1824 1813 (76)

1001 1822 1054 1858 πρὸ
1075 1823 1129 1848 τῶν
1152 1818 1239 1858 ἔργων
1266 1819 1428 1856 ἐθεασάμην,
1456 1819 1484 1847 ὅν
1510 1820 1554 1847 καὶ
1585 1820 1628 1847 ἐπὶ
1651 1822 1704 1847 τῶν
1739 1819 1825 1858 ἔργων

1004 1877 1066 1908 355,
1096 1883 1175 1908 cum,
1206 1883 1273 1902 mox
1296 1883 1313 1902 a
1329 1875 1428 1903 fratris
1442 1875 1530 1908 caede,
1546 1883 1644 1902 coram
1659 1874 1828 1903 Constantio

1004 1912 1188 1975 impegatorte,
1204 1911 1240 1938 ad
1257 1910 1369 1946 objecta
1384 1910 1441 1938 sibi
1456 1910 1580 1938 crimina
1599 1910 1754 1939 Mediolani
1783 1919 1829 1938 re-

1004 1956 1076 1975 snon
1100 1955 1157 1974 isse
1174 1969 1179 1974 .

1003 1948 1179 1976 snondisset.

1021 1957 1179 1984 ponoisset.

1040 1983 1096 2019 (70)
1111 1982 1280 2019 ’Eaui._Reg.
1297 1981 1348 2019 hu,
1364 1981 1383 2015 l,
1402 1981 1510 2019 aliique
1525 1981 1671 2019 nonnulli,
1684 1980 1781 2019 iacias.

1039 2016 1095 2055 (71)
1111 2018 1162 2045 Καὶ
1178 2017 1208 2044 τὸ
1223 2016 1346 2055 περιττὸν
1362 2016 1587 2055 τῆςᾷἰκστάσεως.
1604 2029 1618 2042 ι(
1635 2016 1668 2044 Et.
1682 2017 1830 2055 incompo-

1005 2053 1224 2094 situs‘corporis
1240 2053 1368 2081 habitus.
1385 2064 1399 2078 ››
1416 2053 1533 2094 Rectius
1549 2061 1648 2094 quam,
1664 2064 1692 2094 u-
1703 2053 1828 2094 incredi-

1004 2090 1072 2118 bilis
1089 2088 1195 2117 mentis
1222 2097 1370 2123 excessus,
1400 2100 1414 2114 ››
1445 2091 1476 2116 ut
1499 2088 1584 2116 vertit
1598 2088 1749 2122 Valesius;
1767 2090 1828 2122 aut.

1008 2126 1153 2160 «amotio,
1172 2137 1186 2150 ››
1216 2128 1247 2152 ut
1275 2125 1371 2152 reddit
1400 2124 1512 2152 Billius.
1545 2124 1656 2152 Etenim
1685 2125 1829 2160 exteriora

1004 2164 1087 2190 erant
1110 2170 1144 2189 ea
1158 2169 1192 2188 ex
1207 2160 1314 2196 quibus
1331 2161 1365 2187 de
1379 2160 1496 2188 Juliano
1512 2160 1553 2188 sic
1568 2159 1741 2195 conjiciebat
1756 2159 1828 2187 Gre-

1004 2198 1198 2233 goriusjuxta
1212 2196 1272 2233 haec
1287 2196 1442 2231 Scriptura
1458 2196 1567 2233 verba:
1583 2196 1704 2233 Amiclus
1731 2203 1828 2231 carpo-

1003 2232 1053 2266 i'z's,
1074 2236 1101 2261 et
1115 2232 1188 2260 risu:
1202 2232 1335 2265 dentium,
1351 2234 1377 2259 et
1392 2232 1532 2266 ingressu:
1546 2232 1668 2259 hominis
1683 2233 1829 2259 enuntiarit

1003 2269 1035 2296 de
1051 2269 1105 2296 illo
1121 2268 1217 2301 (Eccli.
1234 2276 1292 2299 xu,
1307 2268 1364 2300 27).

1021 2277 1035 2296 ε
1051 2276 1105 2296 mo
1121 2276 1217 2299 [αοειι.
1234 2276 1292 2299 XIX,
1307 2276 1364 2299 ΖΙ).

1037 2305 1092 2340 (72)
1110 2304 1242 2337 Εἷκάζειν.
1262 2304 1320 2331 Duo
1336 2305 1424 2339 Regg.
1441 2302 1488 2330 Or.
1506 2303 1532 2336 1,
1562 2302 1651 2330 Mont.
1679 2312 1723 2339 γρ.
1754 2301 1828 2329 εἰκά-

1020 2349 1053 2367 ει.

1005 2341 1094 2411 ζε(73)
1129 2373 1360 2411 ’Δνασηκούμενοι
1373 2376 1475 2411 .rMont
1491 2394 1497 2400 .
1530 2382 1563 2410 γρ
1581 2394 1587 2400 .
1618 2372 1810 2411 ἀνακοπτόμε-

1001 2409 1053 2438 νοι.
1072 2411 1118 2439 Sic
1134 2411 1276 2438 Socrates.
1292 2410 1425 2438 Valesius
1440 2409 1678 2445 interpretatur”
1690 2409 1828 2437 humeros

1002 2446 1133 2475 libratos.
1151 2457 1164 2472 »
1181 2447 1339 2479 Budzeus,«
1351 2445 1455 2473 vibrati
1471 2445 1507 2472 ad
1520 2444 1642 2472 modum
1659 2444 1750 2478 librae,
1761 2452 1828 2472 cum

1002 2482 1100 2510 lances
1129 2482 1259 2510 vicissim
1288 2482 1417 2509 subeunt
1431 2484 1459 2508 et
1475 2489 1592 2516 pessum
1608 2483 1689 2508 eunt.
1705 2492 1719 2506 ››
1737 2481 1828 2508 Mont.

1003 2521 1087 2554 putat
1099 2518 1152 2546 hoc
1163 2526 1227 2546 esse
1241 2518 1318 2554 quod
1332 2518 1372 2545 ait
1385 2517 1493 2554 Cicero,
1510 2528 1523 2541 α
1540 2519 1657 2554 gestum
1673 2525 1757 2552 agere
1772 2516 1829 2554 hu-

1003 2552 1101 2587 meris,
1118 2557 1146 2594 et
1161 2552 1378 2589 quodammodo
1394 2553 1428 2594 de
1442 2553 1528 2594 li_ntre
1543 2552 1622 2594 loqui
1634 2554 1750 2594 exserto
1772 2552 1827 2579 hu-

1002 2598 1092 2624 mero,
1121 2592 1149 2617 et
1169 2588 1292 2617 rursum
1322 2589 1407 2625 quasi
1435 2589 1472 2616 ad
1495 2588 1692 2624 aequilibrium
1709 2589 1828 2623 depres-

1001 2634 1044 2653 80.
1063 2637 1076 2650 υ

1017 2635 1093 2696 ⁰(7)Ι;)
1108 2659 1249 2698 Φέροντις.
1267 2661 1358 2689 Mont.
1373 2669 1417 2698 γρ.
1436 2660 1606 2698 φρονοῦντες,
1623 2667 1656 2686 ac
1672 2658 1713 2686 ita
1727 2659 1827 2686 Socra-

1015 2705 1092 2767 e:75)
1122 2731 1302 2768 Κοπτόμενος.
1319 2732 1412 2760 Mont.
1425 2740 1467 2768 γρ.
1484 2729 1726 2767 περικοπτόμενος,
1744 2732 1773 2757 et
1788 2729 1829 2757 ita

1001 2769 1213 2839 Ξοὲἵιᾶιῗῗῢτον.
1239 2805 1327 2832 Mont.
1357 2813 1400 2840 γρ.
1428 2803 1564 2837 τοιοῦτον,
1594 2810 1626 2830 ac
1655 2801 1696 2829 ita
1724 2798 1826 2829 secra-

998 2841 1053 2868 tes.
