4148 6290
363 385 481 446 693

1359 383 1652 446 ORATIO
1696 385 1771 444 V.
1807 417 1884 427 —
1913 383 2221 445 CONTRA
2267 383 2663 445 JULIANUM
2704 384 2781 444 II.

3659 382 3782 444 694

363 513 648 591 ἐγνώρισα.
707 512 808 568 Καὶ
864 510 919 568 εἶ’
971 533 1064 586 μοι
1111 515 1358 590 παρῆσάν
1407 535 1545 576 τινες
1577 517 1685 568 τῶν
1713 519 2001 583 τηνικαῦτα

2124 520 2326 586 postea
2355 515 2734 588 deprehendi.
2767 516 2928 582 Quod
2961 515 3010 572 si
3039 517 3134 586 qui
3167 532 3236 573 ex
3263 516 3358 584 iis,
3390 515 3492 588 qui
3539 519 3666 572 tum
3697 516 3778 572 Ii-

361 604 628 660 συνόντων
659 602 749 657 καὶ
782 603 1212 667 ἀκουσάντων,ού
1235 602 1493 678 χαλεπῶς
1529 603 1586 656 ἂν
1612 603 2011 677 ἐμαρτύρησα-γ

364 693 466 761 οἷς,
500 689 689 761 ἐπειδὴ
717 696 883 746 ταῦτα
915 691 1237 764 ἐθεασάμην.
1273 691 1425 754 εὒους
1474 691 1828 769 ἐφθεγξάμην·
1881 691 2011 748 Οἶον

360 782 522 836 κακὸν
556 783 590 850 ἡ
624 780 910 852 Ῥωμαίων
945 783 1058 854 (77)
1090 781 1267 858 τρέφει
1297 783 1308 835 l
1341 781 1430 833 καὶ
1462 779 1870 855 προαγορεύσεις
1902 782 2014 853 (78)

361 871 448 926 καὶ
479 869 718 946 γενέσθαι
752 868 1116 943 ψευδόμαντις
1150 869 1388 941 ἐμαυτοῦ
1435 869 1830 942 κατευξάμενος
1878 871 2010 942 (79).

359 966 615 1035 Κρεῖσσον
650 959 753 1035 γὰρ
784 960 819 1028 ἢ
852 958 1058 1014 τούτων
1089 961 1200 1030 (80)
1233 957 1546 1028 πλησθῆναι
1564 959 1663 1027 τὴν
1686 957 2011 1030 οἰκουμένην

360 1054 562 1118 κακῶν,
620 1048 709 1102 καὶ
770 1052 1016 1102 τοιοῦτον
1077 1047 1409 1124 ἀναφανῆναι
1465 1049 1644 1123 τέρας,
1698 1049 1811 1101 οἷον
1858 1046 2014 1100 οὒπω

361 1137 624 1214 πρότερον
658 1139 770 1210 (81)
796 1156 808 1169 ·

358 1249 490 1296 νων,
541 1224 770 1280 πολλῶν
829 1224 882 1280 δέ
911 1226 1277 1300 ἐμπρησμῶν,
1309 1227 1397 1279 καὶ
1435 1226 1691 1302 βρασμῶν
1755 1228 1857 1298 (82)
1889 1232 2012 1300 γῆς’

360 1317 450 1372 καὶ
497 1317 819 1391 χασμάτων,
874 1312 950 1369 ἔτι
1006 1313 1062 1368 δὲ
1101 1311 1309 1389 ἀνδρῶν
1369 1313 2013 1389 ἀπανθρωποτάτων

360 1403 448 1459 καὶ
495 1403 699 1474 θηρίων
765 1401 1082 1458 ἀλλοκότων
1133 1424 1192 1457 τε
1239 1402 1327 1456 καὶ
1374 1401 1659 1472 συνθέτων,
1695 1403 1766 1456 ὧν
1795 1405 1829 1471 ἡ
1858 1402 2014 1479 φύσις

358 1491 747 1565 έκαινοτόμησε
777 1495 909 1566 (84).
970 1491 1143 1564 Ταύτῃ
1182 1513 1265 1545 τοι
1317 1491 1405 1544 καὶ
1449 1489 1610 1553 τέλος
1663 1492 1806 1563 ἄξιον
1851 1490 2011 1565 ἠνέγ-

358 1603 489 1637 κατο
520 1589 618 1651 τῆς
663 1581 956 1642 ἀπονοίας.
1007 1580 1230 1635 ἐνταῦθα
1283 1580 1443 1654 μόνον
1496 1579 1594 1634 οὐκ
1635 1579 2011 1653 ἀνασχομένου

357 1675 454 1725 τοῦ
509 1675 642 1726 Θεοῦ
688 1677 788 1740 τῆς
835 1671 1096 1740 συνήθους
1154 1669 1550 1744 μακροθυμίας,
1608 1665 1726 1723 ἔνθα
1773 1669 2010 1731 πολλοῖς

355 1759 519 1813 κακὸν
578 1760 644 1826 ἦν
692 1760 754 1813 τὸ
799 1757 1204 1836 φιλάνθρωπον,
1254 1759 1343 1812 καὶ
1393 1756 1611 1826 πολλὴν
1667 1757 1758 1827 μὶν
1810 1754 2010 1830 ἔμελλε

863 1135 1089 1191 πολλῶν
1147 1136 1238 1207 μὶν
1289 1133 1636 1209 έπεκλυσμῶν
1681 1135 2019 1210 Θρυλλουμέ·

2122 604 2242 658 mul
2275 609 2460 672 erant,
2495 609 2667 676 atque
2698 605 3034 674 audiebant,
3068 605 3212 660 mihi
3239 621 3392 660 nunc
3435 610 3644 677 prasto
3673 621 3768 661 es-

2126 697 2275 758 sent,
2303 693 2457 747 haud
2489 711 2640 766 sagre
2671 694 3074 749 testimonium
3100 694 3459 749 exhiberent.
3487 694 3568 748 Ad
3595 708 3770 766 quos,

2128 784 2192 836 ut
2212 781 2332 835 hzec
2360 783 2653 853 conspexi,
2675 784 2874 837 statim
2899 782 2990 837 his
3011 783 3204 838 verbis
3227 799 3372 839 usus
3393 798 3526 838 sum
3550 798 3562 838 :
3589 781 3773 850 Qnan-

2128 877 2240 924 tum
2267 871 2480 925 malum
2508 872 2618 925 sibi
2645 871 2751 926 alit
2781 875 3086 927 Romanum
3128 872 3471 942 imperium!
3500 870 3774 943 prefatus

2125 957 2279 1024 licet,
2314 976 2379 1015 ac
2416 961 2578 1025 mihi,
2615 965 2679 1014 ut
2712 959 2893 1014 falsus
2935 966 3096 1017 vates
3147 977 3360 1027 essem,
3395 961 3775 1033 imprecatus.

2126 1048 2527 1102 Prtestabilius
2558 1049 2711 1102 enim
2747 1048 2804 1103 id
2839 1049 3049 1117 fuerat,
3077 1065 3250 1121 quam
3281 1049 3464 1104 tantis
3494 1048 3669 1105 malis
3690 1065 3776 1104 or-

2124 1137 2256 1191 bem
2289 1142 2575 1192 terrarum
2600 1137 2676 1192 im
2689 1136 3089 1208 pleri,taleque
3116 1143 3445 1193 monstrum
3469 1138 3770 1204 exsistere.

2126 1225 2296 1297 quale
2319 1242 2620 1295 nunquam
2652 1231 2824 1280 antea
2845 1227 3035 1280 visum
3060 1226 3274 1293 fuerat;
3301 1226 3529 1282 etiamsi
3553 1225 3772 1298 alioqui

2125 1315 2341 1368 diluvia
2393 1314 2594 1382 multa,
2628 1319 2684 1369 et
2735 1314 3005 1369 incendia
3063 1315 3266 1382 multa,
3298 1320 3580 1386 terraque
3615 1314 3776 1372 velut

2125 1402 2516 1466 ebullitiones,
2555 1407 2608 1456 ct
2637 1403 2855 1467 hiatus,
2875 1419 2940 1457 ac
2964 1404 3132 1459 multi
3167 1405 3406 1475 insuper
3435 1403 3771 1460 crudelissi-

2124 1492 2204 1544 mi
2236 1491 2524 1554 homines,
2560 1489 2880 1561 belluasque
2914 1492 3280 1563 prodigiosos,
3301 1498 3356 1548 et
3385 1509 3453 1547 ex
3479 1492 3656 1550 variis
3680 1508 3772 1566 ge-

2123 1580 2360 1634 neribus
2394 1580 2675 1648 conflatm,
2702 1597 2846 1650 quas
2881 1585 3086 1635 natura
3109 1598 3254 1636 novo
3287 1598 3446 1636 more
3477 1581 3767 1652 produxit,

2122 1685 2389 1723 sermone
2414 1671 2732 1738 jactentur.
2753 1672 2830 1723 Ac
2855 1670 3097 1739 proinde
3120 1671 3295 1724 ﬁnem
3319 1686 3552 1741 quoque
3576 1685 3771 1727 amen-

2120 1758 2202 1812 tia
2232 1775 2339 1812 sua
2371 1759 2614 1828 dignum
2651 1757 2788 1812 tulit
2820 1775 2833 1811 :
2861 1758 2976 1813 Deo
3008 1759 3100 1814 hic
3132 1758 3322 1814 solum
3357 1763 3634 1814 consueta
3663 1776 3772 1816 sua

356 1843 600 1923 παρέξειν
656 1845 885 1919 ἀθυμίαν
932 1851 1049 1908 τοῖς
1106 1848 1450 1918 κατορθοῦσι,
1509 1845 1725 1914 πολλὴν
1786 1844 1842 1899 δέ
1893 1851 2001 1907 τοῖς

2125 1863 2187 1902 ac
2218 1847 2394 1917 longa
2426 1846 2707 1916 patientia
2737 1847 2822 1900 uti
2871 1864 2985 1902 non
3036 1847 3385 1914 sustinente,
3421 1847 3519 1903 ubi
3564 1846 3768 1904 multis

356 1936 723 2012 ἁμαρτάνουσι
773 1935 1195 2013 καταφρόνησιν·
1253 1936 1324 1996 ὡς
1383 1935 1480 1989 οὐκ
1537 1934 1840 2012 ἐφορῶντος
1889 1938 2004 2008 (85)

356 2022 570 2086 οὐδενὸς
628 2025 696 2079 τὰ
753 2023 1014 2100 ἡμέτερα,
1057 2021 1181 2078 οὐδὲ
1240 2023 1407 2094 οὔσης
1462 2023 1610 2086 τινὸς
1636 2019 2008 2098 κυϐερνήσεως

353 2113 388 2183 ἢ
447 2110 769 2175 ἀντιδόσεως
818 2116 956 2185 (86),
1015 2111 1161 2168 ἀλλὰ
1218 2117 1314 2168 τοῦ
1344 2113 1656 2185 αὐτομάτου
1685 2111 1746 2167 τδ
1779 2119 1878 2166 πᾶν
1914 2112 2003 2190 φέ-

354 2201 542 2278 ροντός
596 2223 654 2258 τε
700 2201 789 2256 καὶ
841 2201 1256 2278 περιτρέποντος
1284 2222 1295 2234 ·
1332 2203 1360 2257 ὃ
1395 2199 1629 2264 διανοίας
1663 2201 1771 2255 ἐστὶ
1828 2223 2003 2271 πονη-

352 2296 446 2366 ρᾶς
501 2291 593 2348 καὶ
653 2288 774 2344 λίαν
838 2289 1151 2368 ἐπισφαλῶς
1211 2290 1471 2364 περὶτῶν
1507 2289 1773 2365 μεγίστων
1803 2287 2003 2343 διακει-

355 2379 538 2453 μένηςο

2118 1935 2447 2007 perniciosa
2479 1936 2674 1989 futura
2703 1939 2826 1990 erat
2856 1941 3161 2008 prorogata
3181 1936 3536 2007 benignitas,
3557 1953 3622 1991 ac
3644 1941 3765 1992 tum

2119 2025 2190 2079 iis
2213 2025 2308 2094 qui
2331 2025 2572 2080 honeste
2594 2029 2649 2077 ct
2669 2041 2736 2079 ex
2753 2024 2942 2079 ofﬁcio
2961 2026 3163 2080 vivunt
3180 2026 3360 2080 animi
3383 2025 3764 2095 dejectionem

2119 2112 2382 2175 multam,
2417 2117 2539 2166 tum
2576 2113 2952 2183 peccantibus
2983 2119 3379 2184 contemptum
3413 2119 3470 2169 et
3499 2113 3765 2186 petulan-

2114 2203 2255 2256 tiam
2291 2220 2403 2256 non
2432 2219 2665 2273 parvam
2690 2202 2974 2256 allatura:
3002 2208 3281 2273 tanquam
3305 2202 3574 2259 videlicet
3590 2219 3762 2259 nemo

2114 2296 2266 2346 esset
2298 2291 2398 2362 qui
2431 2308 2522 2345 res
2558 2296 2787 2345 nostras
2820 2291 3151 2360 inspiceret,
3183 2291 3536 2363 praemiaque
3566 2295 3623 2346 et
3643 2308 3762 2363 pm-

2115 2396 2219 2434 nas
2244 2380 2452 2450 cuique
2477 2396 2578 2450 pro
2603 2380 2808 2434 merito
2832 2380 3295 2450 rependeret,sed
3322 2385 3540 2436 temere
3560 2397 3628 2436 ao
3649 2381 3764 2438 for-

347 2471 498 2526 tuito
530 2469 789 2525 mundus
822 2469 1088 2537 ferretur,
1113 2473 1169 2523 et
1189 2468 1550 2537 volveretur;
1585 2470 1739 2540 quod
1774 2487 1959 2540 prava:
1991 2470 2206 2524 mentis
2238 2474 2344 2536 est,
2369 2469 2652 2540 valdeque
2685 2468 3006 2540 periculose
3026 2470 3098 2524 de
3127 2470 3400 2525 maximis
3429 2470 3600 2525 rebus
3630 2485 3763 2524 sen-

348 2558 573 2614 tientis.

421 2647 539 2702 KE'.
571 2649 746 2699 Ταῦτα
800 2648 907 2699 τῶν
971 2642 1279 2699 Γαλιλαίων
1331 2647 1514 2719 ἡμῶν,
1552 2649 1720 2700 ταῦτα
1748 2650 1853 2698 τῶν
1888 2645 2000 2699 ἀτί-

354 2755 468 2808 μων
495 2737 561 2789 τὰ
594 2730 933 2808 διηγήματα·
969 2737 1134 2787 ταῦτα
1161 2734 1212 2787 οἱ
1244 2733 1335 2788 τὸν
1378 2733 1784 2809 ἐσταυρωμένον
1831 2754 1997 2808 προσ-

348 2827 631 2884 κυνοῦντες
692 2825 878 2894 ἡμεῖς,
932 2819 1098 2876 ταῦτα
1155 2823 1207 2875 οἱ
1262 2827 1368 2876 τῶν
1409 2822 1606 2878 ἀλιέων
1645 2823 1877 2895 μαθηταὶ
1909 2822 1998 2876 καὶ

347 2915 454 2966 τῶν
513 2909 874 2976 ἀπαιδεύτων,
941 2911 1014 2972 ὡς
1075 2909 1227 2964 αὐτοὶ
1289 2910 1531 2986 λέγουσι’
1584 2916 1749 2966 ταῦτα
1780 2911 1831 2965 οἱ
1884 2917 1999 2972 τοῖς

349 2997 618 3073 γραϊδίοις
677 2999 1147 3075 συγκαθεζόμενοι,
1206 2998 1297 3054 καὶ
1346 2999 1783 3074 συμψάλλοντες·
1833 3005 1999 3054 ταῦτα

2183 2647 2336 2702 163
2370 2647 2529 2702 XXV.
2569 2648 2658 2700 Ha:
2693 2651 2926 2712 nostrae,
2963 2647 3067 2701 hoc
3110 2651 3217 2716 est,
3243 2646 3638 2702 Galilaalorum
3673 2646 3758 2702 ha:

2113 2740 2580 2805 contemptorum
2629 2741 2684 2790 et
2736 2736 3096 2805 abjectorum
3130 2735 3437 2791 hominum
3477 2735 3761 2792 narratio-

2114 2842 2239 2879 nes.
2279 2826 2403 2879 Haec
2439 2842 2562 2886 nos,
2601 2824 2699 2895 qui
2730 2825 3085 2878 Cruciﬁxum
3129 2825 3483 2880 adoramus:
3518 2824 3640 2880 haec
3669 2823 3762 2896 pi-

2112 2918 2428 2978 scatorum,
2463 2919 2539 2978 et,
2567 2918 2630 2966 ut.
2664 2913 2772 2983 ipsi
2807 2913 2992 2979 aiunt,
3020 2913 3426 2983 imperitorum
3460 2911 3760 2984 diseipuli.

2110 3003 2237 3056 Haec
2269 3019 2393 3067 nos,
2431 3002 2530 3072 qui
2580 3018 2712 3054 cum
2747 3001 2955 3054 vetulis
2999 3001 3275 3057 sedemus
3322 3007 3377 3056 et
3425 3001 3759 3073 psallimus.

353 3088 410 3141 οἱ
441 3093 559 3148 ταῖς
618 3094 843 3159 μακραῖς
899 3087 1170 3158 νηστείαις
1221 3087 1607 3164 έκτετηγμένοι
1646 3089 1735 3143 καὶ
1766 3091 1999 3161 ἡμιθνῆ-

2122 3090 2242 3144 Haec
2275 3107 2381 3145 nos
2415 3090 2602 3161 longis
2641 3090 2885 3158 jejuniis
2937 3090 3204 3157 confecti,
3239 3106 3304 3145 ac
3358 3089 3756 3146 semianimes.

349 3197 435 3238 τες
471 3179 600 3249 (87)·
633 3181 794 3231 ταῦτα
825 3179 875 3232 οἱ
913 3178 1086 3252 μάτην
1121 3178 1511 3254 ἀγρυπνοῦντες
1543 3180 1728 3252 ἡμεῖς,
1761 3180 1850 3232 καὶ
1881 3184 1998 3239 ταῖς

344 3264 642 3341 παννύχοις
723 3267 934 3320 στάσεσι
1008 3266 1476 3342 παραληροῦντες,
1531 3261 1620 3322 καῖὶ
1678 3268 1817 3340 ὑμᾶς
1888 3270 2000 3339 (88)

343 3349 798 3416 καταϐάλλοντες.
851 3359 960 3410 Ποῦ
1006 3355 1136 3409 εἰσιν
1167 3357 1218 3409 οἱ
1249 3356 1618 3432 γραμματικοί
1654 3360 1758 3410 ποῦ
1791 3355 1921 3410 εἰσιν
1947 3357 1999 3409 οἱ

345 3438 652 3516 συμϐουλοι
683 3463 696 3513 ;
731 3445 825 3498 Ἐκ
855 3447 963 3498 τῶν
995 3445 1121 3519 παρ’
1151 3447 1286 3513 ἡμῖν
1315 3465 1459 3507 τινος
1495 3444 1729 3522 ἀσόφων,
1762 3445 1834 3506 ὡς
1867 3449 1996 3519 γοῦν

347 3532 471 3605 ὑμῖν
505 3529 676 3604 δοκεῖ,
711 3528 978 3604 λαμϐάνω
1034 3534 1124 3588 τὸν
1187 3533 1472 3590 ἐπινίκιον.
1533 3532 1646 3588 Ποῦ
1694 3535 1749 3588 αἱ
1800 3533 1996 3602 θυσίαι,

343 3621 432 3675 καὶ
474 3619 708 3691 τελεταὶ,
769 3621 857 3675 καὶ
913 3623 1221 3696 μυστήρια;
1269 3627 1374 3676 ποῦ
1434 3625 1633 3699 σφάγια
1690 3624 1886 3700 φανερά
1941 3642 1998 3676 τε

343 3709 432 3763 καὶ
491 3709 708 3786 ἀφανῆς
767 3713 871 3764 ποῦ
929 3709 1096 3784 τέχνη
1158 3711 1292 3765 κατὰ
1335 3715 1442 3766 τῶν
1475 3711 1714 3785 ἑντόμων
1748 3711 1996 3765 ἐπαινου-

349 3797 480 3869 μένη
539 3800 690 3872 (89);
750 3801 856 3851 ποῦ
911 3799 1155 3873 τερατεία
1223 3800 1582 3876 προγνώσεως
1648 3800 1736 3854 καὶ
1795 3805 1997 3872 σημεῖα

346 3885 794 3962 ἰγγαστριμύθων
822 3905 835 3954 ;
867 3891 973 3940 ποῦ
1005 3882 1265 3944 Βαϐυλὼν
1290 3892 1324 3958 ἡ
1351 3887 1560 3959 ἔνδοξος
1583 3889 1994 3964 θρυλλουμένη,

340 3974 428 4029 καὶ
461 3975 756 4048 οἰκουμένη
788 3981 931 4029 πᾶσα
972 3978 1370 4051 περινοουμένη
1585 3975 1653 4030 δι’
1689 3975 1876 4052 ὀλίγου
1906 3978 1994 4031 καὶ

340 4063 559 4140 ἐναγοῦς
608 4061 873 4136 αἷ¹ματος;
911 4069 1026 4121 ,ποῦ
1085 4062 1141 4119 δὲ
1191 4067 1244 4120 οἱ
1276 4065 1327 4120 ἐν
1375 4067 1447 4136 τῇ
1477 4065 1601 4141 χερὶ
1632 4065 1993 4144 κρατοέύμενοι

345 4153 540 4229 Πέρσαι
600 4152 688 4207 καὶ
741 4151 968 4224 Μῆδοι;
1028 4159 1134 4208 ποῦ
1194 4152 1251 4209 δὲ
1291 4156 1343 4209 οἱ
1400 4155 1854 4231 προπεμπόμενοι
1905 4156 1994 4208 καὶ

338 4242 801 4314 παραπάμποντες
856 4244 992 4315 (91),
1046 4241 1135 4297 καί
1184 4243 1662 4319 προπολεμοῦντες
1714 4244 1803 4298 καὶ
1862 4265 1996 4316 συμ-

410 4331 454 4366 ⁸⁸
487 4331 596 4387 Isa.
627 4348 826 4399 xxxm,
863 4333 961 4401 18;
991 4333 1011 4387 Ι
1043 4335 1171 4388 Cor.
1207 4351 1247 4404 1,
1278 4335 1369 4390 20.
1446 4335 1491 4369 σθ
1521 4339 1544 4388 Ι
1573 4335 1702 4391 Cor.
1733 4353 1790 4406 x,
1821 4337 1912 4388 20.

411 4417 526 4543 (77)
557 4419 645 4502 '_H.
679 4418 990 4490 Ῥωμαίων.
1058 4421 1299 4493 Nempe,
1345 4421 1620 4504 ποΑιτεία,
1669 4423 1776 4490 vel,
1834 4423 1994 4497 βασι-

342 4488 406 4567 λι
431 4511 482 4545 α.
519 4491 746 4567 Billius,
769 4513 797 4541 ‹‹
829 4493 1228 4548 Romanorum
1260 4510 1440 4567 regio,
1469 4516 1490 4545 ι
1529 4497 1682 4566 quod
1714 4495 1996 4552 Combefi-

345 4563 432 4619 sio
465 4579 581 4618 non
613 4562 821 4634 placet.

411 4635 537 4722 (78)!
559 4632 992 4708 Προαγορεύσας.
1026 4634 1111 4691 Ita
1141 4634 1406 4707 plerique
1447 4637 1615 4693 codd.
1643 4637 1792 4692 Edit.
1824 4655 1992 4710 προσ-

342 4724 643 4760 αγοοευσας
665 4749 677 4760 .

377 4724 976 4860 Τξξὲἷῗξτἐυὲάμενος.
1027 4776 1208 4860 tuom.
1259 4796 1363 4860 χρ.
1413 4777 1771 4860 κατευέάμην.
1831 4779 1995 4834 Unde

342 4847 612 4906 Valesius
640 4866 652 4904 :
683 4871 711 4898 «
737 4849 1000 4924 Quinque
1031 4847 1089 4903 id
1121 4847 1544 4921 praediXissem,
1565 4847 1772 4917 Deum,
1793 4868 1993 4924 preca-

343 4926 442 4978 tus
473 4936 604 4975 sum
638 4926 702 4975 ut
731 4919 918 4975 falsus
947 4925 1108 4976 vates
1123 4919 1353 4978 essem.
1392 4945 1419 4972 ››

439 4992 531 5060 80)
562 4990 798 5046 Τούτων.
828 4992 966 5046 Mss.
1004 4995 1380 5050 communius
1408 4991 1690 5048 τοιούτων.

443 5063 536 5129 81)
568 5062 856 5136 Πρότερον.
892 5061 1093 5136 Plures
1129 5081 1271 5120 mss.
1305 5067 1552 5131 addunt,
1584 5065 1675 5133 ἦν.

420 5135 528 5205 (82)
562 5135 850 5209 Βρασμῶν,
910 5135 1342 5209 VertitVales.
1408 5162 1434 5189 «
1495 5143 1662 5193 terra:
1718 5141 1995 5192 motus.»

348 5207 619 5278 moxque,
653 5230 681 5258 ‹‹
717 5207 787 5262 ad
823 5207 942 5260 haec
974 5207 1280 5263 hominum
1313 5211 1648 5266 inhumanae
1682 5209 1903 5282 species
1932 5223 1998 5262 ac

347 5277 639 5335 belluinaa.
675 5279 805 5333 fera:
836 5277 1112 5335 denique.
1150 5303 1170 5330 ι
1209 5284 1317 5335 etc.

472 5295 639 5346 ulna),
675 5294 805 5333 tera:
836 5294 1112 5346 denique,
1150 5303 1170 5330 ι
1209 5294 1317 5336 etc.

417 5294 639 5346 lumnas,
675 5294 805 5333 tera:
836 5294 1112 5348 denique,
1150 5303 1170 5330 ι
1209 5294 1317 5336 etc.

569 5349 1126 5422 Ἀπανθρωποτάτων.
1183 5350 1267 5407 Ita
1325 5369 1528 5409 omnes
1585 5351 1855 5422 codices.
1891 5351 1998 5406 L0-

347 5436 452 5543 sua,
484 5421 576 5477 hic
609 5421 850 5477 omnino
903 5425 1212 5492 corruptus
1269 5423 1328 5478 in
1383 5425 1616 5480 Socrate
1666 5423 1794 5479 Par.
1835 5421 2000 5476 ἀπαν-

384 5509 610 5543 οωπων.

418 5511 584 5546 ωπων
597 5535 610 5548 ο

670 5560 826 5638 φύσις
876 5559 1290 5638 ἐκαινοτόμησε.
1351 5565 1618 5637 Quinque
1670 5566 1846 5638 Regg.
1902 5564 1997 5620 Or.

350 5632 403 5699 1,
431 5632 434 5633 ⁷
483 5632 625 5694 ύσεις
652 5632 1154 5703 κάινοτομηθεῖσαι.

425 5653 538 5761 ((85)
567 5706 653 5761 Ὠς
685 5704 785 5759 οὐκ
813 5703 1141 5761 ἀφορῶντος.

567 5689 653 5767 Ὧς
685 5704 785 5780 οὐχ
813 5689 1141 5780 ἰφξρῷντος,
1185 5708 1295 5762 etc.
1349 5706 1704 5767 Claudianus
1734 5708 2001 5764 eamdem

2122 5709 2226 5762 bet.
2260 5714 2314 5761 ct
2346 5689 2603 5771 vertitf'i}
2639 5703 2744 5780 Dii
2784 5689 2864 5754 illi
2912 5689 3151 5756 honoris
3202 5717 3380 5756 causa
3417 5698 3674 5766 deducti,
3703 5699 3763 5754 et

353 5773 473 5835 fere
502 5773 864 5836 sententiam"
887 5773 1063 5834 habet
1094 5795 1108 5834 :

2115 3181 2239 3233 Hinc
2277 3197 2401 3244 nos,
2438 3178 2536 3248 qui
2575 3179 2790 3231 frustra
2822 3177 3156 3249 vigilamus,
3189 3184 3366 3250 atque
3417 3180 3476 3232 in
3529 3185 3760 3234 noctur-

2114 3271 2202 3320 uis
2236 3267 2589 3322 stationibus
2638 3283 2951 3337 nugamur,
2983 3272 3039 3321 et
3071 3272 3268 3321 tamen
3302 3283 3401 3321 vos
3433 3267 3762 3338 prosterni-

2111 3357 2374 3411 mus.Ubi
2409 3360 2546 3409 sunt
2577 3356 2943 3425 grammatici
2975 3356 3108 3408 Pubi
3144 3355 3460 3410 consiliarii
3482 3355 3570 3410 ⁶⁸Ῠ
3601 3356 3758 3412 Libet

2109 3446 2263 3499 enim
2288 3446 2359 3498 ab
2383 3444 2745 3498 indoctorum
2768 3444 3120 3498 nostratium
3144 3445 3494 3515 quodam,ut
3515 3445 3756 3516 quidem

2108 3536 2270 3588 vobis
2300 3535 2546 3598 videtur,
2581 3532 2996 3602 triumphalem
3032 3533 3316 3604 hymnum
3363 3533 3600 3587 mutari.
3649 3531 3752 3588 Ubi

2109 3623 2414 3686 sacrificia,
2440 3628 2496 3676 et
2528 3639 2711 3686 sacra,
2733 3626 2790 3675 et
2815 3621 3090 3693 mysteria
3114 3623 3159 3656 ⁶⁹
3181 3623 3206 3674 ?
3239 3622 3335 3675 ubi
3367 3621 3614 3676 victima:
3637 3626 3757 3676 tam

2108 3718 2319 3782 apertae
2370 3728 2544 3781 quam
2596 3711 2881 3765 occultae?
2916 3711 3013 3765 ubi
3065 3711 3416 3782 aruspicinae
3463 3727 3578 3779 ars,
3631 3727 3762 3782 quae

2107 3802 2276 3856 laude
2330 3818 2394 3853 ac
2439 3800 2846 3869 pi'mdicatione
2896 3800 3178 3853 effertur?
3229 3800 3324 3852 ubi
3378 3799 3753 3869 prtescientia

2108 3891 2351 3954 vanitas,
2386 3896 2441 3942 et
2493 3888 2992 3957 ventriloquorum
3051 3887 3254 3958 signa?
3306 3888 3402 3941 ubi
3451 3886 3610 3942 clara
3658 3885 3760 3943 illa

2108 3977 2359 4049 Babylon
2396 3993 2662 4030 sermone
2688 3977 2999 4039 celebrata,
3034 3981 3090 4028 et
3121 3976 3432 4030 universus
3465 3981 3752 4032 terrarum

2105 4067 2262 4120 orbis
2289 4083 2387 4135 per
2411 4065 2686 4133 exiguum
2708 4070 2764 4117 et
2787 4065 3208 4118 exsecrandum
3229 4063 3578 4135 sanguinem
3603 4064 3757 4136 cogi-

2105 4155 2321 4209 tatione
2357 4157 2660 4222 perceptus
2684 4152 2710 4205 ‘I
2750 4151 2845 4205 ubi
2882 4151 3065 4205 Persae
3097 4151 3180 4206 illi
3211 4155 3267 4206 et
3295 4151 3464 4215 Medi,
3498 4153 3598 4223 qui
3629 4169 3752 4207 ma-

2106 4244 2284 4298 nibus
2310 4240 2696 4295 tenebantur?
2731 4239 2827 4293 ubi
2861 4239 2940 4293 dii
2975 4239 3079 4307 illi,
3114 4240 3214 4310 qui
3249 4241 3531 4310 praeibant
3560 4245 3620 4297 et
3653 4242 3754 4314 qui

2246 4421 2402 4488 Saepe
2429 4419 2573 4471 mihi
2602 4417 2824 4471 dubiam
2854 4420 3028 4472 traxit
3057 4419 3333 4472 sententia
3360 4422 3597 4474 mentem

2250 4494 2521 4546 Curarent
2554 4491 2754 4558 Superi
2784 4494 2976 4555 terras,
3011 4506 3083 4542 an
3112 4491 3302 4544 nullus
3334 4492 3529 4545 inesset

2246 4565 2454 4628 Hector,
2490 4571 2539 4616 et
2573 4563 2779 4614 incerto
2809 4562 3041 4630 ﬂuerent
3071 4562 3331 4616 mortalia
3358 4578 3526 4616 cursu

2175 4707 2286 4775 (86)
2353 4698 2729 4761 Ἀντιδόσεως.
2812 4702 2950 4773 Reg.
3014 4703 3115 4770 hu,
3203 4703 3366 4758 Pass.
3453 4697 3752 4755 ἀνταποδό-

2103 4797 2259 4835 σεως.

2177 4850 2283 4920 (87)
2316 4846 2660 4920 ’Πμιθνῇτες
2697 4842 2853 4920 colli.
2888 4845 2944 4909 k,
2979 4844 3297 4915 ἡμιθνῆτοι.

2178 4916 2286 4990 (88)
2317 4922 2497 4986 Ὑμᾶς.
2537 4918 2698 4990 llerv.
2732 4916 2897 4990 ἡμᾶς.

2180 4983 2290 5062 (89)
2324 4983 2742 5076 ’ίέπαεχουμένηε
2778 4983 2871 5041 Sic
2894 4987 3074 5076 chg.
3109 4989 3356 5076 septem,
3405 4983 3564 5076 Coljb.
3613 4988 3756 5068 ιιιοε,

2106 5056 2282 5118 Pass.
2306 5069 2414 5116 etc.
2471 5056 2661 5123 Pauci,
2713 5056 3091 5126 ἐπινοουμένη.
3131 5079 3157 5110 α
3193 5059 3302 5112 Ars
3334 5073 3460 5129 quae
3490 5056 3562 5112 de
3593 5057 3759 5115 caesis

2108 5136 2254 5191 extis
2287 5151 2349 5187 ac
2383 5131 2712 5186 uisceribus
2743 5130 3068 5200 excogitata
3098 5132 3203 5184 est.
3244 5150 3293 5182 υ.

2178 5208 2291 5276 (90}
2326 5201 2782 5277 Hagwoouuém.“
2821 5199 2985 5277 Orbis
3013 5201 3320 5277 universus
3352 5199 3531 5277 animi
3561 5199 3632 5254 de
3653 5199 3757 5277 sti-

2110 5266 2342 5332 natione
2381 5266 2726 5346 praécep'tus;
2766 5297 2788 5320 ››
2821 5274 2912 5327 Sic
2945 5276 3072 5326 Put.
3108 5272 3165 5326 in
3196 5273 3486 5346 Phocione,
3547 5266 3757 5346 μεγάλα

2108 5354 2223 5408 ταῖς
2257 5341 2435 5402 ἐλπίσι
2468 5341 2754 5418 περὶνοῶν·
2796 5368 2821 5394 ‹‹
2861 5349 2969 5414 Spe
3012 5360 3225 5415 magna
3260 5343 3453 5398 animo
3500 5341 3754 5412 comple-

2107 5439 2235 5476 XUB-
2274 5444 2300 5468 ”

2181 5494 2291 5560 (91)
2324 5489 2386 5545 0'.
2438 5485 2926 5562 προπεμπόμενοι,
2971 5483 3058 5538 καὶ
3106 5483 3570 5562 καραπέμποντες.
3599 5479 3756 5562 Εᾷἥὶ

2111 5555 2334 5617 addunt
2369 5581 2379 5616 :
2413 5555 2501 5613 καῖ
2536 5555 2978 5633 προπέμποντες,
3013 5555 3520 5633 quoddelevimus
3553 5556 3756 5633 aucto-

2115 5637 2280 5688 ritate
2315 5651 2410 5686 sex
2446 5624 2618 5704 negg.
2660 5624 2752 5685 0r.
2797 5633 2859 5704 1,Δ
2889 5635 2997 5704 etc.
3031 5624 3310 5704 Agnoscit
3353 5632 3547 5704 tamen
3589 5624 3757 5704 Com:

2812 4702 2950 4773 Reg.
3014 4703 3115 4770 hu,

2115 5780 2470 5836 deducentes
2502 5793 2568 5833 ac
2600 5774 2861 5830 comites.
2901 5797 2926 5820 ››

3851 5823 3882 5832 -

3813 6091 3878 6172 Α
