4148 6290
336 430 455 494 69Ἱ

1332 435 1623 497 ORATIO
1668 437 1742 497 V.
1776 465 1857 479 —
1883 433 2200 495 CONTRA
2242 438 2633 501 JULIANUM
2680 439 2758 501 Il.

3631 444 3748 505 698

339 584 447 617 νων
479 564 556 637 (1)
596 561 926 639 θρασύτητος
952 565 964 619 l
999 562 1451 639 Ἐπηγγέλθημεν
1493 564 1605 619 ἀντ’
1634 560 1809 619 ἄλλου
1839 562 1985 625 τινὸς

2114 569 2255 624 lacob
2286 569 2377 625 7’?
2406 569 2449 626 Ο
2481 570 2855 628 incredibiles
2902 570 3301 629 narrationes!
3336 572 3380 629 Ο
3410 589 3606 629 rerum
3648 590 3747 645 spe

342 652 541 728 ἱερείου
569 658 687 714 τοῖς
721 649 961 725 δαίμων
994 654 1081 708 καὶ
1114 657 1146 723 ἡ
1186 654 1395 729 μεγάλη
1429 658 1525 708 τοῦ
1557 658 1689 709 Θεοῦ
1720 652 1986 729 κληρονο-

347 742 466 815 μία,
550 744 613 797 τὸ
700 740 852 817 ἅγιον
927 742 1097 810 ἔθνος,
1172 745 1235 798 τὸ
1310 743 1584 818 βασίλειον
1673 743 1983 818 ἱεράτευμα,

344 838 471 903 μιᾶς
504 830 666 886 ἆθλον
718 829 960 899 ἐλπίδος,
1009 832 1098 886 καὶ
1130 832 1248 895 ἰνὸς
1279 833 1531 907 πολέμου
1564 836 1638 907 (2)
1668 834 1983 906 νικητήριον

340 919 487 996 ἔγενό
496 922 651 993 μεθα.

418 1098 533 1153 ΚΖ’.
566 1101 739 1152 Ταῦτα
787 1099 1128 1171 Χριστιανοῖς
1188 1100 1334 1174 παρά
1378 1104 1473 1153 σοῦ
1504 1099 1616 1153 ἀνθ’
1658 1101 1732 1153 ὧν
1783 1099 1990 1168 ἐσώθης

349 1184 419 1241 δι’
459 1186 631 1241 αὐτῶν
664 1191 843 1248 κακῶς
900 1188 966 1241 τὰ
1015 1186 1264 1263 ἐπίχειρα
1311 1192 1423 1261 (3);
1474 1193 1649 1243 Ταῦτα
1707 1189 1886 1261 Κυρίῳ
1911 1193 1991 1260 τῷ

348 1278 465 1346 Θεῷ
512 1296 606 1329 σου
661 1274 1079 1345 ἀνταπὲδωκαςς
1147 1277 1414 1353 Πρότερον
1460 1278 1552 1350 μὲν
1587 1276 1677 1332 οὖν
1707 1281 1805 1351 (4),
1838 1278 1995 1348 ἡνίκα

345 1360 425 1419 ἔτι
484 1365 668 1438 ἀνεῖχε
723 1364 811 1417 xui
861 1360 1192 1419 ἀνεϐάλλετο
1240 1367 1338 1434 τήν
1394 1366 1530 1441 ὑπὲρ
1564 1369 1725 1437 ἡμῶν
1761 1366 1930 1441 ὀργὴν
1964 1368 1991 1420 ὁ

350 1452 500 1520 Θεὸς,
565 1454 654 1507 καὶ
713 1452 864 1506 οὕπω
912 1452 1083 1507 πάντα
1130 1455 1221 1508 τὸν
1301 1455 1491 1509 ἑαυτοῦ
1554 1454 1719 1524 ζῆλον
1782 1455 1991 1528 ἐξέκαυ-

348 1562 434 1595 σεν
474 1543 571 1614 (5),
608 1539 733 1595 ἀλλ’
787 1540 1007 1614 ὑψηλὴν
1059 1539 1136 1597 ἔτι
1182 1545 1320 1598 κατά
1355 1548 1462 1598 τῶν
1511 1540 1718 1599 ἀσεϐῶν
1749 1545 1865 1620 εἶχε
1892 1546 1991 1613 τὴν

348 1644 531 1716 χεῖρα,
561 1638 650 1693 xui
707 1639 770 1693 τὸ
815 1640 969 1710 τόξον
1008 1638 1230 1695 ἐνέτεινε
1276 1642 1369 1714 μὶν
1428 1642 1516 1696 καὶ
1576 1642 1843 1715 ἡτοίμασε
1893 1646 1991 1717 (6),

352 1734 573 1803 κατεῖχε
629 1725 685 1782 δὲ
748 1728 855 1801 βίᾳ,
914 1728 1003 1783 καὶ
1059 1729 1239 1804 ὥσπερ
1294 1752 1347 1784 τι
1393 1730 1607 1804 νόσημα
1635 1730 1874 1787 ὓπουλον
1905 1732 1993 1786 xui

346 1816 611 1886 κακόηθες
671 1816 957 1893 ἐκραγῆναι
1012 1817 1272 1893 πρότερον
1344 1823 1419 1892 (7)
1479 1820 1615 1889 ὅλην
1675 1820 1837 1875 αὐτοῦ
1893 1823 1992 1891 τὴν

352 1907 616 1982 πονηρίαν
664 1908 933 1980 ἀνέμενεν,
992 1907 1172 1983 ὣσπερ
1234 1906 1298 1978 δὴ
1353 1912 1428 1982 (8)
1472 1914 1605 1964 Θεοῦ
1652 1911 1877 1984 κρίσεως
1908 1912 1998 1967 νό-
2027 1926 2075 1991 Β

363 2018 485 2070 μος,
542 1995 613 2049 ’ἶν’
651 1998 685 2065 ἢ
719 2000 865 2071 σώσῃ
918 1997 988 2071 τῇ
1036 1999 1290 2071 μετανοίᾳ
1335 2000 1369 2068 ἢ
1403 1998 1703 2070 κολάσηται
1736 1999 1999 2057 δικαιότε-

360 2104 451 2160 ρον
476 2103 488 2116 ’
522 2084 646 2140 τότε
679 2085 797 2159 μὶν,
831 2083 1343 2162 δυσανασχετοῦντες
1372 2094 1487 2149 τοῖς
1528 2088 1853 2163 γινομένοις,
1911 2091 2001 2145 καὶ

360 2175 496 2250 πρὸς
550 2176 613 2229 τὸ
675 2173 880 2247 μέλλον
938 2176 1230 2249 κάμνοντες
1289 2178 1373 2251 (οὐ
1423 2178 1525 2252 γὰρ
1583 2178 1843 2255 ἐφέρομεν
1900 2182 2000 2251 τήν

358 2264 849 2341 ἀποκρυπτομένην
918 2265 1083 2320 αὐτοῦ
1155 2272 1271 2326 τοῖς
1326 2265 1553 2328 οἰκείοις
1605 2268 2000 2343 χρηστότητα),

356 2351 562 2415 ἐκείνας
614 2351 845 2428 ἠφίεμεν
901 2356 977 2426 (9)
1033 2356 1169 2429 πρὸς
1228 2354 1319 2408 τὸν
1377 2355 1503 2410 Θεὸν
1556 2356 1650 2416 τὰς
1702 2356 1904 2433 φωνὰς,
1936 2360 2001 2412 τὰ

363 2441 456 2515 μὶν
486 2444 599 2514 (10)
629 2441 705 2503 ὡς
736 2440 1002 2511 δεσπότην
1036 2441 1478 2515 ἐπικαλούμενοι,
1533 2445 1599 2498 τὰ
1632 2441 1689 2498 δὲ
1746 2445 1819 2506 ὡς
1865 2447 2001 2521 πρὸς

356 2530 562 2604 πατέρα
592 2531 833 2606 χρηστὸν
858 2532 1245 2604 ποτνιώμενοι,
1276 2533 1343 2587 τὰ
1384 2529 1441 2586 δὲ
1481 2533 1592 2586 οἷον
1651 2531 1997 2602 ὀνειδίζοντες

350 2620 441 2675 xui
502 2618 1013 2695 δικαιολογούμενοι
1072 2623 1208 2697 πρὸς
1266 2622 1447 2693 αὐτὸν,
1495 2622 1582 2677 οἶα
1636 2624 1702 2677 τὰ
1748 2628 1855 2678 τῶν
1899 2625 1997 2681 ἀλ-

346 2708 628 2784 γούντων·
689 2712 805 2766 Ἵνα
860 2710 911 2765 ἰί
966 2711 1189 2779 ἀπώσω,
1244 2712 1271 2765 ὁ
1329 2713 1480 2778 Θεὸς,
1540 2711 1617 2773 εἷς
1658 2711 1995 2789 τέλος;ὠρ-

346 2797 500 2875 γίσθη
548 2800 575 2854 ὁ
636 2799 808 2871 θυμός
858 2822 953 2854 σου
1013 2799 1100 2855 ἐπὶ
1160 2798 1406 2875 πρόϐατα
1462 2809 1642 2875 νομῆς
1700 2822 1832 2871 σου;
1894 2805 1995 2859 Καὶ

361 2889 627 2959 μνήσθητι
702 2895 805 2957 τῆς
874 2896 1184 2965 συναγωγῆς
1259 2911 1375 2959 σου,
1459 2894 1526 2959 ῆς
1611 2890 1823 2962 ἐκτήσω
1908 2893 1996 2947 ἀπ’

355 2977 556 3051 ἀρχῆς,
606 2980 666 3046 ἣν
717 2982 1088 3052 περιεποιήσω
1135 2985 1250 3041 τοῖς
1302 2984 1396 3033 τοῦ
1460 2985 1781 3055 μονογενοῦς
1821 2981 1997 3057 Λόγου

361 3086 457 3120 σου
486 3068 726 3135 πάθεσιν,
781 3070 841 3137 ἣν
888 3076 990 3138 τῆς
1043 3068 1285 3145 μεγάλης
1320 3091 1414 3123 σου
1447 3068 1713 3141 διαθήκης
1742 3072 1996 3145 ἠξίωσας,

355 3156 416 3224 ἣν
449 3154 536 3209 καὶ
569 3153 814 3220 ε’ίλκυσας
872 3159 950 3220 είς
1007 3157 1266 3233 οὐρανοὺς
1324 3161 1435 3232 (11)
1477 3165 1555 3231 τῷ
1598 3165 1765 3231 καινῷ
1798 3182 2002 3233 μυστη-

358 3244 485 3318 ρίῳ,
538 3245 627 3298 καὶ
672 3250 750 3317 τῷ
806 3244 1081 3323 ipsum“
1137 3252 1234 3302 τοῦ
1294 3248 1638 3322 Πνεύματος·
1699 3251 1788 3304 καὶ
1862 3251 1996 3305 Ἔπ-

350 3353 480 3408 αρον
538 3335 632 3397 τὰς
690 3337 879 3410 χεῖράς
939 3358 1034 3391 σου
1091 3336 1178 3391 ἐπὶ
1230 3338 1323 3398 τὰς
1394 3337 1766 3416 ὑπερηφανίας
1823 3339 1996 3395 αὐτῶν

351 3420 424 3483 εἰς
502 3421 682 3495 τέλος,
761 3424 1269 3498 ὐπομιμνῆσκοντες
1340 3429 1453 3500 (12)
1531 3426 1629 3482 ὅσα
1705 3426 1998 3504 ἐπονηρεύ-

350 3530 507 3566 σαντο
574 3514 711 3567 κατὰ
774 3517 882 3569 τῶν
951 3514 1114 3589 ἀγίων
1194 3537 1288 3569 σου
1356 3517 1407 3569 oi
1476 3516 1664 3592 ἐχθροὶ
1720 3518 1809 3572 καὶ
1865 3519 2001 3573 κατὰ

348 3605 453 3655 τῶν
514 3602 718 3678 ἑορτῶν
779 3624 873 3658 σου
932 3602 1341 3678 ἐκαυχήσαντο·
1426 3607 1523 3675 τήν
1605 3605 1872 3684 ῥομφαίαν
1942 3627 2001 3662 τε

350 3688 807 3765 προεκαλούμεθα
860 3696 997 3764 (13),
1031 3693 1243 3754 καὶτὰς
1283 3693 1659 3768 Αἶ¹γυπτιακὰς
1712 3697 1998 3771 μάστιγας,

348 3779 439 3833 καὶ
487 3776 698 3834 δικάσαι
756 3782 855 3849 τὴν
908 3781 1099 3835 ἑαυτοῦ
1151 3779 1303 3852 δίκην
1356 3784 1632 3855 ἠξιοῦμεν,
1690 3784 1778 3838 καὶ
1826 3782 2001 3839 διανα-

349 3867 536 3937 στῆναί
592 3871 705 3942 (14)
756 3890 890 3924 ποτε
938 3867 1357 3944 διεκελευόμεθα
1403 3872 1538 3926 κατὰ
1582 3876 1690 3927 τῶν
1752 3868 1994 3927 ἆσεϐὢνο

350 3961 496 4020 Ἕως
554 3958 686 4013 πότε
738 3956 1058 4033 ἀμαρτωλοῖ
1120 3959 1301 4034 Κύριε,
1365 3960 1634 4036 λέγοντες,
1713 3958 1815 4024 ἕως
1868 3962 1999 4017 πότε

351 4043 674 4121 ἁμαρτωλοὶ
749 4049 1141 4122 καυχήσονται,
1221 4049 1312 4103 τόν
1396 4070 1455 4103 τε
1540 4049 1668 4104 λαόν
1743 4070 1838 4104 σου
1911 4071 2000 4104 τα-

350 4138 699 4205 πεινώσουσι,
806 4140 895 4192 καὶ
1000 4139 1098 4206 τῆν
1183 4138 1558 4213 κληρονομίαν
1641 4160 1735 4193 σου
1818 4140 1998 4194 κακώ-

351 4249 525 4298 σουσι,
614 4229 927 4307 φθέγξονταί
1010 4251 1069 4284 τε
1154 4231 1363 4303 ὁμοίως
1426 4230 1650 4303 ἀνομίαν
1729 4230 1817 4284 καὶ
1873 4229 1999 4307 δρά-

351 4338 501 4372 σουσι
533 4337 545 4386 ;
604 4318 695 4372 καὶ
753 4318 859 4390 μὴν
891 4317 1137 4379 κάκείνας
1167 4317 1243 4372 ἔτι
1272 4318 1366 4381 τάς
1425 4318 1621 4392 γοεράς
1676 4319 1762 4373 καὶ
1791 4318 1996 4373 τούτων

350 4406 680 4483 οἰκειοτέρας
738 4410 853 4479 (15)
916 4406 1118 4485 φωνάς’
1175 4410 1342 4463 ’Έθου
1408 4411 1555 4482 ἡμᾶς
1633 4409 1708 4472 εἷς
1779 4409 1997 4465 ἀντιλο-

2094 662 2504 729 conceptarum
2540 662 2923 717 temeritatem
2954 662 2965 717 l
3002 663 3393 728 Daemonibus,
3427 663 3615 719 instar
3644 681 3743 719 cu-

2090 748 2328 819 jusdam
2386 749 2535 806 alius
2590 752 2859 823 victimae,
2922 752 3196 825 promissi
3255 753 3553 808 fueramus
3606 769 3618 806 :
3682 770 3748 807 ac

2098 854 2313 909 magna
2338 838 2439 895 illa
2486 840 2581 894 Dei
2615 841 2946 909 haereditas,
2990 857 3120 913 gens
3165 842 3268 897 illa
3314 851 3527 908 sancta,
3560 844 3749 911 regale

2094 925 2463 981 sacerdotium
2492 927 2557 994 ⁷³,
2592 928 2768 983 unius
2817 928 2939 999 spei
2973 929 3294 1000 praemium,
3349 935 3526 1001 atque
3574 928 3752 986 unius

2095 1012 2231 1069 belli
2267 1014 2459 1085 palma
2490 1015 2622 1071 facti
2656 1033 2910 1073 eramus.

2170 1103 2383 1160 XXVII.
2418 1104 2545 1159 Haec
2595 1111 2658 1160 tu
2708 1106 2929 1161 scilicet
2969 1106 3314 1163 Christianis
3369 1107 3441 1163 ob
3499 1106 3749 1163 salutem

2101 1209 2203 1265 per
2232 1210 2331 1249 eos
2364 1193 2515 1249 male
2564 1200 2857 1266 acceptam
2916 1196 3153 1268 praemia
3197 1196 3445 1253 retulisti
3469 1198 3496 1252 ?
3532 1199 3656 1253 Haac
3686 1201 3751 1252 tu

2102 1281 2346 1338 Domino
2376 1283 2492 1338 Deo
2524 1288 2621 1340 tuo
2646 1286 2963 1357 rependisti
2984 1285 3011 1340 ?
3034 1294 3114 1340 Ac
3138 1287 3301 1358 prius
3348 1287 3585 1357 quidem
3616 1303 3751 1342 cum

2103 1375 2255 1425 Deus
2286 1388 2453 1427 suam
2492 1390 2594 1444 pro
2628 1374 2795 1429 nobis
2820 1375 2967 1429 iram
3000 1375 3190 1430 adhuc
3213 1375 3547 1443 sustineret,
3578 1380 3754 1448 atque

2102 1459 2378 1529 differret,
2414 1463 2661 1518 necdum
2691 1463 2877 1519 zelum
2910 1481 3143 1520 omnem
3177 1481 3350 1520 suum
3386 1465 3754 1521 inﬂammas-

2102 1555 2211 1615 set,
2244 1566 2446 1605 verum
2477 1551 2788 1607 sublimem
2840 1552 3031 1608 adhuc
3062 1555 3342 1609 adversus
3388 1554 3603 1626 impios
3633 1571 3757 1609 ma-

2104 1654 2247 1693 num
2276 1638 2536 1706 haberet,
2570 1646 2745 1712 atque
2776 1657 2997 1710 arcum,
3022 1642 3257 1699 tametsi
3276 1644 3401 1713 jam
3434 1643 3754 1698 adductum

2104 1731 2162 1782 et
2188 1732 2478 1800 paratum,
2504 1746 2605 1801 per
2635 1730 2748 1785 vim
2782 1732 3074 1795 retineret,
3098 1732 3499 1804 tantisperque
3528 1747 3759 1803 exspec-

2104 1819 2274 1886 taret,
2305 1817 2445 1871 dum
2495 1823 2616 1873 tota
2648 1818 2808 1874 illius
2850 1820 3216 1891 improbitas,
3252 1820 3420 1892 quasi
3452 1819 3761 1893 supputri--

2106 1904 2218 1959 dus
2248 1911 2305 1959 et
2354 1906 2650 1979 malignus
2699 1909 2937 1975 quidam
2988 1911 3250 1974 morbus,
3300 1909 3627 1981 erupisset;
3660 1908 3756 1963 hic

2107 1994 2262 2049 enim
2287 1996 2689 2067 divinijudicii
2722 2014 2849 2053 mos
2870 2003 2976 2064 est,
3004 2003 3066 2052 ut
3090 1999 3177 2052 vel
3211 2015 3313 2070 per
3354 1998 3755 2070 paenitentiam

2106 2082 2354 2138 salutem
2382 2084 2605 2151 afferat,
2639 2085 2725 2141 vel
2752 2087 2988 2157 justiori
3020 2086 3190 2142 titulo
3222 2088 3463 2159 puniat:
3492 2092 3617 2142 tum
3649 2103 3757 2141 nos

2106 2188 2193 2241 ea,
2226 2189 2353 2243 quae
2404 2174 2639 2241 fiebant,
2671 2192 2817 2247 aegre
2847 2179 2905 2231 et
2933 2176 3136 2230 acerbe
3173 2175 3441 2242 ferentes,
3476 2180 3649 2246 atque
3682 2175 3754 2229 ad

2107 2262 2372 2318 futurum
2402 2264 2616 2320 animis
2646 2264 2980 2321 fatiscentes
3025 2265 3154 2336 (nec
3187 2263 3342 2319 enim
3372 2264 3561 2336 ipsius
3592 2264 3751 2319 beni-

2105 2352 2387 2425 gnitatem
2435 2353 2560 2409 suis
2608 2353 3010 2409 absconditam
3060 2352 3415 2423 ferebamus)
3459 2369 3473 2420 ;
3526 2352 3631 2407 bas
3679 2352 3752 2407 ad

2105 2440 2287 2495 Deum
2343 2458 2510 2496 voces
2562 2442 3005 2512 emittebamus,
3058 2440 3268 2514 partim
3324 2444 3391 2495 ut
3446 2440 3751 2496 dominum

2105 2530 2462 2601 invocantes,
2496 2531 2709 2602 partim
2762 2535 2825 2585 ut
2854 2532 3009 2602 apud
3060 2530 3375 2601 benignum
3424 2535 3481 2585 et
3528 2529 3753 2585 facilem

2105 2624 2329 2692 patrem
2379 2624 2821 2692 conquerentes,
2868 2621 3080 2692 partim
3140 2620 3291 2675 105
3351 2618 3509 2674 velut
3555 2636 3755 2691 expro-

2106 2710 2362 2777 brantes,
2397 2715 2453 2765 et
2482 2726 2615 2764 cum
2647 2725 2712 2765 eo
2743 2709 3203 2779 expostulantes,
3236 2713 3301 2763 ut
3346 2708 3535 2764 solent
3565 2707 3665 2779 qui
3697 2708 3757 2762 in

2107 2797 2301 2853 dolore
2332 2803 2639 2853 versantur
2670 2814 2683 2852 :
2720 2799 2785 2856 ιιι
2814 2798 3134 2869 quid,Deus,
3166 2796 3434 2868 reputisti
3463 2798 3518 2851 in
3552 2798 3766 2867 ﬁnem?

2107 2889 2282 2941 iratus
2320 2896 2397 2942 est
2439 2890 2599 2958 furor
2628 2897 2756 2942 tuus
2783 2904 2948 2958 super
2976 2902 3098 2943 oves
3120 2901 3344 2958 pascua?
3366 2893 3483 2943 tua
3502 2889 3527 2940 .9
3562 2886 3762 2941 Memor

2105 2980 2214 3031 esto
2244 2978 2691 3046 congregationis
2724 2980 2855 3043 tuae,
2889 2993 3055 3047 quam
3084 2976 3369 3046 possedisti
3396 2975 3467 3030 ab
3498 2974 3754 3043 initio“,

2108 3082 2283 3137 quam
2317 3064 2602 3137 unigeniti
2648 3066 2811 3121 Verbi
2844 3065 2929 3119 tui
2962 3064 3336 3136 passionibus
3382 3064 3491 3118 tibi
3522 3080 3760 3135 compa-

2109 3155 2273 3222 rasti,
2308 3171 2485 3226 quam
2535 3170 2744 3225 magno
2785 3158 2885 3209 tuo
2917 3154 3128 3209 fcedere
3157 3153 3432 3226 dignatus
3463 3169 3546 3219 es,
3580 3168 3759 3224 quam

2109 3260 2211 3315 per
2232 3260 2445 3299 novum
2468 3244 2813 3315 mysterium
2836 3248 2893 3299 et
2916 3243 3171 3315 Spiritus
3202 3242 3435 3299 arrham
3460 3242 3519 3296 in
3552 3239 3760 3296 coelum

2110 3334 2337 3389 traxisti
2363 3351 2377 3401 ;
2400 3339 2456 3388 et
2480 3351 2492 3389 :
2526 3336 2664 3389 Leva
2692 3349 2891 3389 manus
2921 3342 3042 3388 tuas
3080 3334 3141 3388 in
3168 3333 3456 3404 superbius
3483 3347 3673 3386 eorum
3704 3331 3765 3383 in

2108 3425 2296 3494 ﬁnem,
2330 3423 2389 3477 in
2421 3422 2763 3478 memoriam
2792 3427 3148 3491 revocantes,
3182 3425 3389 3493 quanta
3431 3425 3607 3477 essent
3639 3436 3762 3473 ma-

2112 3514 2313 3584 lignati
2366 3514 2635 3569 adversus
2690 3517 2904 3568 sanctos
2959 3514 3080 3567 tuos
3136 3512 3376 3580 inimici,
3408 3518 3458 3565 et
3504 3508 3767 3564 adversus

2110 3605 2481 3659 solemnitates
2539 3612 2659 3659 tuas
2712 3603 2946 3673 gloriati
3000 3602 3080 3669 τις
3131 3598 3393 3673 gladium
3453 3598 3650 3663 etiam,
3707 3600 3765 3651 et

2110 3694 2478 3765 {Egyptiacas
2507 3694 2710 3765 plagas
2762 3691 3243 3763 provocabamus,
3294 3694 3488 3759 atque,
3525 3690 3587 3741 ut
3628 3701 3763 3740 cau-

2112 3798 2239 3837 sam
2299 3798 2465 3837 suam
2524 3782 2648 3852 ipse
2686 3780 3004 3851 judicaret,
3035 3778 3391 3848 tandemque
3448 3773 3764 3845 aliquando

2112 3872 2390 3926 adversus
2421 3871 2635 3941 impios
2666 3870 3022 3939 exsurgeret,
3055 3866 3429 3938 rogabamus,
3466 3865 3762 3934 Usquequo,

2112 3962 2359 4027 Domine,
2393 3960 2673 4024 dicentes,
2706 3970 2982 4027 usquequo
3007 3956 3327 4027 peccatores
3354 3951 3760 4023 gloriabuntur,

2107 4050 2487 4124 populumque
2516 4053 2671 4103 tuum
2702 4046 3098 4115 humiliabunt,
3129 4047 3179 4099 et
3208 4042 3583 4097 haereditatem
3611 4045 3765 4095 tuam

2110 4140 2411 4203 cessabunt,
2458 4137 2913 4207 iniquitatemque
2941 4138 2991 4189 et
3039 4134 3329 4203 loquentur
3375 4135 3431 4185 et
3472 4134 3763 4201 perpetra-

2112 4228 2343 4285 bant"?
2365 4226 2514 4293 Quin
2544 4225 2651 4280 bas
2680 4238 2910 4295 quoque
2940 4221 3242 4277 luctuosas
3273 4223 3330 4274 et
3362 4217 3765 4290 superioribus

2110 4319 2367 4392 aptiores
2413 4330 2581 4371 voces
2619 4312 3122 4383 adjungebamus:
3150 4310 3393 4365 Posuisti
3418 4322 3517 4362 nos
3547 4308 3607 4361 in
3636 4321 3764 4360 con-

2111 4409 2493 4465 tradictionem
2523 4407 2573 4460 et
2597 4402 2867 4475 probrum
2907 4401 3108 4457 vicinis
3149 4398 3375 4466 nostris,
3405 4398 3462 4453 in
3492 4396 3762 4451 similitu-

421 4562 468 4597 ⁷³
498 4565 680 4620 Amos
706 4580 828 4629 vm,
860 4566 914 4619 7.
991 4564 1035 4599 ⁷³
1065 4564 1088 4620 Ι
1118 4565 1271 4620 Petr.
1306 4581 1369 4635 ιι,
1400 4566 1455 4620 9.
1532 4566 1578 4600 ⁷⁴
1606 4565 1758 4622 Psal.
1792 4583 1986 4638 Lxmn,

2114 4566 2161 4622 Ζ.
2235 4564 2280 4599 ⁷⁸
2311 4561 2454 4618 Ibid.
2486 4560 2541 4630 3,
2574 4559 2626 4613 4.
2701 4558 2746 4593 ’⁸⁸
2776 4554 2926 4612 Psal.
2958 4570 3118 4623 XCIII,
3148 4554 3265 4609 3-5.

419 4712 950 4787 (1)Ἐλπιζομὲνων.
1019 4715 1082 4771 In
1152 4717 1401 4772 Montac.
1470 4720 1528 4772 et
1590 4717 1847 4773 Combet‘.

350 4785 790 4860 ἐπηγγελμένων.
811 4810 839 4837 ‹‹
864 4789 908 4843 Ο
938 4792 1205 4844 votorum
1239 4788 1626 4845 temeritatem
1655 4788 1817 4845 lvoto
1847 4785 2005 4846 enim

350 4860 537 4917 devoti
572 4876 830 4924 eramus,
868 4881 896 4909 ››
927 4865 1037 4915 etc.

422 4933 497 5057 (2)
531 4929 625 4983 Καὶ
658 4930 772 4990 ἑνὸς
802 4928 1072 5002 πολέμου.
1109 4951 1137 4980 ιι
1168 4930 1352 4986 Unius
1399 4930 1535 4985 belli
1568 4947 1633 4986 ac
1667 4930 1846 5003 praelii
1882 4932 2004 5005 pia-

450 5002 567 5057 aris
595 5002 787 5057 hostia
818 5007 991 5057 atoue
1020 5002 1260 5057 victima
1290 5002 1423 5057 facti
1454 5019 1709 5057 oramus.
1746 5024 1773 5051 ››

348 5002 787 5073 cularish‘ostia
818 5007 991 5073 atque
1020 5002 1260 5057 victima
1290 5002 1423 5057 facti
1454 5002 1709 5058 eramus.
1746 5024 1773 5051 ››

423 5075 500 5145 (3)
523 5072 597 5148 Τὰ
626 5070 912 5148 ᾇπίχειραξ
947 5075 1041 5130 Sic
1073 5074 1132 5129 in
1166 5092 1308 5130 mss.
1344 5075 1623 5130 scribitur
1652 5092 1785 5130 cum
1818 5074 2001 5129 inter-

351 5145 674 5203 rogationis
706 5145 861 5199 nota.

688 5217 860 5273 Deest
891 5214 1276 5298 inhplerisque
1307 5216 1627 5298 codicibus.

351 5286 498 5415 éEé(5)
559 5286 886 5357 ’EEéxuoeev.
942 5286 1035 5343 Sic
1094 5286 1254 5345 Pass.
1310 5288 1525 5359 aliique
1590 5288 1809 5361 plures.
1873 5292 2002 5343 Par.

435 5380 603 5414 καιεν.

435 5380 603 5414 καιεν.

380 5361 961 5504 ξῑθῗῑξέιίεοίμασεηηα
1008 5430 1183 5501 Regg.
1239 5435 1509 5500 quatuor,
1559 5430 1721 5487 Colb.
1754 5430 1806 5485 3.
1839 5430 1999 5485 Pass.

346 5499 455 5560 etc.
481 5499 593 5559 'Ed.
627 5499 756 5557 Par.
794 5499 1103 5573 ηὐτρὲπιζεζ

422 5578 498 5647 (7)
532 5573 819 5648 Πρότερον.
876 5572 970 5629 Sic
1030 5572 1397 5629 restituimus
1446 5574 1790 5628 auctoritate
1846 5572 2003 5628 codi-

349 5665 482 5703 cum
496 5691 506 5700 .
543 5649 670 5700 Par.
705 5648 940 5716 πρῶτον.

425 5718 503 5791 (8)
532 5710 848 5791 ξὨσπερδή.
875 5716 1004 5791 Reg
1058 5710 1683 5791 b:_Mont._'Ocmp_81j.

423 5784 502 5861 (9)
533 5784 810 5865 Ἠφίεμεν.
869 5784 998 5845 810⁷
1018 5786 1267 5842 codices.
1327 5785 1487 5843 Pass.
1536 5784 1816 5862 ἠφίημεν.
1873 5788 2006 5843 Par.

1914 4736 2002 4803 γρ·
2036 4720 2082 4785 D
2114 4710 2523 4803 θάὶἓλέειὲεμεξε

2186 4786 2301 4855 (10)
2326 4774 2546 4854 Τά’μέν.
2581 4779 2687 4855 Sic
2720 4777 3182 4847 emendavimus,
3231 4779 3288 4831 et
3334 4775 3628 4846 deinceps,
3663 4774 3763 4830 ubi

2115 4850 2207 4913 ed;
2242 4850 2369 4912 Par.
2401 4850 2595 4919 habet,
2625 4850 2739 4910 τάς.

2184 4928 2423 5001 (11)-’Ἐν
2479 4914 2637 5001 καὶξ.ζ
2676 4920 2765 5001 ⁸εἲς
2824 4918 3107 5001 οὐρανούς.
3156 4919 3319 4973 Pass.
3366 4915 3433 4983 ἤν
3481 4914 3640 4972 xui...
3688 4914 3763 4970 εἷς

2392 4998 2521 5052 Par.
2553 4991 2642 5089 κα)
2671 4992 2758 5063 ἥν,
2792 4991 2902 5048 etc;

2183 5058 2292 5144 (12)
2324 5058 2881 5144 ’Υπρμιμνήσκοντεφ
2934 5064 3022 5118 Ita
3068 5060 3548 5144 Reg_g.‘septem.,
3601 5058 3760 5143 ροιι).

2113 5127 2384 5214 quatuor,
2418 5127 2770 5215 P'as's.,'etc.,
2808 5152 2936 5215 quis
2964 5150 3074 5189 vox
3112 5127 3462 5215 rerertur'sd
3509 5127 3766 5215 ﬂigi-sps»,

2114 5206 2147 5264 «ἶ
2178 5232 2343 5271 voces
2372 5206 2854 5269 emittebamusﬂ.
2889 5206 2947 5261 in
2980 5206 3325 5260 memoriam
3357 5206 3713 5259 revocantes.
3739 5225 3766 5251 ››

2115 5287 2294 5371 Mont:
2352 5283 2807 5355 ὑπομιμνήσκων.
2849 5278 2952 5334 Ed.
3003 5281 3133 5332 Par.
3188 5273 3490 5347 ὑπὲμεινες,
3524 5298 3551 5325 ‹‹
3586 5273 3765 5329 susti-

2116 5363 2803 5499 millsgilipoexulobpteu.
2838 5423 3005 5500 Pass.
3032 5415 3534 5500 προσεκαλοόμεθα.

2187 5486 2299 5572 (14)
2330 5486 2703 5565 Δίαναστῆναὶι,
2735 5499 2844 5551 etc.
2876 5486 3087 5549 Billius
3117 5507 3131 5548 :
3165 5513 3192 5541 κ
3226 5486 3595 5554 excitaretur,
3636 5486 3769 5544 hor-

2118 5572 2704 5718 ιᾶῗίὶὲῗιθῐίξιείοτὲρας.Δ
2736 5637 2937 5694 Comb.
2971 5634 3130 5718 legit,
3160 5628 3521 5718 οἶκτροτίρας,
3556 5654 3583 5681 κ
3618 5631 3764 5686 Luc-

2115 5710 2317 5771 tuosas
2368 5710 2993 5781 voces,'majoremque
3041 5710 3480 5765 miserationem
3529 5720 3765 5761 moven-

2115 5789 2224 5843 tes.
2258 5809 2283 5839 ι
