4148 6290
362 404 480 467 699

1612 418 1677 477 S.
1724 417 2093 478 GREGORII
2137 419 2529 482 THEOLOGI

3654 412 3773 474 700

364 541 557 595 dinem
586 543 858 612 gentibus,
894 546 953 599 in
982 547 1157 601 risum
1182 549 1436 603 omnibus
1466 549 1780 605 hominibus
1809 551 1851 584 7"
1877 568 1890 618 ;
1924 550 2006 604 vi-

2125 549 2238 624 γίαν
2298 550 2387 605 καὶ
2460 546 2613 625 ὓϐριν
2684 555 2801 612 τοῖς
2870 549 3105 624 γείτοσιν
3180 552 3365 622 ἡμῶν,
3443 541 3767 623 παραϐολήν

363 646 535 685 neam
598 632 773 686 etiam
840 636 1155 704 quamdam
1225 639 1879 709 commemorabamus,
1947 656 2016 695 ex

361 718 625 791 Egypto,
658 720 766 775 hoc
795 726 902 789 est,
938 739 1004 779 ex
1049 727 1359 781 tenebrosa
1408 728 1729 799 impietate,
1760 729 2013 784 transla-

360 811 483 863 tam
517 809 580 876 ⁷⁸,
616 814 794 882 atque
847 812 906 868 in
941 814 1072 868 fidei
1103 815 1602 886 pulchritudinem
1654 818 2014 891 magnitudi-

363 913 619 970 nemque
666 906 922 971 auctam,
978 920 1044 958 ac
1093 904 1302 960 deinde
1350 907 1624 975 maceria,
1658 908 1715 961 id
1769 912 1877 974 est,
1914 907 2011 962 Dei

360 987 867 1060 inspectione,qua
889 992 1050 1063 prius
1072 995 1794 1067 muniebamur,privatam
1818 1002 1874 1051 et
1904 1014 2010 1050 nu-

360 1076 911 1142 datam,viatoribus
930 1081 1342 1149 omnibus,hoc
1365 1084 1775 1149 est,sceleratis
1803 1085 2012 1156 princi-

355 1166 531 1237 pibus
553 1167 611 1221 in
638 1171 892 1240 praedam
917 1172 1226 1241 objectam,
1264 1178 1437 1244 atque
1460 1175 1815 1228 devastatam
1838 1193 1867 1228 a
1891 1175 2010 1228 fero

355 1260 414 1310 et
445 1257 660 1327 agrcsti
710 1274 870 1329 apro,
904 1259 1002 1329 qui
1058 1262 1350 1331 propriam
1381 1262 1493 1335 sibi
1527 1263 1659 1317 fecit
1700 1263 2006 1330 malitiam,

353 1342 651 1417 hujusque
681 1363 842 1402 caeno
873 1347 1250 1419 singulariter
1280 1355 1369 1405 est
1400 1352 1647 1405 refertus
1678 1353 1740 1405 το.

426 1433 668 1490 XXVIII.
704 1436 832 1491 Haec
884 1438 1119 1508 quidem
1156 1438 1279 1509 ipse
1310 1440 1475 1511 prius
1505 1444 1560 1495 et
1589 1441 1916 1512 cogitabam
1949 1448 2006 1497 et

355 1523 427 1577 ad
459 1522 642 1578 Deum
692 1524 1040 1581 clamabam.
1078 1527 1242 1583 Nunc
1291 1534 1483 1583 autem
1517 1546 1695 1600 quam
1749 1531 2008 1586 diversas

356 1627 524 1668 voces
558 1613 832 1669 assumol
872 1614 1189 1684 impiorum
1222 1617 1464 1673 exitium
1509 1618 1784 1691 deinceps
1816 1620 2005 1692 lugeo,

356 1698 561 1771 iisque,
598 1702 697 1772 qui
729 1718 835 1757 nos
868 1703 1000 1758 odio
1032 1703 1265 1773 habent,
1302 1706 1615 1775 benignum
1646 1724 1738 1761 me
1759 1710 2004 1779 praebeo,

353 1793 531 1860 atque
560 1788 903 1861 hujusmodi
951 1793 1145 1848 verbis
1177 1798 1310 1848 utor
1343 1814 1354 1850 :
1391 1797 1672 1863 Quomodo
1717 1800 1853 1868 facti
1879 1807 2006 1853 sunt

354 1877 417 1932 in
443 1879 833 1935 desolationem
857 1885 881 1934 .9
911 1882 1083 1938 subito
1132 1884 1461 1953 defecerunt,
1504 1889 1798 1956 perierunt
1835 1904 2004 1959 prOp-

353 1976 436 2025 ter
462 1969 807 2040 iniquitatem
854 1987 1015 2026 suam
1045 1973 1107 2039 ⁸ο,
1139 1982 1404 2045 tanquam
1446 1976 1631 2045 pulvis
1660 1993 1817 2047 quem
1846 1979 2005 2032 turbo

350 2058 622 2113 abstraxit
651 2057 716 2124 ",
738 2062 999 2131 tanquam
1030 2061 1231 2132 lanugo
1251 2078 1370 2134 quae
1390 2081 1420 2117 a
1443 2068 1600 2117 vento
1630 2064 1910 2135 disjicitur
1937 2066 2004 2134 ⁸2,

352 2155 616 2219 tanquam
644 2164 735 2203 vos
764 2151 1075 2204 matutinus
1103 2152 1167 2217 ⁸³,
1204 2156 1482 2223 tanquam
1513 2154 1739 2209 emissae
1781 2155 2006 2225 sagittas

352 2236 591 2308 stridor,
616 2241 896 2308 tanquam
932 2241 1172 2294 tonitrui
1208 2242 1774 2313 impetus,tauquam
1810 2244 2008 2315 fulgur

351 2326 632 2383 emicans.
663 2327 825 2391 Quod
859 2328 905 2382 si
939 2345 1094 2383 nunc
1125 2329 1331 2384 saltem
1365 2332 1713 2386 sententiam
1756 2336 2003 2399 mutent,

348 2418 406 2470 et
426 2415 496 2470 ad
524 2414 822 2471 meliorem
846 2422 1101 2472 mentem
1134 2420 1541 2487 traducantur,
1569 2424 1744 2491 atque
1780 2421 2004 2493 ingenti

346 2508 529 2559 errori
562 2520 629 2559 ac
658 2504 1013 2560 temulentiaa
1050 2508 1201 2561 166
1236 2508 1410 2563 finem
1443 2510 1832 2581 imponentes,
1865 2511 2009 2565 veri-

345 2594 526 2647 tatem
580 2597 1012 2663 consectentur,
1045 2595 1293 2651 fortasse
1323 2613 1391 2651 ex
1434 2598 1562 2668 ipsa
1592 2615 1821 2669 quoque
1851 2598 2003 2654 cala-

349 2678 556 2736 mitate
605 2680 871 2735 nonnihil
904 2682 1129 2738 {ructus
1169 2685 1239 2739 ad
1284 2702 1382 2740 eos
1426 2687 1704 2741 redierit:
1743 2690 2005 2758 quando-

352 2767 587 2841 quidem
624 2770 754 2841 ipsa
781 2772 1185 2844 castigatio,iis
1217 2773 1315 2844 qui
1352 2775 1501 2829 malo
1524 2775 1720 2846 aliquo
1743 2777 2006 2831 afﬁciun-

350 2862 471 2926 tur,’
500 2861 807 2915 commodo
857 2877 1008 2933 sape
1039 2866 1214 2933 atque
1246 2863 1486 2918 utilitati
1531 2869 1639 2931 est,
1674 2865 1763 2920 sin
1810 2870 2005 2921 autem

352 2946 413 3002 in
469 2948 673 3003 eadem
731 2950 1020 3005 sententia
1077 2952 1423 3015 manserint,
1484 2957 1657 3024 atque
1715 2953 2004 3009 idolorum

351 3035 575 3093 cultum
608 3038 800 3094 adhuc
830 3038 1331 3110 amplexentur,ne
1362 3041 1490 3113 ipsa
1512 3043 1747 3113 quidem
1772 3043 2006 3099 calami-

346 3128 484 3190 tate,
519 3143 646 3197 quaa
679 3127 765 3182 vel
798 3128 1040 3184 stolidos
1072 3131 1303 3185 erudire
1334 3131 1501 3199 solet,
1537 3132 1810 3188 meliores
1841 3134 2000 3187 ﬁent.

346 3213 808 3287 Hierosolymam
842 3219 1078 3289 quidem
1111 3219 1396 3275 Jeremias
1429 3238 1615 3293 usque
1646 3223 1788 3277 adeo
1820 3222 2000 3293 luget,

2120 659 2179 694 τε
2261 645 2377 702 τοῖς
2454 638 2645 713 ἔθνεσι,
2720 639 2808 695 καὶ
2883 638 3098 714 γέλωτα
3171 645 3328 693 πᾶσιν
3416 635 3765 711 ἄνθρώποιςυ

2123 725 2367 800 ἄμπελόν
2423 728 2480 783 τέ
2534 750 2655 783 τινα
2713 728 2998 803 έλὲγομεν,
3064 728 3154 782 καὶ
3216 726 3265 797 ἐξ
3313 725 3586 802 Αἰγύπτου
3650 745 3769 793 μετ-

2123 818 2478 891 ενηνεγμένην
2528 824 2626 886 τῆς
2682 825 2959 886 σκοτεινῆς
3011 815 3212 882 ἀθείας,
3277 816 3365 869 καὶ
3426 816 3502 876 εἷς
3559 810 3766 874 κάλλος

2120 903 2353 965 πίστεως
2402 904 2711 975 αὐξηθεῖσαν
2759 905 2847 959 καὶ
2900 904 3142 980 μέγεθος,
3210 903 3322 957 εἶτα
3369 902 3459 957 τὸν
3521 900 3768 978 φραγμὸν

2120 994 2546 1069 περιῃρημένην,
2606 998 2705 1063 τὴν
2759 999 3100 1070 φρουροῦσαν
3149 996 3298 1066 ἡμᾶς
3364 992 3497 1053 τέως
3548 990 3765 1045 ἐπισκο-

2119 1083 2225 1150 πὴν
2258 1084 2353 1137 τοῦ
2385 1087 2543 1153 Θεοῦ,
2594 1083 2681 1137 καὶ
2730 1089 2860 1137 πᾶσι
2907 1088 3021 1144 τοῖς
3069 1078 3401 1136 διοδεύουσιν
3449 1078 3763 1150 ἐκκειμένην

2118 1178 2380 1248 πονηροῖς
2430 1170 2733 1241 δυνάσταις,
2792 1173 2881 1226 καὶ
2949 1170 3368 1243 λελυμασμένην
3433 1172 3547 1242 (16)
3594 1166 3767 1241 ἀγρίῳ

2119 1260 2205 1316 συί
2233 1266 2311 1333 τῷ
2340 1262 2437 1329 τὴν
2471 1260 2654 1315 κακίαν
2690 1258 2950 1329 ἰδιάζοντι
3000 1264 3246 1335 πονηρῷ,
3277 1256 3369 1313 καί
3415 1257 3603 1318 κακίας
3634 1257 3765 1333 βορ-

2118 1345 2284 1427 ϐόρου
2306 1348 2550 1426 γέμοντι.

2190 1443 2311 1495 ΚΗ“.
2344 1436 2517 1493 Ταῦτα
2568 1439 2661 1511 μὶν
2710 1436 2800 1492 οὖν
2851 1437 3110 1512 πρότερον
3163 1436 3249 1491 καὶ
3303 1433 3627 1506 διενοούμην
3675 1434 3765 1487 καὶ

2116 1523 2353 1583 ἀνεϐόων
2413 1527 2549 1601 πρὸς
2596 1528 2686 1581 τὸν
2736 1526 2880 1581 Θεόν·
2928 1526 3041 1581 νυνὶ
3092 1523 3148 1580 δὲ
3194 1522 3309 1587 ο’ίας
3356 1524 3469 1578 ἀνθ’
3509 1519 3637 1576 ο¹ίων
3676 1543 3765 1594 με·

2114 1612 2445 1685 ταλαμϐάνω
2495 1617 2710 1693 φωνάςι
2765 1618 2950 1691 θρηνῶ
3002 1613 3195 1669 λοιπὸν
3244 1618 3351 1668 τῶν
3412 1605 3620 1666 ἀσεϐῶν
3665 1611 3765 1678 τὴν

2116 1704 2415 1777 ἀπώλειαν,
2468 1704 2557 1759 καὶ
2610 1704 2833 1779 γίνομαι
2882 1702 3268 1781 φιλάνθρωπος
3331 1706 3449 1762 τοῖς
3521 1702 3763 1772 μισοῦσι,

2113 1795 2203 1849 καὶ
2245 1798 2471 1849 τοιαῦτα
2520 1792 2861 1872 φθέγγομαι·
2913 1796 3035 1855 Πῶς
3097 1791 3351 1867 ἐγένοντο
3412 1790 3486 1851 εἷς
3541 1788 3764 1864 ἐρήμω-

2116 1903 2235 1952 σιν;
2315 1882 2528 1954 έξάπινο
2600 1881 2868 1953 ἐξέλιπον,
2945 1879 3231 1936 ἀπώλοντο
3310 1878 3399 1934 διὰ
3470 1880 3567 1947 τήν
3648 1878 3766 1931 ἀνο-

2123 1973 2244 2045 μίαν
2315 1972 2513 2044 αὐτῶν,
2572 1972 2646 2032 ὡς
2720 1972 3000 2046 κονιορτὸς
3057 1971 3113 2025 ὄν
3178 1969 3425 2048 ὑφείλετο
3474 1972 3587 2041 (17)
3644 1966 3764 2021 λαί-

2117 2060 2248 2134 λαψ,
2329 2061 2401 2122 ὡς
2477 2064 2644 2135 χνοῦς
2726 2060 2813 2114 ὑπ’
2871 2059 3068 2132 ἀνέμου
3120 2056 3628 2134 διαρριπτούμενος,
3688 2055 3764 2116 ὡς

2117 2150 2313 2217 ἑωθινή
2366 2145 2578 2222 δρόσος,
2639 2148 2714 2209 ὡς
2774 2147 2959 2223 ῥοῖζος
3016 2149 3355 2224 πεμφθέντος
3415 2145 3633 2220 βέλους,
3688 2142 3762 2204 ὡς

2114 2234 2401 2315 προσϐολὴ
2460 2240 2717 2315 βροντῆς,
2774 2238 2846 2300 ὡς
2899 2239 3144 2314 ἀστραπὴ
3196 2235 3502 2308 διᾴττουσα.
3552 2236 3615 2291 El
3668 2235 3762 2307 μὲν

2116 2326 2206 2384 οὖν
2240 2333 2329 2383 νῦν
2372 2330 2485 2402 (18)
2537 2329 2957 2399 μεταπεισθεῖεν,
2988 2326 3099 2399 καὶ,
3157 2332 3258 2395 τῆς
3306 2324 3526 2393 πολλῆς
3554 2325 3765 2379 παυσά-

2120 2438 2270 2491 μενοι
2305 2420 2415 2488 (19)
2446 2416 2658 2486 πλάνης
2702 2415 2790 2470 καὶ
2826 2417 2995 2489 μέθης
3039 2412 3420 2488 μεταδιώξαιεν
3470 2415 3569 2482 τὴν
3618 2410 3762 2482 aM-

2116 2528 2281 2581 θειαν,
2303 2506 2448 2581 τάχα
2479 2506 2536 2560 ἂν
2568 2526 2619 2559 τι
2668 2506 2881 2579 γένοιτο
2929 2502 3119 2580 κέρδος
3152 2503 3334 2565 αὐτοῖς
3366 2501 3456 2557 καὶ
3485 2506 3582 2557 τοῦ
3612 2502 3761 2556 πτώ-

2119 2618 2285 2670 ματος
2312 2618 2324 2631 ·
2359 2593 2543 2663 ἐπειδή
2576 2595 2664 2649 καὶ
2694 2595 2756 2649 τὸ
2796 2592 3149 2663 παιδευθῆναι
3202 2596 3315 2667 (20)
3370 2589 3642 2653 πολλάκις
3685 2590 3760 2653 εἰς

2114 2687 2281 2743 καλὸν
2336 2692 2453 2748 τοῖς
2499 2687 2840 2761 πάσχουσιν
2905 2685 2950 2738 εί
3011 2682 3054 2739 δ’
3086 2684 3173 2738 ἐπὶ
3200 2691 3300 2753 τῆς
3333 2682 3500 2751 αὐτῆς
3550 2682 3759 2755 μένοιεν

2113 2777 2366 2853 γνώμης,
2412 2774 2502 2829 καὶ
2547 2775 2895 2849 περιέχοιντο
2942 2777 3051 2828 τῶν
3107 2770 3350 2827 εἰδώλων
3402 2769 3498 2839 ἔτι,
3535 2767 3695 2841 μηδὲ,
3730 2770 3759 2823 ὃ

2113 2864 2203 2919 καὶ
2259 2862 2385 2925 τοὺς
2438 2862 2687 2933 ἠλιθίους
2744 2859 2985 2917 παιδεύει
3044 2862 3180 2934 (21),
3239 2858 3619 2937 σωφρονισθεῖν
3684 2861 3753 2930 τῇ

2116 2956 2386 3030 συμφορᾷ.
2436 2952 2542 3020 Τὴν
2595 2951 2688 3024 μὲν
2738 2949 3099 3023 Ἰερουσαλὴμ
3126 2951 3313 3024 θρηνεῖ
3355 2950 3607 3001 τοσοῦτον
3655 2946 3753 3001 Ἱε-

2117 3042 2331 3119 ρεμίας,
2366 3040 2504 3095 ὥστε
2547 3041 2636 3095 καὶ
2682 3045 2800 3101 τοῖς
2848 3038 3087 3115 ἀψύχοις
3132 3036 3497 3093 διακελεύεται
3538 3041 3760 3109 θρῆνον,

2114 3132 2203 3186 καὶ
2231 3135 2336 3185 τῶν
2368 3134 2570 3205 τειχῶν
2602 3127 2959 3200 προκαλεῖται
2989 3125 3243 3202 δάκρυον.
3300 3124 3524 3184 Τούτοις
3575 3121 3634 3178 δὲ
3678 3122 3763 3186 τίς

2116 3220 2459 3295 εὑρεθήσεται
2513 3224 2710 3293 θρῆνος
2764 3216 3021 3287 ἐπάξιος;
3064 3218 3129 3272 Ἦ
3179 3215 3264 3277 τίς
3314 3214 3371 3269 ἂν
3414 3211 3668 3289 ὀδύραιτο
3697 3214 3765 3267 τὰ

347 3305 415 3357 ut
436 3302 611 3358 rebus
634 3320 866 3376 quoque
888 3306 1165 3363 inanimis
1188 3308 1408 3363 luctum
1433 3311 1696 3380 imperet,
1714 3328 1779 3365 ac
1803 3328 2001 3366 muros

2125 3307 2353 3383 παρόντα
2381 3308 2515 3379 (22),
2548 3305 2698 3382 ἀφεὶς
2730 3304 2795 3358 τὰ
2822 3311 2922 3373 τῆς
2957 3302 3269 3377 μελλούσης
3303 3300 3549 3379 δακρύειν
3592 3299 3759 3356 κολά-

352 3391 425 3446 ad
454 3389 744 3464 lacrymas
795 3395 996 3450 invitet
1025 3396 1087 3450 3".
1124 3396 1223 3451 His
1252 3414 1384 3451 vero
1434 3397 1566 3468 quis
1598 3400 1741 3453 satis
1791 3401 2005 3470 dignus

353 3478 548 3536 luctus
597 3480 966 3538 invenietur?
994 3486 1108 3539 Aut
1136 3486 1264 3555 quis
1310 3491 1623 3556 praasentes
1654 3504 1854 3543 eorum
1885 3506 2003 3559 pm-

355 3586 463 3626 nas
494 3570 724 3637 deﬂeat,
757 3588 822 3627 ao
854 3589 967 3626 non
1018 3573 1213 3643 potius
1244 3575 1505 3628 futurum
1551 3576 1873 3631 cruciatum
1907 3579 2003 3632 de-

352 3658 562 3732 ploret,
596 3676 698 3731 pro
719 3676 785 3715 eo
817 3662 966 3731 quod
1002 3662 1176 3718 stulte
1207 3669 1468 3735 egerunt,
1503 3672 1555 3719 el
1582 3665 1782 3736 procul
1816 3683 2003 3721 reces-

350 3754 556 3805 serunt
575 3750 639 3817 '5,
676 3766 741 3805 ac
780 3755 1107 3806 creaturam
1134 3769 1247 3824 prae
1281 3752 1546 3808 Creatore
1577 3754 1883 3809 coluerunt
1912 3756 1956 3789 ³⁸
1990 3773 2001 3809 :

2116 3416 2269 3465 σεως,
2304 3396 2412 3459 ἀνθ’
2461 3392 2532 3449 ὧν
2574 3394 2994 3472 ἠφρονεύσαντο,
3044 3392 3131 3447 καὶ
3182 3390 3613 3467 ἀμακρύνθησαν,
3671 3389 3760 3443 καὶ

2115 3484 2432 3559 έλάτρευσαν
2482 3483 2549 3557 τῇ
2595 3484 2761 3538 κτίσει
2805 3482 2951 3558 παρὰ
2997 3483 3088 3536 τὸν
3136 3481 3419 3535 κτίσαντα·
3473 3480 3535 3535 οὐ
3596 3479 3758 3553 μόνον

2117 3573 2193 3647 δὲ,
2227 3573 2373 3630 ἀλλὰ
2426 3573 2515 3627 καὶ
2563 3578 2677 3635 τοῖς
2728 3572 3046 3649 λατρεύουσι
3096 3576 3176 3643 τῷ
3226 3575 3341 3641 Θεῷ
3374 3569 3759 3638 ἐπανέστησαν,

2115 3663 2203 3717 καὶ
2230 3667 2393 3738 χεῖρα
2421 3661 2817 3716 ἐπανετείναντο
2850 3656 3081 3730 δυσσεϐῆ
3128 3660 3216 3714 καὶ
3268 3658 3532 3713 τοιούτων
3579 3662 3759 3713 κακῶν

2115 3750 2259 3821 ἀξίαν
2287 3770 2300 3820 ;

350 3854 456 3894 nec
486 3855 553 3894 eo
579 3840 858 3908 contenti,
892 3842 1173 3897 adversus
1217 3842 1393 3897 etiam
1426 3843 1525 3898 Dei
1558 3843 1812 3899 cultores
1863 3844 2148 3915 impetum
2182 3842 2463 3908 fecerunt,
2496 3857 2856 3912 manumque
2906 3839 3147 3912 impiam
3201 3844 3376 3911 atque
3426 3837 3769 3909 hujusmodi

351 3927 524 3985 malis
558 3928 819 4001 dignam,
854 3930 1218 3986 intentarunt
1241 3934 1268 3986 ?

421 4016 604 4073 XXIX.
640 4022 855 4074 Verum
896 4019 1025 4089 hoc,
1058 4022 1556 4090 quemadmodum
1608 4022 1722 4077 Deo
1774 4027 2007 4093 gratum

355 4105 485 4173 erit,
526 4106 604 4161 ita
654 4124 715 4162 se
757 4108 987 4164 habeat.
1044 4110 1257 4181 Ecquis
1311 4112 1469 4165 novit
1515 4128 1653 4166 num
1706 4116 1877 4179 Deus,
1912 4112 2011 4183 qui

358 4194 530 4251 solvit
559 4197 918 4267 compeditos
939 4198 1002 4263 ⁸⁷,
1031 4214 1381 4270 gravemque
1404 4204 1461 4253 et
1483 4200 1647 4255 humi
1677 4205 2010 4273 vergentem

359 4300 392 4340 a
423 4283 608 4355 portis
635 4286 840 4340 mortis
865 4288 921 4340 in
947 4285 1128 4341 altum
1171 4288 1444 4342 subvehit
1464 4289 1527 4358 ⁸⁸,
1561 4290 1659 4359 qui
1693 4290 2011 4360 peccatoris

358 4377 607 4429 mortem
658 4389 773 4428 non
824 4373 948 4427 vult
978 4375 1042 4442 3°,
1076 4376 1173 4430 sed
1226 4376 1499 4443 reditum,
1534 4378 1631 4447 qui
1683 4395 1789 4433 nos
1833 4380 2009 4433 etiam

356 4461 516 4533 ipsos
542 4462 600 4515 in
624 4462 882 4517 tenebris
905 4466 959 4517 et
980 4465 1191 4518 umbra
1213 4466 1417 4519 mortis
1467 4467 1756 4536 sedentes,
1791 4467 2008 4522 illumi-

355 4550 514 4606 navit
544 4552 606 4617 9°,
642 4566 709 4607 ac
739 4550 1025 4622 sapientia
1058 4552 1355 4623 instruxit,
1382 4553 1485 4609 hos
1512 4572 1742 4626 quoque
1771 4557 2009 4610 tandem

2191 4020 2311 4077 KO'.
2345 4022 2514 4073 Τοῦτο
2551 4018 2644 4091 μὶν
2680 4016 2906 4089 οὖν,ὄπη
2932 4022 3009 4088 τῷ
3032 4022 3145 4089 Θεῷ
3166 4014 3354 4095 φίλον,
3378 4015 3549 4077 οὕτως
3572 4014 3766 4090 ἐχέτω.

2119 4107 2211 4170 Τίς
2242 4106 2382 4162 οἶδεν
2416 4108 2461 4161 εἰ
2485 4108 2511 4161 ὁ
2536 4106 2680 4161 λύων
2706 4107 2832 4168 τοὺς
2852 4105 3058 4174 πεπεδη
3071 4107 3262 4179 μένους
3287 4105 3533 4175 θεὸς,καὶ
3555 4104 3763 4180 ἀνάγων

2122 4196 2182 4251 έκ
2210 4202 2317 4252 τῶν
2378 4194 2565 4251 πυλῶν
2618 4200 2715 4251 τοῦ
2765 4196 2993 4250 θανάτου
3040 4196 3130 4249 τὸν
3180 4195 3344 4271 βαρύν
3392 4215 3450 4249 τε
3500 4194 3589 4248 καὶ
3620 4194 3767 4248 κάτω

2120 4286 2361 4356 νεύοντα,
2408 4287 2435 4340 ὁ
2491 4287 2564 4359 μή
2620 4282 2954 4360 βουλόμενος
2977 4282 3073 4338 τοῖ’)
3105 4282 3436 4360 ἀμαρτωλοῦ
3466 4285 3555 4338 τὸν
3608 4280 3769 4345 θάνα-

2118 4398 2230 4446 τον,
2273 4375 2418 4431 ἀλλᾶ
2464 4378 2561 4445 τὴν
2605 4371 2888 4445 ἐπάνοδον,
2924 4374 2951 4428 ὁ
2981 4373 3071 4429 καὶ
3103 4376 3252 4446 ἡμᾶς
3283 4372 3624 4445 καθημένους

2122 4464 2173 4520 έν
2248 4465 2425 4520 σκότει
2501 4464 2589 4518 καὶ
2661 4468 2784 4534 σκιᾷ
2850 4462 3076 4527 θανάτου
3136 4462 3371 4540 φωτίσας
3428 4461 3518 4516 καὶ
3574 4460 3777 4515 συνετί-

2118 4574 2213 4615 σας
2246 4556 2379 4629 (24),
2410 4553 2499 4608 καὶ
2531 4551 2756 4615 τούτους
2787 4554 2917 4607 ποτὲ
2960 4549 3318 4625 ἀναλήψεται,
3375 4553 3465 4606 καὶ
3512 4555 3775 4624 ποιμανεῖ

428 4686 471 4759 ’(⁷
502 4683 653 4740 Psal.
688 4686 971 4759 LI;x1x,_7A;
1016 4686 1168 4741 Psal.
1202 4704 1357 4751 XLIII,
1394 4689 1478 4743 15.
1555 4690 1597 4723 ⁷⁸
1630 4690 1781 4744 Psal.
1818 4707 2002 4759 LXXIX,
2034 4690 2089 4743 9.
2166 4690 2211 4723 7°
2244 4688 2386 4744 Ibid.
2439 4689 2526 4743 14.
2602 4688 2647 4723 ⁸ο
2678 4687 2826 4744 Psal.
2881 4705 3053 4755 LXXII,
3110 4688 3195 4759 19.
3271 4688 3316 4724 ⁸1
3348 4688 3477 4743 Job.
3528 4704 3643 4759 xxI,
3682 4687 3770 4741 18.

356 4757 403 4794 ⁸²
431 4757 567 4829 Sap.
600 4774 653 4827 v,
690 4758 775 4810 15.
854 4754 899 4829 3?
928 4756 1071 4812 Osee
1104 4775 1177 4824 v1,
1214 4760 1261 4812 4.
1339 4759 1385 4794 δι
1419 4760 1632 4815 Thren.
1666 4778 1726 4827 II,
1751 4764 1804 4815 8.
1881 4763 1924 4796 ⁸⁵
1953 4754 2008 4817 ἇὲ

2125 4777 2167 4816 I.
2199 4779 2258 4829 x,
2287 4762 2377 4816 21.
2454 4760 2498 4795 ⁸⁸
2528 4760 2697 4816 Rom.
2732 4777 2773 4829 I,
2804 4760 2894 4814 25.
2971 4760 3014 4794 ⁸⁷
3047 4758 3202 4815 Psal.
3234 4775 3392 4827 CXLV,
3423 4760 3476 4811 7.
3554 4758 3598 4792 ⁸⁸
3630 4759 3771 4829 Sap.

353 4845 469 4897 XVI,
504 4828 589 4884 13.
667 4828 712 4863 3°
742 4828 947 4883 Ezech.
980 4846 1178 4895 xxxm,
1216 4831 1299 4885 11.
1377 4832 1420 4866 νο
1451 4832 1586 4887 Luc.
1623 4851 1660 4903 ι,
1690 4833 1781 4888 79.

429 4967 534 5038 (16)
566 4962 1021 5044 ᾼελυμασμῖνην.
1075 4969 1202 5023 Sav.
1249 4969 1308 5025 in
1355 4986 1541 5043 marg.
1598 4974 1654 5026 et
1700 4975 1858 5026 Pass.
1912 4969 2007 5024 λυ·
2039 4979 2086 5044 D

358 5037 713 5110 μαινομένην.

423 5106 862 5184 (17))ἰρείλετᾳ
897 5110 990 5165 Sic
1022 5115 1183 5167 Pass.
1220 5112 1435 5184 aliique
1467 5113 1693 5169 codices
1743 5129 2008 5170 commu-

352 5181 713 5259 niu_s_._E_d_i'ti,_
745 5181 1020 5259 ὑφείλατο.

425 5255 533 5327 (18)
556 5252 628 5328 Εἰ
663 5253 754 5325 μὲν
789 5250 877 5306 οὖν
901 5258 1194 5328 νβν.Ρεεε.
1221 5254 1688 5328 aliique_plures,
1710 5258 1860 5328 γοῦν.
1888 5260 2011 5311 Mox

425 5272 533 5327 (ιό)
564 5272 628 5309 1m
663 5274 754 5325 μεν
789 5274 877 5306 ουν
901 5272 1194 5310 vuv.r'ass.
1221 5272 1438 5325 amque
1468 5272 1688 5379 plures,
1710 5274 1860 5328 γουν.
1889 5272 2010 5311 MOX

350 5325 513 5383 Pass.
551 5326 727 5399 Regg.
763 5332 819 5382 et
850 5327 1008 5383 Colb.
1046 5327 1271 5399 plures,
1299 5321 1466 5396 μετοιῦ
1513 5330 1689 5393 ηθεῖεν
1718 5325 1805 5379 καὶ
1843 5347 2010 5399 μετα-

352 5394 786 5453 πιισθεῖενΪᾸΙίἰ
818 5416 930 5455 non
986 5394 1152 5469 pauci
1186 5394 1401 5453 habent
1433 5403 1699 5470 tantum,
1737 5394 2011 5470 μεταϐλη-

355 5474 625 5543 θεῖεν,ρι·ο
659 5472 1077 5543 μεταπιισθιῖεν.
1113 5472 1180 5525 Et
1209 5476 1361 5524 certe
1394 5469 1735 5543 alterutrum
1770 5473 2007 5527 sufﬁcit.

426 5541 539 5610 (19)
572 5541 916 5612 Παυσάμενοι
993 5544 1166 5613 Regg.
1202 5547 1478 5611 quatuor,
1530 5542 1684 5598 Colb.
1721 5545 1777 5610 k,
1824 5546 1919 5599 Or.
1957 5546 2006 5611 1,

353 5617 489 5683 etc.,
538 5613 921 5685 ἀνανήψαντες,
956 5636 982 5663 ‹‹
1016 5616 1088 5668 ad
1138 5631 1261 5668 sese
1310 5614 1639 5685 redeuntes,
1684 5617 1752 5669 ad
1804 5632 2008 5670 sanam

355 5690 631 5768 mentem.
668 5708 709 5768 ξ-
726 5684 1023 5768 γαίιυορίί
1051 5686 1271 5768 .codex,
1319 5684 1705 5757 ἀνακύψαντες,
1738 5710 1765 5737 ‹‹
1816 5706 2008 5744 amor-

392 5760 574 5815 entes.
609 5758 873 5830 a_Gaeteri
905 5761 971 5815 ut
1000 5758 1161 5816 editi.

2120 5037 2146 5094 δ
2188 4969 2301 5093 (2οἐ
2332 4964 2714 5037 Ιῐαιδευθῆναι.
2748 4968 2842 5025 Sic
2891 4984 3095 5025 omnes
3127 4984 3267 5024 mss.
3309 4968 3413 5023 Ed.
3465 4984 3620 5034 vero,
3653 4986 3779 5019 παι-

2154 5061 2272 5094 ευεσ
2307 5059 2379 5093 αι.

2154 5059 2379 5095 ευεσυαι.

2191 5113 2298 5183 (21)
2332 5106 2485 5179 Μηδὲ
2506 5111 2543 5189 ,ὃ
2574 5111 2661 5165 καὶ
2692 5109 2817 5189 τοὺς
2850 5108 3103 5189 ἠλιθίους
3133 5107 3647 5189 παιδεύεικοῐη-[ξθξ
3668 5127 3779 5189 .co-

2121 5179 2291 5240 dices.
2335 5185 2541 5251 nostri,
2596 5189 2651 5239 et
2692 5184 2854 5240 Pass.
2914 5182 3002 5235 καὶ
3053 5182 3080 5235 ὃ
3145 5179 3286 5253 μηδὶ
3338 5180 3463 5243 τοὺς
3521 5179 3778 5251 ἠλιθίους

2118 5252 2379 5309 παιδεύει.
2439 5256 2614 5311 Deest
2642 5256 2701 5310 in
2752 5256 3027 5311 omnibus
3062 5256 3161 5325 μή,
3208 5257 3363 5327 quod
3418 5256 3691 5327 sequitur
3717 5254 3779 5308 in

2118 5328 2311 5393 editis,
2347 5344 2411 5382 ac
2441 5328 2676 5382 videtur
2704 5328 3053 5382 redundare.

2189 5400 2300 5470 (22)
2330 5398 2404 5471 Τᾷ
2451 5398 2709 5471 παρόντα.
2746 5404 2919 5471 Pass._
2943 5403 2999 5471 et
3032 5397 3139 5471 alii
3174 5396 3453 5469 plerique,
3503 5399 3610 5471 τῶν
3639 5415 3779 5471 παρ-

2121 5466 2311 5546 όντων,
2362 5466 2539 5546 ἀφεὶςί
2565 5470 2633 5546 τὰ
2680 5476 2782 5546 τῆς
2837 5466 3337 5540 μελλούσηςξθῑοη
3370 5492 3395 5519 ‹‹
3434 5470 3657 5524 omissa
3688 5466 3780 5524 fil-

2121 5544 2233 5598 turi
2269 5542 2542 5613 supplicii
2576 5542 2993 5613 deploratione.
3033 5563 3059 5588 ››

2194 5616 2307 5685 (23)
2339 5611 2708 5685 Κάθημένοίῐς-
2776 5614 2836 5668 In
2898 5617 3038 5685 Reg.
3099 5611 3197 5665 bm
3256 5617 3309 5667 et
3368 5613 3618 5668 Montac.
3678 5629 3782 5685 γρ-

2118 5684 2531 5757 καθεζομένους.

2191 5754 2639 5831 (24)’Συνετίσας.
2671 5757 2844 5817 Deest
2872 5756 2931 5815 in
2964 5754 3105 5827 Reg.
3134 5754 3175 5810 l.
