4148 6290
529 411 614 473 ’10
1774 421 1837 479 S.
1888 416 2261 478 GREGORII
2307 416 2702 478 THEOLOGI

528 561 726 600 sonum
752 547 1076 601 cantionum
1090 555 1316 604 tuarum
1345 554 1400 604 et
1409 552 1690 621 psalmum
1720 565 2053 621 organorum
2067 556 2185 604 tuo-

2318 567 2416 620 roo,
2474 548 2563 602 καὶ
2637 547 2855 622 ψαλμὸν

530 650 655 690 rum
683 634 1263 706 "quemadmodum
1294 642 1349 692 te
1382 640 1665 711 propheta
1695 657 1861 696 meus
1892 640 2183 695 hortatur.

530 722 712 780 David
746 728 942 779 autem
981 742 1185 781 rursus
1216 727 1392 784 libere
1424 735 1638 795 cantet,
1664 729 1780 798 ille,
1804 725 2187 800 inquam,qui

533 810 848 868 sublimem
872 812 1039 868 illum
1064 821 1117 869 et
1155 821 1528 888 arrogantem
1557 819 1786 875 Goliath
1813 817 2074 891 mysticis
2106 817 2185 871 la-

533 900 770 973 pidibus
802 903 1297 976 prostravit°‘,qui
1317 922 1419 977 per
1436 908 1948 963 mansuetudinem
1970 906 2188 961 multos

535 990 914 1060 superavit,et
946 1007 1049 1063 per
1076 993 1440 1063 spiritualem
1474 1002 1822 1051 concentum
1856 995 2188 1063 Sauli,cum

536 1096 570 1134 a
592 1095 766 1151 pravo
791 1079 1053 1135 dmmone
1080 1082 1563 1155 strangularetur,
1586 1084 1938 1139 medicinam
1972 1085 2104 1139 fecit
2124 1084 2187 1138 '9.

538 1166 736 1239 Ignem
772 1168 971 1224 facifer
1000 1174 1139 1224 tuus
1171 1172 1538 1242 exstinguat;
1574 1175 1893 1244 prudentes
1926 1178 1982 1227 et
2013 1188 2190 1226 sacrae

536 1256 789 1328 virgines
815 1258 1115 1328 lampades
1149 1277 1288 1315 suas
1338 1278 1554 1333 sponso
1587 1264 1907 1317 ascendant
1938 1262 1974 1316 ί.
2010 1261 2190 1316 Mere-

536 1346 766 1401 triciam
796 1346 1005 1401 stolam
1034 1348 1440 1421 bierOphantes
1463 1356 1635 1405 exuat
1663 1369 1675 1418 ;
1702 1352 2053 1417 sacerdotes,
2088 1366 2191 1421 pro

537 1434 747 1489 acedize
780 1435 1011 1506 spiritu,
1038 1437 1331 1507 justitiam
1364 1438 1675 1510 gloriaeque
1699 1438 1907 1494 stolam
1946 1437 2188 1504 induite,

538 1540 605 1579 ac
637 1540 913 1595 magnam
959 1524 1120 1579 illam
1170 1526 1611 1583 immaculatam
1644 1528 1860 1583 Christi
1908 1528 2190 1597 tunicam,

540 1613 718 1668 decus
750 1617 1017 1669 nostrum
1052 1620 1110 1669 et
1140 1622 1574 1672 ornamentum.

611 1700 796 1756 XXXI.
830 1702 1019 1758 Praeco
1069 1708 1208 1759 tuus
1239 1706 1434 1777 turpia
1463 1710 1519 1761 et
1550 1707 1801 1761 obscena
1846 1709 2071 1773 taceat;
2106 1704 2193 1759 di-

538 1789 673 1845 vina
720 1807 886 1847 mens
934 1808 1119 1863 praeco
1168 1793 1462 1865 loquatur.
1515 1794 1914 1867 Praestigiosos
1959 1800 2093 1849 tuos
2140 1797 2197 1848 et

3826 424 3860 479 7
3865 422 3939 482 04

2935 546 3178 623 ὀργάνων
3230 569 3325 602 σου
3359 593 3372 619 ,
3434 545 3802 606 διακελεύεταί
3858 574 3940 608 σοι

2295 638 2585 713 προφήτης
2612 635 2762 709 ἐμός·
2816 633 2987 708 ᾀδέτω
3039 634 3095 691 δὲ
3139 636 3286 698 αὖθις
3317 635 3407 690 σὺν
3451 634 3726 713 ἐλευθερίᾳ
3756 636 3942 710 Δαϐἰδ,

2298 726 2324 779 ὁ
2355 724 2443 778 τὸν
2480 723 2691 797 ὑψηλὸν
2736 726 2935 789 Γολιάθ
2986 724 3156 787 λίθοις
3215 732 3496 799 μυστικοῖς
3548 730 3660 800 (35)
3710 725 3943 785 καταϐα-

2300 814 2433 881 λὼν,
2467 817 2493 868 ὁ
2528 812 2615 868 διὰ
2643 822 2742 884 τῆς
2774 811 3081 889 πραότητος
3132 818 3242 888 (36)
3290 817 3518 885 νικήσας
3558 815 3823 890 πολλοὺς,
3855 820 3943 874 καὶ

2298 901 2386 957 διὰ
2412 910 2512 972 τῆς
2544 911 2915 977 πνευματικῆς
2949 904 3214 979 ἁρμονίας
3248 903 3575 978 θεραπεύσας
3624 905 3803 961 Σαοὺλ
3852 909 3941 963 τὸν

2295 997 2374 1064 τῷ
2403 996 2630 1067 πονηρῷ
2662 989 2880 1064 δαίμονι
2932 988 3386 1067 συμπνιγόμενον.
3440 988 3694 1048 Σϐεσάτω
3740 993 3801 1049 τὸ
3837 1001 3942 1072 πῦρ

2300 1082 2327 1135 ὁ
2361 1078 2648 1155 δᾳδοῦχος·
2703 1080 3011 1136 άπτέτωσαν
3061 1086 3139 1153 τῷ
3178 1081 3397 1158 νυμφίῳ
3448 1082 3501 1135 αἱ
3553 1082 3809 1159 φρόνιμοι
3856 1086 3945 1140 καὶ

2298 1170 2437 1245 ἱεραὶ
2469 1168 2724 1245 παρθένοι
2765 1170 2859 1231 τὰς
2906 1171 3105 1224 ἑαυτῶν
3158 1167 3472 1243 λαμπάδας.
3525 1170 3805 1235 ἀποθέσθω
3846 1175 3944 1243 τὴν

2300 1261 2564 1335 πορνικήν
2616 1260 2938 1336 ἱεροφάντης
2989 1262 3099 1330 (37)
3158 1257 3381 1328 στολην·
3443 1260 3609 1335 ἱερεῖς
3664 1260 3949 1320 ἐνδύσασθε

2302 1345 2647 1417 δικαιοσύνην
2683 1391 2697 1418 ,
2738 1348 2827 1402 καὶ
2875 1345 3213 1416 καταστολὴν
3266 1344 3427 1417 δόξης
3476 1348 3592 1402 ἀντὶ
3637 1350 3946 1424 πνεύματος

2303 1434 2551 1506 ἀκηδίας,
2581 1437 2669 1491 καὶ
2700 1436 2792 1490 τὸν
2831 1435 2996 1510 μέγαν
3043 1436 3131 1490 καὶ
3186 1435 3415 1492 ἄσπιλον
3471 1442 3680 1513 χιτῶνα
3721 1442 3948 1515 Χριστὸν

2303 1528 2437 1600 (38),
2468 1525 2529 1579 τὸ
2560 1527 2827 1601 ἡμέτερον
2860 1525 3039 1597 κόσμη
3054 1545 3147 1596 μα.

2376 1621 2503 1670 AA’.
2538 1613 2756 1689 Σιγάτω
2788 1614 2881 1674 σὸς
2911 1614 3080 1686 κῆρυξ
3109 1612 3175 1667 τὰ
3206 1610 3392 1686 ἄτιμα·
3435 1616 3752 1691 φθεγγέσθω
3780 1616 3953 1692 κῆρυξ

2303 1702 2435 1775 ἐμὸς
2465 1704 2531 1757 τὰ
2560 1699 2731 1759 ἔνθεα.
2772 1701 2979 1756 Παῦσόν
3032 1722 3126 1756 σου
3174 1703 3270 1764 τὰς
3315 1704 3575 1779 γοητικάς
3624 1704 3714 1759 καὶ
3765 1726 3955 1777 μαντι-

2302 1793 2398 1853 κὰς
2433 1787 2676 1868 βίϐλους·
2730 1792 2782 1845 αἱ
2832 1790 3166 1868 προφητικαὶ
3214 1793 3324 1865 (39)
3358 1789 3413 1846 δὲ
3453 1792 3543 1847 καὶ
3592 1790 3954 1847 ἀποστολικαὶ

544 1878 814 1936 fatidicos
861 1879 1041 1936 libros
1091 1899 1325 1953 preme;
1364 1884 1684 1955 prophetici
1739 1888 1931 1939 autem
1984 1882 2091 1938 soli
2140 1886 2196 1937 et

2318 1881 2463 1949 αόναι
2496 1878 2970 1937 ἀνελιττέσθωσαν.
3020 1880 3276 1956 Ἐπίσχες
3324 1902 3419 1935 σου
3458 1883 3554 1943 τὰς
3601 1881 3838 1958 αῗσχράς
3870 1881 3955 1936 καὶ

2388 1969 2400 1984 ,
2586 1970 2690 1984 ,νη
2900 1968 2913 1984 ι
3110 1969 3123 1984 ι
3340 1969 3354 1984 ς
3560 1975 3589 1984 ..
3700 1973 3711 1984 .
3809 1972 3824 1984 .
3907 1972 3919 1984 .

542 1967 842 2039 apostolici
890 1969 1249 2026 evolvantur.
1287 1972 1488 2027 Foedas
1518 1977 1652 2027 tuas
1685 1977 1741 2027 et
1788 1972 2045 2027 tenebris
2077 1971 2197 2043 ple-

543 2073 650 2113 nas
682 2062 879 2114 noctes
930 2059 1170 2126 cohibe;
1206 2076 1311 2132 ego
1344 2066 1545 2116 contra
1597 2078 1765 2117 sacra
1803 2067 1859 2115 et
1907 2060 2201 2116 luculenta

543 2145 696 2201 108
728 2147 1031 2219 pervigilia
1062 2150 1344 2204 excitabo.
1379 2150 1564 2222 Adyta
1595 2154 1698 2205 tua
1728 2154 1784 2204 et
1812 2150 1936 2204 vias
1969 2149 2026 2203 in
2059 2150 2199 2203 Tar-

542 2239 737 2289 tarum
770 2236 1019 2292 ferentes
1068 2238 1302 2293 obstrue
1338 2255 1349 2293 :
1386 2255 1489 2310 ego
1544 2239 1885 2311 perspicuas
1917 2242 1973 2293 et
2002 2238 2060 2292 in
2089 2254 2198 2293 cce-

541 2322 667 2380 lum
700 2324 980 2380 ducentes
1028 2328 1261 2397 praeibo.
1297 2330 1445 2393 Quot
1492 2328 1730 2383 tandem
1777 2344 2076 2383 armorum
2107 2343 2203 2399 ap-

544 2418 807 2486 paratus,
842 2431 908 2469 ac
959 2415 1365 2471 machinarum
1415 2417 1825 2484 inventiones;
1862 2420 2005 2487 quot
2052 2415 2199 2471 viro-

547 2520 678 2557 rum
708 2503 999 2573 myriades
1050 2509 1107 2559 et
1134 2504 1431 2561 instructae
1464 2507 1640 2569 acies,
1679 2522 1744 2560 ea
1794 2506 2066 2577 perﬁcere
2096 2521 2201 2577 po-

546 2590 821 2659 tuissent,
856 2607 982 2662 qua:
1016 2610 1120 2647 nos
1151 2594 1419 2665 precibus
1452 2596 1611 2662 solis,
1638 2601 1693 2649 et
1724 2595 1876 2650 Deus
1904 2593 2204 2649 voluntate

550 2696 659 2736 sua
690 2678 981 2752 perfecit?
1010 2681 1199 2737 Verbo
1233 2684 1503 2739 tenebras
1534 2683 1778 2755 depulit,
1810 2684 1982 2739 verbo
2011 2683 2203 2738 lucem

507 2824 512 2828 .
549 2769 843 2840 produxit,
872 2774 1088 2826 terram
1141 2772 1418 2838 firmavit,
1452 2772 1664 2828 caelum
1696 2773 1967 2833 tornavit.
2003 2772 2204 2828 stellas

550 2858 753 2914 ordine
779 2858 1101 2928 constituit,
1123 2878 1315 2916 aerem
1340 2862 1575 2933 sparsit,
1607 2862 1752 2916 mari
1779 2861 1995 2917 limites
2016 2862 2204 2933 impo-

550 2946 690 3012 suit,
742 2946 947 3003 ﬂuvios
997 2950 1192 3019 traxit,
1244 2951 1575 3007 animantes
1626 2952 1741 3005 vita
1788 2954 1963 3021 atque
2008 2952 2207 3005 anima

550 3034 1111 3105 donavit,hominem
1144 3039 1215 3093 ad
1248 3039 1494 3095 formam
1529 3056 1697 3093 suam
1733 3040 1978 3106 efﬂuxit,
1995 3043 2206 3094 ornatu

551 3138 645 3179 res
678 3124 1085 3181 circumcinxit
1115 3143 1315 3182 omnes
1348 3146 1360 3183 :
1396 3129 1567 3183 verbo
1608 3128 1805 3195 etiam,
1842 3127 2033 3183 soluta
2062 3144 2206 3199 prae-

551 3214 703 3270 senti
722 3213 994 3286 caligine,
1026 3216 1224 3271 omnia
1245 3216 1303 3270 in
1337 3217 1527 3272 lucem
1556 3222 1724 3287 atque
1757 3216 2021 3272 ordinem
2043 3232 2206 3271 eum-

2306 1969 2531 2031 σκότους
2580 1970 2693 2043 (40)
2742 1968 3014 2042 γεμούσας
3064 1969 3280 2030 νύκτας·
3330 1969 3601 2046 ἀντεγερῶ
3654 1973 3751 2033 τὰς
3809 1972 3953 2047 ἱερὰς

2308 2059 2416 2134 ἐγὼ
2444 2056 2533 2113 καέ
2571 2055 2829 2133 λαμπρὰς
2877 2054 3229 2133 παννυχίδας.
3281 2060 3489 2135 Φρᾶξον
3539 2061 3604 2114 τὰ
3652 2057 3824 2115 ἅδυτά
3867 2080 3956 2114 σου

2309 2148 2399 2203 καὶ
2449 2148 2543 2209 τὰς
2589 2147 2666 2209 εἷς
2714 2141 2848 2217 ᾅδου
2898 2147 3163 2224 φερούσας
3216 2146 3396 2209 ὁδούς·
3431 2148 3535 2225 ἐγώ
3582 2150 3679 2211 τὰς
3731 2151 3955 2227 φανερὰς

2314 2237 2403 2292 καὶ
2436 2236 2697 2315 φερούσας
2746 2236 2883 2311 πρὸς
2934 2235 3161 2313 οὐρανὸν
3196 2240 3307 2310 (41)
3361 2236 3737 2313 ἐξηγήσομαι.
3793 2238 3957 2293 Πόσαι

2307 2330 2475 2382 ταῦτα
2532 2328 2645 2399 (42)
2699 2324 3030 2399 κατέπραξαν
3087 2323 3145 2379 ἂν
3209 2323 3395 2381 ὅπλων
3459 2326 3790 2402 παρασχευαί
3869 2327 3953 2381 καὶ

2315 2414 2733 2490 μηχανημάτων
2788 2413 3019 2467 ἐπίνοιαι
3055 2433 3068 2483 ;
3101 2413 3264 2469 πόσαι
3318 2412 3576 2492 μυριάδες
3628 2413 3840 2492 ἀνδρῶν
3876 2415 3959 2470 καὶ

2312 2503 2606 2582 φάλαγγες,
2666 2501 2764 2557 ὅσα
2821 2501 3147 2565 ἱκετεύοντες
3212 2503 3372 2577 μόνον
3433 2506 3632 2578 ἡμεῖς,
3691 2506 3780 2560 καὶ
3835 2505 3959 2566 θεὸς

2316 2590 2604 2669 βουληθεὶς
2665 2592 3056 2666 κατειργάσατο
3110 2610 3123 2661 ;
3177 2592 3338 2667 Λόγῳ
3387 2594 3450 2648 τὸ
3509 2590 3701 2658 σκότος
3760 2593 3914 2650 ἔλυσε
3947 2638 3960 2665 ,

2312 2681 2464 2758 λόγῳ
2492 2684 2555 2735 τὸ
2608 2685 2720 2759 φῶς
2769 2681 3104 2751 ὑπεστήσατο
3139 2684 3270 2754 (43),
3303 2680 3504 2758 ἥδρασε
3531 2691 3656 2757 γῆν,
3699 2682 3959 2759 ἐγύρωσεν

2315 2771 2565 2847 οὐρανὸν,
2625 2768 2847 2845 ἀστέρας
2902 2767 3114 2840 ἔταξεν,
3176 2767 3413 2847 ἔσπειρεν
3463 2770 3630 2846 ἀέρα,
3691 2770 3959 2835 θάλασσαν

2314 2860 2498 2936 ὥρισε,
2547 2858 2829 2931 ποταμοὺς
2877 2855 3112 2931 εἷ’λκυσε,
3167 2864 3277 2929 ζῶα
3322 2859 3619 2936 έψύχωσεν,
3672 2858 3956 2934 ἄνθρωπον

2313 2950 2450 3027 πρὸς
2482 2948 2666 3004 ἑαυτὸν
2702 2947 3009 3023 ἐμόρφωσε,
3039 2948 3244 3022 κόσμον
3276 2954 3391 3011 τοῖς
3424 2951 3588 3003 ἅπασι
3637 2950 3951 3025 περιέθηκε·

2315 3038 2465 3115 λόγῳ
2514 3038 2603 3093 καὶ
2651 3038 2749 3106 τὴν
2799 3041 2890 3091 νῦν
2942 3038 3283 3111 σκοτόμηναν
3335 3041 3447 3113 (44)
3496 3037 3689 3110 λύσας,
3721 3037 3797 3100 εἷς
3847 3041 3958 3116 φῶς

2317 3128 2525 3183 ἅπαντα
2552 3127 2644 3181 καὶ
2690 3127 2835 3197 τάξιν
2869 3125 2958 3181 καὶ
3005 3127 3267 3203 ἁρμονίαν
3313 3128 3412 3196 τὴν
3472 3126 3640 3196 αὐτὴν
3694 3128 3955 3203 ἐπανήγα-

2317 3238 2430 3293 γεν.
2464 3215 2577 3274 Οὐκ
2606 3211 2682 3269 ἔτι
2737 3215 2831 3288 μὲν
2887 3213 3076 3291 λίχνοι
3122 3214 3211 3270 καὶ
3261 3213 3535 3285 ἀπατηλοὶ
3585 3213 3841 3289 δαίμονες
3882 3212 3963 3269 δυ-

552 3302 802 3373 demque
823 3310 1168 3359 concentum
1192 3306 1441 3360 reduxit.
1475 3306 1599 3360 Non
1636 3286 1759 3376 jam
1788 3305 2123 3378 liguritores
2153 3311 2205 3361 et

2318 3305 2683 3361 ναστεύουσιν·
2737 3304 2836 3359 οὐκ
2880 3300 2955 3359 ἔτι
3010 3302 3066 3359 δὲ
3112 3299 3488 3380 καθυϐρίζεται
3532 3304 3704 3366 κτίσις
3737 3304 3790 3359 ἐν
3836 3305 3968 3378 σχή-

551 3391 1217 3449 fraudulentidaemones
1237 3410 1435 3449 rerum
1462 3395 1795 3466 potiuntur:
1824 3412 1937 3450 non
1958 3396 2081 3465 jam
2102 3395 2211 3451 sub

549 3481 791 3537 honoris
823 3482 1067 3536 obtentu
1102 3482 1458 3538 contumelia
1490 3487 1765 3537 creaturae
1796 3483 2212 3550 infertur,dum

552 3586 657 3642 pro
689 3570 806 3625 Deo
851 3572 1149 3625 adoratur.
1188 3571 1379 3641 Dejice
1404 3572 1530 3641 jam
1580 3571 1943 3643 Tripolemos
1974 3578 2127 3639 tuos,
2160 3576 2217 3627 et

553 3659 777 3725 Geleos,
810 3663 867 3713 et
899 3660 1176 3730 mysticos
1207 3660 1511 3715 dracones.
1550 3661 1765 3715 Pudeat
1799 3668 1847 3715 le
1874 3661 2113 3716 tandem
2147 3659 2216 3715 li-

553 3748 794 3804 brorum
850 3748 1087 3821 Orphei,
1141 3749 1395 3821 theologi
1446 3749 1885 3822 tui;temporis
1934 3750 2215 3806 beneficio

557 3842 740 3907 utere,
773 3837 1200 3909 turpitudinem
1231 3837 1337 3893 tibi
1372 3838 1777 3911 contegentiis.
1812 3839 1972 3904 Quod
2005 3839 2054 3894 si
2095 3839 2216 3894 haec

556 3926 766 3982 fabulae
798 3930 854 3982 et
904 3928 1184 3999 ﬁgmenta
1212 3932 1371 3995 sunt,
1421 3945 1525 4000 ego
1557 3932 1659 3983 tua
1707 3929 1892 3983 noctis
1938 3928 2219 4001 mysteria

561 4016 927 4086 patefaciam.

631 4106 978 4160 XXXII.Non
1005 4108 1128 4176 jam
1163 4122 1415 4177 quercus
1443 4106 1742 4177 loquitur;
1772 4123 1887 4161 non
1913 4108 2037 4177 jam
2057 4105 2218 4162 lebes

561 4193 947 4260 vaticinatur;
984 4212 1100 4248 non
1140 4195 1264 4263 jam
1309 4195 1513 4265 Pythia
1560 4195 1859 4266 impletur,
1895 4196 2045 4250 haud
2096 4196 2217 4251 scio

565 4282 804 4353 quibus,
838 4282 1052 4337 fabulis
1088 4287 1239 4337 certe
1271 4287 1327 4338 et
1374 4282 1793 4338 deliramentis.
1828 4285 2052 4339 Rursus
2082 4288 2217 4339 Cas-

560 4370 701 4427 talia
749 4371 976 4438 siletur,
1012 4387 1077 4426 ac
1127 4370 1279 4436 silet,
1313 4376 1489 4441 atque
1534 4372 1691 4426 unda
1720 4377 1828 4439 est,
1862 4390 1976 4428 non
2024 4373 2220 4429 vatici-

563 4460 662 4516 nia
708 4461 910 4530 edens,
935 4460 1036 4514 sed
1063 4459 1246 4515 risum
1272 4459 1554 4515 excitans.
1586 4462 1809 4517 Rursus
1838 4466 2001 4517 muta
2026 4465 2223 4521 statua

560 4548 763 4623 Apollo
788 4566 801 4617 ;
836 4565 1043 4604 rursus
1076 4549 1315 4620 Daphne
1343 4551 1516 4605 arbor
1546 4554 1636 4606 est
1657 4550 1873 4607 fabulis
1897 4550 2218 4624 deplorata.

2326 3416 2452 3469 ματι
2482 3400 2651 3467 τιμῆς
2685 3393 2801 3448 ἀντὶ
2834 3398 2967 3449 Θεοῦ
3014 3392 3483 3467 προσκυνουμένη.
3512 3389 3799 3449 Κατάϐαλε
3848 3393 3964 3454 τοὺς

2323 3481 2741 3558 Τριπτολέμους
2789 3504 2905 3553 σου,
2960 3484 3048 3537 καὶ
3102 3482 3227 3545 τοὺς
3266 3481 3521 3551 Κελεοὺς,
3571 3484 3661 3538 καὶ
3712 3484 3841 3544 τοὺς
3875 3503 3965 3555 μυ-

2324 3571 2539 3634 στικοὺς
2572 3569 2887 3647 δράκονταςο
2941 3570 3259 3646 αἰσχύνθητί
3306 3592 3438 3626 ποτε
3480 3576 3599 3633 ταῖς
3649 3576 3750 3625 τοῦ
3789 3568 3969 3626 θεολό-

2322 3683 2421 3739 γου
2477 3682 2573 3716 σου
2652 3656 2867 3736 βίϐλοις
2943 3659 3228 3736 Ὀρφέως’
3291 3657 3432 3733 δέξαι
3505 3664 3603 3714 τοῦ
3664 3664 3858 3737 καιροῦ
3913 3659 3967 3712 τὸ

2326 3748 2520 3824 δῶρον,
2551 3749 2651 3817 τήν
2703 3748 3096 3823 ἀσχημοσύνην
3150 3770 3231 3803 σοι
3283 3747 3786 3824 συγκαλύπτοντος.
3828 3748 3891 3805 Ei
3919 3744 3970 3801 δὲ

2324 3844 2493 3893 ταῦτα
2527 3839 2686 3910 μῦθοι
2730 3837 2818 3892 καὶ
2868 3835 3181 3910 πλάσματα,
3228 3836 3333 3914 ἐγώ
3381 3858 3477 3892 σου
3522 3839 3589 3892 τὰ
3633 3843 3739 3907 τῆς
3790 3837 3967 3896 νυκτὸς

2328 3926 2667 4001 ἀποκαλύψω
2701 3927 2974 4001 μυστήρια
3006 3928 3138 4000 (45).

2399 4107 2515 4161 ΛΒ’.
2552 4103 2662 4158 Οὐκ
2704 4101 2780 4158 ἔτι
2834 4104 3118 4181 φθέγγεται
3170 4099 3297 4175 δρῦς
3344 4104 3479 4176 (46)·
3530 4102 3631 4158 οὐκ
3676 4101 3759 4159 ἔτι
3810 4098 3965 4169 λέϐης

2332 4192 2666 4269 μαντεύεται·
2724 4191 2824 4247 οὐκ
2877 4190 2952 4246 ἔτι
3002 4191 3172 4246 Πυθία
3218 4189 3548 4267 πληροῦται,
3600 4191 3701 4247 οὐκ
3753 4188 3971 4247 οἷδ’ὦν-

2325 4306 2512 4352 τινων,
2543 4281 2690 4351 πλὴν
2724 4280 2904 4354 μύθων
2932 4282 3021 4335 καὶ
3048 4279 3193 4356 ληρη
3206 4279 3411 4353 μάτων.
3436 4280 3606 4335 Πάλιν
3640 4283 3674 4350 ἡ
3708 4275 3968 4336 Κασταλία

2328 4372 2627 4446 σεσίγηται,
2677 4370 2767 4423 καὶ
2807 4373 2953 4443 σιγᾷ,
3001 4367 3090 4423 καὶ
3139 4365 3286 4444 ὕδωρ
3338 4367 3477 4423 ἐστὶν
3535 4367 3598 4422 ού
3651 4366 3971 4440 μαντευόμε-

2328 4482 2443 4530 νον,
2482 4457 2629 4514 ἀλλᾶ
2672 4457 3009 4534 γελώμενον*
3044 4455 3208 4511 πάλιν
3259 4454 3481 4532 ἀνδριὰς
3529 4458 3643 4531 (47)
3697 4454 3903 4535 ἄφωνος
3943 4451 3967 4504 ὁ

2331 4546 2650 4615 Ἀπόλλων,
2680 4543 2845 4601 πάλιν
2877 4548 2912 4615 ἡ
2964 4544 3145 4624 Δάφνη
3189 4544 3352 4623 φυτόν
3382 4545 3523 4601 ἐστιν
3569 4545 3727 4619 μύθῳ
3757 4539 3967 4619 θρηνού-

634 4685 677 4719 ⁰⁷
708 4685 887 4739 Amos
917 4701 971 4751 v,
1002 4684 1093 4738 23.
1172 4684 1215 4719 ³⁸
1243 4688 1265 4737 I
1297 4688 1434 4756 Reg.
1469 4702 1583 4751 XVI,
1615 4686 1704 4740 23.
1783 4686 1827 4720 ου
1858 4686 1879 4741 I
1912 4686 2051 4759 Reg.
2084 4704 2200 4754 xvr,
2230 4687 2322 4742 23.
2401 4688 2419 4721 ¹
2455 4680 2659 4739 Matth.
2693 4696 2821 4749 xxv,
2853 4681 2909 4735 7.

637 4817 750 4889 (35)
780 4818 1094 4889 Μνδστικοῖς.
1128 4815 1286 4873 Colb.
1321 4818 1376 4886 3,
1409 4822 1465 4873 et
1494 4823 1659 4874 Pass.
1696 4821 1991 4889 μυστικῶς.

635 4886 745 4962 (36)
779 4886 1121 4963 ΙΙραότητος.
1154 4890 1313 4945 Pass.
1347 4890 1563 4962 aliique
1596 4886 1708 4945 non
1758 4891 1949 4962 pauci,
1979 4887 2222 4966 πραΰτη-

557 4979 670 5022 τος.

774 5029 1235 5107 Ἀποθέσθω-τήν
1268 5032 1537 5107 πορνικὴν
1591 5030 1931 5107 ἱεροφάντης,
1973 5055 1993 5082 α
2031 5033 2218 5107 Mere-

563 5103 793 5177 triciam
844 5104 1049 5159 stolam
1103 5103 1522 5177 hierophantes
1575 5103 1832 5177 ex’uatt»
1865 5104 1920 5177 id
1952 5108 2062 5171 est,
2114 5106 2219 5161 Ju-

561 5176 703 5231 liani
735 5180 937 5243 morte,
983 5177 1106 5245 jam
1142 5175 1366 5232 mutata
1397 5181 1485 5231 est
1536 5192 1730 5229 rerum
1782 5175 1994 5244 facies;
2029 5177 2217 5231 ethni-

562 5265 666 5304 cus
720 5264 1019 5303 sacrorum
1054 5249 1317 5311 antistes,
1370 5246 1634 5317 deposita
1685 5247 2012 5303 meretricia
2039 5255 2218 5317 veste,

559 5319 1139 5404 vestemnlugubrem
1184 5319 1575 5404 ind‘uat:_Non
1605 5320 1721 5404 jam
1770 5322 1916 5404 festa
1965 5320 2219 5404 celebra-

560 5393 709 5449 bunt
757 5390 998 5455 ethnici,
1033 5407 1136 5445 nec
1181 5392 1239 5445 in
1283 5390 1482 5447 laetitia
1528 5392 1921 5446 versabuntur
1966 5392 2221 5449 miseriis

565 5463 785 5521 nostris
826 5463 1199 5519 insultantes.

634 5537 748 5603 (38)
781 5532 1028 5605 Χριστόν.
1064 5534 1442 5605 «Christum.
1481 5555 1507 5581 »
1540 5532 1631 5587 Sic
1664 5551 1805 5589 mss.
1841 5551 2064 5590 omnes.

634 5607 749 5731 (‘39)
780 5603 1142 5682 Ιιροφητικαί.
1202 5605 1341 5660 Mss.
1389 5621 1502 5659 non
1562 5607 1751 5675 pauci,
1784 5603 2118 5681 προφητικαί
2164 5624 2224 5658 τε

567 5695 679 5732 και.

639 5748 748 5823 (40)
780 5751 1036 5811 Σκοτους.
1083 5752 1171 5806 Ita
1218 5746 1483 5821 plerique
1531 5746 1698 5803 codd.
1749 5747 1888 5821 Reg.
1936 5764 2072 5805 vero
2121 5764 2224 5819 nu,

2252 4822 2299 4887 D
2332 4819 2428 4875 Or.
2459 4818 2511 4883 1,
2544 4818 2613 4887 et
2629 4814 2758 4869 Par.
2793 4810 3007 4868 σκότου.
3055 4812 3187 4867 Mox
3218 4811 3481 4884 plerique
3510 4811 3713 4879 etiam,
3764 4804 3967 4886 φράξαν,

2333 4905 2459 4963 pro,
2492 4885 2710 4963 φρᾶξον.
3909 4944 3920 4957 ,
3956 4943 3967 4959 κ

2398 4960 2509 5047 (41)
2538 4958 2692 5047 ,Ilpcc’
2722 4951 2965 5030 οὐρανόν.
3018 4954 3158 5026 Reg.
3192 4954 3313 5023 hm,
3347 4954 3447 5009 Or.
3482 4954 3535 5019 1,
3566 4951 3667 5012 εἰς.
3712 4953 3869 5007 Pass.
3899 4962 3967 4998 αει

2329 5028 2467 5105 πρὸς
2492 5028 2746 5105 οὐρανόν.

2401 5103 2513 5171 (42)
2546 5091 2716 5154 ΙἸόσαι
2746 5100 2933 5153 ταῦτα.
2963 5096 3100 5171 Alii,
3133 5091 3390 5171 πόσαι-ἂν
3414 5097 3601 5150 ταῦτα.

2403 5164 2514 5244 (43)
2544 5171 2927 5244 Ὑπεστήσατο.
2962 5166 3263 5244 Nonnulli,
3299 5164 3611 5244 ύπέστησεν.

2424 5236 2514 5312 41)
2541 5236 2894 5313 Σκοτόμήναν
2925 5240 3191 5313 Plerique
3224 5239 3391 5313 codd.
3427 5236 3808 5313 σκοτόμαιναν.

2424 5248 2514 5312 41)
2541 5248 2894 5313 Σκοτόμηναν
2925 5248 3191 5310 Plerique
3224 5248 3391 5294 codd.
3427 5248 3808 5311 σκοτόμαιναν.

2402 5248 2518 5385 (45)
2550 5316 2687 5385 Ἐγώ
2745 5333 2840 5366 σου
2896 5311 3057 5385 ea...“
3094 5310 3406 5385 μυστήριαζ
3439 5311 3579 5383 Reg.
3634 5310 3766 5385 _bm,
3829 5310 3971 5385 Pass.

2333 5371 2438 5463 ἐγῶ
2472 5371 2583 5443 σοι.
2618 5371 2759 5459 Reg.
2810 5386 2931 5451 bm,
2964 5371 3179 5455 aliique
3226 5371 3345 5437 t'r'es
3379 5371 3557 5455 Regg‘i
3595 5371 3762 5437 re..."
3787 5371 3971 5449 μυστή-

2371 5480 2471 5515 ιον.

2333 5481 2514 5603 ριῗξθ)
2546 5527 2657 5583 Οὐκ
2704 5523 2803 5603 ἔτι,
2835 5531 2945 5583 etc.
2982 5525 3197 5603 Eadem
3219 5523 3420 5603 legere
3459 5528 3548 5579 est
3601 5524 3757 5603 apud
3777 5517 3972 5603 .Thec-

2335 5595 2647 5673 do‘retum,
2714 5602 2791 5657 De
2854 5599 3138 5654 curatione
3202 5600 3529 5653 Graecarum
3594 5595 3972 5668 aﬂ‘ectionumy

2334 5680 2479 5732 orat.
2511 5692 2568 5729 x.

2407 5745 2521 5819 (47)
2549 5738 2821 5818 Ἀνδρίας.
2853 5741 3016 5799 Pass.
3049 5734 3262 5815 ἀδριάς.

2668 5402 2759 5459 eg.
