4148 6290
188 314 304 378 705

1186 310 1478 373 ORATIO
1524 308 1597 371 ν.
1632 344 1709 354 —
1740 307 2055 371 CONTRA
2097 306 2494 371 JULIANUM
2540 308 2615 370 Il.

3482 313 3601 375 706

197 468 380 522 μενον·
415 443 581 500 πάλιν
629 438 957 518 ἀνδρόγυνος
988 443 1015 497 6
1047 440 1322 511 Διόνυσος,
1374 441 1463 497 καὶ
1513 442 1681 518 χορὸν
1735 442 1846 511 (48)

1992 459 2166 498 ursus
2182 442 2557 514 androgynus
2569 443 3034 515 Bacchus,atque
3044 443 3339 501 ebriorum
3354 445 3599 503 chorum

196 535 503 611 μεθυόντων
538 532 924 605 ἐξηρτημένος,
975 532 1065 587 καὶ
1112 533 1175 587 τὸ
1234 533 1367 608 μέγα
1417 553 1512 585 σου
1549 533 1843 605 μυστήριον

194 628 222 681 6
255 622 493 704 φαλλὸς,
524 624 614 677 καὶ
648 621 954 698 Προσύμνῳ
982 623 1094 695 (49)
1125 627 1203 693 τῷ
1248 626 1398 692 κακῷ
1426 621 1548 683 θεὸς
1592 619 1847 684 παθαινό-

201 733 382 788 μενος·
415 710 580 766 πάλιν
616 709 832 784 Σεμέλη
884 715 1127 786 κεραυνῷ
1182 708 1472 784 βάλλεται·
1523 707 1687 763 πάλιν
1740 710 1848 781 άμ-

200 805 454 883 φιγυήεις
485 804 805 878 ἽΙφαιστος,
840 799 984 854 ἀλλὰ
1028 800 1202 875 ταχὺς
1254 799 1327 861 είς
1375 803 1587 875 μοιχῶν
1622 798 1850 874 εὕρεσιν,

200 893 289 948 καὶ
344 891 466 953 θεὸς
525 888 1002 964 κατῃθαλωμένος,
1063 888 1110 943 εἷ
1165 889 1254 943 καὶ
1311 888 1707 964 κλυτοτέχνης,
1763 884 1851 941 καὶ

205 980 464 1056 Θερσίτης
526 977 838 1051 Ὀλύμπιος
873 997 886 1009 ·
950 977 1114 1034 πάλιν
1194 976 1479 1052 δεσμώτης
1536 980 1711 1053 ’Ἄρης
1766 976 1855 1031 διὰ

208 1070 459 1146 μοιχείαν
499 1069 633 1142 μετὰ
659 1072 756 1123 τοῦ
781 1066 970 1140 δείμου
1002 1070 1134 1138 (50),
1168 1068 1378 1123 καὶτοῦ
1412 1064 1604 1145 φόϐου,
1637 1066 1723 1121 καὶ
1745 1072 1851 1121 τῶν

205 1157 505 1232 κυδοιμῶν,
565 1157 655 1212 καὶ
714 1157 1050 1233 τραυματίας
1131 1155 1220 1211 διὰ
1278 1157 1627 1232 θρασύτητα·
1688 1154 1853 1210 παλιν

204 1245 502 1328 Ἀφροδίτη
553 1246 727 1320 πόρνη
785 1247 1050 1324 γενομένη
1099 1268 1158 1301 τε
1205 1246 1472 1322 αἶ’σχρῶς,
1523 1247 1612 1300 καὶ
1664 1246 1855 1321 γάμων

206 1338 456 1413 αἰσχρῶν
512 1334 791 1412 ὑπηρέτις·
843 1333 1009 1390 πάλιν
1065 1336 1265 1405 Ἀθηνᾶ
1306 1336 1571 1411 παρθένος
1618 1333 1677 1389 τέ
1727 1334 1857 1406 ἐστι,

205 1428 301 1483 καὶ
378 1424 548 1481 τίκτει
622 1422 888 1501 δράκοντα
921 1444 932 1456 ·
994 1423 1155 1479 πάΛιν
1212 1422 1488 1501 Ἡρακλῆς
1569 1424 1858 1497 μαίνεται,

212 1513 430 1591 μᾶλλον
488 1511 547 1568 δὲ
606 1512 928 1587 μαινόμενος
986 1514 1283 1568 πέπαυται·
1342 1511 1507 1568 πάλιν
1567 1513 1634 1567 τὰ
1688 1514 1863 1567 πάντα

206 1604 410 1683 γίνεται
461 1599 531 1657 δι’
580 1601 855 1678 ἀσέλγειαν
902 1601 990 1656 καὶ
1050 1601 1373 1677 ἀκαθαρσίαν
1422 1604 1449 1657 6
1503 1602 1648 1669 Ζεὺς,
1682 1603 1709 1656 6
1753 1606 1859 1656 τῶν

210 1698 347 1759 θεῶν
381 1694 609 1766 μήστωρ
640 1694 753 1765 (51)
781 1691 870 1746 καὶ
920 1691 1141 1763 ὕπατος,
1174 1694 1261 1747 καὶ
1316 1691 1478 1764 μόνος
1535 1693 1629 1765 μὲν
1662 1692 1863 1753 πάντας

1958 548 2157 586 secum
2190 531 2447 603 trahens,
2479 537 2537 588 et
2570 549 2849 604 magnum
2878 536 3046 588 tuum
3079 534 3225 589 illud
3256 536 3601 607 mysterium

1959 619 2373 685 Phallus,deus
2397 622 2453 675 in
2478 620 2708 692 pulchri
2725 622 3065 693 Proshymni
3087 639 3340 679 amorem
3358 641 3603 696 propen-

1960 725 2081 763 sus.
2104 709 2331 764 Rursus
2353 710 2577 766 Semele
2603 709 2843 766 fulmine
2862 712 3082 767 feritur.
3110 713 3336 767 Rursus
3358 720 3605 785 utroque

1963 799 2106 869 pede
2138 798 2384 853 claudus
2417 798 2735 865 Vulcanus,
2770 818 2967 855 verum
3002 802 3059 856 in
3102 802 3606 873 deprehendendis

1963 887 2245 943 adulteris
2275 888 2429 943 idem
2463 888 2635 954 celer,
2659 893 2717 943 et
2750 889 2893 945 deus
2916 890 3159 961 fuligine
3190 892 3440 961 obsitus,
3464 897 3609 947 tam-

1964 977 2070 1031 etsi
2105 977 2294 1032 clarus
2325 977 2554 1050 artifex,
2588 995 2654 1033 ac
2693 978 2988 1033 Thersites
3023 979 3347 1052 Olympius,
3383 981 3610 1037 Rursus

1966 1065 2121 1120 Mars
2154 1082 2286 1120 cum
2320 1083 2426 1121 suo
2458 1067 2667 1123 timore
2695 1072 2753 1122 et
2794 1072 3013 1123 terrore
3042 1085 3109 1124 ac
3150 1068 3506 1125 tumultibus
3536 1071 3609 1126 ob

1967 1154 2322 1209 adulterium
2372 1155 2624 1223 vinctus,
2669 1163 2727 1213 et
2773 1158 2845 1213 ob
2908 1157 3297 1214 temeritatem
3348 1160 3608 1214 saucius.

1968 1245 2194 1299 Rursus
2219 1246 2490 1301 meretrix
2514 1250 2865 1312 Venus,tum
2886 1248 3135 1318 turpiter
3160 1248 3462 1317 progenita
3484 1254 3610 1304 tum

1969 1334 2229 1405 turpium
2289 1335 2627 1406 nuptiarum
2678 1336 3046 1391 administra.
3095 1336 3321 1393 Rursus
3353 1337 3615 1394 Minerva

1968 1423 2129 1494 virgo
2152 1427 2262 1489 est,
2285 1428 2342 1479 et
2366 1425 2676 1479 draconem
2704 1424 2871 1496 parit.
2901 1426 3123 1480 Rursus
3144 1426 3422 1482 Hercules
3450 1427 3614 1495 furit,

1970 1510 2088 1566 imo
2123 1514 2311 1568 furere
2342 1512 2533 1569 desiit.
2557 1513 2782 1569 Rursus
2829 1514 3060 1586 Jupiter
3106 1515 3180 1570 ob
3220 1514 3526 1572 libidinem
3558 1523 3616 1572 et

1974 1600 2318 1671 spurcitiem
2353 1600 2586 1672 quidvis
2618 1602 2890 1673 efficitur,
2924 1602 3041 1672 ille,
3078 1604 3343 1675 inquam,
3376 1606 3618 1661 deorum

1974 1688 2344 1745 consiliarius
2375 1694 2431 1745 et
2453 1690 2993 1763 princeps,eamque
3019 1692 3133 1747 vim
3167 1693 3409 1763 habens,
3430 1699 3495 1750 ut
3524 1711 3619 1751 so-

212 1783 305 1838 σὺν
352 1787 482 1836 πᾶσι
529 1786 646 1842 τοῖς
704 1778 851 1834 οὖσιν
901 1780 1142 1836 ἀνέλκων
1186 1780 1380 1854 θεοὺς,
1431 1781 1591 1843 αὐτὸς
1655 1777 1712 1834 δέ
1761 1780 1864 1834 ὑπὸ

1998 1796 2066 1834 us
2098 1779 2237 1835 deos
2265 1795 2467 1835 omnes
2496 1797 2627 1835 cum
2658 1780 2934 1836 omnibus
2984 1783 3135 1837 109
3179 1783 3352 1839 rebus
3381 1800 3617 1839 sursum

210 1871 424 1927 πάντων
459 1869 521 1925 ού
547 1869 964 1942 καθεΛκόμενος.
1004 1868 1172 1924 Πάλιν
1221 1875 1317 1925 τοῦ
1350 1872 1472 1931 Διὸς
1510 1871 1675 1947 τάφος
1710 1869 1758 1923 έν
1793 1873 1862 1943 τῇ

213 1962 400 2037 Κρήτῃ
431 1956 721 2015 δείκνυται.
753 1960 847 2015 Ἀν
883 1956 983 2013 ἴδω
1033 1981 1133 2013 σου
1185 1959 1277 2014 τὸν
1318 1957 1589 2035 Κερδῴον,
1639 1959 1729 2013 καὶ
1771 1960 1861 2013 τὸν

210 2049 439 2126 Δόγιον,
495 2048 584 2103 καὶ
634 2049 723 2103 τὸν
787 2049 1113 2123 Ἐναγώνιον
1179 2052 1311 2122 (52),
1372 2048 1692 2124 συγκρύπτω
1752 2050 1865 2121 (53)

213 2132 343 2201 τοὺς
378 2137 722 2217 ὀφθαλμοὺς,
774 2137 863 2191 καὶ
909 2139 1238 2213 παρατρέχω
1288 2160 1381 2192 σου
1424 2139 1514 2192 τὸν
1571 2138 1687 2201 θεὸν
1722 2135 1869 2192 αἰδοῖ

213 2231 316 2284 τοῦ
345 2228 637 2301 θεάματος·
671 2226 732 2280 σὺ
774 2224 830 2281 δέ
883 2249 974 2299 μοι
1024 2227 1309 2301 προσκύνει
1358 2229 1421 2282 τὸ
1473 2227 1724 2281 σύντονον
1770 2231 1868 2281 τοῦ

218 2316 391 2393 λόγου
423 2315 512 2371 καὶ
544 2317 606 2371 τὸ
647 2313 957 2371 σακέλλιον·
1006 2313 1060 2370 ἓν
1113 2337 1207 2370 σου
1251 2317 1411 2388 μόνον
1460 2314 1764 2387 αἰδέσιμον,
1816 2315 1868 2369 αἱ

216 2405 344 2481 παρ’
375 2402 693 2480 Αἰγυπτίοις
725 2401 792 2458 δι’
826 2400 1160 2479 ἀνδρογύνων
1211 2404 1367 2475 τιμαὶ
1417 2408 1512 2458 τοῦ
1565 2402 1782 2473 Νείλου,
1815 2401 1871 2457 αῖ

216 2513 276 2549 τε
305 2490 518 2561 Ἴσιδες,
553 2492 642 2547 καὶ
700 2493 750 2547 οἱ
803 2490 1100 2562 Μενδήσιοι
1152 2494 1263 2556 θεοὶ
1314 2496 1443 2567 (54),
1494 2493 1582 2547 καί
1615 2494 1665 2546 οἱ
1713 2494 1871 2549 Ἀπι-

223 2579 333 2651 δες,
364 2579 546 2636 τᾶλλά
573 2602 631 2636 τε
662 2580 757 2635 ὅσα
788 2580 1064 2651 πλάττεις,
1098 2582 1131 2651 ἢ
1164 2583 1404 2659 γράφεις,
1459 2582 1619 2658 θηρία
1654 2584 1875 2637 σύνθετα

222 2671 313 2725 καὶ
366 2666 683 2727 ἀλλόκοτα.
738 2669 891 2725 Γελῶ
942 2693 1035 2725 σου
1083 2672 1173 2726 τὸν
1226 2678 1385 2741 Πᾶνα,
1428 2673 1514 2726 καὶ
1563 2672 1653 2726 τὸν
1706 2672 1873 2746 Πρία-

223 2780 325 2815 πον
359 2762 490 2833 (55),
522 2759 611 2815 καὶ
642 2760 733 2814 τὸν
767 2758 1221 2837 Ἑρμαφρόδιτον,
1254 2759 1343 2815 καί
1374 2760 1499 2822 τοὺς
1531 2761 1634 2815 ὑπὸ
1683 2762 1873 2833 μανίας

225 2848 724 2924 περικεκομμένους
777 2848 809 2917 ἢ
863 2846 1285 2921 διεσπασμένους
1338 2852 1448 2923 (56)
1494 2850 1665 2910 θεούς.
1702 2849 1877 2905 Ἀλλὰ

224 2940 396 2991 ταῦτα
425 2937 517 3010 μὲν
546 2941 613 3011 τῇ
639 2941 811 3011 σκηνῇ
845 2940 957 3009 (57)
988 2941 1240 3013 παρήσω,
1280 2939 1369 2992 καὶ
1416 2944 1531 3000 τοῖς
1579 2943 1872 3012 κοσμοῦσιν

228 3024 427 3085 αὐτοὺς
479 3031 752 3093 ποιηταῖς·
797 3025 907 3101 ἐγὼ
958 3023 1013 3080 δὲ
1060 3026 1133 3089 εἰς
1185 3026 1492 3101 παραίνεσὶν
1542 3049 1663 3081 τινα
1714 3048 1874 3082 καταο

232 3111 391 3168 λύσω
422 3109 514 3167 τὸν
549 3111 710 3187 λόγον
722 3158 733 3169 .

302 3297 421 3347 AI".
454 3290 678 3366 ’Ἄνδρες
702 3291 840 3364 ὁμοῦ
870 3293 959 3347 καὶ
991 3295 1259 3368 γυναῖκες,
1291 3292 1403 3348 νέοι
1431 3314 1489 3348 τε
1518 3293 1608 3348 καὶ
1640 3292 1874 3370 πρεσϐύ-

226 3402 338 3448 ται,
401 3380 517 3435 ὅσοι
556 3402 615 3435 τε
665 3382 739 3444 εἷς
796 3381 857 3437 τὸ
913 3384 1066 3458 βῆμα
1112 3388 1272 3437 τοῦτο
1329 3389 1555 3453 τελεῖτε,
1614 3385 1703 3438 καὶ
1763 3384 1881 3440 ὅσοι

228 3470 329 3538 τὴν
396 3468 543 3524 κάτω
598 3472 825 3545 τέταχθε
882 3472 1093 3546 χώραν,
1154 3470 1345 3532 πάντες
1398 3470 1554 3533 ὅσους
1604 3474 1717 3544 (58)
1757 3472 1881 3528 έλυ-

231 3558 477 3631 τρώσατο
511 3557 725 3634 Κύριος,
757 3558 1019 3635 πρότερον
1072 3560 1163 3632 μὲν
1199 3559 1258 3613 ἐκ
1287 3562 1382 3629 τῆς
1425 3560 1634 3627 πλάνης
1664 3562 1752 3616 καὶ
1782 3570 1881 3632 τῆς

240 3645 440 3711 ἀθεέας,
498 3650 609 3701 νυνὶ
671 3645 727 3702 δὲ
782 3656 881 3717 τῆς
940 3649 1338 3710 ἐπαναστάσεως
1391 3654 1498 3704 τῶν
1555 3649 1739 3719 ἐθνῶν,
1794 3652 1881 3706 καὶ

237 3740 347 3791 τῶν
400 3734 510 3806 ἤδη
568 3759 630 3813 γε
685 3737 961 3813 παρόντων
1018 3742 1197 3791 κακῶν
1247 3740 1337 3791 καὶ
1390 3736 1880 3813 προσδοκωμένων,

240 3824 505 3879 ἀκούσατε
537 3824 702 3900 λόγον
737 3822 932 3902 ἀνδρὸς
963 3825 1022 3879 οὐ
1060 3826 1295 3899 μετρίως
1324 3827 1390 3881 τά
1436 3833 1660 3882 τοιαῦτα
1689 3851 1884 3884 πεπαι-

240 3910 525 3987 δευμένου,
559 3910 619 3970 ἔκ
643 3936 703 3970 τε
731 3919 838 3969 τῶν
874 3914 1137 3989 ὁσημέραι
1171 3911 1603 3989 συμϐαινόντων,
1635 3918 1723 3972 καὶ
1774 3924 1882 3974 τῶν

236 4000 486 4057 παλαιῶν
529 4002 802 4078 ἱστοριῶν,
856 4004 947 4059 καὶ
1010 3998 1217 4079 βίϐλων
1276 4006 1413 4078 (59),
1469 4005 1561 4060 καὶ
1619 4006 1881 4081 πράξεων.

238 4088 396 4165 Μέγα
430 4089 525 4163 μὲν
554 4092 617 4146 τὸ
652 4088 884 4165 μηδενὸς
916 4098 1235 4166 πειραθῆναι
1265 4097 1373 4147 τῶν
1423 4092 1718 4170 δυσχερῶν·
1755 4094 1883 4158 ἴσως

238 4175 295 4234 δὲ
327 4176 454 4235 οὐδὲ
496 4181 654 4256 μέγα,
707 4178 853 4258 εἷειτερ
898 4180 1111 4252 ἀληθὴς
1161 4182 1188 4235 6
1217 4179 1405 4257 λόγος,
1458 4183 1538 4237 ὅτι
1583 4187 1675 4238 Ὃν
1711 4185 1888 4260 ἀγαπᾷ

236 4268 437 4345 Κύριος
488 4269 752 4341 παιδεύει,
813 4277 1066 4348 μαστιγοῖ
1122 4269 1180 4326 δὲ
1236 4271 1407 4327 πάντα
1465 4274 1580 4328 υἷὸν
1638 4270 1695 4327 ὃν
1755 4297 1886 4329 πα-

238 4354 546 4433 ραδέχεται,
591 4359 680 4413 καὶ
734 4358 796 4415 οὗ
846 4358 1087 4431 κήδεται.
1131 4359 1309 4416 Ἀλλά
1342 4363 1477 4438 μέγα
1524 4363 1617 4435 μὲν
1648 4366 1709 4417 τὸ
1746 4362 1886 4437 μηδὲ

1975 1868 2250 1932 attrahat,
2296 1868 2423 1939 ipse
2454 1873 2646 1924 autem
2679 1869 2751 1924 ab
2782 1871 3060 1927 omnibus
3089 1871 3315 1927 detrahi
3344 1878 3621 1945 nequeat.

1974 1957 2199 2012 Rursus
2216 1957 2375 2013 Jovis
2396 1957 2731 2029 sepulcrum
2751 1959 2810 2013 in
2833 1961 3001 2016 Creta
3021 1961 3369 2017 ostenditur.
3386 1962 3621 2027 Quoties

1977 2046 2254 2100 Lucrium
2285 2050 2476 2115 tuum,
2500 2051 2556 2103 et
2584 2047 2848 2118 Logium,
2881 2054 2937 2104 et
2966 2050 3334 2121 Enagonium
3367 2051 3621 2123 intueor,

1978 2133 2175 2190 oculos
2205 2135 2436 2207 obtego,
2488 2152 2554 2190 ac
2605 2136 2921 2207 spectaculi
2976 2138 3197 2209 pudore
3241 2139 3417 2194 deum
3450 2148 3620 2195 tuum

1979 2228 2276 2295 praetereo.
2336 2223 2467 2279 Tibi
2520 2240 2654 2281 vero
2704 2241 2806 2297 per
2841 2241 2929 2280 me
2961 2243 3101 2282 sane
3127 2226 3298 2282 liceat
3330 2230 3621 2283 sermonis

1978 2313 2409 2369 contentionem
2431 2317 2487 2368 et
2506 2313 2806 2369 sacculum
2839 2316 3098 2371 adorare.
3125 2315 3315 2372 Unum
3349 2316 3537 2372 solum
3563 2316 3623 2371 in

1981 2401 2099 2457 tuis
2131 2402 2304 2457 rebus
2334 2407 2442 2469 est,
2478 2403 2633 2474 quod
2664 2404 3092 2459 venerationem
3129 2405 3621 2474 mereatur,nimi-

1985 2508 2117 2545 rum
2149 2491 2399 2547 honores
2432 2491 2495 2556 ii,
2527 2492 2627 2563 qui
2659 2493 2811 2564 apud
2843 2493 3097 2566 zEgytios
3121 2494 3247 2550 Nilo
3282 2512 3381 2566 per
3412 2495 3625 2550 andro-

1982 2599 2167 2655 gynos
2198 2582 2507 2648 habentur,
2537 2588 2594 2638 et
2625 2584 2829 2652 Isides,
2864 2588 2920 2639 et
2952 2585 3231 2641 Meudesii
3282 2585 3383 2655 dii,
3416 2590 3473 2640 et
3502 2587 3630 2657 api-

1984 2673 2107 2741 des,
2132 2676 2465 2744 ceteraeque
2498 2689 2701 2728 omnes
2728 2673 2924 2728 bestiae
2946 2690 3014 2729 ex
3036 2673 3280 2730 diversis
3311 2675 3632 2747 generibus

1986 2761 2247 2817 conflatis
2292 2766 2349 2817 et
2391 2763 2755 2835 prodigiosae,
2790 2780 2937 2834 quas
2986 2764 3272 2835 contingis
3300 2769 3358 2818 et
3412 2765 3634 2836 pingis.

1987 2850 2142 2904 Pana
2172 2856 2361 2921 tuum,
2388 2855 2446 2906 et
2464 2851 2760 2922 Priapum,
2786 2856 2842 2906 et
2864 2852 3416 2923 Hermaphroditum
3449 2854 3630 2921 rideo,

1987 2940 2243 3009 deosque
2276 2938 2428 3003 illos,
2449 2939 2549 3011 qui
2575 2956 2689 3010 prae
2722 2942 2914 2996 lurore
2945 2942 3222 2997 membris
3252 2941 3503 2997 truncati
3531 2946 3636 2997 aut

1987 3026 2263 3098 discerpti
2291 3032 2450 3082 sunt.
2484 3027 2701 3083 Verum
2732 3028 2852 3083 haec
2884 3029 3121 3100 quidem
3155 3045 3363 3099 scenae,
3398 3046 3463 3085 ac
3496 3045 3632 3102 poe-

1986 3116 2062 3171 tis
2093 3132 2191 3171 eos
2222 3116 2661 3183 exoruautibus,
2684 3117 3048 3188 relinquam:
3074 3135 3179 3190 ego
3211 3124 3406 3175 autem
3440 3119 3637 3175 admo-

1907 3178 1949 3244 Ο
1990 3205 2210 3260 nitione
2242 3206 2495 3277 quadam
2520 3205 2842 3262 orationem
2874 3206 3239 3263 concludam.

2056 3294 2297 3350 XXXIII.
2335 3295 2454 3349 Viri
2486 3294 2667 3350 simul
2722 3301 2778 3351 et
2825 3297 3075 3365 feminae,
3113 3298 3362 3369 juvenes
3406 3297 3548 3353 item
3580 3301 3638 3354 et

1994 3401 2183 3452 senes,
2216 3390 2336 3439 tam
2371 3385 2473 3457 qui
2503 3386 2573 3440 ad
2600 3385 2709 3442 hoc
2740 3386 3058 3442 sacrarium
3091 3387 3256 3443 asciti
3287 3388 3638 3458 estis,quam

1994 3474 2092 3546 qui
2124 3474 2457 3530 inferiorem
2490 3473 2682 3530 locum
2714 3476 2950 3547 tenetis,
2974 3492 3179 3532 omnes
3209 3476 3639 3549 denique,quos

1994 3562 2298 3629 Dominus,
2328 3567 2390 3618 ut
2421 3563 2583 3634 prius
2615 3565 2684 3619 ab
2718 3581 2909 3620 errore
2942 3570 2998 3620 et
3028 3564 3349 3637 impietate,
3369 3565 3450 3621 ita
3479 3582 3639 3622 nunc

1995 3670 2028 3707 a
2056 3651 2317 3724 gentium
2352 3651 2573 3708 insultu
2622 3656 2679 3707 et
2722 3653 3127 3724 impressione,
3161 3653 3468 3725 malisque,
3498 3670 3639 3726 par-

1993 3740 2099 3794 tim
2135 3741 2261 3811 jam
2322 3740 2687 3812 urgentibus,
2739 3743 2951 3813 partim
3000 3740 3449 3796 imminentibus
3492 3740 3638 3796 libe-

1995 3830 2164 3899 ravit,
2198 3829 2396 3885 audite
2426 3829 2751 3885 orationem
2804 3830 2910 3885 viri
2945 3846 3119 3901 quem
3156 3834 3279 3885 tum
3312 3829 3639 3900 quotidiani

1997 3935 2189 3974 rerum
2247 3923 2509 3987 eventus,
2566 3924 2693 3973 tum
2765 3923 2989 3973 veteres
3056 3918 3310 3973 historiae
3368 3923 3425 3973 et
3483 3918 3639 3986 libri,

1995 4012 2052 4062 et
2121 4024 2213 4063 res
2288 4012 2484 4079 gestae,
2546 4023 2661 4061 non
2732 4007 3102 4061 mediocriter
3178 4006 3237 4061 in
3297 4006 3639 4077 hujusmodi

1996 4097 2169 4151 rebus
2236 4095 2597 4150 erudierunt.
2669 4094 2944 4166 Magnum
3016 4095 3255 4167 quidem
3323 4100 3433 4166 est,
3495 4095 3641 4152 nihil

1997 4184 2225 4241 molesti
2284 4186 2649 4256 degustasse,
2700 4185 2817 4239 imo
2878 4201 2981 4240 nec
3031 4201 3312 4257 magnum
3372 4184 3641 4252 fortasse,

1997 4276 2043 4329 si
2081 4275 2251 4329 modo
2308 4290 2479 4328 verus
2511 4272 2605 4327 hic
2663 4290 2854 4328 sermo
2903 4278 2992 4329 est
3024 4291 3037 4330 :
3072 4275 3243 4341 Quem
3290 4274 3431 4329 Deus
3470 4277 3642 4343 amat,

1995 4365 2266 4434 castigat;
2294 4371 2343 4418 et
2369 4362 2612 4433 ﬂagellat
2642 4377 2856 4417 omnem
2895 4363 3077 4432 ﬁlium
3117 4378 3277 4434 quem
3324 4364 3546 4434 recipit,
3594 4366 3645 4419 et

233 4445 333 4514 τήν
384 4445 563 4522 ἀρχὴν
610 4453 795 4522 τυχεῖν
852 4447 1244 4523 διαμαρτόντας
1298 4453 1429 4525 (60),
1480 4452 1514 4519 ἢ
1569 4454 1643 4524 μή
1685 4454 1751 4507 τά
1786 4455 1870 4527 μέ-

1988 4457 2137 4527 cujus
2164 4469 2358 4508 curam
2389 4451 2555 4507 habet
2574 4452 2614 4505 ί.
2643 4450 2792 4506 Illud
2812 4468 2942 4507 vero
2976 4467 3281 4523 magnum,
3304 4468 3377 4507 ne
3403 4452 3642 4508 omnino

307 4547 331 4580 ³
359 4546 523 4603 Prov.
557 4564 644 4615 III,
677 4550 772 4619 12;
807 4551 981 4606 Hebr.
1014 4567 1115 4617 xu,
1145 4552 1199 4605 6.

308 4651 420 4731 (£8)
452 4653 641 4731 Χορόν.
676 4657 758 4713 Ita
790 4658 965 4731 Regg.
1001 4663 1271 4731 quatuor,
1304 4657 1462 4731 Colb.
1487 4659 1552 4731 2,
1573 4660 1726 4729 Sav.,
1751 4663 1879 4719 Alb.

236 4729 293 4780 et
314 4728 491 4803 Ilerv.
528 4727 653 4803 Par.
689 4731 781 4786 ed.
816 4727 949 4803 cum
980 4727 1182 4801 paucis
1215 4727 1380 4785 cOdd.
1414 4727 1607 4803 χορός.

308 4796 422 4867 (49)
455 4797 782 4872 ῙΙροσύμνῳ.
820 4824 845 4851 ‹‹
890 4796 1280 4857 Prosumnum
1334 4822 1363 4851 n
1406 4796 1574 4857 vocat
1619 4802 1885 4862 Clemens

235 4867 755 4958 AlegtA‘Rausania's
788 4879 1005 4958 vero'et
1032 4877 1354 4958 N‘onuu‘shc
1388 4874 1813 4958 Polymnuhmzp

308 4938 423 5009 (50)
456 4940 673 5012 Δείμου.
708 4945 885 5017 Regg.
921 4945 1043 5013 hm,
1070 4945 1173 5011 hu,
1206 4938 1363 5000 Colb.
1398 4946 1455 5013 k,
1487 4938 1613 5017 ipse
1654 4947 1884 5017 Billius,

237 5004 511 5088 Mitem}:
542 5004 673 5088 cum
710 5004 944 5088 populo,
978 5039 1004 5066 ››
1030 5004 1093 5072 id
1127 5004 1234 5085 est,
1272 5037 1299 5066 ‹‹
1332 5004 1606 5073 exercitu.
1644 5041 1672 5069 ››

310 5082 428 5164 (5'31?
462 5082 725 5164 Μήστῳρῖ
756 5082 881 5164 Sea
897 5082 1073 5164 Bragg-
1108 5082 1355 5164 etPssa-
1393 5090 1670 5164 μνήστευρτ

313 5152 427 5233 (5?)
462 5152 796 5233 Ἐναγῴνιον.
849 5152 1054 5215 animi}
1085 5159 1293 5233 reddit,
1327 5182 1355 5209 ‹‹
1389 5152 1455 5233 ac
1484 5152 1671 5218 'velu'ti
1705 5161 1885 5233 Logii,

238 5204 345 5278 seu
368 5204 877 5300 Mercuriimomen
902 5236 1113 5287 esset.»
1135 5204 1371 5285 Comim
1394 5232 1605 5288 Mentis
1622 5204 1885 5300 anxiubm:

240 5311 359 5350 non
393 5297 581 5355 solum
616 5303 905 5359 sermonis
936 5304 1326 5369 contentione,
1361 5304 1461 5358 sed
1493 5304 1666 5359 etiam
1703 5297 1887 5360 furtoé

238 5382 372 5421 rum
404 5369 735 5446 disciplina.
763 5399 784 5427 ι
811 5374 990 5430 Mont.
1020 5373 1363 5446 Ἐναγώνιος,
1392 5396 1419 5424 ››
1451 5376 1802 5432 Palaestrites
1825 5402 1838 5443 ς
1862 5399 1882 5425 ι

237 5454 379 5520 pam
422 5440 749 5520 Mercurius
774 5446 1080 5520 palaestris
1112 5440 1396 5520 praeerat_._
1422 5448 1609 5511 Quare
1657 5448 1714 5520 in
1761 5440 1887 5520 ipso

236 5508 523 5595 ingressu
544 5518 721 5573 stadii
762 5508 1044 5595 Olympici
1076 5508 1315 5595 ara_fuit
1345 5508 1630 5575 Mercurio
1657 5508 1890 5595 Ἐναγω-

237 5536 511 5581 ungi-essu
544 5536 721 5573 staau
762 5536 825 5573 Ul
871 5536 1044 5590 mpICI
1076 5536 1176 5573 ara
1207 5536 1288 5571 Illl

234 5578 589 5656 νίφηᾴἱοειια,
622 5595 688 5646 ut
718 5536 923 5646 scrihit
953 5588 1294 5645 Pausanias.

311 5654 426 5726 (53)
458 5654 815 5736 Συγκρύπτω.
850 5661 990 5736 Reg.
1022 5661 1143 5734 bm,
1175 5664 1231 5716 et
1260 5659 1390 5716 Sav.
1436 5656 1817 5738 συγκαλύπτω.

2064 4659 2179 4731 (54)
2212 4653 2506 4731 Μενδήσιοι
2546 4655 2679 4731 θεοί.
2741 4682 2769 4709 ‹‹
2836 4657 3116 4716 Mendesii
3169 4660 3271 4716 dii.
3322 4682 3349 4711 »
3402 4657 3642 4715 Hircum

1995 4730 2618 4803 adorabant/Egyptii,
2640 4735 2698 4784 et
2719 4748 2918 4786 eorum
2954 4733 3153 4803 lingua
3184 4733 3384 4788 hircus
3415 4753 3443 4781 ς.
3480 4747 3645 4786 men-

1995 4804 2095 4858 din
2130 4825 2158 4852 ››
2190 4799 2509 4857 vocabatur
2561 4799 2781 4858 :‘unde
2839 4820 2962 4870 vox,
3010 4799 3331 4872 Μενδήσιος,
3382 4803 3645 4858 derivata

1995 4875 2261 4939 videtur;
2296 4872 2383 4929 vel
2429 4873 2621 4928 forsan
2673 4874 2779 4930 loci
2830 4892 3043 4931 nomen
3075 4880 3182 4932 est.
3215 4880 3497 4931 Caterum
3552 4873 3643 4929 hic

1997 4946 2212 5002 ironice
2243 4944 2505 5016 loquitur
2535 4944 2874 5016 Gregorius.

2066 5018 2174 5088 (55)
2221 5011 2487 5089 Πρίαπον.
2548 5011 2688 5072 Mss.
2750 5035 2862 5074 non
2914 5016 3083 5090 pauci
3130 5015 3413 5084 scribunt,
3464 5011 3639 5088 Πρίη·

1996 5108 2177 5284 ποῖ56)
2213 5155 2710 5233 Περικεκομμένους
2741 5159 2775 5227 ἢ
2810 5155 3249 5228 διεσπασμένους.
3310 5178 3338 5207 ‹‹
3384 5158 3645 5229 Legeba-

1998 5236 2093 5284 tur
2122 5248 2153 5284 ο
2184 5231 2283 5284 im-
2325 5253 2351 5278 ››
2384 5230 2572 5284 inuuit
2601 5229 3402 5284 Combel‘.1taom).exouévouc.
3437 5252 3458 5280 ι
3483 5244 3643 5284 com-

1998 5229 2093 5286 tur
2122 5229 2296 5299 olim,
2325 5253 2351 5278 ››
2384 5230 2572 5297 inquit
2601 5229 3402 5303 ϐοωῦθΐπῳωλεκομένους,
3437 5252 3458 5280 ιι
3483 5244 3643 5286 com-

1998 5303 2260 5375 plicatos.
2298 5324 2325 5350 ››
2358 5303 2419 5356 In
2452 5305 2614 5375 Pass.
2650 5304 2834 5372 deest,
2864 5303 2898 5370 ἢ
2932 5301 3374 5375 διεσπασμένους.

2069 5376 2177 5443 (57)
2210 5374 2285 5446 Τῇ
2319 5374 2511 5446 σκηνῇ.
2547 5373 2718 5430 Deest
2747 5375 3067 5446 inﬁduobus
3104 5372 3299 5446 Regiis
3328 5372 3497 5429 codd.

2070 5428 2178 5513 (58')
2211 5428 2593 5515 Ὅᾳυυςζῇθε
2628 5428 2892 5515 sagas};

2001 5589 2038 5645 Ρ
2070 5508 2126 5583 (5
2151 5508 2182 5588 r)
2214 5513 2311 5642 Κὲιὶ
2348 5508 2579 5586 βίϐλωνζ
2614 5508 2783 5575 Deest
2807 5519 2866 5575 iu
2898 5518 3159 5591 quinque
3207 5516 3413 5588 Regg.,
3456 5512 3553 5571 0r.
3588 5514 3641 5587 1,

2044 5604 2185 5645 ass..
2220 5603 2249 5642 e
2281 5603 2330 5642 c.

2112 5604 2185 5642 8..
2220 5603 2330 5642 etc.

2044 5605 2185 5737 356865
2370 5655 2549 5737 ἀρχὴν
2595 5664 2782 5739 τυχεῖν
2841 5658 3257 5739 διαμαρτόντας.
3292 5680 3321 5709 ‹‹
3362 5656 3644 5735 Magnum
