4148 6290
545 329 663 395 707

1786 324 1852 385 S.
1900 320 2270 386 GREGORII
2315 324 2707 389 THEOLOGI

3835 325 3946 393 708

547 465 783 537 quidem
814 477 1107 535 peccasse,
1144 464 1245 516 aut
1276 463 1430 515 certe
1459 475 1570 515 non
1604 457 1946 531 gravissime
1972 474 1985 511 :
2011 474 2189 529 quan-

2310 477 2487 531 γιστα·
2542 457 2726 529 ἐπειδή
2784 462 2847 516 τὸ
2899 454 3183 523 παντελῶς
3242 457 3619 537 ἀναμάρτητον
3677 461 3808 536 ὑπὶρ
3852 464 3946 531 τὴν

546 554 860 626 doquidem
889 567 1020 607 eum
1056 551 1187 607 vita:
1220 555 1441 607 statum
1475 549 1574 620 qui
1607 548 1766 604 omni
1801 564 2041 618 prorsus
2072 562 2198 618 pec-

548 648 677 700 cato
708 646 892 708 vacet,
942 641 1097 696 Deus
1146 656 1322 709 supra
1376 639 1646 694 humanae
1698 641 1919 691 naturae
1954 638 2195 691 modum

549 732 875 788 constituit.
919 729 1252 786 Proximum
1304 735 1522 789 autem,
1556 732 1620 781 ut
1668 726 1809 781 mihi
1846 726 2090 793 videtur,
2126 724 2195 778 il-

547 819 651 875 lud
684 824 791 887 est,
826 824 890 873 ut
922 835 1055 874 cum
1087 817 1347 872 admisso
1388 817 1584 886 aliquo
1642 818 1875 886 peccato
1926 814 2191 886 castigati

546 908 857 974 fuerimus,
894 924 959 962 ac
991 910 1193 979 postea
1232 904 1405 961 soluti
1452 908 1509 959 et
1541 903 1944 974 indulgentius
1984 902 2191 972 habiti,

546 997 607 1054 in
637 997 959 1069 disciplina
1008 995 1217 1051 saltem
1265 1011 1441 1050 sensu
1493 1009 1963 1066 permaneamus,
2006 1008 2071 1047 ac
2104 1008 2193 1047 se-

548 1086 740 1141 cunda
770 1085 841 1141 ob
874 1085 1198 1141 secundum
1231 1086 1533 1155 peccatum
1562 1082 1804 1137 verbera
1847 1096 2182 1136 caveamus.

615 1176 861 1231 XXXIV.
932 1172 1210 1237 Quocirca
1268 1189 1374 1228 nos
1430 1187 1663 1243 quoque
1720 1169 1978 1224 divinam
2037 1169 2192 1223 I70

542 1262 1107 1320 animadversionem
1161 1261 1311 1316 serio
1362 1276 1771 1331 agnoscamus.
1824 1258 2041 1329 Dignos
2084 1274 2191 1312 nos

535 1354 940 1422 ostendamus,
974 1367 1089 1406 non
1124 1350 1194 1405 iis
1227 1366 1354 1421 quae
1403 1349 1569 1421 prius
1619 1347 1902 1419 perpessi,
1936 1347 2035 1402 sed
2063 1362 2189 1417 qua

534 1444 737 1511 postea
770 1437 1066 1494 consecuti
1097 1453 1327 1491 sumus.
1353 1438 1427 1491 De
1458 1434 1793 1491 calamitate
1823 1449 1889 1488 ea
1922 1449 2049 1503 quae
2084 1449 2190 1488 nos

538 1528 772 1596 invasit,
807 1526 1070 1583 nonnihil
1106 1542 1211 1581 nos
1247 1541 1586 1596 purgemus,
1620 1539 1829 1594 nempe
1861 1522 2039 1593 quod,
2074 1538 2188 1576 non

539 1626 607 1673 ut
638 1616 949 1674 facinorosi
1005 1620 1061 1670 et
1108 1614 1375 1670 scelerati
1424 1613 1696 1685 gentibus
1734 1611 1955 1675 traditi,
1990 1612 2087 1665 sed
2126 1615 2191 1666 ut

542 1706 647 1762 ﬁlii
682 1704 945 1777 castigati
979 1720 1207 1759 sumus.
1257 1703 1338 1758 Ne
1371 1702 1738 1774 tempestatis
1768 1701 1825 1755 in
1856 1698 2187 1770 tranquilli-

537 1799 660 1851 tate
704 1793 1298 1860 obliviscamur;nec
1351 1791 1560 1858 morbi,
1610 1790 1669 1845 in
1721 1790 1969 1845 sanitate
2014 1806 2026 1856 ;
2083 1805 2187 1844 nec

542 1883 919 1955 captivitatis,
953 1881 1278 1937 incolumes
1313 1881 1370 1934 in
1406 1879 1767 1936 Hierusalem
1800 1878 2012 1933 reversi
2040 1902 2053 1944 ;
2086 1893 2191 1932 nec

536 1972 786 2044 lEgypti,
810 1976 941 2045 post
961 1972 1262 2044 [Egyptmn
1279 2012 1291 2025 .
1315 1974 1397 2024 Ne
1420 1969 1753 2025 afﬂictionis
1775 1972 2010 2038 tempus
2033 1970 2190 2021 tran-

541 2061 850 2134 quillitatis
884 2066 1143 2132 tempore
1174 2059 1386 2114 melius
1419 2059 1732 2113 faciamus:
1770 2056 2052 2111 faciemus
2086 2072 2187 2110 au—

542 2160 678 2217 tem,
712 2150 759 2204 si
791 2153 917 2203 tum
953 2149 1188 2221 quidem
1236 2148 1477 2203 demissi
1511 2151 1567 2201 et
1612 2145 1893 2201 moderati
1928 2160 2185 2209 eramus,

539 2255 859 2310 omnesque
889 2255 1022 2311 spes
1054 2242 1287 2293 nostras
1319 2237 1375 2291 in
1426 2236 1633 2291 caelum
1677 2239 1900 2289 erectas
1935 2235 2187 2288 habeba-

541 2345 694 2397 mus,
732 2344 887 2384 nunc
921 2343 1053 2383 vero
1084 2327 1141 2381 in
1176 2326 1427 2383 sublime
1457 2324 1798 2381 attollamur
1840 2328 1896 2378 et
1927 2321 2187 2377 emollia-

539 2434 691 2484 mur,
726 2421 901 2488 atque
932 2416 1001 2470 ad
1034 2416 1237 2470 eadem
1262 2418 1499 2486 peccata
1526 2429 1919 2478 recurremus,
1954 2412 2027 2466 ob
2060 2427 2186 2482 quae

539 2505 599 2560 in
632 2522 731 2561 eas
777 2504 1140 2559 calamitates
1189 2520 1316 2573 quae
1372 2501 1542 2557 nobis
1590 2505 1927 2565 evenerunt,
1962 2498 2186 2553 inducti

537 2610 767 2649 sumus.
817 2594 896 2647 Ne
939 2593 1038 2662 ita,
1089 2593 1220 2662 ﬁlii,
1270 2608 1339 2648 ne
1378 2593 1461 2646 ita
1492 2592 1535 2655 ³,
1581 2590 1739 2644 velut
1779 2590 2031 2660 quodam
2064 2587 2187 2643 loco

538 2682 621 2737 ait
668 2680 793 2736 Heli
845 2682 1136 2749 sacerdos,
1170 2680 1317 2736 filios
1345 2697 1483 2735 suos
1532 2680 1589 2733 in
1644 2679 1824 2733 Deum
1881 2681 2188 2748 peccantes

540 2771 852 2842 increpans
878 2788 891 2830 :
923 2786 1122 2825 verum
1152 2769 1259 2824 hoc
1289 2767 1650 2840 exploratum
1680 2768 1977 2829 habentes,
2001 2766 2186 2820 mino-

512 2856 621 2914 ris
652 2875 781 2915 esse
813 2858 1051 2930 negotii,
1088 2857 1380 2913 sublatam
1416 2874 1484 2911 ex
1514 2856 1701 2912 oculis
1735 2855 2070 2910 felicitatem
2105 2871 2189 2910 re-

542 2964 767 3014 vocare,
797 2964 971 3018 quam
1003 2962 1127 3018 quas
1185 2946 1285 3000 Dei
1340 2945 1619 3001 beneficio
1677 2943 1927 3011 obvenit,
1962 2943 2189 2998 incolu-

542 3054 697 3093 mem
730 3051 1072 3092 conservare
1092 3034 1273 3104 (illam
1306 3034 1461 3089 enim
1496 3034 1806 3106 prudentia
1834 3037 1891 3088 et
1922 3033 2186 3087 modera-

539 3127 621 3182 tio
654 3125 899 3195 reducit,
935 3125 1087 3180 hanc
1118 3124 1385 3180 socordia
1430 3122 1680 3194 dissipat
1710 3126 1721 3189 )
1756 3140 1767 3176 :
1806 3121 2070 3192 illudque
2100 3121 2188 3174 in-

2220 1835 2267 1900 B

2306 545 2645 623 ἀνθρωπίνην
2703 549 2858 627 φύσιν
2922 547 3097 620 ἔταξεν
3156 551 3182 604 ὁ
3241 549 3367 612 Θεὸς
3404 570 3415 582 ·
3472 548 3717 624 δεύτερον
3768 547 3946 621 δὲ,ὡς

2306 631 2495 713 ἔμοιγε
2526 640 2634 712 (61)
2684 637 2856 711 δοκεῖ,
2904 639 2966 694 τὸ
3016 638 3339 701 πταίσαντάς
3382 660 3434 694 τι
3483 640 3573 693 καὶ
3619 636 3898 695 παιδευθέν
3929 673 3948 683 -

2303 745 2420 795 τας,
2483 727 2596 781 εἶτα
2655 727 3001 790 έπανεθέντας
3052 730 3185 802 (62),
3244 727 3294 781 ἐν
3352 727 3597 799 αἰσθήσει
3653 730 3760 798 (63)
3820 733 3946 803 γοῦν

2306 810 2578 887 διαμεῖναι
2612 823 2712 886 τῆς
2743 814 3140 892 παιδαγωγίας,
3166 816 3256 871 καὶ
3288 816 3499 895 φεύγειν
3542 817 3654 889 (64)
3702 812 3945 890 δευτέραν

2305 900 2365 957 ἰκ
2387 900 2634 980 δευτέρας
2667 906 2854 968 κακίας
2891 906 3141 980 μάστιγα.

2374 1173 2491 1229 ΛΔ’.
2526 1168 2810 1247 Τοιγάρτοι
2988 1174 3076 1226 καὶ
3104 1175 3289 1245 Ιὴμιῖς
3340 1171 3479 1248 ἔργῳ
3507 1180 3610 1241 τῆς
3652 1173 3795 1235 θείας
3826 1194 3950 1229 παι-

2303 1257 2532 1323 δεύσεως
2565 1261 2963 1335 ἐπαισθώμεθα.
3018 1262 3283 1334 Δείξωμεν
3335 1264 3483 1335 ἡμᾶς
3531 1261 3724 1324 αὐτοὺς
3774 1261 3949 1334 ἀξίὸυς

2302 1350 2409 1424 οὑχ
2441 1351 2514 1403 ὧν
2546 1354 2762 1422 πρῶτον
2794 1347 3158 1423 πεπόνθαμεν,
3213 1350 3357 1405 ἀλλᾶ
3410 1356 3480 1404 ὧν
3533 1350 3751 1427 ὕστερον
3797 1373 3948 1406 τετυ-

2300 1440 2574 1513 χήκαμεν.
2610 1441 3120 1516 Ἀπολογησώμιθά
3154 1443 3261 1512 (66)
3292 1462 3342 1494 τι
3373 1440 3494 1515 περὶ
3515 1447 3615 1509 τῆς
3643 1440 3950 1516 κατασχού-

2300 1548 2399 1596 σης
2432 1531 2579 1601 ἡμᾶς
2608 1535 2911 1606 συμφορᾶς,
2945 1528 3028 1583 ὅτι
3061 1529 3168 1604 οὐχ
3198 1529 3271 1589 ὼς
3299 1532 3589 1604 κακοῦργοι
3621 1534 3736 1590 τοῖς
3780 1526 3949 1583 ἔθνεσι

2298 1614 2697 1689 παρεδόθημεν,
2752 1616 2878 1671 ἀλλ’
2926 1618 2998 1678 ὡς
3049 1615 3239 1679 παῖδες
3291 1616 3804 1695 ἐσωφρονίσθημεν.
3862 1620 3947 1686 Μή

2300 1703 2685 1779 ἐπιλαθώμεθα
2740 1714 2837 1774 τῆς
2899 1707 3067 1777 ζάλης
3124 1705 3174 1760 ἐν
3233 1709 3300 1780 τῇ
3354 1705 3587 1782 γαλήνῃ,
3652 1704 3791 1779 μηδὶ
3851 1710 3949 1776 τῆς

2299 1794 2601 1869 ἀῤῥωστίας
2662 1796 2712 1849 ἐν
2774 1799 2852 1866 τῷ
2893 1800 3066 1869 καιρῷ
3138 1801 3236 1864 τῆς
3314 1794 3563 1871 ὑγιείας,
3628 1792 3770 1868 μηδέ
3847 1803 3947 1865 τῆς

2298 1882 2734 1957 αἰχμαλωσίας,
2788 1883 3143 1945 ἀνασωθέντες
3220 1884 3295 1944 εἷς
3369 1885 3467 1951 τὴν
3537 1881 3949 1959 Ἰερουσαλὴμ,

2302 1970 2443 2044 μηδὲ
2471 1980 2569 2042 τῆς
2606 1972 2883 2047 Αἰγύπτου
2919 1973 3052 2045 μετά
3090 1974 3188 2041 τήν
3240 1972 3538 2047 Αἷγύπτον·
3578 1974 3652 2044 μὴ
3700 1976 3948 2044 ποιήσω-

2302 2082 2396 2134 μεν
2458 2061 2665 2134 ἀμείνω
2723 2063 2811 2115 τὸν
2870 2068 2968 2123 τ-ἷς
3024 2061 3383 2122 κακοπαθείας
3442 2060 3628 2137 καιρὸν
3696 2066 3792 2116 τοῦ
3858 2069 3949 2131 τῆς

2298 2149 2524 2212 ἀνέσεως
2556 2154 2691 2223 (67)·
2743 2152 3045 2222 ποιήσομεν
3096 2147 3153 2204 δὲ
3201 2152 3331 2219 (68),
3370 2149 3416 2204 εἷ’
3464 2149 3785 2227 φαινοίμεθα
3827 2152 3951 2205 τότε

2302 2240 2395 2311 μὲν
2449 2238 2866 2311 συνεσταλμένοι
2917 2239 3004 2293 καὶ
3061 2240 3460 2314 μετριάζοντες,
3504 2238 3593 2292 καὶ
3649 2241 3819 2300 πάσας
3872 2239 3945 2301 εἰς

2298 2327 2523 2403 οὐρανὸν
2549 2327 2905 2389 ἀνατείνοντες
2929 2330 3042 2399 (69)
3058 2329 3153 2389 τὰς
3176 2324 3423 2397 ἐλπίδας,
3446 2330 3561 2380 νυνὶ
3582 2324 3638 2381 δὶ
3660 2326 3948 2400 ἐπαιρόμε-

2296 2436 2379 2470 νοι
2412 2419 2525 2490 (70)
2554 2416 2641 2470 καὶ
2674 2416 3062 2491 χαυνούμενοι,
3086 2415 3174 2469 καί
3207 2415 3369 2471 πάλιν
3405 2416 3479 2477 είς
3509 2418 3603 2477 τὰς
3627 2415 3785 2477 αὐτὰς
3820 2416 3944 2471 ἀνα-

2294 2504 2578 2581 τρέχοντες
2610 2505 2897 2580 ἁμαρτίας,
2934 2506 2984 2575 ἐξ
3016 2507 3088 2558 ὧν
3139 2505 3215 2566 εἷς
3263 2507 3356 2566 τὰς
3400 2505 3775 2577 συμπεσούσας
3806 2508 3943 2577 ἡμῖν

2297 2595 2579 2670 συμφορὰς
2637 2594 2965 2667 ὑπήχθημεν
3005 2637 3016 2649 .
3066 2594 3154 2662 Μὴ
3207 2593 3369 2661 οὕτω,
3418 2593 3599 2661 τέκνα,
3655 2595 3753 2666 μὴ,
3798 2593 3941 2669 λέγει

2296 2703 2401 2736 που
2427 2687 2691 2745 νουθετῶν
2717 2683 2743 2736 ὁ
2761 2682 2935 2757 ἱερεὺς
2959 2682 3107 2737 Ἠλεὶ
3134 2684 3245 2755 (71)
3276 2681 3403 2744 τοὺς
3427 2681 3616 2736 ἑαυτοῦ
3647 2680 3844 2744 παῖδας
3868 2682 3944 2744 είς

2297 2772 2424 2826 Θεὸν
2456 2772 2879 2846 ἁμαρτάνοντας·
2936 2769 3060 2825 ἀλλ’
3112 2770 3335 2840 εἰδότες,
3387 2770 3467 2824 δτι
3502 2771 3626 2845 ῥᾷόν
3676 2770 3817 2825 ἐστιν
3852 2771 3943 2825 εὐ-

2296 2860 2525 2936 πραγίαν
2559 2860 2894 2923 ἀπελθοῦσαν
2932 2862 3045 2933 (72)
3095 2857 3539 2931 ἀνακαλέσασθαι,
3572 2859 3605 2927 ἤ
3640 2879 3944 2934 παραγενο-

2302 2950 2467 3021 μένην
2502 2948 2560 3003 ἐκ
2585 2954 2717 3003 Θεοῦ
2749 2947 3106 3003 διασώσασθαι
3142 2950 3258 3022 (τὴν
3298 2948 3390 3021 μὶν
3436 2948 3538 3023 γὰρ
3565 2948 3627 3002 τὸ
3660 2954 3942 3024 σοφρονεῖν

2300 3037 2571 3113 ἐπανάγει,
2624 3039 2721 3106 τὴν
2776 3035 2832 3091 δὲ
2881 3034 3091 3091 διαλύει
3138 3039 3198 3091 τὸ
3259 3037 3521 3113 ῥᾴθυμον)
3603 3036 3693 3090 καὶ
3747 3034 3829 3089 ὅτι
3879 3036 3947 3090 τὰ

2299 3128 2526 3199 σώματα
2571 3127 2844 3197 κάμνοντι.
2897 3126 2989 3197 μὲν
3044 3132 3161 3188 ταῖς
3214 3126 3517 3200 θεραπείαις
3569 3124 3815 3202 ἀναιρέρει
3856 3124 3945 3179 καὶ

538 3230 737 3286 super,
791 3231 944 3286 aegra
989 3230 1230 3285 corpora
1282 3212 1558 3266 remediis
1603 3212 1838 3283 quidem
1890 3217 1945 3265 et
1992 3211 2187 3265 inedia

2310 3220 2416 3276 ταῖς
2452 3211 2698 3279 ἐνδείαις,
2739 3214 3079 3289 ἀνενεγκόντα
3126 3212 3183 3268 δὲ
3230 3220 3349 3276 ταῖς
3397 3215 3533 3268 κατὰ
3586 3214 3776 3287 μικρὸν
3812 3214 3943 3284 ἆμε-

538 3302 799 3369 relevari,
834 3319 899 3357 ac
931 3302 1167 3357 sanitati
1218 3302 1468 3365 restitui,
1512 3301 1779 3355 restituta
1820 3304 2035 3363 autem,
2086 3316 2185 3371 per

541 3390 829 3445 incuriam
862 3395 919 3445 et
950 3391 1269 3461 ingluviem
1304 3389 1580 3460 paulatim
1635 3405 1868 3443 rursum
1911 3388 2184 3453 defluere,

545 3484 719 3549 atque
742 3480 800 3534 in
832 3480 1062 3534 eosdem
1086 3480 1321 3533 morbos
1343 3477 1544 3531 relabi.
1570 3481 1718 3544 Ηωο,
1749 3478 2013 3548 inquam,
2035 3493 2186 3532 com-

545 3573 707 3640 perta
738 3572 795 3622 et
822 3566 1119 3638 explorata
1140 3566 1443 3631 habentes,
1463 3564 1679 3636 aliique
1710 3566 1855 3620 alios
1887 3566 2184 3635 docentes,

544 3658 616 3712 ad
650 3673 755 3711 nos
784 3656 896 3727 ipsi
929 3656 1258 3721 redeamus,
1285 3659 1454 3724 atque
1476 3655 1585 3710 hoc
1607 3658 1839 3726 tempus
1872 3656 2189 3726 prudenter

542 3762 608 3801 ac
642 3745 936 3801 moderate
966 3745 1415 3801 constituamus.

611 3834 829 3889 XXXV.
859 3840 940 3889 Ac
972 3833 1230 3905 primum
1266 3832 1763 3904 quidem,fratres,
1793 3832 2010 3887 festum
2040 3833 2185 3890 cele-

535 3925 795 3992 bremus,
834 3940 947 3978 non
996 3923 1257 3994 corporis
1290 3922 1496 3988 nitore,
1550 3938 1664 3976 non
1704 3923 1949 3977 vestitus
1995 3928 2187 3978 muta-

537 4013 697 4068 tione
742 4029 808 4068 ac
866 4011 1326 4084 magniﬁcentia,
1380 4028 1496 4065 non
1548 4010 2074 4066 comessationibus
2133 4016 2190 4067 et

539 4101 944 4171 ebrietatibus,
977 4116 1225 4170 quarum
1268 4101 1520 4154 fructum
1552 4099 1765 4154 cubilia
1795 4104 1849 4154 et
1878 4099 2185 4171 impudici-

540 4190 653 4243 tias
685 4206 812 4245 esse
841 4189 1265 4256 didicistis,nec
1288 4189 1531 4243 ﬂoribus
1562 4188 1717 4244 vicos
1749 4190 2190 4260 cingamus,nec

543 4282 977 4349 unguentorum
1006 4276 1368 4348 turpitudine
1402 4292 1636 4331 mensas
1667 4282 1724 4332 et
1763 4278 2049 4335 vestibula
2097 4296 2188 4335 or-

614 4422 633 4456 ³
666 4420 686 4475 Ι
719 4419 860 4491 Reg.
894 4435 956 4486 II,
989 4420 1078 4475 24.

2296 3302 2471 3365 λείαις
2496 3306 2585 3357 καί
2626 3309 2746 3363 ταῖς
2796 3302 3167 3375 πλησμοναῖς,
3209 3301 3371 3357 πάλιν
3409 3301 3656 3378 ὑποῤῥεῖ,
3691 3302 3779 3355 οιαὶ
3810 3303 3945 3376 πρὸς

2294 3394 2389 3454 τὰς
2448 3392 2610 3453 αὐτὰς
2668 3390 2969 3467 ἀρλὲωστίας
3030 3390 3286 3447 ἐπάνεισι.
3346 3389 3523 3445 Ταῦτα
3584 3387 3812 3460 εἰδότες,
3859 3388 3946 3443 καὶ

2296 3480 2582 3551 ἀλλήλους
2635 3477 2996 3547 διδάσκοντες,
3050 3482 3334 3554 γενώμεθα
3384 3482 3543 3552 ἡμῶν
3590 3478 3769 3533 αὐτῶν
3799 3526 3814 3552 ,
3860 3476 3948 3532 καὶ

2299 3570 2591 3648 σωφρόνως
2622 3568 2713 3623 τὸν
2748 3570 2932 3645 καιρὸν
2962 3566 3291 3642 διαθώμεθα.

2372 3838 2492 3891 ΑΕ’.
2554 3841 2774 3911 Πρωτον
2840 3836 2956 3907 μὶν,
3020 3833 3267 3913 ἀδελφοι,
3327 3834 3809 3910 πανηγυρίσωμεν,
3874 3833 3945 3906 μὴ

2299 3922 2620 4004 φαιδρότητι
2652 3926 2928 3997 σώματος,
2958 3922 3097 3997 μηδὲ
3132 3924 3355 3994 ἐσθῆτος
3392 3922 3719 3999 ἐξαλλαγαῖς
3742 3924 3833 3978 καὶ
3858 3942 3950 3976 πο-

2300 4013 2605 4075 λυτελείαις
2640 4017 2770 4086 (73),
2811 4010 2950 4085 μηδὲ
2977 4014 3189 4085 κώμοις
3212 4015 3298 4067 καὶ
3328 4016 3538 4085 μέθαις,
3572 4014 3643 4065 ὧν
3663 4013 3854 4073 κοίτας
3871 4010 3954 4065 καὶ

2301 4102 2582 4178 ἀσελγείας
2612 4103 2702 4156 τὸν
2732 4104 2935 4176 καρπὸν
2986 4102 3209 4175 ἐμάθετε
3256 4105 3388 4175 (74)’
3431 4099 3571 4172 μηδὲ
3618 4100 3803 4164 ἄνθεσι
3837 4097 3951 4153 στέο

2300 4195 2489 4265 ψωμεν
2548 4191 2738 4265 ἀγυιὰς
2775 4236 2787 4259 ,
2850 4188 2989 4263 μηδὲ
3044 4191 3225 4266 μύρων
3287 4190 3574 4266 αἰσχύναις
3631 4190 3950 4265 τραπέζας,

2308 4278 2448 4354 μηδὲ
2478 4280 2718 4356 ποόθυρα
2767 4278 3209 4352 καλλωπίσωμεν
3265 4283 3397 4352 (75)·
3454 4281 3530 4352 μὴ
3573 4283 3651 4349 τῷ
3702 4274 3949 4345 αἶ’σθητῷ

540 4592 630 4667 est
659 4605 732 4644 ne
763 4589 983 4661 peccati
1017 4590 1253 4661 quidem
1300 4590 1465 4645 initia
1494 4590 1581 4647 vel
1624 4590 1824 4648 leviter
1872 4593 2190 4667 attigisses,
2226 4601 2270 4664 D
2304 4597 2639 4667 diligentiae,
2675 4595 3055 4667 prosperioris
3088 4613 3397 4651 successus
3424 4601 3537 4650 tem
3550 4610 3706 4667 pore.
3750 4617 3777 4643 »ι

539 4666 649 4717 etc.

610 4732 724 4806 (θῇ)
757 4730 1206 4806 Ἔμοιγεηῡοοει
1234 4752 1293 4806 γε
1328 4733 1384 4786 ἱη
1418 4733 1711 4805 plerisque
1743 4734 1909 4806 codd.

635 4803 727 4872 62)
768 4802 1166 4864 Ἐπανεθέντας.
1201 4802 1294 4860 0r.
1358 4802 1433 4869 1,-
1459 4811 1516 4860 et
1566 4802 1729 4861 Pass.
1777 4803 2191 4872 ἐπανελθόντας,

543 4898 570 4924 ‹‹
603 4874 778 4949 Quasi
797 4883 1079 4949 reparato
1112 4883 1291 4943 statu,
1326 4898 1353 4925 ρ)
1387 4876 1580 4947 inquit
1609 4878 1809 4932 Comb.
1850 4900 1869 4925 ιι
1906 4877 2198 4949 solutique

540 4946 948 5017 castigatione.
991 4969 1018 4998 n

610 5015 725 5089 (63)
754 5016 1147 5089 ,Ev_d,tO'0’()O'Et.
1184 5019 1303 5089 Reg
1358 5019 1476 5087 bm,
1512 5015 1562 5070 έν
1599 5017 1955 5085 συναισθήσει.

614 5087 728 5158 (64)
762 5087 1007 5163 Φεύγιιν.
1060 5087 1360 5156 Nonnulli,
1409 5094 1615 5165 φυγεῖν.
1660 5088 1888 5158 Billius,
1944 5113 1970 5138 ‹‹
2007 5090 2193 5162 fugia-

541 5176 695 5215 mus.
732 5181 759 5207 ››

612 5231 722 5300 (65)
751 5226 1037 5304 Τοιγάρτοι
1069 5275 1079 5285 .
1127 5275 1138 5286 .
1186 5272 1198 5284 .
1227 5272 1250 5304 γ.
1284 5229 1697 5304 ἆπαισθώμεθα.)
1721 5230 1923 5304 Μᾶίίω
1952 5231 2035 5285 sic
2067 5234 2193 5287 red-

540 5304 676 5359 dere
704 5321 721 5356 :
756 5324 781 5351 n
812 5303 1091 5368 QuOcirca
1124 5303 1375 5357 divinam
1410 5319 1513 5356 nos
1546 5303 1803 5357 sensisse
1834 5303 2195 5360 animadver-

540 5374 766 5431 sionem
802 5376 1078 5445 Operibus
1112 5375 1582 5445 comprobemus.
1632 5396 1659 5423 »

614 5446 725 5519 (66)
759 5442 1295 5520 Ἀπολογησώμεθα.
1361 5447 1444 5499 Ita
1498 5461 1619 5520 [1388
1655 5486 1667 5499 .
1748 5442 1967 5520 ⁸Βίίίίιιξ
2016 5444 2191 5520 etiam

547 5512 855 5638 st'OComb.
917 5512 1001 5574 sic
1057 5512 1463 5573 emendarunt.
1516 5516 1643 5571 Par.
1697 5516 1789 5571 ed.
1841 5512 2191 5591 ἀπολογησό-

553 5606 617 5638 με
655 5608 706 5638 α-

553 5606 706 5659 μευα.

618 5658 732 5731 (67)
759 5661 863 5712 Τοῦ
907 5664 1008 5731 τῆς
1057 5657 1308 5721 ἀνέσεως.
1360 5658 1563 5718 Comb.
1615 5680 1643 5713 ι(
1676 5657 2070 5727 remissionis,

2373 4664 2485 4740 (68)
2521 4664 2829 4739 Ποιήσομεν
2867 4664 2941 4722 δὲ.
2978 4668 3070 4723 Sic
3102 4668 3366 4739 plerique
3397 4664 3564 4722 codd.
3604 4666 3761 4721 Edit.
3790 4680 3947 4727 ποεῖν

2304 4759 2505 4793 σωιιεν.

2373 4760 2936 4882 (ἓθθοἋνατείνονυες.
2962 4809 3260 4882 Plerique,
3294 4806 3678 4882 ἀνατείναντες.

2377 4879 2488 4953 (70)
2522 4879 2924 4954 Ἐπαιρόμενοι.
2960 4879 3282 4954 Nonnp‘auci
3340 4880 3657 4954 ἐπηρμένοι.

2306 4951 2499 5009 autem
2536 4951 2747 5024 animis
2781 4952 2939 5017 elati,
2974 4951 3319 5024 mollesque,
3358 4975 3384 5002 ››
3417 4951 3525 5009 etc.

2394 5026 2484 5096 7|)
2514 5022 2682 5096 Ἠλεί.
2721 5026 2860 5096 Reg.
2896 5026 3016 5088 bm,
3179 5066 3189 5078 .

2394 5028 2682 5096 71)”11λεί.
2721 5028 2860 5094 Reg.
2896 5028 3016 5088 bm,
3049 5028 3189 5078 Ἠλ.

2372 5028 2488 5169 (72)
2520 5094 2848 5169 Εὐπραγνία.
2884 5096 2967 5151 Ita
2999 5094 3261 5166 plerique
3285 5094 3453 5169 codd.
3487 5093 3639 5148 Edit.
3690 5090 3825 5145 Par.
3872 5104 3955 5138 ευ·

2372 5115 2488 5167 ΗΖ)
2521 5115 2704 5169 ωυπρα
2778 5115 2848 5149 ια.
2885 5115 2967 5151 ita
2999 5115 3261 5166 plerique
3285 5115 3453 5150 coco.
3488 5115 3639 5148 nuit.
3690 5115 3825 5145 rar.
3872 5115 3952 5138 w-

2303 5166 2549 5241 πραξίαν.
2584 5115 2767 5240 Ρᾳυίδ
2802 5172 2952 5237 post,
2996 5172 3194 5222 monet
3222 5167 3419 5223 (Iomb.
3462 5180 3682 5230 vocem,
3716 5175 3952 5233 παραγε-

2302 5240 2560 5311 νομένην,
2586 5262 2611 5311 (ξ
2642 5244 2866 5311 motum
2902 5261 2928 5287 ››
2961 5254 3188 5311 sonare.

2376 5298 2920 5381 (73)’[Ϊολυτελείαις.
2982 5310 3122 5365 Mss.
3203 5325 3319 5364 non
3379 5306 3574 5380 pauci,
3626 5298 3950 5366 ποικιλίαις,

2309 5401 2330 5431 ι
2364 5385 2659 5438 varietate.
2696 5405 2717 5433 ι

2375 5456 2479 5524 (74)
2515 5452 2795 5524 Ἐμάθετετ
2834 5451 3011 5523 Regg.
3049 5459 3184 5519 tres,
3220 5447 3434 5524 ἔμαθες.

2372 5510 2486 5597 (75)
2518 5510 3009 5597 Κάμλωπίσωιιῖηῖὲ
3031 5510 3195 5597 Passi.
3229 5510 3630 5597 ialkmnitIet-s,
3687 5510 3836 5597 μηδὲ
3861 5512 3955 5579 τῷ.

2300 5589 2587 5667 Sicmss.
2641 5589 2922 5667 plerique.
2980 5595 3115 5666 Reg.
3178 5595 3299 5665 bm,
3331 5589 3801 5660 καλλωπίζεσθαι,
3832 5598 3955 5655 pro,

2298 5664 2733 5740 καλλωπίζεσθε,

3721 4900 3743 4926 α
3800 4887 3951 4930 nunc
