2074 3145
203 158 261 192 7H

824 157 857 187 S.
881 153 1066 186 GREGORII
1090 145 1288 182 THEOLOGI

1849 147 1907 181 ἨΞ

203 234 269 253 rum
285 226 433 253 amantem
450 223 556 252 saltare
573 226 694 260 oportet,
705 223 779 252 salta
793 226 825 250 tu
842 220 1025 258 quidem,sed

1092 217 1112 251 ἣν
1127 217 1247 253 ἡγοῦμαι
1262 217 1312 250 τῆς
1331 214 1474 250 εὖκινήτου
1493 215 1538 242 καὶ
1553 214 1747 254 πολυπρόφοο
1761 215 1830 243 κατὰ
1843 215 1907 244 Θεὸν

203 279 262 298 non
278 269 438 297 inhonestae
455 269 535 296 illius
553 269 723 296 Herodiudis
749 268 948 299 saltationem,
965 273 1029 300 quae.

203 315 340 350 Baptistae
364 321 464 340 necem
488 313 587 340 attulit
601 313 611 331 ⁹
628 322 634 341 :
651 322 751 340 verum
770 312 886 340 Davidis
903 311 938 338 ob
956 317 1028 337 arca

1084 262 1140 298 (91)
1159 260 1269 298 πορείας
1301 261 1369 287 εἴναι
1395 261 1556 298 μυστήριον.
1582 262 1692 297 Πρῶτον
1716 260 1763 296 μὶν
1781 259 1813 295 δὴ
1828 262 1907 289 τοῦτο

1083 305 1128 333 καὶ
1146 306 1273 343 μέγιστον
1287 308 1337 340 τῆς
1352 304 1422 340 ἐμῆς
1438 304 1628 342 παραινέσεως.

204 349 333 394 requiem
347 359 378 393 ιο,
396 367 454 393 qua
477 358 594 393 quidem
624 358 677 384 DtO
704 360 817 393 gratam
842 355 1048 385 incessionem,
1066 351 1196 387 agilitate
1215 350 1367 386 praeditam
1382 353 1411 378 et
1424 350 1589 378 versatilem
1616 349 1738 386 mystice
1762 349 1908 386 designari

204 403 348 432 existimo.
366 405 458 438 Atque
473 402 534 430 haec
550 402 667 437 quidem
684 402 779 437 prima
794 404 822 429 et
838 401 965 428 maxima
981 399 1086 425 nostra
1100 395 1310 424 admonitionis
1325 403 1393 438 pars
1409 397 1462 423 est.

239 447 357 475 XXXVI.
375 448 456 479 Quod
482 450 579 474 autem
605 447 639 474 ad
661 448 820 474 secundum
838 446 953 476 attinet.
970 451 1027 470 non

203 492 339 528 equidem
357 492 467 524 dubito,
482 492 553 527 quin
566 491 707 527 plerique,
725 491 796 518 I72
808 490 884 525 quod
896 490 1028 516 dicturus

205 545 282 570 sum,
300 545 357 564 non
374 535 498 563 libenter
524 535 670 571 accipiant
691 536 810 570 (etenim
834 535 873 561 ita
898 532 1029 560 moribus

205 582 407 616 comparatum
431 580 574 613 videmus,
605 582 636 607 ut
658 580 708 615 qui
734 578 889 606 referendae
916 577 1028 612 injuriae

205 627 380 662 potestatem
397 627 500 652 nactus
516 624 734 660 sit,praasertim
744 624 769 651 si
785 624 820 651 ob
836 631 870 650 ea
885 630 947 658 quis
964 629 1027 657 per-

204 678 309 706 pessus
329 672 373 697 est
393 670 507 704 justam
529 669 674 696 irascendi
692 676 811 695 causam
827 667 942 699 habeat,
969 673 1028 692 ser-

205 714 312 746 monis.
339 714 413 742 iram
439 714 634 749 reprimentia,
660 714 740 740 freno
763 712 883 739 minime
907 710 1027 746 pareat),

205 759 327 795 dignum
343 760 440 786 tamen
465 760 519 792 est,
536 758 613 793 quod
639 757 775 784 audiatur
790 759 819 784 et
844 755 1028 783 admittatur.

206 803 247 831 Ne
263 803 416 830 immodice
431 805 519 837 atque
535 802 693 829 insolenter
708 804 837 837 tempore
852 800 1027 831 abutamur;

207 856 243 876 ne
255 848 284 875 in
301 849 442 883 potestate
459 847 577 874 licentia
601 846 800 879 luxuriemus;
820 845 916 878 neiis,
933 853 949 871 a
964 844 1027 879 qui-

207 893 263 920 bus
278 891 338 919 laasi
361 900 476 924 sumus,
497 891 616 919 acerbos
629 894 657 918 et
677 891 874 918 amarulentos
892 897 943 916 nos
960 896 1031 924 prae-

208 936 331 964 beamus
345 945 352 970 ;
377 944 422 968 ne,
439 944 502 971 qua:
519 935 600 971 prius
613 935 910 970 reprehendebamus,
924 942 957 960 ea
977 932 1032 968 ipsi

209 980 362 1008 faciamus.
379 980 484 1007 Verum
509 979 564 1007 hoc
586 988 643 1007 uno
661 980 756 1007 fructu
772 987 806 1006 ex
821 987 919 1006 rerum
937 980 1032 1004 muta-

207 1025 286 1053 tione
302 1026 448 1061 percepto,
465 1025 540 1059 quod
558 1024 708 1052 molestias
723 1026 751 1051 et
772 1023 944 1051 acerbitates
960 1022 1033 1049 ell‘u-

209 1069 318 1105 gimus,
335 1068 480 1104 quidquid
497 1069 532 1095 ad
545 1069 726 1095 referendam
743 1068 833 1095 vicem
851 1069 971 1102 spectat,
984 1066 1033 1093 de-

210 1116 361 1141 testamur.
380 1113 455 1140 Satis
483 1112 562 1140 enim
587 1120 694 1148 magna
709 1120 795 1148 ptena
810 1111 920 1139 censeri
937 1111 1034 1145 debet,

211 1157 382 1186 hominibus
398 1158 500 1193 utique
514 1157 612 1193 probis
629 1166 661 1184 ac
679 1157 848 1188 moderatis,
866 1164 932 1183 cum
950 1155 968 1182 ii
985 1155 1034 1190 qui

210 1202 375 1230 molestiam
400 1202 572 1236 intulerunt,
597 1204 674 1229 metu
704 1201 921 1234 concutiuntur,
948 1200 1035 1226 meri-

210 1250 317 1283 tasque
332 1255 434 1282 pcenas
458 1249 636 1282 exspectant,
654 1246 834 1281 propriaeque
851 1244 1035 1272 conscientiae

211 1292 343 1319 cruciatu
361 1291 539 1318 afﬁciuntur.
557 1290 629 1317 Nam
646 1299 709 1325 quin
726 1290 860 1325 quisque,
874 1289 1035 1323 utjamjam

211 1343 417 1371 perpessurus,
429 1335 523 1370 timet,
537 1335 596 1361 haec
611 1343 716 1370 passus
727 1337 780 1366 est,
791 1333 905 1361 etiamsi
915 1342 971 1360 non
985 1341 1035 1368 pa-

212 1379 319 1413 tiatur;
334 1379 511 1415 graviusque
527 1388 543 1406 a
558 1387 588 1406 se
604 1379 667 1414 ipso
693 1379 826 1410 fortasse,
844 1386 932 1413 quam
949 1377 984 1404 ab
1000 1377 1036 1403 iis

214 1424 264 1460 qui
279 1423 456 1460 supplicium
473 1423 583 1450 illaturi
606 1425 851 1458 sunt,torquetur.
869 1422 990 1449 Proinde
1002 1429 1037 1448 ne

214 1469 288 1496 iram
313 1468 409 1496 metiri
426 1468 454 1495 in
480 1467 608 1495 animam
637 1468 804 1499 induemus,
831 1474 883 1493 nec
906 1466 1036 1498 leviores,

215 1522 302 1550 quam
314 1522 366 1549 pro
380 1513 537 1540 criminum
549 1511 815 1547 atrocitate,pcenas
826 1510 931 1537 inferre
940 1510 1038 1537 videa-

1120 442 1176 474 Δζ¹.
1202 438 1328 477 Δεύτερον
1354 437 1382 466 δὲ
1421 437 1542 476 χαλεπὸν
1573 438 1620 474 μὶν
1650 439 1704 474 (92)
1735 436 1797 465 οἶδα
1825 437 1907 476 λόγον

1084 484 1151 521 ἐρῶν
1167 484 1212 512 καὶ
1237 483 1454 521 δυσπαράδεκτον
1478 486 1537 514 τοῖς
1562 482 1693 514 πολλοῖς·
1718 483 1793 522 φιλεῖ
1814 484 1865 521 γὰρ
1882 484 1907 511 ἐν

1084 529 1190 565 ἐξουσίᾳ
1217 531 1266 556 τοῦ
1304 527 1429 566 ἀντιδρᾷν
1461 530 1551 559 κακῶς
1580 528 1725 566 γενόμενος
1756 529 1910 566 ἄνθρωπος,

1084 573 1177 605 άλλως
1201 584 1230 601 τε
1252 572 1300 601 κᾶν
1328 572 1433 601 δικαίαν
1456 571 1528 611 ἔχων
1551 575 1607 608 (93)
1630 573 1680 607 τὴν
1709 573 1795 611 ὀργὴν
1819 573 1844 609 ἐξ
1871 573 1907 600 ὧν

1084 618 1225 651 πέπονθεν,
1251 617 1349 652 ἥκιστα
1375 617 1460 655 λόγου
1485 617 1622 650 πείθεσθαι
1647 616 1774 655 χαλινοῖς
1798 617 1845 645 τὸν
1866 618 1912 645 θυ-

1086 663 1135 699 μὸν
1161 662 1377 693 ἀνακόπτοντος·
1413 662 1577 696 ἀκουσθῆναι
1604 661 1633 689 δὲ
1656 662 1732 699 ὅμως
1755 662 1800 690 καὶ
1825 673 1911 700 προσ-

1085 706 1214 745 δεχθῆναι
1230 706 1314 742 ἄξιονο
1340 707 1384 741 Μὴ
1411 705 1559 742 ἀπλήστως
1575 707 1744 744 χρησώμεθα
1758 708 1798 743 τῷ
1812 709 1913 744 καιρῷ,

1087 753 1124 787 μὴ
1146 752 1395 790 κατατρυφήσωμεν
1421 754 1470 786 τῆς
1494 750 1626 787 ἐξουσίας,
1650 752 1687 788 μὴ
1704 752 1799 787 πικροὶ
1827 752 1915 789 γενώ-

1087 796 1153 832 μεθα
1165 798 1224 827 τοῖς
1238 794 1395 831 ἠδικηκόσι,
1421 796 1459 832 μή
1477 796 1513 822 ὧν
1538 796 1711 833 κατέγνωμεν
1737 797 1804 833 (94),
1828 798 1917 823 ταῦτα

1085 840 1228 877 πράξωμεν
1242 850 1248 856 ·
1264 839 1309 867 ἅλ’
1333 840 1395 867 ὅσον
1420 843 1515 878 φυγεῖν
1537 840 1571 867 τὰ
1598 838 1672 867 δεινὰ
1689 843 1739 874 τῆς
1757 837 1918 876 μεταϐολῆς

1086 884 1290 916 ἀπολαύσαατες
1319 886 1386 920 (95)⁷
1410 884 1473 911 ὅσον
1505 884 1544 915 εἰς
1572 882 1707 911 ἀντίδοσιν
1730 883 1802 920 ἥκει,
1831 886 1919 920 μισή-

1088 941 1188 967 σωμεν.
1216 930 1359 967 Αὐτάρκης
1384 928 1444 963 δίκη
1471 932 1530 960 τοῖς
1555 940 1586 966 γε
1613 929 1733 967 μετρίοις
1753 928 1785 957 τὸ
1799 932 1859 957 τῶν
1877 928 1921 957 λε-

1088 974 1251 1010 λυπηκότων
1274 972 1345 1008 δέος,
1370 973 1414 1001 καὶ
1438 974 1469 1001 τὸ
1495 973 1685 1011 προσδοκῆσαι
1703 976 1787 1001 ταῦτα
1807 976 1916 1009 παθεῖν,

1088 1020 1125 1046 ὧν
1160 1019 1225 1046 εἰσιν
1253 1018 1335 1054 ἄξιοι,
1357 1018 1401 1045 καὶ
1424 1017 1519 1054 οἰκείῳ
1541 1017 1674 1046 συνειδότι
1701 1019 1919 1056 βασανισθῆναι·

1090 1064 1105 1090 ἃ
1128 1062 1178 1101 γάρ
1206 1073 1248 1094 τις
1281 1063 1320 1093 ὡς
1351 1061 1512 1098 πεισόμενος
1535 1061 1649 1098 δέδοικε,
1674 1064 1758 1090 ταῦτα
1785 1064 1916 1098 πέπονθε,

1089 1107 1137 1135 κᾶν
1154 1108 1191 1144 μὴ
1208 1108 1288 1144 πάθῃ,
1309 1107 1354 1134 καὶ
1378 1106 1467 1134 πλείω
1492 1110 1553 1144 παρ’
1578 1107 1673 1134 ἑαυτοῦ
1698 1107 1793 1145 τυχὸν,
1822 1108 1841 1142 ἢ
1863 1110 1917 1136 τῶν

1091 1151 1242 1190 δρασάντων
1265 1150 1419 1185 κολάζεται.
1443 1151 1488 1185 Μή
1505 1150 1594 1178 τοίνυν
1620 1149 1781 1188 θελήσωμεν
1802 1152 1854 1186 τήν
1872 1152 1919 1190 ὀρ-

1090 1197 1142 1234 γὴν
1168 1196 1346 1233 μετρηθῆναι,
1375 1194 1445 1231 μηδὲ
1471 1198 1596 1234 φανῶμεν
1623 1194 1754 1227 ἰλάττους
1784 1196 1919 1224 κολασταὶ

1090 1244 1139 1276 τῆς
1156 1239 1230 1275 ἀξίας
1244 1250 1249 1256 ·
1267 1239 1330 1267 ἀλλ’
1353 1239 1446 1274 ἐπειδὴ
1475 1240 1506 1267 τὸ
1531 1243 1582 1267 πᾶν
1599 1240 1790 1278 εἰσπράξασθαι
1808 1242 1847 1277 μὴ
1877 1240 1921 1269 δυ-

1090 1285 1203 1321 νάμεθα,
1231 1285 1263 1311 τὸ
1290 1287 1341 1311 πᾶν
1370 1285 1617 1322 συγχωρήσωμεν·
1655 1285 1796 1322 γενώμεθα
1829 1285 1919 1322 τούτῳ

1090 1329 1229 1367 κρείττους
1244 1331 1297 1355 τῶν
1311 1327 1484 1363 ἠδικηκότων
1498 1329 1543 1356 καὶ
1572 1327 1739 1367 ὑψηλότεροι
1750 1340 1756 1347 ·
1786 1328 1919 1366 δείξωμεν

1090 1374 1116 1401 τί
1132 1374 1179 1410 μὶν
1197 1372 1366 1400 διδάσκουσιν
1383 1372 1501 1404 ἐκεῖνους
1528 1374 1554 1400 οἱ
1579 1372 1717 1410 δαίμονες,
1741 1373 1768 1400 τί
1791 1372 1834 1400 δαὶ
1860 1375 1918 1410 (96)

1092 1419 1164 1455 ἡμᾶς
1180 1416 1331 1445 ἐκπαιδεύει
1355 1418 1482 1455 Χριστὸς,
1509 1417 1549 1452 ὅς,
1576 1417 1617 1449 οἷς
1633 1417 1747 1445 πέπονθε
1760 1418 1790 1445 τὸ
1806 1416 1919 1445 εὐδόκι-

1094 1473 1143 1499 μον
1174 1463 1230 1499 (97)
1254 1461 1330 1499 ἕχον,
1353 1461 1407 1499 οὐχ
1430 1463 1511 1496 ἦττον
1537 1461 1676 1497 νενίκηκεν
1702 1462 1742 1493 οἷς
1767 1461 1918 1498 δυνάμενος

1093 1507 1123 1534 οὐ
1139 1506 1297 1541 πεποίηκεν.
1322 1507 1369 1533 Ἕν
1396 1504 1547 1542 ἀντιδῶμεν
1570 1505 1611 1542 τῷ
1634 1509 1692 1542 Θεῷ
1715 1508 1920 1544 χαριστήριον*

215 1567 283 1586 mur
299 1565 306 1586 :
323 1566 423 1586 verum
447 1557 586 1593 quoniam
602 1565 701 1592 poenas
724 1564 825 1584 omnes
851 1555 963 1590 exigere
979 1562 1035 1581 non

1092 1551 1250 1596 αὐξήσωμεν
1275 1550 1445 1589 χρηστότητι
1473 1551 1504 1578 τὸ
1534 1552 1704 1588 μυστήριον·
1731 1551 1769 1582 εἰς
1782 1553 1867 1578 τοῦτο
1881 1550 1923 1587 τῷ

220 1611 390 1638 possumus,
407 1609 508 1629 omnes
525 1601 726 1629 condonemus
742 1608 748 1627 :
767 1600 820 1627 hac
836 1599 946 1626 ratione
962 1598 1007 1632 iis,
1025 1606 1035 1626 ε

1095 1595 1182 1633 καιρῷ
1197 1595 1365 1633 χρησώμεθα
1380 1596 1447 1629 (98).

218 1647 328 1683 quibus
343 1646 466 1682 injurias
482 1646 660 1681 accepimus,
677 1645 810 1672 meliores
835 1652 868 1671 ac
892 1643 1079 1671 sublimiores
1101 1649 1154 1669 nos
1170 1643 1353 1676 praestemus.
1370 1640 1579 1673 Ostendamus,
1596 1641 1667 1677 quid
1691 1640 1758 1669 illos
1774 1641 1927 1669 daemones

218 1691 433 1726 doceant,quid
455 1698 571 1717 rursum
587 1689 720 1717 Christus
746 1697 797 1716 nos
822 1689 945 1721 erudiat,
963 1687 1011 1723 qui
1028 1695 1093 1714 cum
1119 1694 1169 1721 per
1191 1693 1225 1712 ea
1248 1693 1310 1719 quae
1340 1693 1446 1720 passus
1474 1687 1528 1719 est,
1544 1685 1667 1721 gloriam
1684 1694 1717 1713 ac
1732 1685 1927 1721 splendorem

218 1736 336 1768 habeat,
353 1744 409 1762 non
427 1735 524 1762 minus
540 1737 637 1761 tamen
655 1742 704 1769 per
729 1734 756 1760 id
781 1733 939 1768 superavit,
956 1732 1033 1767 quod
1059 1739 1102 1763 ea,
1120 1738 1183 1766 qua:
1209 1732 1329 1765 poterat,
1347 1737 1402 1756 non
1428 1729 1505 1757 fecit.
1522 1728 1619 1757 Unum
1634 1729 1689 1757 hoc
1705 1729 1774 1763 Deo,
1792 1730 1824 1757 in
1851 1729 1928 1765 grati

219 1780 309 1807 animi
327 1779 570 1815 signiﬁcationem
587 1778 758 1810 referamus,
775 1777 947 1812 mysterium
964 1775 1142 1811 benignitate
1163 1781 1333 1809 augeamus,
1348 1773 1385 1801 ad
1401 1781 1465 1801 eam
1480 1782 1540 1801 rem
1556 1773 1696 1809 temporis
1712 1774 1929 1802 commoditate

218 1826 346 1852 utamur.

253 1867 454 1899 XXXVII.Eos,
467 1876 483 1894 a
495 1867 602 1902 quibus
614 1865 766 1902 tyrannide
782 1865 913 1901 oppressi
926 1873 1038 1898 sumus,

218 1911 444 1940 mansuetudine
459 1912 631 1944 vincemus;
657 1919 690 1937 ac
705 1909 828 1937 maxime
852 1910 969 1944 quidem
987 1917 1040 1936 nos

217 1957 383 1993 benignitas
409 1957 445 1983 ad
462 1956 673 1991 ignoscendum
691 1955 826 1987 adducat,
843 1954 945 1989 visque
961 1962 1042 1980 man-

216 2002 287 2034 dati,
304 2001 437 2028 eamdem
455 1999 666 2035 benignitatem
683 1999 766 2026 nobis
783 2000 811 2025 in
838 1998 873 2026 iis
897 1999 995 2030 rebus,
1012 1998 1040 2024 in

217 2046 325 2081 quibus
352 2054 385 2072 ea
416 2053 490 2080 opus
522 2044 676 2077 habemus,
694 2043 852 2070 remetiens.
879 2043 940 2074 Qua
964 2043 1041 2069 enim

219 2098 357 2117 mensura
367 2089 642 2121 metiemur,eadem
654 2096 769 2123 quoque
780 2088 864 2114 nobis
876 2094 1040 2114 remensum

219 2134 253 2160 iri
271 2135 458 2169 perspectum
473 2133 617 2160 habemus
629 2132 660 2158 “.
674 2132 753 2163 Quod
767 2132 790 2158 si
803 2131 869 2165 quis
881 2131 978 2158 animo
990 2131 1042 2157 ad-

218 2178 339 2205 modum
355 2177 459 2205 acerho
475 2179 562 2212 atque
573 2176 741 2210 importuno
752 2177 807 2209 est,
824 2178 887 2209 Deo,
899 2183 931 2202 ac
946 2176 1041 2202 futuro

218 2221 359 2250 tribunali
376 2230 425 2249 eos
442 2221 492 2255 qui
509 2228 562 2248 nos
577 2219 724 2253 laeserunt,
735 2219 953 2254 relinquamus:
969 2219 1042 2246 nihil

217 2267 253 2294 de
270 2268 369 2294 futura
385 2274 470 2301 paena
486 2273 536 2301 per
552 2267 682 2292 nostram
704 2273 823 2291 manum
840 2264 1041 2292 detrahamus.

217 2311 257 2339 Ne
273 2312 417 2339 bonorum
435 2309 677 2345 proscriptionem
695 2309 907 2345 cogitemus,ne
918 2309 1042 2343 adjudi-

217 2364 284 2384 cum
302 2354 443 2383 subsellia
458 2354 621 2386 trahemus,
640 2362 682 2388 ne,
701 2354 801 2389 patriis
817 2354 937 2380 sedibus
953 2352 1041 2388 pella-

255 2461 265 2477 ⁰
281 2461 383 2488 Matth.
401 2468 458 2494 xxv,
478 2460 489 2486 1
507 2463 534 2486 et
550 2468 622 2494 seq.;
641 2459 726 2487 Marc.
743 2467 781 2490 Vl,
800 2459 830 2485 14
848 2460 875 2485 et
891 2466 952 2493 seq.

253 2568 310 2603 (91)
325 2569 379 2600 Τῆς
395 2566 535 2600 εὐκινήτου
550 2565 594 2593 καῖ
609 2565 800 2604 πολυστρόφου
825 2564 891 2604 κατᾶ
907 2564 969 2604 Θεόν
986 2567 1042 2592 etc.

220 2615 234 2629 ι(
251 2601 312 2636 Qua
327 2603 445 2638 quidem
462 2612 495 2630 ex
514 2604 559 2630 Dei
577 2601 739 2629 rationibus
756 2601 931 2628 'iustitutam
949 2601 1042 2627 inces-

219 2640 331 2668 siouem
349 2639 476 2673 agilitate
492 2639 614 2666 celerem
631 2639 790 2673 signiﬁcari
807 2640 885 2672 puto.
904 2648 917 2661 n

255 2676 311 2711 (92)
327 2673 450 2702 Χαλεπὸν
470 2674 528 2710 μέν.
547 2675 589 2701 Ita
604 2678 730 2709 quatuor
747 2673 848 2708 Regg.,
862 2674 909 2700 Or.
924 2673 1040 2705 l,Pass.

219 2710 275 2739 etc.
292 2710 378 2739 Deest
395 2711 453 2746 μέν,
472 2712 500 2737 in
517 2710 561 2737 ed.

254 2748 315 2810 (9Βό
328 2747 357 2773 ’Δ
365 2741 484 2776 Λλωςτε
499 2745 545 2772 κᾶν
561 2743 664 2786 δικαίαν
685 2741 767 2785 ἔχων.
798 2745 837 2771 Ita
863 2744 963 2788 Rekggu
978 2743 1041 2779 plu-

254 2791 275 2810 Β.
319 2791 340 2809 r.
357 2783 382 2810 4.
399 2787 428 2810 et
442 2783 522 2810 Pass.
540 2781 613 2809 Edlti
630 2789 706 2810 vero.
728 2779 821 2810 αλλως
845 2790 873 2806 τε
896 2786 924 2806 οε
939 2779 986 2806 κᾶν
1002 2778 1041 2807 δι-

219 2778 275 2815 res,
293 2778 340 2817 0r.
357 2783 382 2816 4,
399 2787 428 2811 et
442 2783 522 2811 Pass.
540 2781 613 2809 Editi
630 2778 717 2817 vero,
728 2779 821 2810 ὰλλως
845 2790 873 2806 τε
896 2778 924 2806 δὲ
939 2778 986 2806 κᾶν
1002 2778 1042 2807 δι-

219 2817 297 2846 καίαν
315 2816 377 2856 ἔχῃ.

1131 1862 1189 1889 ΛΖ¹.
1206 1862 1367 1898 Νικήσωμεν
1393 1860 1524 1897 ἐπιεικείᾳ
1547 1861 1609 1892 τοὺς
1633 1862 1867 1898 τυραννήσαντας,
1884 1861 1929 1889 καὶ

1098 1906 1215 1943 μάλιστα
1245 1906 1292 1942 μὶν
1321 1906 1511 1945 φιλανθρωπία
1537 1903 1606 1933 ἔστω
1635 1905 1667 1933 τὸ
1689 1909 1868 1944 συγχωροῦν,
1886 1905 1931 1934 καὶ

1096 1953 1113 1986 ἡ
1128 1955 1178 1985 τῆς
1195 1950 1311 1985 ἐντολῆς
1327 1949 1452 1986 δύναμις,
1478 1951 1527 1985 τὴν
1553 1949 1612 1985 ἴσην
1638 1949 1815 1978 ἀντιδιδοῦσα
1832 1951 1931 1990 φιλαν-

1096 1995 1215 2032 θρωπίαν
1232 1996 1308 2031 ἡμῖν,
1321 1994 1348 2021 ὲν
1365 1995 1405 2026 οἷς
1421 1994 1498 2022 αὐτοὶ
1522 1994 1664 2032 χρῄζομεν
1676 2004 1683 2011 ⁶
1707 1995 1730 2031 ᾧ
1755 1995 1812 2033 γὰρ
1840 1996 1934 2032 μέτρῳ

1099 2042 1260 2077 μετροῦμεν,
1293 2039 1508 2075 ἀντιμετρεῖσθαι
1538 2039 1728 2077 γινώσκομινι
1767 2039 1792 2067 εἷ
1829 2039 1860 2067 δὶ
1888 2040 1933 2067 καὶ

1098 2083 1157 2112 λίαν
1172 2094 1213 2115 τις
1228 2086 1331 2121 πικρῶς
1361 2082 1431 2121 ἔχει,
1458 2084 1570 2122 ἀφῶμεν
1596 2085 1654 2119 Θεῷ
1677 2083 1740 2114 τοὺς
1768 2083 1935 2119 λελυπηκό-

1095 2139 1154 2163 τας,
1169 2129 1213 2155 καὶ
1228 2130 1268 2164 τῷ
1282 2127 1380 2154 ἐκεῖθεν
1403 2126 1590 2166 δικαστηρίῳ·
1617 2127 1700 2164 μηδὲν
1725 2131 1779 2163 τῆς
1809 2127 1934 2165 μελλοό-

1097 2183 1145 2208 σης
1174 2172 1260 2211 ὀργῆς
1289 2171 1334 2199 διὰ
1357 2175 1408 2206 τῆς
1433 2171 1567 2209 ἡμετέρας
1590 2172 1684 2211 χειρὸς
1712 2170 1933 2209 ἰλαττώσωμεν.

1098 2218 1140 2253 Μὴ
1170 2216 1300 2254 δήμευσιν
1332 2216 1515 2254 ἐννοήσωμεν,
1545 2217 1583 2254 μὴ
1616 2218 1720 2255 βήμασι
1739 2220 1932 2256 παραστήσω-

1099 2272 1156 2299 μεν,
1175 2262 1213 2299 μὴ
1236 2260 1364 2299 πατρίδος
1389 2261 1606 2299 ὑπερορίσωμεν,
1635 2263 1673 2298 μή
1702 2262 1833 2299 μάστιξιν
1862 2262 1936 2290 αἰκι-

1097 2307 1217 2343 σώμεθα,
1237 2305 1307 2342 μηδὲ
1321 2316 1347 2333 τι
1362 2308 1416 2333 τῶν
1431 2305 1480 2333 ὅσα
1501 2306 1684 2343 πεπόνθαμεν,
1706 2305 1744 2334 θίν’
1771 2306 1847 2335 εἷ’πω
1877 2316 1936 2334 συν-

1096 2351 1194 2388 τόμος,
1218 2350 1370 2389 δράσωμεν.
1399 2351 1561 2387 Ποιήσωμεν
1593 2350 1732 2382 κάκείνους
1764 2351 1935 2380 ἐπιεικεστέ-

992 2458 1014 2474 ¹⁰
1030 2457 1053 2484 ΙΙ
1071 2457 1140 2492 Heg.
1156 2464 1194 2490 v1,
1212 2455 1254 2483 14.
1295 2457 1316 2474 ¹¹
1333 2455 1435 2483 Matth.
1452 2463 1501 2491 v11,
1516 2456 1548 2490 2;
1566 2455 1654 2483 Marc.
1672 2464 1709 2491 tv,
1724 2456 1775 2483 24.

1136 2564 1190 2600 (94)
1208 2563 1395 2600 Κατὲγνωμεν.
1412 2563 1491 2591 Colb.
1509 2563 1537 2598 k,
1554 2562 1776 2600 κατεγνώκαμεν.

1135 2598 1191 2635 (95)
1207 2598 1432 2635 Ἀποάύσαντες,
1448 2600 1527 2635 Qolb.
1545 2600 1573 2634 k,
1589 2598 1807 2635 ἀπολαύσωμεν.

1134 2633 1191 2671 (96)
1206 2635 1236 2662 τί
1252 2634 1312 2671 δαί,
1322 2636 1388 2670 Alii,
1405 2635 1430 2661 τι
1447 2633 1484 2662 δέ.

1134 2669 1239 2712 (97)-Τὸ
1253 2669 1407 2712 εὐδόκιμονἶ
1433 2671 1504 2712 Tres
1520 2672 1610 2712 pagg.
1626 2672 1655 2712 et
1669 2672 1759 2712 Mont.
1777 2680 1826 2712 γρ.
1843 2671 1877 2699 τὸ
1891 2669 1937 2698 εὖ·

1134 2678 1239 2714 (υηηιο
1253 2678 1407 2712 ιῡοωιιμον.
1438 2678 1504 2698 rres
1520 2678 1610 2733 pagg.
1626 2678 1655 2698 et
1669 2678 1759 2698 mont.
1777 2680 1813 2708 γρ

1099 2704 1233 2743 δοκιμειν,
1250 2719 1263 2732 ‹‹
1280 2708 1333 2739 Ουι
1349 2707 1457 2743 quibus
1472 2706 1574 2734 ulclsm
1601 2707 1737 2743 Icebat,)»
1755 2710 1817 2736 etc.

1134 2743 1190 2779 (98)
1205 2742 1385 2780 Χρησώμεθα.
1403 2743 1466 2780 Duo
1482 2743 1583 2780 Regg.,
1601 2744 1695 2780 Busa,
1706 2742 1833 2780 Gomb.,
1846 2744 1938 2780 Mont.

1098 2777 1407 2853 ἶὲᾲοκαταχρησῶμεθο..
1424 2779 1451 2807 II
1467 2777 1559 2813 addit,
1576 2788 1590 2803 «
1612 2777 1691 2807 forte
1700 2778 1811 2815 etiam,
1828 2777 1938 2819 χρησό-

1179 2835 1186 2843 .
1203 2826 1218 2841 »

1179 2835 1186 2843 -
1203 2826 1218 2841 υ
