4148 6290
423 438 535 498 ’121

1612 448 1902 507 ORATIO
1951 448 2054 509 VI.
2087 483 2163 494 --
2196 453 2295 511 DE
2335 453 2536 514 PACE
2581 454 2627 514 Ι.

3711 467 3832 529 722

420 569 1054 676 ςῐθβοιςωῃίοίιιὲοἷ,
1134 581 1537 676 ιιηουθῐεουε
1587 595 1699 655 per
1754 577 2116 676 dissidium,
2177 584 2350 662 pacis
2403 587 2645 676 borium
2689 589 3070 676 dissidentes
3126 592 3570 676 intelligerent.
3633 621 3662 657 ι)
3753 601 3828 661 Hi

417 651 1067 735 sunt_limites’intra
1137 651 1294 735 quos
1367 651 1826 720 Nazianzenum
1900 651 2197 723 schisma-
2243 667 2533 728 concludi
2609 669 2814 732 debet.

2894 673 3202 759 cistarum
3267 673 3358 759 in:
3405 679 3514 740 illo
3571 697 3826 759 compe-

417 732 689 823 scendo,
767 732 1174 812 singularem'
1207 743 1470 823 uterque
1527 739 1860 817 Gregorius
1916 744 2316 819 prudentiam
2377 749 2707 823 adhibuit,
2784 732 3224 814 admirabilem
3267 732 3822 821 hilaritatem—gli-

416 813 658 907 hihuit,
738 813 1605 907 eamque__mansuetudinem
1653 813 1744 880 'et
1787 813 2347 907 _moderationem,
2431 849 2620 907 quam
2697 813 2991 895 omnibus
3067 813 3232 895 retro
3290 813 3824 903 'Qaééﬁ'ﬁféxeh"-

415 893 521 973 pio
555 980 572 1001 ι
604 910 740 954 esse
811 896 1169 974 pastoribus
1249 897 1324 958 ad
1411 901 1879 980 componendas
1952 893 2468 983 controversias;
2547 893 3821 1001 animosque'V—ﬂectendosjv-optanilvdm

415 980 594 1035 esset.

1060 1093 3818 1131 _________.____________________________________

947 1187 1350 1286 ΛΟΓΟΣ
1435 1179 1523 1286 ξ’.

414 1320 702 1402 Εἶρῃνικρς
731 1323 790 1377 A'
820 1324 954 1402 (4β),
1104 1327 1177 1402 τῇ
1206 1322 1389 1402 ἐνώσει
1426 1330 1532 1402 τῶν
1566 1327 1933 1400 μοναζόντων,
1971 1351 2066 1402 με-

487 1394 550 1446 τὰ
585 1394 927 1475 «item»
975 1397 1110 1468 (47),
1150 1394 1248 1450 ⁷ἐπὶ
1295 1394 1576 1472 παρουσίᾳ⁷
1607 1394 1938 1475 τοῦπατρὸς
1970 1394 2064 1456 ὰύ-

483 1469 579 1519 τοῦ
605 1467 740 1538 (48).

479 1556 557 1609 Α’.
595 1551 721 1608 Λύει
761 1575 864 1625 μου
921 1556 1033 1628 (49)
1089 1557 1189 1624 τὴν
1238 1555 1484 1631 γλῶτταν
1538 1560 1572 1627 ἡ
1623 1559 1920 1633 προθυμία,
1972 1565 2061 1615 καὶ

405 1646 716 1719 περιφρονῶ
760 1641 852 1697 τὸν
890 1643 1227 1719 ἀνθρώπινον
1275 1645 1443 1719 νόμον
1497 1645 1584 1701 διὰ
1643 1649 1731 1702 τὸν
1763 1649 1932 1722 νόμον
1965 1656 2061 1704 τοῦ

405 1730 756 1803 Πνεῦματος·
808 1733 896 1786 καί
947 1729 1131 1805 δίδομι
1181 1738 1249 1807 τῇ
1301 1735 1489 1810 εἰρήνῃ
1534 1737 1626 1791 τὸν
1689 1737 1873 1814 λόγον,
1909 1737 2062 1794 οῦπω

400 1819 666 1895 πρότερον
698 1818 874 1876 οὐδενὶ
907 1825 1294 1899 συγχωρήσας.
1328 1823 1602 1900 Πρότερον
1641 1826 1734 1898 μὲν
1768 1828 1870 1901 γὰρ
1902 1828 2062 1896 ἡνίκα

401 1908 678 1979 ἰστασίαζε
708 1911 842 1984 πρὸς
890 1913 1036 1982 ἡμᾶς
1078 1913 1145 1966 τὰ
1175 1911 1342 1984 μέλη,
1376 1913 1464 1968 καὶ
1495 1914 1557 1968 τὸ
1591 1916 1731 1989 μέγα
1759 1916 1848 1970 καὶ
1876 1917 2057 1990 τίμιον

401 2003 562 2071 σῶμα
608 1996 704 2052 τοῦ
753 2000 986 2072 Χριστοῦ
1034 1997 1270 2074 διῃριῖτο
1320 2004 1432 2074 (50)
1480 2003 1570 2056 καὶ
1616 2001 1948 2076 διεκόπτετο,
1984 2007 2058 2068 ὡς

409 2091 606 2163 μικροῦ
663 2087 753 2142 καὶ
809 2085 1276 2162 διασκορπίζεσθαι
1336 2089 1402 2143 τὰ
1477 2091 1606 2145 ὁστᾶ
1681 2092 1839 2164 ἡμῶν
1916 2095 2059 2168 παρά

403 2177 495 2231 τὸν
549 2173 705 2249 ᾅδην,
759 2177 871 2231 οἷον
927 2184 1029 2253 γῆς
1085 2179 1246 2251 βάθος
1305 2177 1521 2255 ἀρότρῳ
1553 2179 1894 2256 ῥηγνύμενον
1923 2185 2054 2255 (51),

399 2267 489 2322 καὶ
548 2269 684 2322 κατά
723 2274 827 2343 γῆς
874 2265 1316 2341 σκεδαννύμενον,
1376 2270 1464 2324 καὶ
1512 2270 1602 2324 τὸν
1654 2272 1920 2344 ἄτμητον,
1967 2273 2055 2326 καὶ

402 2355 713 2432 ἀμέριστον,
762 2356 852 2412 καὶ
901 2357 1126 2435 ὑφαντὸν
1181 2355 1251 2412 δι’
1301 2358 1436 2414 ὅλου
1487 2364 1697 2434 χιτῶνα
1738 2363 2054 2434 κατατεμὼν

404 2445 432 2499 ὁ
485 2447 723 2522 πονηρὸς
773 2446 902 2501 ὅλον
963 2447 1153 2502 ἑαυτοῦ
1211 2448 1501 2519 πεποίητο,
1559 2454 1718 2503 τοῦτο
1777 2447 1846 2504 δι’
1893 2453 2054 2524 ἡμῶν

2093 1176 2150 1241 Α

2619 1179 3085 1277 ΟΒΑΤΙΟ
3157 1185 3283 1279 Vl
3323 1188 3379 1278 *.

2231 1335 2430 1390 Prima
2456 1337 2522 1391 de
2549 1341 2789 1418 pace,__ob
2819 1341 3208 1418 monachorum
3235 1346 3766 1418 reconciliationem,

2520 1415 2637 1479 post
2665 1411 2978 1481 silentium,
3011 1421 3283 1484 prasente
3309 1421 3488 1487 patre.

2248 1553 2286 1606 Ι.
2324 1551 2610 1623 Linguam
2643 1569 2833 1609 meam
2866 1554 3038 1610 solvit
3067 1556 3360 1625 alacritas,
3383 1559 3688 1633 legemque
3719 1563 3828 1619 hu-

2176 1657 2411 1696 manam
2446 1645 2681 1712 propter
2709 1642 2965 1714 Spiritus
3002 1643 3188 1717 legem
3231 1653 3569 1717 contemno;
3601 1668 3667 1706 ac
3697 1669 3823 1708 ser-

2176 1746 2429 1797 monem,
2474 1746 2648 1801 quem
2700 1735 2959 1788 nondum
3012 1734 3113 1788 ulli
3163 1736 3327 1807 prius
3375 1741 3662 1807 concessi,
3694 1742 3820 1813 paci

2172 1818 2323 1874 dono
2355 1819 2582 1874 oﬂ‘erro.
2607 1820 2751 1875 Nam
2775 1838 2908 1876 cum
2932 1823 3096 1894 prius
3121 1840 3153 1879 a
3175 1825 3342 1882 nobis
3367 1827 3632 1884 membra
3652 1830 3822 1885 dissi-

2172 1908 2394 1976 derent,
2420 1925 2486 1962 ac
2527 1924 2807 1981 magnum
2838 1909 2983 1966 illud
3013 1915 3070 1966 et
3099 1914 3420 1983 pretiosum
3443 1916 3654 1972 Christi
3695 1935 3819 1974 cor-

2172 2013 2281 2068 pus
2310 1997 2391 2051 ita
2419 1997 2796 2066 divideretur,
2822 2004 2878 2054 et
2906 2001 3354 2070 discinderetur,
3380 2010 3443 2060 ut
3469 2022 3614 2077 pene
3645 2007 3819 2063 etiam

2169 2103 2340 2141 secus
2379 2086 2671 2142 infernum
2723 2105 2856 2143 ossa
2910 2093 3113 2144 nostra
3157 2091 3677 2167 dissiparentur“,
3707 2115 3822 2152 non

2169 2191 2338 2230 secus
2369 2192 2433 2230 ac
2455 2179 2619 2230 terrae
2645 2177 3011 2247 profunditas
3036 2184 3227 2235 aratro
3259 2181 3591 2250 discissa,et
3621 2185 3680 2240 in
3717 2191 3824 2240 ter-

2169 2281 2289 2319 ram
2328 2265 2483 2331 fusa;
2521 2281 2772 2336 cumque
2803 2266 3084 2322 iusectam
3121 2267 3279 2324 illam
3308 2275 3365 2325 et
3396 2271 3700 2329 divisionis
3731 2293 3824 2330 ex-

2168 2357 2388 2425 pertem
2415 2354 2696 2420 tunicam,
2719 2371 2786 2409 ac
2813 2372 2914 2426 per
2933 2359 3120 2412 totum
3149 2363 3478 2416 contextam
3504 2362 3567 2429 ‘3,
3592 2363 3649 2416 in
3676 2363 3823 2418 mul-

2165 2447 2256 2498 tas
2278 2444 2404 2514 jam
2439 2447 2633 2514 partes
2656 2443 3035 2515 conscissam,
3062 2462 3275 2517 pravus
3306 2447 3402 2503 ille
3433 2467 3676 2522 prorsus
3708 2452 3822 2506 sibi

402 2533 676 2606 δυνηθεὶς,
724 2535 755 2590 ὅ
804 2533 892 2590 διὰ
942 2541 1050 2591 τῶν
1099 2537 1160 2591 τὸ
1209 2539 1435 2613 Χριστὸν
1491 2541 1602 2610 (52)
1635 2541 2051 2614 σταυρωσάντων

2180 2533 2540 2597 vindicasset,
2566 2531 2674 2588 hoc
2698 2532 2919 2588 scilicet
2940 2549 3043 2604 per
3066 2551 3170 2590 nos
3195 2542 3687 2610 assecutus,quod
3714 2557 3821 2611 per

401 2626 499 2681 οὐκ
539 2624 756 2702 ἴσχυσεν
783 2645 796 2658 '
845 2621 969 2680 τότε
1016 2627 1108 2699 μὶν
1163 2623 1228 2695 δὴ
1284 2626 1530 2704 φυλακὴν
1567 2627 1762 2701 ἐθέμην
1797 2632 1906 2702 (53)
1937 2636 2054 2692 τοῖς

403 2714 670 2791 χείλεσιν,
721 2713 833 2770 οὐδ’
879 2712 1064 2778 ἄλλως
1265 2715 1569 2791 προθύμοις
1623 2717 1738 2772 οῦσι
1791 2719 1912 2794 περί
1963 2721 2053 2774 τὸν

401 2803 590 2880 λόγον,
641 2803 726 2859 ὅτι
770 2808 839 2879 τῇ
887 2803 954 2860 δι’
1006 2803 1174 2881 ἔργων
1219 2805 1514 2883 φιλοσοφίᾳ
1555 2813 1782 2881 καθᾶραι
1834 2813 2054 2883 πρῶτον

401 2893 630 2966 ἐμαυτὸν

401 2981 621 3037 ἒλκῦσαι
680 2988 915 3055 πνεῦμα,
985 2983 1097 3038 εἶτα
1172 2983 1530 3059 ἐξερεύξασθαι
1606 2984 1767 3061 λόγον
1834 2985 2054 3060 ἀγαθὸν,

405 3071 494 3124 καὶ
552 3069 736 3126 λαλεῖν
793 3078 927 3129 Θεοῦ
976 3073 1160 3150 σοφίαν
1220 3071 1429 3127 τελείαν
1486 3072 1536 3128 ἒν
1612 3079 1728 3136 τοῖς
1803 3074 2054 3143 τελείοις,

404 3158 726 3222 ἀκολουθίας
801 3162 933 3216 εἶναι
1004 3168 1374 3234 πνευματικῆς
1452 3157 1878 3235 ὑπελάμϐανον·
1964 3164 2054 3218 καὶ

402 3247 580 3323 ὥσπερ
638 3251 824 3326 καιρὸς
873 3251 958 3305 ἐπὶ
1185 3251 1347 3306 παντὶ
1404 3252 1682 3328 πράγματι
1731 3253 1819 3306 xui
1878 3257 2056 3328 μικρῷ

403 3337 491 3392 καὶ
527 3338 734 3410 μείζονι
768 3341 850 3413 (τὸ
898 3341 997 3416 γὰρ
1044 3345 1142 3394 τοῦ
1177 3340 1539 3413 Σολομῶντος
1574 3341 1629 3395 εὗ
1663 3340 1779 3416 ἔχει
1808 3344 1895 3396 καὶ
1931 3341 2051 3396 λίαν

889 2894 1001 2949 εἶτα
1057 2895 1120 2948 τὸ
1168 2895 1343 2967 στόμα
1398 2902 1497 2964 τῆς
1554 2894 1792 2959 διανοίας
1842 2897 2055 2968 ἀνοίξας

398 3425 855 3500 ἐπεσκεμμένως),
891 3429 1033 3483 οὕτω
1063 3429 1152 3484 καὶ
1194 3428 1363 3505 λόγου
1394 3430 1481 3484 xui
1512 3437 1748 3504 σιωπῆς,
1782 3431 1828 3486 εἷ’
1856 3431 1944 3486 καί
1974 3452 2055 3492 τις

396 3512 590 3585 ἄλλος,
624 3518 809 3592 καιρὸν
850 3517 1163 3594 ἐγίνωσκον.

2167 2639 2287 2690 eos,
2322 2622 2422 2694 qui
2463 2621 2763 2676 Christum
2813 2623 2870 2676 in
2920 2639 3155 2678 crucem
3203 2625 3592 2692 sustulerunt,
3623 2629 3818 2685 haud-

2167 2727 2460 2784 quaquam
2484 2710 2701 2782 potuit;
2723 2715 2848 2766 tum
2868 2711 3105 2783 quidem
3130 2713 3300 2769 labiis
3322 2716 3469 2771 meis
3489 2719 3818 2776 custodiam

2167 2801 2335 2873 posui
2361 2801 2424 2870 1‘,
2452 2799 2667 2871 alioqui
2697 2815 2799 2854 nec
2821 2801 2891 2855 ad
2916 2817 3245 2857 sermonem
3278 2803 3595 2860 admodum
3628 2823 3822 2878 prom-

2167 2893 2305 2964 ptis,
2340 2892 2496 2964 quod
2547 2890 2767 2947 scilicet
2814 2890 2921 2946 hoc
2970 2891 3296 2963 spiritalem
3356 2910 3552 2950 rerum
3607 2897 3818 2953 seriem

2168 2981 2463 3053 postulare
2495 2980 2913 3046 existimarem,
2941 2984 3006 3035 ut
3053 2997 3156 3052 per
3201 2998 3329 3037 eam
3362 2983 3818 3059 philosOphiam,

2167 3087 2294 3142 quae
2327 3069 2384 3124 in
2419 3069 2645 3124 actione
2676 3069 2866 3140 posita
2895 3073 3002 3140 est,
3029 3086 3121 3125 me
3153 3070 3410 3142 primum
3445 3072 3569 3144 ipse
3599 3092 3814 3146 purga-

2169 3159 2537 3229 rem,deinde
2564 3162 2763 3230 aperto
2795 3157 2977 3213 animi
3008 3175 3108 3214 ore
3137 3159 3410 3232 spiritum
3434 3161 3727 3219 traherem
3752 3166 3815 3234 ιι,

2168 3253 2343 3321 atque
2373 3247 2456 3303 ita
2494 3248 2731 3302 demum
2763 3250 3087 3302 eructarein
3121 3249 3363 3304 verbum
3405 3250 3626 3307 bonum
3654 3254 3719 3322 ίδ,
3751 3271 3817 3310 ac

2163 3341 2461 3412 perfectam
2518 3337 2616 3392 Dei
2669 3338 3006 3407 sapientiam
3071 3338 3220 3408 apud
3299 3341 3568 3410 perfectos
3627 3342 3814 3414 loque-

2163 3445 2257 3484 rer
2280 3429 2320 3464 1"
2356 3445 2368 3482 :
2402 3428 2458 3481 et
2487 3426 2981 3497 quemadmodum
3014 3427 3166 3481 I70
3202 3427 3387 3484 cuivis
3425 3428 3523 3484 alii
3554 3431 3658 3499 rei,
3691 3435 3810 3487 tam

2164 3535 2349 3592 parvae
2372 3532 2550 3588 quam
2592 3530 2816 3587 magna:
2849 3532 3022 3570 suum
3067 3519 3302 3588 tempus
3331 3520 3419 3573 est
3446 3517 3624 3588 (recte
3655 3520 3810 3576 enim

395 3625 462 3664 ac
495 3626 772 3681 perquam
805 3609 1169 3666 considerate
1202 3609 1309 3665 hoc
1341 3627 1374 3664 a
1407 3609 1716 3667 Salomone
1747 3611 1970 3668 dictum
2021 3612 2155 3682 est),
2190 3609 2274 3666 sic
2306 3604 2591 3663 sermonis
2622 3607 2678 3660 et
2708 3603 2923 3660 silentii
2953 3609 3187 3676 tempus
3217 3621 3347 3663 esse
3374 3607 3438 3674 ¹⁸,
3469 3611 3531 3662 ut
3576 3607 3626 3663 si
3675 3608 3809 3680 quis

393 3695 568 3762 alius,
598 3699 894 3768 cognitum
927 3703 983 3754 et
1011 3699 1373 3771 exploratum
1413 3700 1708 3756 haberem.

465 3787 534 3840 Β’.
571 3787 668 3839 Διὰ
696 3790 858 3839 τοῦτο
908 3786 1204 3863 ἐκωφώθην
1263 3789 1350 3840 καὶ
1411 3787 1798 3859 ἐταπεινώθην,
1851 3789 2039 3865 πόρρω
2074 3793 2115 3857 ρ

393 3875 591 3936 παντὸς
650 3875 848 3950 ἀγαθοῦ
903 3873 1200 3950 γενὸμεννςο
1260 3876 1346 3930 καὶ
1407 3875 1517 3930 οἶόν
1576 3899 1628 3930 τι
1681 3876 1838 3952 νὲνρος
1897 3877 2033 3950 ἐμὴν

393 3961 613 4038 καρδίαν
677 3962 990 4039 ὑποδραμὸν
1036 3963 1367 4037 συνεκάλυψε
1414 3967 1512 4034 τήν
1563 3967 1747 4019 ἀκτῖνα
1801 3972 1898 4020 τοῦ
1948 3964 2039 4020 λό-

393 4072 516 4125 γου,
563 4051 653 4106 καὶ
701 4053 763 4106 τὸ
806 4051 1031 4127 ἀλγημά
1079 4075 1183 4126 μου
1231 4055 1416 4114 νυκτὸς
1467 4055 1555 4108 καὶ
1591 4055 1798 4128 ἡμέρας
1833 4055 2037 4110 dvaqu-

392 4140 584 4210 νίζετο.
622 4141 724 4198 Καὶ
774 4140 943 4195 πάντα
993 4165 1085 4216 μοι
1139 4146 1204 4212 ἦν
1255 4142 1638 4217 ὑπεκκαύματα
1668 4145 1755 4197 xui
1789 4143 2038 4217 ὑπομνή-

397 4250 540 4301 ματα
596 4236 696 4298 τῆς
745 4234 851 4284 τῶν
901 4228 1147 4308 ἀδελφῶν
1199 4229 1512 4301 διαζεύξεῶς
1561 4235 1695 4306 (57),
1731 4232 2038 4308 ἀγρυπνίαι,

388 4323 655 4387 νηστεῖαι,
685 4320 1010 4395 προσευχαὶ,
1045 4317 1266 4396 δάκρυα,
1301 4320 1456 4376 τύλοι
1511 4323 1778 4394 γονάτων,
1803 4323 2038 4394 στηθῶν,

465 4425 511 4461 ι’
541 4425 693 4498 Psal.
719 4444 844 4498 CXL,
867 4429 922 4484 7.
999 4429 1041 4462 ¹³
1074 4429 1242 4484 Joan.
1266 4446 1380 4496 XIX,
1403 4431 1492 4483 24.

392 4497 434 4532 ¹³
467 4497 652 4554 Eccle.
687 4514 770 4568 in,
809 4497 855 4554 t.
937 4501 979 4534 ¹⁹
1007 4499 1162 4556 Psal.
1195 4517 1430 4568 xxxvm,
1463 4502 1516 4556 3.

466 4605 579 4679 (46)
625 4603 918 4679 Εἷρηνικὸς
972 4607 1037 4661 α’.
1099 4631 1126 4656 ‹‹
1173 4606 1369 4662 Prima
1424 4607 1512 4679 de
1554 4623 1694 4678 pace
1753 4607 1964 4679 oratio.
2018 4629 2046 4658 »

391 4680 531 4753 Rﬁeg.
560 4675 938 4753 ᾕιιιηπρῷτρς.
979 4679 1138 4735 Colb.
1171 4679 1470 4753 maximus
1503 4675 1571 4734 in'
1597 4695 1781 4751 marg.
1817 4678 2043 4753 Ἐῥρἑθη

392 4746 687 4822 obs-acini
728 4746 823 4822 τῇ.
855 4748 1040 4804 ὲνώσει
1090 4753 1196 4803 τῶν
1252 4748 1611 4820 μοναζόντων.
1665 4746 1802 4822 Reg.
1840 4746 2044 4806 Medic.

392 4819 468 4879 εἷς
525 4818 625 4892 τήν
674 4816 964 4892 σύμϐασιν,
1014 4823 1074 4889 ἣν
1136 4816 1270 4892 μετᾶ
1297 4816 1618 4888 τὴνίστάσιν
1670 4816 2043 4892 πεποιήκαμεν

392 4891 446 4965 et
490 4888 768 4965 ὁμόδοξοιζ
802 4915 830 4943 ‹‹
886 4900 961 4948 De
988 4888 1148 4964 pace,
1181 4911 1356 4965 quam
1412 4900 1541 4964 post
1592 4888 1901 4950 dissidium
1952 4888 2046 4948 'in-

393 4963 594 5029 iimus,
630 4963 728 5034 qui
757 4963 1021 5035 ejusdem
1065 4963 1478 5020 ﬁdei'eramus.
1519 4988 1546 5014 »
1577 4968 1860 5021 Caeterum
1898 4965 2050 5020 inter

393 5035 650 5103 Gregorii
675 5037 991 5109 orationes,
1022 5043 1163 5092 sunt
1192 5042 1246 5093 et
1276 5036 1401 5092 aliis
1435 5039 1581 5104 duas,
1606 5055 1814 5109 nempe
1841 5039 2046 5094 vicesi-

397 5121 496 5160 ma
524 5108 776 5162 secunda
807 5114 866 5163 et
893 5108 1170 5164 vicesima
1202 5109 1373 5165 tertia
1403 5109 1460 5164 in
1499 5111 1607 5164 hoc
1649 5108 1848 5165 nostro
1894 5109 2047 5164 ordi-

393 5193 486 5240 ne,
511 5193 639 5260 que
656 5178 859 5260 itidem
882 5202 910 5230 ‹‹
933 5181 1004 5235 de
1017 5196 1169 5260 pace.
1187 5181 1666 5260 »_i_nscribunt_ur.
1692 5182 1908 5260 Idcirco
1928 5183 2049 5237 haec
2084 5151 2125 5214 D
2159 5151 2293 5260 λιιξςζ

393 5250 590 5326 oratio
613 5255 775 5326 sexta
816 5250 1189 5326 εἰρηνικὸςῶ,
1224 5252 1280 5306 id
1311 5257 1399 5326 est
1430 5276 1455 5302 ‹‹
1492 5252 1681 5324 prima
1719 5254 1789 5307 de
1821 5269 2046 5326 pace,_»

390 5321 760 5403 inscribitur,
797 5321 938 5395 quia
968 5321 1250 5379 nimirUm
1285 5324 1445 5395 prior
1465 5321 1730 5396 respectu
1763 5321 2048 5397 temporis

393 5392 598 5448 habita
627 5399 736 5448 est.
816 5392 833 5395 ”
1287 5392 1300 5395 ’
1562 5392 1581 5396 ⁷

465 5465 576 5534 (47)
609 5464 756 5518 Μετά
784 5464 885 5531 τὴν
921 5462 1154 5534 σίωπήν.
1190 5465 1413 5520 Desunt
1443 5466 1500 5520 in
1531 5466 1650 5521 Jes.

464 5533 575 5609 (48)
609 5533 804 5592 Αὐτοῦ.
829 5537 979 5609 post
1008 5537 1068 5591 in
1103 5537 1242 5609 Reg.
1277 5554 1328 5592 a.

469 5608 578 5676 (49)
627 5613 765 5663 Moo.
826 5608 1065 5681 Regg.a,
1115 5608 1237 5672 bm,
1301 5609 1396 5676 hu,
1456 5608 1550 5663 Or.
1612 5608 1664 5677 4,
1724 5610 1867 5675 Jes.,
1929 5613 2035 5664 etc.

400 5696 576 5824 #0653»
605 5752 715 5824 Τοῦ
768 5751 1009 5824 Χριστοῦ
1031 5745 1312 5824 ὃιῃριῖτοτᾲ
1349 5749 1522 5806 Deest
1543 5753 1692 5824 Δτοῦ,
1758 5751 2036 5824 in‘Regg.

393 5817 520 5892 βω,
551 5819 655 5892 hu,
682 5819 778 5882 0r.
811 5817 864 5895 ἰ,
897 5826 956 5883 et
981 5817 1104 5882 J08.
1125 5817 1199 5880 In
1221 5820 1373 5894 aliis,
1407 5837 1508 5895 pro
1540 5817 1804 5897 διηρεῖτο,
1827 5817 2042 5896 legitur

1573 4431 1618 4465 ¹⁴
1649 4430 1799 4486 Psal.
1825 4447 2057 4499 xxxvm,
2080 4430 2136 4485 2.
2181 4429 2224 4463 ¹⁶
2251 4424 2402 4483 Psal.
2427 4441 2619 4491 cxvm,
2644 4425 2766 4480 131.

2225 3787 2296 3842 ΙΙ.
2330 3785 2412 3841 Ob
2443 3783 2592 3839 hanc
2623 3799 2858 3838 causam
2881 3783 3169 3854 obmutui,
3195 3787 3250 3838 et
3271 3784 3620 3842 humiliatus
3643 3804 3798 3855 sum,

2148 3875 2348 3949 procul
2382 3873 2454 3929 ab
2486 3871 2646 3928 omni
2668 3873 2820 3927 bono
2845 3877 3133 3940 remotus;
3158 3888 3222 3927 ac
3245 3872 3403 3928 velut
3434 3875 3618 3930 nubes
3643 3892 3800 3946 quaa-

2153 3967 2288 4020 dam
2320 3981 2419 4018 cor
2449 3977 2646 4016 meum
2696 3961 2958 4026 subiens,
2993 3961 3282 4017 sermonis
3329 3961 3522 4019 radios
3565 3965 3800 4034 obtexit,

2152 4052 2427 4123 dolorque
2459 4067 2626 4105 meus
2656 4050 2750 4105 die
2781 4067 2845 4104 ac
2879 4053 3045 4106 nocte
3096 4050 3483 4107 renovabatur
3508 4055 3570 4107 ι’.
3600 4054 3807 4111 Omnia

2151 4144 2328 4209 enim,
2363 4140 2592 4196 fomites
2624 4139 2866 4211 quidam
2913 4139 3056 4194 mihi
3089 4144 3275 4211 erant,
3309 4140 3658 4215 dissidiique
3688 4145 3810 4200 fra-

2150 4231 2301 4288 terni
2333 4229 2714 4294 monimenta,
2737 4227 2948 4301 vigiliae
2971 4230 3460 4302 nempe,jejunia,
3485 4248 3707 4304 preces,
3733 4233 3812 4290 la-

2153 4337 2386 4394 crymae,
2429 4317 2647 4374 callosa
2695 4333 2906 4390 genus,
2951 4317 3202 4390 pectoris
3250 4321 3812 4390 converberationes,

2846 4425 2889 4461 ¹⁶
2918 4424 3072 4480 Psal.
3097 4442 3244 4496 κων,
3270 4427 3319 4484 1.
3399 4428 3442 4462 ³⁷
3465 4427 3487 4484 Ι
3513 4427 3642 4485 Cor.
3668 4447 3730 4497 ιι,
3753 4431 3815 4484 6⁸

2159 4602 2522 4675 διεσκέδαστο,
2552 4626 2586 4676 ι(
2608 4603 2962 4676 dissipatum
2996 4607 3138 4662 erat.
3180 4627 3200 4654 υ

2229 4679 2336 4751 (51)
2369 4674 2776 4751 Ῥηγνῦμενονξ
2800 4676 2896 4733 Sic
2943 4676 3206 4750 plerique
3263 4677 3512 4734 codices.
3548 4679 3674 4736 Par.
3716 4681 3805 4737 ed.

2156 4748 2489 4824 ἀγνύμενον,
2514 4772 2541 4798 ‹‹
2579 4750 2778 4824 fracta.
2819 4771 2839 4800 in

2229 4819 2344 4893 (52.)
2375 4821 2481 4875 Τὸν
2517 4819 2791 4893 Χριστόν.
2825 4819 2916 4875 Sic
2974 4820 3152 4892 Regg.
3186 4819 3308 4890 bm,
3357 4819 3462 4890 hu,
3496 4820 3591 4876 0r.
3621 4821 3808 4887 l,Jes.

2157 4890 2440 4948 omittunt
2465 4890 2578 4944 τόν.

2231 4967 2336 5032 (53)
2385 4960 2644 5028 Φυλακὴν
2702 4960 2925 5032 ἐθέμην.
2981 4962 3076 5015 Sic
3135 4961 3313 5032 Regg.
3372 4961 3474 5027 hu,
3519 4968 3578 5017 et
3625 4963 3716 5019 Or.
3756 4968 3810 5022 1.

2159 5041 2286 5091 Par.
2324 5033 2647 5108 θάηέθὲμην
2681 5031 2947 5108 φυλακήν.

2230 5109 2337 5177 (54)
2368 5103 2498 5163 Οὐδ’
2528 5101 2737 5164 ἄλλως.
2773 5106 2950 5176 Regg.
2987 5103 3106 5165 hm.
3139 5101 3240 5173 hu,
3270 5107 3328 5158 et
3368 5103 3488 5160 Jes.
3550 5102 3675 5160 οὐδὲ
3715 5105 3810 5160 ἄλ-

2229 5251 2340 5324 (55)
2372 5251 2594 5324 Πρῶτον
2628 5245 2878 5324 euang»:
2916 5247 3096 5324 Regg:
3131 5244 3231 5314 hu,
3265 5247 3380 5324 duo
3410 5247 3593 5324 Colb.,
3627 5249 3720 5306 Or.
3758 5254 3781 5306 1

2157 5314 2439 5394 πρότερον.
2469 5314 2731 5405 Ριρεξείρ,
2748 5319 2815 5405 ὀἱ
2840 5319 2958 5405 :I‘es.
2993 5314 3255 5405 πρότερον
3276 5316 3504 5405 ’ἑαυτόνρ

2373 5387 2712 5466 Καιροξέπί.
2744 5390 2994 5459 Mallem,
3027 5387 3216 5461 καιρὸς
3272 5387 3402 5460 ἐστι,
3436 5391 3517 5444 uti
3564 5389 3622 5444 in
3677 5391 3810 5462 plu-

2157 5464 2321 5518 ribus
2354 5463 2494 5519 mss.
2531 5463 2764 5533 legitur.

2223 5531 2717 5613 (57iuA‘tdCE'95CwC:
2770 5531 3134 5613 sequitur-in
3186 5531 3323 5613 Reg.
3362 5531 3494 5613 ‘hu,
3528 5535 3586 5613 et
3634 5535 3807 5613 Coisl.

2156 5607 2203 5670 1,
2231 5601 2289 5658 ’ἐν
2325 5601 2643 5676 ἀλλοτρίοις
2695 5601 2968 5676 ὁρώμενα.
3003 5601 3211 5658 Billius
3244 5601 3322 5658 sic
3362 5601 3501 5676 legit
3531 5608 3588 5658 et
3617 5607 3810 5675 vertit,

2152 5655 2341 5747 «'quas
2371 5678 2430 5732 in
2465 5655 2593 5735 aliis
2625 5655 2954 5733 cernebam.
2993 5695 3019 5726 ι

2223 5746 2246 5771 ·“
2268 5749 2426 5806 Alias
2459 5752 2544 5805 12.
2577 5767 2706 5820 quas
2739 5754 2938 5807 autem
2965 5748 3001 5803 6
3031 5751 3340 5820 erat,nunc
3395 5746 3480 5806 tt.
3502 5777 3569 5798 -ρ
3590 5751 3810 5808 Habita

3793 5297 3808 5323 9

2145 5820 2384 5882 ineunte
2412 5839 2566 5882 anno
2594 5822 2719 5878 364.
