4148 6290
318 416 437 477 723

1559 407 1622 465 S.
1671 405 2043 466 GREGORII
2089 407 2483 469 THEOLOGI

3610 406 3735 465 724

308 546 633 621 suspirium
664 559 731 599 ex
751 542 869 599 imo
898 555 1389 612 manans,pernox
1421 538 1618 608 statio,
1644 538 1860 594 mentis
1898 538 1969 593 ad

2092 535 2422 611 ἐπιτιμήσεις
2469 542 2602 613 (58),
2662 541 2961 615 στεναγμὸς
3021 538 3079 593 έκ
3152 538 3346 615 βάθους
3406 532 3734 611 ἀναπεμπό-

310 640 498 695 Deum
548 630 959 706 peregrinatio,
1021 628 1216 685 tenuis
1265 628 1415 683 inter
1464 628 1751 684 orandum
1799 628 1970 682 ﬂetus

312 724 680 784 audientium
730 720 955 776 animos
1009 720 1080 774 ad
1130 717 1642 793 compunotionem
1692 718 1965 783 incitans,

306 813 647 887 psallentes,
680 809 778 865 Dei
811 808 1056 881 gloriam
1089 807 1469 876 celebrantes,
1505 806 1690 877 legem
1736 802 1968 861 Domini

306 901 408 959 diu
466 903 761 970 noctuque
820 896 1171 952 meditantes
1208 897 1272 965 ²⁰,
1325 894 1706 950 exultationes
1762 894 1862 950 Dei
1906 895 1966 949 in

306 989 646 1065 gutturibus
670 988 714 1024 ’ί
748 987 1037 1041 ferentes:
1091 990 1267 1056 atque
1295 984 1418 1039 haec
1461 984 1635 1039 etiam
1680 984 1809 1039 vita:
1853 985 1968 1039 Deo

307 1083 483 1153 gratae
518 1076 763 1149 pulchra
784 1075 999 1130 indicia
1030 1078 1087 1130 et
1109 1078 1475 1145 argumenta,
1498 1073 1779 1143 tacitique
1817 1090 1967 1144 prae-

308 1183 506 1232 cones,
540 1164 775 1221 sordida
819 1163 1098 1219 nimirum
1131 1168 1189 1218 et
1235 1160 1505 1234 squalida
1545 1178 1730 1232 coma,
1789 1162 1966 1233 pedes

308 1256 476 1321 nudi,
526 1259 582 1310 et
619 1252 971 1325 apostolicos
1014 1252 1340 1316 imitantes,
1365 1251 1511 1305 nihil
1545 1254 1842 1305 mortuum
1883 1252 1962 1305 fe-

309 1348 532 1411 rentes,
567 1347 703 1415 apta
746 1347 803 1398 et
838 1342 1141 1397 moderata.
1168 1345 1431 1407 tonsura,
1466 1340 1717 1395 amictus
1749 1340 1965 1395 fastum

308 1434 632 1506 castigans,
666 1448 812 1487 zona
843 1432 916 1486 ob
963 1429 1375 1502 inelegantiam
1416 1428 1670 1501 elegans,
1707 1428 1968 1484 tunicam

309 1525 586 1582 nonnihil
621 1524 1003 1596 restringens,
1034 1524 1118 1578 ita
1149 1527 1213 1578 ut
1244 1521 1595 1594 restringere
1628 1521 1871 1576 minime
1893 1520 1968 1575 vi-

309 1615 543 1680 deatur,
588 1630 830 1686 gressus
875 1617 1173 1677 constans,
1217 1610 1424 1667 oculus
1474 1609 1716 1665 minime
1764 1626 1965 1681 vagus,

325 1704 600 1759 subrisus
620 1703 896 1767 blandus,
916 1701 1003 1757 vel
1027 1701 1221 1773 potius
1244 1699 1598 1756 subrisionis
1628 1704 1823 1755 motus
1846 1699 1971 1770 qui-

318 1795 455 1849 dam
488 1792 644 1848 risus
678 1790 1061 1863 petulantiam
1094 1789 1409 1862 castigans,
1444 1804 1637 1845 sermo
1669 1806 1703 1843 a
1748 1789 1971 1843 ratione

2086 647 2266 699 μενος,
2328 630 2505 691 στάσις
2559 630 2859 705 πάννυχος,
2916 627 3011 683 νοῦ
3088 628 3225 704 πρὸς
3285 629 3413 683 Θεὸν
3473 624 3734 701 ἐκδημία,

2082 723 2275 789 θρῆνος
2334 717 2384 771 ἐν
2446 716 2623 787 δεήσει
2680 717 2901 786 λεπτὸς,
2960 719 3241 794 φάρμακον
3299 722 3413 778 τοῖς
3472 716 3726 771 ἀκούουσι

2080 805 2433 877 κοτανύξεως,
2493 808 2544 859 οἱ
2594 805 2914 880 ψάλλοντες,
2962 808 3013 859 οἱ
3064 804 3393 879 δοξάζοντες,
3454 806 3504 859 o't
3567 805 3736 877 μελε-

2080 898 2279 955 τῶντες
2327 896 2421 949 τὸν
2478 890 2645 967 νόμον
2700 895 2898 969 Κυρίου
2942 897 3154 971 ἡμέρας
3197 895 3286 948 καὶ
3316 895 3526 961 νυκτὸς,
3558 896 3612 948 οἱ
3638 896 3736 956 τὰς

2086 982 2315 1054 ὑψώσεις
2362 988 2456 1037 τοῦ
2504 988 2636 1037 Θεοῦ
2686 982 2737 1037 ἐν
2778 990 2894 1044 τοῖς
2939 982 3162 1059 λάρυγξι
3195 982 3461 1060 φέροντες·
3496 983 3583 1037 καὶ
3608 988 3737 1038 ταῦ-

2081 1092 2147 1125 τα
2177 1070 2242 1139 δὴ
2274 1074 2339 1126 τὰ
2365 1071 2504 1126 καλά
2553 1078 2649 1127 τοῦ
2694 1074 2830 1127 κατά
2876 1074 3003 1127 Θεὸν
3042 1072 3161 1147 βίου
3186 1075 3299 1145 (59)
3332 1073 3740 1147 προγράμματα

2079 1161 2167 1214 καὶ
2220 1163 2529 1234 μηνύματα,
2586 1164 2637 1215 o't
2683 1166 2996 1223 σιωπῶντες
3040 1164 3295 1237 κήρυκες,
3349 1162 3619 1236 αὐχμῶσα
3648 1162 3739 1215 καὶ

2083 1250 2280 1325 πιναρά
2325 1247 2497 1323 κόμη,
2548 1246 2711 1311 πόδες
2777 1250 2970 1325 γυμνοὶ
3026 1251 3115 1303 καὶ
3180 1256 3295 1311 τοῖς
3348 1248 3739 1312 ἀποστολικοῖς

2085 1334 2363 1412 ἑπόμενοι,
2417 1337 2585 1413 μηδὲν
2644 1340 2828 1415 νεκρὸν
2881 1339 3153 1415 φέροντες,
3202 1339 3372 1415 κουρά
3409 1339 3739 1412 σύμμετρος,

2081 1423 2351 1502 περιϐολὴ
2456 1428 2621 1506 τύφον
2726 1428 3052 1499 κολάζουσα,
3131 1430 3272 1499 ζώνη
3360 1433 3438 1499 τῷ
3515 1425 3741 1502 ἀκόσμῳ

2083 1518 2283 1592 κοσμία
2311 1522 2443 1593 (60),
2499 1516 2690 1596 μικρόν
2738 1542 2790 1575 τι
2835 1525 2932 1574 τοῦ
2970 1524 3209 1595 χιτῶτος
3239 1519 3739 1593 (61)ἀναστέλλου-

2082 1632 2166 1682 σα,
2226 1609 2314 1665 καί
2372 1612 2495 1666 ’ὀσον
2552 1614 2627 1685 μὴ
2706 1611 3076 1682 ἀναστέλλειν,
3152 1609 3391 1687 βάδισμα
3469 1613 3738 1683 εὐσταθὲς,

2084 1699 2368 1777 ὀφθαλμὸς
2419 1699 2480 1754 οὐ
2528 1701 2909 1773 πλανώμενος,
2964 1698 3225 1773 μειδίαμα
3270 1701 3561 1776 προσηνὲς,
3598 1700 3741 1774 μᾶλ-

2086 1788 2180 1844 λον
2214 1786 2271 1843 δὲ
2304 1790 2450 1863 ὁρμὴ
2505 1786 2879 1863 μειδιάματος,
2935 1789 3188 1865 ἀκρασίαν
3240 1789 3481 1865 γέλωτος
3523 1812 3742 1868 σωφρο-

317 1882 641 1954 profeotus,
675 1880 975 1936 silentium
1010 1895 1278 1935 sermone
1299 1878 1693 1950 praestantius,
1716 1876 1972 1933 laudatio

2092 1877 2322 1947 νίζουσα,
2382 1874 2549 1952 λόγος
2607 1882 2685 1949 τῷ
2741 1874 2892 1954 λόγῳ
2944 1877 3278 1950 κινούμενος,
3339 1880 3521 1947 σιωπὴ
3572 1876 3744 1955 λόγου

318 1989 345 2027 s
368 1970 457 2026 ale
485 1970 741 2037 condita,
773 1986 889 2025 non
918 1970 987 2025 ad
1022 1967 1340 2023 blanditias
1362 1971 1717 2038 comparata,
1760 1968 1857 2022 sed
1902 1968 1975 2022 ad

322 2057 567 2113 meliora
610 2056 887 2128 dirigens,
921 2056 1249 2127 objurgatio
1280 2055 1613 2111 laudatione
1643 2054 1973 2127 optabilior,

318 2147 529 2203 modus
574 2144 829 2201 tristitiae
858 2150 915 2201 et
962 2145 1295 2201 animorum
1350 2144 1747 2215 relaxationis,
1800 2149 1974 2212 atque

318 2235 626 2306 utriusque
659 2234 964 2307 permistio
994 2238 1051 2290 et
1070 2238 1601 2307 temperamentum
1631 2252 1644 2302 ;
1697 2233 1975 2291 mollities

322 2323 684 2393 fortitudine,
718 2323 1033 2379 austeritas
1061 2322 1411 2379 verecundia
1438 2327 1763 2394 temperata
1783 2322 1866 2379 sic
1886 2328 1971 2391 ut,

318 2417 526 2470 neutra
555 2414 626 2468 ab
650 2411 1106 2480 alteralaadatur,
1132 2414 1233 2469 sed
1258 2417 1505 2484 utraque
1527 2412 1766 2469 alterius
1799 2429 1976 2485 opera

319 2503 553 2557 laudem
576 2506 967 2572 consequatur
988 2520 1001 2569 ;
1028 2502 1238 2556 modus
1261 2506 1389 2557 tum
1403 2502 1462 2555 in
1481 2518 1793 2557 commune
1806 2502 1973 2574 prod-

319 2590 517 2656 eundi,
572 2595 698 2644 tum
733 2589 1061 2657 secedendi,
1098 2588 1242 2644 illud
1276 2590 1347 2644 ad
1382 2588 1526 2644 alios
1555 2590 1969 2657 instituendos,

319 2679 429 2736 hoc
461 2684 523 2734 ut
543 2678 655 2749 ipsi
680 2677 934 2749 Spiritus
957 2677 1252 2750 mysteriis
1278 2678 1621 2734 imbuuntur
1646 2696 1658 2746 ;
1685 2683 1861 2749 atque
1892 2679 1975 2733 ita

324 2777 661 2839 utrumque,
696 2771 780 2837 ut,
813 2771 871 2821 et
900 2767 958 2822 in
982 2766 1280 2822 communi
1302 2765 1706 2833 solitudinem,
1729 2766 1856 2822 etin
1881 2784 1970 2823 so-

334 2846 581 2912 litudine
604 2857 916 2912 fraternam
930 2855 1392 2911 benevolentiam
1413 2860 1469 2911 et
1492 2855 1833 2911 charitatem
1853 2874 1973 2912 ser-

331 2952 501 3013 vent;
537 2951 612 3017 et,
648 2962 774 3018 quae
808 2945 999 3001 adhuc
1029 2944 1255 3015 majora
1319 2950 1376 3000 et
1423 2944 1770 3001 sublimoria
1816 2950 1974 3013 sunt,

331 3053 471 3109 opes
529 3036 586 3090 in
628 3040 986 3108 paupertate,
1043 3035 1337 3107 possessio
1389 3035 1448 3090 in
1493 3035 1977 3106 peregrinatione,

330 3124 517 3198 gloria
543 3124 604 3179 in
624 3128 986 3196 contemptu,
1020 3124 1280 3195 potentia
1302 3124 1360 3178 in
1393 3123 1761 3192 inﬁrmitate,
1787 3123 1981 3180 fecun-

328 3214 558 3269 ditasin
589 3212 854 3268 caelibatu
889 3213 1200 3285 (siquidem
1245 3214 1682 3284 praestantiores
1706 3214 1857 3269 fetus
1896 3212 1979 3267 illi

328 3306 487 3371 sunt,
517 3302 614 3372 qui
651 3302 977 3357 secundum
1013 3303 1193 3357 Deum
1224 3302 1536 3368 exsistunt,
1588 3318 1766 3373 quam
1809 3303 1909 3373 qui
1951 3320 1984 3357 a

326 3406 501 3447 carne
530 3394 725 3445 ortum
764 3390 1046 3458 ducunt):
1081 3390 1183 3461 qui
1232 3389 1444 3445 diliciis
1478 3390 1721 3446 minime
1748 3392 1984 3446 studere

325 3496 429 3553 pro
452 3479 606 3534 180
652 3478 878 3535 deliciis
909 3479 1147 3544 habent,
1192 3479 1294 3551 qui
1344 3480 1508 3551 regni
1554 3479 1774 3535 coalesti
1805 3497 1983 3536 causa

326 3566 582 3624 humiles
614 3572 776 3633 sunt,
810 3568 911 3638 qui
942 3568 1002 3622 in
1036 3569 1258 3623 mundo
1281 3567 1429 3623 nihil
1463 3567 1701 3636 habent,
1724 3573 1781 3623 et
1802 3586 1985 3640 supra

328 3658 616 3712 mundum
640 3656 949 3724 exsistunt,
976 3656 1077 3728 qui
1099 3657 1277 3711 etiam
1300 3656 1357 3710 in
1378 3673 1551 3711 carne
1568 3661 1729 3712 extra
1746 3674 1979 3713 carnem

325 3745 549 3813 vivunt,
608 3746 709 3818 qui
764 3762 866 3817 pro
916 3746 1182 3818 portione
1234 3746 1548 3803 Dominum
1599 3746 1837 3814 habent,
1879 3748 1979 3818 qui

328 3841 567 3907 propter
586 3852 831 3909 regnum
856 3837 1055 3908 inopia
1084 3835 1381 3905 laborant,
1402 3840 1460 3892 et
1473 3836 1978 3910 propterinopiam

333 3929 600 3997 regnant.

400 4015 497 4070 III.
533 4014 600 4070 Hi
633 4030 747 4083 me,
802 4031 963 4087 opes,
1023 4014 1290 4086 inquam,
1322 4032 1388 4071 ac
1422 4014 1710 4088 praclara
1756 4016 1977 4073 delicia:

327 4118 495 4169 mese,
544 4106 601 4157 st
648 4109 963 4173 praesentes
1010 4103 1385 4175 splendidum
1436 4108 1611 4176 atque
1685 4103 1977 4162 illustrem

331 4190 673 4261 reddebant,
702 4196 758 4247 et
785 4193 1058 4248 absentes
1090 4210 1338 4249 mmrore
1376 4194 1819 4252 contrahebant.
1845 4195 1977 4251 Haec

331 4278 480 4335 mihi
512 4279 771 4335 animum
816 4281 1183 4351 premebant,
1235 4286 1290 4337 et
1330 4282 1778 4338 conturbabant.
1832 4284 1977 4339 Hinc

329 4382 424 4439 ego
478 4366 668 4436 lugens
716 4377 768 4423 et
814 4371 1178 4424 contristatus
1228 4370 1586 4441 ingrediebar
1608 4372 1673 4427 ²².
1730 4372 1812 4427 Ob
1846 4388 1974 4428 eam

326 4470 568 4512 causam
591 4472 725 4512 cum
744 4456 1171 4529 aliisjucundis
1194 4459 1367 4515 rebus
1385 4476 1719 4516 sermonem
1743 4478 1975 4532 quoque

326 4543 551 4614 abjeci:
616 4546 896 4616 quoniam
967 4546 1161 4602 dilecti
1193 4549 1634 4607 recalcitrarunt
1658 4552 1723 4620 ³³,
1758 4555 1814 4606 et
1842 4567 1971 4605 ver-

2082 1965 2404 2042 τιμιωτέρα,
2455 1964 2672 2029 ἔπαινος
2724 1965 2881 2021 ἅλατι
2931 1968 3259 2040 ἠρτυμένος,
3320 1967 3382 2022 οὗ
3450 1968 3587 2044 πρὸς
3637 1971 3743 2023 θω-

2083 2055 2237 2109 πείαν
2290 2056 2421 2129 (62),
2473 2053 2599 2109 ἀλλ’
2651 2052 2876 2131 ὁδηγίαν
2921 2060 3018 2110 τοῦ
3066 2055 3398 2128 κρείττονος,
3445 2055 3744 2127 ἐπίπληξις

2086 2143 2355 2222 εἷιφημίας
2388 2146 2759 2221 ποθεινοτέρα,
2798 2146 2965 2219 μέτρα
3010 2145 3302 2221 κατηφείας
3351 2145 3439 2199 καὶ
3491 2145 3744 2214 ἀνέσεως,

2082 2234 2173 2287 καὶ
2222 2236 2257 2302 ἡ
2322 2230 2388 2288 δι’
2441 2232 2761 2311 ἀμφοτέρων
2826 2234 2967 2307 μίξις
3016 2236 3107 2287 καὶ
3153 2240 3363 2308 κρᾶσις,
3423 2235 3487 2288 τὸ
3538 2234 3747 2290 ἁπαλὸν

2081 2327 2160 2395 τῷ
2203 2322 2431 2398 γενναίῳ
2488 2326 2621 2395 (63),
2670 2323 2734 2377 τὸ
2787 2322 3053 2397 αὐστηρὸν
3105 2321 3251 2377 αἰδοῖ
3301 2323 3625 2399 σῦγκρατον,
3672 2325 3748 2385 ὡς

2088 2408 2217 2484 μηδ’
2272 2408 2451 2486 ἕτερον
2514 2412 2616 2465 ὑπὸ
2673 2416 2767 2465 τοῦ
2839 2410 3023 2484 ἐτέρου
3090 2407 3570 2487 παραϐλάπτεσθαι
3630 2415 3747 2487 (64)

2082 2499 2210 2555 ἀλλ’
2265 2495 2544 2578 ἀμφότερα
2601 2497 2669 2553 δι’
2727 2497 2992 2569 ἀλλήλων
3044 2499 3388 2573 εὐδοκιμεῖν*
3440 2504 3611 2574 μέτρα
3638 2509 3739 2571 τῆς

2084 2589 2159 2651 εἷς
2207 2588 2270 2643 τὸ
2312 2590 2491 2643 κοινὸν
2534 2588 2807 2661 ἐπιμιξίας
3021 2589 3110 2643 καὶ
3159 2591 3592 2665 ὑποχωρήσεως,
3640 2598 3743 2655 τῆς

2087 2679 2180 2750 μὲν
2213 2683 2338 2740 τοῦς
2370 2675 2575 2740 ἄλλους
2603 2675 3081 2753 παιδαγωγούσής,
3112 2685 3213 2747 τῆς
3247 2676 3303 2732 δὲ
3330 2683 3409 2750 τῷ
3458 2678 3735 2752 Πνεύματι

2088 2766 2572 2844 μυσταγωγούσης,
2620 2768 2709 2821 καὶ
2751 2775 2850 2837 τῆς
2904 2769 2997 2840 μὲν
3040 2766 3091 2821 ἐν
3125 2772 3202 2839 τῷ
3231 2772 3394 2840 κοινῷ
3423 2769 3484 2821 τὸ
3517 2766 3733 2822 ἄκοινον

2085 2857 2487 2933 φυλαττούσης,
2516 2864 2615 2919 τῆς
2649 2854 2706 2911 δὲ
2735 2856 2784 2911 ἐν
2815 2862 2893 2928 τῷ
2924 2856 3136 2929 ἀμίκτῳ
3166 2857 3225 2911 τὸ
3262 2853 3591 2934 φιλάδελφον
3642 2857 3734 2910 καὶ

2088 2946 2471 3024 φιλάνθρωπον
2500 2968 2512 2980 ·
2544 2946 2633 3000 καὶ
2666 2946 2697 3000 ἃ
2730 2945 2900 3019 μείζω
2928 2946 3132 3000 τούτων
3163 2943 3238 3001 ἔτι
3269 2943 3357 3000 καί
3402 2939 3739 3021 ὑψηλότερα,

2091 3036 2117 3090 ὁ
2150 3035 2200 3089 ἐν
2234 3034 2391 3107 πενίᾳ
2419 3032 2684 3107 πλοῦτος,
2799 3034 2849 3089 έν
2898 3035 3155 3111 παροικίᾳ
3201 3036 3548 3110 κατάσχεσις,
3598 3036 3635 3103 ἡ
3692 3033 3744 3089 ἐν

2092 3125 2283 3197 ἀτιμίᾳ
2342 3122 2487 3197 δόξα,
2540 3127 2574 3193 ἠ
2628 3123 2678 3179 έν
2729 3124 2973 3196 ἀσθενείᾳ
3021 3123 3267 3197 δύναμις,
3325 3127 3360 3195 ἡ
3418 3124 3468 3178 ἐν
3540 3123 3751 3199 ἀγαμίᾳ

2090 3211 2440 3269 καλλιτεκνῖα
2490 3211 2661 3287 (εἷ’περ
2709 3214 2989 3289 κρείττονα
3032 3218 3137 3268 τῶν
3188 3215 3292 3267 ἀπὸ
3340 3214 3536 3287 σαρκὸς
3566 3212 3749 3287 ἀρχο-

2097 3303 2269 3376 μένων
2330 3306 2442 3377 (66)
2490 3303 2558 3357 τὰ
2610 3304 2745 3357 κατὰ
2784 3304 2911 3358 Θεὸν
2955 3304 3283 3377 γεννήματα)
3310 3321 3322 3332 ·
3359 3302 3411 3355 οἱ
3441 3305 3747 3379 τρυφῶντες

2091 3396 2168 3463 τῷ
2200 3392 2277 3464 μὴ
2311 3394 2421 3464 (67)
2450 3397 2674 3469 τρυφᾷν,
2706 3392 2757 3447 οἱ
2806 3392 3048 3446 ταπεινοὶ
3081 3391 3212 3467 ὑπὲρ
3259 3394 3366 3445 τῶν
3584 3388 3748 3465 οὐρα-

2090 3479 2220 3534 νίων
2251 3498 2262 3512 ·
2312 3481 2363 3534 o't
2417 3478 2586 3553 μηδὲν
2638 3480 2688 3535 ἐν
2735 3479 2949 3553 κόσμῳ,
2998 3480 3087 3533 καὶ
3137 3480 3267 3555 ὑπὲρ
3306 3479 3399 3533 τὸν
3432 3478 3661 3551 κόσμον·
3691 3479 3746 3533 οἱ

2088 3569 2283 3643 σαρκὸς
2369 3566 2469 3638 ἔξω
2517 3567 2606 3624 καί
2666 3568 2715 3622 ἐν
2791 3569 2967 3645 σαρκὶ,
3044 3569 3115 3621 ὧν
3199 3567 3351 3644 μερὶς
3410 3566 3631 3642 Κύριος,
3691 3567 3744 3621 οἱ

2088 3658 2306 3732 πτωχοὶ
2364 3654 2453 3711 διὰ
2513 3656 2809 3734 βασιλείαν,
2865 3658 2953 3711 καὶ
3012 3654 3100 3712 διὰ
3154 3656 3430 3733 πτωχείαν
3484 3654 3743 3731 βασιλεύ-

2091 3766 2259 3808 οντες.

2156 4014 2228 4069 Γ’.
2280 4009 2445 4069 Οὗτοί
2503 4032 2571 4083 με
2626 4012 2714 4065 καὶ
2768 4011 3029 4086 παρόντες
3088 4009 3340 4088 λαμπρὸν
3401 4010 3641 4082 ἐποίουν,
3701 4016 3737 4081 ἡ

2086 4100 2192 4173 ἐμὴ
2223 4100 2526 4175 περιουσία,
2585 4100 2648 4154 τὸ
2697 4100 2826 4173 ἐμὸν
2875 4101 3070 4176 ἀγαθὸν
3125 4104 3236 4175 (69)
3277 4100 3615 4179 ἰντρύφημα,
3647 4102 3741 4155 καὶ

2088 4189 2312 4251 ἀπόντες
2367 4186 2744 4245 συνέστελλον.
2794 4190 2968 4244 Ταῦτά
3020 4211 3112 4263 μοι
3168 4196 3383 4267 συνεῖχε
3421 4192 3521 4261 τήν
3553 4192 3739 4267 ψυχήν

2085 4283 2251 4332 ταῦτα
2309 4278 2610 4351 ἐτάρασσεν.
2673 4279 2763 4332 Ἐκ
2816 4277 3022 4333 τούτων
3084 4277 3187 4355 ἐγὼ
3241 4282 3449 4333 πενθῶν
3481 4279 3572 4334 καὶ
3621 4302 3744 4334 σκυ-

2084 4366 2380 4442 θρωπάζων
2428 4366 2769 4441 ἐπορευόμην
2853 4364 2941 4421 διὰ
2981 4371 3146 4421 ταῦτα
3198 4369 3331 4440 μετά
3375 4373 3481 4423 τῶν
3548 4366 3737 4424 ἄλλων

2080 4456 2319 4531 τερπνῶν
2365 4455 2453 4509 καὶ
2500 4455 2594 4509 τὸν
2647 4454 2808 4531 λόγον
2855 4456 3223 4529 ἀπεσεισάμην
3281 4458 3433 4531 (70)’
3494 4456 3578 4511 δτι
3634 4457 3738 4512 ἀπ-

2083 4544 2363 4599 ελάκτισαν
2398 4544 2449 4597 o't
2482 4543 2853 4617 ἠγαπημένοι,
2886 4544 2974 4598 καὶ
3014 4542 3268 4619 ἔστρεψαν
3317 4545 3398 4600 ἐπ’
3450 4544 3547 4620 ἰμὶ
3590 4551 3738 4602 νῶτα

322 4635 527 4689 terunt
555 4634 625 4690 ad
660 4650 753 4691 me
784 4639 948 4708 terga
978 4640 1036 4693 et
1067 4654 1181 4694 non
1222 4639 1399 4697 facies
1422 4642 1485 4712 9‘,
1540 4641 1797 4712 factique
1843 4644 1972 4696 sunt

2092 4632 2259 4687 αὐτῶν
2292 4632 2380 4687 καὶ
2414 4632 2476 4687 οὐ
2506 4632 2819 4709 πρόσωπον,
2852 4633 2941 4688 καὶ
2981 4634 3230 4711 γεγόνασι
3279 4634 3535 4709 ποίμνιον
3581 4634 3735 4692 ἐλευ-

394 4737 441 4772 ²ο
469 4737 621 4794 Psal.
655 4757 692 4810 1,
724 4741 778 4795 2.
856 4743 897 4776 ²¹
931 4743 1083 4798 Psal.
1118 4761 1299 4816 cxmx,
1332 4750 1387 4802 6.
1464 4749 1508 4782 ²²
1544 4746 1693 4803 Psal.
1722 4763 1911 4817 xxxxv,
1948 4749 1972 4801 1

2113 4744 2158 4779 ²³
2185 4742 2352 4797 Deut.
2383 4758 2559 4810 xxxu,
2594 4742 2678 4796 15.
2757 4743 2803 4776 ²⁶
2828 4746 2946 4797 Jer.
2979 4759 3040 4813 ιι,
3070 4744 3160 4798 27.

543 4845 939 4925 ’Eﬂj‘ttp‘lﬁc’stf
977 4849 1192 4925 Beg._a,
1230 4850 1565 4925 ἐπιτίμησις.

564 4920 686 4994 Τοῦ-
725 4916 861 4994 κατά
916 4916 1249 4994 Θλεὸννβίου.
1306 4916 1617 4981 Leuvenkl.

325 4984 793 5110 Deiﬁgrzpscripto
824 4984 1123 5047 institutae:
1162 5018 1190 5042 ››

397 5054 416 5126 (
494 5057 507 5126 )
557 5056 796 5126 Δκόσμῳ
854 5062 1073 5126 κοσμία.
1123 5070 1190 5120 ett

494 5056 796 5135 )ξΔκόσ“μφ
854 5062 1073 5133 κοσμία.
1123 5070 1230 5120 etc.
1280 5067 1509 5135 Billius,
1544 5089 1572 5115 ‹‹
1605 5065 1677 5120 ob
1729 5068 1972 5122 ornatus

326 5126 655 5191 neglectum
689 5126 840 5186 culta
869 5138 925 5187 et
954 5126 1177 5191 ornata.
1210 5159 1239 5186 »

414 5198 511 5279 ϐξ).
562 5202 820 5279 Χιτῶνος.
881 5206 1254 5279 (g_Tunicam.
1308 5230 1337 5257 »
1393 5208 1509 5279 Nec
1566 5206 1713 5279 bene
1763 5206 1969 5263 Billius

330 5287 352 5317 ι
377 5267 659 5350 pallium;
695 5274 1047 5350 »_siqu_idem
1080 5279 1276 5333 brevia
1307 5278 1544 5350 palliola
1574 5278 1851 5333 humeros
1883 5284 1965 5333 te-

322 5343 516 5421 gentis
546 5357 670 5412 qua:
698 5343 932 5421 cingulo
962 5349 1208 5421 astringi
1243 5343 1388 5404 nihil
1421 5368 1569 5421 opus
1598 5354 1741 5418 erat,
1774 5354 1965 5421 gesta-

322 5406 466 5463 bant
494 5406 788 5471 monachi.

347 5543 359 5556 .
391 5478 502 5550 (62)
534 5480 603 5535 Οὐ
650 5484 786 5557 πρὸς
846 5485 1101 5551 θωπείαν,
1165 5492 1273 5543 etc.
1334 5511 1361 5537 (ι
1395 5490 1520 5545 Non
1575 5491 1646 5546 ad
1698 5496 1963 5548 assenta-

319 5548 911 5635 tio’ngmfgmparata,
945 5559 1046 5635 sed
1074 5548 1145 5613 ad
1160 5560 1448 5635 _vir_tutem
1478 5564 1753 5635 dirigens.
1788 5585 1813 5615 υ

358 5616 509 5703 ⁸(63)
535 5620 621 5691 Τῷ
648 5616 908 5703 γενναίῳί
956 5630 1094 5685 Tres
1152 5630 1335 5700 Colb.,
1388 5616 1807 5703 Oxoni.,UOr.T1,
1839 5635 1958 5691 Jes.

16 5688 35 6051 Ι
325 5700 523 5829 συξδῑιι
543 5694 812 5838 assa”;

276 6032 323 6061 HL

1686 4947 1705 4973 ι
1734 4922 1864 4977 vitae
1908 4941 1973 4979 ex

589 5758 1044 5838 αραϐλάπτεσθαι.
1077 5768 1213 5842 Reg.
1245 5788 1298 5841 a,
1335 5776 1448 5835 tres
1468 5776 1630 5837 Colb.
1664 5777 1760 5834 Or.
1798 5776 1851 5846 4ο

2085 4841 2574 4905 καταϐλάπτεσθαι.

2158 4920 2271 4992 (65)
2330 4918 2423 4980 Εἰς
2481 4920 2547 4992 τὸ,
2599 4917 2775 4992 κοινὸν
2834 4916 3125 4992 ἐπιμιξίας.
3177 4920 3488 4977 Leuvenkl.
3552 4938 3735 4979 «mo-

2084 4993 2194 5047 dus
2228 4991 2685 5063 conversationis
2717 4992 2774 5047 in
2804 4991 3058 5063 publico,
3100 4998 3157 5047 et
3187 4993 3558 5050 secessionis.
3598 5017 3625 5043 ››

2153 5066 2279 5136 (66)⁸
2306 5061 2681 5136 Ἀρχομένων..
2716 5061 2855 5135 Reg.
2916 5064 3019 5130 hu,
3068 5064 3242 5120 Cois].
3305 5067 3354 5136 1,
3389 5066 3503 5121 duo
3537 5064 3732 5134 Colb.,

2080 5131 2218 5203 Jes.,
2251 5131 2344 5190 Or.
2460 5131 2591 5205 ἐρχο
2603 5131 2797 5205 μένων.

2150 5154 2218 5203 s.,
2251 5153 2344 5190 ur.
2381 5153 2429 5204 1,
2460 5153 2515 5205 ερ
2565 5154 2797 5205 ομενων.

2149 5208 2262 5277 (67)
2292 5208 2382 5278 Τῷ,
2413 5153 2684 5278 μήλης.
2720 5205 3025 5278 θωςοὶεῐ.
3053 5207 3106 5271 3,
3141 5207 3236 5272 Or,
3274 5206 3328 5275 l,
3384 5205 3447 5259 τὸ
3482 5207 3581 5278 μή.

2148 5275 2259 5349 (68)
2294 5275 2435 5350 Υπὲρ
2464 5275 2660 5350 τῶνμξ
2691 5277 2762 5331 οἱ.
2825 5275 2917 5331 Sic
2975 5278 3152 5350 Begg.
3187 5278 3308 5343 bm,
3360 5275 3490 5344 hu,'
3522 5279 3619 5334 Or.
3672 5280 3729 5349 4,

2074 5348 2189 5403 Jes.
2214 5348 2254 5421 γε
2286 5348 2536 5421 humiles
2568 5349 2666 5421 qui
2699 5366 2877 5421 supra
2893 5348 3215 5420 cmiosfqui
3242 5349 3384 5405 nihil
3418 5356 3579 5419 sunt,
3613 5348 3726 5406 etc.

2076 5420 2225 5493 Editl
2258 5438 2409 5493 vero,
2444 5420 2876 5493 uasp’zou...oic_.

2145 5490 2555 5565 (69)]Δγαθὸνζ
2630 5514 2664 5565 βξ
2702 5490 3290 5565 Ρτεεοιβιιεδῂάθὶὶοἰθε,
3347 5514 3373 5541 ι)
3436 5496 3606 5565 Deest
3663 5493 3723 5548 in

2075 5561 2248 5632 Regg.
2286 5561 2402 5627 bm,
2436 5563 2535 5629 hu,
2570 5562 2757 5616 tribus
2789 5562 2969 5622 Colb.,
3004 5561 3097 5616 Or.
3154 5563 3207 5630 1,
3261 5562 3379 5618 Jes.
3435 5568 3492 5619 et
3534 5564 3719 5621 Oxon.

2072 5635 2536 5689 Prmtormissum
2571 5634 2747 5688 etiam
2779 5651 2813 5688 a
2843 5633 3028 5688 Billio.

2144 5706 2263 5781 (70)
2307 5704 2722 5781 Ἀπεσεισάμην,
2782 5711 2889 5781 etc.
2942 5728 2969 5755 α
3012 5704 3380 5781 Abjeceram,
3438 5706 3720 5781 quoniam

2070 5774 2266 5834 dilecti
2296 5774 2802 5835 recalcitraverant
2833 5780 2890 5837 et
2908 5774 3226 5850 verterant,
3251 5800 3281 5831 η
3316 5782 3426 5837 etc.

2637 5514 2664 5540 ‹‹
2702 5490 2987 5546 Prieclarsa
3046 5490 3286 5546 deliciae.
3347 5514 3373 5541 ι)
