2074 3145
35 2735 38 2745 Ι

35 2764 41 2849 ί

35 2862 40 2891 ί

35 2913 44 3012 ἰ

168 186 227 216 ’127
791 190 823 220 S.
847 188 1035 220 GREGORII

1056 188 1254 219 THEOLOGI
1817 187 1878 218 728

167 261 252 282 sacco
266 252 399 281 letitiam
412 254 496 281 nobis
513 255 648 283 retribuit
658 256 691 291 I',
706 263 785 283 nunc
793 256 911 283 demum
926 255 989 291 ipse

1061 253 1094 287 ἠν
1108 253 1225 289 σιωπὴν,
1241 252 1286 280 καὶ
1302 253 1433 291 προσάγω
1447 255 1487 289 τῷ
1502 252 1616 290 παρόντι
1640 254 1727 289 καιρῷ
1740 251 1785 279 καὶ
1811 252 1877 289 ὑμῖν

167 305 284 333 quoque
302 305 361 325 una
376 306 441 325 cum
456 298 502 332 iis,
522 306 586 334 quas
615 299 826 334 praeterierunt,
843 300 993 328 silentium

1064 297 1091 325 ὸν
1108 295 1202 334 λόγον,
1220 297 1326 333 μᾶλλον
1341 296 1369 325 δὲ
1384 298 1424 333 τῷ
1440 300 1497 333 Θεῷ
1513 299 1569 333 (84)
1588 298 1771 335 χαριστήριον
1788 297 1877 325 θυσίαν

167 343 343 377 exuo,atque
359 342 428 369 huic
445 343 581 378 tempori,
595 344 746 379 vobisque,
759 344 818 371 imo
832 345 886 371 Deo
898 345 994 379 potius

165 394 333 414 sermonem
350 386 425 422 grati
440 387 530 415 animi
547 390 649 415 testem
665 389 764 422 oifero,
789 388 916 415 maxime
929 397 994 424 pro-

164 429 262 466 prium
286 431 475 464 sacriﬁcium,
503 432 613 459 donum
643 440 713 460 auro
743 432 856 468 purius,
881 432 995 460 eximiis

165 473 290 511 gemmis
303 475 631 510 praestantius,texturis
647 477 894 513 magniﬁcentius,
910 476 996 512 legali

165 518 311 547 sacriﬁcio
327 519 737 557 sanctius,primogenitorum
751 521 888 556 primitiis
900 529 995 549 sacra-

165 564 238 597 tius,
251 563 369 599 placens
381 564 438 592 Deo
456 572 546 600 super
560 565 685 593 vitulum
697 565 844 593 novellum
859 565 892 598 ’3,
904 565 998 592 corni-

167 609 225 636 bus
242 608 337 635 adhuc
352 610 380 635 et
395 608 512 644 ungulis
527 609 730 645 imperfectum
754 612 783 637 et
797 618 885 638 sensu
901 617 999 638 caren-

169 654 240 684 tem,
257 660 346 688 super
365 652 528 688 incensum,
555 662 643 689 super
672 654 886 688 holocaustum,
911 662 999 689 super

172 696 267 724 multa
283 696 438 733 pinguium
464 698 588 725 arietum
605 698 708 732 millia,
734 699 843 734 quibus
856 698 902 726 lex
917 698 999 726 rudis

170 741 312 769 infantem
329 742 467 770 Israelem
482 742 609 777 tenebat,
626 750 678 779 per
706 746 827 771 cruenta
855 743 1000 771 sacriﬁcia

171 786 304 814 futurum
327 786 518 814 adumbrans.

206 830 240 857 V.
257 830 315 858 Hoc
325 830 382 858 Deo
394 830 492 865 oil'ero,
507 830 561 858 hoc
572 832 705 867 appendo
721 840 755 859 ac
771 833 999 868 consecro,quod

170 884 263 903 unum
281 875 354 903 mihi
369 878 512 911 superest,
529 885 587 912 quo
603 885 661 904 uno
676 877 756 905 dives
771 886 849 905 sum.
866 878 936 906 Nam
950 886 1000 905 caa-

170 922 233 947 tera
249 920 364 955 quidem
375 921 513 948 mandato
528 924 555 949 et
581 921 703 957 Spiritui
719 921 822 957 reliqui
841 932 847 956 ;
866 931 898 949 ac
913 922 1000 958 preti-

171 972 254 992 osam
270 964 458 1000 margaritam
473 973 539 993 cum
555 965 692 994 omnibus
707 966 753 1000 iis,
770 975 832 1001 qua
848 967 998 1003 quondam

170 1009 672 1046 habebam,oommutavi,i‘actusque
687 1019 764 1044 sum,
773 1013 823 1038 aut
832 1013 876 1044 ,ut
891 1011 999 1038 rectius

171 1052 286 1088 loquar,
297 1053 359 1080 ﬁeri
372 1056 439 1089 opto
463 1062 588 1090 magnus
602 1054 650 1082 ille
673 1055 846 1091 negotiator,
870 1055 920 1091 qui
940 1055 999 1082 exi-

173 1097 239 1133 guis
255 1098 443 1134 rebus,atque
458 1098 576 1126 omnino
583 1099 844 1135 perituris,magna
854 1103 883 1127 et
894 1102 1002 1127 eterna

175 1142 247 1170 emit
266 1142 297 1169 ³⁸.
312 1142 412 1170 Solum
429 1145 528 1171 autem
552 1151 719 1171 sermonem
749 1143 936 1179 complector,
953 1146 1000 1171 ut-

177 1189 244 1223 pote
260 1187 345 1214 Verbi
364 1187 511 1221 minister,
541 1196 635 1224 neque
656 1196 787 1224 unquam
811 1188 905 1216 libens
926 1189 1002 1216 hanc

178 1231 395 1267 possessionem
406 1231 602 1267 neglexerim:
619 1233 691 1268 quin
719 1233 816 1268 potius
827 1241 902 1267 eam,
920 1235 949 1261 et
972 1233 1002 1261 in

182 1276 272 1311 pretio
288 1276 393 1309 habeo,
408 1278 438 1303 et
452 1276 613 1310 exosculor,
626 1285 660 1304 ex
683 1285 775 1313 eaque
799 1278 939 1313 majorem
955 1286 1003 1305 vo-

180 1320 323 1355 luptatem
341 1320 434 1355 capio,
451 1328 540 1356 quam
568 1328 602 1348 ex
621 1321 757 1349 omnibus
785 1321 851 1349 aliis
871 1322 958 1349 rebus
974 1323 1003 1349 in

181 1373 272 1391 unum
293 1363 400 1392 coactis
428 1364 536 1400 quibus
562 1365 693 1401 plerique
720 1365 909 1394 delectantur.
928 1366 1004 1395 182

180 1410 273 1444 Atque
285 1409 363 1436 hunc
378 1409 451 1436 mihi
480 1409 569 1437 totius
586 1409 650 1437 vita
674 1410 799 1444 socium,
828 1413 857 1438 et
880 1411 1004 1446 probum

178 1453 388 1487 consiliarium,
402 1455 490 1490 atque
500 1462 719 1490 congerronem,
735 1455 898 1491 ducemque
910 1455 961 1483 via:
977 1455 1006 1482 in

179 1498 228 1525 σω]
235 1507 282 1525 um
295 1498 319 1525 l‘e
325 1497 460 1532 rentis,ac
466 1501 635 1534 promptum
644 1499 873 1526 commilitonem
885 1500 1006 1527 ascisco.

178 1543 213 1570 Et
227 1543 296 1577 quia
308 1542 520 1577 jucunditatem
532 1551 649 1571 omnem
663 1543 744 1571 humi
757 1544 845 1571 sitam
856 1552 1006 1579 aspernor,

178 1587 208 1613 in
225 1595 290 1614 eum
305 1587 401 1614 omnis
414 1595 497 1614 meus
523 1595 607 1615 amor
622 1589 689 1623 post
716 1590 807 1615 Deum
824 1589 935 1616 effusus
946 1592 1004 1622 est;

178 1631 221 1658 vel
240 1631 338 1665 potius
354 1630 384 1658 in
399 1630 610 1667 huncquoque,
625 1622 767 1667 quoniam
779 1632 813 1659 ad
831 1635 921 1660 Deum
937 1641 1004 1661 cum
1021 1622 1042 1655 CI

179 1675 337 1712 prudentia
352 1675 457 1708 evehit,
473 1684 524 1711 per
550 1684 638 1711 quem
668 1676 780 1704 scilicet
796 1677 883 1705 etiam
898 1677 1005 1711 solum,

180 1721 256 1747 Deus
270 1719 382 1747 sincere
394 1719 561 1755 percipitur,
591 1722 619 1747 et
646 1723 843 1756 conservatur,
870 1723 956 1756 atque
978 1722 1006 1749 in

180 1764 265 1791 nobis
280 1763 431 1791 adolescit.
459 1764 534 1792 Dixit
556 1764 705 1800 Sapientiae
722 1773 728 1792 :
745 1766 830 1793 Soror
843 1773 904 1793 mea
918 1774 946 1793 es
960 1766 983 1782 ³⁵
999 1774 1005 1792 :

180 1816 304 1844 eamque
318 1808 408 1844 colui,
421 1810 459 1841 et,
476 1811 619 1844 quantum
636 1809 904 1845 potui,complexus
920 1818 1006 1838 sum:

180 1860 213 1880 ao
225 1861 321 1888 quasro
337 1853 424 1888 capiti
452 1861 516 1880 meo
544 1861 682 1881 coronam
712 1854 873 1890 gratiarum
896 1856 924 1882 et
939 1854 1009 1881 deli-

180 1897 303 1931 ciarum,
320 1897 374 1924 hoc
389 1899 445 1930 est,
461 1897 609 1933 sapientia!
632 1898 718 1933 dona,
736 1900 764 1925 et
788 1898 909 1926 rationis
925 1899 1009 1926 nobis

178 1941 286 1976 insitis,
298 1944 410 1977 partem
426 1950 502 1976 eam,
519 1950 582 1977 qum
600 1942 800 1979 principatum
816 1943 846 1971 in
862 1943 946 1972 nobis
962 1945 1050 1980 tenet,

180 1984 390 2014 illuminantis.

214 2029 262 2058 Vl.
278 2032 336 2058 Hoc
351 2031 399 2058 irae
422 2031 565 2067 impetum
588 2032 681 2067 freno,
704 2032 759 2060 hoc
773 2032 871 2060 tabem
888 2033 1008 2060 afferen-

180 2075 241 2102 tem
256 2074 397 2103 invidiam
414 2076 620 2112 consopio,hoc
650 2085 816 2111 mcerorem,
836 2077 933 2105 cordis
948 2077 1010 2105 vin-

181 2118 375 2155 culum,sedo,
392 2120 447 2147 hoc
459 2121 610 2156 profusam
627 2121 805 2157 voluptatem
820 2122 1010 2155 ooerceo,hoc

180 2162 369 2191 inimicitiam
390 2164 504 2200 metior,
517 2173 573 2192 non
591 2164 771 2199 amicitiam;
795 2164 837 2192 illi
853 2165 931 2194 enim
948 2174 1009 2194 mo-
1035 2172 1039 2175 ‘

182 2208 254 2237 dum
269 2209 455 2245 prescribere
471 2211 594 2245 oportet,
608 2209 697 2245 hujus
709 2212 809 2237 autem
824 2210 940 2238 nullum
955 2213 1012 2239 ter-

184 2253 299 2281 minum
319 2262 487 2290 agnoscere.
505 2254 557 2281 Hic
583 2261 639 2289 me,
656 2256 685 2281 et
699 2254 804 2290 opibus
819 2255 1018 2283 abundantem
1033 2247 1056 2280 D

184 2298 352 2326 modestum
378 2298 483 2332 reddit,
505 2301 533 2325 et
550 2306 710 2334 pauperem
724 2299 827 2327 fortem
843 2307 876 2327 ac
892 2307 1012 2335 magna-

1049 342 1228 376 οἰκειοτάτην,
1256 341 1342 379 δῶρον
1366 344 1470 379 χρυσοῦ
1490 342 1690 379 καθαρώτερον,
1717 340 1800 369 λίθων
1826 352 1876 369 πο-

1049 386 1170 414 λυτελῶν
1196 389 1254 421 (85)
1276 386 1503 425 τιμαλφὲστερον,
1528 386 1694 423 ὑψασμάτων
1723 385 1877 414 πολυτεηᾶ-

1050 441 1152 468 στερον,
1201 431 1292 461 θυσίας
1334 435 1450 467 νομικῆς
1490 431 1652 468 ἀγιώτερον,
1695 430 1878 468 πρωτοτόκων

1049 474 1178 511 ἀπαρχῆς
1193 474 1349 511 ἱερώτερον,
1365 475 1475 512 ἀρέσκον
1506 477 1563 510 Θεῷ
1580 475 1645 512 ὑπὲρ
1674 474 1779 512 μόσχον
1808 475 1877 509 νὲον,

1049 519 1140 556 κὲρασι
1156 529 1200 545 και
1230 517 1328 550 ὁπλαῖς
1358 518 1441 553 ἀτελῆ
1457 519 1501 546 καὶ
1512 519 1671 554 ἀναίσθητον
1701 519 1765 556 ὑπὲρ
1783 519 1879 554 θυμία-

1053 573 1098 599 μα,
1130 563 1196 599 ὑπὲρ
1226 563 1409 599 ὁλοκαύτωμα
1446 565 1500 600 (86)
1533 563 1598 601 ὑπὲρ
1630 562 1763 601 μυριάδας
1792 564 1880 600 ἀρνῶν

1051 607 1166 642 πιόνων,
1191 608 1231 638 οἷς
1257 608 1271 634 ὁ
1293 606 1469 645 στοιχειόδης
1484 609 1541 644 (87)
1557 607 1642 644 νόμος
1659 607 1764 644 ἐκράτει
1777 608 1823 635 τὸν
1840 605 1880 634 ἔτι

1051 653 1149 687 νήπιον
1163 651 1283 689 Ἰσραὴλ,
1299 654 1358 683 ταῖς
1375 651 1498 689 ἐναίμοις
1514 651 1617 684 θυσίαις
1643 655 1813 691 σκιαγραφῦη
1830 653 1881 687 τὴν

1055 695 1220 733 μέλλουσαν,

1091 831 1127 859 E'.
1142 832 1226 857 Τοῦτο
1242 830 1386 869 προσφέρω
1402 832 1471 865 Θεῷ,
1486 832 1566 858 τοῦτο
1589 830 1737 866 ἀνατίθημι
1762 829 1777 857 ὅ
1803 830 1886 867 μόνον

1055 874 1165 912 ἐμαυτῷ
1195 874 1354 908 κατέλιπον,
1391 875 1413 911 ᾧ
1444 874 1558 902 πλουτῶ
1589 875 1674 911 μόνῳ.
1703 875 1742 902 Τὰ
1771 875 1818 911 μὲν
1835 875 1888 913 γὰρ

1054 918 1127 947 ἄλλα
1151 923 1261 956 παρῆκα
1283 921 1317 956 τῇ
1341 918 1439 955 ἐντολῇ
1463 921 1508 946 καὶ
1531 921 1571 955 τῷ
1594 918 1750 955 Πνεύματιο
1766 919 1811 946 καὶ
1839 920 1888 947 τὸν

1054 964 1210 1000 πολύτιμον
1230 964 1399 1002 μαργαρίτην
1415 963 1523 991 πάντων
1539 964 1576 991 ὧν
1592 963 1667 1001 εἶχόν
1693 959 1760 991 ποτε
1783 963 1888 999 ἀντηλ-

1055 1008 1181 1044 λαξάμήν
1207 1008 1274 1045 (88),
1298 1010 1344 1035 καί
1368 1009 1468 1045 γέγονα
1495 1008 1719 1046 μεγαλίμπορος,
1735 1007 1841 1045 μᾶλλον
1861 1007 1891 1036 ’ὁὶ

1053 1052 1175 1090 γενέσθαι
1201 1051 1235 1079 δι’
1263 1052 1349 1090 εὐχῆς
1388 1050 1446 1090 ἔχω
1478 1055 1533 1080 τῶν
1563 1055 1678 1090 μικρῶν,
1707 1053 1751 1079 καὶ
1780 1053 1890 1083 πάντως

1055 1097 1267 1135 φθαρησομένων
1284 1096 1460 1133 ὠνησάμενος
1473 1097 1506 1124 τὰ
1530 1096 1637 1134 μεγάλα
1651 1097 1696 1123 καὶ
1724 1096 1761 1132 μὴ
1779 1095 1885 1132 λυόμε-

1055 1152 1087 1169 να
1099 1151 1105 1156 ·
1122 1144 1171 1169 τοῦ
1186 1141 1278 1179 Λόγου
1301 1140 1330 1168 δὲ
1345 1141 1510 1179 περιέχομαι
1528 1141 1611 1177 μόνου
1636 1141 1673 1172 ὡς
1698 1141 1786 1178 Λόγου
1810 1142 1890 1178 θερα-

1055 1186 1167 1221 πευτής,
1191 1185 1236 1213 καὶ
1260 1185 1311 1213 οὐκ
1330 1186 1358 1213 ἃν
1383 1196 1449 1213 ποτε
1471 1185 1538 1213 ἑκὼν
1565 1185 1663 1213 τούτου
1678 1188 1728 1212 τοῦ
1743 1186 1888 1221 κτήματος

1057 1231 1248 1267 ἆμελήσαιμι·
1284 1229 1357 1258 ἀλλὰ
1387 1230 1431 1257 καὶ
1459 1232 1542 1266 τιμῶ,
1571 1230 1616 1256 καὶ
1648 1229 1815 1265 ἀσπάζομαι,
1844 1229 1890 1256 καὶ

1057 1275 1149 1313 χαίρω
1167 1274 1273 1310 μᾶλλον
1289 1275 1306 1308 ἢ
1323 1277 1402 1301 πᾶσιν
1419 1275 1489 1310 ὁμοῦ
1504 1276 1563 1305 τοῖς
1574 1273 1729 1310 ἄλλοις,οἴς
1746 1274 1772 1301 οὶ
1786 1273 1892 1301 πολλοὶ

1058 1320 1218 1357 χαίρουσιν·
1244 1319 1290 1346 καὶ
1314 1321 1447 1355 ποιοῦμαι
1470 1319 1568 1349 παντὸς
1592 1321 1640 1346 τοῦ
1666 1318 1727 1356 βίου
1742 1318 1884 1353 κοινωνὸν,

1058 1365 1103 1391 καὶ
1127 1361 1282 1400 σύμϐουλον
1310 1363 1410 1400 ἀγαθὸν
1440 1363 1484 1390 καὶ
1510 1362 1670 1399 συνόμιλον,
1695 1362 1740 1390 καὶ
1764 1363 1890 1400 ἡγεμόνα

1059 1412 1109 1443 τῆς
1134 1408 1178 1436 ἐπὶ
1201 1409 1235 1435 τὰ
1258 1407 1314 1435 ἅνω
1340 1406 1417 1441 ὁδοῦ,
1439 1407 1484 1435 καὶ
1512 1407 1710 1444 συναγωνιστὴν
1726 1406 1865 1444 πρόθυμον
1881 1415 1886 1421 '

1060 1453 1104 1481 καί
1133 1452 1226 1487 ἐπειδὴ
1256 1456 1307 1480 πᾶν
1337 1452 1462 1489 ἀτιμάζω
1489 1452 1602 1490 τερπνὸν
1627 1452 1701 1478 κάτω
1730 1451 1818 1488 μόνον,
1849 1450 1887 1481 ιίς

1060 1498 1140 1526 τοῦτό
1167 1500 1222 1535 (89)
1249 1509 1295 1534 μοι
1319 1502 1370 1525 πᾶν
1395 1498 1512 1532 ἐκενώθη
1539 1498 1570 1524 τὸ
1593 1497 1706 1536 φίλτρον
1724 1496 1789 1533 μετὰ
1804 1495 1868 1524 Θεόν
1883 1505 1889 1512 ·

1065 1543 1170 1580 μᾶλλον
1186 1542 1214 1570 δὲ
1229 1543 1272 1570 καὶ
1288 1542 1325 1573 εἰς
1340 1544 1434 1569 τοῦτον
1449 1551 1454 1557 ·
1482 1541 1523 1569 ὅτι
1548 1542 1617 1579 πρὸς
1641 1541 1704 1568 Θεὸν
1728 1542 1802 1579 φέρει
1827 1540 1894 1577 μετὰ

1063 1587 1190 1618 συνέσεως
1216 1587 1238 1622 ᾦ
1263 1586 1296 1621 δή
1321 1587 1365 1614 καὶ
1394 1586 1467 1623 μόνῳ
1492 1587 1548 1622 (90)
1574 1586 1639 1616 Θεὸς
1655 1582 1893 1621 καταλαμϐάνεται

1061 1631 1193 1668 γνησίως,
1221 1631 1265 1658 καὶ
1293 1634 1428 1668 τηρεῖται,
1456 1630 1501 1657 καί
1529 1630 1554 1656 ἐν
1585 1631 1652 1665 ἡμῖν
1685 1628 1790 1666 αὔξεται
1826 1630 1894 1666 (91).

1062 1677 1145 1704 Εἶπον
1169 1677 1218 1710 τήν
1249 1676 1348 1715 Σοφίαν
1388 1676 1455 1711 ἐμὴν
1495 1674 1615 1713 ἀδελφὴν
1646 1675 1733 1701 εἶναι·
1762 1674 1807 1701 καὶ
1838 1673 1892 1701 ἔτι·

1063 1731 1137 1756 μησα
1149 1720 1261 1755 ταύτην,
1285 1720 1329 1747 καὶ
1353 1718 1528 1758 περιέλαϐον,
1553 1719 1589 1749 ὡς
1613 1720 1646 1753 ἧν
1676 1719 1783 1757 ἐφικτὸν
1810 1718 1895 1755 ἐμοί’

1061 1766 1106 1792 καὶ
1124 1767 1197 1800 ζητῶ
1219 1764 1253 1801 τῇ
1278 1764 1331 1801 ἐμῇ
1355 1764 1461 1803 κεφαλῇ
1485 1764 1531 1791 τὸν
1555 1765 1682 1802 στέφανον
1698 1765 1752 1790 τῶν
1770 1763 1895 1801 χαρίτων

1063 1810 1173 1843 καὶτῆς
1200 1812 1316 1847 τρυφῆς,
1339 1809 1355 1835 ἃ
1380 1808 1414 1842 δή
1440 1808 1535 1846 σοφίας
1559 1808 1725 1846 χαρίσματα,
1748 1808 1793 1834 καὶ
1811 1807 1897 1846 λόγου

1062 1857 1110 1881 τοῦ
1136 1854 1162 1880 ἐν
1176 1855 1243 1889 ἡμῖν
1271 1854 1327 1890 (92)
1342 1854 1372 1880 τὸ
1389 1853 1551 1891 ἡγεμονικὸν
1581 1851 1824 1889 καταλάμποντος,
1854 1853 1901 1879 καὶ

1064 1898 1229 1936 φωτίζοντος
1245 1898 1313 1934 ἡμῖν
1331 1898 1386 1934 (93)
1401 1897 1434 1924 τὰ
1449 1898 1517 1924 κατὰ
1531 1897 1594 1923 Θεὸν
1615 1894 1696 1931 διαϐή
1705 1906 1785 1933 ματα.

1064 1943 1275 1978 collustrantis,
1293 1945 1468 1978 nostrosque
1482 1943 1648 1970 secundum
1665 1943 1760 1970 Deum
1776 1950 1903 1978 gressus

1100 2033 1130 2066 ζ’.
1145 2031 1239 2067 Τούτῳ
1265 2030 1373 2068 χαλινῶ
1397 2030 1481 2066 θυμὸν
1509 2029 1699 2068 ἐκφερόμενον,
1725 2029 1820 2066 τούτῳ
1845 2039 1904 2056 κοι-

1066 2076 1137 2112 μίζω
1162 2075 1259 2115 φθόνον
1289 2076 1415 2111 τήκοντα,
1439 2074 1529 2110 τούτῳ
1562 2073 1763 2111 προσαναπαύω
1796 2073 1904 2108 λύπην»

1066 2120 1163 2157 δεσμὸν
1188 2118 1311 2158 καρδίας,
1335 2119 1424 2155 τούτῳ
1450 2119 1611 2157 σωφρονίζω
1641 2117 1766 2156 διάχυσιν
1781 2117 1902 2154 ἡδονῆς,

1065 2165 1155 2200 τούτῳ
1182 2166 1272 2201 μετρῶ
1299 2166 1391 2200 μῖσος,
1423 2161 1486 2190 ἀλλ’
1517 2162 1548 2190 οὐ
1578 2161 1690 2200 φιλίαν⁸
1716 2163 1747 2189 τὸ
1776 2163 1826 2199 μὶν
1852 2163 1904 2200 γὰρ

1070 2211 1222 2246 μετρεῖσθαι
1253 2206 1304 2243 δεῖ,
1328 2211 1378 2242 τῆς
1402 2206 1431 2235 δὲ
1453 2206 1556 2244 μηδένα
1571 2208 1710 2244 γινώσκειν
1726 2207 1803 2244 ὃρον.
1820 2207 1906 2237 Οὗτος

1073 2253 1238 2291 εὐποροῦντα
1265 2263 1298 2289 με
1326 2256 1400 2280 ποιεῖ
1430 2253 1548 2290 μέτριον,
1578 2253 1622 2280 καὶ
1651 2252 1753 2287 πένητα
1785 2251 1905 2291 μεγαλό-

1068 2300 1156 2336 ψυχον
1172 2307 1178 2313 '
1201 2297 1279 2328 οὗτος
1304 2295 1483 2334 εὐδρομοῦντί
1509 2308 1542 2334 με
1566 2297 1650 2325 πείθει
1670 2298 1845 2335 συντρέχειν,
1861 2296 1905 2324 καὶ

220 2379 243 2396 ³²
259 2379 334 2407 Peal.
350 2388 426 2414 xxxx,
444 2380 486 2407 12.
527 2381 549 2397 ³³
567 2379 641 2408 Psal.
658 2389 755 2415 vam,
771 2381 815 2409 32.
855 2382 878 2399 3"
893 2381 996 2409 Matth.

1061 2390 1073 2417 ς,
1088 2382 1132 2417 45,
1148 2381 1192 2408 46.
1232 2381 1255 2398 ³⁵
1270 2380 1354 2408 Prov.
1370 2388 1421 2414 v11,
1438 2381 1464 2408 4.

218 2461 273 2497 (84)
287 2462 330 2496 Τῷ
346 2461 414 2496 Θεῷ.
445 2460 530 2488 Deest
545 2462 593 2496 τῷ,
619 2460 649 2488 in
663 2463 753 2498 Regg,
768 2461 829 2498 bm,
846 2462 898 2497 hu,
924 2463 971 2491 Or.
982 2463 1010 2497 2,

182 2498 281 2596 “(8658).
301 2529 475 2558 Πολυτελῶν.
493 2532 578 2560 Deest
593 2532 622 2560 in
647 2533 735 2569 Regg.
760 2533 821 2566 bm,
845 2533 897 2568 hu,
915 2533 1011 2561 tribus

182 2568 220 2597 Co
234 2568 275 2597 b..
288 2567 336 2595 Or.
351 2568 378 2597 2.
396 2570 424 2595 et
434 2567 494 2596 Jes.

256 2590 275 2602 .,
288 2576 336 2595 ur.
351 2576 378 2602 κ,
396 2576 424 2595 οι
434 2576 494 2596 Jes.

204 2577 275 2603 011).,
288 2577 336 2595 ur.
351 2577 378 2602 κ,
396 2577 424 2595 ει
434 2577 494 2596 Jes.

218 2605 272 2640 (86)
287 2601 493 2640 Ὀλοκαύτωμα.
515 2605 643 2632 Montan.
661 2603 886 2640 ὁλοκαυτώματα.

219 2606 262 2640 (86
287 2606 493 2639 Ὀλοκαύτωμα.
515 2606 643 2632 Montan.
661 2606 886 2640 ὁλοκαυτώματα.

219 2606 273 2676 (87)
303 2638 492 2677 Στοιχειόδῃς.
533 2640 613 2676 Regg
642 2640 703 2674 bm,
737 2640 789 2675 hu,
819 2639 866 2668 0r.
897 2640 923 2673 2,
949 2639 1010 2668 Jes.

187 2674 379 2710 στοιχειώδηςξ

220 2685 244 2703 οι
270 2685 379 2710 ειωοης,

217 2685 273 2748 (δέ)
290 2709 531 2748 Ἀντηλλαξᾴμην.
550 2711 637 2747 Regg.
668 2711 729 2745 bm,
759 2710 810 2745 hu,
840 2712 898 2739 tres
918 2711 1010 2746 Colb.,

190 2745 276 2787 οήιξι
291 2748 351 2787 δεξί’
368 2745 544 2787 ἠλλαξάμῃν-
696 2781 723 2787 -.

221 2783 275 2817 (89)
304 2783 350 2813 Εἷς
365 2784 454 2810 τοῦτο.
473 2793 487 2807 ‹‹
503 2783 534 2809 In
555 2781 638 2809 illud.
656 2793 669 2806 »
695 2781 742 2810 Sic
758 2783 931 2811 vertendum
944 2791 1011 2811 sua—

186 2818 234 2854 det
248 2819 389 2854 repetitio,
406 2826 456 2846 seu
472 2817 610 2846 correctio
621 2826 685 2854 quae
700 2818 842 2854 sequitur,
860 2818 965 2854 μᾶλλον
983 2817 1012 2846 δὶ

186 2851 231 2879 καὶ
245 2851 392 2884 εἰς’τοῦτον
419 2854 488 2890 Reg.
505 2854 565 2889 bm,
582 2851 641 2882 tres
661 2851 753 2891 Colb.,
782 2851 872 2891 012,2,
904 2864 955 2892 pro
972 2854 1011 2886 εἷς

1065 2463 1158 2495 τοῦτο,
1174 2461 1283 2489 habent
1311 2460 1349 2491 εἰς
1364 2462 1472 2487 τοῦτον.
1485 2461 1642 2489 Leuvenkl.
1672 2461 1759 2489 refert
1776 2460 1816 2488 ad
1841 2461 1909 2493 κτῆ-

1069 2507 1115 2533 μα.
1136 2498 1252 2534 Rectins
1269 2497 1341 2534 forte
1361 2497 1396 2534 ad
1426 2494 1550 2534 φίλτρον.

1102 2534 1158 2569 (90)
1180 2534 1213 2569 ᾮ
1226 2531 1259 2566 δὴ
1274 2531 1319 2559 καὶ
1333 2531 1416 2568 μόνῳ.
1431 2531 1563 2560 ειὼιωίί.
1577 2531 1662 2569 λόγῳ.
1680 2531 1723 2559 Ita
1736 2531 1905 2569 Regg.qu,

1102 2540 1158 2569 (9U)
1184 2540 1213 2560 Ὠ
1226 2540 1259 2566 οη
1274 2540 1319 2559 και
1333 2542 1416 2568 μονῳ.
1434 2540 1563 2560 summa.
1578 2540 1662 2568 Λογῳ.
1681 2540 1723 2559 ua
1736 2540 1778 2559 ne
1825 2553 1832 2559 .
1845 2540 1905 2563 Dm,

1068 2569 1117 2602 hu,
1134 2561 1301 2603 tres‘Colb"
1318 2571 1365 2596 0r.
1382 2569 1408 2601 2,
1424 2568 1496 2602 Jes.,
1513 2572 1568 2597 etc.
1582 2568 1657 2596 Editi
1671 2576 1748 2602 vero,
1863 2566 1907 2593 καὶ

1173 2638 1307 2682 ,ῥῧξεταμ
1325 2639 1371 2667 Sic
1386 2639 1475 2675 Regg.
1502 2649 1528 2674 a,
1553 2640 1615 2674 bm,
1646 2641 1675 2667 et
1688 2638 1747 2667 Jes.
1765 2640 1860 2667 Prave
1876 2637 1904 2666 in

1068 2677 1130 2705 Par.
1148 2676 1263 2710 ἀόξεται.

1103 2713 1160 2748 (923)
1177 2712 1236 2738 ’Καὶ
1254 2711 1347 2748 λόγου
1364 2708 1412 2748 τοῦ
1443 2709 1480 2748 ivi
1494 2711 1574 2747 ἡμῖν,
1589 2711 1663 2748 ,ιςγΕι
1691 2709 1818 2748 rationis
1843 2717 1906 2748 quae

1066 2745 1111 2776 est
1128 2745 1156 2775 in
1172 2748 1266 2783 nobis,
1284 2745 1315 2775 ut
1325 2746 1453 2773 Verbum
1466 2745 1727 2783 Deiintelligatur;
1747 2745 1832 2783 »_vel,
1853 2756 1866 2772 οι
1879 2747 1906 2773 et

1066 2784 1243 2831 verbioquod
1258 2781 1288 2811 in
1300 2782 1384 2811 nobis
1393 2785 1457 2816 est;
1477 2794 1490 2807 »
1507 2784 1542 2811 de
1554 2795 1564 2808 ι
1582 2781 1677 2811 Verbo
1691 2792 1706 2807 ι)
1719 2781 1802 2810 enim
1814 2789 1903 2817 expo—

1067 2820 1111 2848 nit
1126 2820 1211 2848 Elian.

1103 2855 1159 2892 (93)
1175 2855 1265 2892 Ἡμῖν.
1287 2853 1373 2884 Goisl.
1395 2855 1422 2890 1,
1448 2853 1539 2891 ἡμῶν.
