  <div class='ocr_page' id='page_1' title='image "/cluster/home/n/w/nwhite01/storage/ocr_20150623/35/mdp.39015012934389/370.png"; bbox 0 0 4148 6290; ppageno 0'>
   <div class='ocr_carea' id='block_1_1' title="bbox 308 419 425 480">
    <p class='ocr_par' dir='ltr' id='par_1_1' title="bbox 308 419 425 480">
     <span class='ocr_line' id='line_1_1' title="bbox 308 419 425 480; baseline 0.017 -2"><span class='ocrx_word' id='word_1_1' title='bbox 308 419 425 480; x_wconf 70' lang='grc'>729</span> 
     </span>
    </p>
   </div>
   <div class='ocr_carea' id='block_1_2' title="bbox 1501 418 2540 487">
    <p class='ocr_par' dir='ltr' id='par_1_2' title="bbox 1501 418 2540 487">
     <span class='ocr_line' id='line_1_2' title="bbox 1501 418 2540 487; baseline -0.006 -2"><span class='ocrx_word' id='word_1_2' title='bbox 1501 425 1791 486; x_wconf 85' lang='lat' dir='ltr'>ORATIO</span> <span class='ocrx_word' id='word_1_3' title='bbox 1840 422 1944 487; x_wconf 82' lang='grc' dir='ltr'>γι.</span> <span class='ocrx_word' id='word_1_4' title='bbox 1978 454 2056 470; x_wconf 91' lang='grc'><strong><em>-</em></strong></span> <span class='ocrx_word' id='word_1_5' title='bbox 2100 422 2203 483; x_wconf 92' lang='lat' dir='ltr'>DE</span> <span class='ocrx_word' id='word_1_6' title='bbox 2247 419 2447 482; x_wconf 82' lang='lat' dir='ltr'><strong>PACE</strong></span> <span class='ocrx_word' id='word_1_7' title='bbox 2490 418 2540 479; x_wconf 89' lang='grc' dir='ltr'>Ι.</span> 
     </span>
    </p>
   </div>
   <div class='ocr_carea' id='block_1_3' title="bbox 3611 417 3731 479">
    <p class='ocr_par' dir='ltr' id='par_1_3' title="bbox 3611 417 3731 479">
     <span class='ocr_line' id='line_1_3' title="bbox 3611 417 3731 479; baseline 0.008 -3"><span class='ocrx_word' id='word_1_8' title='bbox 3611 417 3731 479; x_wconf 81' lang='lat'><strong>730</strong></span> 
     </span>
    </p>
   </div>
   <div class='ocr_carea' id='block_1_4' title="bbox 312 548 1971 627">
    <p class='ocr_par' dir='ltr' id='par_1_4' title="bbox 312 548 1963 627">
     <span class='ocr_line' id='line_1_4' title="bbox 312 548 1963 627; baseline 0.004 -24"><span class='ocrx_word' id='word_1_9' title='bbox 312 548 567 604; x_wconf 76' lang='grc' dir='ltr'>πίπτοντι</span> <span class='ocrx_word' id='word_1_10' title='bbox 624 554 787 626; x_wconf 83' lang='grc' dir='ltr'><strong>χεῖρα</strong></span> <span class='ocrx_word' id='word_1_11' title='bbox 868 550 1095 627; x_wconf 80' lang='grc' dir='ltr'><strong>ὀρέγειν,</strong></span> <span class='ocrx_word' id='word_1_12' title='bbox 1162 553 1251 608; x_wconf 84' lang='grc' dir='ltr'><strong>καὶ</strong></span> <span class='ocrx_word' id='word_1_13' title='bbox 1328 555 1632 617; x_wconf 78' lang='grc' dir='ltr'>ἀσθενοῦντι</span> <span class='ocrx_word' id='word_1_14' title='bbox 1717 556 1963 609; x_wconf 84' lang='grc' dir='ltr'><strong>συνασθε-</strong></span> 
     </span>
    </p>
   </div>
   <div class='ocr_carea' id='block_1_5' title="bbox 2085 548 3728 627">
    <p class='ocr_par' dir='ltr' id='par_1_5' title="bbox 2085 549 3728 622">
     <span class='ocr_line' id='line_1_5' title="bbox 2085 549 3728 622; baseline -0.002 -13"><span class='ocrx_word' id='word_1_15' title='bbox 2085 553 2328 609; x_wconf 87' lang='lat' dir='ltr'>nimum.</span> <span class='ocrx_word' id='word_1_16' title='bbox 2354 551 2457 607; x_wconf 89' lang='lat' dir='ltr'>Hic</span> <span class='ocrx_word' id='word_1_17' title='bbox 2490 550 2655 617; x_wconf 89' lang='lat' dir='ltr'>mihi,</span> <span class='ocrx_word' id='word_1_18' title='bbox 2683 554 2747 605; x_wconf 93' lang='lat' dir='ltr'>ut</span> <span class='ocrx_word' id='word_1_19' title='bbox 2776 555 2833 606; x_wconf 94' lang='lat' dir='ltr'>et</span> <span class='ocrx_word' id='word_1_20' title='bbox 2863 566 2995 606; x_wconf 92' lang='lat' dir='ltr'>cum</span> <span class='ocrx_word' id='word_1_21' title='bbox 3027 565 3115 618; x_wconf 90' lang='lat' dir='ltr'>eo,</span> <span class='ocrx_word' id='word_1_22' title='bbox 3141 549 3240 622; x_wconf 89' lang='lat' dir='ltr'>qui</span> <span class='ocrx_word' id='word_1_23' title='bbox 3263 550 3520 606; x_wconf 88' lang='lat' dir='ltr'>secundo</span> <span class='ocrx_word' id='word_1_24' title='bbox 3550 566 3728 606; x_wconf 90' lang='lat' dir='ltr'>cursu</span> 
     </span>
    </p>
   </div>
   <div class='ocr_carea' id='block_1_6' title="bbox 312 639 1967 721">
    <p class='ocr_par' dir='ltr' id='par_1_6' title="bbox 312 639 1967 721">
     <span class='ocr_line' id='line_1_6' title="bbox 312 639 1967 721; baseline 0.002 -28"><span class='ocrx_word' id='word_1_25' title='bbox 312 644 419 693; x_wconf 88' lang='grc' dir='ltr'><strong>νεῖν</strong></span> <span class='ocrx_word' id='word_1_26' title='bbox 455 640 592 713; x_wconf 85' lang='grc'>(94),</span> <span class='ocrx_word' id='word_1_27' title='bbox 625 640 714 693; x_wconf 82' lang='grc' dir='ltr'><strong>καὶ</strong></span> <span class='ocrx_word' id='word_1_28' title='bbox 749 639 996 715; x_wconf 81' lang='grc' dir='ltr'>ἰσχύοντι</span> <span class='ocrx_word' id='word_1_29' title='bbox 1027 644 1514 721; x_wconf 75' lang='grc' dir='ltr'><strong>συνευφραίνεσθαι.</strong></span> <span class='ocrx_word' id='word_1_30' title='bbox 1572 642 1719 699; x_wconf 83' lang='grc' dir='ltr'><strong>Μετᾶ</strong></span> <span class='ocrx_word' id='word_1_31' title='bbox 1770 643 1967 699; x_wconf 87' lang='grc' dir='ltr'><strong>τούτου</strong></span> 
     </span>
    </p>
   </div>
   <div class='ocr_carea' id='block_1_7' title="bbox 317 728 1966 808">
    <p class='ocr_par' dir='ltr' id='par_1_7' title="bbox 317 728 1966 808">
     <span class='ocr_line' id='line_1_7' title="bbox 317 728 1966 808; baseline 0.004 -27"><span class='ocrx_word' id='word_1_32' title='bbox 317 728 513 803; x_wconf 85' lang='grc' dir='ltr'><strong>πατρὶς</strong></span> <span class='ocrx_word' id='word_1_33' title='bbox 564 728 653 783; x_wconf 84' lang='grc' dir='ltr'><strong>καὶ</strong></span> <span class='ocrx_word' id='word_1_34' title='bbox 704 730 824 801; x_wconf 84' lang='grc' dir='ltr'><strong>ξένη</strong></span> <span class='ocrx_word' id='word_1_35' title='bbox 873 731 936 785; x_wconf 85' lang='grc' dir='ltr'><strong>τὸ</strong></span> <span class='ocrx_word' id='word_1_36' title='bbox 979 730 1097 787; x_wconf 69' lang='grc' dir='ltr'><strong>’ίσον</strong></span> <span class='ocrx_word' id='word_1_37' title='bbox 1145 733 1267 807; x_wconf 75' lang='grc' dir='ltr'><strong>ἐμοὶ</strong></span> <span class='ocrx_word' id='word_1_38' title='bbox 1317 735 1406 789; x_wconf 88' lang='grc' dir='ltr'><strong>καὶ</strong></span> <span class='ocrx_word' id='word_1_39' title='bbox 1434 729 1617 788; x_wconf 81' lang='grc' dir='ltr'><strong>τόπων</strong></span> <span class='ocrx_word' id='word_1_40' title='bbox 1651 735 1966 808; x_wconf 75' lang='grc' dir='ltr'>μετάστασις</span> 
     </span>
    </p>
   </div>
   <div class='ocr_carea' id='block_1_8' title="bbox 320 816 1967 896">
    <p class='ocr_par' dir='ltr' id='par_1_8' title="bbox 320 816 1967 896">
     <span class='ocr_line' id='line_1_8' title="bbox 320 816 1967 896; baseline 0.003 -26"><span class='ocrx_word' id='word_1_41' title='bbox 320 816 629 893; x_wconf 74' lang='grc' dir='ltr'>ἀλλοτρίων</span> <span class='ocrx_word' id='word_1_42' title='bbox 676 818 906 890; x_wconf 87' lang='grc' dir='ltr'><strong>ὁμοίως,</strong></span> <span class='ocrx_word' id='word_1_43' title='bbox 959 819 1084 876; x_wconf 83' lang='grc' dir='ltr'><strong>ἀλλ’</strong></span> <span class='ocrx_word' id='word_1_44' title='bbox 1131 822 1229 877; x_wconf 83' lang='grc' dir='ltr'><strong>οὐκ</strong></span> <span class='ocrx_word' id='word_1_45' title='bbox 1273 822 1418 894; x_wconf 76' lang='grc' dir='ltr'><strong>έμῶν</strong></span> <span class='ocrx_word' id='word_1_46' title='bbox 1469 826 1599 896; x_wconf 89' lang='grc'>(95).</span> <span class='ocrx_word' id='word_1_47' title='bbox 1658 818 1826 884; x_wconf 82' lang='grc' dir='ltr'><strong>Οῦτὸς</strong></span> <span class='ocrx_word' id='word_1_48' title='bbox 1875 843 1967 893; x_wconf 89' lang='grc' dir='ltr'>μοι</span> 
     </span>
    </p>
   </div>
   <div class='ocr_carea' id='block_1_9' title="bbox 318 902 1968 987">
    <p class='ocr_par' dir='ltr' id='par_1_9' title="bbox 318 902 1968 987">
     <span class='ocr_line' id='line_1_9' title="bbox 318 902 1968 987; baseline 0.003 -27"><span class='ocrx_word' id='word_1_49' title='bbox 318 903 518 982; x_wconf 85' lang='grc' dir='ltr'><strong>διαιρεῖ</strong></span> <span class='ocrx_word' id='word_1_50' title='bbox 565 902 829 980; x_wconf 81' lang='grc' dir='ltr'><strong>κὸσμους,</strong></span> <span class='ocrx_word' id='word_1_51' title='bbox 878 909 968 963; x_wconf 81' lang='grc' dir='ltr'><strong>καὶ</strong></span> <span class='ocrx_word' id='word_1_52' title='bbox 1017 915 1112 965; x_wconf 90' lang='grc' dir='ltr'>τοῦ</span> <span class='ocrx_word' id='word_1_53' title='bbox 1169 912 1262 983; x_wconf 77' lang='grc' dir='ltr'>μὲν</span> <span class='ocrx_word' id='word_1_54' title='bbox 1307 910 1523 987; x_wconf 80' lang='grc' dir='ltr'>ἀπάγει,</span> <span class='ocrx_word' id='word_1_55' title='bbox 1552 917 1630 984; x_wconf 80' lang='grc' dir='ltr'><strong>τῷ</strong></span> <span class='ocrx_word' id='word_1_56' title='bbox 1661 910 1716 968; x_wconf 63' lang='grc' dir='ltr'>δὲ</span> <span class='ocrx_word' id='word_1_57' title='bbox 1745 911 1968 987; x_wconf 86' lang='grc' dir='ltr'><strong>προστί-</strong></span> 
     </span>
    </p>
   </div>
   <div class='ocr_carea' id='block_1_10' title="bbox 313 993 1969 1075">
    <p class='ocr_par' dir='ltr' id='par_1_10' title="bbox 313 993 1969 1075">
     <span class='ocr_line' id='line_1_10' title="bbox 313 993 1969 1075; baseline 0.002 -24"><span class='ocrx_word' id='word_1_58' title='bbox 313 1007 469 1065; x_wconf 82' lang='grc' dir='ltr'><strong>θησιν</strong></span> <span class='ocrx_word' id='word_1_59' title='bbox 495 1014 508 1028; x_wconf 77' lang='grc'><strong>⁸</strong></span> <span class='ocrx_word' id='word_1_60' title='bbox 545 993 704 1059; x_wconf 77' lang='grc' dir='ltr'><strong>οὗτὸς</strong></span> <span class='ocrx_word' id='word_1_61' title='bbox 740 1019 805 1071; x_wconf 87' lang='grc' dir='ltr'>με</span> <span class='ocrx_word' id='word_1_62' title='bbox 835 999 924 1053; x_wconf 89' lang='grc' dir='ltr'><strong>καὶ</strong></span> <span class='ocrx_word' id='word_1_63' title='bbox 959 996 1047 1053; x_wconf 83' lang='grc' dir='ltr'>διὰ</span> <span class='ocrx_word' id='word_1_64' title='bbox 1100 1004 1207 1054; x_wconf 87' lang='grc' dir='ltr'>τῶν</span> <span class='ocrx_word' id='word_1_65' title='bbox 1259 998 1443 1071; x_wconf 78' lang='grc' dir='ltr'><strong>δεξιῶν</strong></span> <span class='ocrx_word' id='word_1_66' title='bbox 1500 1001 1686 1057; x_wconf 76' lang='grc' dir='ltr'><strong>ὅπλων</strong></span> <span class='ocrx_word' id='word_1_67' title='bbox 1739 998 1969 1075; x_wconf 77' lang='grc' dir='ltr'><strong>διεξάγει</strong></span> 
     </span>
    </p>
   </div>
   <div class='ocr_carea' id='block_1_11' title="bbox 308 1082 1969 1165">
    <p class='ocr_par' dir='ltr' id='par_1_11' title="bbox 308 1082 1969 1165">
     <span class='ocr_line' id='line_1_11' title="bbox 308 1082 1969 1165; baseline 0.004 -27"><span class='ocrx_word' id='word_1_68' title='bbox 308 1091 407 1153; x_wconf 80' lang='grc' dir='ltr'><strong>τῆς</strong></span> <span class='ocrx_word' id='word_1_69' title='bbox 442 1082 794 1157; x_wconf 79' lang='grc' dir='ltr'><strong>δικαιοσύνης</strong></span> <span class='ocrx_word' id='word_1_70' title='bbox 828 1086 927 1143; x_wconf 81' lang='grc' dir='ltr'><strong>οὐκ</strong></span> <span class='ocrx_word' id='word_1_71' title='bbox 956 1083 1337 1164; x_wconf 73' lang='grc' dir='ltr'><strong>ἐπαιρόμενον,</strong></span> <span class='ocrx_word' id='word_1_72' title='bbox 1363 1090 1459 1145; x_wconf 65' lang='grc' dir='ltr'><strong>κᾶν</strong></span> <span class='ocrx_word' id='word_1_73' title='bbox 1503 1096 1618 1152; x_wconf 91' lang='grc' dir='ltr'><strong>τοῖς</strong></span> <span class='ocrx_word' id='word_1_74' title='bbox 1668 1091 1969 1165; x_wconf 83' lang='grc' dir='ltr'><strong>ἀριστεροῖς</strong></span> 
     </span>
    </p>
   </div>
   <div class='ocr_carea' id='block_1_12' title="bbox 309 1175 1969 1259">
    <p class='ocr_par' dir='ltr' id='par_1_12' title="bbox 309 1175 1969 1259">
     <span class='ocr_line' id='line_1_12' title="bbox 309 1175 1969 1259; baseline 0.003 -31"><span class='ocrx_word' id='word_1_75' title='bbox 309 1175 399 1229; x_wconf 85' lang='grc' dir='ltr'><strong>καὶ</strong></span> <span class='ocrx_word' id='word_1_76' title='bbox 448 1176 809 1251; x_wconf 83' lang='grc' dir='ltr'><strong>τραχυτέροις</strong></span> <span class='ocrx_word' id='word_1_77' title='bbox 870 1180 987 1249; x_wconf 85' lang='grc'>(96)</span> <span class='ocrx_word' id='word_1_78' title='bbox 1033 1178 1453 1259; x_wconf 77' lang='grc' dir='ltr'><strong>συμφιλοσοφεῖ,</strong></span> <span class='ocrx_word' id='word_1_79' title='bbox 1516 1181 1615 1249; x_wconf 74' lang='grc' dir='ltr'><strong>τὴν</strong></span> <span class='ocrx_word' id='word_1_80' title='bbox 1667 1179 1728 1234; x_wconf 90' lang='grc' dir='ltr'>ού</span> <span class='ocrx_word' id='word_1_81' title='bbox 1783 1200 1969 1233; x_wconf 88' lang='grc' dir='ltr'><strong>καται-</strong></span> 
     </span>
    </p>
   </div>
   <div class='ocr_carea' id='block_1_13' title="bbox 312 1263 1970 1346">
    <p class='ocr_par' dir='ltr' id='par_1_13' title="bbox 312 1263 1970 1346">
     <span class='ocr_line' id='line_1_13' title="bbox 312 1263 1970 1346; baseline 0.003 -29"><span class='ocrx_word' id='word_1_82' title='bbox 312 1263 616 1339; x_wconf 85' lang='grc' dir='ltr'><strong>σχύνουσαν</strong></span> <span class='ocrx_word' id='word_1_83' title='bbox 663 1263 861 1320; x_wconf 81' lang='grc' dir='ltr'>ἐλπίδα</span> <span class='ocrx_word' id='word_1_84' title='bbox 910 1267 1272 1343; x_wconf 84' lang='grc' dir='ltr'><strong>παραζευγνὺς</strong></span> <span class='ocrx_word' id='word_1_85' title='bbox 1331 1269 1420 1324; x_wconf 86' lang='grc' dir='ltr'><strong>καὶ</strong></span> <span class='ocrx_word' id='word_1_86' title='bbox 1467 1270 1530 1323; x_wconf 88' lang='grc' dir='ltr'><strong>τὸ</strong></span> <span class='ocrx_word' id='word_1_87' title='bbox 1583 1270 1753 1343; x_wconf 87' lang='grc' dir='ltr'><strong>παρὸν</strong></span> <span class='ocrx_word' id='word_1_88' title='bbox 1782 1267 1970 1346; x_wconf 78' lang='grc' dir='ltr'><strong>κουφί-</strong></span> 
     </span>
    </p>
   </div>
   <div class='ocr_carea' id='block_1_14' title="bbox 318 1352 1972 1431">
    <p class='ocr_par' dir='ltr' id='par_1_14' title="bbox 318 1352 1972 1431">
     <span class='ocr_line' id='line_1_14' title="bbox 318 1352 1972 1431; baseline 0.004 -26"><span class='ocrx_word' id='word_1_89' title='bbox 318 1357 424 1419; x_wconf 85' lang='grc' dir='ltr'>ζων</span> <span class='ocrx_word' id='word_1_90' title='bbox 448 1357 533 1424; x_wconf 81' lang='grc' dir='ltr'>τῷ</span> <span class='ocrx_word' id='word_1_91' title='bbox 561 1352 820 1425; x_wconf 83' lang='grc' dir='ltr'><strong>μέλλοντι</strong></span> <span class='ocrx_word' id='word_1_92' title='bbox 857 1358 993 1428; x_wconf 90' lang='grc'>(97).</span> <span class='ocrx_word' id='word_1_93' title='bbox 1026 1356 1215 1430; x_wconf 86' lang='grc' dir='ltr'><strong>Τούτῳ</strong></span> <span class='ocrx_word' id='word_1_94' title='bbox 1266 1359 1355 1413; x_wconf 83' lang='grc' dir='ltr'><strong>καὶ</strong></span> <span class='ocrx_word' id='word_1_95' title='bbox 1404 1363 1494 1413; x_wconf 87' lang='grc' dir='ltr'>νῦν</span> <span class='ocrx_word' id='word_1_96' title='bbox 1539 1357 1813 1431; x_wconf 77' lang='grc' dir='ltr'><strong>δεξιοῦμαι</strong></span> <span class='ocrx_word' id='word_1_97' title='bbox 1845 1357 1972 1419; x_wconf 78' lang='grc' dir='ltr'><strong>τοὺς</strong></span> 
     </span>
    </p>
   </div>
   <div class='ocr_carea' id='block_1_15' title="bbox 317 1440 1973 1523">
    <p class='ocr_par' dir='ltr' id='par_1_15' title="bbox 317 1440 1973 1523">
     <span class='ocr_line' id='line_1_15' title="bbox 317 1440 1973 1523; baseline 0.004 -29"><span class='ocrx_word' id='word_1_98' title='bbox 317 1440 481 1513; x_wconf 83' lang='grc' dir='ltr'><strong>ἐμοὺς</strong></span> <span class='ocrx_word' id='word_1_99' title='bbox 514 1441 705 1519; x_wconf 78' lang='grc' dir='ltr'><strong>φίλους</strong></span> <span class='ocrx_word' id='word_1_100' title='bbox 735 1445 825 1497; x_wconf 86' lang='grc' dir='ltr'>καὶ</span> <span class='ocrx_word' id='word_1_101' title='bbox 863 1442 1155 1522; x_wconf 81' lang='grc' dir='ltr'><strong>ἀδελφοὺς,</strong></span> <span class='ocrx_word' id='word_1_102' title='bbox 1204 1447 1292 1502; x_wconf 86' lang='grc' dir='ltr'><strong>καὶ</strong></span> <span class='ocrx_word' id='word_1_103' title='bbox 1346 1448 1646 1523; x_wconf 85' lang='grc' dir='ltr'><strong>προτίθημι</strong></span> <span class='ocrx_word' id='word_1_104' title='bbox 1701 1450 1813 1519; x_wconf 88' lang='grc'>(98)</span> <span class='ocrx_word' id='word_1_105' title='bbox 1852 1448 1973 1521; x_wconf 85' lang='grc' dir='ltr'><strong>τρά-</strong></span> 
     </span>
    </p>
   </div>
   <div class='ocr_carea' id='block_1_16' title="bbox 315 1530 1975 1611">
    <p class='ocr_par' dir='ltr' id='par_1_16' title="bbox 315 1530 1975 1611">
     <span class='ocr_line' id='line_1_16' title="bbox 315 1530 1975 1611; baseline 0.005 -28"><span class='ocrx_word' id='word_1_106' title='bbox 315 1536 480 1599; x_wconf 86' lang='grc' dir='ltr'><strong>πεζαν</strong></span> <span class='ocrx_word' id='word_1_107' title='bbox 541 1530 795 1607; x_wconf 72' lang='grc' dir='ltr'><strong>λογικὴν,</strong></span> <span class='ocrx_word' id='word_1_108' title='bbox 840 1554 931 1587; x_wconf 89' lang='grc' dir='ltr'>και</span> <span class='ocrx_word' id='word_1_109' title='bbox 980 1542 1226 1611; x_wconf 87' lang='grc' dir='ltr'><strong>κρατῆρα</strong></span> <span class='ocrx_word' id='word_1_110' title='bbox 1272 1536 1656 1609; x_wconf 82' lang='grc' dir='ltr'><strong>πνευματικὸν,</strong></span> <span class='ocrx_word' id='word_1_111' title='bbox 1713 1537 1801 1590; x_wconf 77' lang='grc' dir='ltr'><strong>καὶ</strong></span> <span class='ocrx_word' id='word_1_112' title='bbox 1861 1536 1975 1591; x_wconf 82' lang='grc' dir='ltr'><strong>ἀέν-</strong></span> 
     </span>
    </p>
   </div>
   <div class='ocr_carea' id='block_1_17' title="bbox 315 1621 1969 1700">
    <p class='ocr_par' dir='ltr' id='par_1_17' title="bbox 315 1621 1969 1700">
     <span class='ocr_line' id='line_1_17' title="bbox 315 1621 1969 1700; baseline 0.004 -28"><span class='ocrx_word' id='word_1_113' title='bbox 315 1639 442 1673; x_wconf 90' lang='grc' dir='ltr'><strong>ναον</strong></span> <span class='ocrx_word' id='word_1_114' title='bbox 617 1641 627 1652; x_wconf 95' lang='grc'><strong>·</strong></span> <span class='ocrx_word' id='word_1_115' title='bbox 660 1621 768 1696; x_wconf 79' lang='grc' dir='ltr'><strong>ούχ</strong></span> <span class='ocrx_word' id='word_1_116' title='bbox 800 1624 880 1684; x_wconf 83' lang='grc' dir='ltr'><strong>οἷς</strong></span> <span class='ocrx_word' id='word_1_117' title='bbox 910 1625 944 1692; x_wconf 77' lang='grc' dir='ltr'>ἡ</span> <span class='ocrx_word' id='word_1_118' title='bbox 973 1622 1120 1679; x_wconf 87' lang='grc' dir='ltr'><strong>κάτω</strong></span> <span class='ocrx_word' id='word_1_119' title='bbox 1149 1627 1227 1698; x_wconf 92' lang='grc'>(1)</span> <span class='ocrx_word' id='word_1_120' title='bbox 1256 1624 1494 1700; x_wconf 82' lang='grc' dir='ltr'><strong>τράπεζα</strong></span> <span class='ocrx_word' id='word_1_121' title='bbox 1540 1624 1825 1680; x_wconf 82' lang='grc' dir='ltr'><strong>κολακεύει</strong></span> <span class='ocrx_word' id='word_1_122' title='bbox 1872 1626 1969 1693; x_wconf 77' lang='grc' dir='ltr'><strong>τήν</strong></span> 
     </span>
    </p>
   </div>
   <div class='ocr_carea' id='block_1_18' title="bbox 314 1710 1577 1790">
    <p class='ocr_par' dir='ltr' id='par_1_18' title="bbox 314 1710 1577 1790">
     <span class='ocr_line' id='line_1_18' title="bbox 314 1710 1577 1790; baseline 0.006 -27"><span class='ocrx_word' id='word_1_123' title='bbox 314 1710 763 1785; x_wconf 78' lang='grc' dir='ltr'><strong>καταργουμένην</strong></span> <span class='ocrx_word' id='word_1_124' title='bbox 793 1714 1047 1789; x_wconf 85' lang='grc' dir='ltr'><strong>γαστέρα,</strong></span> <span class='ocrx_word' id='word_1_125' title='bbox 1077 1714 1168 1768; x_wconf 86' lang='grc' dir='ltr'><strong>καὶ</strong></span> <span class='ocrx_word' id='word_1_126' title='bbox 1200 1713 1577 1790; x_wconf 85' lang='grc' dir='ltr'><strong>ἀθεράπευτον.</strong></span> 
     </span>
    </p>
   </div>
   <div class='ocr_carea' id='block_1_19' title="bbox 384 1976 1971 2056">
    <p class='ocr_par' dir='ltr' id='par_1_19' title="bbox 384 1976 1971 2056">
     <span class='ocr_line' id='line_1_19' title="bbox 384 1976 1971 2056; baseline 0.005 -28"><span class='ocrx_word' id='word_1_127' title='bbox 384 1981 449 2030; x_wconf 90' lang='grc' dir='ltr'>Ζ’.</span> <span class='ocrx_word' id='word_1_128' title='bbox 500 1976 853 2051; x_wconf 66' lang='grc' dir='ltr'><strong>Ἐσιώπησα,</strong></span> <span class='ocrx_word' id='word_1_129' title='bbox 891 1978 966 2049; x_wconf 81' lang='grc' dir='ltr'><strong>μὴ</strong></span> <span class='ocrx_word' id='word_1_130' title='bbox 1016 1979 1107 2033; x_wconf 83' lang='grc' dir='ltr'><strong>καὶ</strong></span> <span class='ocrx_word' id='word_1_131' title='bbox 1152 1979 1232 2034; x_wconf 85' lang='grc' dir='ltr'>ἀεὶ</span> <span class='ocrx_word' id='word_1_132' title='bbox 1284 1983 1672 2053; x_wconf 82' lang='grc' dir='ltr'><strong>σιωπήσομαι;</strong></span> <span class='ocrx_word' id='word_1_133' title='bbox 1720 1982 1971 2056; x_wconf 84' lang='grc' dir='ltr'><strong>Ἐκαρτέ-</strong></span> 
     </span>
    </p>
   </div>
   <div class='ocr_carea' id='block_1_20' title="bbox 314 2064 1967 2145">
    <p class='ocr_par' dir='ltr' id='par_1_20' title="bbox 314 2064 1967 2145">
     <span class='ocr_line' id='line_1_20' title="bbox 314 2064 1967 2145; baseline 0.004 -28"><span class='ocrx_word' id='word_1_134' title='bbox 314 2084 451 2139; x_wconf 91' lang='grc' dir='ltr'><strong>ρησα</strong></span> <span class='ocrx_word' id='word_1_135' title='bbox 505 2065 633 2119; x_wconf 81' lang='grc' dir='ltr'><strong>ὡσεὶ</strong></span> <span class='ocrx_word' id='word_1_136' title='bbox 681 2064 936 2120; x_wconf 80' lang='grc' dir='ltr'><strong>τίκτουσα</strong></span> <span class='ocrx_word' id='word_1_137' title='bbox 996 2069 1097 2140; x_wconf 87' lang='grc'>(2),</span> <span class='ocrx_word' id='word_1_138' title='bbox 1148 2070 1224 2141; x_wconf 81' lang='grc' dir='ltr'><strong>μὴ</strong></span> <span class='ocrx_word' id='word_1_139' title='bbox 1276 2073 1594 2145; x_wconf 75' lang='grc' dir='ltr'><strong>καρτερήσω</strong></span> <span class='ocrx_word' id='word_1_140' title='bbox 1642 2066 1967 2139; x_wconf 80' lang='grc' dir='ltr'><strong>διαπαντὸς;</strong></span> 
     </span>
    </p>
   </div>
   <div class='ocr_carea' id='block_1_21' title="bbox 308 2154 1971 2234">
    <p class='ocr_par' dir='ltr' id='par_1_21' title="bbox 308 2154 1971 2234">
     <span class='ocr_line' id='line_1_21' title="bbox 308 2154 1971 2234; baseline 0.005 -28"><span class='ocrx_word' id='word_1_141' title='bbox 308 2157 394 2223; x_wconf 81' lang='grc' dir='ltr'>Τῷ</span> <span class='ocrx_word' id='word_1_142' title='bbox 445 2154 540 2224; x_wconf 78' lang='grc' dir='ltr'><strong>μὲν</strong></span> <span class='ocrx_word' id='word_1_143' title='bbox 592 2154 694 2229; x_wconf 76' lang='grc' dir='ltr'><strong>γὰρ</strong></span> <span class='ocrx_word' id='word_1_144' title='bbox 754 2155 999 2232; x_wconf 84' lang='grc' dir='ltr'><strong>Ζαχαρίᾳ</strong></span> <span class='ocrx_word' id='word_1_145' title='bbox 1042 2154 1159 2213; x_wconf 88' lang='grc' dir='ltr'><strong>λύει</strong></span> <span class='ocrx_word' id='word_1_146' title='bbox 1198 2160 1296 2227; x_wconf 79' lang='grc' dir='ltr'><strong>τήν</strong></span> <span class='ocrx_word' id='word_1_147' title='bbox 1354 2161 1564 2228; x_wconf 75' lang='grc' dir='ltr'><strong>σιωπὴν</strong></span> <span class='ocrx_word' id='word_1_148' title='bbox 1625 2160 1902 2234; x_wconf 83' lang='grc' dir='ltr'><strong>γεννηθεὶς</strong></span> <span class='ocrx_word' id='word_1_149' title='bbox 1943 2162 1971 2214; x_wconf 85' lang='grc' dir='ltr'>ὁ</span> 
     </span>
    </p>
   </div>
   <div class='ocr_carea' id='block_1_22' title="bbox 311 2242 1970 2326">
    <p class='ocr_par' dir='ltr' id='par_1_22' title="bbox 311 2242 1970 2326">
     <span class='ocr_line' id='line_1_22' title="bbox 311 2242 1970 2326; baseline 0.003 -29"><span class='ocrx_word' id='word_1_150' title='bbox 311 2242 569 2310; x_wconf 85' lang='grc' dir='ltr'><strong>Ἰωάννης</strong></span> <span class='ocrx_word' id='word_1_151' title='bbox 595 2261 607 2274; x_wconf 89' lang='grc'><strong>·</strong></span> <span class='ocrx_word' id='word_1_152' title='bbox 642 2243 731 2297; x_wconf 83' lang='grc' dir='ltr'><strong>καὶ</strong></span> <span class='ocrx_word' id='word_1_153' title='bbox 759 2245 863 2318; x_wconf 81' lang='grc' dir='ltr'><strong>γὰρ</strong></span> <span class='ocrx_word' id='word_1_154' title='bbox 895 2243 994 2300; x_wconf 86' lang='grc' dir='ltr'>ούκ</span> <span class='ocrx_word' id='word_1_155' title='bbox 1028 2242 1226 2322; x_wconf 79' lang='grc' dir='ltr'><strong>ἔπρεπε</strong></span> <span class='ocrx_word' id='word_1_156' title='bbox 1255 2249 1348 2302; x_wconf 89' lang='grc' dir='ltr'><strong>τὸν</strong></span> <span class='ocrx_word' id='word_1_157' title='bbox 1392 2248 1595 2324; x_wconf 88' lang='grc' dir='ltr'><strong>πατέρα</strong></span> <span class='ocrx_word' id='word_1_158' title='bbox 1642 2256 1740 2317; x_wconf 81' lang='grc' dir='ltr'>τῆς</span> <span class='ocrx_word' id='word_1_159' title='bbox 1788 2256 1970 2326; x_wconf 81' lang='grc' dir='ltr'><strong>φωνῆς</strong></span> 
     </span>
    </p>
   </div>
   <div class='ocr_carea' id='block_1_23' title="bbox 314 2331 1972 2411">
    <p class='ocr_par' dir='ltr' id='par_1_23' title="bbox 314 2331 1972 2411">
     <span class='ocr_line' id='line_1_23' title="bbox 314 2331 1972 2411; baseline 0.007 -28"><span class='ocrx_word' id='word_1_160' title='bbox 314 2335 540 2400; x_wconf 82' lang='grc' dir='ltr'><strong>σιωπᾷν,</strong></span> <span class='ocrx_word' id='word_1_161' title='bbox 598 2331 799 2402; x_wconf 84' lang='grc' dir='ltr'><strong>ταύτης</strong></span> <span class='ocrx_word' id='word_1_162' title='bbox 846 2333 1264 2409; x_wconf 59' lang='grc' dir='ltr'><strong>προελθούσης*</strong></span> <span class='ocrx_word' id='word_1_163' title='bbox 1319 2335 1444 2390; x_wconf 74' lang='grc' dir='ltr'><strong>ἀλλ⁶</strong></span> <span class='ocrx_word' id='word_1_164' title='bbox 1498 2337 1677 2411; x_wconf 81' lang='grc' dir='ltr'><strong>ὥσπερ</strong></span> <span class='ocrx_word' id='word_1_165' title='bbox 1744 2338 1972 2407; x_wconf 84' lang='grc' dir='ltr'><strong>ἀπιστη-</strong></span> 
     </span>
    </p>
   </div>
   <div class='ocr_carea' id='block_1_24' title="bbox 322 2418 1971 2503">
    <p class='ocr_par' dir='ltr' id='par_1_24' title="bbox 322 2418 1971 2503">
     <span class='ocr_line' id='line_1_24' title="bbox 322 2418 1971 2503; baseline 0.005 -31"><span class='ocrx_word' id='word_1_166' title='bbox 322 2418 473 2473; x_wconf 84' lang='grc' dir='ltr'><strong>θεῖσα</strong></span> <span class='ocrx_word' id='word_1_167' title='bbox 518 2421 621 2488; x_wconf 71' lang='grc' dir='ltr'><strong>τὴν</strong></span> <span class='ocrx_word' id='word_1_168' title='bbox 660 2420 909 2497; x_wconf 91' lang='grc' dir='ltr'><strong>γλῶσσαν</strong></span> <span class='ocrx_word' id='word_1_169' title='bbox 962 2422 1171 2495; x_wconf 80' lang='grc' dir='ltr'><strong>ἔδησεν,</strong></span> <span class='ocrx_word' id='word_1_170' title='bbox 1222 2425 1363 2480; x_wconf 65' lang='grc' dir='ltr'><strong>οὕτω</strong></span> <span class='ocrx_word' id='word_1_171' title='bbox 1396 2428 1759 2503; x_wconf 81' lang='grc' dir='ltr'><strong>φανερωθεῖσα</strong></span> <span class='ocrx_word' id='word_1_172' title='bbox 1789 2424 1971 2481; x_wconf 86' lang='grc' dir='ltr'><strong>δοῦναι</strong></span> 
     </span>
    </p>
   </div>
   <div class='ocr_carea' id='block_1_25' title="bbox 321 2510 1973 2591">
    <p class='ocr_par' dir='ltr' id='par_1_25' title="bbox 321 2510 1973 2591">
     <span class='ocr_line' id='line_1_25' title="bbox 321 2510 1973 2591; baseline 0.004 -29"><span class='ocrx_word' id='word_1_173' title='bbox 321 2512 400 2581; x_wconf 82' lang='grc' dir='ltr'><strong>τῷ</strong></span> <span class='ocrx_word' id='word_1_174' title='bbox 452 2510 617 2584; x_wconf 80' lang='grc' dir='ltr'><strong>πατρί</strong></span> <span class='ocrx_word' id='word_1_175' title='bbox 676 2512 776 2579; x_wconf 74' lang='grc' dir='ltr'><strong>τήν</strong></span> <span class='ocrx_word' id='word_1_176' title='bbox 837 2511 1164 2588; x_wconf 72' lang='grc' dir='ltr'><strong>ἐλευθερίαν,</strong></span> <span class='ocrx_word' id='word_1_177' title='bbox 1224 2515 1268 2586; x_wconf 83' lang='grc' dir='ltr'>ᾧ</span> <span class='ocrx_word' id='word_1_178' title='bbox 1312 2515 1401 2568; x_wconf 84' lang='grc' dir='ltr'><strong>καὶ</strong></span> <span class='ocrx_word' id='word_1_179' title='bbox 1452 2514 1834 2591; x_wconf 72' lang='grc' dir='ltr'><strong>εὐηγγελίσθη,</strong></span> <span class='ocrx_word' id='word_1_180' title='bbox 1884 2516 1973 2570; x_wconf 83' lang='grc' dir='ltr'><strong>καὶ</strong></span> 
     </span>
    </p>
   </div>
   <div class='ocr_carea' id='block_1_26' title="bbox 323 2596 1972 2683">
    <p class='ocr_par' dir='ltr' id='par_1_26' title="bbox 323 2596 1972 2683">
     <span class='ocr_line' id='line_1_26' title="bbox 323 2596 1972 2683; baseline 0.005 -32"><span class='ocrx_word' id='word_1_181' title='bbox 323 2596 583 2671; x_wconf 72' lang='grc' dir='ltr'><strong>ἰγεννήθη</strong></span> <span class='ocrx_word' id='word_1_182' title='bbox 643 2602 795 2676; x_wconf 77' lang='grc' dir='ltr'><strong>φωνὴ</strong></span> <span class='ocrx_word' id='word_1_183' title='bbox 853 2602 941 2655; x_wconf 85' lang='grc' dir='ltr'>καί</span> <span class='ocrx_word' id='word_1_184' title='bbox 997 2600 1223 2678; x_wconf 82' lang='grc' dir='ltr'><strong>λύχνος,</strong></span> <span class='ocrx_word' id='word_1_185' title='bbox 1284 2599 1464 2679; x_wconf 82' lang='grc' dir='ltr'><strong>Λόγου</strong></span> <span class='ocrx_word' id='word_1_186' title='bbox 1525 2608 1599 2677; x_wconf 88' lang='grc'>(3)</span> <span class='ocrx_word' id='word_1_187' title='bbox 1659 2605 1747 2660; x_wconf 77' lang='grc' dir='ltr'><strong>καὶ</strong></span> <span class='ocrx_word' id='word_1_188' title='bbox 1794 2606 1972 2683; x_wconf 82' lang='grc' dir='ltr'><strong>φωτὸς</strong></span> 
     </span>
    </p>
   </div>
   <div class='ocr_carea' id='block_1_27' title="bbox 321 2684 1970 2767">
    <p class='ocr_par' dir='ltr' id='par_1_27' title="bbox 321 2684 1970 2767">
     <span class='ocr_line' id='line_1_27' title="bbox 321 2684 1970 2767; baseline 0.005 -28"><span class='ocrx_word' id='word_1_189' title='bbox 321 2684 637 2761; x_wconf 79' lang='grc' dir='ltr'><strong>πρόδρομος</strong></span> <span class='ocrx_word' id='word_1_190' title='bbox 664 2706 677 2719; x_wconf 78' lang='grc'><strong><em>⁸</em></strong></span> <span class='ocrx_word' id='word_1_191' title='bbox 727 2688 849 2761; x_wconf 83' lang='grc' dir='ltr'><strong>ἐμοὶ</strong></span> <span class='ocrx_word' id='word_1_192' title='bbox 906 2687 962 2744; x_wconf 71' lang='grc' dir='ltr'>δὲ</span> <span class='ocrx_word' id='word_1_193' title='bbox 1011 2690 1127 2745; x_wconf 88' lang='grc' dir='ltr'><strong>λύει</strong></span> <span class='ocrx_word' id='word_1_194' title='bbox 1157 2694 1255 2761; x_wconf 77' lang='grc' dir='ltr'><strong>τήν</strong></span> <span class='ocrx_word' id='word_1_195' title='bbox 1289 2692 1562 2766; x_wconf 87' lang='grc' dir='ltr'><strong>γλῶσσαν,</strong></span> <span class='ocrx_word' id='word_1_196' title='bbox 1594 2694 1683 2748; x_wconf 84' lang='grc' dir='ltr'><strong>καὶ</strong></span> <span class='ocrx_word' id='word_1_197' title='bbox 1717 2694 1846 2767; x_wconf 82' lang='grc' dir='ltr'><strong>ὑψοῖ</strong></span> <span class='ocrx_word' id='word_1_198' title='bbox 1871 2698 1970 2763; x_wconf 76' lang='grc' dir='ltr'><strong>τήν</strong></span> 
     </span>
    </p>
   </div>
   <div class='ocr_carea' id='block_1_28' title="bbox 323 2777 1973 2858">
    <p class='ocr_par' dir='ltr' id='par_1_28' title="bbox 323 2777 1973 2858">
     <span class='ocr_line' id='line_1_28' title="bbox 323 2777 1973 2858; baseline 0.007 -30"><span class='ocrx_word' id='word_1_199' title='bbox 323 2777 531 2852; x_wconf 75' lang='grc' dir='ltr'><strong>φωνὴν,</strong></span> <span class='ocrx_word' id='word_1_200' title='bbox 578 2777 652 2838; x_wconf 86' lang='grc' dir='ltr'><strong>ὡς</strong></span> <span class='ocrx_word' id='word_1_201' title='bbox 704 2777 1025 2854; x_wconf 84' lang='grc' dir='ltr'><strong>σάλπιγγος,</strong></span> <span class='ocrx_word' id='word_1_202' title='bbox 1073 2784 1107 2849; x_wconf 80' lang='grc' dir='ltr'><strong>ἡ</strong></span> <span class='ocrx_word' id='word_1_203' title='bbox 1158 2786 1401 2856; x_wconf 88' lang='grc' dir='ltr'><strong>παροῦσα</strong></span> <span class='ocrx_word' id='word_1_204' title='bbox 1442 2783 1737 2858; x_wconf 83' lang='grc' dir='ltr'><strong>εὐεργεσία,</strong></span> <span class='ocrx_word' id='word_1_205' title='bbox 1768 2783 1855 2838; x_wconf 80' lang='grc' dir='ltr'><strong>καὶ</strong></span> <span class='ocrx_word' id='word_1_206' title='bbox 1911 2785 1973 2839; x_wconf 85' lang='grc' dir='ltr'><strong>τὸ</strong></span> 
     </span>
    </p>
   </div>
   <div class='ocr_carea' id='block_1_29' title="bbox 321 2863 1975 2949">
    <p class='ocr_par' dir='ltr' id='par_1_29' title="bbox 321 2863 1975 2949">
     <span class='ocr_line' id='line_1_29' title="bbox 321 2863 1975 2949; baseline 0.006 -31"><span class='ocrx_word' id='word_1_207' title='bbox 321 2863 615 2920; x_wconf 88' lang='grc' dir='ltr'><strong>κάλλιστον</strong></span> <span class='ocrx_word' id='word_1_208' title='bbox 645 2871 807 2921; x_wconf 88' lang='grc' dir='ltr'><strong>τοῦτο</strong></span> <span class='ocrx_word' id='word_1_209' title='bbox 841 2867 1085 2942; x_wconf 81' lang='grc' dir='ltr'><strong>θέατρον,</strong></span> <span class='ocrx_word' id='word_1_210' title='bbox 1116 2872 1183 2925; x_wconf 76' lang='grc' dir='ltr'><strong>τὰ</strong></span> <span class='ocrx_word' id='word_1_211' title='bbox 1219 2871 1378 2924; x_wconf 88' lang='grc' dir='ltr'><strong>τέκνα</strong></span> <span class='ocrx_word' id='word_1_212' title='bbox 1405 2870 1500 2925; x_wconf 81' lang='grc' dir='ltr'>τοῦ</span> <span class='ocrx_word' id='word_1_213' title='bbox 1548 2876 1684 2926; x_wconf 85' lang='grc' dir='ltr'><strong>Θεοῦ</strong></span> <span class='ocrx_word' id='word_1_214' title='bbox 1735 2871 1975 2949; x_wconf 82' lang='grc' dir='ltr'><strong>διεσκορ-</strong></span> 
     </span>
    </p>
   </div>
   <div class='ocr_carea' id='block_1_30' title="bbox 321 2955 1974 3031">
    <p class='ocr_par' dir='ltr' id='par_1_30' title="bbox 321 2955 1974 3031">
     <span class='ocr_line' id='line_1_30' title="bbox 321 2955 1974 3031; baseline 0.005 -24"><span class='ocrx_word' id='word_1_215' title='bbox 321 2955 558 3024; x_wconf 80' lang='grc' dir='ltr'><strong>πισμένα</strong></span> <span class='ocrx_word' id='word_1_216' title='bbox 613 2958 711 3027; x_wconf 92' lang='grc'>(4),</span> <span class='ocrx_word' id='word_1_217' title='bbox 772 2957 1075 3031; x_wconf 78' lang='grc' dir='ltr'><strong>συνηγμένα</strong></span> <span class='ocrx_word' id='word_1_218' title='bbox 1131 2958 1205 3020; x_wconf 83' lang='grc' dir='ltr'>εἷς</span> <span class='ocrx_word' id='word_1_219' title='bbox 1255 2956 1332 3025; x_wconf 75' lang='grc' dir='ltr'>ἓν,</span> <span class='ocrx_word' id='word_1_220' title='bbox 1379 2961 1467 3014; x_wconf 79' lang='grc' dir='ltr'>καὶ</span> <span class='ocrx_word' id='word_1_221' title='bbox 1519 2962 1621 3015; x_wconf 83' lang='grc' dir='ltr'>ὑπὸ</span> <span class='ocrx_word' id='word_1_222' title='bbox 1669 2963 1763 3023; x_wconf 74' lang='grc' dir='ltr'><strong>τὰς</strong></span> <span class='ocrx_word' id='word_1_223' title='bbox 1810 2962 1974 3024; x_wconf 83' lang='grc' dir='ltr'><strong>αύτάς</strong></span> 
     </span>
    </p>
   </div>
   <div class='ocr_carea' id='block_1_31' title="bbox 327 3039 1973 3121">
    <p class='ocr_par' dir='ltr' id='par_1_31' title="bbox 327 3039 1973 3121">
     <span class='ocr_line' id='line_1_31' title="bbox 327 3039 1973 3121; baseline 0.007 -29"><span class='ocrx_word' id='word_1_224' title='bbox 327 3039 702 3115; x_wconf 74' lang='grc' dir='ltr'><strong>ἀναπαυόμενα</strong></span> <span class='ocrx_word' id='word_1_225' title='bbox 747 3046 1031 3121; x_wconf 79' lang='grc' dir='ltr'><strong>πτέρυγας,</strong></span> <span class='ocrx_word' id='word_1_226' title='bbox 1084 3048 1172 3102; x_wconf 81' lang='grc' dir='ltr'><strong>καὶ</strong></span> <span class='ocrx_word' id='word_1_227' title='bbox 1223 3048 1298 3110; x_wconf 85' lang='grc' dir='ltr'>είς</span> <span class='ocrx_word' id='word_1_228' title='bbox 1355 3051 1444 3103; x_wconf 84' lang='grc' dir='ltr'><strong>τὸν</strong></span> <span class='ocrx_word' id='word_1_229' title='bbox 1500 3051 1648 3104; x_wconf 78' lang='grc' dir='ltr'><strong>οἷκον</strong></span> <span class='ocrx_word' id='word_1_230' title='bbox 1696 3056 1792 3105; x_wconf 89' lang='grc' dir='ltr'>τοῦ</span> <span class='ocrx_word' id='word_1_231' title='bbox 1841 3052 1973 3106; x_wconf 88' lang='grc' dir='ltr'><strong>Θεοῦ</strong></span> 
     </span>
    </p>
   </div>
   <div class='ocr_carea' id='block_1_32' title="bbox 324 3131 1978 3214">
    <p class='ocr_par' dir='ltr' id='par_1_32' title="bbox 324 3131 1978 3214">
     <span class='ocr_line' id='line_1_32' title="bbox 324 3131 1978 3214; baseline 0.008 -32"><span class='ocrx_word' id='word_1_232' title='bbox 324 3131 664 3203; x_wconf 87' lang='grc' dir='ltr'><strong>πορευόμενα</strong></span> <span class='ocrx_word' id='word_1_233' title='bbox 695 3132 744 3187; x_wconf 80' lang='grc' dir='ltr'>ἐν</span> <span class='ocrx_word' id='word_1_234' title='bbox 778 3136 1022 3207; x_wconf 82' lang='grc' dir='ltr'><strong>ὁμονοίᾳ,</strong></span> <span class='ocrx_word' id='word_1_235' title='bbox 1056 3136 1144 3191; x_wconf 74' lang='grc' dir='ltr'>καί</span> <span class='ocrx_word' id='word_1_236' title='bbox 1178 3137 1302 3209; x_wconf 91' lang='grc' dir='ltr'><strong>μίαν</strong></span> <span class='ocrx_word' id='word_1_237' title='bbox 1345 3138 1608 3214; x_wconf 82' lang='grc' dir='ltr'><strong>ἁρμονίαν</strong></span> <span class='ocrx_word' id='word_1_238' title='bbox 1654 3142 1978 3213; x_wconf 71' lang='grc' dir='ltr'><strong>ἡρμοσμένα</strong></span> 
     </span>
    </p>
   </div>
   <div class='ocr_carea' id='block_1_33' title="bbox 320 3220 1975 3306">
    <p class='ocr_par' dir='ltr' id='par_1_33' title="bbox 320 3220 1975 3306">
     <span class='ocr_line' id='line_1_33' title="bbox 320 3220 1975 3306; baseline 0.007 -34"><span class='ocrx_word' id='word_1_239' title='bbox 320 3220 420 3287; x_wconf 80' lang='grc' dir='ltr'><strong>τήν</strong></span> <span class='ocrx_word' id='word_1_240' title='bbox 452 3224 547 3273; x_wconf 87' lang='grc' dir='ltr'>τοῦ</span> <span class='ocrx_word' id='word_1_241' title='bbox 578 3227 746 3277; x_wconf 77' lang='grc' dir='ltr'><strong>καλοῦ</strong></span> <span class='ocrx_word' id='word_1_242' title='bbox 776 3224 865 3278; x_wconf 82' lang='grc' dir='ltr'><strong>καὶ</strong></span> <span class='ocrx_word' id='word_1_243' title='bbox 896 3229 992 3279; x_wconf 90' lang='grc' dir='ltr'>τοῦ</span> <span class='ocrx_word' id='word_1_244' title='bbox 1025 3225 1333 3299; x_wconf 83' lang='grc' dir='ltr'><strong>Ηνεύματος</strong></span> <span class='ocrx_word' id='word_1_245' title='bbox 1359 3246 1374 3258; x_wconf 81' lang='grc'>⁶</span> <span class='ocrx_word' id='word_1_246' title='bbox 1407 3226 1495 3281; x_wconf 76' lang='grc' dir='ltr'><strong>ὅτε</strong></span> <span class='ocrx_word' id='word_1_247' title='bbox 1544 3227 1641 3282; x_wconf 81' lang='grc' dir='ltr'><strong>οὐκ</strong></span> <span class='ocrx_word' id='word_1_248' title='bbox 1690 3228 1765 3283; x_wconf 81' lang='grc' dir='ltr'>ἔτι</span> <span class='ocrx_word' id='word_1_249' title='bbox 1816 3228 1975 3306; x_wconf 70' lang='grc' dir='ltr'><strong>φέρο-</strong></span> 
     </span>
    </p>
   </div>
   <div class='ocr_carea' id='block_1_34' title="bbox 2076 639 3725 711">
    <p class='ocr_par' dir='ltr' id='par_1_34' title="bbox 2076 639 3725 711">
     <span class='ocr_line' id='line_1_34' title="bbox 2076 639 3725 711; baseline -0.003 -12"><span class='ocrx_word' id='word_1_250' title='bbox 2076 644 2282 709; x_wconf 84' lang='lat' dir='ltr'>fertur,</span> <span class='ocrx_word' id='word_1_251' title='bbox 2318 646 2637 707; x_wconf 88' lang='lat' dir='ltr'>curram,et</span> <span class='ocrx_word' id='word_1_252' title='bbox 2666 639 2881 695; x_wconf 82' lang='lat' dir='ltr'>labenti</span> <span class='ocrx_word' id='word_1_253' title='bbox 2917 656 3157 695; x_wconf 84' lang='lat' dir='ltr'>manum</span> <span class='ocrx_word' id='word_1_254' title='bbox 3183 639 3563 711; x_wconf 89' lang='lat' dir='ltr'>porrigam,et</span> <span class='ocrx_word' id='word_1_255' title='bbox 3593 658 3725 695; x_wconf 87' lang='lat' dir='ltr'>cum</span> 
     </span>
    </p>
   </div>
   <div class='ocr_carea' id='block_1_35' title="bbox 2078 728 3730 795">
    <p class='ocr_par' dir='ltr' id='par_1_35' title="bbox 2078 728 3730 795">
     <span class='ocr_line' id='line_1_35' title="bbox 2078 728 3730 795; baseline -0.002 -8"><span class='ocrx_word' id='word_1_256' title='bbox 2078 733 2311 787; x_wconf 89' lang='lat' dir='ltr'>inﬁrmo</span> <span class='ocrx_word' id='word_1_257' title='bbox 2344 732 2685 785; x_wconf 88' lang='lat' dir='ltr'>inﬁrmitate</span> <span class='ocrx_word' id='word_1_258' title='bbox 2715 730 2956 795; x_wconf 84' lang='lat' dir='ltr'>afﬁciar,</span> <span class='ocrx_word' id='word_1_259' title='bbox 2981 732 3038 783; x_wconf 89' lang='lat' dir='ltr'>et</span> <span class='ocrx_word' id='word_1_260' title='bbox 3069 745 3203 783; x_wconf 90' lang='lat' dir='ltr'>cum</span> <span class='ocrx_word' id='word_1_261' title='bbox 3227 729 3397 783; x_wconf 87' lang='lat' dir='ltr'>ﬁrmo</span> <span class='ocrx_word' id='word_1_262' title='bbox 3428 734 3484 784; x_wconf 89' lang='lat' dir='ltr'>et</span> <span class='ocrx_word' id='word_1_263' title='bbox 3505 728 3730 783; x_wconf 87' lang='lat' dir='ltr'>valente</span> 
     </span>
    </p>
   </div>
   <div class='ocr_carea' id='block_1_36' title="bbox 2078 817 3731 893">
    <p class='ocr_par' dir='ltr' id='par_1_36' title="bbox 2078 817 3731 893">
     <span class='ocr_line' id='line_1_36' title="bbox 2078 817 3731 893; baseline -0.003 -17"><span class='ocrx_word' id='word_1_264' title='bbox 2078 822 2388 893; x_wconf 85' lang='lat' dir='ltr'>gaudeam,</span> <span class='ocrx_word' id='word_1_265' title='bbox 2417 820 2751 891; x_wconf 83' lang='lat' dir='ltr'>persuadet.</span> <span class='ocrx_word' id='word_1_266' title='bbox 2785 819 2928 875; x_wconf 89' lang='lat' dir='ltr'>Cum</span> <span class='ocrx_word' id='word_1_267' title='bbox 2966 819 3070 873; x_wconf 88' lang='lat' dir='ltr'>hoc</span> <span class='ocrx_word' id='word_1_268' title='bbox 3092 817 3245 873; x_wconf 86' lang='lat' dir='ltr'>idem</span> <span class='ocrx_word' id='word_1_269' title='bbox 3278 818 3424 872; x_wconf 89' lang='lat' dir='ltr'>mihi</span> <span class='ocrx_word' id='word_1_270' title='bbox 3457 817 3645 888; x_wconf 87' lang='lat' dir='ltr'>patria</span> <span class='ocrx_word' id='word_1_271' title='bbox 3673 824 3731 873; x_wconf 89' lang='lat' dir='ltr'>et</span> 
     </span>
    </p>
   </div>
   <div class='ocr_carea' id='block_1_37' title="bbox 2079 905 3733 981">
    <p class='ocr_par' dir='ltr' id='par_1_37' title="bbox 2079 905 3733 981">
     <span class='ocr_line' id='line_1_37' title="bbox 2079 905 3733 981; baseline -0.002 -15"><span class='ocrx_word' id='word_1_272' title='bbox 2079 916 2317 967; x_wconf 90' lang='lat' dir='ltr'>externa</span> <span class='ocrx_word' id='word_1_273' title='bbox 2347 909 2506 981; x_wconf 91' lang='lat' dir='ltr'>regio</span> <span class='ocrx_word' id='word_1_274' title='bbox 2556 914 2663 975; x_wconf 91' lang='lat' dir='ltr'>est,</span> <span class='ocrx_word' id='word_1_275' title='bbox 2699 924 2764 963; x_wconf 88' lang='lat' dir='ltr'>ac</span> <span class='ocrx_word' id='word_1_276' title='bbox 2794 908 3053 963; x_wconf 91' lang='lat' dir='ltr'>locorum</span> <span class='ocrx_word' id='word_1_277' title='bbox 3107 908 3379 977; x_wconf 79' lang='lat' dir='ltr'>mutatio,</span> <span class='ocrx_word' id='word_1_278' title='bbox 3412 905 3733 963; x_wconf 88' lang='lat' dir='ltr'>alienorum</span> 
     </span>
    </p>
   </div>
   <div class='ocr_carea' id='block_1_38' title="bbox 2080 994 3735 1071">
    <p class='ocr_par' dir='ltr' id='par_1_38' title="bbox 2080 994 3735 1071">
     <span class='ocr_line' id='line_1_38' title="bbox 2080 994 3735 1071; baseline -0.002 -16"><span class='ocrx_word' id='word_1_279' title='bbox 2080 1017 2263 1071; x_wconf 82' lang='lat' dir='ltr'>aeque,</span> <span class='ocrx_word' id='word_1_280' title='bbox 2298 1016 2412 1055; x_wconf 91' lang='lat' dir='ltr'>non</span> <span class='ocrx_word' id='word_1_281' title='bbox 2446 1002 2641 1053; x_wconf 88' lang='lat' dir='ltr'>autem</span> <span class='ocrx_word' id='word_1_282' title='bbox 2676 1013 2961 1052; x_wconf 90' lang='lat' dir='ltr'>meorum.</span> <span class='ocrx_word' id='word_1_283' title='bbox 2997 996 3098 1051; x_wconf 83' lang='lat' dir='ltr'>Hic</span> <span class='ocrx_word' id='word_1_284' title='bbox 3154 994 3299 1050; x_wconf 89' lang='lat' dir='ltr'>mihi</span> <span class='ocrx_word' id='word_1_285' title='bbox 3334 995 3585 1050; x_wconf 88' lang='lat' dir='ltr'>mundos</span> <span class='ocrx_word' id='word_1_286' title='bbox 3616 995 3735 1052; x_wconf 90' lang='lat' dir='ltr'>dis-</span> 
     </span>
    </p>
   </div>
   <div class='ocr_carea' id='block_1_39' title="bbox 2080 1084 3731 1160">
    <p class='ocr_par' dir='ltr' id='par_1_39' title="bbox 2080 1084 3731 1160">
     <span class='ocr_line' id='line_1_39' title="bbox 2080 1084 3731 1160; baseline -0.003 -17"><span class='ocrx_word' id='word_1_287' title='bbox 2080 1089 2316 1159; x_wconf 82' lang='lat' dir='ltr'>tinguit,</span> <span class='ocrx_word' id='word_1_288' title='bbox 2350 1093 2522 1160; x_wconf 90' lang='lat' dir='ltr'>atque</span> <span class='ocrx_word' id='word_1_289' title='bbox 2555 1087 2625 1141; x_wconf 91' lang='lat' dir='ltr'>ab</span> <span class='ocrx_word' id='word_1_290' title='bbox 2660 1086 2838 1141; x_wconf 89' lang='lat' dir='ltr'>altero</span> <span class='ocrx_word' id='word_1_291' title='bbox 2870 1086 3189 1141; x_wconf 91' lang='lat' dir='ltr'>abductum</span> <span class='ocrx_word' id='word_1_292' title='bbox 3244 1084 3408 1141; x_wconf 83' lang='lat' dir='ltr'>alteri</span> <span class='ocrx_word' id='word_1_293' title='bbox 3438 1084 3731 1157; x_wconf 88' lang='lat' dir='ltr'>adjungit.</span> 
     </span>
    </p>
   </div>
   <div class='ocr_carea' id='block_1_40' title="bbox 2079 1173 3738 1249">
    <p class='ocr_par' dir='ltr' id='par_1_40' title="bbox 2079 1173 3738 1249">
     <span class='ocr_line' id='line_1_40' title="bbox 2079 1173 3738 1249; baseline -0.003 -16"><span class='ocrx_word' id='word_1_294' title='bbox 2079 1178 2183 1233; x_wconf 85' lang='lat' dir='ltr'>Hic</span> <span class='ocrx_word' id='word_1_295' title='bbox 2217 1194 2307 1234; x_wconf 91' lang='lat' dir='ltr'>me</span> <span class='ocrx_word' id='word_1_296' title='bbox 2332 1181 2389 1233; x_wconf 92' lang='lat' dir='ltr'>et</span> <span class='ocrx_word' id='word_1_297' title='bbox 2427 1193 2530 1249; x_wconf 91' lang='lat' dir='ltr'>per</span> <span class='ocrx_word' id='word_1_298' title='bbox 2572 1176 2774 1231; x_wconf 86' lang='lat' dir='ltr'>dextra</span> <span class='ocrx_word' id='word_1_299' title='bbox 2829 1175 3076 1246; x_wconf 76' lang='lat' dir='ltr'>justitiaa</span> <span class='ocrx_word' id='word_1_300' title='bbox 3134 1191 3298 1231; x_wconf 89' lang='lat' dir='ltr'>arma</span> <span class='ocrx_word' id='word_1_301' title='bbox 3325 1175 3369 1211; x_wconf 76' lang='grc'>³⁸</span> <span class='ocrx_word' id='word_1_302' title='bbox 3399 1174 3599 1247; x_wconf 82' lang='lat' dir='ltr'>dirigit</span> <span class='ocrx_word' id='word_1_303' title='bbox 3628 1173 3738 1229; x_wconf 90' lang='lat' dir='ltr'>mi-</span> 
     </span>
    </p>
   </div>
   <div class='ocr_carea' id='block_1_41' title="bbox 2082 1262 3738 1335">
    <p class='ocr_par' dir='ltr' id='par_1_41' title="bbox 2082 1262 3738 1335">
     <span class='ocr_line' id='line_1_41' title="bbox 2082 1262 3738 1335; baseline -0.001 -14"><span class='ocrx_word' id='word_1_304' title='bbox 2082 1269 2239 1321; x_wconf 89' lang='lat' dir='ltr'>nime</span> <span class='ocrx_word' id='word_1_305' title='bbox 2271 1282 2362 1321; x_wconf 90' lang='lat' dir='ltr'>me</span> <span class='ocrx_word' id='word_1_306' title='bbox 2394 1266 2725 1321; x_wconf 73' lang='lat' dir='ltr'>efferentem</span> <span class='ocrx_word' id='word_1_307' title='bbox 2753 1280 2766 1329; x_wconf 91' lang='lat'><strong>;</strong></span> <span class='ocrx_word' id='word_1_308' title='bbox 2798 1268 2856 1319; x_wconf 91' lang='lat' dir='ltr'>et</span> <span class='ocrx_word' id='word_1_309' title='bbox 2887 1265 2945 1318; x_wconf 90' lang='lat' dir='ltr'>in</span> <span class='ocrx_word' id='word_1_310' title='bbox 2992 1264 3249 1320; x_wconf 82' lang='lat' dir='ltr'>sinistris</span> <span class='ocrx_word' id='word_1_311' title='bbox 3276 1270 3333 1319; x_wconf 90' lang='lat' dir='ltr'>et</span> <span class='ocrx_word' id='word_1_312' title='bbox 3379 1262 3600 1335; x_wconf 83' lang='lat' dir='ltr'>asperis</span> <span class='ocrx_word' id='word_1_313' title='bbox 3644 1279 3738 1319; x_wconf 88' lang='lat' dir='ltr'>re-</span> 
     </span>
    </p>
   </div>
   <div class='ocr_carea' id='block_1_42' title="bbox 2082 1353 3737 1426">
    <p class='ocr_par' dir='ltr' id='par_1_42' title="bbox 2082 1353 3737 1426">
     <span class='ocr_line' id='line_1_42' title="bbox 2082 1353 3737 1426; baseline -0.003 -14"><span class='ocrx_word' id='word_1_314' title='bbox 2082 1358 2194 1412; x_wconf 88' lang='lat' dir='ltr'>bus</span> <span class='ocrx_word' id='word_1_315' title='bbox 2227 1372 2456 1411; x_wconf 91' lang='lat' dir='ltr'>mecum</span> <span class='ocrx_word' id='word_1_316' title='bbox 2489 1354 2954 1426; x_wconf 90' lang='lat' dir='ltr'>philosophatur,</span> <span class='ocrx_word' id='word_1_317' title='bbox 2989 1370 3154 1425; x_wconf 89' lang='lat' dir='ltr'>spem</span> <span class='ocrx_word' id='word_1_318' title='bbox 3184 1371 3305 1425; x_wconf 66' lang='lat' dir='ltr'>qua</span> <span class='ocrx_word' id='word_1_319' title='bbox 3338 1369 3455 1409; x_wconf 87' lang='lat' dir='ltr'>non</span> <span class='ocrx_word' id='word_1_320' title='bbox 3485 1353 3737 1408; x_wconf 85' lang='lat' dir='ltr'>confun-</span> 
     </span>
    </p>
   </div>
   <div class='ocr_carea' id='block_1_43' title="bbox 2083 1441 3729 1514">
    <p class='ocr_par' dir='ltr' id='par_1_43' title="bbox 2083 1441 3729 1514">
     <span class='ocr_line' id='line_1_43' title="bbox 2083 1441 3729 1514; baseline -0.003 -13"><span class='ocrx_word' id='word_1_321' title='bbox 2083 1446 2168 1501; x_wconf 89' lang='lat' dir='ltr'>dit</span> <span class='ocrx_word' id='word_1_322' title='bbox 2197 1448 2262 1511; x_wconf 77' lang='grc'>³⁷,</span> <span class='ocrx_word' id='word_1_323' title='bbox 2297 1446 2633 1511; x_wconf 84' lang='lat' dir='ltr'>adnectens,</span> <span class='ocrx_word' id='word_1_324' title='bbox 2667 1459 2732 1499; x_wconf 92' lang='lat' dir='ltr'>ac</span> <span class='ocrx_word' id='word_1_325' title='bbox 2764 1459 3019 1514; x_wconf 61' lang='lat' dir='ltr'>presens</span> <span class='ocrx_word' id='word_1_326' title='bbox 3063 1458 3165 1513; x_wconf 90' lang='lat' dir='ltr'>per</span> <span class='ocrx_word' id='word_1_327' title='bbox 3204 1444 3468 1497; x_wconf 82' lang='lat' dir='ltr'>futurum</span> <span class='ocrx_word' id='word_1_328' title='bbox 3508 1441 3729 1497; x_wconf 88' lang='lat' dir='ltr'>levans.</span> 
     </span>
    </p>
   </div>
   <div class='ocr_carea' id='block_1_44' title="bbox 2082 1530 3729 1602">
    <p class='ocr_par' dir='ltr' id='par_1_44' title="bbox 2082 1530 3729 1602">
     <span class='ocr_line' id='line_1_44' title="bbox 2082 1530 3729 1602; baseline -0.003 -11"><span class='ocrx_word' id='word_1_329' title='bbox 2082 1535 2200 1591; x_wconf 93' lang='lat' dir='ltr'>Hoc</span> <span class='ocrx_word' id='word_1_330' title='bbox 2231 1552 2386 1590; x_wconf 90' lang='lat' dir='ltr'>nunc</span> <span class='ocrx_word' id='word_1_331' title='bbox 2416 1534 2589 1590; x_wconf 88' lang='lat' dir='ltr'>etiam</span> <span class='ocrx_word' id='word_1_332' title='bbox 2622 1533 2843 1588; x_wconf 89' lang='lat' dir='ltr'>amicos</span> <span class='ocrx_word' id='word_1_333' title='bbox 2875 1548 3035 1587; x_wconf 85' lang='lat' dir='ltr'>meos</span> <span class='ocrx_word' id='word_1_334' title='bbox 3062 1536 3120 1587; x_wconf 93' lang='lat' dir='ltr'>et</span> <span class='ocrx_word' id='word_1_335' title='bbox 3148 1532 3356 1587; x_wconf 82' lang='lat' dir='ltr'>fratres</span> <span class='ocrx_word' id='word_1_336' title='bbox 3386 1530 3628 1602; x_wconf 85' lang='lat' dir='ltr'>excipio,</span> <span class='ocrx_word' id='word_1_337' title='bbox 3662 1546 3729 1586; x_wconf 89' lang='lat' dir='ltr'>ac</span> 
     </span>
    </p>
   </div>
   <div class='ocr_carea' id='block_1_45' title="bbox 2084 1619 3729 1693">
    <p class='ocr_par' dir='ltr' id='par_1_45' title="bbox 2084 1619 3729 1693">
     <span class='ocr_line' id='line_1_45' title="bbox 2084 1619 3729 1693; baseline -0.002 -12"><span class='ocrx_word' id='word_1_338' title='bbox 2084 1624 2426 1681; x_wconf 82' lang='lat' dir='ltr'>rationalem</span> <span class='ocrx_word' id='word_1_339' title='bbox 2478 1639 2745 1679; x_wconf 89' lang='lat' dir='ltr'>mensam</span> <span class='ocrx_word' id='word_1_340' title='bbox 2793 1638 3055 1693; x_wconf 90' lang='lat' dir='ltr'>propono</span> <span class='ocrx_word' id='word_1_341' title='bbox 3103 1622 3147 1656; x_wconf 81' lang='grc'>³⁸</span> <span class='ocrx_word' id='word_1_342' title='bbox 3174 1664 3187 1689; x_wconf 86' lang='grc'><strong>,</strong></span> <span class='ocrx_word' id='word_1_343' title='bbox 3217 1626 3274 1677; x_wconf 92' lang='lat' dir='ltr'>et</span> <span class='ocrx_word' id='word_1_344' title='bbox 3313 1619 3614 1692; x_wconf 83' lang='lat' dir='ltr'>spirituale</span> <span class='ocrx_word' id='word_1_345' title='bbox 3661 1636 3729 1677; x_wconf 88' lang='lat' dir='ltr'>ac</span> 
     </span>
    </p>
   </div>
   <div class='ocr_carea' id='block_1_46' title="bbox 2084 1709 3730 1787">
    <p class='ocr_par' dir='ltr' id='par_1_46' title="bbox 2084 1709 3730 1787">
     <span class='ocr_line' id='line_1_46' title="bbox 2084 1709 3730 1787; baseline -0.004 -17"><span class='ocrx_word' id='word_1_346' title='bbox 2084 1730 2337 1787; x_wconf 89' lang='lat' dir='ltr'>perenne</span> <span class='ocrx_word' id='word_1_347' title='bbox 2364 1712 2638 1785; x_wconf 89' lang='lat' dir='ltr'>poculum</span> <span class='ocrx_word' id='word_1_348' title='bbox 2690 1716 2886 1767; x_wconf 89' lang='lat' dir='ltr'>statuo</span> <span class='ocrx_word' id='word_1_349' title='bbox 2922 1728 3081 1778; x_wconf 90' lang='lat' dir='ltr'>;non</span> <span class='ocrx_word' id='word_1_350' title='bbox 3129 1727 3196 1766; x_wconf 91' lang='lat' dir='ltr'>ea</span> <span class='ocrx_word' id='word_1_351' title='bbox 3234 1709 3451 1781; x_wconf 86' lang='lat' dir='ltr'>quibus</span> <span class='ocrx_word' id='word_1_352' title='bbox 3496 1712 3730 1764; x_wconf 88' lang='lat' dir='ltr'>terrena</span> 
     </span>
    </p>
   </div>
   <div class='ocr_carea' id='block_1_47' title="bbox 2082 1797 3731 1874">
    <p class='ocr_par' dir='ltr' id='par_1_47' title="bbox 2082 1797 3731 1874">
     <span class='ocr_line' id='line_1_47' title="bbox 2082 1797 3731 1874; baseline -0.004 -15"><span class='ocrx_word' id='word_1_353' title='bbox 2082 1804 2202 1859; x_wconf 62' lang='lat' dir='ltr'>haec</span> <span class='ocrx_word' id='word_1_354' title='bbox 2234 1819 2439 1859; x_wconf 89' lang='lat' dir='ltr'>mensa</span> <span class='ocrx_word' id='word_1_355' title='bbox 2462 1802 2667 1871; x_wconf 88' lang='lat' dir='ltr'>ventri,</span> <span class='ocrx_word' id='word_1_356' title='bbox 2701 1800 2801 1874; x_wconf 91' lang='lat' dir='ltr'>qui</span> <span class='ocrx_word' id='word_1_357' title='bbox 2832 1800 3155 1858; x_wconf 89' lang='lat' dir='ltr'>destruitur</span> <span class='ocrx_word' id='word_1_358' title='bbox 3183 1801 3247 1868; x_wconf 71' lang='lat'>3°,</span> <span class='ocrx_word' id='word_1_359' title='bbox 3272 1815 3377 1855; x_wconf 90' lang='lat' dir='ltr'>nec</span> <span class='ocrx_word' id='word_1_360' title='bbox 3408 1797 3600 1855; x_wconf 89' lang='lat' dir='ltr'>curari</span> <span class='ocrx_word' id='word_1_361' title='bbox 3630 1814 3731 1870; x_wconf 93' lang='lat' dir='ltr'>po-</span> 
     </span>
    </p>
   </div>
   <div class='ocr_carea' id='block_1_48' title="bbox 2081 1891 2574 1963">
    <p class='ocr_par' dir='ltr' id='par_1_48' title="bbox 2081 1891 2574 1963">
     <span class='ocr_line' id='line_1_48' title="bbox 2081 1891 2574 1963; baseline -0.004 -16"><span class='ocrx_word' id='word_1_362' title='bbox 2081 1896 2217 1963; x_wconf 87' lang='lat' dir='ltr'>test,</span> <span class='ocrx_word' id='word_1_363' title='bbox 2251 1891 2574 1948; x_wconf 85' lang='lat' dir='ltr'>blanditur.</span> 
     </span>
    </p>
   </div>
   <div class='ocr_carea' id='block_1_49' title="bbox 2150 1976 3734 2052">
    <p class='ocr_par' dir='ltr' id='par_1_49' title="bbox 2150 1976 3734 2052">
     <span class='ocr_line' id='line_1_49' title="bbox 2150 1976 3734 2052; baseline -0.005 -14"><span class='ocrx_word' id='word_1_364' title='bbox 2150 1984 2271 2038; x_wconf 89' lang='lat' dir='ltr'>VlI.</span> <span class='ocrx_word' id='word_1_365' title='bbox 2298 1982 2495 2049; x_wconf 90' lang='lat' dir='ltr'>Tacui,</span> <span class='ocrx_word' id='word_1_366' title='bbox 2528 1998 2667 2037; x_wconf 90' lang='lat' dir='ltr'>num</span> <span class='ocrx_word' id='word_1_367' title='bbox 2701 1982 2878 2036; x_wconf 89' lang='lat' dir='ltr'>etiam</span> <span class='ocrx_word' id='word_1_368' title='bbox 2910 1996 3143 2052; x_wconf 90' lang='lat' dir='ltr'>semper</span> <span class='ocrx_word' id='word_1_369' title='bbox 3182 1979 3385 2036; x_wconf 86' lang='lat' dir='ltr'>tacebo</span> <span class='ocrx_word' id='word_1_370' title='bbox 3420 1976 3734 2034; x_wconf 76' lang='lat' dir='ltr'>PSustinui</span> 
     </span>
    </p>
   </div>
   <div class='ocr_carea' id='block_1_50' title="bbox 2080 2066 3729 2143">
    <p class='ocr_par' dir='ltr' id='par_1_50' title="bbox 2080 2066 3729 2143">
     <span class='ocr_line' id='line_1_50' title="bbox 2080 2066 3729 2143; baseline -0.004 -15"><span class='ocrx_word' id='word_1_371' title='bbox 2080 2073 2233 2129; x_wconf 86' lang='lat' dir='ltr'>sicut</span> <span class='ocrx_word' id='word_1_372' title='bbox 2264 2073 2498 2143; x_wconf 87' lang='lat' dir='ltr'>pariens</span> <span class='ocrx_word' id='word_1_373' title='bbox 2519 2073 2583 2140; x_wconf 58' lang='grc' dir='ltr'><strong>ιο,</strong></span> <span class='ocrx_word' id='word_1_374' title='bbox 2609 2087 2751 2125; x_wconf 90' lang='lat' dir='ltr'>num</span> <span class='ocrx_word' id='word_1_375' title='bbox 2775 2070 2834 2124; x_wconf 92' lang='lat' dir='ltr'>in</span> <span class='ocrx_word' id='word_1_376' title='bbox 2859 2075 3202 2140; x_wconf 91' lang='lat' dir='ltr'>perpetuum</span> <span class='ocrx_word' id='word_1_377' title='bbox 3227 2068 3531 2123; x_wconf 86' lang='lat' dir='ltr'>sustinebo</span> <span class='ocrx_word' id='word_1_378' title='bbox 3550 2066 3578 2120; x_wconf 81' lang='lat'><strong>?</strong></span> <span class='ocrx_word' id='word_1_379' title='bbox 3601 2067 3729 2122; x_wconf 89' lang='lat' dir='ltr'>Ete-</span> 
     </span>
    </p>
   </div>
   <div class='ocr_carea' id='block_1_51' title="bbox 2082 2154 3724 2230">
    <p class='ocr_par' dir='ltr' id='par_1_51' title="bbox 2082 2154 3724 2230">
     <span class='ocr_line' id='line_1_51' title="bbox 2082 2154 3724 2230; baseline -0.004 -14"><span class='ocrx_word' id='word_1_380' title='bbox 2082 2162 2201 2216; x_wconf 90' lang='lat' dir='ltr'>nim</span> <span class='ocrx_word' id='word_1_381' title='bbox 2233 2161 2520 2216; x_wconf 74' lang='lat' dir='ltr'>Zacbariaa</span> <span class='ocrx_word' id='word_1_382' title='bbox 2572 2160 2808 2230; x_wconf 85' lang='lat' dir='ltr'>quidem</span> <span class='ocrx_word' id='word_1_383' title='bbox 2851 2159 3148 2214; x_wconf 89' lang='lat' dir='ltr'>silentium</span> <span class='ocrx_word' id='word_1_384' title='bbox 3196 2157 3389 2213; x_wconf 81' lang='lat' dir='ltr'>editus</span> <span class='ocrx_word' id='word_1_385' title='bbox 3436 2155 3495 2210; x_wconf 92' lang='lat' dir='ltr'>in</span> <span class='ocrx_word' id='word_1_386' title='bbox 3536 2154 3724 2210; x_wconf 88' lang='lat' dir='ltr'>lucem</span> 
     </span>
    </p>
   </div>
   <div class='ocr_carea' id='block_1_52' title="bbox 2079 2245 3728 2318">
    <p class='ocr_par' dir='ltr' id='par_1_52' title="bbox 2079 2245 3728 2318">
     <span class='ocr_line' id='line_1_52' title="bbox 2079 2245 3728 2318; baseline -0.005 -11"><span class='ocrx_word' id='word_1_387' title='bbox 2079 2251 2335 2307; x_wconf 85' lang='lat' dir='ltr'>Joannes</span> <span class='ocrx_word' id='word_1_388' title='bbox 2366 2251 2539 2307; x_wconf 91' lang='lat' dir='ltr'>solvit</span> <span class='ocrx_word' id='word_1_389' title='bbox 2557 2252 2624 2317; x_wconf 63' lang='lat'>‘1,</span> <span class='ocrx_word' id='word_1_390' title='bbox 2659 2265 2763 2305; x_wconf 88' lang='lat' dir='ltr'>nec</span> <span class='ocrx_word' id='word_1_391' title='bbox 2791 2250 2948 2304; x_wconf 88' lang='lat' dir='ltr'>enim</span> <span class='ocrx_word' id='word_1_392' title='bbox 2980 2248 3149 2303; x_wconf 88' lang='lat' dir='ltr'>Vocis</span> <span class='ocrx_word' id='word_1_393' title='bbox 3181 2251 3427 2318; x_wconf 84' lang='lat' dir='ltr'>patrem,</span> <span class='ocrx_word' id='word_1_394' title='bbox 3462 2261 3530 2301; x_wconf 89' lang='lat' dir='ltr'>ea</span> <span class='ocrx_word' id='word_1_395' title='bbox 3550 2245 3728 2315; x_wconf 88' lang='lat' dir='ltr'>prod-</span> 
     </span>
    </p>
   </div>
   <div class='ocr_carea' id='block_1_53' title="bbox 2082 2333 3732 2408">
    <p class='ocr_par' dir='ltr' id='par_1_53' title="bbox 2082 2333 3732 2408">
     <span class='ocr_line' id='line_1_53' title="bbox 2082 2333 3732 2408; baseline -0.006 -10"><span class='ocrx_word' id='word_1_396' title='bbox 2082 2346 2279 2408; x_wconf 83' lang='lat' dir='ltr'>eunte,</span> <span class='ocrx_word' id='word_1_397' title='bbox 2320 2340 2491 2396; x_wconf 83' lang='lat' dir='ltr'>silere</span> <span class='ocrx_word' id='word_1_398' title='bbox 2536 2338 2951 2405; x_wconf 90' lang='lat' dir='ltr'>conveniebat;</span> <span class='ocrx_word' id='word_1_399' title='bbox 2983 2353 3182 2392; x_wconf 91' lang='lat' dir='ltr'>verum</span> <span class='ocrx_word' id='word_1_400' title='bbox 3232 2342 3297 2390; x_wconf 93' lang='lat' dir='ltr'>ut</span> <span class='ocrx_word' id='word_1_401' title='bbox 3344 2350 3460 2390; x_wconf 89' lang='lat' dir='ltr'>non</span> <span class='ocrx_word' id='word_1_402' title='bbox 3510 2333 3732 2389; x_wconf 68' lang='lat' dir='ltr'>credita</span> 
     </span>
    </p>
   </div>
   <div class='ocr_carea' id='block_1_54' title="bbox 2023 2421 3727 2504">
    <p class='ocr_par' dir='ltr' id='par_1_54' title="bbox 2023 2421 3727 2504">
     <span class='ocr_line' id='line_1_54' title="bbox 2023 2421 3727 2504; baseline -0.005 -16"><span class='ocrx_word' id='word_1_403' title='bbox 2023 2432 2027 2437; x_wconf 77' lang='grc'><strong>’</strong></span> <span class='ocrx_word' id='word_1_404' title='bbox 2080 2432 2345 2504; x_wconf 84' lang='lat' dir='ltr'>linguam</span> <span class='ocrx_word' id='word_1_405' title='bbox 2376 2429 2815 2496; x_wconf 82' lang='lat' dir='ltr'>constrinxerat,</span> <span class='ocrx_word' id='word_1_406' title='bbox 2837 2428 2919 2483; x_wconf 90' lang='lat' dir='ltr'>ita</span> <span class='ocrx_word' id='word_1_407' title='bbox 2946 2426 3119 2482; x_wconf 87' lang='lat' dir='ltr'>etiam</span> <span class='ocrx_word' id='word_1_408' title='bbox 3151 2440 3383 2497; x_wconf 66' lang='lat' dir='ltr'>aequum</span> <span class='ocrx_word' id='word_1_409' title='bbox 3414 2421 3727 2491; x_wconf 71' lang='lat' dir='ltr'>erat,183</span> 
     </span>
    </p>
   </div>
   <div class='ocr_carea' id='block_1_55' title="bbox 2082 2512 3729 2588">
    <p class='ocr_par' dir='ltr' id='par_1_55' title="bbox 2082 2512 3729 2588">
     <span class='ocr_line' id='line_1_55' title="bbox 2082 2512 3729 2588; baseline -0.007 -10"><span class='ocrx_word' id='word_1_410' title='bbox 2082 2526 2149 2578; x_wconf 91' lang='lat' dir='ltr'>ut</span> <span class='ocrx_word' id='word_1_411' title='bbox 2181 2521 2471 2577; x_wconf 87' lang='lat' dir='ltr'>declarata</span> <span class='ocrx_word' id='word_1_412' title='bbox 2498 2519 2825 2573; x_wconf 86' lang='lat' dir='ltr'>libertatem</span> <span class='ocrx_word' id='word_1_413' title='bbox 2856 2518 3007 2588; x_wconf 91' lang='lat' dir='ltr'>patri</span> <span class='ocrx_word' id='word_1_414' title='bbox 3040 2516 3223 2582; x_wconf 89' lang='lat' dir='ltr'>daret,</span> <span class='ocrx_word' id='word_1_415' title='bbox 3257 2514 3350 2569; x_wconf 93' lang='lat' dir='ltr'>cui</span> <span class='ocrx_word' id='word_1_416' title='bbox 3382 2512 3729 2569; x_wconf 87' lang='lat' dir='ltr'>annuntiata</span> 
     </span>
    </p>
   </div>
   <div class='ocr_carea' id='block_1_56' title="bbox 2083 2601 3731 2680">
    <p class='ocr_par' dir='ltr' id='par_1_56' title="bbox 2083 2601 3731 2680">
     <span class='ocr_line' id='line_1_56' title="bbox 2083 2601 3731 2680; baseline -0.006 -15"><span class='ocrx_word' id='word_1_417' title='bbox 2083 2612 2291 2677; x_wconf 87' lang='lat' dir='ltr'>fuerat,</span> <span class='ocrx_word' id='word_1_418' title='bbox 2323 2614 2574 2680; x_wconf 87' lang='lat' dir='ltr'>nataque</span> <span class='ocrx_word' id='word_1_419' title='bbox 2605 2611 2694 2662; x_wconf 91' lang='lat' dir='ltr'>est</span> <span class='ocrx_word' id='word_1_420' title='bbox 2722 2622 2830 2662; x_wconf 75' lang='lat' dir='ltr'>vox</span> <span class='ocrx_word' id='word_1_421' title='bbox 2861 2605 3199 2671; x_wconf 90' lang='lat' dir='ltr'>etlucerna,</span> <span class='ocrx_word' id='word_1_422' title='bbox 3232 2602 3403 2658; x_wconf 89' lang='lat' dir='ltr'>Verbi</span> <span class='ocrx_word' id='word_1_423' title='bbox 3442 2601 3731 2671; x_wconf 90' lang='lat' dir='ltr'>Lucisque</span> 
     </span>
    </p>
   </div>
   <div class='ocr_carea' id='block_1_57' title="bbox 2083 2691 3725 2771">
    <p class='ocr_par' dir='ltr' id='par_1_57' title="bbox 2083 2691 3725 2771">
     <span class='ocr_line' id='line_1_57' title="bbox 2083 2691 3725 2771; baseline -0.006 -16"><span class='ocrx_word' id='word_1_424' title='bbox 2083 2697 2463 2771; x_wconf 67' lang='lat' dir='ltr'>praevia.Mihi</span> <span class='ocrx_word' id='word_1_425' title='bbox 2493 2714 2625 2753; x_wconf 90' lang='lat' dir='ltr'>vero</span> <span class='ocrx_word' id='word_1_426' title='bbox 2645 2696 2857 2768; x_wconf 63' lang='lat' dir='ltr'>linguai</span> <span class='ocrx_word' id='word_1_427' title='bbox 2878 2693 3175 2750; x_wconf 90' lang='lat' dir='ltr'>vinculum</span> <span class='ocrx_word' id='word_1_428' title='bbox 3210 2691 3477 2757; x_wconf 87' lang='lat' dir='ltr'>solvit,ac</span> <span class='ocrx_word' id='word_1_429' title='bbox 3505 2706 3725 2756; x_wconf 88' lang='lat' dir='ltr'>vocem,</span> 
     </span>
    </p>
   </div>
   <div class='ocr_carea' id='block_1_58' title="bbox 2081 2777 3726 2857">
    <p class='ocr_par' dir='ltr' id='par_1_58' title="bbox 2081 2777 3726 2857">
     <span class='ocr_line' id='line_1_58' title="bbox 2081 2777 3726 2857; baseline -0.007 -13"><span class='ocrx_word' id='word_1_430' title='bbox 2081 2790 2235 2844; x_wconf 63' lang='lat' dir='ltr'>tubas</span> <span class='ocrx_word' id='word_1_431' title='bbox 2276 2788 2482 2855; x_wconf 90' lang='lat' dir='ltr'>instar,</span> <span class='ocrx_word' id='word_1_432' title='bbox 2515 2785 2729 2841; x_wconf 88' lang='lat' dir='ltr'>attollit</span> <span class='ocrx_word' id='word_1_433' title='bbox 2776 2801 3033 2857; x_wconf 70' lang='lat' dir='ltr'>praesens</span> <span class='ocrx_word' id='word_1_434' title='bbox 3090 2780 3461 2847; x_wconf 87' lang='lat' dir='ltr'>beneﬁcium,</span> <span class='ocrx_word' id='word_1_435' title='bbox 3488 2782 3546 2835; x_wconf 90' lang='lat' dir='ltr'>et</span> <span class='ocrx_word' id='word_1_436' title='bbox 3596 2777 3726 2851; x_wconf 91' lang='lat' dir='ltr'>pul-</span> 
     </span>
    </p>
   </div>
   <div class='ocr_carea' id='block_1_59' title="bbox 2082 2868 3725 2941">
    <p class='ocr_par' dir='ltr' id='par_1_59' title="bbox 2082 2868 3725 2941">
     <span class='ocr_line' id='line_1_59' title="bbox 2082 2868 3725 2941; baseline -0.008 -6"><span class='ocrx_word' id='word_1_437' title='bbox 2082 2877 2440 2935; x_wconf 90' lang='lat' dir='ltr'>cherrimum</span> <span class='ocrx_word' id='word_1_438' title='bbox 2474 2876 2583 2931; x_wconf 94' lang='lat' dir='ltr'>hoc</span> <span class='ocrx_word' id='word_1_439' title='bbox 2612 2876 2931 2939; x_wconf 88' lang='lat' dir='ltr'>theatrum,</span> <span class='ocrx_word' id='word_1_440' title='bbox 2966 2873 3062 2927; x_wconf 90' lang='lat' dir='ltr'>Dei</span> <span class='ocrx_word' id='word_1_441' title='bbox 3113 2872 3238 2937; x_wconf 88' lang='lat' dir='ltr'>ﬁlii,</span> <span class='ocrx_word' id='word_1_442' title='bbox 3270 2870 3370 2941; x_wconf 90' lang='lat' dir='ltr'>qui</span> <span class='ocrx_word' id='word_1_443' title='bbox 3403 2868 3568 2940; x_wconf 91' lang='lat' dir='ltr'>prius</span> <span class='ocrx_word' id='word_1_444' title='bbox 3599 2868 3725 2923; x_wconf 89' lang='lat' dir='ltr'>dis-</span> 
     </span>
    </p>
   </div>
   <div class='ocr_carea' id='block_1_60' title="bbox 2086 2958 3727 3039">
    <p class='ocr_par' dir='ltr' id='par_1_60' title="bbox 2086 2958 3727 3039">
     <span class='ocr_line' id='line_1_60' title="bbox 2086 2958 3727 3039; baseline -0.006 -18"><span class='ocrx_word' id='word_1_445' title='bbox 2086 2968 2238 3039; x_wconf 90' lang='lat' dir='ltr'>persi</span> <span class='ocrx_word' id='word_1_446' title='bbox 2284 2970 2469 3029; x_wconf 88' lang='lat' dir='ltr'>erant,</span> <span class='ocrx_word' id='word_1_447' title='bbox 2502 2982 2659 3019; x_wconf 92' lang='lat' dir='ltr'>nunc</span> <span class='ocrx_word' id='word_1_448' title='bbox 2702 2965 2761 3018; x_wconf 90' lang='lat' dir='ltr'>in</span> <span class='ocrx_word' id='word_1_449' title='bbox 2815 2979 3001 3018; x_wconf 90' lang='lat' dir='ltr'>unum</span> <span class='ocrx_word' id='word_1_450' title='bbox 3049 2958 3384 3033; x_wconf 83' lang='lat' dir='ltr'>congregati</span> <span class='ocrx_word' id='word_1_451' title='bbox 3413 2960 3479 3024; x_wconf 56' lang='lat'>‘3,</span> <span class='ocrx_word' id='word_1_452' title='bbox 3513 2962 3570 3013; x_wconf 90' lang='lat' dir='ltr'>et</span> <span class='ocrx_word' id='word_1_453' title='bbox 3616 2958 3727 3012; x_wconf 91' lang='lat' dir='ltr'>sub</span> 
     </span>
    </p>
   </div>
   <div class='ocr_carea' id='block_1_61' title="bbox 2085 3048 3731 3124">
    <p class='ocr_par' dir='ltr' id='par_1_61' title="bbox 2085 3048 3731 3124">
     <span class='ocr_line' id='line_1_61' title="bbox 2085 3048 3731 3124; baseline -0.005 -15"><span class='ocrx_word' id='word_1_454' title='bbox 2085 3056 2295 3111; x_wconf 87' lang='lat' dir='ltr'>iisdem</span> <span class='ocrx_word' id='word_1_455' title='bbox 2328 3054 2436 3109; x_wconf 88' lang='lat' dir='ltr'>alis</span> <span class='ocrx_word' id='word_1_456' title='bbox 2460 3054 2913 3124; x_wconf 87' lang='lat' dir='ltr'>requiescentes,</span> <span class='ocrx_word' id='word_1_457' title='bbox 2934 3057 3109 3122; x_wconf 86' lang='lat' dir='ltr'>atque</span> <span class='ocrx_word' id='word_1_458' title='bbox 3130 3051 3189 3105; x_wconf 91' lang='lat' dir='ltr'>in</span> <span class='ocrx_word' id='word_1_459' title='bbox 3212 3051 3452 3105; x_wconf 88' lang='lat' dir='ltr'>domum</span> <span class='ocrx_word' id='word_1_460' title='bbox 3476 3048 3579 3102; x_wconf 91' lang='lat' dir='ltr'>Dei</span> <span class='ocrx_word' id='word_1_461' title='bbox 3600 3062 3731 3101; x_wconf 91' lang='lat' dir='ltr'>con-</span> 
     </span>
    </p>
   </div>
   <div class='ocr_carea' id='block_1_62' title="bbox 2086 3136 3735 3209">
    <p class='ocr_par' dir='ltr' id='par_1_62' title="bbox 2086 3136 3735 3209">
     <span class='ocr_line' id='line_1_62' title="bbox 2086 3136 3735 3209; baseline -0.006 -10"><span class='ocrx_word' id='word_1_462' title='bbox 2086 3144 2475 3200; x_wconf 87' lang='lat' dir='ltr'>sentientibus</span> <span class='ocrx_word' id='word_1_463' title='bbox 2506 3142 2719 3198; x_wconf 88' lang='lat' dir='ltr'>animis</span> <span class='ocrx_word' id='word_1_464' title='bbox 2750 3140 3122 3196; x_wconf 86' lang='lat' dir='ltr'>ambulantes</span> <span class='ocrx_word' id='word_1_465' title='bbox 3150 3140 3215 3209; x_wconf 68' lang='lat'>33,</span> <span class='ocrx_word' id='word_1_466' title='bbox 3241 3152 3473 3207; x_wconf 91' lang='lat' dir='ltr'>unoque</span> <span class='ocrx_word' id='word_1_467' title='bbox 3502 3136 3735 3190; x_wconf 89' lang='lat' dir='ltr'>virtutis</span> 
     </span>
    </p>
   </div>
   <div class='ocr_carea' id='block_1_63' title="bbox 2088 3225 3731 3305">
    <p class='ocr_par' dir='ltr' id='par_1_63' title="bbox 2088 3225 3731 3305">
     <span class='ocr_line' id='line_1_63' title="bbox 2088 3225 3731 3305; baseline -0.007 -16"><span class='ocrx_word' id='word_1_468' title='bbox 2088 3251 2153 3289; x_wconf 91' lang='lat' dir='ltr'>ac</span> <span class='ocrx_word' id='word_1_469' title='bbox 2186 3233 2427 3305; x_wconf 87' lang='lat' dir='ltr'>spiritus</span> <span class='ocrx_word' id='word_1_470' title='bbox 2474 3236 2755 3287; x_wconf 89' lang='lat' dir='ltr'>concentu</span> <span class='ocrx_word' id='word_1_471' title='bbox 2807 3230 2960 3285; x_wconf 90' lang='lat' dir='ltr'>inter</span> <span class='ocrx_word' id='word_1_472' title='bbox 3006 3246 3068 3284; x_wconf 90' lang='lat' dir='ltr'>se</span> <span class='ocrx_word' id='word_1_473' title='bbox 3107 3226 3459 3284; x_wconf 86' lang='lat' dir='ltr'>concordes:</span> <span class='ocrx_word' id='word_1_474' title='bbox 3494 3225 3731 3296; x_wconf 90' lang='lat' dir='ltr'>quando</span> 
     </span>
    </p>
   </div>
   <div class='ocr_carea' id='block_1_64' title="bbox 327 3308 1971 3393">
    <p class='ocr_par' dir='ltr' id='par_1_64' title="bbox 327 3308 1965 3390">
     <span class='ocr_line' id='line_1_64' title="bbox 327 3308 1965 3390; baseline 0.006 -27"><span class='ocrx_word' id='word_1_475' title='bbox 327 3329 421 3382; x_wconf 88' lang='grc' dir='ltr'>μεν</span> <span class='ocrx_word' id='word_1_476' title='bbox 483 3308 765 3380; x_wconf 76' lang='grc' dir='ltr'><strong>ἀλλήλους</strong></span> <span class='ocrx_word' id='word_1_477' title='bbox 809 3313 896 3367; x_wconf 81' lang='grc' dir='ltr'><strong>καὶ</strong></span> <span class='ocrx_word' id='word_1_478' title='bbox 948 3312 1171 3390; x_wconf 73' lang='grc' dir='ltr'><strong>ἄγομεν,</strong></span> <span class='ocrx_word' id='word_1_479' title='bbox 1220 3320 1475 3370; x_wconf 90' lang='grc' dir='ltr'><strong>τοσοῦτον</strong></span> <span class='ocrx_word' id='word_1_480' title='bbox 1524 3316 1629 3371; x_wconf 68' lang='grc' dir='ltr'>ὑπὸ</span> <span class='ocrx_word' id='word_1_481' title='bbox 1677 3323 1772 3372; x_wconf 88' lang='grc' dir='ltr'>τοῦ</span> <span class='ocrx_word' id='word_1_482' title='bbox 1803 3338 1965 3387; x_wconf 88' lang='grc' dir='ltr'><strong>πονη-</strong></span> 
     </span>
    </p>
   </div>
   <div class='ocr_carea' id='block_1_65' title="bbox 2085 3308 3733 3393">
    <p class='ocr_par' dir='ltr' id='par_1_65' title="bbox 2085 3316 3733 3393">
     <span class='ocr_line' id='line_1_65' title="bbox 2085 3316 3733 3393; baseline -0.006 -15"><span class='ocrx_word' id='word_1_483' title='bbox 2085 3340 2195 3378; x_wconf 91' lang='lat' dir='ltr'>non</span> <span class='ocrx_word' id='word_1_484' title='bbox 2221 3323 2346 3393; x_wconf 90' lang='lat' dir='ltr'>jam</span> <span class='ocrx_word' id='word_1_485' title='bbox 2380 3322 2477 3377; x_wconf 89' lang='lat' dir='ltr'>alii</span> <span class='ocrx_word' id='word_1_486' title='bbox 2513 3322 2792 3376; x_wconf 85' lang='lat' dir='ltr'>adversus</span> <span class='ocrx_word' id='word_1_487' title='bbox 2823 3318 2968 3374; x_wconf 86' lang='lat' dir='ltr'>alios</span> <span class='ocrx_word' id='word_1_488' title='bbox 3019 3317 3189 3373; x_wconf 90' lang='lat' dir='ltr'>dictis</span> <span class='ocrx_word' id='word_1_489' title='bbox 3242 3316 3480 3371; x_wconf 89' lang='lat' dir='ltr'>factisve</span> <span class='ocrx_word' id='word_1_490' title='bbox 3510 3330 3733 3385; x_wconf 84' lang='lat' dir='ltr'>pugna-</span> 
     </span>
    </p>
   </div>
   <div class='ocr_carea' id='block_1_66' title="bbox 324 3396 1971 3479">
    <p class='ocr_par' dir='ltr' id='par_1_66' title="bbox 324 3396 1971 3479">
     <span class='ocr_line' id='line_1_66' title="bbox 324 3396 1971 3479; baseline 0.007 -28"><span class='ocrx_word' id='word_1_491' title='bbox 324 3403 421 3473; x_wconf 89' lang='grc' dir='ltr'>ροῦ</span> <span class='ocrx_word' id='word_1_492' title='bbox 454 3396 770 3473; x_wconf 77' lang='grc' dir='ltr'><strong>κλαπέντες,</strong></span> <span class='ocrx_word' id='word_1_493' title='bbox 799 3403 832 3469; x_wconf 75' lang='grc' dir='ltr'><strong>ἢ</strong></span> <span class='ocrx_word' id='word_1_494' title='bbox 870 3403 1193 3477; x_wconf 78' lang='grc' dir='ltr'><strong>βιασθέντες,</strong></span> <span class='ocrx_word' id='word_1_495' title='bbox 1250 3405 1339 3458; x_wconf 77' lang='grc' dir='ltr'><strong>καὶ</strong></span> <span class='ocrx_word' id='word_1_496' title='bbox 1398 3406 1867 3476; x_wconf 79' lang='grc' dir='ltr'><strong>κατατοξευθέντες</strong></span> <span class='ocrx_word' id='word_1_497' title='bbox 1898 3410 1971 3479; x_wconf 88' lang='grc'>(5)</span> 
     </span>
    </p>
   </div>
   <div class='ocr_carea' id='block_1_67' title="bbox 322 3485 1967 3571">
    <p class='ocr_par' dir='ltr' id='par_1_67' title="bbox 322 3485 1967 3571">
     <span class='ocr_line' id='line_1_67' title="bbox 322 3485 1967 3571; baseline 0.004 -29"><span class='ocrx_word' id='word_1_498' title='bbox 322 3485 373 3542; x_wconf 73' lang='grc' dir='ltr'>έν</span> <span class='ocrx_word' id='word_1_499' title='bbox 426 3492 739 3563; x_wconf 78' lang='grc' dir='ltr'><strong>σκοτομήνῃ</strong></span> <span class='ocrx_word' id='word_1_500' title='bbox 786 3492 875 3545; x_wconf 82' lang='grc' dir='ltr'><strong>τὸν</strong></span> <span class='ocrx_word' id='word_1_501' title='bbox 927 3496 1076 3561; x_wconf 87' lang='grc' dir='ltr'><strong>νοῦν,</strong></span> <span class='ocrx_word' id='word_1_502' title='bbox 1133 3494 1192 3561; x_wconf 81' lang='grc' dir='ltr'><strong>ἣν</strong></span> <span class='ocrx_word' id='word_1_503' title='bbox 1248 3493 1406 3556; x_wconf 80' lang='grc' dir='ltr'><strong>αὐτὸς</strong></span> <span class='ocrx_word' id='word_1_504' title='bbox 1462 3498 1595 3567; x_wconf 73' lang='grc' dir='ltr'><strong>ἡμῖν</strong></span> <span class='ocrx_word' id='word_1_505' title='bbox 1648 3495 1967 3571; x_wconf 78' lang='grc' dir='ltr'><strong>ἐπήγειρεν·</strong></span> 
     </span>
    </p>
   </div>
   <div class='ocr_carea' id='block_1_68' title="bbox 319 3576 1969 3661">
    <p class='ocr_par' dir='ltr' id='par_1_68' title="bbox 319 3576 1969 3661">
     <span class='ocr_line' id='line_1_68' title="bbox 319 3576 1969 3661; baseline 0.005 -32"><span class='ocrx_word' id='word_1_506' title='bbox 319 3577 409 3630; x_wconf 86' lang='grc' dir='ltr'>καὶ</span> <span class='ocrx_word' id='word_1_507' title='bbox 439 3578 537 3631; x_wconf 85' lang='grc' dir='ltr'><strong>οὑκ</strong></span> <span class='ocrx_word' id='word_1_508' title='bbox 568 3576 669 3632; x_wconf 77' lang='grc' dir='ltr'>οἶδ’</span> <span class='ocrx_word' id='word_1_509' title='bbox 702 3578 785 3661; x_wconf 69' lang='grc' dir='ltr'><strong>ὅτι</strong></span> <span class='ocrx_word' id='word_1_510' title='bbox 840 3582 952 3655; x_wconf 78' lang='grc' dir='ltr'>χρὴ</span> <span class='ocrx_word' id='word_1_511' title='bbox 1006 3580 1205 3655; x_wconf 80' lang='grc' dir='ltr'><strong>λέγειν,</strong></span> <span class='ocrx_word' id='word_1_512' title='bbox 1260 3582 1397 3638; x_wconf 81' lang='grc' dir='ltr'><strong>ὥστε</strong></span> <span class='ocrx_word' id='word_1_513' title='bbox 1436 3586 1524 3639; x_wconf 83' lang='grc' dir='ltr'>καὶ</span> <span class='ocrx_word' id='word_1_514' title='bbox 1555 3590 1670 3646; x_wconf 84' lang='grc' dir='ltr'><strong>τοῖς</strong></span> <span class='ocrx_word' id='word_1_515' title='bbox 1704 3583 1969 3655; x_wconf 67' lang='grc' dir='ltr'><strong>ἀΛλῆλων</strong></span> 
     </span>
    </p>
   </div>
   <div class='ocr_carea' id='block_1_69' title="bbox 318 3666 1970 3746">
    <p class='ocr_par' dir='ltr' id='par_1_69' title="bbox 318 3666 1970 3746">
     <span class='ocr_line' id='line_1_69' title="bbox 318 3666 1970 3746; baseline 0.007 -28"><span class='ocrx_word' id='word_1_516' title='bbox 318 3672 503 3727; x_wconf 85' lang='grc' dir='ltr'><strong>κακοῖς</strong></span> <span class='ocrx_word' id='word_1_517' title='bbox 554 3666 1017 3744; x_wconf 76' lang='grc' dir='ltr'><strong>ἑπευφραίνεσθαι,</strong></span> <span class='ocrx_word' id='word_1_518' title='bbox 1078 3672 1166 3725; x_wconf 77' lang='grc' dir='ltr'><strong>καὶ</strong></span> <span class='ocrx_word' id='word_1_519' title='bbox 1228 3674 1303 3743; x_wconf 83' lang='grc' dir='ltr'>μή</span> <span class='ocrx_word' id='word_1_520' title='bbox 1353 3675 1598 3746; x_wconf 77' lang='grc' dir='ltr'><strong>νομίζειν</strong></span> <span class='ocrx_word' id='word_1_521' title='bbox 1647 3680 1743 3728; x_wconf 72' lang='grc' dir='ltr'>τοῦ</span> <span class='ocrx_word' id='word_1_522' title='bbox 1773 3677 1970 3736; x_wconf 86' lang='grc' dir='ltr'><strong>παντὸς</strong></span> 
     </span>
    </p>
   </div>
   <div class='ocr_carea' id='block_1_70' title="bbox 319 3755 1970 3829">
    <p class='ocr_par' dir='ltr' id='par_1_70' title="bbox 319 3755 1970 3829">
     <span class='ocr_line' id='line_1_70' title="bbox 319 3755 1970 3829; baseline 0.005 -21"><span class='ocrx_word' id='word_1_523' title='bbox 319 3755 450 3808; x_wconf 80' lang='grc' dir='ltr'><strong>εἶναι</strong></span> <span class='ocrx_word' id='word_1_524' title='bbox 486 3756 681 3829; x_wconf 83' lang='grc' dir='ltr'><strong>ζημίαν</strong></span> <span class='ocrx_word' id='word_1_525' title='bbox 709 3760 808 3825; x_wconf 78' lang='grc' dir='ltr'><strong>τὴν</strong></span> <span class='ocrx_word' id='word_1_526' title='bbox 836 3758 1101 3828; x_wconf 73' lang='grc' dir='ltr'><strong>ἀλλήλων</strong></span> <span class='ocrx_word' id='word_1_527' title='bbox 1147 3760 1437 3816; x_wconf 83' lang='grc' dir='ltr'><strong>κατάλυσιν</strong></span> <span class='ocrx_word' id='word_1_528' title='bbox 1464 3783 1475 3794; x_wconf 92' lang='grc'><strong>·</strong></span> <span class='ocrx_word' id='word_1_529' title='bbox 1514 3763 1603 3817; x_wconf 74' lang='grc' dir='ltr'><strong>ὅτε</strong></span> <span class='ocrx_word' id='word_1_530' title='bbox 1646 3762 1850 3825; x_wconf 83' lang='grc' dir='ltr'><strong>Ἰούδας</strong></span> <span class='ocrx_word' id='word_1_531' title='bbox 1882 3766 1970 3817; x_wconf 85' lang='grc' dir='ltr'>καὶ</span> 
     </span>
    </p>
   </div>
   <div class='ocr_carea' id='block_1_71' title="bbox 319 3844 1972 3927">
    <p class='ocr_par' dir='ltr' id='par_1_71' title="bbox 319 3844 1972 3927">
     <span class='ocr_line' id='line_1_71' title="bbox 319 3844 1972 3927; baseline 0.007 -30"><span class='ocrx_word' id='word_1_532' title='bbox 319 3844 537 3918; x_wconf 77' lang='grc' dir='ltr'><strong>Ἰσραὴλ</strong></span> <span class='ocrx_word' id='word_1_533' title='bbox 586 3846 816 3900; x_wconf 80' lang='grc' dir='ltr'><strong>τίθενται</strong></span> <span class='ocrx_word' id='word_1_534' title='bbox 868 3848 1078 3906; x_wconf 73' lang='grc' dir='ltr'><strong>ἑαυτοῖς</strong></span> <span class='ocrx_word' id='word_1_535' title='bbox 1127 3850 1305 3925; x_wconf 73' lang='grc' dir='ltr'><strong>ἀρχὴν</strong></span> <span class='ocrx_word' id='word_1_536' title='bbox 1370 3853 1515 3923; x_wconf 84' lang='grc' dir='ltr'><strong>μίαν,</strong></span> <span class='ocrx_word' id='word_1_537' title='bbox 1576 3853 1663 3907; x_wconf 85' lang='grc' dir='ltr'>καὶ</span> <span class='ocrx_word' id='word_1_538' title='bbox 1712 3860 1972 3927; x_wconf 85' lang='grc' dir='ltr'><strong>Ἰερουσα-</strong></span> 
     </span>
    </p>
   </div>
   <div class='ocr_carea' id='block_1_72' title="bbox 320 3932 1973 4015">
    <p class='ocr_par' dir='ltr' id='par_1_72' title="bbox 320 3932 1973 4015">
     <span class='ocr_line' id='line_1_72' title="bbox 320 3932 1973 4015; baseline 0.006 -28"><span class='ocrx_word' id='word_1_539' title='bbox 320 3932 443 4004; x_wconf 81' lang='grc' dir='ltr'><strong>λὴμ</strong></span> <span class='ocrx_word' id='word_1_540' title='bbox 472 3934 559 3988; x_wconf 81' lang='grc' dir='ltr'><strong>καὶ</strong></span> <span class='ocrx_word' id='word_1_541' title='bbox 612 3936 889 4009; x_wconf 81' lang='grc' dir='ltr'><strong>Σαμάρεια</strong></span> <span class='ocrx_word' id='word_1_542' title='bbox 945 3938 1079 4011; x_wconf 87' lang='grc' dir='ltr'><strong>πρὸς</strong></span> <span class='ocrx_word' id='word_1_543' title='bbox 1143 3938 1266 4010; x_wconf 88' lang='grc' dir='ltr'><strong>μίαν</strong></span> <span class='ocrx_word' id='word_1_544' title='bbox 1322 3942 1419 4007; x_wconf 81' lang='grc' dir='ltr'><strong>τήν</strong></span> <span class='ocrx_word' id='word_1_545' title='bbox 1465 3942 1571 3994; x_wconf 78' lang='grc' dir='ltr'>ἄνω</span> <span class='ocrx_word' id='word_1_546' title='bbox 1610 3940 1973 4015; x_wconf 73' lang='grc' dir='ltr'><strong>Ἰερουσαλὴμ</strong></span> 
     </span>
    </p>
   </div>
   <div class='ocr_carea' id='block_1_73' title="bbox 322 4024 1968 4102">
    <p class='ocr_par' dir='ltr' id='par_1_73' title="bbox 322 4024 1968 4102">
     <span class='ocr_line' id='line_1_73' title="bbox 322 4024 1968 4102; baseline 0.005 -26"><span class='ocrx_word' id='word_1_547' title='bbox 322 4024 660 4097; x_wconf 73' lang='grc' dir='ltr'><strong>συνάγονται,</strong></span> <span class='ocrx_word' id='word_1_548' title='bbox 692 4025 781 4078; x_wconf 83' lang='grc' dir='ltr'><strong>καὶ</strong></span> <span class='ocrx_word' id='word_1_549' title='bbox 831 4025 928 4080; x_wconf 83' lang='grc' dir='ltr'><strong>οὐκ</strong></span> <span class='ocrx_word' id='word_1_550' title='bbox 979 4025 1056 4081; x_wconf 77' lang='grc' dir='ltr'>ἔτι</span> <span class='ocrx_word' id='word_1_551' title='bbox 1105 4026 1344 4102; x_wconf 87' lang='grc' dir='ltr'><strong>Παύλου,</strong></span> <span class='ocrx_word' id='word_1_552' title='bbox 1402 4030 1489 4083; x_wconf 81' lang='grc' dir='ltr'><strong>καὶ</strong></span> <span class='ocrx_word' id='word_1_553' title='bbox 1541 4029 1822 4099; x_wconf 81' lang='grc' dir='ltr'><strong>’Δπολλῶ,</strong></span> <span class='ocrx_word' id='word_1_554' title='bbox 1881 4033 1968 4085; x_wconf 83' lang='grc' dir='ltr'><strong>καὶ</strong></span> 
     </span>
    </p>
   </div>
   <div class='ocr_carea' id='block_1_74' title="bbox 320 4114 1970 4195">
    <p class='ocr_par' dir='ltr' id='par_1_74' title="bbox 320 4114 1970 4195">
     <span class='ocr_line' id='line_1_74' title="bbox 320 4114 1970 4195; baseline 0.005 -30"><span class='ocrx_word' id='word_1_555' title='bbox 320 4117 498 4189; x_wconf 77' lang='grc' dir='ltr'><strong>Κηφᾶ,</strong></span> <span class='ocrx_word' id='word_1_556' title='bbox 534 4114 664 4189; x_wconf 75' lang='grc' dir='ltr'><strong>ὑπὶρ</strong></span> <span class='ocrx_word' id='word_1_557' title='bbox 695 4116 793 4182; x_wconf 84' lang='grc' dir='ltr'>ὧν,</span> <span class='ocrx_word' id='word_1_558' title='bbox 826 4117 913 4169; x_wconf 82' lang='grc' dir='ltr'>καὶ</span> <span class='ocrx_word' id='word_1_559' title='bbox 949 4117 1065 4169; x_wconf 86' lang='grc' dir='ltr'><strong>καθ’</strong></span> <span class='ocrx_word' id='word_1_560' title='bbox 1103 4118 1177 4170; x_wconf 84' lang='grc' dir='ltr'>ὧν</span> <span class='ocrx_word' id='word_1_561' title='bbox 1230 4120 1263 4187; x_wconf 84' lang='grc' dir='ltr'>ἠ</span> <span class='ocrx_word' id='word_1_562' title='bbox 1317 4119 1574 4195; x_wconf 79' lang='grc' dir='ltr'><strong>φυσίωσις</strong></span> <span class='ocrx_word' id='word_1_563' title='bbox 1625 4122 1722 4191; x_wconf 87' lang='grc'>(6),</span> <span class='ocrx_word' id='word_1_564' title='bbox 1780 4120 1970 4182; x_wconf 87' lang='grc' dir='ltr'><strong>πάντες</strong></span> 
     </span>
    </p>
   </div>
   <div class='ocr_carea' id='block_1_75' title="bbox 321 4198 1002 4278">
    <p class='ocr_par' dir='ltr' id='par_1_75' title="bbox 321 4198 1002 4278">
     <span class='ocr_line' id='line_1_75' title="bbox 321 4198 1002 4278; baseline 0.006 -23"><span class='ocrx_word' id='word_1_565' title='bbox 321 4198 380 4255; x_wconf 79' lang='grc' dir='ltr'>δὶ</span> <span class='ocrx_word' id='word_1_566' title='bbox 414 4204 649 4273; x_wconf 75' lang='grc' dir='ltr'><strong>Χριστοῦ</strong></span> <span class='ocrx_word' id='word_1_567' title='bbox 682 4203 1002 4278; x_wconf 86' lang='grc' dir='ltr'><strong>γεγόναμεν.</strong></span> 
     </span>
    </p>
   </div>
   <div class='ocr_carea' id='block_1_76' title="bbox 388 4566 1503 4634">
    <p class='ocr_par' dir='ltr' id='par_1_76' title="bbox 388 4566 1503 4634">
     <span class='ocr_line' id='line_1_76' title="bbox 388 4566 1503 4634; baseline 0.004 -13"><span class='ocrx_word' id='word_1_568' title='bbox 388 4567 510 4621; x_wconf 68' lang='lat' dir='ltr'>“Il</span> <span class='ocrx_word' id='word_1_569' title='bbox 568 4566 697 4621; x_wconf 88' lang='lat' dir='ltr'>Cor.</span> <span class='ocrx_word' id='word_1_570' title='bbox 756 4582 837 4632; x_wconf 83' lang='lat' dir='ltr'>v1,</span> <span class='ocrx_word' id='word_1_571' title='bbox 892 4568 947 4622; x_wconf 87' lang='lat'>7.</span> <span class='ocrx_word' id='word_1_572' title='bbox 1014 4569 1057 4603; x_wconf 79' lang='grc'>³⁷</span> <span class='ocrx_word' id='word_1_573' title='bbox 1113 4570 1279 4625; x_wconf 82' lang='lat' dir='ltr'>Rom.</span> <span class='ocrx_word' id='word_1_574' title='bbox 1338 4590 1391 4634; x_wconf 80' lang='lat' dir='ltr'>v.</span> <span class='ocrx_word' id='word_1_575' title='bbox 1450 4573 1503 4625; x_wconf 87' lang='lat'>5.</span> 
     </span>
    </p>
   </div>
   <div class='ocr_carea' id='block_1_77' title="bbox 2084 3403 3726 3483">
    <p class='ocr_par' dir='ltr' id='par_1_77' title="bbox 2084 3403 3726 3483">
     <span class='ocr_line' id='line_1_77' title="bbox 2084 3403 3726 3483; baseline -0.006 -17"><span class='ocrx_word' id='word_1_576' title='bbox 2084 3430 2237 3477; x_wconf 91' lang='lat' dir='ltr'>mus,</span> <span class='ocrx_word' id='word_1_577' title='bbox 2272 3429 2305 3467; x_wconf 91' lang='lat' dir='ltr'>a</span> <span class='ocrx_word' id='word_1_578' title='bbox 2337 3427 2512 3483; x_wconf 89' lang='lat' dir='ltr'>pravo</span> <span class='ocrx_word' id='word_1_579' title='bbox 2561 3409 2660 3464; x_wconf 89' lang='lat' dir='ltr'>illo</span> <span class='ocrx_word' id='word_1_580' title='bbox 2719 3409 3052 3479; x_wconf 90' lang='lat' dir='ltr'>usqueadeo</span> <span class='ocrx_word' id='word_1_581' title='bbox 3107 3405 3354 3476; x_wconf 90' lang='lat' dir='ltr'>decepti,</span> <span class='ocrx_word' id='word_1_582' title='bbox 3386 3404 3471 3459; x_wconf 91' lang='lat' dir='ltr'>vel</span> <span class='ocrx_word' id='word_1_583' title='bbox 3519 3403 3726 3471; x_wconf 87' lang='lat' dir='ltr'>coacti,</span> 
     </span>
    </p>
   </div>
   <div class='ocr_carea' id='block_1_78' title="bbox 2081 3490 3722 3572">
    <p class='ocr_par' dir='ltr' id='par_1_78' title="bbox 2081 3490 3722 3572">
     <span class='ocr_line' id='line_1_78' title="bbox 2081 3490 3722 3572; baseline -0.007 -17"><span class='ocrx_word' id='word_1_584' title='bbox 2081 3505 2256 3572; x_wconf 91' lang='lat' dir='ltr'>atque</span> <span class='ocrx_word' id='word_1_585' title='bbox 2287 3500 2344 3554; x_wconf 90' lang='lat' dir='ltr'>in</span> <span class='ocrx_word' id='word_1_586' title='bbox 2401 3517 2468 3554; x_wconf 89' lang='lat' dir='ltr'>ea</span> <span class='ocrx_word' id='word_1_587' title='bbox 2516 3498 2786 3570; x_wconf 88' lang='lat' dir='ltr'>caligine,</span> <span class='ocrx_word' id='word_1_588' title='bbox 2819 3512 2994 3568; x_wconf 89' lang='lat' dir='ltr'>quam</span> <span class='ocrx_word' id='word_1_589' title='bbox 3034 3496 3160 3568; x_wconf 91' lang='lat' dir='ltr'>ipse</span> <span class='ocrx_word' id='word_1_590' title='bbox 3217 3494 3387 3549; x_wconf 90' lang='lat' dir='ltr'>nobis</span> <span class='ocrx_word' id='word_1_591' title='bbox 3435 3490 3722 3555; x_wconf 89' lang='lat' dir='ltr'>excitavit,</span> 
     </span>
    </p>
   </div>
   <div class='ocr_carea' id='block_1_79' title="bbox 2082 3582 3726 3660">
    <p class='ocr_par' dir='ltr' id='par_1_79' title="bbox 2082 3582 3726 3660">
     <span class='ocr_line' id='line_1_79' title="bbox 2082 3582 3726 3660; baseline -0.007 -15"><span class='ocrx_word' id='word_1_592' title='bbox 2082 3594 2276 3645; x_wconf 90' lang='lat' dir='ltr'>mente</span> <span class='ocrx_word' id='word_1_593' title='bbox 2302 3592 2580 3660; x_wconf 86' lang='lat' dir='ltr'>tanquam</span> <span class='ocrx_word' id='word_1_594' title='bbox 2614 3588 2845 3659; x_wconf 87' lang='lat' dir='ltr'>sagittis</span> <span class='ocrx_word' id='word_1_595' title='bbox 2876 3586 3230 3657; x_wconf 85' lang='lat' dir='ltr'>quibusdem</span> <span class='ocrx_word' id='word_1_596' title='bbox 3271 3582 3479 3639; x_wconf 76' lang='lat' dir='ltr'>conﬁxi</span> <span class='ocrx_word' id='word_1_597' title='bbox 3506 3600 3518 3648; x_wconf 90' lang='lat'><strong>;</strong></span> <span class='ocrx_word' id='word_1_598' title='bbox 3553 3585 3726 3651; x_wconf 90' lang='lat' dir='ltr'>atque</span> 
     </span>
    </p>
   </div>
   <div class='ocr_carea' id='block_1_80' title="bbox 2081 3669 3725 3750">
    <p class='ocr_par' dir='ltr' id='par_1_80' title="bbox 2081 3669 3725 3750">
     <span class='ocr_line' id='line_1_80' title="bbox 2081 3669 3725 3750; baseline -0.007 -16"><span class='ocrx_word' id='word_1_599' title='bbox 2081 3696 2195 3750; x_wconf 93' lang='lat' dir='ltr'>quo</span> <span class='ocrx_word' id='word_1_600' title='bbox 2219 3678 2390 3733; x_wconf 90' lang='lat' dir='ltr'>verbo</span> <span class='ocrx_word' id='word_1_601' title='bbox 2423 3678 2708 3732; x_wconf 89' lang='lat' dir='ltr'>utendum</span> <span class='ocrx_word' id='word_1_602' title='bbox 2743 3676 2836 3744; x_wconf 89' lang='lat' dir='ltr'>sit,</span> <span class='ocrx_word' id='word_1_603' title='bbox 2869 3676 3083 3739; x_wconf 90' lang='lat' dir='ltr'>nescio,</span> <span class='ocrx_word' id='word_1_604' title='bbox 3117 3678 3181 3727; x_wconf 90' lang='lat' dir='ltr'>ut</span> <span class='ocrx_word' id='word_1_605' title='bbox 3210 3673 3384 3727; x_wconf 91' lang='lat' dir='ltr'>etiam</span> <span class='ocrx_word' id='word_1_606' title='bbox 3413 3688 3481 3726; x_wconf 84' lang='lat' dir='ltr'>ex</span> <span class='ocrx_word' id='word_1_607' title='bbox 3504 3669 3725 3723; x_wconf 89' lang='lat' dir='ltr'>mutuis</span> 
     </span>
    </p>
   </div>
   <div class='ocr_carea' id='block_1_81' title="bbox 2088 3757 3732 3838">
    <p class='ocr_par' dir='ltr' id='par_1_81' title="bbox 2088 3757 3732 3838">
     <span class='ocr_line' id='line_1_81' title="bbox 2088 3757 3732 3838; baseline -0.005 -16"><span class='ocrx_word' id='word_1_608' title='bbox 2088 3769 2261 3823; x_wconf 88' lang='lat' dir='ltr'>malis</span> <span class='ocrx_word' id='word_1_609' title='bbox 2289 3767 2647 3838; x_wconf 87' lang='lat' dir='ltr'>voluptatem</span> <span class='ocrx_word' id='word_1_610' title='bbox 2668 3780 3031 3835; x_wconf 88' lang='lat' dir='ltr'>caperemus,</span> <span class='ocrx_word' id='word_1_611' title='bbox 3056 3778 3243 3833; x_wconf 87' lang='lat' dir='ltr'>neque</span> <span class='ocrx_word' id='word_1_612' title='bbox 3265 3761 3409 3815; x_wconf 92' lang='lat' dir='ltr'>illud</span> <span class='ocrx_word' id='word_1_613' title='bbox 3439 3757 3732 3813; x_wconf 81' lang='lat' dir='ltr'>existima-</span> 
     </span>
    </p>
   </div>
   <div class='ocr_carea' id='block_1_82' title="bbox 2088 3848 3727 3923">
    <p class='ocr_par' dir='ltr' id='par_1_82' title="bbox 2088 3848 3727 3923">
     <span class='ocr_line' id='line_1_82' title="bbox 2088 3848 3727 3923; baseline -0.009 -11"><span class='ocrx_word' id='word_1_614' title='bbox 2088 3874 2309 3923; x_wconf 89' lang='lat' dir='ltr'>remus,</span> <span class='ocrx_word' id='word_1_615' title='bbox 2346 3861 2607 3911; x_wconf 91' lang='lat' dir='ltr'>mutuam</span> <span class='ocrx_word' id='word_1_616' title='bbox 2641 3853 3021 3919; x_wconf 89' lang='lat' dir='ltr'>eversionem,</span> <span class='ocrx_word' id='word_1_617' title='bbox 3054 3852 3233 3906; x_wconf 89' lang='lat' dir='ltr'>totius</span> <span class='ocrx_word' id='word_1_618' title='bbox 3264 3849 3523 3920; x_wconf 90' lang='lat' dir='ltr'>corporis</span> <span class='ocrx_word' id='word_1_619' title='bbox 3549 3848 3727 3901; x_wconf 75' lang='lat' dir='ltr'>detri-</span> 
     </span>
    </p>
   </div>
   <div class='ocr_carea' id='block_1_83' title="bbox 2082 3934 3731 4017">
    <p class='ocr_par' dir='ltr' id='par_1_83' title="bbox 2082 3934 3731 4017">
     <span class='ocr_line' id='line_1_83' title="bbox 2082 3934 3731 4017; baseline -0.008 -15"><span class='ocrx_word' id='word_1_620' title='bbox 2082 3951 2343 4002; x_wconf 90' lang='lat' dir='ltr'>mentum</span> <span class='ocrx_word' id='word_1_621' title='bbox 2378 3964 2444 4001; x_wconf 90' lang='lat' dir='ltr'>ac</span> <span class='ocrx_word' id='word_1_622' title='bbox 2466 3944 2781 4017; x_wconf 90' lang='lat' dir='ltr'>perniciem</span> <span class='ocrx_word' id='word_1_623' title='bbox 2806 3960 2935 3997; x_wconf 88' lang='lat' dir='ltr'>esse</span> <span class='ocrx_word' id='word_1_624' title='bbox 2958 3960 2969 3997; x_wconf 90' lang='lat'><strong>:</strong></span> <span class='ocrx_word' id='word_1_625' title='bbox 3005 3942 3239 4011; x_wconf 89' lang='lat' dir='ltr'>quando</span> <span class='ocrx_word' id='word_1_626' title='bbox 3260 3939 3447 3992; x_wconf 89' lang='lat' dir='ltr'>Judas</span> <span class='ocrx_word' id='word_1_627' title='bbox 3478 3941 3533 3991; x_wconf 90' lang='lat' dir='ltr'>et</span> <span class='ocrx_word' id='word_1_628' title='bbox 3555 3934 3731 3991; x_wconf 90' lang='lat' dir='ltr'>Israel</span> 
     </span>
    </p>
   </div>
   <div class='ocr_carea' id='block_1_84' title="bbox 2081 4024 3732 4108">
    <p class='ocr_par' dir='ltr' id='par_1_84' title="bbox 2081 4024 3732 4108">
     <span class='ocr_line' id='line_1_84' title="bbox 2081 4024 3732 4108; baseline -0.007 -18"><span class='ocrx_word' id='word_1_629' title='bbox 2081 4036 2474 4108; x_wconf 86' lang='lat' dir='ltr'>principatum</span> <span class='ocrx_word' id='word_1_630' title='bbox 2508 4050 2693 4088; x_wconf 89' lang='lat' dir='ltr'>unum</span> <span class='ocrx_word' id='word_1_631' title='bbox 2726 4031 2836 4087; x_wconf 90' lang='lat' dir='ltr'>sibi</span> <span class='ocrx_word' id='word_1_632' title='bbox 2865 4031 3179 4103; x_wconf 78' lang='lat' dir='ltr'>ponunt“,</span> <span class='ocrx_word' id='word_1_633' title='bbox 3203 4045 3267 4081; x_wconf 88' lang='lat' dir='ltr'>ac</span> <span class='ocrx_word' id='word_1_634' title='bbox 3289 4024 3648 4081; x_wconf 83' lang='lat' dir='ltr'>Hierusalem</span> <span class='ocrx_word' id='word_1_635' title='bbox 3674 4029 3732 4079; x_wconf 90' lang='lat' dir='ltr'>et</span> 
     </span>
    </p>
   </div>
   <div class='ocr_carea' id='block_1_85' title="bbox 2080 4114 3719 4193">
    <p class='ocr_par' dir='ltr' id='par_1_85' title="bbox 2080 4114 3719 4193">
     <span class='ocr_line' id='line_1_85' title="bbox 2080 4114 3719 4193; baseline -0.009 -12"><span class='ocrx_word' id='word_1_636' title='bbox 2080 4125 2347 4181; x_wconf 86' lang='lat' dir='ltr'>Samaria</span> <span class='ocrx_word' id='word_1_637' title='bbox 2376 4126 2445 4181; x_wconf 91' lang='lat' dir='ltr'>ad</span> <span class='ocrx_word' id='word_1_638' title='bbox 2482 4140 2658 4179; x_wconf 90' lang='lat' dir='ltr'>unam</span> <span class='ocrx_word' id='word_1_639' title='bbox 2686 4136 3003 4193; x_wconf 89' lang='lat' dir='ltr'>supernam</span> <span class='ocrx_word' id='word_1_640' title='bbox 3038 4115 3397 4173; x_wconf 81' lang='lat' dir='ltr'>Hierusalem</span> <span class='ocrx_word' id='word_1_641' title='bbox 3438 4114 3719 4185; x_wconf 89' lang='lat' dir='ltr'>colligun-</span> 
     </span>
    </p>
   </div>
   <div class='ocr_carea' id='block_1_86' title="bbox 2078 4205 3729 4285">
    <p class='ocr_par' dir='ltr' id='par_1_86' title="bbox 2078 4205 3729 4285">
     <span class='ocr_line' id='line_1_86' title="bbox 2078 4205 3729 4285; baseline -0.007 -17"><span class='ocrx_word' id='word_1_642' title='bbox 2078 4217 2195 4279; x_wconf 90' lang='lat' dir='ltr'>tur,</span> <span class='ocrx_word' id='word_1_643' title='bbox 2224 4230 2329 4269; x_wconf 89' lang='lat' dir='ltr'>nec</span> <span class='ocrx_word' id='word_1_644' title='bbox 2352 4214 2477 4285; x_wconf 89' lang='lat' dir='ltr'>jam</span> <span class='ocrx_word' id='word_1_645' title='bbox 2512 4212 2697 4279; x_wconf 88' lang='lat' dir='ltr'>Pauli,</span> <span class='ocrx_word' id='word_1_646' title='bbox 2727 4216 2784 4267; x_wconf 93' lang='lat' dir='ltr'>et</span> <span class='ocrx_word' id='word_1_647' title='bbox 2812 4208 3032 4279; x_wconf 87' lang='lat' dir='ltr'>Apollo,</span> <span class='ocrx_word' id='word_1_648' title='bbox 3064 4214 3119 4263; x_wconf 85' lang='lat' dir='ltr'>et</span> <span class='ocrx_word' id='word_1_649' title='bbox 3167 4205 3373 4278; x_wconf 63' lang='lat' dir='ltr'>Cephw</span> <span class='ocrx_word' id='word_1_650' title='bbox 3404 4205 3449 4239; x_wconf 75' lang='grc'><strong>⁸⁸</strong></span> <span class='ocrx_word' id='word_1_651' title='bbox 3492 4209 3729 4274; x_wconf 88' lang='lat' dir='ltr'>propter</span> 
     </span>
    </p>
   </div>
   <div class='ocr_carea' id='block_1_87' title="bbox 2079 4293 3729 4378">
    <p class='ocr_par' dir='ltr' id='par_1_87' title="bbox 2079 4293 3729 4378">
     <span class='ocr_line' id='line_1_87' title="bbox 2079 4293 3729 4378; baseline -0.008 -17"><span class='ocrx_word' id='word_1_652' title='bbox 2079 4309 2313 4378; x_wconf 87' lang='lat' dir='ltr'>quos,et</span> <span class='ocrx_word' id='word_1_653' title='bbox 2342 4305 2413 4359; x_wconf 91' lang='lat' dir='ltr'>de</span> <span class='ocrx_word' id='word_1_654' title='bbox 2442 4303 2661 4375; x_wconf 91' lang='lat' dir='ltr'>quibus</span> <span class='ocrx_word' id='word_1_655' title='bbox 2693 4300 3050 4356; x_wconf 80' lang='lat' dir='ltr'>inﬂabantur</span> <span class='ocrx_word' id='word_1_656' title='bbox 3080 4295 3492 4364; x_wconf 88' lang='lat' dir='ltr'>animi,verum</span> <span class='ocrx_word' id='word_1_657' title='bbox 3513 4293 3729 4352; x_wconf 86' lang='lat' dir='ltr'>Christi</span> 
     </span>
    </p>
   </div>
   <div class='ocr_carea' id='block_1_88' title="bbox 2082 4393 2715 4450">
    <p class='ocr_par' dir='ltr' id='par_1_88' title="bbox 2082 4393 2715 4450">
     <span class='ocr_line' id='line_1_88' title="bbox 2082 4393 2715 4450; baseline -0.006 0"><span class='ocrx_word' id='word_1_658' title='bbox 2082 4410 2287 4450; x_wconf 90' lang='lat' dir='ltr'>omnes</span> <span class='ocrx_word' id='word_1_659' title='bbox 2318 4393 2453 4449; x_wconf 83' lang='lat' dir='ltr'>facti</span> <span class='ocrx_word' id='word_1_660' title='bbox 2486 4408 2715 4448; x_wconf 84' lang='lat' dir='ltr'>sumus.</span> 
     </span>
    </p>
   </div>
   <div class='ocr_carea' id='block_1_89' title="bbox 1565 4566 1971 4643">
    <p class='ocr_par' dir='ltr' id='par_1_89' title="bbox 1565 4574 1971 4643">
     <span class='ocr_line' id='line_1_89' title="bbox 1565 4574 1971 4643; baseline 0.002 -15"><span class='ocrx_word' id='word_1_661' title='bbox 1565 4574 1608 4608; x_wconf 78' lang='grc'>³⁸</span> <span class='ocrx_word' id='word_1_662' title='bbox 1674 4574 1835 4629; x_wconf 89' lang='lat' dir='ltr'>Prov.</span> <span class='ocrx_word' id='word_1_663' title='bbox 1899 4592 1971 4643; x_wconf 81' lang='lat' dir='ltr'>Ix,</span> 
     </span>
    </p>
   </div>
   <div class='ocr_carea' id='block_1_90' title="bbox 2085 4566 3727 4643">
    <p class='ocr_par' dir='ltr' id='par_1_90' title="bbox 2136 4566 3727 4643">
     <span class='ocr_line' id='line_1_90' title="bbox 2136 4566 3727 4643; baseline -0.007 -11"><span class='ocrx_word' id='word_1_664' title='bbox 2136 4577 2181 4610; x_wconf 73' lang='lat'><strong>3’</strong></span> <span class='ocrx_word' id='word_1_665' title='bbox 2223 4576 2244 4631; x_wconf 93' lang='grc' dir='ltr'>Ι</span> <span class='ocrx_word' id='word_1_666' title='bbox 2300 4574 2427 4631; x_wconf 92' lang='lat' dir='ltr'>Cor.</span> <span class='ocrx_word' id='word_1_667' title='bbox 2486 4592 2564 4641; x_wconf 86' lang='lat' dir='ltr'>v1,</span> <span class='ocrx_word' id='word_1_668' title='bbox 2601 4576 2684 4629; x_wconf 91' lang='grc'>13.</span> <span class='ocrx_word' id='word_1_669' title='bbox 2746 4574 2791 4609; x_wconf 80' lang='grc'>⁴⁰</span> <span class='ocrx_word' id='word_1_670' title='bbox 2838 4578 2948 4640; x_wconf 90' lang='lat' dir='ltr'>Isa,</span> <span class='ocrx_word' id='word_1_671' title='bbox 2992 4589 3129 4643; x_wconf 70' lang='grc' dir='ltr'><strong>χιιι,</strong></span> <span class='ocrx_word' id='word_1_672' title='bbox 3162 4572 3248 4626; x_wconf 88' lang='grc'>14.</span> <span class='ocrx_word' id='word_1_673' title='bbox 3324 4570 3365 4605; x_wconf 78' lang='grc'>⁴¹</span> <span class='ocrx_word' id='word_1_674' title='bbox 3403 4570 3540 4625; x_wconf 93' lang='lat' dir='ltr'>Luc.</span> <span class='ocrx_word' id='word_1_675' title='bbox 3570 4584 3609 4633; x_wconf 88' lang='grc' dir='ltr'><strong>ι,</strong></span> <span class='ocrx_word' id='word_1_676' title='bbox 3639 4566 3727 4622; x_wconf 87' lang='grc'>20.</span> 
     </span>
    </p>
   </div>
   <div class='ocr_carea' id='block_1_91' title="bbox 314 4638 1971 4716">
    <p class='ocr_par' dir='ltr' id='par_1_91' title="bbox 314 4638 1971 4713">
     <span class='ocr_line' id='line_1_91' title="bbox 314 4638 1971 4713; baseline 0.004 -19"><span class='ocrx_word' id='word_1_677' title='bbox 314 4639 363 4673; x_wconf 65' lang='grc' dir='ltr'>δ’</span> <span class='ocrx_word' id='word_1_678' title='bbox 418 4639 585 4694; x_wconf 87' lang='lat' dir='ltr'>Joan.</span> <span class='ocrx_word' id='word_1_679' title='bbox 618 4654 697 4709; x_wconf 72' lang='grc' dir='ltr'><strong>χι,</strong></span> <span class='ocrx_word' id='word_1_680' title='bbox 727 4638 817 4693; x_wconf 85' lang='grc'>52.</span> <span class='ocrx_word' id='word_1_681' title='bbox 849 4638 894 4674; x_wconf 71' lang='grc'>⁸³</span> <span class='ocrx_word' id='word_1_682' title='bbox 924 4640 1078 4696; x_wconf 86' lang='lat' dir='ltr'>Psal.</span> <span class='ocrx_word' id='word_1_683' title='bbox 1104 4659 1215 4709; x_wconf 88' lang='lat' dir='ltr'>LIV,</span> <span class='ocrx_word' id='word_1_684' title='bbox 1246 4643 1331 4697; x_wconf 92' lang='grc'>15.</span> <span class='ocrx_word' id='word_1_685' title='bbox 1366 4645 1409 4678; x_wconf 66' lang='grc'><strong>⁸⁸</strong></span> <span class='ocrx_word' id='word_1_686' title='bbox 1440 4644 1568 4700; x_wconf 91' lang='lat' dir='ltr'>Ose.</span> <span class='ocrx_word' id='word_1_687' title='bbox 1604 4662 1643 4713; x_wconf 83' lang='grc' dir='ltr'><strong>ι,</strong></span> <span class='ocrx_word' id='word_1_688' title='bbox 1677 4647 1764 4701; x_wconf 91' lang='grc'>11.</span> <span class='ocrx_word' id='word_1_689' title='bbox 1797 4648 1841 4681; x_wconf 75' lang='grc' dir='ltr'>⁴δ</span> <span class='ocrx_word' id='word_1_690' title='bbox 1869 4648 1891 4702; x_wconf 91' lang='grc' dir='ltr'>Ι</span> <span class='ocrx_word' id='word_1_691' title='bbox 1922 4638 1971 4702; x_wconf 66' lang='grc' dir='ltr'>ω]</span> 
     </span>
    </p>
   </div>
   <div class='ocr_carea' id='block_1_92' title="bbox 2085 4638 2245 4716">
    <p class='ocr_par' dir='ltr' id='par_1_92' title="bbox 2085 4650 2245 4716">
     <span class='ocr_line' id='line_1_92' title="bbox 2085 4650 2245 4716; baseline -0.013 -12"><span class='ocrx_word' id='word_1_692' title='bbox 2085 4664 2167 4716; x_wconf 84' lang='lat' dir='ltr'>n1,</span> <span class='ocrx_word' id='word_1_693' title='bbox 2192 4650 2245 4702; x_wconf 88' lang='grc'>4.</span> 
     </span>
    </p>
   </div>
   <div class='ocr_carea' id='block_1_93' title="bbox 410 4834 2046 4923">
    <p class='ocr_par' dir='ltr' id='par_1_93' title="bbox 410 4834 2046 4923">
     <span class='ocr_line' id='line_1_93' title="bbox 410 4834 2046 4923; baseline 0.008 -35"><span class='ocrx_word' id='word_1_694' title='bbox 410 4834 501 4923; x_wconf 63' lang='lat' dir='ltr'>Ph)</span> <span class='ocrx_word' id='word_1_695' title='bbox 553 4834 917 4923; x_wconf 58' lang='grc' dir='ltr'><strong>Συνασθενεῖν.</strong></span> <span class='ocrx_word' id='word_1_696' title='bbox 972 4858 1001 4884; x_wconf 87' lang='grc'>‹‹</span> <span class='ocrx_word' id='word_1_697' title='bbox 1034 4837 1176 4893; x_wconf 90' lang='lat' dir='ltr'>Cum</span> <span class='ocrx_word' id='word_1_698' title='bbox 1237 4838 1468 4895; x_wconf 86' lang='lat' dir='ltr'>inﬁrmo</span> <span class='ocrx_word' id='word_1_699' title='bbox 1528 4842 1798 4899; x_wconf 89' lang='lat' dir='ltr'>inﬁrmus</span> <span class='ocrx_word' id='word_1_700' title='bbox 1856 4846 1967 4900; x_wconf 90' lang='lat' dir='ltr'>sim</span> <span class='ocrx_word' id='word_1_701' title='bbox 2000 4859 2046 4923; x_wconf 84' lang='lat' dir='ltr'><strong>D</strong></span> 
     </span>
    </p>
   </div>
   <div class='ocr_carea' id='block_1_94' title="bbox 317 4906 1115 4962">
    <p class='ocr_par' dir='ltr' id='par_1_94' title="bbox 317 4906 1115 4962">
     <span class='ocr_line' id='line_1_94' title="bbox 317 4906 1115 4962; baseline -0.005 -1"><span class='ocrx_word' id='word_1_702' title='bbox 317 4906 620 4961; x_wconf 85' lang='lat' dir='ltr'>inﬁrmum</span> <span class='ocrx_word' id='word_1_703' title='bbox 656 4921 747 4961; x_wconf 90' lang='lat' dir='ltr'>me</span> <span class='ocrx_word' id='word_1_704' title='bbox 773 4906 1054 4962; x_wconf 83' lang='lat' dir='ltr'>exibeam.</span> <span class='ocrx_word' id='word_1_705' title='bbox 1088 4931 1115 4959; x_wconf 86' lang='grc'><strong>››</strong></span> 
     </span>
    </p>
   </div>
   <div class='ocr_carea' id='block_1_95' title="bbox 390 4972 1651 5117">
    <p class='ocr_par' dir='ltr' id='par_1_95' title="bbox 390 4972 1651 5117">
     <span class='ocr_line' id='line_1_95' title="bbox 390 4972 1651 5117; baseline 0.008 -88"><span class='ocrx_word' id='word_1_706' title='bbox 390 4977 503 5117; x_wconf 77' lang='grc'>(95)</span> <span class='ocrx_word' id='word_1_707' title='bbox 533 4972 692 5063; x_wconf 74' lang='grc' dir='ltr'><strong>Ἀλλ’</strong></span> <span class='ocrx_word' id='word_1_708' title='bbox 721 4973 820 5029; x_wconf 76' lang='grc' dir='ltr'><strong>οὐκ</strong></span> <span class='ocrx_word' id='word_1_709' title='bbox 849 4975 1018 5064; x_wconf 66' lang='grc' dir='ltr'><strong>ἱμῶν.</strong></span> <span class='ocrx_word' id='word_1_710' title='bbox 1053 5002 1082 5030; x_wconf 90' lang='grc'>‹‹</span> <span class='ocrx_word' id='word_1_711' title='bbox 1117 4980 1255 5051; x_wconf 87' lang='lat' dir='ltr'>Reg.</span> <span class='ocrx_word' id='word_1_712' title='bbox 1284 4980 1382 5051; x_wconf 85' lang='lat' dir='ltr'>hu,</span> <span class='ocrx_word' id='word_1_713' title='bbox 1414 4982 1503 5035; x_wconf 87' lang='grc' dir='ltr'><strong>καὶ</strong></span> <span class='ocrx_word' id='word_1_714' title='bbox 1535 4982 1651 5039; x_wconf 83' lang='grc' dir='ltr'><strong>οὐκ.</strong></span> 
     </span>
     <span class='ocr_line' id='line_1_96' title="bbox 414 5047 1614 5117; baseline 0.008 -17"><span class='ocrx_word' id='word_1_715' title='bbox 414 5047 504 5109; x_wconf 87' lang='grc'>96)</span> <span class='ocrx_word' id='word_1_716' title='bbox 537 5048 637 5101; x_wconf 87' lang='grc' dir='ltr'><strong>Και</strong></span> <span class='ocrx_word' id='word_1_717' title='bbox 666 5066 1039 5117; x_wconf 73' lang='grc' dir='ltr'><strong>τραχυτεροις.</strong></span> <span class='ocrx_word' id='word_1_718' title='bbox 1074 5052 1246 5107; x_wconf 84' lang='lat' dir='ltr'>Deest</span> <span class='ocrx_word' id='word_1_719' title='bbox 1273 5052 1329 5107; x_wconf 89' lang='lat' dir='ltr'>in</span> <span class='ocrx_word' id='word_1_720' title='bbox 1363 5055 1535 5111; x_wconf 82' lang='lat' dir='ltr'>Coisl.</span> <span class='ocrx_word' id='word_1_721' title='bbox 1565 5058 1614 5110; x_wconf 89' lang='grc'>1.</span> 
     </span>
    </p>
   </div>
   <div class='ocr_carea' id='block_1_96' title="bbox 414 5047 1614 5122">
    <p class='ocr_par' dir='ltr' id='par_1_96' title="bbox 414 5047 1614 5122">
     <span class='ocr_line' id='line_1_97' title="bbox 414 5047 1614 5122; baseline 0.008 -22"><span class='ocrx_word' id='word_1_722' title='bbox 414 5047 504 5122; x_wconf 66' lang='grc'>96)</span> <span class='ocrx_word' id='word_1_723' title='bbox 537 5048 637 5101; x_wconf 84' lang='grc' dir='ltr'>Καὶ</span> <span class='ocrx_word' id='word_1_724' title='bbox 666 5047 1039 5122; x_wconf 19' lang='grc' dir='ltr'><strong>τραλχυτέροις.</strong></span> <span class='ocrx_word' id='word_1_725' title='bbox 1074 5047 1246 5107; x_wconf 69' lang='lat' dir='ltr'>Deest</span> <span class='ocrx_word' id='word_1_726' title='bbox 1273 5052 1329 5107; x_wconf 91' lang='lat' dir='ltr'>in</span> <span class='ocrx_word' id='word_1_727' title='bbox 1363 5047 1535 5111; x_wconf 85' lang='lat' dir='ltr'>Coisl.</span> <span class='ocrx_word' id='word_1_728' title='bbox 1565 5058 1614 5110; x_wconf 89' lang='grc'>1.</span> 
     </span>
    </p>
   </div>
   <div class='ocr_carea' id='block_1_97' title="bbox 313 5112 1965 5247">
    <p class='ocr_par' dir='ltr' id='par_1_97' title="bbox 313 5112 1965 5247">
     <span class='ocr_line' id='line_1_98' title="bbox 313 5112 1965 5247; baseline -0.005 -57"><span class='ocrx_word' id='word_1_729' title='bbox 313 5112 639 5247; x_wconf 52' lang='grc' dir='ltr'>ιίοίὲἔ)»Τῷ</span> <span class='ocrx_word' id='word_1_730' title='bbox 692 5112 976 5191; x_wconf 65' lang='grc' dir='ltr'><strong>μέλλοντι.</strong></span> <span class='ocrx_word' id='word_1_731' title='bbox 1035 5142 1057 5170; x_wconf 74' lang='grc' dir='ltr'>ε</span> <span class='ocrx_word' id='word_1_732' title='bbox 1119 5125 1320 5179; x_wconf 90' lang='lat' dir='ltr'>Futuri</span> <span class='ocrx_word' id='word_1_733' title='bbox 1384 5143 1487 5197; x_wconf 79' lang='lat' dir='ltr'>ape</span> <span class='ocrx_word' id='word_1_734' title='bbox 1542 5132 1599 5183; x_wconf 92' lang='lat' dir='ltr'>et</span> <span class='ocrx_word' id='word_1_735' title='bbox 1669 5133 1965 5201; x_wconf 83' lang='lat' dir='ltr'>exspecta-</span> 
     </span>
    </p>
   </div>
   <div class='ocr_carea' id='block_1_98' title="bbox 342 5206 556 5247">
    <p class='ocr_par' dir='ltr' id='par_1_98' title="bbox 342 5206 556 5247">
     <span class='ocr_line' id='line_1_99' title="bbox 342 5206 556 5247; baseline -0.014 -3"><span class='ocrx_word' id='word_1_736' title='bbox 342 5206 496 5247; x_wconf 82' lang='lat' dir='ltr'>ioue.</span> <span class='ocrx_word' id='word_1_737' title='bbox 528 5212 556 5241; x_wconf 78' lang='grc'><strong>»</strong></span> 
     </span>
    </p>
   </div>
   <div class='ocr_carea' id='block_1_99' title="bbox 388 5259 1965 5340">
    <p class='ocr_par' dir='ltr' id='par_1_99' title="bbox 388 5259 1965 5340">
     <span class='ocr_line' id='line_1_100' title="bbox 388 5259 1965 5340; baseline 0.006 -24"><span class='ocrx_word' id='word_1_738' title='bbox 388 5264 500 5334; x_wconf 82' lang='grc'>(98)</span> <span class='ocrx_word' id='word_1_739' title='bbox 544 5259 875 5337; x_wconf 82' lang='grc' dir='ltr'><strong>Προτίθημι,</strong></span> <span class='ocrx_word' id='word_1_740' title='bbox 935 5268 1046 5340; x_wconf 50' lang='lat' dir='ltr'>etc:</span> <span class='ocrx_word' id='word_1_741' title='bbox 1104 5271 1539 5340; x_wconf 79' lang='lat' dir='ltr'>«__Sermonum</span> <span class='ocrx_word' id='word_1_742' title='bbox 1598 5269 1965 5340; x_wconf 89' lang='lat' dir='ltr'>spiritualem</span> 
     </span>
    </p>
   </div>
   <div class='ocr_carea' id='block_1_100' title="bbox 314 5334 1963 5413">
    <p class='ocr_par' dir='ltr' id='par_1_100' title="bbox 314 5334 1963 5413">
     <span class='ocr_line' id='line_1_101' title="bbox 314 5334 1963 5413; baseline 0.007 -26"><span class='ocrx_word' id='word_1_743' title='bbox 314 5334 601 5413; x_wconf 68' lang='lat' dir='ltr'>mensam</span> <span class='ocrx_word' id='word_1_744' title='bbox 643 5352 897 5413; x_wconf 66' lang='lat' dir='ltr'>appono.</span> <span class='ocrx_word' id='word_1_745' title='bbox 936 5357 962 5382; x_wconf 83' lang='lat'>»</span> <span class='ocrx_word' id='word_1_746' title='bbox 994 5334 1085 5413; x_wconf 66' lang='lat' dir='ltr'>sic</span> <span class='ocrx_word' id='word_1_747' title='bbox 1143 5336 1410 5413; x_wconf 84' lang='lat' dir='ltr'>Nobilius</span> <span class='ocrx_word' id='word_1_748' title='bbox 1469 5358 1535 5395; x_wconf 82' lang='lat' dir='ltr'>ex</span> <span class='ocrx_word' id='word_1_749' title='bbox 1593 5334 1963 5413; x_wconf 71' lang='lat' dir='ltr'>Symmacho,</span> 
     </span>
    </p>
   </div>
   <div class='ocr_carea' id='block_1_101' title="bbox 311 5406 1965 5486">
    <p class='ocr_par' dir='ltr' id='par_1_101' title="bbox 311 5406 1965 5486">
     <span class='ocr_line' id='line_1_102' title="bbox 311 5406 1965 5486; baseline 0.005 -25"><span class='ocrx_word' id='word_1_750' title='bbox 311 5407 479 5486; x_wconf 51' lang='lat' dir='ltr'>Prov:</span> <span class='ocrx_word' id='word_1_751' title='bbox 534 5406 696 5486; x_wconf 37' lang='lat' dir='ltr'>1x3},</span> <span class='ocrx_word' id='word_1_752' title='bbox 738 5406 841 5486; x_wconf 68' lang='lat' dir='ltr'>ubi</span> <span class='ocrx_word' id='word_1_753' title='bbox 899 5407 1078 5486; x_wconf 80' lang='lat' dir='ltr'>semel</span> <span class='ocrx_word' id='word_1_754' title='bbox 1135 5415 1201 5486; x_wconf 36' lang='lat' dir='ltr'>et.</span> <span class='ocrx_word' id='word_1_755' title='bbox 1245 5409 1456 5486; x_wconf 84' lang='lat' dir='ltr'>iterum</span> <span class='ocrx_word' id='word_1_756' title='bbox 1518 5406 1837 5486; x_wconf 73' lang='grc' dir='ltr'><strong>προσέθηκε,</strong></span> <span class='ocrx_word' id='word_1_757' title='bbox 1864 5406 1965 5485; x_wconf 83' lang='lat' dir='ltr'>pro</span> 
     </span>
    </p>
   </div>
   <div class='ocr_carea' id='block_1_102' title="bbox 312 5477 1436 5552">
    <p class='ocr_par' dir='ltr' id='par_1_102' title="bbox 312 5477 1436 5552">
     <span class='ocr_line' id='line_1_103' title="bbox 312 5477 1436 5552; baseline 0.005 -22"><span class='ocrx_word' id='word_1_758' title='bbox 312 5477 612 5552; x_wconf 64' lang='grc' dir='ltr'><strong>προέθηκε.</strong></span> <span class='ocrx_word' id='word_1_759' title='bbox 641 5478 701 5533; x_wconf 74' lang='lat' dir='ltr'>In</span> <span class='ocrx_word' id='word_1_760' title='bbox 738 5477 875 5552; x_wconf 72' lang='lat' dir='ltr'>Reg.</span> <span class='ocrx_word' id='word_1_761' title='bbox 901 5495 953 5543; x_wconf 84' lang='lat' dir='ltr'>a,</span> <span class='ocrx_word' id='word_1_762' title='bbox 993 5480 1155 5552; x_wconf 85' lang='lat' dir='ltr'>deest</span> <span class='ocrx_word' id='word_1_763' title='bbox 1187 5477 1436 5552; x_wconf 83' lang='grc' dir='ltr'><strong>λογικήν.</strong></span> 
     </span>
    </p>
   </div>
   <div class='ocr_carea' id='block_1_103' title="bbox 390 5546 1738 5621">
    <p class='ocr_par' dir='ltr' id='par_1_103' title="bbox 390 5546 1738 5621">
     <span class='ocr_line' id='line_1_104' title="bbox 390 5546 1738 5621; baseline 0.009 -22"><span class='ocrx_word' id='word_1_764' title='bbox 390 5550 497 5616; x_wconf 81' lang='grc'>(99)</span> <span class='ocrx_word' id='word_1_765' title='bbox 531 5546 799 5605; x_wconf 77' lang='grc' dir='ltr'><strong>Ἀένναον.</strong></span> <span class='ocrx_word' id='word_1_766' title='bbox 828 5546 967 5621; x_wconf 76' lang='lat' dir='ltr'>Reg.</span> <span class='ocrx_word' id='word_1_767' title='bbox 1005 5550 1124 5614; x_wconf 91' lang='lat' dir='ltr'>bm,</span> <span class='ocrx_word' id='word_1_768' title='bbox 1158 5560 1212 5607; x_wconf 89' lang='lat' dir='ltr'>et</span> <span class='ocrx_word' id='word_1_769' title='bbox 1241 5546 1412 5608; x_wconf 82' lang='lat' dir='ltr'>Coisl.</span> <span class='ocrx_word' id='word_1_770' title='bbox 1447 5554 1498 5619; x_wconf 75' lang='grc'>1,</span> <span class='ocrx_word' id='word_1_771' title='bbox 1530 5553 1738 5611; x_wconf 78' lang='grc' dir='ltr'><strong>ἀέναον.</strong></span> 
     </span>
    </p>
   </div>
   <div class='ocr_carea' id='block_1_104' title="bbox 391 5620 1857 5689">
    <p class='ocr_par' dir='ltr' id='par_1_104' title="bbox 391 5620 1857 5689">
     <span class='ocr_line' id='line_1_105' title="bbox 391 5620 1857 5689; baseline 0.006 -16"><span class='ocrx_word' id='word_1_772' title='bbox 391 5622 469 5689; x_wconf 86' lang='grc'>(1)</span> <span class='ocrx_word' id='word_1_773' title='bbox 496 5624 557 5673; x_wconf 80' lang='grc' dir='ltr'>Ἡ</span> <span class='ocrx_word' id='word_1_774' title='bbox 589 5620 756 5673; x_wconf 68' lang='grc' dir='ltr'><strong>κάτω.</strong></span> <span class='ocrx_word' id='word_1_775' title='bbox 795 5642 820 5667; x_wconf 79' lang='grc' dir='ltr'>ί(</span> <span class='ocrx_word' id='word_1_776' title='bbox 854 5620 1126 5677; x_wconf 83' lang='lat' dir='ltr'>Terrena.</span> <span class='ocrx_word' id='word_1_777' title='bbox 1150 5645 1178 5671; x_wconf 89' lang='grc'>›)</span> <span class='ocrx_word' id='word_1_778' title='bbox 1213 5626 1436 5681; x_wconf 88' lang='lat' dir='ltr'>Billius.</span> <span class='ocrx_word' id='word_1_779' title='bbox 1472 5650 1497 5676; x_wconf 75' lang='grc' dir='ltr'>ι(</span> <span class='ocrx_word' id='word_1_780' title='bbox 1534 5627 1790 5683; x_wconf 74' lang='lat' dir='ltr'>inferior.</span> <span class='ocrx_word' id='word_1_781' title='bbox 1830 5649 1857 5674; x_wconf 70' lang='grc' dir='ltr'>υ</span> 
     </span>
    </p>
   </div>
   <div class='ocr_carea' id='block_1_105' title="bbox 316 5690 1961 5832">
    <p class='ocr_par' dir='ltr' id='par_1_105' title="bbox 316 5690 1961 5832">
     <span class='ocr_line' id='line_1_106' title="bbox 316 5690 1961 5832; baseline 0.005 -87"><span class='ocrx_word' id='word_1_782' title='bbox 316 5693 470 5832; x_wconf 30' lang='grc' dir='ltr'>(ἐξ)</span> <span class='ocrx_word' id='word_1_783' title='bbox 493 5690 634 5745; x_wconf 77' lang='grc' dir='ltr'><strong>Ὡσεὶ</strong></span> <span class='ocrx_word' id='word_1_784' title='bbox 692 5690 967 5747; x_wconf 87' lang='grc' dir='ltr'><strong>τίκτουσα.</strong></span> <span class='ocrx_word' id='word_1_785' title='bbox 1030 5693 1165 5765; x_wconf 84' lang='lat' dir='ltr'>Reg.</span> <span class='ocrx_word' id='word_1_786' title='bbox 1199 5695 1300 5767; x_wconf 87' lang='lat' dir='ltr'>hu,</span> <span class='ocrx_word' id='word_1_787' title='bbox 1333 5696 1504 5754; x_wconf 81' lang='lat' dir='ltr'>Cois].</span> <span class='ocrx_word' id='word_1_788' title='bbox 1566 5701 1616 5764; x_wconf 87' lang='grc'>1,</span> <span class='ocrx_word' id='word_1_789' title='bbox 1651 5701 1833 5756; x_wconf 78' lang='lat' dir='ltr'>Oxon.</span> <span class='ocrx_word' id='word_1_790' title='bbox 1867 5698 1961 5755; x_wconf 65' lang='grc' dir='ltr'>ΟΡ.</span> 
     </span>
    </p>
   </div>
   <div class='ocr_carea' id='block_1_106' title="bbox 2149 4838 3333 4915">
    <p class='ocr_par' dir='ltr' id='par_1_106' title="bbox 2149 4838 3333 4915">
     <span class='ocr_line' id='line_1_107' title="bbox 2149 4838 3333 4915; baseline -0.008 -16"><span class='ocrx_word' id='word_1_791' title='bbox 2149 4846 2226 4915; x_wconf 88' lang='grc'>(3)</span> <span class='ocrx_word' id='word_1_792' title='bbox 2260 4842 2457 4915; x_wconf 82' lang='grc' dir='ltr'><strong>Λόγου.</strong></span> <span class='ocrx_word' id='word_1_793' title='bbox 2494 4844 2671 4915; x_wconf 79' lang='lat' dir='ltr'>Regg.</span> <span class='ocrx_word' id='word_1_794' title='bbox 2706 4860 2757 4912; x_wconf 91' lang='lat' dir='ltr'>a,</span> <span class='ocrx_word' id='word_1_795' title='bbox 2791 4848 2848 4898; x_wconf 93' lang='lat' dir='ltr'>et</span> <span class='ocrx_word' id='word_1_796' title='bbox 2880 4843 2979 4911; x_wconf 90' lang='lat' dir='ltr'>hu,</span> <span class='ocrx_word' id='word_1_797' title='bbox 3009 4844 3105 4915; x_wconf 80' lang='grc' dir='ltr'>τοῦ</span> <span class='ocrx_word' id='word_1_798' title='bbox 3138 4838 3333 4915; x_wconf 54' lang='lat' dir='ltr'>Myos,</span> 
     </span>
    </p>
   </div>
   <div class='ocr_carea' id='block_1_107' title="bbox 2153 4906 3734 4987">
    <p class='ocr_par' dir='ltr' id='par_1_107' title="bbox 2153 4906 3734 4987">
     <span class='ocr_line' id='line_1_108' title="bbox 2153 4906 3734 4987; baseline -0.007 -17"><span class='ocrx_word' id='word_1_799' title='bbox 2153 4906 2229 4987; x_wconf 74' lang='grc'>(4)</span> <span class='ocrx_word' id='word_1_800' title='bbox 2287 4906 2786 4985; x_wconf 44' lang='grc' dir='ltr'><strong>Διὶσκορπιέᾖίέναλ</strong></span> <span class='ocrx_word' id='word_1_801' title='bbox 2848 4906 2989 4969; x_wconf 71' lang='lat' dir='ltr'>Tres</span> <span class='ocrx_word' id='word_1_802' title='bbox 3061 4906 3243 4977; x_wconf 72' lang='lat' dir='ltr'>Colb.,</span> <span class='ocrx_word' id='word_1_803' title='bbox 3301 4910 3417 4964; x_wconf 86' lang='lat' dir='ltr'>Or.</span> <span class='ocrx_word' id='word_1_804' title='bbox 3479 4911 3603 4962; x_wconf 90' lang='lat' dir='ltr'>etc.</span> <span class='ocrx_word' id='word_1_805' title='bbox 3660 4906 3734 4959; x_wconf 76' lang='grc' dir='ltr'>τὰ.</span> 
     </span>
    </p>
   </div>
   <div class='ocr_carea' id='block_1_108' title="bbox 2080 4984 2519 5056">
    <p class='ocr_par' dir='ltr' id='par_1_108' title="bbox 2080 4984 2519 5056">
     <span class='ocr_line' id='line_1_109' title="bbox 2080 4984 2519 5056; baseline 0 -16"><span class='ocrx_word' id='word_1_806' title='bbox 2080 4984 2519 5056; x_wconf 81' lang='grc' dir='ltr'><strong>διεσκορπιμένα.</strong></span> 
     </span>
    </p>
   </div>
   <div class='ocr_carea' id='block_1_109' title="bbox 2149 5049 3728 5129">
    <p class='ocr_par' dir='ltr' id='par_1_109' title="bbox 2149 5049 3728 5129">
     <span class='ocr_line' id='line_1_110' title="bbox 2149 5049 3728 5129; baseline -0.007 -14"><span class='ocrx_word' id='word_1_807' title='bbox 2149 5060 2225 5129; x_wconf 88' lang='grc'>(5)</span> <span class='ocrx_word' id='word_1_808' title='bbox 2265 5049 2377 5129; x_wconf 60' lang='grc' dir='ltr'><strong>καῖ’</strong></span> <span class='ocrx_word' id='word_1_809' title='bbox 2423 5054 3095 5129; x_wconf 22' lang='grc' dir='ltr'><strong>κατατοξευθέντεςκΗᾶέο</strong></span> <span class='ocrx_word' id='word_1_810' title='bbox 3154 5059 3212 5129; x_wconf 73' lang='lat' dir='ltr'>et</span> <span class='ocrx_word' id='word_1_811' title='bbox 3263 5049 3604 5129; x_wconf 41' lang='lat' dir='ltr'>sequentia-</span> <span class='ocrx_word' id='word_1_812' title='bbox 3627 5066 3728 5129; x_wconf 80' lang='lat' dir='ltr'>us-</span> 
     </span>
    </p>
   </div>
   <div class='ocr_carea' id='block_1_110' title="bbox 2077 5119 3724 5203">
    <p class='ocr_par' dir='ltr' id='par_1_110' title="bbox 2077 5119 3724 5203">
     <span class='ocr_line' id='line_1_111' title="bbox 2077 5119 3724 5203; baseline -0.005 -18"><span class='ocrx_word' id='word_1_813' title='bbox 2077 5119 2288 5203; x_wconf 44' lang='lat' dir='ltr'>qu‘e&#39;ad</span> <span class='ocrx_word' id='word_1_814' title='bbox 2318 5128 2474 5198; x_wconf 79' lang='grc' dir='ltr'><strong>ὣστε,</strong></span> <span class='ocrx_word' id='word_1_815' title='bbox 2507 5119 2649 5197; x_wconf 71' lang='grc' dir='ltr'><strong>οῐο.,’</strong></span> <span class='ocrx_word' id='word_1_816' title='bbox 2674 5130 2886 5184; x_wconf 85' lang='lat' dir='ltr'>desunt</span> <span class='ocrx_word' id='word_1_817' title='bbox 2923 5127 2982 5181; x_wconf 90' lang='lat' dir='ltr'>in</span> <span class='ocrx_word' id='word_1_818' title='bbox 3031 5129 3164 5197; x_wconf 80' lang='lat' dir='ltr'>Reg.</span> <span class='ocrx_word' id='word_1_819' title='bbox 3200 5125 3323 5193; x_wconf 89' lang='lat' dir='ltr'>bm,</span> <span class='ocrx_word' id='word_1_820' title='bbox 3347 5119 3536 5179; x_wconf 79' lang='lat' dir='ltr'>tribus</span> <span class='ocrx_word' id='word_1_821' title='bbox 3566 5119 3724 5177; x_wconf 76' lang='lat' dir='ltr'>Cslb.</span> 
     </span>
    </p>
   </div>
   <div class='ocr_carea' id='block_1_111' title="bbox 2077 5204 2258 5257">
    <p class='ocr_par' dir='ltr' id='par_1_111' title="bbox 2077 5204 2258 5257">
     <span class='ocr_line' id='line_1_112' title="bbox 2077 5204 2258 5257; baseline -0.006 0"><span class='ocrx_word' id='word_1_822' title='bbox 2077 5208 2133 5257; x_wconf 86' lang='lat' dir='ltr'>et</span> <span class='ocrx_word' id='word_1_823' title='bbox 2161 5204 2258 5257; x_wconf 90' lang='lat' dir='ltr'>Or.</span> 
     </span>
    </p>
   </div>
   <div class='ocr_carea' id='block_1_112' title="bbox 2152 5264 3726 5347">
    <p class='ocr_par' dir='ltr' id='par_1_112' title="bbox 2152 5264 3726 5347">
     <span class='ocr_line' id='line_1_113' title="bbox 2152 5264 3726 5347; baseline -0.006 -21"><span class='ocrx_word' id='word_1_824' title='bbox 2256 5272 2413 5347; x_wconf 70' lang='grc' dir='ltr'><strong>’Υπὲρ</strong></span> <span class='ocrx_word' id='word_1_825' title='bbox 2447 5270 2543 5347; x_wconf 80' lang='grc' dir='ltr'><strong>ὧν,</strong></span> <span class='ocrx_word' id='word_1_826' title='bbox 2574 5269 2673 5347; x_wconf 47' lang='grc' dir='ltr'>καί</span> <span class='ocrx_word' id='word_1_827' title='bbox 2715 5270 3108 5347; x_wconf 28' lang='grc' dir='ltr'><strong>καθἠὧνλρῐο.</strong></span> <span class='ocrx_word' id='word_1_828' title='bbox 3151 5291 3171 5316; x_wconf 79' lang='grc' dir='ltr'><strong>σι</strong></span> <span class='ocrx_word' id='word_1_829' title='bbox 3222 5266 3301 5347; x_wconf 80' lang='lat' dir='ltr'>D_e</span> <span class='ocrx_word' id='word_1_830' title='bbox 3360 5264 3575 5347; x_wconf 58' lang='lat' dir='ltr'>quibus</span> <span class='ocrx_word' id='word_1_831' title='bbox 3638 5264 3726 5344; x_wconf 75' lang='lat' dir='ltr'>in-</span> 
     </span>
    </p>
   </div>
   <div class='ocr_carea' id='block_1_113' title="bbox 2077 5335 3725 5415">
    <p class='ocr_par' dir='ltr' id='par_1_113' title="bbox 2077 5335 3725 5415">
     <span class='ocr_line' id='line_1_114' title="bbox 2077 5335 3725 5415; baseline -0.006 -16"><span class='ocrx_word' id='word_1_832' title='bbox 2077 5335 2256 5409; x_wconf 82' lang='lat' dir='ltr'>ﬂatio,</span> <span class='ocrx_word' id='word_1_833' title='bbox 2289 5351 2345 5399; x_wconf 90' lang='lat' dir='ltr'>et</span> <span class='ocrx_word' id='word_1_834' title='bbox 2376 5335 2547 5415; x_wconf 77' lang='lat' dir='ltr'>cujus</span> <span class='ocrx_word' id='word_1_835' title='bbox 2578 5342 2899 5399; x_wconf 83' lang='lat' dir='ltr'>inflationis</span> <span class='ocrx_word' id='word_1_836' title='bbox 2939 5335 3029 5415; x_wconf 81' lang='lat' dir='ltr'>illi</span> <span class='ocrx_word' id='word_1_837' title='bbox 3081 5337 3327 5415; x_wconf 79' lang='lat' dir='ltr'>occasio.</span> <span class='ocrx_word' id='word_1_838' title='bbox 3368 5335 3394 5385; x_wconf 67' lang='lat'>&gt;3</span> <span class='ocrx_word' id='word_1_839' title='bbox 3425 5338 3539 5415; x_wconf 84' lang='lat' dir='ltr'>Hoc</span> <span class='ocrx_word' id='word_1_840' title='bbox 3570 5335 3725 5414; x_wconf 84' lang='lat' dir='ltr'>enim</span> 
     </span>
    </p>
   </div>
   <div class='ocr_carea' id='block_1_114' title="bbox 2078 5410 3724 5478">
    <p class='ocr_par' dir='ltr' id='par_1_114' title="bbox 2078 5410 3724 5478">
     <span class='ocr_line' id='line_1_115' title="bbox 2078 5410 3724 5478; baseline -0.007 -7"><span class='ocrx_word' id='word_1_841' title='bbox 2078 5433 2253 5471; x_wconf 89' lang='lat' dir='ltr'>sensu</span> <span class='ocrx_word' id='word_1_842' title='bbox 2288 5410 2589 5471; x_wconf 73' lang='lat' dir='ltr'>/Escliines</span> <span class='ocrx_word' id='word_1_843' title='bbox 2612 5422 2670 5471; x_wconf 90' lang='lat' dir='ltr'>et</span> <span class='ocrx_word' id='word_1_844' title='bbox 2698 5413 3115 5469; x_wconf 86' lang='lat' dir='ltr'>Demosthenes</span> <span class='ocrx_word' id='word_1_845' title='bbox 3148 5410 3234 5465; x_wconf 86' lang='lat' dir='ltr'>usi</span> <span class='ocrx_word' id='word_1_846' title='bbox 3262 5414 3481 5474; x_wconf 87' lang='lat' dir='ltr'>sunt,et</span> <span class='ocrx_word' id='word_1_847' title='bbox 3503 5410 3724 5478; x_wconf 89' lang='lat' dir='ltr'>passim</span> 
     </span>
    </p>
   </div>
   <div class='ocr_carea' id='block_1_115' title="bbox 2078 5479 3723 5549">
    <p class='ocr_par' dir='ltr' id='par_1_115' title="bbox 2078 5479 3723 5549">
     <span class='ocr_line' id='line_1_116' title="bbox 2078 5479 3723 5549; baseline -0.007 -8"><span class='ocrx_word' id='word_1_848' title='bbox 2078 5492 2326 5543; x_wconf 89' lang='lat' dir='ltr'>utuntur</span> <span class='ocrx_word' id='word_1_849' title='bbox 2356 5488 2643 5543; x_wconf 82' lang='lat' dir='ltr'>dialectici</span> <span class='ocrx_word' id='word_1_850' title='bbox 2688 5487 2810 5541; x_wconf 88' lang='lat' dir='ltr'>Non</span> <span class='ocrx_word' id='word_1_851' title='bbox 2846 5485 3025 5549; x_wconf 72' lang='lat' dir='ltr'>igitur</span> <span class='ocrx_word' id='word_1_852' title='bbox 3045 5485 3188 5539; x_wconf 91' lang='lat' dir='ltr'>bene</span> <span class='ocrx_word' id='word_1_853' title='bbox 3219 5480 3444 5546; x_wconf 90' lang='lat' dir='ltr'>Billius,</span> <span class='ocrx_word' id='word_1_854' title='bbox 3471 5500 3498 5528; x_wconf 74' lang='grc' dir='ltr'><strong>ι(</strong></span> <span class='ocrx_word' id='word_1_855' title='bbox 3522 5479 3723 5533; x_wconf 79' lang='lat' dir='ltr'>adver—</span> 
     </span>
    </p>
   </div>
   <div class='ocr_carea' id='block_1_116' title="bbox 2077 5557 3721 5627">
    <p class='ocr_par' dir='ltr' id='par_1_116' title="bbox 2077 5557 3721 5627">
     <span class='ocr_line' id='line_1_117' title="bbox 2077 5557 3721 5627; baseline -0.015 -5"><span class='ocrx_word' id='word_1_856' title='bbox 2077 5576 2178 5615; x_wconf 71' lang='lat' dir='ltr'>sus</span> <span class='ocrx_word' id='word_1_857' title='bbox 2212 5575 2380 5627; x_wconf 73' lang='lat' dir='ltr'>QUOS,</span> <span class='ocrx_word' id='word_1_858' title='bbox 2414 5585 2440 5607; x_wconf 72' lang='grc' dir='ltr'>υ</span> <span class='ocrx_word' id='word_1_859' title='bbox 2476 5578 2577 5614; x_wconf 88' lang='lat' dir='ltr'>nec</span> <span class='ocrx_word' id='word_1_860' title='bbox 2620 5557 3067 5623; x_wconf 76' lang='lat' dir='ltr'>Leuveuklaius,</span> <span class='ocrx_word' id='word_1_861' title='bbox 3106 5578 3131 5609; x_wconf 75' lang='grc' dir='ltr'>α</span> <span class='ocrx_word' id='word_1_862' title='bbox 3163 5558 3364 5627; x_wconf 84' lang='lat' dir='ltr'>contra</span> <span class='ocrx_word' id='word_1_863' title='bbox 3394 5568 3560 5622; x_wconf 75' lang='lat' dir='ltr'>quos.</span> <span class='ocrx_word' id='word_1_864' title='bbox 3598 5574 3624 5627; x_wconf 55' lang='lat'>,3</span> <span class='ocrx_word' id='word_1_865' title='bbox 3660 5582 3721 5588; x_wconf 57' lang='lat'><strong><em>-—</em></strong></span> 
     </span>
    </p>
   </div>
   <div class='ocr_carea' id='block_1_117' title="bbox 2079 5622 3724 5700">
    <p class='ocr_par' dir='ltr' id='par_1_117' title="bbox 2079 5622 3724 5700">
     <span class='ocr_line' id='line_1_118' title="bbox 2079 5622 3724 5700; baseline -0.002 -20"><span class='ocrx_word' id='word_1_866' title='bbox 2079 5653 2107 5680; x_wconf 84' lang='lat'><strong>«</strong></span> <span class='ocrx_word' id='word_1_867' title='bbox 2138 5622 2302 5696; x_wconf 84' lang='lat' dir='ltr'>Nam,</span> <span class='ocrx_word' id='word_1_868' title='bbox 2332 5622 2452 5685; x_wconf 66' lang='grc' dir='ltr'><strong>»ιιι</strong></span> <span class='ocrx_word' id='word_1_869' title='bbox 2485 5631 2565 5686; x_wconf 92' lang='lat' dir='ltr'>ait</span> <span class='ocrx_word' id='word_1_870' title='bbox 2595 5632 2769 5696; x_wconf 87' lang='lat' dir='ltr'>Elias,</span> <span class='ocrx_word' id='word_1_871' title='bbox 2794 5652 2821 5681; x_wconf 82' lang='lat'><strong>«</strong></span> <span class='ocrx_word' id='word_1_872' title='bbox 2856 5646 2989 5700; x_wconf 86' lang='lat' dir='ltr'>pars</span> <span class='ocrx_word' id='word_1_873' title='bbox 3020 5622 3291 5700; x_wconf 72' lang='lat' dir='ltr'>quaelibet</span> <span class='ocrx_word' id='word_1_874' title='bbox 3321 5639 3422 5698; x_wconf 90' lang='lat' dir='ltr'>pro</span> <span class='ocrx_word' id='word_1_875' title='bbox 3453 5639 3559 5679; x_wconf 86' lang='lat' dir='ltr'>suo</span> <span class='ocrx_word' id='word_1_876' title='bbox 3593 5622 3724 5677; x_wconf 68' lang='lat' dir='ltr'>cloc-</span> 
     </span>
    </p>
   </div>
   <div class='ocr_carea' id='block_1_118' title="bbox 2078 5702 2624 5761">
    <p class='ocr_par' dir='ltr' id='par_1_118' title="bbox 2078 5702 2624 5761">
     <span class='ocr_line' id='line_1_119' title="bbox 2078 5702 2624 5761; baseline -0.004 -2"><span class='ocrx_word' id='word_1_877' title='bbox 2078 5706 2203 5760; x_wconf 89' lang='lat' dir='ltr'>tore</span> <span class='ocrx_word' id='word_1_878' title='bbox 2232 5702 2566 5761; x_wconf 85' lang='lat' dir='ltr'>inﬂabatur.</span> <span class='ocrx_word' id='word_1_879' title='bbox 2601 5727 2624 5757; x_wconf 78' lang='grc' dir='ltr'>ι</span> 
     </span>
    </p>
   </div>
  </div>
