4146 6290
408 411 519 472 731

1650 412 1713 471 S.
1765 409 2140 471 GREGORII
2183 409 2580 472 THEOLOGI

3703 411 3820 472 732

475 541 623 597 VIII.
655 541 939 604 Quoniam
973 546 1191 607 autem,
1215 547 1267 599 et
1301 560 1413 613 me,
1435 548 1489 599 et
1515 558 1849 601 sermonem
1879 542 2054 597 habe-

2238 541 2317 598 H'.
2349 538 2509 597 Ἀλλ’
2557 539 2743 611 ἐπειδὴ
2794 542 2971 615 κάμὲ,
3016 542 3106 596 καὶ
3151 542 3241 595 τὸν
3293 537 3455 616 λογον
3505 537 3682 617 ἔχετε,
3730 532 3820 597 καὶ

406 631 575 697 tis,ac
598 634 836 702 propter
863 630 1210 687 charitatem
1230 632 1385 688 haud
1408 632 1587 689 invito
1619 650 1685 689 ac
1703 632 2053 705 repugnanti

402 720 517 776 vim
551 718 854 788 attulistis,
886 720 1113 791 loquar,
1147 722 1253 777 etsi
1285 739 1455 793 aegre,
1491 723 1725 795 quando
1773 722 2054 793 itajube-

403 808 479 863 tis
506 825 517 861 :
544 813 600 863 et
628 809 865 880 quidem
898 825 965 864 ea
995 811 1362 881 loquar,qum
1396 812 1466 865 ad
1490 812 1640 882 grati
1663 810 1845 865 animi
1870 809 2051 882 signi-

404 896 732 953 ﬁcationem
772 906 824 953 et
872 899 1331 955 admonitionem
1392 905 1672 972 spectent.
1704 902 1781 955 Ac
1841 898 2054 971 gratia-

403 1003 533 1043 rum
566 988 803 1058 quidem
849 988 997 1042 actio
1046 989 1153 1043 erit
1207 989 1577 1059 hujusmodi.
1614 991 1743 1057 Quis
1800 986 2059 1059 loquatur

399 1078 671 1148 potentias
701 1078 929 1131 Domini
957 1078 1041 1131 ‘6?
1068 1078 1206 1140 Quis
1238 1078 1471 1133 laudem
1496 1080 1771 1134 omnibus
1794 1096 2055 1133 commu-

403 1182 559 1236 nem,
592 1166 649 1221 in
683 1166 947 1221 omnium
994 1167 1235 1221 auribus
1281 1169 1540 1241 deliget?
1575 1169 1852 1240 quoniam
1904 1170 2054 1222 facta

402 1258 542 1311 sunt
572 1259 816 1327 utraque
848 1272 1053 1320 unum,
1078 1260 1134 1310 et
1168 1257 1396 1311 medius
1429 1258 1618 1328 paries
1647 1257 1914 1312 maceriae
1934 1257 2054 1312 dis-

400 1342 629 1399 solutus
662 1348 751 1399 est
775 1346 837 1397 ‘7.
868 1344 1151 1409 Quoniam
1210 1346 1416 1415 fecisti,
1446 1351 1511 1399 ut
1551 1347 1676 1415 jam
1717 1363 1831 1400 non
1865 1345 2053 1401 simus

398 1431 749 1505 parabolain
776 1434 1393 1504 gentibus,commotio
1416 1435 1623 1505 capitis
1647 1436 1704 1488 in
1737 1435 2047 1506 populis“:

398 1522 675 1594 quoniam
700 1520 985 1577 hactenus
1019 1539 1125 1576 nos
1168 1522 1443 1589 aﬂlixisti,
1479 1528 1543 1577 ut
1574 1540 1674 1594 per
1716 1523 2051 1588 dissidium,

399 1615 688 1683 quantum
723 1611 882 1682 pacis
912 1612 1131 1666 bonum
1165 1616 1321 1667 esset
1359 1611 1820 1683 intelligeremus
1842 1631 1853 1678 ;
1879 1616 2054 1683 atque

399 1698 565 1755 illato
597 1698 884 1765 dolore,in
920 1700 1235 1771 pristinum
1269 1705 1491 1755 statum
1527 1718 1632 1755 nos
1662 1700 1997 1755 restituisti:
2022 1717 2052 1754 ο

402 1802 612 1845 novam
628 1788 1023 1843 etmirandam
1037 1790 1303 1844 medendi
1320 1790 1826 1860 rationemlutpote
1839 1790 1937 1861 qui
1954 1806 2055 1860 per

400 1877 785 1947 odium,quod
803 1878 1000 1933 statim
1020 1879 1387 1933 detestationi
1408 1879 1825 1949 habuimus,ad
1850 1896 2051 1950 pacem

403 1982 513 2023 nos
528 1966 869 2033 erudiveris,
895 1983 958 2022 ac
973 1969 1329 2023 contrarium
1354 1985 1456 2039 per
1478 1970 1836 2023 contrarium
1853 1986 2055 2040 procu-

407 2055 645 2123 raveris,
672 2055 910 2127 perinde
924 2060 1099 2127 atque
1113 2057 1221 2111 hac
1244 2058 1313 2111 de
1328 2058 1774 2129 causadisjungi
1794 2075 1897 2113 nos
1921 2076 2053 2131 pas-

407 2148 603 2215 sus,ut
625 2145 1071 2201 ferventioribus
1095 2147 1310 2201 animis
1334 2148 1403 2201 ad
1426 2147 1695 2218 nosipsos
1717 2165 2054 2204 accurrere-

404 2251 559 2303 mus;
578 2251 687 2289 non
709 2252 878 2290 secus
901 2252 964 2290 ac
988 2235 1356 2307 plantae,quae
1380 2236 1428 2291 si
1446 2237 1720 2291 manibus
1742 2255 1846 2309 per
1863 2238 2053 2293 vimin

402 2323 698 2380 diversum
746 2324 1060 2379 trahantur
1113 2342 1177 2380 ac
1224 2326 1433 2380 deinde
1482 2323 1767 2395 laxentur,
1815 2344 2052 2383 rursum

404 2413 560 2470 184
592 2414 663 2469 ad
695 2429 821 2469 sese
847 2417 903 2468 et
934 2414 1182 2485 primam
1217 2432 1382 2469 suam
1421 2426 1693 2470 naturam
1721 2422 2053 2485 recurrunt,

405 2502 582 2573 idque
614 2501 725 2556 sibi
757 2502 1057 2573 proprium
1091 2520 1220 2557 esse
1250 2505 1586 2574 ostendunt,
1622 2508 1685 2558 ut
1730 2505 1783 2559 vi
1817 2506 2051 2576 quidem

404 2591 799 2659 inﬂectantur,
818 2595 1023 2661 sponte
1054 2596 1248 2647 autem
1281 2593 1600 2664 erigantur,
1626 2594 1903 2664 quoniam
1936 2614 2052 2651 non

398 2680 523 2752 jam
556 2696 766 2736 manus
794 2682 1161 2749 oculum,nec
1192 2682 1395 2737 oculus
1426 2699 1667 2738 manum
1693 2686 2049 2753 contemnit;

404 2770 683 2841 quoniam
716 2774 891 2842 caput
922 2787 1036 2825 non
1073 2772 1200 2841 jam
1250 2772 1528 2827 adversus
1568 2774 1747 2845 pedes
1777 2774 2049 2846 insurgit,

402 2875 507 2915 nec
534 2860 709 2931 pedes
740 2876 773 2914 a
802 2860 989 2931 capite
1010 2860 1557 2929 abelienantur,non
1587 2866 1708 2916 tam
1740 2863 2050 2918 detrimen-

402 2952 527 3004 tum
558 2948 896 3013 inferentes,
923 2966 1099 3021 quam
1133 2950 1483 3022 accipientes
1514 2968 1582 3006 ex
1612 2952 1837 3008 ordinis
1877 2958 2051 3023 atque

403 3036 632 3108 imperii
666 3038 1226 3109 pertubatione,quaa
1277 3056 1488 3111 corpus
1536 3041 1873 3097 universum
1914 3059 2052 3097 con-

402 3126 597 3181 fundit
626 3132 683 3181 et
711 3128 915 3182 evertit
940 3146 952 3195 ;
978 3144 1178 3183 verum
1211 3133 1430 3183 naturae
1464 3130 1662 3185 ordine
1684 3130 1907 3203 aclege,
1926 3148 2050 3203 quae

404 3218 608 3270 mutuo
636 3232 783 3270 nexu
818 3216 1015 3271 omnia
1046 3218 1197 3272 inter
1226 3235 1286 3273 se
1320 3220 1590 3289 devinxit,
1619 3224 1795 3291 atque
1823 3237 2053 3276 conser-

2086 1925 2133 1989 B

2167 628 2255 685 διὰ
2328 634 2405 704 (7)
2475 637 2577 701 τῆς
2656 633 2867 708 ἀγάπης
2934 631 3033 686 οὐκ
3098 633 3295 686 ἄκοντα
3375 632 3821 706 τυραννήσαντες,

2164 720 2463 797 φθέγξομαι
2518 723 2635 794 μὶν,
2670 722 2714 777 εί
2746 722 2835 777 καὶ
2872 721 3057 794 μόλις,
3092 718 3279 790 ἐπειδὴ
3321 725 3483 775 τοῦτο
3533 720 3779 776 κελεύετε
3803 742 3815 753 ·

2164 809 2460 885 φθέγξομαι
2518 808 2577 864 δὲ
2647 810 2998 885 εὐχαριστίας
3054 811 3143 865 καὶ
3211 809 3490 870 νουθεσίας
3571 809 3808 884 ῥήματα.

2160 904 2219 952 Ἠ
2284 899 2376 970 μὲν
2437 896 2525 952 οὖν
2588 898 2903 975 εὐχαριστία
2956 900 3179 969 τοιαύτη
3415 899 3504 961 Τίς
3585 898 3815 969 λαλήσει

2160 985 2256 1047 τὰς
2307 985 2613 1049 δυναστείπς
2663 993 2759 1043 τοῖ’)
2808 988 3048 1061 Κυρίου;
3115 988 3211 1050 Τίς
3262 986 3320 1041 δὲ
3380 989 3577 1049 πάσαις
3630 989 3818 1051 ἀκοαῖς

2162 1079 2494 1151 παραστήσει
2541 1079 2639 1145 τήν
2690 1077 2777 1131 ἐπὶ
2824 1084 2981 1132 πᾶσιν
3036 1080 3109 1149 (9)
3180 1075 3416 1144 αἷ’νεσιν;
3488 1076 3569 1130 ὅτι
3636 1078 3821 1152 γέγονε

2162 1166 2227 1219 τὰ
2256 1165 2535 1242 ἀμφότερα
2563 1163 2640 1239 ἓν,
2692 1167 2780 1221 καὶ
2832 1168 2895 1221 τὸ
2932 1167 3259 1241 μεσότοιχον
3289 1170 3386 1221 τοῦ
3417 1171 3669 1243 φραγμοῦ
3701 1163 3818 1221 δια-

2164 1252 2424 1309 λέλυται·
2499 1253 2582 1309 ὅτι
2649 1254 2880 1317 ἔπαυσας
2958 1258 3108 1328 ἡμᾶς
3176 1251 3335 1316 ὄντας
3391 1250 3711 1331 παραϐολὴν
3771 1256 3824 1309 ἐν

2160 1348 2278 1404 τοῖς
2335 1342 2525 1412 ἔθνεσι,
2584 1344 2795 1413 κίνησιν
2853 1343 3093 1422 κεφαλῆς
3156 1343 3206 1399 ἐν
3266 1349 3383 1406 τοῖς
3461 1342 3661 1406 λαοῖς·
3738 1340 3825 1399 ὅτι

2160 1438 2417 1488 τοσοῦτον
2446 1436 2593 1505 ἡμᾶς
2647 1433 2944 1505 ἐκάκωσας,
3005 1434 3129 1489 ὅσον
3178 1436 3240 1488 τὸ
3292 1441 3392 1502 τῆς
3426 1433 3652 1508 εῗρήνης
3687 1433 3826 1508 ἀγα-

2162 1523 2250 1576 θὸν
2308 1526 2377 1595 τῇ
2441 1520 2710 1577 διαστάσει
2771 1522 3053 1599 γνωρίσαι,
3127 1522 3215 1577 καὶ
3297 1521 3485 1597 ἀλγεῖν
3562 1525 3824 1595 ποιήσας,

2162 1608 2327 1665 πάλιν
2388 1611 2864 1682 ἀποκατέστησας·
2946 1611 2990 1665 ὥ
3058 1616 3154 1666 τοῦ
3212 1608 3517 1687 παραδόξου
3572 1618 3674 1681 τῆς
3747 1611 3829 1666 ἰα-

2160 1700 2379 1772 τρείαςί
2431 1698 2721 1762 παιδεύσας
2768 1701 2843 1762 εἷς
2887 1700 3108 1777 εἰρήνην
3158 1699 3247 1755 διὰ
3294 1705 3393 1756 τοιῦ
3438 1700 3627 1773 μίσους
3664 1721 3826 1772 μιση-

2163 1788 2343 1852 θέντος
2392 1792 2504 1863 (10)
2553 1791 2626 1852 ὡς
2673 1792 2924 1865 τάχιστα,
2973 1789 3063 1844 καὶ
3114 1789 3194 1862 τῷ
3238 1789 3459 1862 ἐναντίῳ
3486 1792 3549 1845 τὸ
3582 1789 3820 1844 ἐναντίον

2163 1879 2550 1951 οἰκονομήσας,
2610 1879 2701 1933 καὶ
2776 1884 3034 1934 τοσοῦτον
3108 1882 3255 1951 ἡμᾶς
3332 1876 3628 1952 διαζεύξας,
3692 1877 3819 1934 ὅσον

2164 1968 2523 2045 θερμοτέρους
2581 1967 2951 2044 προσδραμεῖν
3023 1966 3337 2039 ἀλλήλοις·
3417 1967 3654 2044 καθάπερ
3710 1973 3819 2022 τῶν

2164 2062 2342 2135 φυτῶν
2397 2058 2429 2111 ἃ
2482 2057 2572 2133 βίᾳ
2628 2056 2784 2133 χερσί
2848 2058 3259 2129 μετασπώμινα,
3335 2056 3448 2111 εἶτα
3534 2056 3818 2135 ἀφιέμενα,

2162 2149 2299 2219 πρὸς
2331 2148 2492 2201 ἑαυτά
2522 2145 2688 2201 πάλιν
2725 2145 3026 2221 ἀνατρέχει,
3072 2146 3162 2199 καὶ
3208 2146 3307 2215 τὴν
3357 2147 3582 2220 πρώτην
3616 2148 3818 2201 ἑαυτῶν

2160 2235 2339 2312 φύσιν,
2397 2235 2485 2290 καὶ
2545 2234 2778 2290 δείκνυσὶ
2836 2235 2897 2288 τὸ
2956 2234 3156 2289 οἰκεῖον
3207 2235 3297 2307 βίᾳ
3349 2235 3444 2307 μὲν
3507 2235 3812 2290 ἀποκλινό-

2165 2346 2318 2397 μενα,
2374 2323 2435 2379 οὐ
2490 2325 2580 2399 βίᾳ
2628 2322 2685 2378 δὲ
2732 2324 3099 2399 ἀνορθούμενα
3139 2326 3287 2397 (11)τ
3341 2323 3425 2378 ὅτι
3461 2324 3653 2397 μηκέτι
3685 2327 3814 2400 χεὶρ

2160 2414 2251 2468 τὸν
2287 2412 2566 2491 ὀφθαλμὸν
2605 2418 2938 2490 περιφρονεῖ.
2976 2410 3105 2485 μηδ’
3138 2410 3425 2491 ὀφθαλμὸς
3452 2416 3566 2488 (12)
3615 2418 3778 2490 χεῖρα
3806 2434 3819 2447 ⁸

2163 2500 2244 2556 ὅτι
2304 2503 2497 2575 μηκέτι
2546 2499 2728 2556 ποδῶν
2775 2501 3203 2575 κατεξανίσταται
3252 2500 3496 2579 κεφαλὴ,
3550 2501 3686 2576 μηδὲ
3732 2524 3821 2559 κε-

2163 2590 2342 2669 φαλῆς
2403 2590 2823 2667 ἀλλοτριοῦνται
2879 2589 3063 2663 πόδες,
3122 2591 3184 2645 οὗ
3249 2589 3462 2664 μᾶλλον
3531 2595 3641 2665 (13)
3687 2590 3822 2667 βλά-

2161 2701 2384 2742 πτοντες
2430 2682 2465 2749 ἢ
2525 2680 2897 2755 βλαπτόμενοι
2952 2684 3019 2754 τῇ
3078 2679 3265 2751 ἀταξίᾳ
3320 2682 3408 2735 καὶ
3466 2680 3719 2757 ἀναρχίᾳ,
3781 2683 3816 2750 ἢ

2160 2773 2250 2825 καὶ
2307 2774 2421 2845 (14)
2471 2777 2568 2826 τοῦ
2625 2771 2825 2834 παντός
2889 2772 2998 2826 ἐστι
3057 2771 3318 2847 σύγχυσις
3373 2772 3461 2826 καὶ
3520 2769 3814 2834 διάλυσιςο

2160 2859 2307 2915 ἀλλὰ
2361 2862 2423 2915 τὸ
2478 2862 2606 2916 αὐτὸ
2668 2864 2798 2937 ὑπὲρ
2859 2860 3124 2932 ἀλλήλων
3190 2865 3488 2935 μεριμνῶσι
3546 2860 3614 2915 τὰ
3662 2859 3806 2933 μέλη

2158 2950 2300 3022 τάξει
2368 2951 2456 3004 καὶ
2513 2952 2696 3024 θεσμῷ
2752 2950 2982 3029 φύσεως,
3036 2955 3114 3023 τῷ
3160 2952 3273 3023 (15)
3330 2949 3398 3005 δι’
3443 2947 3705 3020 ἀλλήλων
3741 2952 3812 3004 τὰ

2160 3042 2334 3096 πάντα
2390 3039 2710 3113 συνδησαντι
2762 3042 2853 3096 καὶ
2929 3040 3260 3119 φυλάξαντιο
3335 3043 3425 3096 καὶ
3495 3043 3811 3119 πεφήναμεν

2158 3128 2214 3185 ἓν
2245 3134 2401 3204 σῶμα
2432 3132 2519 3186 καὶ
2551 3136 2765 3205 πνεῦμα
2807 3130 2881 3205 ἓν,
2933 3132 3111 3197 καθὼς
3161 3130 3251 3185 καὶ
3282 3128 3600 3204 κεκλήμεθα
3631 3130 3680 3186 ἐν
3718 3134 3817 3204 μιᾷ

2161 3218 2345 3275 ἐλπίδι
2374 3228 2474 3291 τῆς
2503 3220 2770 3293 κλήσεως.

399 3303 785 3375 vat,idipsum
819 3322 921 3376 pro
956 3305 1200 3361 invicem
1251 3306 1499 3362 sollicita
1531 3314 1669 3362 sunt
1700 3310 1963 3365 membra
1984 3312 2046 3377 ‘9,
2080 3328 2410 3385 corpusque
2439 3330 2648 3383 unum,
2681 3302 2737 3368 et
2766 3312 3010 3386 spiritus
3036 3328 3191 3367 unus
3222 3310 3588 3382 exsistimus,
3618 3327 3822 3383 quem-

402 3392 723 3449 admodum
754 3397 811 3449 et
845 3394 902 3449 in
931 3412 1047 3449 una
1071 3412 1173 3466 spe
1198 3397 1520 3452 vocationis
1547 3399 1733 3452 vocati
1764 3416 1972 3455 sumus
1993 3402 2055 3454 ⁵ο.

471 3482 562 3538 ΙΧ.
614 3482 921 3554 Propterea
973 3483 1238 3538 laudabit
1293 3489 1349 3540 te
1408 3486 1661 3557 populus
1710 3505 1949 3559 pauper,
1992 3506 2055 3544 ex

2245 3490 2319 3545 ϐ’.
2354 3490 2451 3543 Διά
2498 3493 2657 3544 τοῦτο
2708 3490 2736 3543 ὁ
2788 3486 2921 3551 λαὸς
2974 3489 3002 3543 ὁ
3052 3489 3276 3564 πτωχὸς
3315 3486 3512 3543 αἰνέσει
3546 3509 3625 3557 σε,
3655 3486 3829 3542 πλού-

404 3572 578 3645 inope
619 3573 745 3643 jam
800 3573 958 3627 dives
1013 3574 1253 3628 effectus
1285 3575 1671 3645 “;quoniam
1735 3577 2063 3635 mirificasti

401 3679 579 3734 super
609 3678 715 3717 nos
747 3661 1181 3717 misericordias
1225 3667 1357 3719 tuas
1389 3666 1457 3732 ⁷³,
1493 3670 1669 3737 atque
1717 3668 1787 3721 ad
1838 3673 2061 3723 veteres

401 3751 768 3807 narrationes
825 3750 1046 3823 aliquid
1099 3753 1365 3811 accessit.
1412 3756 1510 3811 Ubi
1548 3758 1697 3810 enim
1752 3757 2063 3813 abundavit

405 3843 695 3913 iniquitas,
718 3841 1188 3913 superabundavit
1232 3844 1423 3913 gratia
1468 3844 1531 3912 ⁵³,
1576 3845 1877 3915 quoniam,
1925 3864 2059 3901 cum

405 3947 655 4003 granum
690 3930 1299 4003 seminassem,spicas
1331 3932 1518 4004 recepi
1550 3951 1718 4000 ;cum
1745 3952 1879 3990 oves
1902 3936 2059 4006 luge-

406 4038 551 4087 rem,
575 4025 838 4093 pastores
888 4021 1129 4094 insuper
1181 4024 1428 4095 adeptus
1487 4041 1657 4079 sum:
1694 4042 1797 4079 nec
1830 4026 2055 4095 dubito,

407 4110 545 4181 quin
582 4114 883 4180 pastorum
905 4112 1457 4183 prmstantissimum
1482 4120 1897 4186 assumpturus
1922 4115 2054 4183 sim,

2172 3599 2285 3640 σιος
2316 3578 2367 3649 ἐξ
2399 3578 2607 3655 ἀπόρου
2667 3577 2958 3653 γενόμενος
3007 3580 3121 3651 (16)
3146 3596 3157 3609 ·
3204 3576 3287 3632 ὅτι
3326 3577 3740 3651 ἐθαυμάστωσας
3768 3576 3838 3631 τὰ

2172 3668 2249 3742 ἐφ’
2300 3670 2449 3740 ἡμᾶς
2501 3666 2627 3735 ἐλέη
2682 3689 2795 3736 σου,
2854 3668 2943 3721 καὶ
3002 3666 3373 3742 προστέθειταί
3431 3688 3485 3721 τι
3543 3669 3658 3740 (17)
3712 3670 3832 3729 τοῖς

2170 3753 2430 3818 παλαιοῖς
2489 3753 2844 3831 διηγήμασιν.
2893 3756 2970 3813 Οὗ
3019 3756 3121 3832 γὰρ
3172 3754 3491 3811 ἐπλεόνασεν
3540 3758 3575 3825 ἡ
3648 3758 3831 3831 ἁμαρ-

2167 3845 2275 3917 τία,
2339 3846 2840 3922 ὑπερεπερίσσευσεν
2914 3847 2949 3916 ἡ
3030 3843 3232 3921 χάρις’
3298 3844 3404 3917 δτι,
3478 3844 3678 3900 κόκκον
3734 3866 3833 3899 κα·-

2167 3930 2420 3989 ταϐαλὼν
2482 3938 2617 4009 (18),
2676 3933 2877 4010 στάχυν
2934 3932 3313 4007 ἐκομισάμην·
3397 3929 3502 4004 ὅτι,
3583 3928 3832 4009 πρόϐατα

2167 4025 2394 4093 πενθων,
2454 4024 2719 4097 ποιμένας
2774 4026 2885 4096 (19)
2944 4021 3452 4099 προσεκτησάμηνο
3506 4021 3596 4077 καὶ
3654 4043 3830 4099 προσ-

2168 4113 2384 4187 ήψομαί
2442 4135 2523 4189 γε,
2586 4114 2641 4167 εὗ
2699 4111 2838 4185 οἴδα,
2906 4118 3011 4168 τῶν
3071 4113 3349 4186 ποιμένων
3406 4111 3498 4167 τὸν
3555 4114 3832 4186 τιμιώτα-

482 4242 707 4322 “_Psal.
741 4245 915 4322 cv,n_2.
947 4245 1051 4322 --ιζ
1068 4245 1277 4322 Ephes.
1312 4244 1373 4322 ii,
1409 4248 1521 4322 14.“
1575 4248 1617 4322 ξε
1677 4249 1795 4303 Pal.
1854 4266 2013 4316 XLIII,

2229 4248 2273 4283 ‘9
2304 4250 2325 4303 Ι
2352 4249 2479 4305 Cor.
2517 4266 2621 4315 xII,
2651 4250 2741 4305 25.
2822 4250 2865 4284 ⁵ο
2896 4249 3105 4322 Ephes.
3139 4265 3213 4321 Iv,
3246 4249 3294 4304 4.
3375 4249 3418 4284 ⁵⁸
3450 4249 3560 4304 Isa.
3609 4264 3741 4313 xxv,
3772 4247 3828 4301 3.

413 4313 564 4371 Psal.
600 4332 795 4384 LXXIII,
822 4317 911 4370 21.
946 4316 988 4349 ⁸³
1017 4313 1169 4372 Psal.
1203 4334 1317 4383 XVI,
1346 4320 1400 4371 7.
1481 4318 1525 4351 ⁵³
1576 4319 1743 4376 Rom.
1770 4338 1826 4389 v,
1859 4323 1950 4376 20.

758 4462 871 4594 fit;
900 4468 1229 4594 2Dmittitur
1284 4466 1395 4536 καί,
1432 4469 1491 4526 in
1552 4471 1686 4544 Reg.
1719 4473 1841 4541 bm,
1877 4473 2064 4529 tribus

405 4538 590 4608 Colb.,
625 4538 720 4593 Or.
758 4540 781 4593 1
815 4544 871 4594 et
900 4542 956 4595 2.
1636 4538 1660 4544 ν
1823 4538 1833 4541 ⁷

446 4611 555 4694 ,(ξ)
580 4607 849 4694 ςΓριαλότη.
887 4613 1051 4669 Deest
1096 4612 1155 4667 in
1208 4611 1383 4684 Regg.
1421 4630 1475 4683 a,
1507 4615 1629 4682 hm,
1661 4616 1852 4671 tribus
1901 4616 2062 4673 Colb.

406 4686 465 4739 et
480 4681 979 4832 (eiiizliiiacw1y
1014 4755 1300 4832 Omnibus
1333 4773 1744 4832 communem;
1772 4780 1799 4809 ››
1818 4776 1883 4815 eo
1908 4761 2061 4832 quod

403 4843 609 4899 omnes
640 4844 706 4882 ac
736 4827 952 4899 singuli
988 4828 1211 4899 placide
1232 4830 1624 4886 convenerint.
1646 4836 1772 4887 Non
1795 4827 2064 4888 benéBil-

408 4898 563 4955 lius:
598 4898 874 4955 omnibus
906 4898 1201 4955 de’causis
1232 4902 1511 4957 debitam.
1544 4924 1571 4953 ››

476 4971 588 5041 (10)
620 4966 972 5041 Μισηθέντος.
1008 4973 1098 5028 Sic
1150 4975 1325 5099 Regg.
1374 4992 1426 5042 a,
1481 4976 1599 5045 bm,
1649 4975 1750 5042 hu,
1801 4974 1973 5031 Cois].
2008 4976 2058 5040 1,

476 5060 498 5097 '.
532 5044 587 5099 2.
623 5047 728 5098 etc.
764 5047 897 5099 Quae
930 5043 1099 5099 lectio
1130 5062 1222 5099 me
1252 5048 1338 5099 ior
1386 5047 1635 5099 videtur.
1670 5048 1829 5099 Hane
1861 5046 2058 5099 lectio-

402 5042 498 5099 Or.
532 5044 587 5111 2,
623 5047 728 5098 etc.
764 5047 897 5111 Quae
930 5043 1099 5101 lectio
1130 5042 1266 5101 meli

404 5130 539 5170 nem
572 5114 778 5170 Billius
804 5116 862 5171 in
896 5116 1085 5186 prima
1111 5118 1366 5173 editione
1396 5124 1656 5185 secutus,
1691 5118 2056 5173 reddiderat:

404 5208 432 5237 ‹‹
464 5203 567 5259 per
597 5188 797 5269 odium
832 5205 935 5243 nos
967 5190 1166 5245 statim
1190 5190 1399 5269 tibipb
1433 5208 1561 5245 eam
1581 5207 1714 5269 rem
1748 5207 1953 5246 exesos
1984 5191 2054 5246 ad

402 5275 607 5333 pacem
640 5260 1014 5316 instruens.»
1047 5266 1155 5327 etc,
1190 5260 1361 5330 Editi,
1400 5261 1746 5333 μισηθέντας.

639 5333 1060 5406 ’ᾼνορθοῦμενα.
1115 5334 1191 5388 Or
1228 5376 1239 5388 .
1300 5335 1324 5387 1
1405 5335 1524 5388 et2
1559 5375 1572 5399 ,
1635 5332 2005 5405 ἀποσπώμενα
2042 5380 2057 5406 ,

407 5424 436 5453 ‹‹
467 5404 938 5460 abstrahantur.»

474 5477 586 5547 (12)
618 5472 757 5544 Μηδ’
794 5473 1093 5551 ὀφθαλμός.
1130 5476 1275 5602 Ηυξ..
1305 5476 1426 5531 bm.
1455 5471 1593 5547 μηδὲ
1627 5475 1942 5560 ὀφθαλμός..

480 5549 594 5602 (13)
627 5546 705 5601 Οὐ
732 5546 969 5602 μᾶλλον.
1003 5555 1112 5602 etc.
1148 5550 1209 5602 BI
1240 5548 1353 5602 llUS
1381 5566 1391 5602 :
1421 5570 1445 5594 ‹‹
1481 5547 1591 5602 hac
1622 5554 1942 5602 perturbati

412 5615 425 5633 ε
448 5546 705 5633 (13).ρύ
732 5546 982 5633 μᾶλλοῄ
1003 5555 1112 5633 etc.
1148 5546 1353 5603 Billius
1381 5566 1391 5602 :
1421 5546 1591 5603 «hac
1622 5546 2061 5633 perturbatione

409 5622 758 5689 imperiique
779 5622 1333 5691 repudiatione,quaa
1354 5637 1563 5691 corpus
1580 5625 1917 5679 universum
1932 5640 2061 5677 con-

414 5687 611 5743 fundit
649 5695 705 5744 et
753 5694 975 5754 evertit,
1006 5709 1120 5747 non
1173 5692 1307 5754 plus
1354 5693 1687 5751 detrimenti
1734 5698 2061 5754 afferentes.

414 5711 611 5743 quuu
649 5711 705 5744 σι
753 5711 975 5763 evertit,
1006 5711 1120 5747 non
1173 5711 1307 5764 plus
1354 5711 1687 5751 ueirlmentl
1734 5711 2063 5764 atterentes,

409 5773 587 5830 quam
617 5761 991 5835 accipientes,
1019 5786 1049 5815 ››
1080 5768 1191 5821 etc.

392 6014 491 6073 κήτη

2177 4544 2198 4561 η
2251 4470 2676 4561 Ἀναρχία,
2726 4472 2761 4540 ἢ
2823 4469 2930 4527 καί.
2992 4471 3085 4529 Sic
3143 4472 3257 4528 Or.
3315 4473 3378 4527 2.
3435 4472 3539 4527 Ed.
3597 4470 3831 4545 ἀναρχίᾳ

2172 4565 2205 4612 η
2378 4617 2691 4740 item?“
2718 4615 2950 4743 ig'Reii
2983 4615 3106 4670 ω’

2528 4707 2592 4743 με
2609 4707 2707 4743 θος.
2785 4704 2837 4743 lc
2946 4702 3075 4743 822.

2244 4616 2483 4759 (15)Τῷ.
2521 4618 2691 4671 Deest
2718 4616 2950 4743 ἱῑιᾘθῗἱ
2983 4616 3106 4670 bm.
3782 4686 3792 4695 υ

2270 4688 2357 4760 16)
2390 4685 2707 4760 Γενόμενος.
2741 4688 2837 4745 Sic
2946 4702 3075 4759 egg.
3112 4703 3165 4754 ι,
3204 4685 3325 4757 bm,
3385 4686 3487 4743 hu.
3540 4690 3673 4743 Par.
3705 4686 3824 4742 edit

2170 4758 2469 4834 γινόμενος.
2530 4758 2537 4760 ἡ
2988 4758 3003 4759 7
3028 4758 3045 4759 ί

2243 4832 2357 4901 (17)
2388 4832 2478 4886 Τι.
2512 4830 2686 4902 Deest
2714 4830 2775 4886 in
2806 4830 2941 4902 Reg.
2976 4846 3029 4897 a,
3053 4832 3108 4884 et
3138 4828 3235 4902 Dr.
3266 4829 3290 4884 1
3321 4833 3379 4885 et
3398 4831 3451 4884 2.

2242 4900 2354 4971 (18)
2388 4900 2738 4956 Καταοαλών.
2778 4924 2807 4952 ‹‹
2852 4900 2994 4957 cum
3035 4900 3337 4969 sevissem,
3370 4900 3819 4957 seminassema

2174 4973 2274 5029 Sin
2305 4978 2644 5030 constanter
2676 4975 2878 5046 legunt
2898 4972 3149 5041 codices,
3175 4973 3350 5046 idque
3373 4996 3393 5022 σι
3421 4974 3588 5046 grani
3621 4988 3689 5029 ac
3710 4972 3821 5040 spi-

1274 5027 1338 5101 3r
1379 5027 1829 5102 exaestuans
1853 5027 2059 5101 neua:
2091 5027 2137 5091 D
2172 5027 2985 5117 eamagemaanimi
3012 5027 3342 5117 postulaieI
3373 5027 3585 5117 Billius
3624 5027 3822 5101 {amen

2171 5116 2355 5173 Eliam
2384 5116 2620 5201 secutus
2650 5118 2810 5192 legit,
2833 5116 3153 5185 ἀποοαλών,
3176 5121 3233 5173 et
3260 5116 3453 5183 vertit,
3476 5139 3503 5167 «
3534 5133 3668 5173 cum
3692 5132 3822 5189 gra-

2168 5206 2311 5245 num
2345 5207 2735 5257 amisslssem,
2770 5212 2799 5239 >>

2238 5262 2348 5333 (19)
2384 5262 2678 5334 Ποιμένας.
2712 5259 2995 5334 Intelligit
3041 5258 3154 5334 hic
3187 5258 3504 5334 Gregorius
3539 5258 3827 5332 quosdam

2168 5330 2340 5389 exiis
2362 5330 2695 5400 monachis,
2725 5333 2826 5405 qui
2857 5350 2890 5388 a
2912 5330 3195 5405 'Gregorio
3240 5330 3405 5405 patre
3433 5330 3825 5405 secesserant,

2168 5405 2387 5476 quique
2417 5402 2761 5462 schismatis
2785 5402 3126 5477 tempore'in
3157 5425 3186 5454 (ε
3213 5402 3586 5477 sacerdotum
3611 5429 3637 5456 ››
3664 5402 3821 5460 ordi-

2171 5493 2300 5531 nem
2333 5478 2510 5533 evecti
2562 5480 2811 5549 tuerant,
2846 5499 2875 5528 ‹‹
2907 5476 3363 5549 sacerdotum,»
3403 5476 3673 5548 inquam,
3707 5490 3821 5530 non

2169 5565 2315 5622 vero,
2337 5572 2357 5598 ι
2385 5546 2815 5622 episcoporum,
2842 5571 2869 5598 »
2899 5552 2963 5603 ut
2990 5546 3195 5622 Billius
3216 5564 3285 5603 ex
3310 5548 3431 5622 Elia
3446 5546 3652 5622 minus
3675 5551 3828 5622 recte

2168 5621 2386 5695 tradit:
2419 5619 2535 5695 nisi
2565 5619 2763 5679 secum
2793 5624 3015 5695 pugnet
3043 5620 3220 5688 Elias,
3243 5620 3341 5695 qui
3371 5619 3526 5677 infra
3560 5637 3725 5676 num.
3759 5619 3821 5672 11

2170 5692 2279 5747 hos
2312 5694 2630 5751 monachos
2660 5695 2764 5751 «in
2782 5692 3153 5752 sacerdotum
3174 5692 3440 5751 ordinem
3471 5696 3770 5766 cooptatos
3790 5709 3824 5739 ι)

2172 5764 2387 5823 diserte
2416 5766 2641 5826 scribit.

2213 5764 2387 5823 iserte
2416 5766 2641 5826 scribit.
