4146 6290
302 413 420 475 733

1492 413 1791 474 ORATIO
1837 409 1939 473 VI.
1975 439 2054 455 —
2081 409 2184 472 DE
2226 411 2428 475 PACE
2472 414 2523 476 Ι.

3588 418 3708 476 ’134

298 568 388 603 τον
435 548 573 620 (20),
624 544 670 601 εἰ
717 544 806 601 καὶ
856 543 1047 620 λόγοις
1094 545 1202 601 τισὶ
1244 551 1627 620 πνευματικοῖς
1674 546 1774 615 τὴν
1826 564 1946 599 ποι-

2068 547 2295 603 tametsi
2328 548 2714 620 spritualibus
2736 550 3091 623 quibusdam
3109 547 3435 605 rationibus
3455 549 3707 620 pastoris

307 637 570 709 μαντικὴν
647 631 1010 691 ἀναϐάλλεται
1086 638 1219 710 (24),
1297 635 1641 692 πιστευθέντα
1714 636 1807 710 μὶν
1886 636 1949 690 τὸ

306 731 526 799 Πνεῦμα
583 726 673 782 καὶ
728 730 837 780 τῶν
894 723 1168 782 ταλάντων
1225 728 1325 796 τήν
1387 726 1653 802 ἐργασίαν,
1712 726 1801 781 καὶ
1852 729 1948 780 τοῦ

302 816 565 891 ποιμνίου
623 817 722 884 τὴν
776 813 1116 888 ἐπιμέλειαν,
1174 816 1260 870 καὶ
1317 815 1609 891 χρισθέντα
1662 820 1740 887 τῷ
1795 815 1892 891 χρί
1924 848 1947 857 -

305 927 469 980 σματι
518 912 617 975 τῆς
683 905 980 981 ἱερωσύνης
1033 903 1122 959 καὶ
1168 904 1541 977 τελειώσεως,
1592 903 1669 959 ἔτι
1719 902 1776 959 δὲ
1823 904 1947 959 ἀνα-

304 992 648 1068 ϐαλλόμενον
698 996 799 1064 τὴν
850 994 1155 1049 ἐπιστασίαν
1208 994 1311 1049 ὑπὸ
1343 994 1550 1073 σοφίας,
1582 994 1671 1049 καὶ
1717 994 1809 1049 τὸν
1852 992 1947 1049 λύ-

302 1107 433 1162 χνον
468 1085 572 1139 ὑπὸ
614 1088 692 1155 τῷ
745 1082 922 1157 μοδίῳ
969 1084 1268 1159 κατέχοντα
1298 1084 1376 1158 (δν
1421 1085 1569 1153 θήσει
1615 1084 1726 1155 μετ’
1760 1081 1945 1157 ὀλίγον

303 1175 393 1231 ἐπὶ
446 1176 547 1244 τήν
609 1172 859 1248 λυχνίαν,
918 1178 1089 1227 πᾶσαν
1147 1174 1245 1241 τὴν
1305 1176 1419 1245 (22)
1476 1180 1575 1242 τῆς
1620 1169 1946 1242 Ἐκκλησίας

303 1265 490 1340 ψυχὴν
540 1260 989 1339 περιλάμψοντα,
1038 1260 1127 1317 καὶ
1177 1265 1292 1335 φῶς
1347 1266 1466 1324 ταῖς
1521 1257 1731 1335 τρίϐοις
1788 1264 1945 1333 ἡμῶν

306 1354 625 1426 ἐσόμενον),
674 1348 750 1407 ἔτι
799 1351 1228 1426 περισκοποῦντα
1283 1350 1472 1424 νάπας,
1529 1351 1617 1406 καὶ
1676 1346 1801 1427 ὅρη,
1859 1349 1948 1404 καὶ

304 1442 531 1515 νάματα,
590 1442 678 1496 καὶ
735 1446 852 1503 τοῖς
914 1442 1107 1517 ἄρπαξι
1170 1445 1278 1495 τῶν
1334 1445 1524 1517 ψυχῶν
1585 1438 1775 1501 λύκοις
1833 1438 1948 1493 ἐπι-

301 1537 530 1587 νοοῦντα
586 1534 825 1607 θήρατρα
859 1575 873 1602 ,
927 1529 1001 1584 ’ίν’
1060 1531 1111 1585 ἐν
1189 1535 1363 1603 καιρῷ
1436 1530 1633 1602 εὐθέτῳ
1703 1529 1791 1583 καὶ
1848 1530 1946 1597 τὴν

308 1621 603 1697 βακτηρίαν
666 1619 913 1692 δέξηται,
972 1623 1062 1675 καὶ
1140 1620 1514 1694 συμποιμαίνῃ
1569 1624 1648 1691 τῷ
1707 1618 1950 1690 ἀληθινῷ

301 1711 669 1783 ποιμένι
726 1711 787 1765 τὸ
844 1707 1068 1785 λογικὸν
1126 1714 1286 1765 τοῦτο
1348 1709 1624 1781 ποίμνιον,
1686 1707 1736 1763 ἐν
1795 1708 1949 1780 τόπῳ

304 1798 487 1874 χλόης
541 1802 894 1869 κατασκηνῶν
962 1804 1079 1861 τοῖς
1139 1797 1406 1854 ἆειθαλέσι
1480 1803 1577 1853 τοῦ
1635 1802 1767 1853 Θεοῦ
1826 1796 1892 1851 Λό
1925 1828 1947 1838 -

303 1909 423 1963 γοις
630 1888 719 1942 καὶ
776 1887 1045 1966 ἐκτρέφων
1106 1885 1256 1942 ὕδατι
1324 1886 1667 1948 ἀναπαύσεως
1702 1930 1715 1954 ,
1776 1884 1947 1941 εἶτουν
1980 1921 2029 1985 Β

309 1976 601 2049 Πνεῦματι.
652 1980 821 2031 Τοῦτο
877 1977 969 2049 μὲν
1021 1975 1112 2031 οὖν
1158 1977 1247 2030 καὶ
1309 1975 1598 2049 ἐλπίζομεν
1644 1977 1733 2030 καὶ
1785 1974 1945 2050 εὐχό-

310 2067 462 2140 μεθα·
501 2064 623 2138 ἐμοὶ
676 2063 731 2119 δὲ
777 2062 886 2134 ἤδη
933 2065 1120 2141 καιρὸς
1169 2066 1478 2141 προσθεῖναι
1526 2068 1593 2138 τῇ
1636 2063 1951 2139 εὐχαριστίᾳ

305 2155 397 2211 καὶ
446 2156 545 2223 τὴν
600 2155 909 2229 παραίνεσιν
941 2172 954 2187 '
1009 2157 1313 2227 ποιήσομαι
1365 2152 1422 2209 δὲ
1464 2153 1550 2208 καί
1595 2152 1817 2223 ταύτην,
1878 2153 1950 2213 ὡς

313 2246 427 2300 οἷόν
475 2266 558 2314 τε,
620 2246 989 2321 βραχυτάτην,
1042 2241 1229 2312 ἐπειδὴ
1278 2245 1340 2298 τὸ
1388 2243 1642 2299 πλεῖστον
1690 2250 1789 2311 τῆς
1835 2262 1952 2295 νου-

308 2335 487 2396 θεσίας
540 2332 629 2389 διὰ
671 2339 778 2391 τῶν
831 2332 1003 2410 ἔργων
1058 2332 1233 2388 αὐτῶν
1282 2333 1652 2410 προειλήφατε
1700 2334 1812 2404 (25)
1863 2330 1951 2386 καὶ

312 2423 373 2479 οὐ
435 2423 784 2498 μακροτέρων
840 2420 922 2479 δεῖ
986 2421 1163 2499 λόγων
1213 2427 1329 2484 τοῖς
1385 2420 1542 2496 πείρᾳ
1592 2418 1952 2493 πεπαιδευμέ-

312 2534 449 2575 νοις.

386 2604 441 2657 1’.
473 2599 618 2656 Ἔδει
674 2602 789 2674 μὲν,
842 2598 1091 2678 ἀδελφοὶ,
1147 2603 1283 2673 μήτε
1331 2597 1664 2675 διαιρεθῆναι
1710 2599 1773 2652 τὸ
1803 2600 1954 2672 πρῶ-

308 2711 448 2763 τον,
507 2693 647 2763 μήτε
697 2693 760 2745 τὸ
818 2690 1048 2746 παλαιὸν
1122 2694 1256 2763 ἡμῖν
1323 2688 1687 2757 καταλυθῆναι
1744 2687 1958 2758 ἀξίωμα

309 2780 400 2835 καὶ
451 2779 843 2853 καλλώπισμα·
895 2781 962 2852 ᾧ,
1002 2779 1178 2834 καίτοι
1232 2780 1425 2854 μικρὰν
1458 2780 1570 2851 (26)
1610 2774 1768 2831 οὖσαν
1795 2778 1954 2848 ἡμῶν

308 2870 410 2937 τὴν
470 2869 729 2942 ποίμνην,
789 2868 877 2924 καὶ
942 2866 1071 2941 μηδ’
1131 2867 1485 2940 ὀνομάζεσθαι
1546 2865 1691 2935 ἀξίαν
1740 2868 1852 2938 (27)
1902 2863 1953 2918 ἐν

307 2959 588 3031 ποιμνίοις
652 2958 1119 3034 ἀριθμουμένοις,
1174 2963 1290 3019 τοῖς
1368 2956 1639 3030 μεγίστοις
1714 2953 1764 3025 ἐξ
1838 2954 1954 3008 ξ’σου

310 3048 465 3121 εἶχον
524 3048 611 3101 καὶ
667 3046 1027 3108 πλατυτάτοις
1062 3067 1073 3078 ·
1130 3043 1240 3101 ἔστι
1306 3043 1351 3099 δ’
1428 3046 1501 3098 ὢν
1557 3043 1644 3098 καὶ
1706 3043 1893 3119 προετί
1927 3075 1955 3087 -

306 3147 438 3199 θουν
636 3135 686 3191 ἐν
744 3141 811 3209 τῇ
871 3135 1089 3209 δυνάμει
1146 3140 1245 3191 τοῦ
1305 3133 1639 3207 Πνεῦματος.
1702 3133 1804 3188 Καὶ
1850 3132 1953 3207 γὰρ

302 3223 483 3279 οὕτως
516 3225 658 3301 εἶχεν
688 3229 820 3299 (29),
854 3224 1028 3281 ἄλλου
1081 3226 1175 3298 μὲν
1224 3222 1365 3280 ἄλλο
1412 3244 1464 3277 τι
1514 3220 1886 3294 καλλιδπισμα
1914 3223 1949 3291 ἢ

300 3281 603 3389 (imponit).
655 3281 864 3389 μεῖζδν,
912 3322 1014 3384 τῆς
1078 3281 1136 3368 δὲ
1183 3312 1454 3389 ἡμετέρας
1507 3311 1747 3385 ποίμνης
1796 3281 1952 3365 ἴδιοί)ζ
1984 3281 2026 3349 C

295 3424 457 3458 τατον
516 3405 581 3473 ἧν
641 3408 758 3475 (30)
811 3405 872 3458 τὸ
939 3401 1210 3480 ἅρῥηκτόν
1271 3424 1332 3457 τε
1402 3401 1491 3457 καὶ
1556 3400 1905 3456 ἀστασίαστον
1937 3419 1950 3432 ·

301 3490 441 3547 ὥστε
491 3490 549 3547 δὲ
593 3495 711 3566 (31)
755 3492 845 3547 καὶ
898 3493 998 3560 τὴν
1055 3496 1177 3547 Νῶε
1233 3487 1467 3546 κιϐωτὸν
1514 3488 1785 3552 πολλάκις
1840 3491 1955 3562 (32)

302 3580 720 3654 ἆνομασθῆναι,
784 3581 953 3654 μόνην
1011 3579 1376 3659 διαφυγοῦσαν
1432 3582 1531 3649 τὴν
1590 3584 1688 3634 τοῦ
1745 3579 1954 3652 κόσμου

300 3671 502 3732 παντὸς
558 3669 863 3741 ἐπίκλυσιν,
917 3672 1007 3725 καὶ
1064 3673 1131 3726 τὰ
1186 3672 1469 3747 σπέρματα
1526 3676 1623 3738 τῆς
1683 3664 1954 3730 εὐσεϐείας

301 3758 355 3814 ἰν
385 3758 521 3833 αὐτῇ
554 3762 668 3833 (34)
701 3760 1094 3829 διασώζουσαν.
1146 3758 1366 3829 Ἐπειδὴ
1412 3757 1470 3813 δὲ
1518 3762 1631 3833 (33)
1676 3756 1956 3832 ἠλέγχθη-

312 3868 409 3920 μεν
462 3842 610 3910 ὄντες
657 3845 977 3924 ἅνθρωποι,
1029 3848 1119 3903 καὶ
1171 3848 1234 3904 οὐ
1282 3849 1453 3917 πάντη
1506 3845 1830 3924 διεφύγομεν
1860 3848 1956 3899 τοῦ

310 3941 559 4012 πονηροῦ
634 3939 724 3992 τὸν
781 3936 993 4014 φθόνον,
1053 3935 1178 3992 οὐδὲ
1232 3945 1333 4006 τῆς
1390 3937 1563 3991 πάντα
1618 3933 1956 4009 κατεχούσης

294 4026 461 4081 νόσου
512 4026 786 4101 κρείττους
836 4029 1185 4104 πεφήναμεν’
1236 4024 1384 4082 ἀλλά
1431 4032 1532 4094 τῆς
1579 4027 1765 4092 κοινῆς
1818 4043 1953 4094 συμ-

296 4122 469 4194 φορᾶς
548 4116 735 4191 μέρος,
809 4117 899 4171 καὶ
958 4116 1111 4171 αὐτοὶ
1175 4114 1585 4189 μετειλήφαμεν
1620 4158 1635 4180 ,
1692 4113 1781 4167 καὶ
1856 4112 1953 4179 τήν

294 4204 473 4273 καλὴν
518 4205 607 4259 καὶ
663 4206 915 4280 πατρῴαν
978 4203 1375 4278 κληρονομίαν,
1436 4204 1499 4258 τὸ
1550 4210 1648 4272 τῆς
1698 4200 1956 4273 ὁμονοίας

302 4294 524 4369 ἀγαθὸν,
560 4292 658 4347 οὐκ
701 4293 777 4356 εἷς
822 4291 981 4355 τέλος
1036 4291 1458 4371 διεφυλάξαμεν,
1505 4292 1567 4348 οὐ
1624 4291 1814 4366 μικρὸν
1862 4290 1953 4362 μὲν

299 4381 570 4446 κάνταῦθα
623 4382 752 4444 τοὺς
801 4381 1005 4445 ἄλλους
1086 4383 1590 4454 ἐπλεονεκτήσαμεν
1647 4379 1721 4454 (εἷ’
1771 4401 1820 4433 τι
1878 4376 1959 4433 δεῖ

304 4474 398 4528 καὶ
429 4474 806 4547 καυχήσασθαι
856 4473 993 4527 κατά
1034 4475 1135 4540 τῆς
1184 4471 1452 4548 ἡμετέρας
1499 4470 1695 4546 ἔχθρας
1745 4472 1959 4543 Χριστῷ

307 4561 726 4638 θαρρήσαντας),
776 4562 839 4615 τὸ
887 4561 977 4615 καὶ
1026 4562 1329 4616 τελευταῖοι
1384 4564 1548 4615 ταῦτα
1594 4560 1817 4629 παθεῖν,
1866 4558 1956 4611 καὶ

2059 653 2277 693 munus
2306 638 2495 693 adhuc
2517 639 2815 711 suscipere
2846 640 3142 707 detrectet,
3168 643 3225 695 et
3254 656 3388 694 cum
3415 639 3700 694 creditum

2059 724 2171 779 sibi
2200 725 2483 799 Spiritum
2514 744 2581 784 ac
2605 728 2961 784 talentorum
3023 728 3477 801 negotiationem
3534 731 3704 798 atque

2059 815 2224 870 ovilis
2255 833 2455 872 curam
2479 817 2854 873 commissam
2882 819 3108 889 habeat,
3133 818 3377 889 oleoque
3397 817 3703 873 sacerdotii

2058 910 2115 959 et
2156 906 2526 976 perfectionis
2557 907 2834 963 delibitus
2865 908 2959 974 sit,
2994 908 3185 963 adhuc
3206 913 3403 963 tamen
3434 923 3537 978 pro
3594 923 3704 962 sua

2059 994 2349 1064 sapientia
2378 997 2631 1067 regendo
2664 996 2822 1069 gregi
2858 1012 3105 1069 praeesse
3153 999 3478 1063 cunctetur,
3512 995 3702 1052 lucer-

2060 1100 2315 1153 namque
2345 1084 2454 1139 sub
2486 1085 2681 1139 modio
2716 1086 3242 1154 retintineat(brevi
3273 1084 3435 1140 illam
3466 1086 3703 1156 quidem

2060 1187 2238 1241 super
2266 1172 2679 1228 candelabrum
2714 1173 3195 1242 0011068Πά8ω⁸⁴,
3219 1190 3335 1246 quo
3364 1190 3567 1230 omnes
3599 1174 3703 1229 Ec-

2059 1259 2246 1315 clesite
2265 1261 2494 1317 animas
2513 1263 2825 1333 splendore
2847 1264 3081 1331 alliciat,
3108 1264 3456 1334 simitasque
3478 1267 3708 1319 nostras

2057 1348 2393 1419 illuminat),
2446 1368 2512 1406 ac
2543 1356 2769 1407 montes
2799 1352 3011 1419 adhuc,
3045 1357 3102 1407 et
3131 1352 3339 1418 saltus,
3384 1357 3440 1407 et
3487 1352 3705 1408 ﬂuenta

2058 1439 2524 1510 circumspectet,
2557 1440 2831 1512 lupisque
2888 1442 3220 1497 animarum
3262 1442 3597 1514 raptoribus
3625 1441 3705 1498 la—

2059 1544 2240 1598 queos
2269 1529 2570 1601 excogitet,
2596 1547 2711 1601 quo
2744 1531 3083 1603 tempestive
3113 1532 3327 1603 pedum
3355 1547 3588 1603 quoque
3616 1530 3702 1601 ip-

2060 1634 2191 1673 sum
2225 1618 2488 1688 accipiat,
2521 1624 2580 1674 et
2610 1636 2743 1675 cum
2776 1636 2909 1677 vero
2959 1625 3197 1676 Pastore
3256 1636 3493 1693 gregem
3548 1620 3704 1675 hunc

2059 1707 2281 1763 ratione
2304 1709 2609 1779 praeditum
2629 1714 2853 1780 pascat,
2876 1710 2934 1764 in
2955 1709 3080 1767 loco
3110 1711 3153 1745 δδ
3182 1726 3431 1782 pascuae,
3464 1709 3572 1766 hoc
3594 1713 3701 1780 est,

2059 1800 2336 1868 perpetuo
2360 1797 2679 1853 virentibus
2711 1799 2810 1854 Dei
2841 1800 3212 1855 sermonibus
3228 1816 3362 1855 eum
3390 1798 3702 1869 collocans,

2060 1902 2126 1942 ac
2156 1886 2490 1943 refectionis
2521 1902 2693 1958 aqua,
2734 1887 2793 1943 id
2824 1893 2915 1944 est
2943 1888 3161 1960 Spiritu
3192 1893 3394 1945 sancto
3425 1890 3702 1944 educans.

2057 1976 2241 2045 Atque
2273 1976 2381 2030 hoc
2412 1976 2677 2047 quidem,
2707 1980 2764 2031 et
2784 1993 3112 2048 speramus,
3146 1981 3202 2033 et
3221 1983 3515 2050 optamus.
3564 1977 3703 2034 Mihi

2059 2080 2191 2118 vero
2216 2065 2342 2134 jam
2382 2068 2618 2137 tempus
2648 2070 2758 2133 est,
2795 2070 2855 2121 ut
2884 2066 3205 2137 gratiarum
3239 2067 3452 2122 actioni
3503 2067 3705 2121 admo-

2060 2152 2343 2207 nitionem
2376 2153 2693 2225 adjungam
2720 2178 2733 2221 ;
2764 2154 2916 2209 hanc
2938 2159 3134 2209 autem
3166 2171 3342 2227 quam
3365 2155 3704 2225 poterobre-

2058 2240 2297 2297 vissime
2319 2243 2728 2315 perstringam,
2762 2244 3235 2315 quandoquidem
3283 2261 3385 2299 vos
3423 2244 3550 2314 jam
3582 2259 3703 2297 ma-

2059 2330 2217 2386 xima
2245 2346 2312 2385 ex
2344 2335 2507 2401 parte
2554 2332 3009 2388 admonitionem
3060 2333 3204 2405 ipsis
3243 2333 3520 2404 operibus
3550 2332 3698 2389 185

2063 2419 2471 2492 praevenistis};
2490 2435 2596 2476 nec
2612 2421 2872 2495 longiore
2892 2422 2977 2476 illi
2999 2422 3259 2479 oratione
3279 2439 3426 2496 opus
3464 2421 3704 2491 habent,

2067 2526 2214 2581 quos
2244 2510 2598 2581 experientia
2632 2512 2760 2582 ipsa
2787 2512 3053 2568 erudivit.

2137 2603 2207 2653 X.
2241 2599 2670 2655 Providendum
2702 2600 2936 2673 quidem
2962 2601 3220 2673 primum
3242 2601 3412 2657 nobis
3432 2604 3573 2667 erat,
3594 2601 3708 2657 fra-

2065 2691 2205 2757 tres,
2239 2705 2309 2743 ne
2326 2689 2741 2758 divideremur,
2765 2708 2831 2745 ac
2861 2696 3027 2747 vetus
3058 2691 3203 2746 illud
3231 2698 3498 2747 nostrum
3529 2691 3710 2746 decus

2066 2781 2123 2832 et
2151 2782 2561 2833 ornamentum
2594 2778 3008 2847 deleretur;ob
3049 2782 3203 2851 quod
3236 2795 3471 2852 gregem
3528 2779 3710 2848 hunc,

2066 2867 2374 2938 caeteroqui
2402 2884 2665 2939 parvum,
2693 2869 2904 2940 vixque
2933 2869 3197 2939 dignum,
3232 2870 3333 2941 qui
3360 2870 3513 2924 inter
3562 2868 3708 2925 cele-

2063 2958 2198 3012 bres
2211 2972 2417 3029 greges
2438 2961 2797 3027 numeretur,
2814 2975 2945 3014 cum
2966 2959 3237 3014 maximis
3254 2964 3311 3015 et
3326 2958 3709 3030 amplissimis

2064 3047 2445 3118 adaequabam
2472 3064 2484 3113 ;
2509 3046 2626 3101 imo
2658 3047 2832 3101 etiam
2865 3048 3217 3119 quibusdam
3240 3048 3299 3103 in
3324 3048 3572 3120 Spiritus
3594 3046 3709 3103 vir-

2063 3139 2187 3191 tute
2216 3136 2611 3207 praeferebam.
2645 3136 2739 3192 Sic
2770 3152 3022 3206 namque
3051 3153 3113 3192 se
3169 3153 3260 3192 res
3314 3137 3587 3207 habebat,
3648 3140 3712 3192 ut

2064 3240 2198 3279 cum
2231 3224 2327 3279 alii
2354 3223 2468 3280 alio
2499 3226 2755 3296 quodam
2787 3230 3147 3296 ornamento,
3197 3225 3283 3282 vel
3336 3226 3565 3297 majori,
3625 3225 3713 3281 vel

2065 3312 2279 3368 minori
2306 3313 2533 3385 praediti
2562 3314 2699 3383 sint,
2734 3314 2918 3369 nostri
2950 3315 3116 3371 ovilis
3146 3315 3254 3371 hoc
3299 3315 3550 3371 maxime
3581 3330 3716 3386 pro-

2066 3401 2257 3474 prium
2289 3407 2462 3471 esset,
2495 3405 2650 3474 quod
2682 3404 2941 3476 separari
2973 3422 3039 3460 ac
3087 3405 3264 3460 dividi
3323 3421 3439 3460 non
3497 3407 3714 3475 posset,

2066 3496 2243 3564 atque
2272 3493 2345 3548 ab
2372 3493 2529 3549 omni
2562 3493 2806 3549 dissidio
2838 3494 3208 3550 abhorreret:
3241 3494 3322 3550 ita
3364 3498 3429 3549 ut
3458 3510 3715 3566 persaepe

2066 3598 2200 3637 arca
2229 3582 2348 3638 Noe
2375 3583 2563 3638 vocati
2586 3583 2795 3654 simus,
2828 3588 2893 3638 ut
2922 3600 3049 3655 quas
3093 3583 3216 3639 sola
3246 3582 3404 3639 orbis
3462 3582 3718 3638 universi

2066 3669 2351 3725 diluvium
2375 3671 2696 3744 effugisset,
2724 3688 2790 3727 ac
2822 3672 3053 3743 pietatis
3066 3672 3293 3728 semina
3315 3673 3372 3727 in
3396 3671 3565 3726 nobis
3586 3688 3719 3726 con-

2067 3765 2375 3816 servasset.
2410 3760 2697 3826 Quoniam
2728 3766 2926 3816 autem
2959 3761 3231 3816 homines
3262 3776 3392 3816 esse
3439 3759 3722 3831 comperti

2063 3864 2295 3916 sumus,
2330 3866 2433 3905 nec
2467 3849 2627 3920 pravi
2658 3849 2795 3905 ilius
2819 3849 3101 3905 invidiam
3133 3848 3719 3920 omninoeﬂ'ugimus,

2066 3954 2170 3992 nec
2193 3938 2394 3992 morbo
2424 3954 2512 4003 eo,
2544 3938 2640 4008 qui
2673 3938 2871 3993 omnia
2901 3939 3247 4010 occupabat,
3275 3938 3605 4009 superiores
3624 3954 3721 3993 ex-

2066 4025 2357 4093 stitimus;
2391 4042 2593 4081 verum
2626 4025 2873 4099 publicae
2911 4025 3265 4082 calamitatis
3324 4030 3546 4098 partem
3606 4026 3721 4098 ipsi

2064 4131 2299 4186 quoque
2325 4115 2679 4186 accepimus,
2711 4131 2817 4171 nec
2831 4114 3172 4187 praeclaram
3197 4120 3252 4170 et
3282 4120 3587 4188 paternam
3613 4119 3720 4171 hae-

2064 4204 2394 4273 reditatem,
2413 4204 2521 4260 hoc
2536 4209 2643 4272 est,
2668 4205 2989 4260 concordiae
3013 4205 3254 4271 bonum,
3289 4206 3359 4260 ad
3388 4210 3718 4262 extremum

2064 4309 2253 4364 usque
2270 4293 2642 4359 retinuimus,
2658 4311 2773 4349 non
2789 4311 2996 4366 parum
3012 4300 3207 4350 tamen
3224 4294 3317 4350 hic
3330 4305 3561 4366 quoque
3574 4295 3721 4351 alios

2066 4383 2474 4453 superavimus
2503 4384 2747 4455 (siquid
2791 4384 2968 4439 etiam
3021 4384 3304 4442 adversus
3347 4384 3718 4441 inimicitiam

2067 4475 2330 4527 nostram
2361 4472 2596 4543 gloriari
2629 4475 2877 4544 oportet,
2909 4472 3138 4528 Christo
3176 4473 3399 4541 fretos),
3450 4474 3604 4545 quod
3654 4474 3715 4528 in

2068 4559 2218 4615 hanc
2249 4561 2514 4617 fraudem
2552 4560 2743 4616 ultimi
2791 4561 3069 4634 prolapsi,
3094 4562 3269 4634 primi
3292 4562 3714 4618 erectisumus.

303 4655 515 4727 πρῶτοι
575 4648 960 4726 διορθωθῆναι.
1020 4651 1090 4705 Τὸ
1152 4651 1245 4724 μὲν
1298 4651 1398 4726 γὰρ
1459 4649 1801 4727 ἀρῥωστῆσαι
1849 4653 1949 4717 τῆς

2068 4647 2202 4706 Nam
2230 4650 2382 4722 quod
2413 4650 2472 4705 in
2505 4651 2774 4706 morbum
2817 4650 3217 4719 inciderimus,
3249 4652 3582 4708 communis
3612 4668 3715 4709 na-

377 4760 422 4794 “
452 4758 657 4815 Matth.
689 4774 746 4829 v,
780 4759 867 4814 15.
945 4760 989 4794 ⁵⁸
1020 4759 1171 4816 Psal.
1202 4776 1344 4829 χχιι,
1375 4761 1431 4813 2.

377 4869 488 4935 (21))
517 4869 632 4919 Τῶν
691 4865 1111 4938 ποιμένωνντὸν
1157 4866 1508 4938 τιμιώτατον.
1554 4865 1728 4921 Juxta
1774 4864 1960 4938 Scho-

298 4938 537 4993 liastam
569 4943 625 4993 et
651 4936 835 4993 Eliam
866 4937 1119 4994 Basilius
1139 4936 1234 4994 hic
1254 4938 1695 5009 intelligendus,
1728 4937 1826 5007 qui
1858 4936 1960 5009 ad-

302 5011 421 5082 huc
457 5031 477 5057 ι
514 5012 805 5082 sacerdos,
840 5016 957 5082 »_et
989 5013 1250 5066 nondum
1288 5034 1308 5059 α
1334 5007 1706 5082 epis—copas,»
1746 5012 1809 5063 ut
1839 5007 1962 5082 vult

301 5081 485 5147 Elias,
519 5081 581 5153 in
610 5082 774 5137 Ponti
807 5079 1191 5138 solitudinem
1221 5099 1281 5137 se
1316 5079 1630 5153 receperat,
1653 5086 1716 5135 ut
1747 5079 1959 5135 multo-

300 5170 435 5211 rum
463 5151 759 5209 individize
783 5154 1033 5209 cederet.

534 5222 595 5298 Et
644 5224 733 5277 καὶ
794 5222 1072 5298 λόγοιςν-
1115 5217 1497 5279 ἀναϐάλλεται.
1561 5228 1693 5279 Hzec
1745 5222 1960 5278 desunt

296 5295 530 5369 in'Re'g.
571 5297 688 5363 bm,
739 5295 926 5369 tribus
957 5295 1139 5369 (301b,.
1172 5299 1265 5369 0r.
1302 5298 1353 5369 1,
1385 5301 1491 5351 etc.

370 5366 695 5440 (22)Iligav
722 5368 845 5435 τήν.
883 5372 1051 5440 Deest
1069 5366 1276 5440 nijin
1314 5368 1490 5440 Regg.
1526 5384 1578 5440 a,
1612 5367 1733 5421 bm.

370 5373 463 5439 (22
518 5373 695 5420 Πᾶσαν
722 5373 845 5435 τήν.
883 5373 1051 5423 Deest
1069 5373 1187 5435 τήν,
1220 5373 1276 5420 in
1315 5373 1490 5440 Hegg.
1526 5384 1578 5437 a,
1613 5373 1733 5421 bm.

368 5373 486 5511 (23)
542 5436 817 5509 Ἀληθινῷ
872 5439 1115 5509 ποιμένι.
1161 5439 1262 5493 Ηὶο
1294 5439 1652 5511 Gregorium
1687 5442 1955 5511 patrem,

300 5508 545 5569 Nazian.
578 5508 843 5565 EcClesiae
867 5512 1231 5583 episcOpum,
1256 5508 1585 5582 significat;
1616 5508 1704 5565 vel
1737 5508 1954 5581 potius,

298 5584 620 5640 Christum.

372 5655 486 5725 (24)
537 5652 930 5725 Λόγοιςηῐὶθε.
966 5670 1018 5723 a,
1051 5651 1222 5708 Coisl.
1252 5652 1305 5718 3,
1330 5650 1423 5705 Or.
1466 5655 1516 5717 1,
1577 5652 1825 5707 Montac.
1858 5647 1952 5704 λο-

299 5724 471 5799 γίοις,
510 5746 539 5775 (ί
570 5724 842 5799 oraculis.
879 5724 907 5775 ὦ

374 5790 482 5869 (25)
536 5792 933 5875 Προειλήφατε.
996 5794 1171 5852 Gabr.
1229 5790 1665 5870 προειλήφαμεν.
1724 5792 1953 5864 Billius,

2081 4886 2102 4914 α
2138 4864 2394 4938 maxima
2416 4864 2541 4936 jam
2561 4882 2629 4921 ex
2647 4870 2808 4936 parte
2830 4881 2930 4921 vos
2953 4866 3267 4938 operaipsa
3289 4871 3661 4923 monuerunt.
3687 4888 3715 4918 ››

2147 4936 2256 5012 (26)
2283 4938 2516 5012 *Μικράη
2548 4942 2685 5012 etc.‘
2709 4938 2846 5007 Reg.
2884 4955 2956 5012 8,,Δ
2974 4936 3178 5012 μικράν
3199 4940 3360 5012 ἡμῶν
3380 4937 3573 5012 οὖσαν.

2164 4940 2236 4991 26
2290 4940 2516 5010 Μικράν,
2548 4942 2658 4993 etc.
2709 4940 2846 5007 Reg.
2884 4955 2937 5007 a,
2974 4940 3167 5012 μικράν
3199 4940 3357 5008 ἡμῶν
3392 4940 3511 4991 οὗσσ

2162 4940 2256 5079 27)
2283 5008 2488 5079 Ἀξίαν,
2521 5014 2631 5081 etc.
2660 5009 2785 5064 Duo
2808 5014 2903 5063 Or.
2940 5007 2990 5062 έν
3024 5008 3308 5081 ποιμνίοις
3339 5009 3511 5079 ἀξίαν.

2162 5014 2251 5079 27)
2285 5014 2488 5079 Ἀξίαν,
2521 5014 2631 5064 etc.
2660 5014 2785 5064 Duo
2808 5014 2903 5063 Or.
2940 5014 2990 5062 ἐν
3024 5014 3308 5081 ποιμνίοις
3339 5014 3511 5079 ἀξίαν.

2139 5014 2251 5152 (28)
2284 5081 2337 5135 Δ’
2361 5079 2549 5154 ὤνκαὶ
2581 5081 2918 5154 προετίθουν.
2952 5086 3125 5154 Regg.
3182 5083 3302 5147 bm,
3360 5082 3463 5151 hu,
3508 5083 3602 5139 0r.
3666 5085 3717 5154 1,

2099 5147 2155 5205 δὲ
2186 5147 2278 5208 ὧν.
2315 5152 2487 5226 Ooisl.
2516 5147 2911 5226 i,_1tpoeri0_r,iv.

2162 5226 2253 5299 29)
2275 5223 2469 5299 ,Εἶχεπμ
2501 5223 2673 5299 Coisl}
2712 5226 2784 5299 1L
2797 5224 2965 5299 εἶχον.

2161 5293 2579 5367 3Ο)Ἰδὶῐέ›τατον
2613 5298 2700 5363 ἦν.
2756 5293 2927 5351 Deest
2957 5296 3013 5350 in
3064 5295 3334 5368 pluribus
3389 5297 3709 5354 codicibus.

2160 5369 2247 5437 3i)
2274 5369 2374 5439 Aé._
2409 5368 2582 5439 Deest
2613 5368 2670 5422 in
2707 5367 2884 5439 Regg.
2922 5368 3039 5431 bm,
3068 5367 3192 5422 ’hu.

2139 5436 2249 5510 (32)
2283 5436 2579 5499 Πολλάκις.
2625 5440 2765 5511 Reg.
2796 5436 2859 5510 a,
2890 5442 2945 5495 et
3003 5444 3098 5493 Ur.
3153 5441 3177 5493 1
3240 5438 3485 5503 addunt,
3542 5440 3713 5511 ἡμᾶς,

2066 5512 2220 5580 quod
2249 5518 2486 5566 secutus
2518 5517 2607 5567 est
2630 5510 2854 5568 Billius.

2136 5584 2246 5655 (33)
2281 5584 2364 5634 Ἐν
2420 5581 2573 5654 αὐτῇ.
2618 5584 2756 5655 Reg.
2805 5583 2906 5649 hu,
2950 5581 3045 5637 Or.
3108 5583 3156 5649 1,
3218 5580 3267 5635 ἐν
3329 5578 3512 5652 ἑαυτῆ,
3573 5606 3601 5635 ‹‹
3654 5585 3709 5642 in

2063 5653 2339 5725 seipsa.»
2432 5721 2447 5725 _
2553 5721 2598 5725 μ
2710 5653 2725 5655 “
2838 5724 2845 5725 ί
2984 5662 3011 5725 γ’

2135 5721 2244 5800 (34)
2276 5721 2517 5794 Ἐπειδὴ.
2548 5721 2624 5784 δέ.
2660 5726 2800 5799 Reg,
2832 5724 2935 5793 hu,
2968 5724 3061 5781 Or.
3095 5724 3151 5795 l,
3174 5724 3323 5782 Ἐπεὶ
3355 5721 3431 5782 δὲ.
