4146 6290
430 400 550 459 735
1676 386 1743 445 S.
1791 382 2164 445 GREGORII
2215 384 2611 448 THEOLOGI
3734 394 3852 454 736

431 535 579 585 tum
608 530 696 583 est
716 526 987 581 humane:
1019 521 1404 588 inﬁrmitatis,
1460 535 1586 591 quas
1632 533 1856 586 omnes,
1913 517 2084 573 etiam

2207 521 2397 588 κοινῆς
2457 518 2685 596 φύσεως,
2744 520 2831 576 καὶ
2907 528 3008 591 τῆς
3065 522 3334 585 ἀσθενείας
3388 528 3486 593 τῆς
3544 524 3794 600 ἀνθρωπί
3828 558 3850 569 -

432 618 628 675 animo
658 619 715 671 et
731 610 1439 685 corporevalentissimos,
1465 607 1656 680 attigit
1682 625 1694 675 ;
1715 606 1870 679 quod
1893 610 2088 662 autem

437 707 704 763 morbum
741 702 1165 776 depulerimus,
1200 704 1373 771 atque
1406 698 1476 754 ad
1511 697 1881 753 concordiam
1940 696 2092 751 inter

434 813 541 852 nos
573 793 945 859 redierimus,
978 792 1037 846 id
1072 790 1317 845 rationis
1341 805 1558 844 munus
1591 792 1698 855 est,
1760 786 2089 859 gratiaeque

432 886 662 955 divinae,
688 901 813 956 quas
840 881 1081 954 pulchre
1112 883 1169 934 et
1201 894 1459 949 atque,ac
1485 876 1696 933 melius
1722 892 1901 949 quam
1927 879 2090 938 opta-

433 978 645 1032 bamus
677 977 778 1029 aut
798 972 895 1029 alii
920 972 1185 1026 futurum
1208 968 1543 1040 sperabant,
1562 982 1801 1021 causam
1826 969 2090 1021 nostram

436 1062 801 1136 disceptavit.

500 1153 593 1208 ΧΙ.
627 1152 774 1207 Nam
806 1154 862 1205 et
893 1166 999 1203 nos
1032 1147 1170 1201 data
1200 1145 1453 1217 praecisas
1487 1143 1637 1216 parti
1670 1141 1883 1214 capita,
1931 1140 2092 1196 velut

426 1260 531 1317 pro
563 1242 801 1314 pietate,
854 1243 1027 1310 atque
1084 1237 1155 1290 ad
1216 1239 1381 1290 recte:
1432 1234 1709 1289 doctrinae
1766 1230 2090 1287 laborantis

422 1329 755 1387 subsidium
792 1327 1123 1397 designata,
1160 1341 1293 1379 cum
1323 1324 1536 1395 gaudio
1552 1321 1948 1393 suscepimus,
1983 1336 2089 1375 nec

425 1424 493 1477 ut
521 1421 722 1476 hostes
752 1416 1111 1488 defugimus,
1144 1430 1349 1469 verum
1369 1417 1432 1467 ut
1455 1415 1685 1479 fratres,
1717 1412 1817 1481 qui
1836 1410 2089 1466 fraterne

430 1510 693 1583 quidem,
725 1524 841 1562 non
873 1521 1004 1561 vero
1028 1502 1317 1559 malitiose
1350 1518 1453 1574 pro
1477 1506 1723 1572 paterna
1750 1499 2089 1554 haereditate

428 1598 739 1673 paululum
766 1594 1227 1661 contendissent,
1257 1590 1506 1662 amplexi
1533 1606 1741 1644 sumus
1777 1606 1790 1643 ι
1826 1592 1999 1659 atque
2023 1592 2089 1642 ut

426 1689 663 1746 illorum
679 1684 1107 1742 dissensionem
1120 1681 1581 1752 haudquaquam
1597 1678 1987 1745 laudavimus,
2010 1677 2090 1732 ita

427 1793 667 1835 rursum
700 1791 902 1830 eorum
921 1771 1110 1827 zelum
1132 1769 1645 1842 comprobavimus
1672 1767 1908 1835 ;melior
1929 1766 2085 1822 enim

426 1871 517 1925 est
544 1864 836 1923 contentio
867 1861 1103 1934 pietatis
1138 1878 1315 1915 causa
1347 1862 1640 1930 suscepta,
1675 1874 1851 1929 quam
1874 1856 2086 1913 vitiosa
2115 1888 2164 1954 B

427 1954 759 2014 concordia.
784 1955 862 2008 Ac
894 1951 1136 2025 proinde
1184 1949 1635 2005 subductionem
1691 1947 1844 2003 186
1879 1962 2077 2002 acces-

428 2047 655 2104 sionem
688 2046 951 2099 nostram
980 2040 1251 2106 fecimus,
1281 2038 1596 2093 consilium
1627 2039 1941 2092 adversum
1972 2052 2080 2090 nos

427 2135 644 2192 initum
694 2130 973 2186 charitate
1005 2126 1470 2195 dissimulantes,
1503 2130 1675 2196 atque
1697 2124 1961 2179 ordinem
1983 2141 2079 2180 ea-

428 2227 602 2279 tenus
634 2221 1039 2285 immutantes,
1076 2220 1139 2271 ut
1189 2232 1301 2270 non
1336 2214 1675 2271 electionem
1709 2214 1919 2285 gratia,
1977 2214 2078 2268 sed

427 2312 677 2386 gratiam
699 2308 902 2365 electio
934 2310 1296 2377 sequeretur,
1326 2320 1574 2375 eamque
1606 2304 1675 2357 ad
1718 2319 1839 2357 rem
1872 2302 2081 2358 alienis

427 2401 703 2459 manibus
735 2404 1047 2465 uteremur,
1081 2394 1384 2467 paululum
1432 2394 1714 2464 quiddam
1772 2410 1805 2447 a
1862 2392 2079 2462 Spiritu

426 2489 722 2564 praeventi.
755 2488 822 2542 Et
854 2503 974 2551 vos,
1010 2501 1268 2548 rursum,
1304 2484 1529 2553 abjecta
1550 2482 1789 2537 sinistra
1807 2497 1873 2536 ea
1894 2480 2083 2552 suspi-

432 2581 622 2647 cione,
648 2592 823 2649 quam
847 2574 1135 2646 scriptum
1166 2572 1315 2627 illud
1347 2573 1549 2626 aﬁ'erre
1599 2572 1805 2643 potuit,
1838 2570 1908 2625 ad
1960 2570 2080 2641 spi-

426 2669 607 2726 ritum
638 2664 975 2722 accurristis
1001 2688 1016 2731 ;
1048 2666 1224 2733 atque
1246 2666 1310 2715 ut
1344 2661 1786 2732 simplicitatem
1818 2663 2081 2716 nostram

428 2761 501 2817 ob
524 2774 658 2814 eum
691 2770 955 2824 sensum,
989 2769 1164 2824 quem
1192 2751 1366 2806 verba
1394 2766 1512 2821 prae
1551 2768 1613 2805 se
1657 2749 1938 2820 ferebant,
1971 2748 2082 2803 mi-

429 2849 583 2906 nime
610 2844 922 2919 probastis,
959 2844 1042 2897 ita
1072 2842 1435 2912 impietatem
1456 2840 1624 2895 nobis
1644 2855 1946 2911 nunquam
1979 2839 2081 2894 ob-

423 2937 653 3012 jecistis
682 2952 694 2990 :
726 2950 930 2991 verum
981 2934 1352 3004 perspectum
1388 2929 1702 2997 habuistis,
1735 2928 2082 2983 Trinitatem

430 3028 585 3101 apud
619 3042 725 3083 nos
757 3024 989 3079 ﬁrmam
1021 3026 1078 3077 et
1106 3021 1573 3088 immotam,non
1598 3018 1793 3073 minus
1819 3034 1996 3090 quam
2021 3017 2082 3072 in

428 3135 538 3174 sua
556 3120 767 3173 natura
788 3127 1043 3182 manere,
1069 3128 1131 3165 ac
1149 3109 1314 3165 nobis
1338 3110 1492 3164 idem
1525 3108 1692 3180 plane
1714 3125 1862 3164 esse.
1879 3107 2081 3162 Trium

428 3209 644 3264 horum
676 3204 896 3274 aliquid
920 3201 1253 3274 praecidere,
1287 3204 1388 3253 aut
1410 3198 1759 3264 abalienare,
1789 3198 1944 3269 quod
1993 3201 2081 3252 to-

430 3255 643 3264 ..ν---
679 3255 975 3274 “rw..-
1241 3255 1251 3265 .
1748 3255 1757 3264 ,
1808 3255 1824 3269 ι

427 3300 556 3353 tum
589 3294 954 3362 submovere,
988 3308 1053 3345 ac
1086 3291 1156 3344 de
1188 3289 1377 3344 medio
1406 3288 1626 3356 tollere,
1662 3289 1939 3358 nudoque
1987 3303 2081 3342 ca-
2113 3255 2157 3322 Γ·

434 3385 554 3460 pite
586 3384 864 3440 adversus
895 3380 1258 3436 divinitatem
1282 3377 1541 3449 grassari
1575 3381 1745 3447 atque
1799 3377 1939 3442 haec,
1996 3376 2079 3431 vi-

434 3480 604 3549 gente
632 3473 806 3530 etiam
837 3472 963 3543 ipso
995 3468 1239 3525 dissidio
1274 3471 1477 3523 mutuo
1500 3468 1571 3521 de
1604 3467 1792 3533 nobis,
1820 3466 2082 3539 quando-

435 3582 547 3639 que
562 3568 619 3620 et
638 3562 792 3635 apud
808 3560 1094 3633 quosdam
1115 3556 1404 3621 homines,
1422 3556 1808 3628 praedicabam
1819 3574 1910 3623 us,
1929 3555 2082 3627 quod

433 3655 654 3713 scilicet
693 3652 1017 3708 maximum
1050 3648 1227 3703 etiam
1250 3646 1509 3701 veritatis
1531 3650 1945 3717 argumentum
1964 3649 2087 3701 erat

432 3746 649 3818 quippe
682 3760 814 3797 cum
848 3741 977 3812 ipsa
1010 3754 1079 3793 ne
1127 3755 1160 3792 a
1184 3740 1444 3807 tempore
1471 3736 1706 3806 quidem
1739 3735 2084 3802 vinceretur,

431 3850 537 3889 nec
569 3829 895 3897 inimicitia,
930 3825 1234 3882 charitatis
1259 3826 1407 3895 ejus,
1443 3842 1569 3895 quae
1610 3824 1669 3878 in
1719 3824 1885 3879 nobis
1940 3828 2084 3895 erat,

432 3921 759 3995 igniculum
793 3934 1035 3990 prorsus
1068 3915 1502 3986 exstingueret:
1564 3916 1872 3985 propterea
1929 3914 2084 3984 quod

434 4010 625 4077 nobis,
657 4009 835 4064 etiam
855 4005 1305 4072 dissidentibus,
1324 4004 1379 4058 id
1396 4048 1408 4072 ,
1424 4003 1576 4074 quod
1600 4002 1918 4057 maximum
1940 4006 2084 4069 erat,

437 4100 717 4155 nimirum
750 4098 951 4153 eadem
982 4096 1052 4150 de
1072 4096 1186 4149 ﬁde
1208 4093 1495 4150 sententia
1514 4093 1787 4159 suberat;
1812 4090 2087 4162 illiusque

438 4189 607 4245 nobis
638 4186 853 4242 conscii
892 4201 1147 4249 eramus,
1180 4200 1286 4239 nos
1318 4183 1378 4237 in
1407 4182 1665 4237 veritatis
1697 4182 1927 4253 negotio
1974 4182 2087 4237 mi-

512 4310 620 4383 (35)
653 4307 1018 4383 Ἀνθρῳπίνης
1044 4308 1106 4383 ἢ.
1136 4308 1255 4383 Sic__
1280 4307 1457 4380 Regg.
1493 4324 1547 4376 a,
1598 4308 1720 4374 bm,
1779 4310 1835 4363 et
1887 4306 1983 4364 Or.
2030 4309 2084 4363 1.

435 4375 589 4443 Εάἶῒὶ
607 4375 785 4453 'vero,
810 4378 1123 4453 ἀνθρωπίνη
1137 4400 1204 4453 ς,.

509 4412 1320 4581 Ἴιέἓέ⁴⁴⁹ἓόᾈῗῆλέξρς
1382 4447 1720 4513 ἀπανελθεῖν.
1782 4450 1911 4507 Haec
1968 4467 2083 4507 non

511 4545 537 4581 Γ
568 4544 584 4580 1
692 4543 707 4579 l
764 4565 776 4578 .

437 4526 614 4584 vertit
646 4526 776 4581 Bill.

512 4598 723 4681 ($7)""E
752 4592 933 4681 καλῶς
962 4593 1119 4681 ἠὶμξν,
1153 4596 1259 4681 etc.
1453 4594 1631 4667 Regg.
1691 4594 1814 4661 bm,
1874 4594 1969 4649 Or.
2018 4595 2081 4651 In

444 4663 581 4729 edit.
706 4665 888 4738 καλῶς
917 4663 1018 4738 καὶξ
1040 4663 1260 4726 δικαίως
1291 4665 1450 4738 ἡμῖν.

509 4736 1154 4824 (33)ν’ρμονοιίαςῷθπέιρ.
1206 4738 1298 4793 Sic
1340 4736 1477 4812 Reg.
1511 4738 1612 4809 hu,
1663 4740 1718 4793 et
1766 4738 1860 4793 Or.
1922 4738 1972 4795 1.
2019 4741 2085 4793 In

438 4810 636 4884 editis,
662 4810 917 4883 ὁμονοίας
947 4812 980 4878 ἦ
1014 4810 1167 4884 ᾧπέρ.

512 4880 629 4957 (39)
655 4880 977 4957 Προσθίξκην
1012 4880 1229 4957 ἑαυτῶν,
1261 4887 1351 4937 etc
1377 4904 1418 4957 ιι
1464 4880 1874 4957 Accessionem
1913 4896 2084 4957 suam

440 4952 577 5011 fecit
596 4952 949 5028 {)Gr'egorius
970 4956 1183 5028 senior,
1208 4971 1339 5009 cum
1364 4954 1720 5028 dissidentes
1744 4952 2083 5028 monachos,

441 5032 501 5083 et
530 5043 627 5082 eos
648 5044 716 5083 ex
746 5023 911 5097 ipsis,
948 5027 1069 5097 qui,
1105 5023 1310 5098 praeter
1340 5026 1528 5098 ipsius
1585 5023 1970 5098 voluntatem,
1995 5094 2004 5098 Δ
2031 5028 2088 5079 et

440 5102 644 5170 contra
684 5093 1064 5170 ecclesiastici
1104 5093 1344 5153 canonis
1364 5093 1811 5170 praescriptum,
1844 5093 2085 5170 alterius

439 5168 1006 5251 episcopi_sull_‘ragio
1038 5166 1648 5251 sacerdotes'ordinati
1703 5166 1951 5251 fuerant,
1986 5166 2084 5222 be-

436 5237 616 5323 nigne
640 5237 1028 5323 lubenterque
1060 5246 1187 5323 post
1220 5242 1471 5323 reditum
1506 5239 1563 5291 in
1597 5237 1969 5323 concordiam
1997 5255 2085 5323 re-

440 5310 615 5384 cepit,
656 5318 829 5384 atque
849 5310 1025 5367 etiam
1057 5310 1114 5367 in
1153 5313 1484 5384 sacerdotes
1508 5310 1767 5384 agnovit.
1793 5312 2085 5384 Quamob-

443 5382 565 5439 rem
601 5408 621 5434 ι
660 5382 772 5439 non
804 5384 1144 5440 electionem
1176 5383 1381 5455 gratia,
1423 5383 1524 5437 sed
1571 5382 1820 5455 gratiam
1879 5382 2084 5455 electio

445 5460 642 5510 secuta
663 5460 777 5522 est;
813 5476 839 5505 ››
869 5456 1004 5525 quia
1036 5453 1334 5523 nimirum,
1384 5471 1495 5508 non
1556 5453 1771 5525 proprii
1831 5453 2085 5526 episcopi

449 5526 731 5597 suffragio
757 5526 964 5581 delecti
988 5528 1235 5590 fuerant,
1266 5526 1402 5579 licet
1435 5529 1652 5596 postea,
1693 5526 1918 5581 reddita
1946 5541 2085 5597 pace

450 5596 1003 5667 periindulgentiam
1036 5597 1283 5667 probati.

545 5666 632 5726 40)
662 5666 951 5722 Ἐπίνοιαν.
983 5690 1010 5717 ‹‹
1038 5666 1351 5726 Sinistrum
1382 5666 1798 5726 susuicioncm.
1840 5690 1858 5716 ιι

545 5667 611 5719 40
662 5667 951 5722 Ἐπίνοιαν.
983 5690 1010 5717 ‹‹
1041 5669 1351 5726 Sinistrum
1382 5684 1485 5723 sus
1511 5667 1798 5723 ‘icioncm.
1840 5690 1858 5716 ιι

544 5667 633 5804 At)
662 5738 805 5793 Κατά
829 5735 923 5794 τοῦ
948 5737 1288 5815 γράμματος.
1338 5685 1621 5813 Inteliigit
1656 5739 1942 5814 scriptum
1992 5738 2087 5799 cui

2112 4630 2161 4697 D

2201 629 2318 676 νης,
2351 607 2384 677 ἢ
2420 611 2533 682 (35)
2580 610 2794 665 πάντων
2847 612 3093 686 ἅπτεται,
3140 612 3229 667 καὶ
3281 616 3388 668 τῶν
3440 611 3564 668 λίαν
3607 611 3848 691 ἰσχυρῶν

2200 698 2263 750 τὸ
2295 700 2454 770 σῶμα
2483 699 2571 753 καὶ
2618 701 2716 768 τὴν
2766 698 3028 755 διάνοιαν⁸
3081 702 3141 757 τὸ
3199 700 3255 756 δὲ
3301 707 3713 778 θεραπευθῆναι,
3760 704 3850 757 καὶ

2203 786 2339 860 πρὸς
2390 786 2675 859 ἀλλήλους
2724 789 3030 845 ἐπανελθεῖν
3096 793 3246 865 (36),
3294 796 3389 845 τοῦ
3441 790 3714 866 λογισμοῦ
3760 792 3850 846 καὶ

2202 880 2302 943 τῆς
2335 874 2585 951 χάριτος,
2630 878 2663 946 ἢ
2718 878 2899 941 καλῶς
2949 882 3083 953 ἡμῖν
3138 881 3253 955 (37)
3298 880 3388 934 καὶ
3437 876 3659 941 δικαίως
3690 874 3850 955 ἐϐρά-

2205 958 2383 1033 ϐευσε,
2413 965 2501 1020 καὶ
2548 971 2791 1040 κρεῖττον
2825 968 2859 1036 ἢ
2893 969 3029 1024 κατὰ
3073 970 3168 1031 τὰς
3222 970 3491 1046 ἡμετέρας
3543 968 3729 1045 εὐχὰς,
3762 970 3853 1024 καὶ

2202 1053 2296 1116 τὰς
2326 1058 2431 1109 τῶν
2470 1055 2655 1111 ἄλλων
2689 1055 2934 1119 ἐλπίδας.

2275 1145 2359 1199 IA'
2395 1190 2406 1201 .
2465 1146 2654 1217 Ἡμεῖς
2710 1168 2771 1201 τε
2847 1148 2947 1224 γὰρ
3003 1149 3097 1209 τὰς
3171 1146 3410 1210 δοθείσας
3468 1153 3547 1221 τῷ
3599 1150 3853 1223 τμήματι

2200 1232 2459 1312 κεφαλὰς,
2522 1235 2598 1297 ὡς
2657 1235 2788 1312 ὑπὲρ
2846 1232 3116 1299 εὐσεϐείας
3173 1237 3701 1311 καινοτομηθείσας,
3760 1240 3854 1293 καὶ

2203 1321 2280 1385 είς
2324 1324 2577 1398 βοήθειαν
2626 1328 2723 1379 τοῦ
2771 1325 2936 1398 ἀρθοῦ
2988 1324 3158 1402 λόγου
3207 1326 3531 1400 κάμνοντος,
3566 1327 3616 1381 ὲν
3662 1329 3853 1403 χάριτι

2199 1412 2617 1487 προσηκάμεθα,
2677 1414 2765 1467 καὶ
2826 1414 2933 1489 οὐχ
2989 1415 3063 1476 ὡς
3120 1415 3351 1491 ἐχθροὺς
3406 1415 3856 1494 ἀπεστράφημεν,

2200 1498 2327 1555 ἀλλ’
2404 1501 2478 1563 ὡς
2554 1498 2821 1580 ἀδελφοὺς
2907 1505 3372 1578 περιεπτυξάμεθα
3451 1505 3643 1581 μικρὸν
3718 1506 3857 1580 ὑπὲρ

2200 1588 2413 1665 κλήρου
2468 1595 2733 1666 πατρικοῦ
2789 1592 3167 1655 στασιάσαντας
3225 1591 3551 1671 ἀδελφικῶς,
3612 1592 3741 1649 ἀλλ’
3789 1594 3858 1649 οὗ

2198 1683 2483 1753 πονηρῶς’
2535 1680 2622 1734 καὶ
2669 1683 2768 1749 τῆς
2823 1681 2915 1754 μὶν
2969 1680 3171 1758 ἔχθρας
3219 1682 3317 1737 οὐκ
3366 1682 3714 1757 ἐπῃνέσαμεν,
3754 1688 3859 1738 τοῦ

2202 1766 2378 1838 ζήλου
2437 1766 2495 1823 δὲ
2569 1768 2936 1841 ἀπεδεξάμεθα
2968 1791 2981 1804 ·
3045 1770 3303 1846 κρείσσων
3383 1771 3484 1847 γὰρ
3570 1771 3857 1845 ὲμπαθοῦς

2199 1857 2454 1930 ὁμονοίας
2510 1861 2545 1928 ἡ
2604 1860 2735 1936 ὑπὲρ
2790 1862 2902 1933 (38)
2960 1856 3228 1924 εὐσεϐείας
3278 1858 3574 1924 διάστασις’
3628 1862 3717 1917 καὶ
3760 1860 3858 1918 διὰ

2189 1951 2350 2002 τοῦτο
2408 1949 2723 2023 προσθήκην
2780 1949 2981 2005 ἑαυτῶν
3046 1953 3159 2024 (39)
3223 1952 3322 2020 τὴν
3386 1951 3663 2029 ὑφαίρεσιν
3722 1973 3789 2006 πε
3830 1985 3855 1997 -

2188 2039 2488 2109 ποιήμεθα,
2553 2037 2847 2111 κλέψαντες
2918 2038 3096 2115 ἀγάπῃ
3142 2041 3239 2108 τὴν
3304 2042 3421 2095 καθ’
3479 2043 3640 2113 ἡμῶν
3701 2040 3789 2095 ἐπί
3831 2075 3851 2086 -

2190 2146 2334 2179 νοιαν
2374 2129 2507 2200 (40),
2556 2128 2646 2181 καὶ
2694 2131 2949 2182 τοσοῦτον
3008 2135 3109 2198 τῆς
3167 2129 3365 2199 τάξεως
3426 2127 3845 2203 ἐναλλάξανθες,

2191 2213 2315 2269 ὅσον
2357 2217 2431 2288 μὴ
2486 2219 2554 2289 τῇ
2606 2218 2774 2294 ψήφῳ
2824 2218 2922 2285 τὴν
2979 2219 3140 2293 χάριν
3190 2216 3584 2290 ἀκολουθῆσαι,
3629 2220 3730 2288 τὴν
3783 2217 3849 2276 δὶ

2192 2307 2371 2381 ψῆφον
2424 2304 2492 2378 τῇ
2540 2307 2748 2380 χάριτι,
2799 2306 2890 2361 καὶ
2947 2307 3134 2382 χερσὶν
3188 2305 3505 2378 ἀλλοτρίαις
3535 2307 3611 2371 είς
3640 2309 3847 2380 ταύτην

2190 2395 2693 2469 προσχρήσασθαι,
2759 2394 2948 2469 μικρόν
3003 2417 3056 2449 τι
3123 2396 3528 2475 προληφθέντες
3589 2399 3692 2453 ὑπὸ
3746 2404 3849 2454 τοῦ

2192 2482 2536 2555 Ιῐνεύματοςο
2588 2483 2743 2555 ὑμεῖς
2775 2504 2852 2557 τε,
2882 2486 2980 2553 τὴν
3029 2484 3163 2540 κατὰ
3208 2490 3304 2540 τοῦ
3355 2485 3683 2562 γράμματος
3733 2490 3849 2561 (41)

2192 2574 2412 2651 ἀφέντες
2473 2574 2750 2645 ὑπόνοιαν,
2800 2580 2878 2647 τῷ
2930 2576 3194 2650 πνεύματι
3253 2574 3660 2654 προσεδράμετε
3693 2594 3707 2610 ⁶
3744 2584 3850 2646 τῆς

2197 2664 2291 2737 μὲν
2340 2662 2654 2733 ἁπλότητος
2707 2665 2805 2720 οὐκ
2855 2663 3225 2727 ἐπαινέσαντες
3273 2664 3360 2720 ἐπὶ
3406 2665 3485 2739 τῷ
3535 2667 3850 2744 φαινομένῳ

2190 2756 2298 2807 τῶν
2356 2752 2657 2829 ῥημάτων,
2719 2748 2958 2808 ἀσέϐειαν
3020 2752 3078 2808 δὲ
3134 2752 3230 2809 οὐκ
3289 2754 3633 2826 ἐννοήσαντες
3705 2758 3843 2828 (42)-

2193 2840 2320 2897 ἀλλ’
2370 2838 2593 2914 εἰδότες,
2651 2840 2733 2897 ὅτι
2792 2844 3037 2905 ἄπτωτος
3096 2845 3223 2919 παρ’
3284 2844 3415 2917 ἡμῖν
3475 2844 3701 2919 ἠΤριοὶς
3750 2843 3842 2897 καὶ

2192 2930 2508 3001 ἀσάλευτος,
2560 2930 2712 2987 οὐδέν
2766 2953 2828 3006 γε
2875 2936 3036 3001 ἧττον
3088 2936 3121 3002 ἢ
3155 2935 3267 3006 (43)
3298 2932 3348 2986 ἐν
3397 2931 3531 3005 αὐτῇ
3559 2935 3627 3006 τῇ
3660 2930 3838 3010 φύσει,

2192 3020 2281 3077 καὶ
2330 3021 2394 3075 τὸ
2444 3021 2735 3099 περικόψαι
2779 3042 2832 3074 τι
2883 3026 2991 3076 τῶν
3037 3026 3201 3098 τριῶν
3247 3021 3282 3090 ἢ
3336 3023 3665 3094 ἀποξενῶσαι
3727 3018 3847 3075 ἴσον

2193 3112 2330 3184 ἡμῖν
2361 3112 2450 3166 καὶ
2495 3111 2558 3166 τὸ
2607 3113 2709 3165 πὰν
2760 3109 2988 3183 ἀνελεῖν,
3042 3112 3130 3166 καὶ
3178 3112 3314 3165 κατᾶ
3361 3110 3541 3181 πάσης
3586 3117 3845 3188 χωρῆσαι

2192 3204 2373 3278 γυμνῇ
2432 3222 2489 3254 τε
2556 3202 2670 3274 (44)
2727 3198 2936 3278 κεφαλῆ
2996 3208 3094 3271 τῆς
3152 3200 3408 3271 θεότητος
3442 3244 3453 3256 .
3520 3201 3623 3258 Καὶ
3679 3206 3850 3257 ταῦτα

2194 3292 2322 3364 παρ’
2376 3289 2542 3360 αὐτὴν
2594 3288 2861 3361 ἀλλήλων
2934 3287 3498 3366 ὖπεραπολογούμεθα
3576 3292 3690 3363 (45)
3746 3290 3847 3359 τὴν

2195 3378 2467 3436 διάστασιν
2504 3425 2517 3451 ,
2578 3377 2718 3435 ἔστιν
2794 3379 2884 3435 ὅτε
2954 3380 3044 3435 καὶ
3121 3380 3248 3456 παρ’
3332 3380 3414 3441 οἷς
3498 3378 3801 3455 ἀνθρώπων
3833 3423 3848 3449 ,

2195 3468 2326 3546 ὅπερ
2359 3472 2469 3544 (46)
2529 3468 2593 3538 δὴ
2652 3472 2739 3525 καὶ
2803 3469 3058 3545 μέγιστος
3113 3474 3213 3538 τῆς
3271 3466 3531 3539 ἀληθείας
3592 3464 3849 3544 ἔλεγχος,

2196 3556 2321 3613 οὐδὲ
2366 3560 2466 3614 ὑπὸ
2526 3564 2623 3613 τοῦ
2679 3563 2870 3635 καιροῦ
2921 3558 3253 3632 νικωμένης,
3315 3555 3439 3613 οὐδὲ
3485 3563 3586 3626 τῆς
3645 3555 3851 3633 ἔχθρας

2194 3646 2478 3711 παντελῶς
2524 3650 2614 3703 τὸν
2667 3655 2935 3724 σπινθῆρα
2984 3655 3080 3717 τῆς
3135 3646 3186 3701 ἐν
3239 3649 3373 3719 ἡμῖν
3422 3645 3639 3721 ἀγάπης
3689 3666 3853 3701 κατα-

2196 3736 2455 3808 λυούσης·
2518 3738 2598 3792 ὅτι
2656 3740 2718 3792 τὸ
2778 3738 3029 3812 μέγιστον
3091 3737 3228 3806 ὑπῆν
3284 3738 3419 3807 ἡμῖν
3479 3736 3569 3791 καὶ
3625 3734 3845 3790 στασιά-

2202 3832 2380 3896 ζουσιν
2442 3829 2474 3898 ἠ
2536 3825 2814 3900 ὁμοδοξία,
2859 3826 2948 3882 καὶ
3004 3828 3066 3881 τὸ
3125 3823 3416 3881 συνειδέναι
3471 3827 3546 3899 μὴ
3601 3825 3851 3901 ἑτεροζυ-

2193 3921 2348 3993 γοῦσι
2418 3917 2541 3992 περὶ
2593 3920 2703 3991 (47)
2765 3919 2863 3985 τήν
2914 3914 3194 3987 ἀλήθειαν,
3248 3912 3379 3987 μηδ’
3426 3916 3537 3988 (48)
3586 3913 3848 3975 ἐναντίως

2197 4003 2560 4080 διακειμένοις
2595 4051 2608 4076 ,
2665 4005 2809 4062 ἀλλὰ
2881 4010 2959 4077 τῷ
3015 4004 3160 4077 αὐτῷ
3217 4011 3523 4080 χαρακτῆρι
3604 4024 3792 4079 μεμορ
3828 4036 3848 4045 -

2196 4094 2469 4172 φωμένοις
2525 4101 2625 4164 τῆς
2685 4093 2937 4163 πίστεως,
2986 4094 3075 4148 καὶ
3131 4100 3232 4162 τῆς
3289 4094 3516 4169 πρώτης
3565 4094 3734 4166 ἡμῶν
3766 4090 3850 4147 ἐλ-

2196 4182 2375 4246 πίδος.

2194 4309 2508 4380 Gregorius
2547 4308 2741 4365 senior
2774 4307 3237 4380 subscripserat;
3294 4323 3495 4363 verum
3549 4307 3851 4380 subtiliori

2193 4379 2372 4437 sensu
2390 4380 2599 4437 alludit
2641 4381 2713 4436 ad
2771 4380 2891 4435 haec
2939 4379 3140 4436 verba:
3189 4380 3401 4436 Littera
3455 4379 3675 4446 occidit,
3739 4384 3849 4436 etc.

2194 4453 2267 4525 (II
2296 4452 2538 4525 Comm,
2592 4452 2646 4525 6)
2683 4494 2697 4520 ,
2753 4453 3014 4523 adeoque
3060 4452 3427 4525 vertendum,
3465 4467 3847 4525 (vos‘vero,

2194 4521 2377 4607 missa
2405 4521 2775 4607 litteraL'quts
2792 4521 3029 4607 pravam
3061 4523 3456 4607 suspicionem
3479 4521 3719 4607 injecit,
3758 4523 3845 4607 ‘a‘d

2193 4596 2468 4667 spiritum
2491 4594 2866 4668 confugistis:
2900 4618 2926 4647 »
2955 4597 3015 4652 id
3037 4599 3144 4664 est,
3165 4594 3193 4646 ἆ
3225 4596 3295 4652 ad
3313 4595 3593 4652 latentem
3615 4596 3733 4651 sub
3755 4594 3848 4651 lit-

2193 4672 2318 4724 tera
2342 4667 2653 4740 pietatem:
2670 4667 2699 4717 ἡ

2266 4735 2380 4842 (ἒῖ)
2417 4740 2831 4842 'E~m01rﬁlc)rctw)'recL
2854 4760 2884 4789 «
2951 4738 3264 4842 ngitastis
3313 4759 3344 4790 ››
3402 4736 3577 4829 Coisl‘.
3623 4737 3698 4826 Ἰ,
3757 4735 3844 4842 sx-

2193 4806 2534 4873 καλέσαντες,
2593 4806 2736 4885 Reg.
2798 4812 2899 4879 hu,
2959 4806 3261 4883 ad'marg.
3322 4828 3411 4885 γρ.
3477 4809 3568 4863 καὶ
3619 4806 3844 4885 ἑγκαλέ-

2195 4903 2398 4944 σαντες.

2194 5026 2235 5082 ἱ.
2264 4956 2376 5095 (4g)
2406 4956 2601 5011 Ἠττον
2634 4950 2694 5022 ἤ.
2727 4954 2821 5010 Sic
2859 4954 3037 5026 Regg.
3063 4970 3114 5025 a,
3144 4954 3266 5021 bm,
3298 4952 3399 5018 hu,
3451 4953 3549 5009 Or.
3597 4953 3663 5008 In
3723 4952 3849 5009 edi-

2220 5043 2291 5094 is,
2862 5094 2871 5095 ί

2220 5043 2291 5094 ιε,

2265 5094 2378 5169 (44)
2409 5097 2677 5168 Γυμνῇτε.
2705 5097 2832 5169 Reg
2860 5094 2969 5169 hu,
2998 5095 3327 5169 tresiCOIbf,
3359 5094 3479 5166 Or.,
3509 5096 3725 5169 ,γυμνῇ
3756 5096 3847 5169 τῇ.

2292 5162 2376 5237 45)
2433 5162 3037 5243 ξιξπεραπολογούᾲμεθα.
3108 5168 3206 5243 ρι’.
3268 5162 3846 5243 ὑπεραπελογιῶμεθὲιιἔ

2292 5174 2376 5237 45)
2433 5174 3037 5243 Ὑπεραπολογούμεθα.
3108 5174 3206 5223 0r.
3268 5174 3846 5243 ὑπεραπελογούμεθα.

2266 5174 2376 5314 (46)
2431 5240 2624 5314 Ὅπερ.
2685 5240 2781 5296 Or.
2857 5240 3056 5314 ὥσπερ.
3108 5239 3276 5295 Herv.
3338 5236 3526 5314 ὅσπερ.
3592 5263 3619 5288 ‹‹
3680 5237 3847 5305 Quod

2195 5316 2519 5371 maximum
2546 5316 2671 5384 jam
2703 5316 2831 5367 tum
2866 5314 3279 5384 argumentum
3303 5315 3448 5380 erat,
3484 5327 3589 5384 nec
3634 5327 3667 5384 a
3696 5316 3849 5384 temo

2195 5403 2333 5458 pore
2354 5380 2591 5458 quidem
2623 5383 2835 5458 victam
2868 5380 2995 5441 esse
3025 5384 3347 5458 veritatem,
3379 5399 3482 5458 nec
3514 5383 3601 5458 ab_
3633 5380 3847 5458 inimi-

2196 5454 2331 5513 citia
2353 5454 2670 5513 exstinctos
2692 5457 2924 5529 penitus
2936 5472 3067 5513 esse
3082 5454 3263 5525 illius,
3286 5472 3413 5527 qua:
3436 5456 3493 5509 in
3510 5454 3678 5511 nobis
3702 5456 3847 5523 erat,

2195 5530 2501 5585 charitatis
2530 5528 2841 5601 igniculos.
2872 5553 2900 5582 »

2290 5603 2377 5674 47)
2408 5595 2733 5674 napi—Reg.
2766 5601 2867 5674 hu,
2901 5601 3020 5674 01),
3056 5598 3237 5656 Oxon.
3260 5595 3419 5674 πρός.

2290 5604 2353 5655 47
2408 5603 2559 5674 Περί.
2596 5603 2733 5673 Reg.
2766 5603 2867 5671 hu,
2901 5603 3020 5667 Or.,
3056 5603 3237 5656 Oxon.
3260 5603 3419 5672 πρός.

2290 5603 2379 5746 48)
2410 5669 2570 5743 Μηδ’.
2604 5673 2783 5747 Regg.
2818 5673 2919 5745 hu,
2954 5672 3075 5744 Or.,
3105 5675 3264 5730 Oxon
3296 5664 3456 5744 μηδέ.
