2073 3145
164 209 223 240 137

757 209 905 241 ORATIO
928 209 981 240 νι.
997 226 1035 232 -
1050 210 1101 240 DE
1124 210 1224 241 PACE
1246 212 1270 241 Ι.

1814 213 1875 244 ’138

166 276 246 305 nime
257 276 334 304 inter
344 284 397 304 nos
416 275 628 312 dissentire,ac
642 276 786 305 contrario
801 276 887 305 modo
908 275 995 311 afﬁci,
1017 284 1120 304 verum
1142 277 1244 306 eodem
1269 277 1336 306 ﬁdei
1358 279 1387 305 et
1405 277 1507 314 primae
1526 277 1618 307 nostri
1630 277 1693 315 spei
1708 278 1874 307 charactere

170 321 312 349 formatos
326 323 355 348 et
369 321 557 357 consignatos
571 329 645 355 esse.

202 367 250 394 lB'.
286 363 368 392 οὐδὲν
398 365 450 402 γὰρ
479 365 565 396 ὸῦτως
596 365 707 403 ἰσχυρὸν
736 364 774 396 εἷς
788 364 916 401 ὁμόνοιαν
932 366 991 396 τοῖς

1085 365 1143 394 XII.
1161 366 1239 394 Nihil
1268 367 1346 395 enim
1375 375 1435 402 eos,
1459 367 1510 403 qui
1538 367 1651 395 sincero
1667 367 1758 395 animi
1769 367 1873 396 aﬁ‘ectu

167 409 291 448 γνησίοις
317 410 375 444 (49)
402 410 437 437 τὰ
461 409 530 447 πρὸς
557 410 603 436 τὸν
633 409 707 444 Θεὸν,
737 409 774 440 ὡς
799 410 816 444 ἡ
838 409 899 447 περὶ
928 411 995 437 Θεοῦ

167 453 330 493 συμφωνίαι
352 453 397 481 καὶ
427 452 503 481 οὐδὲν
534 453 621 485 οὓτως
649 452 760 490 ἕτοιμον
785 453 821 484 εἴς
848 452 995 490 διάστασιν,

168 499 205 530 ὡς
234 497 330 536 ἦπερὶ
359 500 441 526 τοῦτο
479 499 535 534 (50)
573 497 716 537 διαφῶνία.
751 498 803 526 Καὶ
837 498 889 536 γὰρ
922 498 935 525 ὁ
963 499 997 525 τὰ

169 543 241 572 ἄλλα
256 543 313 580 (51)
336 542 534 574 ἐπιεικέστατος
559 543 621 581 περὶ
647 545 727 570 τοῦτο
752 542 927 580 θερμότατος,
952 542 996 570 καὶ

169 589 183 616 ὁ
216 587 302 624 πραΰς
332 588 388 624 (52)
426 585 511 618 ὅντως
550 587 652 625 γίνεται
695 588 835 625 μαχητὴς,
865 587 926 614 ὅταν
956 586 997 624 iam

172 632 345 670 μακροθυμίᾳ
374 633 437 659 Θεὸν
464 631 646 669 ζημιούμενος
671 634 727 669 (53)
760 631 865 669 μᾶλλον
890 630 918 658 δὲ
934 631 998 658 Θεὸν

172 679 280 714 ζημιῶν
307 679 347 713 τῷ
371 677 466 704 ἑαυτοῦ
491 677 629 713 πτώματι,
653 677 698 704 τὸν
725 678 798 713 ἡμᾶς
824 675 998 703 πλουτοῦντά

171 733 200 749 τε
224 721 267 749 καὶ
296 721 486 756 πλουτίζοντα.
528 721 607 749 Οὕτω
648 722 694 758 μὲν
723 720 780 755 οὖν,
809 721 875 759 ὅπερ
911 721 996 754 εἶπον,

170 768 253 803 ἡμεῖς
281 767 326 794 καὶ
351 766 400 800 τὴν
429 765 564 793 διάστασιν
598 766 784 804 μετριώτεροι·
815 765 853 796 ὡς
884 776 998 804 περιφα-

169 811 294 849 νεστὲραν
328 810 448 849 γενέσθαι
486 811 530 837 καὶ
568 811 618 845 την
659 810 786 846 ὁμόνοιαν
813 814 863 845 τῆς
892 809 999 845 διαζεύ-

170 857 248 892 ξεως,
275 855 320 883 καὶ
351 854 448 893 μικροῦ
478 856 507 882 τὸ
539 856 619 891 μέσον
651 855 789 889 κλαπῆναι
808 858 867 886 τοῖς
882 854 999 893 ἀμφοτε-

171 901 256 939 ρωθεν
286 899 403 935 δεξιοῖς’
434 899 491 927 ἐπεὶ
522 898 550 927 δὲ
575 901 624 927 οὑκ
648 899 751 937 ἐξαρκεῖ
778 900 809 926 τὸ
835 899 920 936 τάχος
950 903 998 934 τῆς

171 945 283 983 εἰρήνης
310 945 378 983 πρὸς
405 946 455 979 τὴν
486 943 643 983 ἀσφάλειαν,
672 944 694 971 εἶ
726 945 762 980 μή
793 954 834 975 τις
856 944 899 970 καὶ
917 944 998 981 λόγος

171 991 185 1018 ὁ
213 989 315 1024 ταύτην
344 992 447 1027 κρατῶν
478 990 571 1028 φανείη
601 990 668 1026 (54),
698 988 742 1016 καὶ
768 988 831 1019 Θεὸς
858 988 931 1015 ἔλθοι
960 991 998 1023 τῷ

169 1033 248 1073 λόγῳ
273 1034 434 1072 σύμμαχος,
463 1037 524 1071 παρ’
549 1033 578 1061 οὗ
603 1033 686 1061 καλὸν
711 1033 778 1060 ἂπαν
804 1032 847 1060 καὶ
873 1032 996 1071 ἄρχεται,

170 1080 214 1107 καὶ
244 1079 282 1110 εἷς
310 1079 389 1110 τέλος
418 1078 526 1117 ἔρχεται
541 1088 546 1094 ·
573 1079 636 1117 φερε
657 1078 702 1105 καὶ
728 1077 761 1105 δι’
778 1078 877 1115 εὐχῶν,
894 1078 938 1105 καὶ
954 1076 998 1104 διὰ

170 1124 312 1162 λογισμῶν
340 1121 553 1161 βεϐαιωσώμεθα
574 1123 673 1157 ταύτην
700 1123 737 1153 εἷς
764 1121 894 1159 δύναμιν.
912 1121 997 1149 ἐκεῖνο

170 1172 278 1207 πρῶτον
295 1167 500 1205 ἐνθυμηθέντες,
518 1169 558 1195 ὃτι
583 1167 730 1195 κάλλιστον
761 1168 806 1204 μὶν
836 1169 887 1194 τῶν
912 1164 995 1194 ὄντων

170 1213 215 1241 καὶ
241 1212 413 1250 ὑψηλότατον
441 1212 515 1248 Θεὸςτ
543 1212 567 1239 εί
592 1213 630 1249 μὴ
654 1214 693 1247 τῷ
713 1211 792 1250 φίλον
808 1213 853 1238 καὶ
869 1211 934 1248 ὑπὲρ
949 1212 998 1245 τὴν

170 1258 262 1286 οὐσίαν
292 1256 364 1295 ἄγειν
389 1257 480 1291 αὐτὸν⁷
556 1256 620 1284 ὅλον
646 1257 671 1283 ἐν
697 1256 770 1292 αὐτῴ
793 1257 893 1287 τιθέναι
913 1256 944 1283 τὸ
961 1256 997 1283 εἴ-

169 1313 224 1338 ναι,
240 1303 304 1340 παρ’
332 1302 362 1329 οὗ
391 1301 435 1329 καὶ
463 1304 521 1332 τοῖς
552 1300 666 1332 ἃλλοις’
698 1300 806 1338 δεύτερο
834 1299 862 1327 δὲ
892 1301 940 1327 ὅσα
970 1300 999 1327 ἐκ

170 1349 237 1375 Θεοῦ
266 1349 362 1384 πρῶτα
391 1346 435 1374 καὶ
464 1347 526 1383 περὶ
555 1346 630 1381 Θεὸν,
666 1346 713 1377 τὰς
743 1345 888 1384 ἆγγελικὰς
926 1344 998 1383 λέγω

171 1391 297 1429 δυνάμεις
327 1392 372 1419 καὶ
402 1391 554 1429 οὐρανίους,

169 1438 283 1475 πρώτου
308 1437 410 1475 φωτὸς,
435 1437 478 1463 καὶ
503 1439 542 1472 τῷ
566 1440 616 1471 τῆς
642 1436 769 1471 ἀληθείας
794 1436 871 1473 Λόγῳ
885 1435 998 1471 τρανού-

595 1390 632 1428 α’ί,
662 1393 767 1429 πρῶται
809 1394 913 1418 σπῶσαι
950 1390 998 1418 τοῦ

173 1492 261 1517 μεναι,
291 1484 348 1520 φῶς
377 1480 426 1508 εἶσι
457 1481 501 1508 καὶ
523 1480 599 1508 αὑταὶ
627 1479 733 1508 τελείου
759 1481 847 1519 φωτὸς
879 1481 997 1518 ἀπαυγα-

175 1535 282 1561 σματα·
312 1527 413 1553 τούτων
444 1524 472 1552 δὲ
497 1525 572 1552 οὐδὲν
600 1527 656 1562 (55)
681 1525 766 1556 οὕτως
800 1524 880 1561 ἴδιον⁷
905 1526 942 1555 ὡς
968 1526 998 1551 τὸ

175 1569 284 1607 ἄμαχόν
312 1580 341 1597 τε
367 1570 410 1597 καὶ
440 1569 625 1598 ἀστασίαστον.
659 1570 727 1597 Οὔτε
756 1570 808 1607 γὰρ
836 1569 861 1596 ἐν
892 1569 998 1603 θεότητι

173 1615 275 1650 στάσις,
305 1614 345 1641 ὅτι
387 1613 457 1650 μηδὲ
483 1614 560 1645 λύσις
591 1616 665 1651 (56)’
699 1613 775 1644 λύσις
804 1614 854 1651 γὰρ
882 1614 998 1643 στάσεως

172 1658 301 1696 ἔκγονον’
331 1658 405 1686 ἀλλὰ
434 1661 561 1686 τοσοῦτον
589 1658 620 1685 τὸ
649 1662 698 1692 τῆς
725 1658 852 1694 ὁμονοίας
871 1657 998 1694 καὶπρὸς

172 1704 281 1738 ἑαυτὴν,
297 1703 341 1730 καὶ
358 1703 427 1740 πρὸς
442 1704 475 1730 τὰ
499 1702 618 1741 δεύτερα,
649 1702 717 1730 ὥστε
742 1703 786 1730 καὶ
815 1701 997 1741 προσηγορίαν

1052 411 1141 439 Deum
1157 411 1267 447 colunt,
1284 420 1366 448 aeque
1382 412 1459 440 inter
1473 420 1505 440 se
1520 412 1668 446 conciliat,
1694 414 1779 448 atque
1807 420 1874 440 con-

1053 455 1182 483 sentiens
1196 456 1233 483 de
1249 457 1303 484 Deo
1333 456 1486 491 doctrina;
1509 456 1758 492 quemadmodum
1773 459 1875 485 contra

1051 499 1124 527 nihil
1141 501 1175 528 ad
1192 500 1349 528 dissidium
1363 500 1404 528 ita
1426 503 1595 537 promptum
1617 509 1650 529 ac
1674 503 1808 537 paratum
1818 502 1874 536 est,

1052 546 1084 571 ut
1100 544 1214 572 diversa
1229 545 1257 571 in
1269 544 1323 572 hac
1340 553 1370 572 re
1386 545 1551 572 animorum
1564 545 1719 573 sententia.
1729 545 1879 580 Hicenim,

1052 589 1140 616 etiam
1157 589 1207 623 qui
1223 588 1290 616 aliis
1304 589 1332 616 in
1358 589 1445 617 rebus
1465 589 1652 625 aequissimus
1667 592 1694 617 et
1719 590 1878 619 facillimus

1052 635 1106 665 est,
1119 632 1351 661 ferventissimus
1367 633 1481 661 exsistit
1494 642 1500 667 ;
1513 641 1546 662 ac
1561 636 1808 662 mansuetusvere
1822 642 1880 670 pu—

1052 685 1129 711 gnax
1145 677 1280 712 efﬁcitur,
1298 686 1364 705 cum
1381 686 1412 705 se
1434 686 1485 714 per
1500 678 1652 706 lenitatem
1668 678 1718 706 Dei
1730 679 1878 714 jacturam

1055 722 1159 756 facere,
1176 722 1245 756 imo,
1272 724 1304 749 ut
1328 722 1436 751 rectius
1465 722 1579 758 loquar,
1596 731 1647 759 per
1661 723 1878 759 prolapsionem

1053 775 1149 801 suam,
1165 766 1268 800 Deum,
1282 767 1406 802 quinos,
1418 769 1446 794 et
1457 775 1508 802 pro
1524 766 1632 794 divitiis
1648 767 1745 801 habet,
1761 770 1789 795 et
1803 767 1877 796 divi-

1053 814 1096 839 tes
1112 811 1216 846 reddit,
1233 812 1340 839 damno
1367 811 1482 839 afﬁcere
1497 811 1649 847 conspicit.
1666 812 1713 839 Sic
1729 811 1828 848 igitur,
1845 813 1878 840 ut

1056 865 1072 884 a
1087 864 1133 883 me
1148 856 1258 883 dictum
1275 858 1328 891 est,
1347 864 1399 883 nos
1423 856 1452 883 in
1482 856 1547 892 ipsa
1562 864 1677 892 quoque
1692 856 1877 884 contentione

1054 900 1233 928 moderatius
1249 900 1384 936 nosipsos
1399 900 1563 935 gessimus;
1581 901 1652 928 adeo
1676 902 1708 928 ut
1723 900 1879 929 concordia

1053 945 1117 980 ipsa
1145 945 1343 980 disjunctione
1372 945 1446 972 187
1479 944 1586 972 clarior
1606 945 1703 981 fuerit,
1717 953 1750 973 ac
1766 953 1818 981 per
1833 953 1878 981 ea,

1054 998 1117 1025 quae
1138 989 1277 1025 utrinque
1306 989 1372 1016 laeta
1400 991 1428 1016 et
1457 989 1612 1016 commoda
1636 989 1819 1023 exstiterunt,
1849 989 1878 1017 id

1055 1034 1132 1069 quod
1148 1034 1178 1061 in
1195 1033 1289 1061 medio
1305 1033 1436 1068 contigit,
1452 1041 1522 1068 pene
1539 1033 1714 1069 subreptum
1730 1036 1757 1061 et
1772 1034 1878 1062 obscu-

1054 1081 1159 1105 ratum.
1177 1080 1214 1105 At
1240 1078 1378 1113 quoniam
1408 1077 1485 1113 pacis
1501 1077 1634 1104 celeritas
1655 1078 1690 1105 ad
1707 1078 1876 1106 ﬁrmitatem

1053 1122 1131 1149 haud
1148 1122 1268 1157 sufﬁcit,
1283 1122 1340 1149 nisi
1357 1122 1448 1149 oratio
1457 1121 1545 1149 etiam
1557 1121 1666 1157 aliqua,
1679 1130 1742 1157 quae
1753 1122 1827 1149 hanc
1835 1125 1876 1149 te-

1054 1169 1131 1200 neat,
1149 1167 1280 1200 exsistat,
1291 1175 1324 1193 ae
1334 1166 1421 1199 Deus,
1438 1175 1454 1193 a
1463 1174 1520 1201 quo
1538 1166 1647 1193 bonum
1658 1174 1745 1194 omne
1759 1166 1877 1194 initium

1054 1211 1143 1244 ducit,
1161 1213 1249 1247 atque
1266 1211 1301 1238 ad
1314 1212 1402 1238 ﬁnem
1418 1211 1597 1246 perducitur,
1614 1211 1737 1238 orationi
1749 1211 1877 1246 opitula-

1054 1259 1099 1284 tor
1113 1256 1241 1289 nccedat,
1258 1264 1320 1291 age,
1335 1258 1363 1283 et
1390 1255 1476 1288 votis,
1494 1257 1521 1282 et
1541 1254 1715 1288 rationibus,
1734 1263 1797 1283 eam
1813 1264 1879 1291 pro-

1053 1300 1128 1328 virili
1144 1302 1244 1328 nostra
1260 1300 1488 1327 conﬁrmamus:
1506 1299 1577 1326 illud
1590 1300 1718 1335 primum
1734 1308 1801 1327 cum
1814 1301 1878 1327 ani-

1054 1344 1111 1372 mis
1127 1343 1235 1371 nostris
1252 1345 1421 1379 reputantes
1439 1343 1539 1377 Deum,
1560 1343 1704 1377 omnium,
1721 1352 1782 1380 qua
1797 1347 1877 1378 sunt,

1053 1389 1283 1425 pulcherrimum
1310 1390 1338 1415 et
1367 1388 1616 1415 sublimissimum
1633 1396 1707 1423 esse,
1739 1388 1794 1416 nisi
1812 1388 1879 1425 quis

1053 1436 1152 1462 tamen
1165 1441 1232 1461 eum
1247 1433 1329 1461 malit
1344 1441 1434 1469 supra
1449 1441 1567 1460 omnem
1582 1433 1740 1461 essentiam
1757 1442 1875 1469 ponere,

1054 1481 1104 1506 aut
1119 1478 1149 1505 in
1165 1478 1239 1514 ipso,
1256 1478 1397 1513 quidquid
1410 1478 1438 1505 id
1454 1480 1507 1512 est,
1522 1477 1672 1513 collouare,
1687 1480 1879 1515 utpoteaquo

1054 1523 1111 1550 alia
1120 1531 1246 1558 quoque,
1259 1524 1289 1549 ut
1303 1522 1372 1557 sint,
1385 1522 1551 1558 acceperint
1562 1531 1569 1555 ;
1579 1522 1683 1550 deinde
1696 1525 1794 1551 autem
1802 1531 1879 1559 qua:-

1054 1576 1169 1602 cunque
1183 1575 1218 1594 ex
1230 1567 1287 1594 Deo
1301 1567 1406 1602 prima,
1423 1570 1451 1593 et
1465 1566 1542 1594 circa
1557 1566 1659 1600 Deum,
1677 1567 1731 1595 hoc
1760 1570 1805 1595 est
1828 1576 1878 1595 an-

1054 1611 1162 1648 gelicas
1191 1614 1218 1639 et
1246 1611 1379 1639 ccelestes
1403 1611 1536 1645 virtutes,
1555 1620 1617 1647 quae
1634 1612 1733 1648 prima;
1749 1613 1878 1648 primum

1054 1656 1151 1684 lumen
1169 1656 1348 1691 haurientes,
1365 1657 1398 1683 ab
1411 1656 1542 1684 veritatis
1555 1657 1641 1684 verbo
1653 1657 1817 1693 illustratai,
1834 1657 1880 1686 lu-

1055 1711 1120 1730 men
1150 1710 1264 1737 quoque
1294 1702 1362 1737 ipsae
1389 1705 1468 1736 sunt,
1485 1710 1517 1729 ac
1530 1702 1649 1737 perfecti
1662 1702 1741 1730 illius
1757 1703 1879 1732 luminis

170 1750 211 1784 τῷ
225 1750 282 1784 Θεῷ
297 1748 420 1786 γενέσθαι
439 1748 505 1783 μετὰ
518 1750 571 1774 τῶν
589 1746 693 1783 ἄλλων,
709 1748 753 1775 καὶ
769 1747 820 1784 πρὸ
836 1750 889 1774 τῶν
906 1746 999 1773 ἄλλων

1056 1747 1138 1775 radii.
1149 1747 1200 1774 His
1215 1755 1300 1783 porro
1317 1746 1388 1774 nihil
1406 1749 1465 1774 tam
1481 1748 1634 1783 proprium
1650 1750 1703 1782 est,
1720 1756 1808 1783 quam
1824 1757 1878 1784 pu-

173 1792 214 1822 οἷς
225 1791 317 1830 χαίρει
333 1791 513 1828 καλούμενος,
529 1795 608 1819 τοῦτο
624 1793 654 1819 τὸ
670 1791 872 1828 πλεονέκτημα.
893 1791 997 1828 Εἰρήνη

173 1837 225 1874 γὰρ
238 1837 284 1864 καὶ
300 1837 404 1874 ἀγάπη,
420 1837 464 1863 καὶ
479 1838 512 1863 τὰ
525 1840 636 1864 τοιαῦτα
648 1837 818 1873 ὀνομάζεται,
834 1838 901 1873 ἡμῖν
916 1837 998 1872 παρὲ-

172 1891 231 1919 γων
250 1879 294 1908 διὰ
308 1884 361 1909 τῶν
378 1881 517 1917 ὀνομάτων
532 1882 568 1912 ὡς
585 1884 652 1909 Θεοῦ
675 1881 777 1909 τούτων
795 1883 850 1919 (57)
882 1891 999 1917 μεταπο-

173 1926 270 1952 ιεῖσθαι
285 1928 338 1952 τῶν
354 1925 454 1963 ἀρετῶν
460 1946 465 1953 .

1053 1800 1126 1828 gnas
1141 1794 1170 1819 et
1184 1791 1306 1819 dissidia
1325 1791 1447 1820 nescire.
1466 1791 1540 1820 Nam
1557 1800 1608 1819 nec
1624 1792 1654 1819 in
1670 1792 1776 1821 deitate
1792 1792 1882 1820 dissi-

1054 1837 1135 1864 dium
1165 1839 1219 1870 est,
1250 1837 1500 1872 quemadmodum
1525 1844 1577 1864 nec
1607 1837 1734 1865 solutio:
1765 1837 1884 1866 dissidii

1054 1882 1162 1917 quippe
1178 1881 1238 1907 ﬁlia
1252 1882 1296 1908 est
1311 1880 1417 1908 solutio
1431 1890 1436 1911 ς
1450 1890 1549 1908 verum
1565 1882 1635 1908 adeo
1651 1884 1679 1909 et
1693 1890 1792 1909 secum
1803 1882 1880 1918 ipsa,

1055 1928 1160 1953 etcum
1177 1925 1364 1952 inferioribus
1381 1925 1468 1952 rebus
1482 1933 1603 1953 concors
1616 1928 1643 1953 et
1659 1929 1760 1961 pacata
1775 1930 1828 1961 est,
1846 1930 1881 1956 ut

174 1973 280 2007 praeter
294 1970 361 2005 alia,
392 1971 451 1998 imo
480 1975 546 1999 ante
575 1971 632 1999 alia
661 1972 790 2005 nomina,
821 1971 929 2007 quibus
959 1970 1034 1998 Deus
1060 1969 1199 2005 appellari
1224 1969 1341 2004 gaudet,
1367 1969 1420 1996 hac
1431 1977 1548 2004 quoque
1560 1971 1749 2006 praerogativa
1763 1980 1880 2000 nuncu-

174 2017 271 2052 petur.
288 2015 347 2043 Pax
363 2016 385 2033 ⁵⁸
400 2016 478 2043 enim
495 2018 523 2043 et
539 2016 666 2043 cuaritas
682 2017 715 2049 ‘7,
740 2019 826 2051 atque
856 2016 883 2042 id
913 2023 1005 2050 genus
1033 2014 1203 2041 nominibus
1233 2012 1404 2048 appellatur,
1422 2021 1478 2048 quo
1507 2013 1639 2041 videlicet
1654 2022 1704 2050 per
1724 2015 1788 2052 ipsa
1807 2025 1885 2052 quo-

174 2068 233 2096 que
247 2060 389 2088 vocabula
405 2069 457 2088 nos
474 2061 640 2094 admoneat,
656 2062 686 2087 ut
697 2061 784 2088 hasce
797 2060 928 2093 virtutes,
945 2067 1009 2094 que
1025 2057 1148 2094 propriae
1162 2058 1212 2085 Dei
1226 2059 1306 2090 sunt,
1318 2065 1486 2093 comparere
1501 2058 1686 2086 studeamus.

214 2105 263 2132 II".
283 2103 420 2141 Ἀγγὲλων
451 2102 480 2130 δὲ
503 2104 517 2130 ὁ
545 2104 590 2131 μὶν
616 2104 753 2130 στασιάσαι
780 2102 934 2139 τολμήσας,
959 2103 1002 2129 καὶ

177 2148 245 2185 ὑπὲρ
269 2149 319 2183 τήν
348 2148 420 2183 ἀξίαν
451 2148 563 2184 ἀρθῆναι
601 2148 738 2175 κατέναντι
766 2148 865 2185 Κυρίου
902 2157 1003 2174 παντο-

176 2192 310 2230 κράτορος
339 2192 540 2230 τραχηλιάσας,
570 2193 613 2220 καὶ
642 2194 690 2227 τήν
718 2193 783 2230 ὑπὲρ
804 2193 837 2220 τὰ
858 2192 924 2230 νέφη
941 2192 1005 2218 καο-

177 2235 256 2274 ἑδραν
273 2236 398 2271 ἔπινοῶν,
415 2237 452 2268 ὡς
469 2238 482 2264 ὁ
497 2236 544 2264 to;
560 2239 702 2276 προφήτου
725 2238 780 2273 (58)
805 2237 899 2274 λόγος,
925 2235 1003 2271 δίκην

179 2280 265 2309 ἔδωκε
279 2282 328 2316 τῆς
343 2281 470 2312 ἀπονοίας
499 2281 582 2317 ἀξίαν,
612 2282 706 2313 σκότος
737 2282 795 2309 ἀντὶ
824 2282 911 2320 φωτὸς
937 2281 1003 2307 εἶναι

180 2325 350 2363 κατακριθεῖς
378 2327 445 2362 (59),
516 2326 547 2353 τό
575 2337 607 2364 γε
641 2326 821 2364 ἀληθέστερον
851 2325 934 2353 εἰπεῖν
964 2325 1006 2362 ὑφ’

219 2398 240 2415 ⁵⁸
257 2397 362 2434 Ephes.
380 2406 410 2433 ιι,
426 2399 470 2425 44.
484 2399 505 2415 ⁵⁷
521 2398 532 2426 Ι
546 2398 632 2426 Joan.
649 2407 686 2432 IV,
702 2400 727 2434 8,
745 2399 789 2426 16.
805 2398 826 2416 ⁵⁸
842 2401 898 2432 Isa,
914 2406 975 2431 xw,
992 2397 1035 2424 14.

288 2478 350 2514 Τοῖς
367 2476 501 2514 γνησίοις.
518 2477 604 2505 Coisl.
622 2478 647 2512 1,
664 2478 794 2514 γνησίως.

231 2512 275 2541 50)
288 2513 382 2539 Τοῦτο.
399 2513 477 2540 Colb.
493 2515 600 2541 τοῦτου,

233 2547 278 2584 si)
294 2547 333 2584 ira
349 2547 430 2584 ἄλλα.
449 2549 517 2584 Reg.
530 2549 560 2583 b,
573 2551 601 2576 et
616 2549 706 2577 Mont.
722 2548 829 2577 τ’ἃλικα.

221 2582 328 2621 (52)"0“
349 2583 444 2621 πραΰς,
461 2582 515 2611 etc.
546 2585 656 2612 Alludit
684 2586 719 2613 ad
745 2586 803 2613 haec
819 2586 890 2613 Joel.
906 2594 946 2618 ιιι,
961 2585 1005 2619 lli,

185 2618 200 2645 ὁ
216 2617 301 2656 πραῢς
315 2617 384 2646 lie-td)
413 2617 553 2656 μαχητής.
578 2631 588 2644 κ
615 2621 667 2653 Qui
698 2625 868 2649 mansuetus
888 2617 944 2655 est,
968 2617 1006 2648 sit

188 2658 344 2691 pugnator:
357 2666 371 2679 ››

221 2689 278 2729 (53)
301 2689 386 2729 ξιδῃΔ
396 2690 569 2729 μακροθυμίᾳ
596 2691 672 2729 ,Θεὸν
704 2692 897 2728 ζημιούμενος.
915 2693 1004 2729 Regg.

184 2734 212 2759 ι,
297 2723 413 2766 9918i,-
421 2723 484 2754 Θεὸν
503 2723 685 2766 ζημἰοιξμενος
769 2723 951 2766 μακροθυμίᾳ.

302 2761 413 2802 Fit-“14:4
438 2772 480 2802 τις
508 2762 552 2789 καὶ
597 2761 680 2802 λόγος
717 2761 730 2790 ὅ
758 2761 858 2802 ταύτην
895 2761 1008 2802 ’κρατῷν

189 2797 297 2835 φανείη.
314 2809 329 2861 ἶ
345 2797 407 2826 Nisi
435 2799 543 2834 aliqua,
560 2806 623 2834 quae
638 2797 737 2835 ipsam
753 2797 924 2835 conﬁrmet;
935 2800 1007 2828 ratio

189 2840 317 2861 abnues
332 2854 339 2861 .
357 2844 371 2858 ››

189 2841 339 2862 αοοιιιιοοι.
357 2844 371 2858 ὶ)

209 2840 227 2868 ρ
250 2840 339 2862 creat.
357 2844 371 2858 ››

225 2841 282 2906 £5)
296 2868 330 2896 Δὶ
345 2867 433 2897 οὐδὲν.
451 2869 497 2898 Sic
509 2870 578 2907 Reg.
594 2870 655 2905 bm,
671 2873 700 2899 et
715 2871 763 2899 Or.
792 2873 856 2901 Par.
872 2873 955 2907 edit.,
986 2870 1008 2899 δ’

1094 2102 1165 2129 ΧΙΙΙ.
1182 2102 1222 2129 Ex
1237 2101 1347 2137 angelis
1363 2104 1470 2137 autem,
1488 2102 1522 2135 is,
1540 2102 1589 2137 qui
1605 2103 1779 2132 seditionem
1790 2106 1887 2133 conci-

1059 2150 1131 2179 tare,
1146 2155 1179 2174 ac
1195 2154 1285 2181 supra
1300 2146 1473 2181 dignitatem
1490 2154 1574 2174 suam
1591 2155 1656 2175 sese
1667 2148 1778 2183 efferre,
1796 2150 1886 2177 cervi-

1060 2199 1181 2227 cemque
1189 2191 1327 2218 adversus
1335 2190 1491 2218 Dominum
1499 2191 1730 2227 omnipotentem
1743 2194 1884 2227 attollere.

1060 2239 1156 2271 atque,
1174 2238 1205 2262 ut
1220 2235 1370 2270 Scriptura
1384 2237 1507 2262 testatur
1521 2236 1552 2271 ⁵⁸,
1570 2244 1660 2272 supra
1675 2237 1768 2265 nubes
1783 2239 1883 2267 sedem

1059 2279 1173 2314 sibiipsi
1183 2279 1346 2314 excogitare
1357 2287 1446 2306 ausus
1462 2281 1515 2310 est,
1532 2279 1636 2314 dignas
1651 2282 1819 2317 arrogantia
1829 2290 1884 2310 sua

1061 2331 1162 2359 pccuas
1177 2323 1268 2355 dedit,
1285 2322 1358 2350 lucis
1374 2323 1435 2349 loco
1451 2323 1579 2351 tenebris
1610 2324 1762 2360 multatus,
1788 2328 1838 2354 aut
1853 2328 1887 2354 ut

1061 2474 1151 2545 οὐῗῖἑέ)
1170 2509 1228 2535 Ὅτι
1248 2506 1317 2544 μηδὲ
1333 2507 1421 2539 λύσις.
1451 2509 1720 2545 «Quandoquidem
1749 2519 1802 2540 nec
1821 2513 1884 2542 dis-

1060 2554 1214 2625 soig’i3o:ulq
1231 2590 1296 2615 Θεοῦ
1310 2587 1426 2616 τούτων,
1448 2589 1561 2622 Billius,
1593 2601 1606 2615 ‹‹
1624 2592 1656 2618 ut
1684 2591 1738 2620 has
1761 2592 1885 2622 virtutes

1060 2628 1200 2660 tanquam
1209 2625 1299 2652 Deum
1312 2625 1638 2661 consequistudeamus.
1649 2639 1659 2653 ι
1671 2628 1727 2655 Leu
1734 2628 1829 2656 venkl.
1841 2638 1886 2657 re-

1062 2662 1115 2699 l‘ert
1130 2661 1165 2688 ad
1183 2661 1320 2699 nomina:
1343 2672 1356 2685 ‹‹
1380 2661 1653 2699 (ιυὶουεννοοαοίιὶε,
1685 2664 1727 2690 uti
1757 2673 1820 2699 quae
1837 2665 1887 2693 Dei

1061 2697 1130 2731 sint,
1157 2705 1209 2724 nos
1238 2697 1385 2729 admonet,
1416 2699 1447 2724 ut
1474 2698 1595 2725 virtutes
1626 2699 1710 2727 hasce
1735 2697 1886 2736 compare-

1062 2741 1167 2808 m_u§é)”
1183 2768 1238 2794 Τοῦ
1268 2777 1287 2793 π
1307 2767 1421 2805 ηφήτου.
1451 2767 1537 2796 Deest
1552 2769 1580 2795 in
1603 2769 1690 2805 chg.
1708 2778 1735 2806 a,
1751 2771 1812 2807 bm,
1828 2771 1880 2807 hu,

1062 2768 1156 2831 triizus
1173 2803 1264 2831 Colb..
1280 2776 1368 2830 ὄχου.
1383 2806 1411 2831 et
1426 2803 1473 2831 0r.

1061 2803 1156 2831 tribus
1173 2803 1264 2836 Colb.,
1280 2803 1368 2830 Oxdn.
1383 2806 1411 2831 et
1426 2803 1473 2831 0r.

1171 2837 1275 2878 216105
1294 2838 1366 2878 div-ci
1381 2839 1470 2878 φιυτὸς
1500 2839 1567 2865 εἶναι
1597 2841 1777 2878 κατακριθείς.
1808 2854 1822 2868 ι(
1847 2843 1884 2872 Ut

1063 2874 1137 2903 lucis
1149 2874 1212 2904 loco
1223 2875 1316 2911 caligo
1332 2874 1560 2909 sit,'damuatus.
1579 2886 1592 2900 n
