4146 6290
479 411 598 470 ⁸739

1720 408 1781 469 S.
1833 408 2201 471 GREGORII
2255 410 2357 471 ΤΗ
2371 410 2647 473 EOLOGI

3772 414 3881 476 740

480 544 675 598 verius
698 540 921 611 loquar,
967 556 1001 595 a
1021 537 1213 611 seipso
1244 541 1437 613 caligo
1458 538 1717 597 effectus.
1745 541 1975 613 Reliqui
1998 558 2118 597 verc

2247 542 2436 597 ἑαυτοῦ
2492 544 2824 618 γενόμενος’
2882 543 2932 595 oi
2988 540 3045 596 δὲ
3103 540 3288 596 λοιποὶ
3351 544 3597 615 μένουσιν
3644 543 3731 597 ἐπὶ
3794 549 3883 615 τῆς

480 632 541 687 in
574 647 683 685 sua
711 629 996 701 dignitate
1027 634 1313 700 perstant,
1363 631 1531 701 cujus
1562 630 1818 702 primum
1845 630 1989 686 illud
2022 636 2137 699 est,

483 721 639 793 quod
673 720 861 791 pacati
893 724 1034 774 sunt
1063 736 1126 775 ac
1159 720 1385 776 dissidii
1406 725 1693 792 expertes,
1728 723 1945 793 quippe
1974 721 2075 793 qui
2106 739 2141 777 a

480 815 687 867 sancta
746 814 805 864 et
854 809 1149 865 laudanda
1202 809 1493 865 Trinitate
1552 809 1660 866 hoc
1691 812 2039 883 acceperint,
2076 815 2139 865 ut

480 916 666 955 unum
699 897 836 969 sint,
851 899 1350 969 quemadmodum
1373 899 1519 954 etab
1539 899 1741 955 eadem
1763 898 2139 955 illuminatiO‘

478 1005 613 1046 nem
646 992 1014 1060 acceperunt.
1049 988 1195 1043 Nam
1211 992 1269 1043 et
1289 988 1391 1043 illa
1420 988 1577 1044 Deus
1607 1006 1761 1044 unus
1791 994 1897 1059 est,
1930 994 1986 1045 et
2009 1004 2137 1045 esse

477 1079 759 1145 creditur,
779 1094 895 1133 non
920 1077 1117 1132 minus
1137 1082 1375 1149 propter
1390 1078 1784 1146 concordiam,
1810 1095 1985 1149 quam
2006 1094 2137 1149 pro-

476 1174 608 1243 pter
636 1167 903 1225 eamdem
927 1167 1269 1223 essentiam.
1304 1168 1509 1238 Itaque
1532 1184 1735 1223 omnes
1755 1168 1814 1234 ii,
1850 1169 1949 1239 qui
1977 1168 2135 1240 pacis

477 1260 700 1315 bonum
724 1256 1185 1329 amplectuntur,
1210 1257 1379 1327 eique
1401 1258 1754 1313 contrariam
1780 1258 2133 1313 discordiam

477 1352 536 1404 et
565 1346 910 1404 seditionem
943 1345 1165 1402 infense
1197 1348 1464 1413 oderunt,
1500 1347 1570 1401 ad
1605 1346 1788 1402 Deum
1820 1350 1877 1401 et
1907 1346 2134 1402 divinas

476 1441 703 1494 mentes
720 1436 1007 1491 accedunt
1032 1436 1161 1507 :qui
1190 1452 1324 1491 vero
1349 1435 1646 1491 bellicosis
1678 1439 1817 1491 sunt
1848 1436 2134 1511 moribus,

471 1531 529 1583 et
552 1527 767 1583 famam
802 1526 1053 1581 novitate
1082 1529 1341 1598 captant,
1390 1530 1566 1596 atque
1616 1524 1939 1597 ignominia
1979 1524 2129 1579 188

472 1634 581 1673 sua
601 1614 1277 1688 gloriantur,adversam
1297 1620 1522 1686 partem
1546 1614 2130 1686 amplexantur.Nam

472 1706 569 1761 ille
601 1722 835 1777 quoque
864 1712 918 1759 et
948 1721 1147 1760 secum
1180 1704 1303 1775 ipse
1337 1709 1585 1776 pugnat,
1618 1710 1675 1759 et
1708 1704 1815 1759 hoc
1840 1704 2036 1774 ipsum
2068 1704 2128 1758 in

476 1796 628 1865 aliis,
653 1800 777 1849 tum
811 1793 1120 1865 multiplici
1153 1794 1344 1865 specie
1370 1812 1383 1861 ;
1415 1799 1543 1849 tum
1564 1793 1792 1848 vitiosis
1823 1793 2131 1865 perturba-

474 1883 735 1940 tionibus
764 1882 984 1955 (utpote
1015 1883 1086 1937 ab
1127 1882 1293 1937 initio
1324 1888 1380 1937 et
1408 1882 1726 1948 homicida,
1758 1886 1815 1937 et
1847 1882 1982 1937 boni
2014 1881 2129 1936 ini-

474 1973 708 2041 micus),
742 1976 1037 2044 operatur,
1072 1976 1138 2027 ut
1169 1962 1480 2027 commune
1524 1972 1790 2027 Ecclesiae
1822 1988 2033 2043 corpus
2064 1971 2123 2026 in

473 2061 699 2119 occulto
725 2061 979 2133 sagittet,
1014 2062 1127 2115 sub
1158 2060 1463 2117 seditionis
1494 2060 1742 2133 caligine
1773 2077 1902 2116 sese
1932 2060 2124 2116 occul-

470 2156 641 2219 tans;
679 2151 1201 2223 quemadmodum,
1224 2150 1283 2204 ni
1317 2149 1502 2220 fallor,
1537 2151 1607 2205 ad
1641 2166 2125 2221 unumquemque

471 2245 743 2297 nostrum
775 2240 1032 2312 captiose
1064 2243 1128 2294 ut
1157 2239 1477 2310 plurimum
1506 2256 1571 2295 ac
1602 2240 1849 2295 subdole
1876 2240 2121 2310 accedit,

472 2346 538 2385 ac
565 2328 725 2385 velut
753 2327 946 2384 locum
1006 2326 1234 2399 sibiipsi
1294 2328 1493 2383 furtim
1525 2328 1813 2400 aperiens,
1847 2331 1911 2382 ut
1940 2330 2120 2394 totus,

475 2435 591 2473 non
616 2434 785 2473 secus
805 2434 869 2473 ac
892 2422 1169 2473 strenuus
1191 2416 1487 2489 quispiam
1519 2421 1575 2471 et
1608 2417 1774 2472 fortis
1804 2414 2123 2471 bellatoria

473 2507 813 2576 exercitum,
848 2523 950 2577 per
966 2506 1273 2576 disjectam
1306 2505 1457 2561 muri
1477 2510 1699 2577 partem
1733 2510 1833 2561 aut
1851 2504 2123 2560 hostilem

474 2596 679 2665 aciem,
713 2595 1022 2666 irrumpat.

542 2684 687 2739 XIV.
720 2684 922 2755 Adque
939 2683 1047 2739 hoc
1068 2700 1252 2739 unum
1276 2687 1383 2754 est,
1416 2687 1473 2739 et
1502 2684 1738 2755 quidem
1771 2684 1904 2753 tale,
1930 2692 1994 2741 ut
2014 2703 2121 2743 nos

474 2773 547 2829 ad
578 2773 988 2829 benevolentia;
1028 2774 1469 2844 concordiaeque
1499 2774 1763 2828 studium
1791 2776 2119 2832 necessario

475 2862 1004 2933 adduceredeheat,
1026 2861 1308 2917 nimirum
1339 2862 1436 2918 Dei
1459 2878 1523 2917 ac
1554 2879 1903 2934 superorum
1929 2864 2120 2921 imita-

469 2952 547 3007 tio
579 2952 639 3007 in
671 2968 801 3023 quas
858 2951 983 3007 sola
1041 2951 1249 3007 animae
1297 2952 1367 3007 ad
1400 2951 1499 3006 Dei
1534 2951 1851 3023 imaginem
1888 2958 2113 3024 creatae,

466 3039 682 3096 intueri
739 3044 932 3096 tutum
993 3045 1102 3108 est,
1164 3045 1228 3096 ut
1286 3057 1386 3111 per
1432 3040 1882 3113 propensionem
1924 3043 1994 3097 ad
2026 3059 2112 3115 ea,

471 3134 760 3201 quantum
791 3130 903 3202 ipsi
924 3129 1158 3200 assequi
1178 3130 1369 3200 datur,
1403 3135 1580 3200 atque
1610 3146 1811 3186 eorum
1834 3132 2113 3188 imitatio-

463 3234 619 3288 nem,
678 3218 1045 3275 nobilitatem
1114 3220 1302 3290 ipsam
1352 3235 1461 3274 sua
1513 3225 1731 3275 sartam
1781 3225 2113 3292 tectamque

2249 631 2449 686 ἑαυτῶν
2498 632 2668 703 ἀξίας,
2726 634 2789 697 ἧς
2844 636 3059 707 πρῶτον
3090 634 3153 686 τὸ
3193 632 3465 708 εἰρηναῖόν
3512 632 3602 687 καί
3644 633 3881 689 ἀστασία-

2249 741 2390 790 στον,
2422 722 2485 775 τὸ
2516 719 2569 776 ἓν
2632 724 2764 776 εἶναι
2823 717 3084 784 λαϐόντες
3130 723 3275 797 παρὰ
3320 729 3420 791 τῆς
3468 721 3752 791 ἐπαινετῆς
3801 726 3885 779 καὶ

2250 810 2399 885 ἁγίας
2457 808 2708 885 Τριάδος,
2779 814 2907 886 παρ’
2972 814 3040 879 ἦς
3106 811 3195 865 καὶ
3232 813 3330 880 τὴν
3389 809 3687 886 ἔλλαμψιν.
3744 814 3885 869 Ἐπεὶ

2245 898 2463 969 κάκείνη
2516 902 2591 961 εἷς
2631 900 2758 961 Θεός
2808 900 2916 954 ἐστί
2967 910 3025 953 τε
3072 902 3161 954 καὶ
3211 902 3344 954 εἶναι
3412 901 3738 969 πιστεύεται,
3789 903 3888 979 οὐχ

2246 991 2407 1056 ἧττον
2465 986 2553 1043 διὰ
2606 991 2704 1057 τήν
2749 990 3006 1062 ὁμόνοιαν
3064 992 3098 1058 ἢ
3153 991 3251 1059 τήν
3308 998 3409 1059 τῆς
3463 989 3646 1051 οὐσίας
3695 992 3887 1046 ταυτό-

2243 1099 2381 1147 τητα
2548 1098 2559 1111 ·
2596 1075 2731 1134 ὥστε
2763 1084 2895 1133 Θεοῦ
2930 1081 3023 1152 μὲν
3056 1081 3145 1133 καὶ
3175 1084 3281 1133 τῶν
3316 1080 3473 1143 θείων
3504 1079 3885 1155 ἰγγὺς,ὅσοιτὸ

2242 1174 2343 1236 τῆς
2395 1167 2617 1243 εἰρήνης
2665 1168 2859 1243 ἀγαθὸν
2913 1168 3272 1240 ἀσπαζόμενοι
3334 1169 3603 1246 φαίνοντι,
3668 1169 3760 1223 καὶ
3812 1176 3885 1243 τῷ

2245 1256 2467 1329 ἐναντίῳ
2634 1256 2811 1311 στάσει
2867 1256 3298 1332 ἀπεχθανόμενοί
3346 1278 3402 1311 τε
3463 1256 3553 1311 καὶ
3603 1254 3884 1335 δυσχεραί-

2242 1366 2419 1407 νοντες
2445 1364 2456 1377 ’
2488 1348 2584 1413 τῆς
2630 1342 2676 1399 δ’
2720 1349 2830 1419 (61)
2879 1345 3254 1418 ἀντικειμένης
3306 1343 3525 1419 μερίδος
3558 1345 3674 1401 ὅσοι
3717 1346 3887 1403 πολε-

2247 1435 2397 1507 μικοὶ
2426 1436 2517 1489 τὸν
2547 1434 2774 1509 τρόπον,
2805 1434 2892 1488 καὶ
2922 1436 2984 1488 τὸ
3025 1432 3310 1507 εὐδόκιμον
3364 1440 3442 1507 τῷ
3490 1440 3660 1508 καινῷ
3708 1438 3887 1509 θηρώ-

2247 1544 2419 1596 μενοι,
2477 1523 2565 1579 καὶ
2630 1523 2699 1597 τῇ
2781 1524 2983 1578 ἑαυτῶν
3042 1523 3273 1599 αἰσχύνῃ
3345 1522 3882 1598 καλλωπιζόμενοι·

2243 1612 2356 1667 ἐπεὶ
2384 1615 2495 1685 (62)
2550 1612 2796 1674 κάκεῖνος
2856 1612 3017 1675 αὐτός
3066 1634 3124 1667 τε
3171 1614 3441 1681 στασιάζει
3491 1615 3631 1689 πρὸς
3680 1614 3889 1685 ἑαυτὸν,

2241 1702 2436 1773 καὶτῷ
2478 1699 2777 1775 πολυειδεῖ,
2836 1701 2925 1755 καὶ
2983 1707 3100 1764 τοῖς
3147 1703 3361 1771 πάθεσι,
3405 1702 3501 1756 κάν
3523 1708 3639 1763 τοῖς
3671 1700 3891 1774 ἄλλοις,

2239 1792 2400 1844 ταυτὸ
2450 1793 2565 1863 (63)
2635 1795 2796 1844 τοῦτο
2863 1790 3083 1865 ἐνεργεῖ,
3158 1792 3234 1852 ὡς
3292 1790 3752 1867 ἀνθρωποκτόνος
3808 1794 3893 1847 ἀπ’

2240 1880 2418 1953 ἀρχῆς
2448 1880 2537 1933 καὶ
2574 1878 2895 1951 μισόκαλος,
2922 1878 2992 1932 τίν’
3042 1882 3155 1952 (64)
3202 1879 3252 1933 ἐν
3306 1883 3621 1954 σκοτομήνῃ
3665 1902 3895 1938 κατατο-

2236 1967 2357 2040 ξεύῃ
2381 1969 2444 2021 τὸ
2474 1969 2656 2021 κοινὸν
2716 1972 2874 2041 σῶμα
2920 1976 3019 2038 τῆς
3052 1966 3400 2040 Ἐκκλησίας,
3449 1974 3528 2040 τῷ
3583 1970 3739 2047 ζόφῳ
3793 1980 3888 2041 τῆς

2234 2055 2469 2118 στάσεως
2527 2057 2709 2111 ἑαυτὸν
2772 2056 3109 2131 ἐγκρύπτων,
3172 2056 3351 2133 ὥσπερ
3412 2060 3590 2130 οἶμαι,
3643 2061 3735 2115 καὶ
3778 2066 3887 2122 τοῖς

2232 2148 2347 2200 καθ’
2414 2143 2633 2200 ἕκαστον
2708 2145 2951 2218 πρόσεισι
3032 2152 3356 2224 σοφιστικῶς
3422 2147 3489 2200 τὰ
3553 2148 3745 2203 πολλὰ
3800 2150 3883 2203 καὶ

2233 2236 2573 2311 πανούργως,
2605 2235 2692 2289 καὶ
2726 2237 2837 2289 οἷον
2872 2238 3057 2311 χώραν
3103 2235 3153 2289 ἐν
3195 2238 3329 2309 ἡμῖν
3364 2236 3640 2311 ὑπανοίγω
3670 2257 3681 2269 ’
3720 2237 3886 2311 ἐαυτῷ

2234 2324 2321 2379 διὰ
2350 2328 2448 2393 τῆς
2477 2327 2695 2401 τέχνης,
2722 2325 2791 2379 ’ἶν’
2823 2326 2970 2387 ὅλως
3002 2328 3112 2399 (65)
3162 2325 3396 2399 είσπὲσῃ,
3447 2325 3691 2402 καθάπερ
3741 2328 3886 2404 ἀρισ,

2231 2414 2351 2476 τεὺς
2385 2419 2593 2487 στρατῷ
2624 2418 2735 2486 (66)
2758 2414 2892 2469 κατᾶ
2918 2414 2981 2468 τὸ
3010 2414 3528 2490 παραρρηγνύμενον
3556 2420 3657 2469 τοῦ
3678 2418 3885 2493 τειχίου

2231 2505 2265 2572 ἣ
2294 2511 2392 2573 τῆς
2418 2504 2785 2580 παρατάξεως.

2304 2684 2527 2738 ΙΔ’.’Έν
2586 2684 2677 2755 μὲν
2742 2678 2807 2751 δὴ
2866 2686 3053 2747 τοῦτο,
3133 2680 3220 2735 καὶ
3296 2686 3573 2753 τοσοῦτον,
3657 2681 3736 2745 εἰς
3796 2683 3885 2737 εὗ-

2229 2771 2375 2833 νοίας
2422 2774 2536 2843 (67)
2580 2792 2637 2825 τε
2685 2771 2773 2825 καὶ
2826 2770 3141 2848 συμφῶνίας
3206 2769 3466 2846 ἀνάγκην,
3514 2775 3548 2841 ἠ
3603 2776 3738 2826 Θεοῦ
3788 2772 3879 2826 καὶ

2224 2866 2331 2915 τῶν
2386 2861 2540 2914 Θείων
2596 2862 2707 2933 (68)
2770 2860 3037 2932 μίμησις’
3105 2860 3241 2935 πρὸς
3292 2860 3323 2914 ἃ
3374 2859 3587 2935 βλέπειν
3641 2860 3883 2937 ἀσφαλὲς

2231 2950 2367 3023 μόνα
2390 2952 2488 3019 τὴν
2519 2953 2640 3004 κατ”
2673 2949 2848 3003 εἷκόνα
2902 2953 3035 3003 Θεοῦ
3083 2948 3378 3025 γενομένην
3422 2950 3626 3024 ψυχὴν,
3676 2950 3749 3002 ’ἶν’
3800 2950 3878 3011 ὡς

2230 3037 2463 3113 μάλιστα
2517 3040 2579 3093 τὸ
2638 3038 2843 3113 εὐγενὲς
2891 3036 3027 3111 αὐτῇ
3088 3035 3415 3109 διασώζηται
3476 3036 3565 3092 διὰ
3608 3041 3711 3108 τῆς
3744 3039 3881 3114 πρὸς

2224 3128 2358 3184 αὐτὰ
2404 3127 2655 3198 νεύσεως,
2725 3128 2813 3182 καὶ
2892 3127 2965 3188 ὡς
3041 3125 3254 3204 ἐφικτὸν
3330 3128 3655 3200 ὁμοιώσεως
3731 3130 3881 3202 (69)⁶

2225 3215 2468 3293 δεύτερον
2504 3214 2559 3271 δὲ
2590 3220 2700 3289 (70)
2752 3212 3141 3289 ἀναϐλέψωμεν
3193 3216 3267 3278 εἰς
3316 3217 3407 3270 τὸν
3460 3215 3690 3291 οὐρανὸν
3754 3215 3885 3285 ἄνω,

457 3281 714 3362 tueatur.
745 3306 1005 3362 Alterum
1029 3281 1225 3377 est,-ut
1244 3307 1453 3363 divina:
1472 3309 1595 3364 voci
1618 3281 2110 3381 obtemperantes,

2235 3307 2313 3362 mi
2348 3306 2421 3368 εἷς
2451 3308 2549 3375 τὴν
2578 3309 2675 3381 γῆν
2710 3307 2880 3375 κάτω,
2922 3306 3064 3369 θείας
3122 3312 3307 3383 φωνῆς
3360 3304 3693 3368 ἀκούσαντες
3753 3309 3885 3379 (71),

460 3395 521 3450 in
553 3395 766 3451 caelum
824 3413 1087 3463 sursum,
1118 3401 1175 3452 et
1222 3397 1281 3451 in
1313 3401 1527 3452 terram
1556 3398 1830 3453 deorsum
1862 3400 2111 3471 aspicia-

458 3500 592 3539 mus
612 3484 673 3551 ⁸ο,
697 3489 873 3555 atque
896 3486 1263 3540 conditarum
1289 3502 1486 3540 rerum
1509 3486 1667 3557 leges
1684 3487 2105 3544 animadverta-

456 3589 629 3629 mus:
667 3574 1165 3645 quemadmodum
1195 3574 1464 3629 videlicet
1494 3575 1722 3643 oculum,
1757 3581 1814 3631 et
1850 3581 2019 3646 terra,
2052 3581 2109 3633 et

455 3678 637 3729 mare,
672 3680 738 3719 ac
761 3663 1007 3734 denique
1040 3664 1347 3719 universus
1372 3663 1463 3718 hic
1486 3665 1767 3735 mundus,
1800 3681 2104 3737 magnum,

456 3752 717 3823 inquam,
753 3753 861 3808 hoc
892 3757 947 3809 et
977 3752 1201 3809 celebre
1234 3752 1335 3807 Dei
1368 3752 1745 3820 elementum,
1780 3771 1894 3825 quo
1931 3755 2105 3811 etiam

453 3842 607 3897 Deus
634 3840 986 3907 declaratur,
1021 3841 1313 3911 tacitaque
1344 3858 1480 3896 voce
1518 3841 1885 3913 praedicatur,
1920 3859 2106 3914 quan-

453 3930 577 4001 diu,
611 3947 810 3987 secum
836 3937 1080 4003 pacatus
1097 3935 1154 3986 et
1175 3929 1523 4001 tranquillus
1543 3935 1650 4000 est,
1684 3947 1862 4002 seque
1885 3936 2107 3987 naturae

452 4036 571 4075 sua:
602 4020 820 4075 ﬁnibus
851 4020 1126 4089 continet,
1160 4036 1265 4075 nec
1296 4019 1619 4091 quidquam
1652 4020 1931 4076 adversus
1962 4021 2110 4077 alte-

454 4124 584 4161 rum
613 4108 887 4182 insurgit,
922 4114 1099 4181 atque
1161 4126 1228 4164 ex
1283 4108 1357 4163 iis
1389 4108 1805 4165 benevolentiae
1836 4109 2107 4183 vinculis,

454 4196 671 4266 quibus
724 4197 794 4251 ab
841 4198 1063 4253 artiﬁce
1120 4198 1308 4252 Verbo
1331 4214 1526 4252 rerum
1576 4197 1925 4255 universitas
1974 4216 2109 4255 con-

454 4287 657 4341 stricta
679 4294 790 4355 est,
817 4289 1062 4355 excedit,
1090 4290 1347 4343 mundus
1378 4305 1509 4343 vere
1532 4293 1640 4357 est,
1666 4294 1729 4343 ut
1751 4290 2107 4361 appellatur,

454 4380 511 4429 et
542 4374 1019 4447 incomparabilis
1042 4376 1442 4448 pulchritudo,
1465 4393 1569 4432 nec
1596 4376 1815 4448 aliquid
1848 4397 2109 4451 unquam

455 4479 623 4534 opus,
657 4465 809 4529 quod
842 4465 1079 4535 quidem
1114 4464 1360 4521 materia
1395 4470 1639 4534 constet,
1672 4466 1962 4525 illustrius
2010 4474 2112 4525 aut

526 4580 570 4614 5°
601 4583 767 4635 Prov.
793 4597 926 4651 xxv,
953 4581 1007 4635 3.

544 4696 641 4766 60)
666 4694 999 4766 Ταυτότητα.
1035 4717 1065 4746 ‹‹
1101 4696 1467 4753 Identitatem
1498 4702 1865 4759 substantiae.
1904 4725 1931 4752 »

544 4763 636 4835 61)
692 4763 900 4839 Τῆςγδλ
936 4767 1074 4839 Reg.
1110 4769 1230 4832 bm,
1261 4774 1360 4836 τῆς
1392 4766 1468 4825 δέ.

523 4838 636 4916 (Q2)
669 4838 837 4916 Ἐπεί,
873 4844 980 4916 etc.
1026 4838 1274 4916 ’Billius,
1300 4864 1327 4916 (ς
1371 4842 1516 4916 Nam
1550 4844 1647 4899 ille
1679 4861 1931 4916 quoque,
1976 4848 2103 4900 tum

453 4909 767 4987 multiplici
810 4911 1021 4982 specie,
1054 4916 1179 4965 tum
1225 4912 1449 4987 vitiosis
1501 4909 1988 4987 permotionibus,
2051 4922 2108 4971 et

454 4983 807 5064 secum‘ipse
840 4986 1083 5064 pugnat,
1115 4988 1189 5064 et,
1215 4988 1278 5064 ut
1308 4986 1378 5039 ab
1403 4983 1566 5064 initio
1600 4988 1916 5064 homicida,
1942 4983 2107 5043 boni-

456 5069 569 5131 que
600 5054 731 5108 odio
780 5054 1057 5131 percitus,
1120 5054 1227 5109 hoc
1258 5056 1453 5131 ipsum
1486 5059 1544 5114 in
1581 5060 1712 5115 aliis
1743 5064 2038 5131 operatur.
2078 5079 2103 5110 ι

455 5122 651 5249 111.1180
678 5122 963 5195 versione,
979 5127 1207 5182 inverso
1220 5122 1527 5186 verborum
1551 5122 2110 5197 ordineﬂnvertitur

455 5212 480 5249 e
511 5210 629 5249 1am
655 5212 886 5249 sensus.

452 5210 629 5249 etlam
655 5212 886 5251 sensus.

688 5266 879 5323 Ταυτό.

446 5335 666 5391 ταύτόν.

522 5410 632 5482 (64)
663 5407 776 5482 ’Ἰν-Ἄ
811 5410 987 5482 Regg.
1022 5410 1142 5482 b_m,
1189 5410 1293 5477 hu,
1321 5408 1429 5466 ἵνα.

665 5476 995 5560 [Ὀλωςηῦἲκ
1024 5476 1490 5560 510<.~Sigleg_it
1521 5482 1749 5560 Billius.

667 5550 939 5632 ᾊριστεὺς
999 5550 1231 5635 στρατῷ.
1292 5553 1377 5609 Ita
1408 5550 1568 5626 'Reg.
1616 5556 1718 5624 hu,
1754 5556 1855 5629 qui
1887 5557 2108 5613 omisso

451 5617 610 5670 κατά-
670 5639 753 5670 sm
810 5629 1203 5670 nmnemntnn
1258 5627 1338 5670 τῶ
1390 5624 1898 5670 παοαόέτμιυηηέυιη
1982 5650 2011 5670 κ
2046 5633 2108 5670 ni'.

454 5624 611 5699 κατα,
670 5624 753 5676 sic
810 5624 1207 5694 prosequitur,
1258 5627 1338 5693 τῷ
1390 5624 1918 5702 παροίῤῥηγνυιὶἑνῳ,
1982 5650 2011 5679 ι(
2046 5633 2111 5684 ut

458 5687 625 5772 fortis
656 5690 902 5772 bellator
951 5694 1015 5772 in_
1067 5693 1543 5772 exercitum,_per
1597 5700 1907 5772 disjectam
1954 5699 2108 5758 muri

453 5764 701 5830 partem,
736 5765 1043 5836 irrumpat.
1080 5788 1108 5815 »
1156 5766 1362 5825 Billius
1392 5764 1581 5843 'legit,
1641 5764 1885 5849 ἀριστεὺς
1947 5790 2105 5849 στρα-

966 5267 1060 5323 Sic
1147 5269 1386 5340 quidam
1472 5273 1643 5327 codd.
1709 5277 1766 5327 et
1819 5272 1910 5327 ed.
1972 5271 2107 5341 Alii,

2221 3396 2309 3451 καὶ
2339 3397 2737 3467 καταμάθωμεν
2770 3395 2973 3467 νόμους
3028 3396 3252 3456 κτίσεως
3282 3414 3293 3427 ·
3338 3393 3420 3449 ὅτι
3480 3394 3740 3471 οὐρανὸς,
3794 3394 3881 3449 καὶ

2214 3492 2311 3561 γῆ,
2368 3485 2456 3539 καὶ
2505 3481 2763 3551 θάλασσα,
2824 3484 2911 3537 καὶ
2963 3485 2990 3537 ὁ
3042 3482 3259 3555 σύμπας
3302 3483 3459 3545 οὕτος
3510 3484 3755 3557 κόσμος,
3822 3483 3883 3537 τὸ

2220 3574 2357 3649 μέγα
2384 3578 2479 3627 τοῦ
2511 3578 2643 3627 Θεοῦ
2674 3578 2945 3647 στοιχεῖον
2978 3571 3067 3627 καί
3106 3567 3456 3648 περιϐόητον,
3523 3574 3572 3645 ᾧ
3635 3573 3731 3627 καὶ
3794 3570 3888 3642 δη-

2218 3663 2409 3719 λοῦται
2468 3662 2596 3722 Θεὸς
2657 3665 2837 3733 σιωπῇ
2894 3660 3327 3736 κηρυττόμενος,
3373 3658 3477 3723 ἕως
3532 3664 3634 3735 μὶν
3704 3662 3887 3716 εὐστα-

2215 3754 2296 3807 θεῖ
2352 3756 2461 3825 (72)
2513 3751 2601 3805 καὶ
2660 3749 2922 3826 εἰρηνεύει
2978 3752 3112 3826 πρὸς
3163 3750 3374 3819 ἑαυτὸν,
3430 3750 3482 3804 ἐν
3535 3756 3664 3813 τοῖς
3727 3750 3886 3813 ἰδίοις

2217 3842 2367 3917 ὅροις
2421 3839 2590 3913 μένων
2636 3842 2733 3907 τῆς
2781 3839 3011 3916 φύσεως,
3064 3839 3152 3893 καὶ
3201 3836 3477 3894 οὐδὲντοῦ
3510 3839 3711 3916 ἑτέρου
3760 3861 3886 3894 κατ-

2218 3931 2568 4002 εξανίσταται,
2647 3926 2772 3983 οὐδὲ
2843 3933 2950 3982 τῶν
3027 3934 3125 3997 τῆς
3201 3927 3411 3990 εὐνοίας
3468 3924 3719 3985 ἐκϐαίνει
3778 3930 3885 4003 (73)

2219 4019 2451 4093 δεσμῶν,
2505 4024 2587 4081 οῖς
2630 4018 2657 4072 ὁ
2699 4016 2955 4094 τεχνίτης
3004 4016 3177 4093 Λόγος
3209 4018 3269 4071 τὸ
3298 4022 3400 4071 πᾶν
3437 4017 3734 4090 συνέδησε,
3793 4018 3884 4072 κό-

2220 4132 2355 4183 σμος
2384 4110 2440 4164 τέ
2472 4108 2635 4179 ἐστιν,
2667 4106 2846 4182 ὣσπερ
2881 4105 3112 4181 λέγεται,
3146 4104 3237 4160 λαὶ
3285 4105 3495 4170 κάλλος
3562 4108 3886 4184 ἀπρόσιτον,

2218 4201 2305 4254 καὶ
2339 4197 2490 4253 οὐδὲν
2524 4200 2596 4271 μή
2632 4218 2763 4250 ποτε
2790 4196 2986 4250 τούτου
3017 4217 3096 4257 τις
3124 4195 3427 4266 ἐπινοήσειε
3456 4200 3580 4270 (74)
3633 4196 3887 4273 λαμπρό-

2218 4308 2370 4361 τερον
2403 4290 2513 4359 (75)
2631 4282 3219 4359 μεγαλοπρεπέστερον.
3255 4284 3426 4355 Ὁμοῦ
3489 4282 3552 4339 δὲ
3608 4290 3711 4340 τοῦ
3745 4284 3888 4360 εἰρη-

2220 4378 2388 4432 νεύειν
2434 4377 2728 4445 πέπαυται,
2774 4372 2862 4427 καὶ
2912 4377 3008 4427 τοῦ
3066 4374 3197 4426 εἶναι
3248 4372 3483 4445 κόσμος.
3540 4377 3620 4431 ¹¹Η
3676 4374 3783 4449 γὰρ
3835 4370 3891 4425 οὗ

2223 4465 2375 4521 δοκεῖ
2426 4486 2507 4519 σοι
2559 4462 2783 4541 οὐρανὸς
2838 4462 2931 4535 μὲν
2979 4460 3243 4523 εὐτάκτως
3291 4461 3407 4537 ἀέρι
3456 4464 3557 4517 καὶ
3700 4482 3892 4517 κοινω-

2183 4723 2213 4757 τ
2243 4700 2320 4768 ός,
2372 4722 2398 4753 α
2431 4702 2709 4755 strenuus
2743 4694 3051 4768 exercitus.
3090 4716 3117 4768 -_
3147 4693 3282 4768 Quae
3341 4694 3517 4768 lectio
3569 4696 3755 4753 nobis
3787 4710 3888 4751 non

2212 4766 2424 4845 placet.
2462 4771 2657 4845 Neque
2685 4769 2841 4824 enim
2883 4766 3197 4845 Dregorius
3226 4766 3714 4845 diabolum‘cum
3751 4791 3779 4819 «
3804 4782 3888 4822 ex-

2211 4836 2421 4909 ercitu,
2456 4865 2483 4890 ››
2517 4836 2617 4896 sed
2651 4857 2785 4895 cum
2816 4863 2841 4889 «
2879 4836 3019 4893 forti
3044 4836 3323 4892 bellatore
3354 4861 3381 4887 ››
3417 4840 3686 4896 confert.

2288 4911 2523 4987 (67)_Eic
2560 4909 2785 4987 εὐνοίας.
2819 4910 2911 4966 Sic
2945 4909 3122 4981 Regg.
3159 4926 3211 4978 a,
3248 4910 3369 4976 bm,
3411 4911 3521 4983 hu,
3561 4914 3667 4967 Or.
3732 4910 3896 4967 Deest

2218 4984 2302 5046 εἷς
2324 4984 2390 5041 in
2415 4984 2540 5039 Par.
2575 4984 2715 5038 edit.

2309 5059 2401 5125 68)
2430 5058 2544 5107 Τῶν
2568 5053 2750 5116 θείων.
2781 5074 2808 5103 ‹‹
2848 5050 3454 5125 Rerumdivinarum.
3498 5077 3529 5103 ››

2310 5121 2398 5197 69)
2429 5125 2797 5198 Ὀμοιώσεως.
2834 5147 2875 5198 t<_
2906 5121 3385 5198 Similitudinem.
3423 5148 3453 5174 ››

2310 5194 2401 5276 ῖΟ)
2436 5194 2519 5276 at.
2555 5199 2727 5276 Deest
2755 5198 2815 5251 in
2848 5194 3147 5276 Qeg..bm,
3179 5200 3237 5276 et
3266 5200 3361 5276 0r.

2289 5259 2403 5343 {71)
2437 5269 2805 5328 Ἀκούσαντες.
2863 5259 3036 5322 Οοῖει.
3079 5259 3141 5331 4,
3195 5265 3513 5328 ἀκούοντες.
3582 5268 3688 5324 Or.
3753 5259 3899 5320 ἀκού-

2222 5363 2427 5397 σοντες.

2292 5363 2712 5485 (7ἓῖἘῦσταβεῖ.
2746 5408 3002 5485 goisl._1,
3037 5409 3269 5485 56919633
3303 5408 3390 5461 καὶ
3425 5407 3727 5485 εἰρηνεύῃ.

2293 5475 2402 5555 (73)
2439 5478 2723 5537 Ἐκϐαίνει.
2759 5481 2898 5555 Reg.
2934 5475 3056 5555 but,
3091 5475 3336 5555 Exeat-vn.

2313 5552 2401 5628 74)
2433 5555 2787 5628 Ἐπινοήσειε.
2822 5552 2969 5628 Reg.
2992 5552 3097 5628 hu,
3132 5552 3420 5628 ἐπινοήσῃ,

2313 5559 2401 5628 74)
2433 5558 2787 5624 Ἐπινοήσειε.
2822 5558 2963 5624 Reg.
2993 5558 3097 5624 hu,
3132 5558 3420 5624 ἐπινοήσῃ.

2293 5558 2408 5710 (76)
2448 5625 2881 5710 ’,λαμπρότερὀν.
2944 5625 3123 5710 Addi‘t
3170 5625 3343 5710 goisl.
3406 5625 3483 5710 1,.
3536 5621 3691 5696 ὕλης
3741 5620 3905 5710 ἔργονζ

2225 5691 2333 5828 Sic:1
2345 5691 2491 5783 iegit
2522 5691 2749 5757 Bittius.
2767 5691 2992 5757 Faveas
3024 5698 3352 5757 scholiastaa
3374 5694 3622 5771 aliique
3641 5691 3907 5755 nonnulli

2225 5787 2291 5828 co
2342 5788 2480 5828 1068.

2222 5787 2480 5829 οοαιοοε.

2289 5060 2305 5271 ἒ
