4146 6290
469 401 589 461 ’143

1712 388 1777 449 S.
1826 385 2198 448 GREGORII
2243 378 2637 447 THEOLOGI

3759 376 3876 443 ’744

472 532 816 590 ostenditur.
849 533 1059 599 Atque,
1096 530 1158 581 ut
1187 524 1454 598 populos,
1488 528 1543 578 et
1575 522 1835 587 urbes,et
1866 520 2112 592 imperia

2226 515 2281 571 δῖε
2312 518 2485 593 χοροῦ
2515 519 2604 571 καὶ
2640 516 2922 592 στρατοὺς,
2974 514 3061 570 καὶ
3123 511 3326 586 οἷ’κους,
3381 513 3469 569 ναὶ
3519 519 3664 583 νηῶν
3726 515 3873 585 πλη-

470 626 833 694 praeteream,
893 624 957 672 ut
1014 622 1216 683 coetus,
1278 614 1585 681 exercitus,
1638 610 1911 678 familias,
1949 626 2119 665 naves

468 709 799 766 vectoribus
831 706 1055 779 plenas,
1089 702 1384 776 conjugis,
1418 702 1709 769 sodalitia,
1745 717 1869 771 quae
1897 699 2116 767 omnia,

470 804 536 854 ut
565 814 702 870 pace
733 802 1170 858 conservantur,
1230 794 1313 847 ita
1366 791 1611 846 dissidio
1644 791 1797 844 190
1855 788 2119 842 funditus

469 892 831 951 evertuntur,
865 886 936 940 ad
984 882 1276 939 Israelitas
1316 883 1634 937 orationem
1664 883 2018 944 convertam,
2054 893 2119 931 ac

468 986 855 1049 posteaquam
883 972 1048 1028 vobis
1071 988 1274 1027 eorum
1306 969 1686 1038 calamitates,
1718 971 1774 1022 et
1803 966 2118 1038 dispersio-

466 1082 624 1134 nem,
658 1080 774 1135 qua
802 1078 961 1118 nunc
992 1061 1232 1117 sedibus
1262 1060 1387 1115 suis
1442 1056 1597 1129 pulsi
1628 1072 1834 1128 vagam
1865 1058 1922 1109 et
1951 1054 2120 1108 mise-

466 1171 593 1210 ram
624 1156 803 1209 vitam
836 1156 1290 1222 persequuntur,
1347 1146 1819 1216 diutissimeque,
1853 1148 1917 1199 ut
1972 1143 2117 1199 mihi

463 1243 620 1299 edita
648 1243 719 1297 de
749 1240 867 1295 illis
894 1238 1170 1295 vaticinia
1212 1237 1385 1292 ﬁdem
1418 1236 1640 1291 faciunt
1670 1238 2115 1305 persequentur,

460 1348 805 1404 exposuero,
837 1335 965 1385 tum
996 1329 1235 1383 demum
1268 1344 1333 1381 ex
1381 1325 1568 1393 vobis,
1610 1324 1709 1393 qui
1742 1324 1991 1394 perfecte
2021 1338 2119 1376 no-

2230 609 2476 682 ρώματα,
2506 607 2594 661 καὶ
2628 606 2901 682 συζυγίας,
2948 606 3038 660 καὶ
3090 605 3375 679 ἱταίρείας,
3428 606 3532 659 ὑπὸ
3580 604 3672 677 μὲν
3725 604 3878 681 εἷρήο

2227 718 2324 766 νης
2354 696 2741 770 συνεχομένας,
2777 696 2879 750 ὑπὸ
2929 692 2985 749 δὲ
3028 694 3263 757 στάσεως
3312 692 3743 766 καταλυομένας,
3789 693 3876 748 ἐπὶ

2225 785 2317 838 τὸν
2380 783 2601 858 Ἰσραὴλ
2653 785 2764 857 εἶμι
2811 789 2888 855 τῷ
2941 783 3115 859 λόγῳ,
3167 783 3256 837 καὶ
3306 788 3411 838 τῶν
3462 782 3666 837 ἐκείνου
3697 784 3878 836 παθῶν

2231 874 2549 946 ὑπομνήσας
2584 874 2747 945 ὑμᾶς,
2780 873 2868 927 καὶ
2908 880 3009 937 τῆς
3061 870 3377 946 διασπορᾶς,
3427 872 3516 925 καὶ
3563 878 3665 940 τῆς
3714 870 3877 943 ἄλης,

2227 964 2287 1030 ἢν
2327 984 2385 1017 τε
2428 967 2518 1015 νῦν
2565 958 2788 1037 ἕχουσε,
2842 963 2930 1016 καὶ
2981 964 3041 1031 ἦν
3086 960 3174 1016 ἐπὶ
3221 960 3475 1016 πλεῖστον
3537 963 3649 1034 (91)
3698 959 3879 1031 ἕξωσι,

2232 1052 2481 1124 πείθομαι
2528 1052 2631 1126 γάρ
2679 1056 2795 1113 ταῖς
2842 1051 2967 1125 περὶ
3026 1050 3199 1106 αὐτῶν
3250 1049 3637 1126 προρρήσεσιν,
3696 1048 3882 1104 ἔπειτα

2229 1140 2494 1215 ἐρήσομαι
2528 1137 2765 1216 ἀκριϐῶς
2797 1138 3005 1202 εἰδότας
3042 1141 3199 1211 ὑμᾶς,
3230 1140 3283 1194 τί
3314 1141 3375 1194 τὸ
3421 1143 3529 1194 τῶν
3582 1143 3878 1215 συμφορῶν

2225 1230 2429 1284 τούτων
2464 1228 2656 1298 αἴτιον,
2686 1230 2774 1284 ἳνα
2803 1227 3177 1303 παιδευθῶμεν
3209 1234 3326 1290 τοῖς
3346 1233 3451 1283 τῶν
3482 1226 3667 1283 ἄλλων
3688 1233 3881 1291 κακοῖς

2224 1323 2323 1388 τὴν
2357 1318 2636 1393 ὁμόνοιαν.

454 1421 565 1477 stis
623 1434 895 1491 quasnam
956 1418 1033 1473 sit
1088 1417 1300 1472 barum
1361 1413 1768 1470 calamitatum
1828 1426 2028 1479 causa,
2090 1409 2455 1479 sciscitabar,
2519 1414 2583 1466 ut
2639 1408 2889 1466 aliorum
2940 1409 3113 1466 malis
3144 1411 3214 1465 ad
3246 1410 3616 1466 concordiam
3643 1410 3885 1466 erudia-

458 1527 614 1566 mur.

523 1598 693 1654 XVII.
724 1596 996 1662 Quandiu
1025 1594 1206 1667 igitur
1234 1592 1319 1647 illi
1352 1607 1579 1664 pacem,
1636 1594 1693 1645 et
1750 1589 1903 1645 inter
1944 1604 2026 1655 se,
2060 1591 2112 1643 et

2296 1607 2390 1660 IZ'.
2423 1603 2540 1678 Οὐχ
2569 1606 2683 1677 (92)
2732 1624 2832 1665 εως
2886 1604 2981 1675 μὲν
3031 1603 3252 1677 εἷρηνην
3303 1602 3453 1678 εἶχον
3486 1603 3576 1657 καὶ
3606 1604 3743 1677 πρὸς
3778 1602 3884 1659 ἆλ-

458 1705 594 1744 cum
627 1688 743 1743 Deo
776 1686 1127 1750 habuerunt,
1162 1682 1494 1754 Egyptiaca
1550 1678 1818 1734 videlicet
1858 1677 2114 1748 tyranni-

461 1779 553 1849 de,
586 1777 696 1832 hoc
751 1780 862 1845 est,
896 1774 1081 1830 ferrea
1117 1773 1348 1827 fornace
1403 1768 1687 1842 oppressi,
1724 1783 1789 1822 ac
1819 1782 1921 1837 per
1949 1780 2114 1822 com-

459 1881 701 1922 munem
730 1864 1103 1920 afﬂictionem
1133 1859 1431 1930 conjuncti
1480 1862 1654 1929 atque
1685 1855 1911 1912 collecti
1942 1856 2112 1926 (non-

454 1970 759 2026 nunquam
786 1950 1197 2008 enimafl‘lictio
1212 1966 1444 2021 quoque
1474 1948 1603 2020 ipsa
1624 1947 2002 2003 commodum
2025 1956 2116 2006 est

452 2046 524 2100 ad
557 2044 807 2100 salutem
842 2041 1271 2113 pharmacum),
1300 2037 1463 2109 plebs
1496 2042 1702 2092 sancta
1734 2036 2114 2095 vocabantur,

449 2139 507 2189 et
536 2133 724 2205 portio
757 2129 1012 2196 Domini,
1076 2144 1142 2184 ac
1195 2126 1386 2199 regale
1444 2125 1840 2205 sacerdotium
1876 2125 1939 2177 ⁸ο.
2002 2122 2116 2179 Nec

449 2198 584 2278 vero
616 2221 727 2277 hoc
757 2220 869 2275 dici
904 2224 1112 2290 potest,
1147 2216 1387 2271 nomina
1418 2213 1656 2285 quidem
1691 2198 1888 2285 ampla
1918 2216 1974 2268 et
1996 2228 2117 2266 ma.

453 2310 672 2384 gniﬁca
700 2310 903 2373 fuisse,
934 2311 1206 2362 cistarum
1240 2304 1578 2360 nominibus
1610 2318 1703 2358 res
1748 2303 1908 2374 ipsas
1959 2302 2113 2357 haud

453 2415 755 2472 quaquam
786 2394 1337 2468 respondisse.Nam
1368 2398 1425 2448 et
1452 2392 1700 2447 ducibus
1731 2396 1890 2446 aDeo
1922 2390 2115 2445 ductis

452 2490 793 2555 utebantur,
826 2491 883 2541 et
918 2502 1017 2555 per
1057 2483 1395 2539 columnam
1456 2480 1611 2552 ignis
1671 2486 1728 2533 et
1776 2479 1952 2533 nubis
2011 2477 2111 2532 diu

448 2585 743 2647 noctuque
773 2573 1273 2629 deducebantur“
1299 2589 1314 2640 ς
1348 2576 1406 2625 et
1446 2569 1805 2640 fugientibus
1834 2583 1993 2622 mare
2022 2566 2112 2620 di-

446 2665 757 2721 videbatur
785 2665 877 2727 δι’,
945 2666 1002 2717 et
1044 2663 1195 2716 tame
1250 2658 1655 2714 laborantibus
1705 2655 1917 2712 caelum
1950 2655 2111 2710 cibos

449 2752 948 2832 subministrabat
972 2752 1038 2817 ⁸³,
1074 2757 1130 2806 et
1160 2748 1498 2804 sitientibus
1534 2753 1694 2818 petra
1726 2763 1898 2800 usum
1933 2744 2112 2801 fontis

450 2843 744 2915 praebebat
772 2842 838 2905 ⁸³,
872 2845 929 2895 et
961 2838 1361 2912 pugnantibus
1393 2852 1675 2891 manuum
1725 2834 1988 2890 extensio
2020 2834 2107 2888 in-

2226 1691 2435 1762 λήλους
2466 1693 2555 1747 καὶ
2582 1692 2721 1766 πρὸς
2752 1692 2904 1761 Θεὸν,
2940 1690 3198 1768 Αἰγύπτῳ
3227 1695 3294 1765 τῇ
3334 1692 3550 1765 καμίνῳ
3600 1695 3667 1765 τῇ
3721 1690 3885 1762 σιδηο

2228 1786 2293 1856 ρᾷ
2322 1782 2657 1854 πιεζόμενοι,
2689 1782 2778 1836 καὶ
2813 1783 2915 1836 ὑπὸ
2944 1788 3042 1850 τῆς
3090 1788 3277 1851 κοινῆς
3329 1784 3440 1855 (93)
3484 1782 3721 1855 ΘΛίψεως
3755 1802 3890 1837 συν-

2227 1870 2485 1943 αγόμενοι
2545 1867 2675 1942 (ἔστι
2725 1871 2825 1945 γὰρ
2882 1870 2970 1925 ὅτε
3017 1871 3106 1924 καὶ
3153 1874 3315 1924 τοῦτο
3366 1869 3648 1945 φάρμακον
3682 1870 3886 1945 ἀγαθὸν

2227 1960 2302 2020 εἱς
2334 1959 2605 2035 σωτηρίαν
2638 1962 2672 2027 ἡ
2734 1957 2964 2031 θλίψις),
3026 1956 3159 2021 λαός
3215 1980 3273 2013 τε
3321 1958 3472 2035 ἃγιος
3503 1958 3729 2031 ἤκουον,
3790 1961 3888 2015 καὶ

2230 2048 2381 2122 μερὶς
2430 2049 2647 2122 Κυρίου,
2696 2048 2785 2101 καὶ
2839 2045 3110 2121 βασίλειον
3160 2049 3471 2122 ἱεράτευμα.
3525 2048 3620 2101 Καὶ
3671 2047 3733 2102 οὗ
3767 2056 3887 2111 τοῖς

2230 2138 2322 2207 μὲν
2360 2136 2614 2209 ὀνόμασιν
2645 2137 2787 2190 οὓτω
2812 2139 2945 2208 (94),
2978 2142 3094 2198 τοῖς
3128 2134 3184 2191 δὲ
3216 2136 3392 2212 ἔργοις
3442 2136 3637 2211 ἑτέρως
3667 2157 3679 2169 ·
3735 2136 3885 2192 ἀλλὰ

2222 2226 2311 2280 καὶ
2344 2226 2669 2301 στρατηγοῖς
2707 2224 2907 2301 ἤγοντο
2933 2226 3224 2299 ἀγομένοις
3268 2227 3367 2280 ὑπὸ
3412 2231 3570 2291 Θεοῦ,
3614 2227 3703 2279 καὶ
3758 2226 3884 2280 στύ-

2227 2314 2311 2386 λῳ
2341 2315 2510 2390 πυρὸς
2554 2315 2642 2368 καὶ
2690 2314 2918 2392 νεφέλης
2958 2313 3273 2390 ὡδηγοῦντο
3303 2316 3493 2376 νυκτὸς
3522 2315 3610 2369 καὶ
3642 2314 3878 2390 ἡμέρας·

2223 2404 2311 2457 καὶ
2358 2402 2597 2457 Θάλασσα
2660 2404 2753 2475 μὲν
2800 2403 2982 2465 αὐτοῖς
3030 2402 3267 2458 διίστατο
3321 2402 3595 2481 φεύγουσι,
3648 2409 3876 2459 πεινῶσι

2226 2489 2281 2546 δὲ
2312 2491 2537 2564 οὐρανὸς
2565 2490 2821 2566 ἐχορήγει
2865 2493 3094 2568 τροφὴν,
3143 2492 3313 2568 πέτρα
3356 2489 3413 2546 δὲ
3462 2490 3689 2566 διψῶσιν
3741 2492 3878 2562 ἐπή-

2220 2585 2368 2654 γαζε,
2417 2580 2721 2652 πολεμοῦσι
2783 2577 2839 2634 δὲ
2890 2585 3090 2655 χειρῶν
3152 2575 3360 2642 ἕκτασις
3420 2580 3536 2635 ἀντὶ
3596 2579 3876 2655 μυριάδων

2220 2671 2305 2738 ἦν,
2341 2667 2409 2723 δι’
2442 2668 2611 2744 εὐχῆς
2662 2667 2939 2745 ἐγείρουσα
2984 2670 3241 2745 τρόπαια,
3292 2670 3382 2724 καὶ
3432 2669 3765 2725 ὁδοποιοῦσα
3812 2670 3881 2725 τὰ

2219 2758 2520 2833 ἔμπροσθεν
2551 2778 2563 2789 ·
2606 2758 2843 2830 ποταμοὶ
2878 2756 2935 2812 δὲ
2989 2760 3309 2834 ὑπεχώρουν
3356 2760 3454 2828 τήν
3503 2762 3737 2835 συγγενῆ
3784 2780 3882 2830 μι-

2225 2847 2488 2919 μούμενοι
2540 2845 2825 2917 θάλασσαν,
2876 2847 2964 2901 καὶ
3011 2853 3259 2923 στοιχεῖα
3310 2846 3511 2917 ἵστατο,
3560 2849 3647 2901 καὶ
3703 2848 3874 2922 τείχη

450 2930 908 2987 numerabilium
927 2928 1227 3001 copiarum
1248 2926 1456 2995 instar,
1479 2930 1603 2981 erat
1628 2923 1911 2980 orationis
1933 2939 2109 2994 opera

455 3028 463 3035 .
792 3020 802 3031 ι
1074 3018 1081 3035 Ξ
1148 3034 1169 3035 η
1216 3033 1293 3035 νμ,
1375 3014 1618 3035 --1Λ--Σ---
1700 3013 1962 3035 ___--_!-___
2012 3013 2057 3035 ιι
2089 3030 2101 3035 -

2225 2934 2469 3011 σάλπιγξι
2526 2936 2846 2991 κατεσείετο.
2910 2936 3006 2989 Καὶ
3062 2937 3115 2991 τί
3173 2934 3255 2992 δεῖ
3314 2936 3486 3012 λέγειν
3557 2936 3878 3009 Αἰγυπτίων

449 3028 668 3092 tropaea
723 3020 973 3091 erigens,
1036 3018 1299 3087 viamque
1375 3014 1621 3070 ulterius
1697 3013 1965 3085 aperiens
2012 3013 2103 3080 “;

451 3110 613 3166 ﬂuvii
644 3110 841 3175 etiam,
874 3112 1189 3179 cognatum
1222 3121 1383 3160 mare
1442 3105 1762 3171 imitantes,
1807 3102 2106 3172 cedebant,

450 3203 509 3256 et
538 3198 830 3254 elementa
858 3196 1279 3261 consistebant,
1316 3210 1382 3249 ac
1413 3193 1741 3248 muritubis
1772 3192 2112 3263 quatieban-

448 3294 547 3343 tur
568 3288 633 3342 ⁸⁵.
665 3288 813 3351 Quid
844 3286 1001 3341 enim
1031 3285 1434 3357 Egyptiorum
1466 3283 1669 3354 plagas
1692 3282 1749 3336 in
1768 3298 1968 3337 eorum
1984 3296 2114 3351 gra-

446 3385 591 3441 tiam
625 3384 877 3440 inﬂictas
932 3398 1392 3439 commemorare
1449 3380 1658 3435 attinet
1686 3381 1729 3414 θδ
1769 3379 1796 3434 ?
1829 3380 1976 3442 Quid
2012 3377 2111 3432 Dei

446 3490 616 3530 voces
637 3492 667 3529 e
698 3479 897 3529 monte
928 3472 1160 3528 auditas
1184 3471 1227 3505 ⁸⁷
1258 3470 1285 3524 ‘I
1342 3469 1489 3534 Quid
1550 3468 1842 3539 duplicem
1898 3466 2110 3537 legem,

452 3563 694 3619 alteram
726 3562 1058 3626 litteralem,
1094 3558 1461 3631 spiritualem
1494 3558 1737 3612 alteram
1768 3556 1795 3610 ‘I
1825 3557 1972 3621 Quid
2003 3572 2113 3611 caa-

452 3659 612 3709 teros
641 3652 913 3720 honores,
947 3666 1095 3719 quos
1128 3647 1306 3703 Israel
1339 3645 1565 3702 meritis
1612 3645 1737 3701 suis
1768 3644 1940 3716 longe
1986 3662 2113 3699 am-

454 3742 672 3814 pliores
703 3740 843 3795 olim
874 3741 1223 3793 consecutus
1242 3742 1331 3791 est
1358 3736 1385 3790 ?
1406 3739 1476 3790 At
1489 3740 1798 3805 postquam
1813 3740 2117 3821 aegrotare,

452 3835 510 3886 et
538 3830 598 3886 in
632 3830 858 3901 seipsos
889 3832 1095 3882 mutuo
1130 3828 1338 3894 furere,
1368 3830 1545 3894 atque
1584 3828 1642 3878 in
1677 3823 1892 3879 multas
1921 3831 2116 3895 partes

450 3920 629 3975 dividi
659 3922 961 3989 coeperunt
992 3916 1183 3984 (cruce
1214 3915 1518 3977 nimirum,
1568 3918 1624 3967 et
1653 3914 1965 3979 dementia,
2000 3932 2117 3986 qua

448 4009 728 4063 adversus
752 4007 934 4062 Deum
967 4010 1024 4059 et
1054 4004 1413 4060 Salvatorem
1434 4006 1728 4071 nostrum,
1752 4004 1881 4071 ejus
1912 4004 2117 4058 divini-

446 4102 627 4151 tatem
658 4096 717 4150 in
750 4095 1116 4151 humanitate
1148 4093 1391 4148 minime
1424 4095 1829 4162 agnoscentes,
1859 4092 2115 4148 insanie-

2217 3025 2432 3099 πληγὰς
2490 3027 2602 3097 (95)
2656 3024 2869 3087 τούτοις
2930 3025 3321 3100 χαριζομένας,
3371 3025 3458 3080 καὶ
3516 3029 3648 3079 Θεοῦ
3694 3026 3881 3102 φωνὰς

2218 3112 2268 3183 ἐξ
2299 3109 2457 3187 ὅρους
2488 3112 2843 3185 ἀκουομένας,
2889 3114 2979 3168 καὶ
3027 3114 3351 3186 νομοθεσίαν
3388 3112 3610 3181 διπλῆν,
3642 3116 3745 3182 τὴν
3785 3115 3880 3185 μὲν

2220 3200 2271 3255 ἐν
2302 3204 2606 3276 γράμματι,
2641 3202 2739 3269 τήν
2775 3199 2831 3255 δὲ
2880 3201 2930 3255 ἐν
2978 3203 3267 3274 πνεύματι,
3303 3202 3393 3255 καὶ
3422 3200 3601 3256 τᾶλλα
3652 3201 3734 3263 οἷς
3770 3201 3882 3255 ἐτι-

2224 3295 2404 3363 μῶντο
2470 3290 2641 3344 πάλαι
2688 3292 2833 3362 παρά
2898 3292 2998 3359 τὴν
3079 3291 3279 3345 ἑαυτῶν
3339 3291 3483 3361 ἀξίαν
3543 3292 3571 3345 ὁ
3628 3291 3881 3364 Ἰσραήλ.

2223 3379 2373 3436 Ἐπεὶ
2405 3377 2461 3434 δὲ
2487 3384 2659 3433 νοσεῖν
2692 3377 2940 3454 ἤρξαντο,
2982 3377 3071 3433 καί
3123 3381 3239 3433 κατ’
3286 3379 3552 3450 ἀλλήλων
3601 3378 3882 3451 ἐμάνησαν

2219 3468 2309 3522 καὶ
2342 3466 2624 3538 διέστησαν
2658 3468 2732 3529 εἷς
2770 3469 2906 3540 μέρη
2939 3467 3125 3523 πολλὰ
3152 3470 3270 3542 (τοῦ
3303 3473 3533 3542 σταυροῦ
3591 3471 3734 3544 πρὸς
3788 3472 3889 3538 τὴν

2224 3556 2459 3631 ἐσχάτην
2518 3558 2793 3611 ἀπώλειαν
2852 3560 2965 3630 (96)
3025 3556 3221 3619 αὐτοὺς
3294 3558 3745 3629 συνελαύνοντος,
3795 3558 3888 3612 καὶ

2220 3653 2320 3715 τῆς
2352 3646 2607 3707 ἀπονοίας
2654 3647 2714 3714 ἢν
2763 3646 2897 3700 κατὰ
2941 3651 3038 3700 τοῦ
3087 3652 3220 3701 Θεοῦ
3267 3646 3354 3701 καὶ
3402 3653 3664 3716 Σωτῆρος
3722 3650 3890 3720 ἡμῶν

2225 3737 2625 3805 ἁπενοήθησαν,
2684 3736 2773 3789 τὸν
2830 3734 2879 3789 ἐν
2954 3735 3223 3811 ἀνθρώπῳ
3283 3736 3410 3791 Θεὸν
3472 3736 3893 3811 ἀγνοήσαντες),

2222 3826 2313 3879 καὶ
2342 3825 2441 3892 τήν
2476 3819 2670 3899 ῥάϐδον
2722 3825 2822 3891 τὴν
2865 3821 3089 3896 σιδηρᾶν
3141 3824 3421 3899 πορῥωθεν
3473 3823 3893 3899 ἀπειλουμένην

2224 3913 2406 3976 αὐτοῖς
2455 3913 2535 3967 ἐρ’
2593 3912 2814 3975 ἑαυτοὺς
2866 3912 3135 3983 εἵλκυσαν,
3185 3915 3282 3982 τὴν
3333 3919 3420 3968 νῦν
3485 3914 3892 3990 ἐπικρατοῦσαν

2226 4004 2401 4079 ἀρχὴν
2437 4001 2584 4077 λέγω
2615 4003 2703 4057 καὶ
2741 4002 3040 4077 βασιλείαν,
3070 4003 3123 4057 τί
3163 4002 3365 4079 γίνεται
3400 4022 3413 4072 ;
3462 4004 3551 4058 καὶ
3604 4004 3661 4058 τί
3715 4004 3892 4060 πεπόν

2226 4104 2385 4159 θασι;

448 4191 611 4252 runt,
669 4200 767 4239 eos
826 4185 897 4239 ad
956 4190 1282 4239 extremum
1342 4181 1582 4236 exitium
1643 4181 1958 4252 adigente),
2012 4182 2352 4254 virgamque
2413 4184 2678 4251 ferream,
2713 4184 2819 4238 hoc
2861 4188 2969 4247 est,
3022 4183 3414 4254 principatum
3446 4188 3505 4239 et
3535 4183 3895 4256 imperium,

447 4275 604 4345 quod
640 4289 797 4328 nunc
826 4289 1021 4328 rerum
1054 4286 1351 4328 summam
1383 4272 1562 4335 tenet,
1597 4268 1782 4324 multo
1813 4275 1947 4325 ante
1992 4270 2110 4327 illis
2141 4271 2569 4339 denuntiatam,
2604 4272 2662 4326 in
2722 4272 2946 4343 seipsos
3005 4277 3390 4339 attraxerunt,
3452 4274 3594 4343 quid
3624 4273 3895 4330 accidit?

448 4363 712 4434 quidque
744 4362 1004 4433 perpessi
1028 4366 1169 4415 sunt
1191 4359 1218 4413 ?

518 4450 714 4506 XVlll.
746 4449 1032 4505 Jeremias
1062 4448 1300 4519 quidem
1331 4462 1429 4502 eos
1487 4446 1560 4500 ob
1618 4446 1840 4517 priores
1872 4446 2107 4501 calami-

2286 4450 2388 4503 IH'.
2424 4454 2618 4520 Θρηνεῖ
2670 4450 2763 4520 μὲν
2815 4446 3009 4509 αὐτοὺς
3064 4448 3324 4523 Ἱερεμίας
3376 4447 3463 4503 ἐπὶ
3506 4454 3630 4511 τοῖς
3684 4448 3893 4524 προτέ-

446 4545 597 4595 tates
628 4538 809 4611 luget,
844 4547 1019 4609 atque
1052 4536 1450 4608 captivitatem
1474 4534 1885 4605 Babylonicam
1907 4535 2104 4605 deplo-

450 4634 581 4696 rat;
615 4632 783 4683 erant
811 4626 967 4683 enim
999 4642 1197 4682 revera
1226 4625 1346 4680 hinc
1396 4622 1671 4696 lacrymis
1701 4627 1758 4679 et
1788 4623 2106 4695 gemitibus

447 4718 627 4790 digna
656 4742 670 4786 ;
704 4716 801 4789 qui
833 4732 964 4772 vero
1010 4731 1124 4771 non
1158 4713 1429 4769 maximis
1477 4711 1657 4785 digna
1682 4711 1978 4780 lamentis,
2012 4728 2108 4767 ex-

449 4808 574 4863 cisa
602 4806 838 4875 moenia,
861 4806 1003 4861 urbs
1034 4803 1156 4860 solo
1187 4805 1434 4873 aequata,
1460 4801 1788 4858 sacrarium
1812 4817 2102 4870 eversum,

449 4897 641 4952 votiva
670 4897 824 4951 dona
871 4893 1206 4966 compilata,
1264 4892 1491 4963 profani
1546 4890 1722 4961 pedes
1780 4895 1837 4944 et
1892 4906 2107 4946 manus

452 4986 629 5057 pedes
662 4986 896 5057 quidem
932 4984 989 5037 in
1022 4983 1147 5038 loca
1180 4999 1295 5036 non
1350 4980 1616 5035 adeunda
1661 4978 2056 5049 irrumpentes
2090 4996 2105 5049 ;

2216 4555 2330 4609 ροις
2384 4536 2598 4605 πάθεσι,
2657 4537 2747 4590 καὶ
2802 4538 2900 4604 τήν
2947 4535 3037 4590 ἐπὶ
3110 4532 3415 4591 Βαϐυλῶνα
3490 4536 3892 4613 αἰχμαλωσίαν

2219 4621 2505 4700 ὀδύρεταιο
2557 4625 2645 4679 καὶ
2702 4626 2803 4701 γὰρ
2870 4625 2937 4694 ἦν
2998 4620 3168 4687 ὄντως
3226 4626 3447 4681 κάκεῖνα
3506 4629 3735 4701 θρήνων
3798 4625 3887 4681 καὶ

2217 4710 2467 4789 ὀδυρμῶν
2504 4714 2620 4784 ἄξια
2645 4734 2656 4745 ο
2690 4719 2807 4776 πῶς
2840 4712 2897 4769 δὶ
2929 4713 2996 4767 οὐ
3040 4719 3146 4769 τῶν
3212 4715 3478 4790 μεγίστων
3528 4716 3708 4793 τείχη
3760 4733 3883 4769 κατ-

2217 4801 2550 4875 εσκαμμένα,
2598 4801 2761 4864 πόλις
2823 4800 3193 4880 ἠδαφισμένη,
3250 4803 3487 4878 ἀγίασμα
3556 4803 3885 4880 καθῃρημέ-

2215 4912 2324 4963 νον,
2358 4891 2676 4963 άναοήματα
2705 4890 3064 4963 σεσυλημένα,
3118 4889 3279 4952 πόδες
3332 4886 3563 4966 βέϐηλοι
3620 4893 3717 4947 καὶ
3770 4895 3890 4967 χεῖ-

2219 4999 2343 5056 ρες·
2379 4980 2429 5034 οἱ
2491 4980 2585 5053 μὶν
2639 4986 2757 5043 τοῖς
2814 4976 3033 5042 ἀϐάτοις
3090 4976 3500 5056 ἐμϐατεύοντες,
3564 4983 3623 5037 αἱ
3691 4981 3753 5037 δὲ
3806 5001 3895 5035 κα-

521 5176 567 5256 ff
596 5174 771 5256 Exod.
832 5175 1067 5256 xum-6,.
1097 5177 1148 5256 _I‘
1190 5171 1463 5256 Rath-.111,
1518 5168 1571 5222 9.
1615 5167 2134 5256 ,δίηΕχοώΜξιξξῃᾙ
2154 5169 2245 5256 21z
2302 5186 2464 5241 seqq.
2515 5169 2813 5256 ﬁfﬁExo‘d.
2872 5170 3125 5256 xiv,m22.
3185 5170 3230 5204 ⁶²
3262 5170 3441 5227 Exod.
3480 5186 3577 5239 xv,
3612 5173 3687 5226 12
3725 5187 3891 5242 seqq.

450 5246 494 5283 ⁸³
524 5248 701 5303 Exod.
730 5239 1001 5314 xx1,6."‘
1032 5239 1173 5299 ibid.
1210 5244 1298 5297 13.
1332 5241 1377 5276 ⁸⁵
1404 5240 1530 5297 Jos.
1566 5255 1647 5308 In,
1684 5239 1750 5293 17
1776 5257 1789 5307 ;
1815 5256 1891 5309 vx,
1920 5241 1991 5294 2O
2019 5241 2062 5276 ⁸⁸
2093 5241 2112 5296 l

2225 5243 2267 5298 1.
2300 5239 2499 5296 vule
2526 5242 2571 5276 ⁸⁸
2602 5241 2779 5297 Exod.
2826 5257 2943 5311 XIX,
2982 5242 3046 5295 16
3074 5258 3238 5313 seqq.

689 5422 974 5501 Πλεῖστον.
1024 5424 1183 5501 νΒοε.
1271 5418 1486 5491 πλεῖον,
1562 5418 1622 5473 id
1681 5420 1771 5474 est
1840 5416 1957 5473 ἀντὶ
2013 5422 2111 5475 τοῦ

459 5498 583 5567 αἰεί,
614 5498 786 5570 quasi
820 5498 1038 5570 diceret
1070 5517 1098 5547 «
1128 5509 1396 5570 semper._
1419 5513 1446 5540 »

529 5560 804 5643 (92)Ὀύχ.
840 5568 937 5624 Vel
969 5560 1309 5643 legendum,
1342 5561 1557 5643 οὐκοῦν.
1588 5560 1676 5617 vel
1722 5578 1825 5643 per
1861 5562 2108 5620 interro-

459 5633 1129 5713 gationem"vertend_‘um
1157 5654 1169 5692 :
1212 5652 1461 5713 «nonne
1481 5633 1509 5687 Ἰ
1539 5650 1730 5713 annon
1754 5634 1782 5688 ?
1812 5657 1841 5683 »

530 5711 645 5784 (93)
680 5716 901 5780 Καινῆς.
956 5711 1133 5780 Elias,
1166 5706 1414 5781 πολλῆς,
1452 5730 1481 5759 ‹‹
1533 5706 1780 5764 multam
1838 5706 2108 5764 afﬂictio-

2225 5437 2607 5618 ne(I911)))(){$rw.
2643 5492 2824 5618 Reg?
2860 5507 2893 5545 a
2921 5490 3043 5547 bm.
3079 5489 3281 5553 οὕτως.

2290 5565 2381 5618 (95
2432 5562 2679 5618 Πληγάς.
2793 5563 3023 5618 onnulli
3076 5565 3246 5618 codd.

2293 5494 2379 5563 (94
2435 5494 2607 5546 Οὕτω.
2643 5494 2723 5547 Re
2812 5531 2824 5546 .
2860 5507 2893 5545 a
2921 5494 3043 5547 bm.
3079 5494 3281 5553 οὕτως.

2432 5562 2679 5639 Πληγάς.
2729 5506 3023 5619 ῗὲοηῐιυιίί
3076 5565 3246 5620 codd.
3308 5584 3541 5643 σφηκας,
3611 5587 3645 5618 ‹‹
3676 5580 3887 5639 vespas

2217 5638 2552 5693 crabrones.
2577 5638 2617 5685 5)

2289 5708 2399 5782 (96)
2427 5705 2756 5766 Ἀπώλιιαν.
2799 5709 2970 5763 Deest
2996 5706 3057 5764 in
3090 5706 3201 5765 Par
3221 5708 3490 5767 editione.
