2073 3145
8 26 161 45 ῡ-ξπῖιῖγῖήτ
180 25 198 31 “

158 213 218 242 ’745
758 210 906 241 ORATIO
929 209 980 240 Vl.
991 225 997 233 -

1056 210 1093 240 )E
1114 210 1217 241 PAGE
1238 210 1262 241 Ῑ.
1805 210 1865 240 7Ᾱῦ

156 276 211 302 τῶν
229 274 287 310 (97)
311 272 454 310 ἅψαύστων
477 274 696 311 χατατρυφῶσαι,
719 275 858 311 προφῆται
885 274 984 310 σιγῶν-

1056 282 1148 302 nanus
1161 282 1229 302 vero
1239 274 1312 301 191
1328 273 1405 301 circa
1419 281 1466 301 res
1481 281 1540 307 eas,
1551 281 1625 310 quas
1645 275 1765 309 tangere
1784 273 1867 302 nefas

158 328 212 353 τες,
238 318 319 355 ἱερεῖς
345 316 486 354 ἀγόμενοι,
511 314 658 354 πρεσϐῦται
680 317 719 353 μὴ
735 315 905 353 ἇλεούμενοι,
920 326 988 353 παρ-

159 362 230 389 θένοι
253 359 497 399 καθυϐριζόμεναι,
530 361 625 396 νεότης
652 361 798 396 πίπτουσα,
827 363 880 399 πῦρ
906 360 989 388 ἀλλό-

158 417 233 445 τριον
260 407 316 443 (98)
340 406 386 433 καὶ
409 405 553 442 πολέμιον,
575 404 691 441 α’ίματος
714 405 834 443 ποταμοὶ
860 405 917 433 ἀντὶ
939 406 989 432 τοῦ

160 450 236 479 ὁσίου
259 450 344 488 πυρὸς
373 449 418 477 καὶ
442 448 569 486 αἵματος,
594 453 741 488 Ναζαραῖοι
763 449 988 488 κατασυρόμενοι,

159 497 255 534 θρῆνοι
280 498 339 526 τοῖς
361 494 455 531 ὕμνοις
481 494 717 532 ἀντεγειρόμενοι·
743 494 788 523 καί
805 494 843 522 ’ἶν’
858 494 883 530 ἒξ
900 494 988 522 αὐτῶν

161 539 229 568 εἴπω
243 541 338 566 τιτῶν
363 538 496 577 Ἰερεμίου
522 539 646 577 Θρήνων,
673 540 698 566 οἱ
714 539 838 576 υἱοὶ
854 539 936 574 Σιὼν,
963 539 990 566 οἱ

160 584 248 621 τίμιοι
264 583 309 611 καὶ
321 582 516 619 ἀντι-τιθέμενοι
537 583 655 621 χρυσίῳ,
671 584 699 610 οἱ
721 583 849 623 τρυφεροὶ
872 583 917 610 καὶ
941 593 989 610 κα-

161 632 215 657 κῶν
241 629 364 661 ἀπαθεῖς,
391 628 467 663 ξένην
497 626 558 654 ὁδὸν
583 626 740 658 ὁδεύοντες·
769 628 813 655 καὶ
841 627 899 655 ὁδοὶ
919 627 989 654 Σιὼν

162 675 305 705 πενθοῦσαι
333 674 371 709 (1)
400 673 473 710 παρὰ
501 673 531 699 τὸ
559 673 596 708 μή
623 672 689 699 εἶναι
711 672 775 702 τοὺς
792 672 987 709 ἑορτάζοντας·

163 718 208 746 καὶ
226 717 320 754 μικρὸν
335 717 388 754 πρὸ
408 717 510 743 τούτων
525 726 530 732 ·
562 719 652 754 χεῖρες
681 719 814 754 γυναικῶν
845 716 990 754 οἶκτιρμό-

164 773 228 796 νων,
257 761 287 788 οὐ
312 762 417 800 τροφὴν
448 761 591 798 ὀρέγουσαι
618 761 733 797 τέκνοις,
762 765 812 796 τῆς
828 760 990 799 πολιορκίας

165 806 374 844 ἰπικρατούσης,
400 804 462 832 ἀλλ’
486 805 530 832 ὶπὶ
554 806 656 844 τροφὴν
678 808 762 833 ταῦτα
792 805 991 844 σπαράττουσαι

165 852 208 878 καὶ
231 850 316 887 λιμοῦ
341 851 480 888 φάρμακον
509 851 542 876 τὰ
568 851 667 877 ἑαυτῶν
685 850 847 887 ποιούμεναι
862 850 989 889 φίλτατα,

166 897 253 922 Ταῦτα
281 897 339 926 πῶς
368 894 399 921 οὐ
429 893 501 921 δεινά
528 895 571 921 καὶ
601 895 669 931 πέρα
696 894 802 930 δεινῶν,
818 895 848 922 οὐ
864 898 922 926 τοῖς
939 895 990 921 πά-

167 950 265 978 σχουσι
279 939 341 966 τότε
358 939 449 975 μόνον,
465 938 537 966 ἀλΛὰ
550 939 594 966 καὶ
610 942 654 966 νῦν
670 942 729 970 τοῖς
745 939 903 973 ἀκούουσιν;
919 940 990 976 Ἐγὼ

167 987 231 1022 γοῦν
248 984 341 1015 ὁσάκις
357 984 386 1010 ἂν
401 983 500 1018 ταύτην
517 981 642 1011 ἀναλάϐω
659 985 706 1018 τὴν
733 981 840 1022 βίϐλον,
869 984 913 1011 καὶ
933 987 992 1014 τοῖς

172 1030 288 1066 Θρήνοις
306 1028 487 1066 συγγένωμαι,
504 1028 667 1065 συγγίνομαι
685 1028 708 1055 δ’
727 1031 762 1064 (2)
784 1028 874 1059 ὁσάκις
894 1028 923 1055 ἂν
949 1028 994 1055 ιυ-

169 1074 286 1111 ημερίαν
317 1073 479 1111 σωφρονίσαι
509 1072 630 1108 ἐθελήσω
659 1074 698 1109 τῷ
727 1073 928 1110 ἀναγνώσματι,
954 1072 996 1110 ἐγ-

169 1118 306 1154 κόπτομαι
333 1118 381 1151 τήν
412 1117 516 1154 φωνὴν,
545 1118 588 1144 καὶ
618 1117 769 1154 συγχὲομαι
797 1117 917 1155 δάκρυσι,
951 1117 995 1144 καὶ

170 1163 226 1189 οἷον
254 1162 298 1189 ὑπ’
322 1161 382 1198 ὄψιν
409 1172 455 1197 μοι
480 1162 509 1188 τὸ
533 1163 617 1193 πάθος
642 1161 762 1199 ἔρχεται,
787 1162 831 1188 καὶ
858 1163 997 1199 συνθρηνῶ

169 1210 210 1243 τῷ
228 1207 403 1244 Θρηνῆσαντι.
418 1206 471 1240 Τήν
487 1204 515 1233 δὲ
540 1205 693 1233 τελευταίαν
713 1206 800 1233 αὐτῶν
831 1206 941 1243 πληγήν
968 1216 998 1233 τε

169 1252 213 1279 ναὶ
243 1251 434 1287 μετανάστασιν
464 1251 512 1287 (3),
542 1250 586 1277 καὶ
612 1251 657 1278 τὸν
683 1253 727 1277 νῦν
754 1251 924 1287 ἐπικείμενον
952 1251 1000 1277 αὖ-

168 1299 227 1326 τοῐς
254 1299 303 1330 τῆς
330 1294 455 1325 δουλείας
481 1295 567 1333 ζυγὸν,
597 1295 640 1322 καὶ
669 1296 718 1329 τὴν
750 1293 913 1332 περιϐόητον
946 1294 997 1322 ὑπὸ

169 1339 317 1376 Ῥωμαίοις
340 1339 514 1375 ταπείνωσιν,
540 1340 574 1373 ἦς
600 1338 676 1366 οὐδὶν
700 1339 785 1370 οὕτως
811 1340 848 1370 ὡς
874 1339 998 1374 ἡστάσις

171 1383 267 1419 αἷθτιον,
297 1383 339 1415 τίς
369 1384 498 1421 θρηνήσει
523 1384 591 1420 πρὸς
619 1384 692 1418 ἀξίαν
719 1387 772 1411 τῶν
795 1385 910 1421 θρήνους
931 1383 997 1420 γρά-

172 1440 228 1467 φειν
247 1430 281 1464 (li)
297 1427 419 1463 εἰδότων,
436 1428 480 1455 καὶ
509 1425 589 1465 λόγον
612 1427 713 1462 ἐξισοῦν
737 1429 775 1464 (5)
800 1429 896 1462 Tritia;
919 1430 997 1455 Ποῖαι

174 1471 267 1511 βίϐλοι
282 1475 365 1500 ταῦτα
388 1474 566 1510 χωρήσουσι;
593 1472 645 1499 Μία
670 1471 756 1507 στήλη
775 1474 810 1508 (6)
826 1471 933 1502 τούτοις
949 1475 999 1506 τῆς

175 1519 315 1554 συμφορᾶς
339 1518 357 1550 ἡ
383 1516 528 1552 οἰκουμένη
557 1519 628 1542 πᾶσα
652 1512 709 1543 καθ’
724 1517 757 1550 ἦς
774 1515 938 1553 ἐσπάρησαν,
955 1515 999 1543 καὶ

177 1562 194 1595 ἡ
211 1559 321 1596 λατρεία
334 1561 503 1597 πεπαυμένη,
520 1561 562 1587 καὶ
580 1560 662 1594 αὐτῆς
688 1564 737 1594 τῆς
765 1559 946 1597 Ἱερωσαλήμ
967 1560 999 1587 τὸ

177 1604 276 1642 ἔδαφος
306 1603 385 1643 μόγις
409 1607 448 1642 (7)
471 1605 683 1643 γινωσκόμενον,
709 1605 742 1639 ἧς
764 1607 891 1632 τοσοῦτον
909 1604 1001 1632 ἐπιϐα-

1042 321 1116 351 erat,
1131 318 1324 352 luxuriantes,
1337 318 1483 354 propheta;
1494 318 1624 353 silentes,
1635 320 1801 346 sacerdotes
1816 318 1867 345 ab-

1042 363 1132 396 ducti,
1145 371 1229 391 senes
1244 362 1356 398 absque
1368 362 1571 390 misericordia
1581 361 1683 396 habiti,
1696 365 1867 398 constupra-

1042 409 1078 434 ιω
1093 406 1381 443 virgines,juventus
1397 408 1516 442 cadens,
1530 407 1650 434 ﬂamma
1663 407 1759 434 aliena
1773 409 1802 434 et
1815 407 1867 435 ho-

1043 451 1130 485 stilis,
1144 452 1297 487 sanguinis
1322 451 1400 479 ﬂuvii
1419 460 1470 487 pro
1486 455 1587 480 sancto
1602 451 1669 488 igne
1695 460 1728 480 ac
1753 460 1866 487 cruore,

1043 496 1170 524 Nazaraii
1186 497 1303 532 raptati,
1319 496 1418 524 luctus
1438 496 1560 524 canticis
1576 497 1726 532 subrogati
1745 504 1752 524 :
1768 499 1867 532 atque,

1045 542 1077 568 ut
1092 549 1126 568 ex
1142 541 1213 576 ipsis
1227 540 1360 568 Jeremise
1375 540 1500 568 Threnis
1516 540 1624 576 aliquid
1642 541 1811 576 producam.
1824 541 1870 568 in-

1044 584 1110 620 clyti
1128 584 1169 612 illi
1187 584 1237 612 filii
1253 585 1320 612 Sion
1330 585 1362 619 ⁵⁸,
1380 587 1408 612 et
1429 593 1499 612 auro
1516 585 1664 620 aequandi,
1680 584 1723 612 illi
1747 585 1869 621 inquam

1045 629 1158 656 delicati
1188 631 1275 664 atque
1295 638 1311 656 a
1331 629 1416 656 malis
1443 629 1601 662 immunes,
1619 629 1767 657 insuetam
1792 629 1869 657 viam

1045 674 1186 701 obeuntes
1198 682 1204 701 :
1217 676 1245 701 et
1260 674 1312 701 viae
1333 674 1402 701 Sion
1420 673 1564 709 lugentes,
1580 682 1613 701 eo
1629 675 1706 709 quod
1723 673 1796 701 nulli
1811 674 1870 702 sint

1045 718 1095 754 qui
1110 718 1200 746 festos
1217 718 1279 745 dies
1294 718 1485 752 celebrent“;
1502 727 1534 745 ac
1550 718 1637 754 paulo
1653 721 1719 746 ante
1736 727 1742 746 :
1762 726 1869 746 manus

1046 762 1170 790 muliern
1176 771 1202 789 ιιι
1216 762 1450 790 misericordium
1459 763 1695 797 7°,inva1escente
1705 763 1870 798 obsidione,

1046 816 1103 835 non
1119 807 1227 834 victum
1245 807 1313 834 ﬁliis
1328 808 1519 843 porrigentes,
1537 808 1587 835 sed
1608 808 1705 843 potius
1720 808 1756 835 ad
1772 807 1870 836 cibum

1046 852 1101 879 sibi
1117 852 1281 887 parandum
1294 860 1342 879 eos
1358 851 1531 885 lacerantes,
1548 855 1633 888 atque
1649 861 1683 880 ex
1699 851 1872 880 clarissimis

1045 896 1108 923 suis
1132 896 1304 932 pignoribus
1320 896 1496 924 medicinam
1523 897 1662 924 adversus
1687 899 1872 933 grassantem

1046 941 1153 968 famem
1172 943 1335 976 quaerentes
1344 941 1408 968 ?An
1420 949 1477 968 non
1492 941 1551 968 haec
1560 941 1658 977 gravia
1671 944 1699 968 et
1715 941 1873 977 plusquam

1049 986 1158 1021 gravia,
1176 994 1232 1012 non
1248 985 1284 1012 iis
1300 985 1407 1020 solum,
1420 986 1469 1021 qui
1486 988 1549 1013 tum
1565 994 1598 1013 ea
1616 985 1808 1021 pertulerunt,
1821 985 1872 1013 sed

1049 1030 1086 1057 iis
1101 1038 1217 1065 quoque
1233 1030 1283 1065 qui
1300 1038 1377 1057 nunc
1399 1030 1544 1057 audiunt?
1559 1030 1711 1066 Equidem,
1729 1032 1761 1058 ut
1775 1031 1811 1058 de
1827 1037 1874 1058 me

1050 1074 1163 1110 loquar,
1181 1074 1295 1110 quoties
1324 1074 1403 1101 hunc
1431 1073 1563 1101 libellum
1589 1075 1617 1101 in
1645 1083 1749 1102 manus
1776 1083 1872 1109 sumo,

1051 1118 1242 1153 Threnosque
1256 1118 1354 1146 lectito
1372 1118 1411 1154 (id
1429 1122 1525 1146 autem
1554 1119 1627 1146 facio
1643 1119 1757 1154 quoties
1773 1126 1877 1146 secun-

1053 1164 1155 1190 darum
1173 1171 1269 1190 rerum
1287 1163 1471 1190 insolentiam
1493 1171 1624 1190 coercere
1640 1163 1810 1198 hujusmodi
1834 1162 1878 1190 le-

1052 1208 1147 1235 ctione
1164 1208 1290 1243 studeo),
1302 1216 1400 1235 vocem
1414 1207 1485 1234 mihi
1502 1207 1655 1235 intercludi
1672 1207 1776 1240 sentio,
1788 1207 1881 1243 lacry-

1054 1251 1169 1286 misque
1178 1251 1297 1285 obruor,
1306 1259 1429 1287 eamque
1441 1251 1635 1278 calamitatem
1646 1250 1724 1278 velut
1735 1251 1771 1278 ob
1782 1250 1882 1279 oculos

1054 1295 1180 1331 positam
1195 1295 1293 1322 videre
1308 1295 1417 1328 videor,
1428 1304 1461 1323 ac
1476 1295 1609 1323 Jeremiaa
1629 1295 1828 1323 collamcntor.
1845 1297 1882 1322 At

1055 1348 1120 1367 vero
1137 1342 1315 1376 postremam
1332 1348 1433 1367 eorum
1460 1339 1587 1375 plagam,
1601 1342 1630 1367 et
1646 1348 1660 1367 e
1676 1340 1796 1367 sedibus
1818 1339 1882 1367 suis

1055 1385 1270 1420 migrationem,
1291 1392 1323 1411 ac
1353 1384 1502 1411 servitutis
1527 1384 1634 1419 jugum
1663 1392 1764 1411 eorum
1794 1383 1881 1420 capiti

1055 1437 1132 1455 nunc
1149 1428 1334 1461 incumbens,
1347 1428 1550 1464 celebremque
1570 1428 1650 1456 illam
1666 1428 1720 1456 sub
1741 1427 1881 1456 Romanis

1054 1473 1283 1508 depressionem,
1300 1481 1388 1508 quam
1406 1472 1486 1500 nulla
1503 1481 1549 1500 res
1565 1481 1646 1508 usque
1661 1481 1694 1500 ac
1710 1473 1815 1500 seditio
1830 1480 1882 1508 pe-

1055 1517 1247 1552 perit,scquis
1262 1517 1432 1552 eorum,qui
1449 1516 1671 1544 lamentationes
1687 1517 1881 1551 conscribere,

1056 1564 1144 1596 atque
1159 1561 1289 1588 oratione
1301 1561 1498 1589 calamitatem
1512 1562 1664 1597 adaequare
1680 1564 1799 1595 norunt,
1809 1561 1883 1589 satis

1057 1605 1143 1640 digne
1165 1605 1347 1640 deplorabit?
1363 1605 1486 1636 Quinam
1501 1605 1566 1632 libri
1584 1614 1647 1633 eam
1671 1606 1805 1642 capient?
1819 1605 1884 1633 Una

175 1650 221 1677 τὸν
248 1649 338 1680 αὐτοῖς
363 1649 417 1677 ἐστι
446 1650 538 1686 μόνον,
564 1650 608 1677 καὶ
623 1652 750 1676 τοσοῦτον
767 1649 935 1677 ἀπολαύουσι
950 1653 997 1684 τῆς

1059 1649 1159 1685 utique
1191 1649 1250 1677 illis
1274 1649 1450 1677 calamitatis
1475 1649 1612 1677 columna
1636 1652 1716 1678 totus
1737 1653 1884 1678 terrarum

175 1705 241 1722 ποτε
258 1694 345 1721 αὐτῶν
363 1693 454 1729 δόξης,
471 1694 531 1721 ὅσον
547 1694 572 1721 ὲν
589 1695 679 1732 ἡμέρᾳ
694 1694 817 1731 φανέντες
840 1696 878 1731 (8)
903 1698 1005 1732 θρηνῆ-

176 1749 219 1766 σαι
236 1739 285 1773 τὴν
303 1738 430 1775 ἐρημίαν.

1060 1694 1138 1721 orbis
1153 1696 1207 1728 est,
1219 1702 1271 1729 per
1286 1702 1372 1729 quem
1386 1694 1465 1722 varie
1481 1694 1537 1722 fusi
1549 1694 1704 1730 sparsique
1718 1697 1798 1729 sunt,
1810 1694 1884 1722 divi-

1060 1747 1174 1774 nusque
1189 1738 1287 1766 cultus
1302 1747 1489 1774 compressus
1503 1741 1532 1766 et
1547 1739 1718 1773 exstinctus,
1731 1740 1886 1775 ipsumque

176 1785 248 1811 adeo
265 1783 535 1820 Hierosolymitanas
553 1784 633 1811 urbis
649 1784 753 1817 solum,
769 1785 845 1820 quod
862 1784 907 1811 vix
919 1784 982 1819 jam
999 1784 1176 1820 agnoscitur,
1193 1785 1281 1819 atque
1302 1783 1444 1811 hactenus
1459 1784 1603 1811 duntaxat
1619 1784 1677 1811 illis
1693 1786 1781 1819 patet,
1795 1784 1884 1819 idque

175 1829 319 1856 duntaxat
335 1829 447 1856 fructus
462 1837 496 1856 ex
510 1831 605 1856 vetere
625 1837 678 1856 sua
702 1829 795 1865 gloria
810 1831 838 1856 et
852 1828 1047 1864 amplitudine
1061 1828 1191 1864 capiunt,
1208 1830 1239 1855 ut
1263 1836 1314 1864 per
1329 1828 1405 1855 diem
1429 1828 1579 1864 conspicui
1606 1828 1673 1856 facti
1698 1827 1887 1856 solitudinem

178 1873 308 1909 lugeant.

214 1918 263 1944 ιε’.
294 1919 385 1944 Διινοῦ
416 1916 445 1944 δὶ
469 1914 547 1948 ὄντος
574 1917 660 1948 οὕτως
688 1919 736 1944 τοῦ
772 1917 932 1951 στασιάζειν,
961 1917 1005 1944 καὶ

175 1960 313 1988 τοσούτων
330 1961 417 1988 αἰτίου
432 1963 532 1996 κακῶν,
549 1961 586 1992 ὡς
602 1962 636 1988 τά
661 1972 689 1988 τε
719 1961 850 1998 εἰρημένα
876 1960 1004 1994 δείκνυσι,

176 2005 221 2033 καὶ
239 2004 283 2032 διὰ
297 2004 429 2033 πλειόνων
448 2005 652 2043 ὑποδειγμάτων
678 2005 733 2032 ἐστὶ
751 2008 856 2042 μαθεῖν,
873 2005 911 2032 ἔτι
935 2005 1004 2033 πολ-

177 2049 220 2086 λῷ
251 2048 398 2088 δεινότερον
428 2051 469 2084 τὸ,
507 2049 706 2080 καταλύσαντας
742 2050 925 2088 μικροψυχίαν
954 2051 1004 2085 (9),

176 2095 222 2122 καὶ
245 2097 300 2122 τῶν
323 2099 371 2129 τῆς
395 2095 505 2131 εἰρήνης
530 2095 710 2132 γευσαμένους
736 2094 838 2129 καλῶν,
868 2095 936 2132 πρὸς
954 2095 1003 2128 τήν

178 2139 262 2173 αὐτὴν
285 2138 362 2166 νόσον
384 2138 465 2166 πάλιν
497 2139 687 2176 ὑπενεχθῆναι,
712 2139 756 2165 καὶ
783 2139 851 2176 πρὸς
871 2139 916 2166 τὸν
934 2137 1002 2165 ἴδιον

178 2183 275 2220 ἔμετον
292 2183 460 2221 ἐπιστρέψαι,
476 2184 507 2210 τὸ
528 2182 560 2217 δὴ
578 2183 722 2221 λεγόμενον
740 2184 806 2219 (10),
824 2182 888 2219 μηδ’
903 2182 918 2209 ὅ
940 2182 1002 2213 τοὺς

177 2228 314 2263 ἀνοήτους
330 2226 450 2254 παιδεύει
466 2228 501 2263 τῇ
515 2227 594 2264 πείρᾳ
617 2227 854 2265 σωφρονισθέντας.
881 2227 929 2254 Καὶ
953 2227 1003 2264 γαρ

1097 1917 1164 1944 ΧΙΧ.
1183 1917 1270 1944 Porro
1292 1919 1401 1952 autem,
1418 1925 1483 1943 cum
1512 1917 1643 1944 dissidiis
1667 1916 1808 1950 laborare,
1825 1918 1885 1944 tam

1060 1969 1148 1997 grave
1164 1962 1212 1994 sit,
1236 1969 1268 1988 ac
1292 1963 1334 1988 tot
1350 1961 1428 1988 mala
1451 1960 1568 1993 conﬂet,
1581 1960 1842 1996 quemadmodum,
1859 1963 1888 1988 et

1060 2014 1094 2033 ex
1110 2006 1146 2033 iis
1171 2014 1234 2040 quae
1260 2005 1399 2038 diximus,
1414 2005 1517 2040 liquet,
1535 2008 1563 2032 et
1588 2005 1721 2041 pluribus
1746 2005 1888 2041 exemplis

1059 2050 1170 2077 discere
1186 2049 1262 2082 licet,
1280 2052 1343 2076 tum
1360 2057 1425 2076 vero
1443 2050 1533 2077 multo
1550 2050 1665 2085 gravius
1680 2052 1734 2084 est,
1747 2049 1888 2086 depositis

1060 2093 1234 2127 inimicitiis,
1246 2093 1383 2129 pacisque
1395 2093 1478 2121 bonis
1490 2094 1663 2130 degustatis,
1676 2094 1753 2122 192
1766 2094 1795 2122 in
1807 2102 1888 2122 eam-

1059 2139 1125 2166 dem
1143 2147 1246 2165 rursus
1273 2138 1406 2165 morbum
1423 2138 1560 2174 provolvi,
1573 2141 1661 2174 atque
1684 2140 1719 2166 ad
1737 2147 1835 2173 suum,
1854 2141 1890 2166 ut

1060 2182 1115 2210 dici
1132 2182 1214 2215 solet,
1226 2182 1369 2209 vomitum
1383 2183 1488 2218 redire,
1500 2191 1533 2210 ac
1547 2191 1583 2210 ne
1599 2183 1662 2219 ipsa
1673 2184 1791 2219 quidem
1804 2191 1890 2219 expe-

1059 2227 1174 2260 rientia,
1196 2235 1262 2262 quae
1291 2227 1446 2254 stultorum
1476 2228 1618 2264 magistra
1645 2230 1704 2261 est,
1725 2228 1885 2256 emendari.

185 2273 243 2310 ὁρῶ
267 2272 386 2311 κούφρυς
410 2271 454 2299 καὶ
477 2271 608 2306 ἀνοήτους
632 2272 662 2299 οὑ
686 2271 798 2302 τούτους
815 2269 993 2308 ὑπολαμϐανο

1066 2271 1176 2299 Etenim
1193 2279 1242 2299 eos
1257 2271 1384 2299 levitatis
1406 2280 1438 2299 ac
1461 2272 1591 2300 stultitia:
1607 2273 1773 2308 opinionem
1790 2272 1889 2301 subire

214 2326 237 2343 “
253 2326 359 2354 Thren.
376 2334 414 2361 xv,
430 2326 458 2354 2.
495 2327 518 2344 ⁶⁹
533 2326 639 2354 Thren.
657 2334 677 2359 ι,
694 2326 719 2353 li.
758 2326 779 2343 7°
795 2326 901 2353 Thrcn.
920 2334 956 2359 iv,
975 2327 1016 2353 10.

216 2379 273 2415 (97)
291 2377 339 2407 Καὶ
354 2380 419 2415 τῷν.
438 2379 523 2415 Deest
536 2379 592 2412 καί,
608 2379 637 2406 in
655 2379 723 2415 Reg.
742 2388 757 2406 ιι
773 2384 799 2406 et
818 2379 864 2406 0r.

217 2413 276 2451 (98)
291 2417 347 2452 Πῦρ
373 2413 529 2452 ἀλλότριον.
558 2415 642 2452 Illum
656 2413 803 2452 _intelligi_t
828 2416 934 2451 ignem,
951 2423 1008 2450 quo

181 2450 378 2479 Nabu’zardan
387 2450 602 2486 plerosolymam
619 2451 646 2477 in
653 2450 821 2478 flamma’vit.

218 2487 274 2522 (99)
289 2487 320 2513 Oi
336 2484 402 2521 υἱοί,
418 2490 473 2514 etc.
491 2484 538 2514 Sic
563 2489 631 2522 Reg.
649 2487 688 2514 hu
714 2489 741 2514 et
761 2486 916 2522 70r.7Deest
936 2486 961 2512 οἱ
979 2487 1007 2513 in

181 2523 247 2550 Par.
263 2521 330 2550 edit.
347 2522 450 2550 Billius
465 2523 550 2550 vertit
569 2534 582 2547 «
602 2521 721 2558 pretiosi
737 2521 779 2549 illi
797 2521 857 2556 lilii,
874 2533 887 2546 ››
904 2524 958 2549 etc.

218 2558 258 2592 (1)
273 2559 430 2588 Πενθοῦσαι.
449 2558 567 2586 Codices
584 2558 727 2592 nonnulli,
743 2558 878 2584 πενθοῦσι,

218 2594 258 2635 (ἓ)
274 2593 310 2635 93-
327 2593 415 2635 Ress-
432 2594 492 2628 bm,
510 2594 624 2635 ξυμ.οι
640 2591 678 2635 δέ·

218 2627 258 2663 (3)
273 2627 481 2657 Μετανᾶσῖτασιν.
512 2629 589 2656 Coll).
606 2630 622 2656 3
647 2632 675 2656 et
701 2629 825 2656 Montac.
856 2627 1007 2654 ἀνάστασιν.

180 2665 245 2701 Non
263 2665 348 2697 male,
360 2664 505 2701 quidquid
522 2665 600 2692 dicat
613 2665 759 2692 variarum
776 2664 935 2692 lectionum
953 2663 1008 2691 col-

179 2700 282 2728 lector.
309 2700 381 2728 Nam
408 2700 560 2732 ἀνάστασις,
575 2712 587 2724 (ι
606 2701 745 2728 desolatio
759 2711 771 2723 ›ι
788 2703 832 2727 est
856 2703 885 2727 et,
903 2712 912 2723 α
930 2708 1008 2727 ever-

181 2737 236 2769 sio,
250 2748 263 2762 n
282 2739 314 2764 ut
334 2739 410 2764 recte
439 2737 574 2764 observat
603 2736 738 2768 Budaeus,
765 2739 926 2772 notumque
955 2738 1008 2769 est,

180 2773 238 2800 nisi
253 2772 323 2808 quis
335 2772 417 2800 valde
432 2772 461 2799 in
478 2772 584 2808 Graecis
602 2772 638 2799 sit
653 2772 834 2808 peregrinus.

230 2806 398 2846 ἐγγράφειν-
415 2808 516 2846 (ἐοωδ-
530 2806 794 2846 ἒβείιξσυιγράίγειν-

229 2844 258 2879 5)
274 2842 403 2879 Ἐξιᾲοὖν.
420 2843 511 2872 Oxon.
528 2842 666 2879 ἐξισοῦντα
678 2842 718 2878 τῷ
731 2842 822 2879 πάθει.

218 2845 247 2878 (5
274 2845 403 2878 Ἐξισοῦν.
420 2845 511 2872 Oxon.
528 2845 666 2879 ἐξισοῦντα
679 2845 718 2878 τῷ
732 2845 822 2874 πάθει.

218 2845 258 2915 (ὃ)
275 2878 382 2914 Στήλη.
402 2890 415 2904 α
433 2879 612 2907 Columna.»
631 2878 894 2912 Quemadmodum,
916 2877 1012 2913 inquit

348 2944 480 2974 Pusam.
504 2944 559 2974 Gs.
579 2942 702 2992 ξΧΧν.

1064 2379 1152 2410 Elias,
1169 2386 1234 2412 aere,
1261 2381 1311 2406 aut
1332 2386 1366 2405 ex
1388 2378 1484 2414 lapide
1511 2379 1640 2407 excitatae
1668 2379 1819 2413 columnas,
1836 2383 1887 2408 aut

1064 2415 1228 2451 aliquorum
1242 2423 1399 2447 aerumnas,
1411 2418 1462 2442 aut
1471 2414 1697 2450 vituperationes
1713 2418 1888 2451 prmtereun-

1063 2451 1143 2478 tibus
1159 2450 1310 2487 eahibent,
1324 2451 1366 2487 sic
1376 2452 1455 2487 totus
1468 2453 1610 2487 terrarum
1627 2450 1721 2486 orbis,
1732 2458 1782 2486 per
1797 2459 1885 2487 quem

1064 2485 1189 2523 dispersi
1213 2488 1282 2523 sunt
1296 2486 1400 2523 Judaei,
1417 2486 1510 2513 instar
1534 2486 1686 2523 columnae,
1703 2485 1885 2523 quaecunque

1064 2521 1209 2557 horrenda
1225 2521 1297 2557 ipsis
1313 2522 1480 2555 acciderint,
1497 2522 1640 2557 praedicat.

1098 2558 1136 2594 (7)
1154 2555 1250 2594 Μόγιξ.
1269 2557 1357 2593 Regg.
1375 2566 1401 2589 a,
1418 2558 1477 2591 bm,
1497 2555 1589 2594 μόλις,

1098 2591 1136 2628 (8)
1153 2591 1295 2622 Φανέντες.
1312 2591 1537 2629 ΓΑρροι-ειηιοε.
1551 2604 1564 2617 υ
1585 2592 1707 2629 Romani
1730 2593 1886 2629 imperato-

1098 2601 1136 2628 (δ)
1153 2601 1295 2622 φανεντες,
1314 2605 1325 2617 ι(
1347 2601 1537 2655 apparentes.
1551 2604 1564 2617 υ
1586 2601 1707 2620 numam
1730 2601 1886 2629 imperato-

1065 2628 1116 2662 ris,
1134 2629 1263 2665 Adriani,
1286 2629 1313 2655 ni
1344 2629 1370 2655 l’a
1384 2629 1437 2660 lor,
1454 2628 1525 2663 lege,
1550 2628 1807 2665 Juda-isﬂcampos
1837 2629 1887 2656 ubi

1063 2664 1435 2700 Jerosolymitanarl'uerat,
1458 2672 1509 2699 per
1533 2672 1624 2691 unum
1652 2664 1728 2691 diem
1753 2664 1787 2692 ex
1811 2668 1888 2692 certo

1065 2701 1158 2735 spatio
1180 2700 1295 2737 videndi
1319 2699 1436 2727 licentia
1461 2700 1596 2727 dabatur.
1614 2699 1714 2727 Comb.
1731 2699 1888 2737 legendum

1065 2738 1157 2773 putat,
1172 2735 1310 2773 φανέντος.

1101 2771 1138 2808 (9)
1155 2769 1359 2801 καταλύσαντας
1378 2769 1572 2807 μικροψυχίαν,
1585 2781 1598 2796 ‹‹
1614 2770 1752 2806 Deposita
1768 2771 1889 2808 pusilla-

1065 2806 1208 2834 nimitate.
1223 2818 1236 2830 ››

1101 2843 1155 2877 (10)
1171 2842 1205 2868 Τὸ
1222 2840 1254 2874 δὴ
1273 2840 1430 2878 λεγόμενον.
1458 2843 1541 2878 Qeest
1558 2842 1584 2868 in
1605 2842 1692 2878 Regg.
1720 2852 1747 2875 al.
1775 2843 1825 2876 hu,
1842 2847 1890 2871 ()r.

1067 2875 1130 2906 Mox
1147 2878 1193 2906 0r.
1212 2881 1239 2905 et
1254 2875 1407 2905 tres'Colb.
1427 2875 1496 2911 μηδὲ
1512 2876 1537 2909 δ,
1555 2886 1605 2913 pro
1623 2875 1686 2913 μ.ῆέ
1699 2877 1723 2906 ὅ.

1692 2943 1730 2972 ΞΔ

2018 242 2027 331 l
