4146 6290
407 398 521 455 ’.4⁸7
1645 393 1708 449 8.
1759 390 2046 449 ΟΗΕΒΟΙ

2178 387 2573 449 THEOLUGI

3699 396 3817 455 ’748

403 527 717 597 comperio,
748 542 862 579 non
895 526 991 596 qui
1045 527 1101 579 in
1152 525 1288 579 vitio
1318 525 1514 595 aliquo
1545 530 1908 596 permanent,
1946 525 2044 578 sed

2166 522 2383 592 μένους,
2418 519 2469 575 ο’ί
2501 522 2560 575 ἅν
2588 538 2739 593 κακῳ
2766 541 2873 574 τινι
2902 522 3307 597 παραμένωσιν,
3357 520 3501 577 ἀλλα
3550 522 3676 584 τοὺς
3726 524 3814 598 ῥα-

404 618 526 685 qui,
550 617 737 669 instar
784 631 938 669 aurae
972 614 1222 669 subinde
1252 631 1314 670 se
1354 614 1748 679 immutantis,
1781 618 1882 667 aut
1910 612 2053 667 reci.

403 703 769 775 precantium
820 702 1193 774 Euriporum,
1218 718 1322 757 aut
1364 702 1730 757 instabilium
1764 702 1911 756 mari
1943 700 2051 755 ﬂu-

400 796 624 857 ctuum,
652 790 803 845 facili
837 796 1130 845 momento
1170 792 1227 843 in
1261 790 1581 846 contrarias
1614 790 1934 845 sententias
1968 791 2051 845 fe-

401 886 615 935 runtur
644 897 709 935 ac
740 880 1134 935 revolvuntur.
1160 882 1344 950 Atque
1374 878 1517 933 illud
1554 879 1793 951 insuper
1825 894 2051 933 mecum

402 970 727 1036 considero,
762 969 854 1035 iis,
880 969 979 1040 qui
1012 968 1276 1023 dissidiis
1300 969 1728 1038 conﬂictantur,
1752 984 1916 1039 spem
1941 966 2054 1023 sal-

400 1064 518 1113 tem
550 1058 869 1112 concordiae
903 1056 1175 1112 solatium
1209 1057 1412 1112 afferre
1451 1056 1935 1128 calamitatesque
1964 1056 2051 1127 ip-

402 1164 601 1203 sorum
635 1146 890 1200 maxima
917 1163 987 1200 ex
1019 1152 1181 1217 parte
1228 1145 1434 1201 levare.
1460 1145 1605 1216 Spes
1653 1145 1807 1201 enim
1862 1150 2052 1199 muta-

399 1236 597 1300 tionis,
627 1252 693 1290 ac
726 1235 930 1289 melior
960 1251 1153 1289 rerum
1187 1239 1378 1289 status
1408 1241 1541 1290 ante
1572 1235 1771 1289 oculos
1804 1236 2051 1305 positus,

403 1324 718 1379 maximam
767 1340 933 1394 opem
984 1322 1217 1377 afﬂictis
1249 1323 1589 1377 hominibus
1636 1324 1839 1378 afferre
1885 1323 2051 1377 solet.

402 1412 508 1475 Qui
546 1430 674 1467 vero
707 1428 858 1482 saepe
911 1412 1147 1483 quidem
1192 1411 1249 1464 in
1305 1412 1673 1466 concordiam
1736 1412 2050 1476 redierunt,

401 1517 633 1572 semper
660 1506 854 1555 autem
888 1500 959 1553 ad
991 1500 1196 1554 vitium
1226 1500 1437 1570 relapsi
1469 1507 1627 1568 sunt,
1654 1501 1745 1555 his
1776 1516 1894 1555 una
1917 1515 2048 1555 cum

400 1589 532 1644 aliis
565 1590 763 1652 rebus,
799 1587 1006 1644 melior
1048 1604 1283 1659 quoque
1335 1604 1467 1659 spes
1514 1590 1791 1659 adempta
1834 1592 1954 1654 est;
1989 1592 2055 1642 ut

400 1678 501 1748 qui
551 1693 660 1731 non
717 1677 915 1730 minus
975 1693 1175 1747 pacem
1235 1677 1445 1746 ipsam,
1497 1694 1673 1749 quam
1731 1676 2051 1732 dissensio-

2165 606 2295 670 δίως
2344 609 2428 663 ἐπ’
2483 609 2765 687 ἀμφότερα
2830 609 3161 687 φερομένους
3234 609 3323 665 καὶ
3402 610 3813 687 μεταρῥὲοντας.

2160 698 2395 773 καθάπερ
2444 698 2610 772 αὖρας
2658 696 3113 770 μεταπιπτούσας,
3164 699 3199 767 ἢ
3249 692 3553 772 μεταϐολάς
3596 700 3685 754 καὶ
3716 720 3814 754 πα-

2160 785 2406 862 λιῤῥοίας
2437 786 2721 860 Εὐρίπων,
2746 788 2780 856 ἢ
2818 785 3091 857 θαλάσσης
3122 790 3323 843 ἄστατα
3349 787 3582 861 κύματα.
3618 788 3817 844 Σκόπω

2162 872 2219 930 δὲ
2274 876 2508 943 κάκεῖνο,
2566 875 2649 930 ὅτι
2700 875 2827 937 τοὺς
2881 878 2975 948 μὶν
3031 874 3118 932 ἐπὶ
3165 879 3264 945 τῆς
3293 880 3527 939 στάσεως
3560 876 3813 951 μένοντας

2159 966 2194 1032 ἡ
2226 967 2357 1038 γοῦν
2383 960 2538 1024 ἐλπὶς
2588 966 2686 1033 τῆς
2730 964 2987 1036 ὁμονοίας
3038 964 3198 1040 ῥᾴους
3246 970 3412 1035 ποιεῖ,
3442 965 3532 1020 καὶ
3561 965 3623 1020 τὸ
3656 964 3817 1022 πλεῖ-

2160 1072 2287 1105 στον
2321 1051 2505 1115 αὐτοῖς
2538 1049 2873 1130 ἐπικουφίζει
2902 1060 3001 1123 τῆς
3041 1058 3322 1132 συμφορᾶς
3350 1072 3362 1088 ο
3421 1051 3647 1129 μεγίστη
3709 1054 3813 1130 γὰρ

2162 1139 2445 1216 ἐπικουρία
2490 1147 2609 1203 τοῖς
2665 1142 2927 1218 ἀτυχοῦσι
2990 1137 3303 1215 μεταϐολῆς
3361 1141 3540 1209 ἐλπὶς,
3597 1141 3688 1198 καί
3751 1141 3815 1199 τὸ

2158 1236 2401 1302 κρεῖττον
2451 1228 2503 1284 ἐν
2554 1229 2864 1308 ὀφθαλμοῖς
2910 1230 3177 1303 κείμενοψ
3227 1232 3279 1285 οἱ
3324 1229 3383 1286 δὲ
3411 1228 3684 1294 πολλάκις
3720 1231 3815 1304 μὶν

2162 1319 2580 1390 ὁμονοήσαντας,
2624 1319 2706 1373 ἀεὶ
2757 1316 2814 1373 δὲ
2861 1321 2995 1393 πρὸς
3030 1321 3132 1388 τὴν
3184 1319 3373 1374 κακίαν
3428 1318 3818 1396 παλινδρομή-

2163 1424 2369 1479 σαντες,
2400 1407 2707 1484 ἀφῄρηνται
2744 1410 2877 1482 μετά
2904 1412 3013 1463 τῶν
3054 1407 3241 1464 ἄλλων
3289 1409 3377 1463 καὶ
3424 1414 3522 1464 τοῦ
3571 1408 3814 1486 κρείττο-

2162 1516 2252 1558 νος
2310 1498 2409 1565 τὴν
2467 1494 2700 1551 ἐλπίδα”
2763 1497 2869 1573 οὐχ
2915 1501 3075 1566 ἦττον
3118 1500 3216 1566 τῆς
3246 1499 3479 1560 στάσεως
3511 1496 3814 1561 δεδοικότες

2162 1584 2243 1639 ἀεὶ
2275 1587 2375 1654 τήν
2408 1586 2686 1657 ὁμόνοιαν,
2744 1586 2834 1641 καὶ
2888 1584 3018 1660 μηδ’
3063 1586 3229 1662 ἐτὲρῳ
3261 1586 3603 1663 θαρροῦντες,
3636 1584 3725 1642 διὰ
3750 1587 3812 1643 τὸ

2162 1674 2214 1728 ἐν
2242 1674 2575 1751 ἀμφοτέροις
2607 1674 2885 1745 εὐκίνητον
2916 1674 3006 1729 καὶ
3036 1674 3402 1747 ἀστάθμητον.

398 1783 553 1833 nem,
586 1783 817 1837 semper
876 1771 1159 1834 metuant,
1196 1765 1499 1835 neutrique
1558 1782 1759 1820 earum
1819 1771 2054 1838 propter
2108 1766 2421 1837 utriusque
2479 1765 2776 1822 levitatem
2835 1770 2891 1822 et
2946 1766 3401 1823 inconstantiam
3460 1780 3813 1839 magnopere

400 1855 604 1909 ﬁdanL

468 1943 580 1998 XX.
619 1943 732 1998 Nec
765 1959 896 1997 vero
929 1943 1048 1997 haec
1078 1960 1142 1997 eo
1172 1961 1205 1998 a
1238 1959 1328 1997 me
1360 1943 1473 1997 dici
1509 1945 1821 2014 quisquam
1853 1944 2046 2015 suspi-

2229 1942 2306 1999 K.
2340 1942 2435 1995 Καὶ
2474 1939 2665 2014 μηδεὶς
2697 1942 2891 2005 οἰέσθω
2937 1962 3004 2015 με
3054 1942 3258 2017 λέγειν,
3307 1943 3390 1997 ὅτι
3439 1945 3611 1997 πᾶσαν
3661 1942 3812 2017 εἰρή-

398 2036 578 2097 cetur,
605 2032 756 2101 quod
806 2048 1005 2101 pacem
1046 2049 1279 2086 omnem
1331 2035 1641 2086 amandum
1690 2038 1746 2087 et
1790 2032 2043 2103 comple-

398 2120 665 2174 ctendam
698 2136 824 2174 esse
866 2120 1224 2187 existimem;
1262 2138 1394 2175 nam
1428 2127 1491 2175 ut
1520 2122 1800 2191 optimam
1835 2136 2043 2193 quam.

397 2209 531 2263 dam
557 2208 1008 2271 dissensionem,
1035 2209 1113 2261 ita
1146 2210 1699 2277 perniciosissimam
1723 2210 2042 2280 quamdam

397 2296 766 2352 concordiam
818 2313 945 2351 esse
979 2304 1347 2367 perspectum
1400 2298 1614 2365 habeo;
1650 2300 1749 2352 sed
1782 2314 1910 2352 eam
1944 2299 2043 2353 de-

398 2402 735 2454 mum,qua3
767 2386 917 2440 bona
959 2392 1066 2449 est,
1092 2390 1148 2440 et
1198 2387 1330 2439 boni
1383 2404 1559 2441 causa
1610 2388 1807 2453 initur,
1832 2404 1897 2441 ac
1926 2388 2041 2441 Deo

395 2474 647 2544 copulat.
675 2477 880 2544 Atque,
906 2480 968 2527 ut
1008 2475 1127 2528 haec
1160 2475 1314 2528 brevi
1350 2475 1721 2530 distinctione
1753 2476 2039 2547 explicen-

399 2569 509 2625 tur,
537 2562 617 2616 ita
646 2564 870 2628 sentio;
906 2564 1059 2617 haud
1095 2566 1311 2618 bonum
1363 2582 1510 2627 esse,
1538 2573 1600 2619 ut
1630 2568 1761 2635 quis
1808 2569 2042 2637 segnior

394 2652 492 2717 sit,
516 2659 614 2706 aut
646 2650 916 2705 fervidior
947 2669 1121 2721 quam
1174 2670 1277 2723 par
1306 2660 1413 2719 est,
1435 2655 1513 2708 ita
1546 2662 1607 2707 ut
1646 2654 1733 2708 vel
1765 2655 2041 2710 omnibus

391 2742 464 2795 ob
509 2739 803 2795 levitatem
836 2742 1186 2811 acquiescat,
1209 2743 1292 2795 vel
1325 2744 1396 2796 ob
1441 2745 1827 2798 temeritatem
1863 2750 1919 2798 et
1951 2745 2039 2798 in-

390 2829 697 2886 solentiam
731 2831 801 2883 ab
833 2832 1107 2885 omnibus
1139 2848 1198 2885 se
1241 2838 1548 2887 removeat.
1586 2837 1766 2903 .Equo
1798 2831 1954 2887 enim
1984 2839 2043 2889 et

394 2919 661 2974 inefﬁcax
714 2920 992 2989 segnities
1041 2926 1147 2985 est,
1192 2926 1248 2973 et
1294 2921 1584 2975 mobilitas
1618 2928 1789 2991 atque
1837 2921 2039 2977 incon-

396 3011 612 3062 stantia
646 3025 678 3061 a
708 3007 983 3061 societate
1022 3013 1079 3061 et
1127 3009 1537 3063 communione
1584 3011 1792 3064 aliena.
1825 3010 2038 3066 Verum

398 3097 497 3152 ubi
529 3101 726 3166 aperte
771 3113 832 3151 se
866 3097 1057 3166 prodit
1090 3098 1379 3166 impietas,
1408 3103 1531 3151 tum
1566 3116 1718 3162 vero,
1746 3100 1913 3154 nobis
1960 3103 2041 3155 i'a-

399 3184 672 3239 ciendum
721 3201 871 3248 esse,
911 3191 974 3239 ut
1024 3186 1304 3239 adversus
1362 3186 1557 3255 ignem
1612 3196 1668 3242 et
1714 3189 1954 3254 ferrum,
1985 3192 2043 3244 et

397 3278 681 3343 tempore,
698 3278 752 3326 et
775 3274 1085 3344 principes,
1104 3292 1168 3328 ac
1188 3275 1441 3345 denique
1466 3275 1625 3345 prius
1643 3278 1920 3332 adversus
1943 3293 2043 3333 caa-

398 3366 522 3416 tera
552 3361 729 3415 simul
760 3363 959 3416 omnia
990 3363 1264 3432 feramur,
1288 3380 1463 3433 quam
1499 3370 1563 3417 ut
1604 3364 1740 3419 mali
1773 3366 2042 3420 fermenti

398 3450 711 3521 participes
734 3451 1082 3517 efficiamur,
1109 3469 1173 3503 ac
1198 3452 1347 3505 male
1370 3454 1591 3506 affectis
1617 3456 2042 3509 assentiamur:

397 3555 500 3593 nec
531 3539 853 3609 quidquam
895 3540 1131 3608 perinde
1164 3542 1540 3595 metuendum
1576 3548 1683 3605 est,
1712 3545 1774 3597 ut
1804 3560 1873 3597 ne
1900 3544 2042 3614 quid

398 3628 585 3698 magis
618 3644 796 3696 quam
845 3628 1026 3681 Deum
1063 3633 1416 3692 metuamus,
1443 3646 1507 3683 ac
1556 3637 1877 3700 propterea,
1909 3648 2043 3687 cum

393 3717 622 3770 veritati
655 3714 999 3780 serviamus,
1028 3716 1157 3769 ﬁdei
1193 3724 1248 3769 et
1271 3718 1531 3771 veritatis
1565 3720 1888 3774 doctrinam
1922 3738 2046 3791 per-

397 3805 510 3860 tidc
540 3806 902 3859 deseramus.
939 3809 1009 3858 At
1040 3822 1179 3881 cum.
1206 3805 1461 3877 suspicio
1494 3808 1617 3863 sola
1648 3808 1910 3863 animum
1942 3824 2043 3864 no-

397 3900 583 3947 strum
621 3892 771 3947 male
803 3893 995 3957 habet,
1020 3900 1327 3965 metusque
1372 3913 1485 3950 non
1518 3898 1660 3951 satis
1686 3897 2041 3968 exploratus,

396 3986 521 4036 tum
545 3999 677 4037 vero
712 3981 1010 4035 lenitatem
1046 3984 1240 4051 potius
1263 4001 1435 4053 quam
1460 3984 1836 4053 celeritatem,
1870 3993 1927 4040 et
1956 3988 2043 4040 in-

396 4068 757 4139 dulgentiam
794 4070 943 4124 I93
979 4072 1173 4139 potius
1196 4089 1369 4141 quam
1404 4075 1797 4142 arrogantiam
1831 4081 1886 4130 et
1910 4092 2046 4129 con-

2155 2052 2249 2101 νην
2302 2028 2605 2107 ἀγαπητέον
2635 2050 2646 2061 ·
2681 2029 2803 2085 οἶδα
2829 2031 2932 2105 γάρ
2984 2029 3165 2107 ὥσπερ
3214 2031 3395 2086 στάσιν
3444 2030 3563 2085 τινὰ
3623 2030 3808 2106 βελτί-

2153 2141 2303 2189 στην,
2338 2120 2482 2175 οὕοω
2513 2121 2602 2174 καὶ
2638 2115 3058 2195 βλαϐερωτάτην
3088 2119 3343 2192 ὁμόνοιαν
3371 2140 3384 2154 ·
3415 2118 3485 2175 ἀλ
3499 2118 3568 2175 λὰ
3596 2122 3698 2190 τήν
3752 2141 3817 2195 γε

2150 2208 2325 2278 καλὴν
2354 2208 2441 2263 καὶ
2473 2208 2561 2263 ἰπὶ
2592 2208 2745 2280 καλῴ
2773 2209 2863 2263 καὶ
2894 2213 3010 2281 Θεῷ
3060 2210 3455 2266 συνάπτουσαν.
3509 2208 3570 2263 Εἰ
3623 2206 3681 2263 δὶ
3730 2206 3817 2265 δεῖ

2152 2298 2428 2369 συντόμως
2459 2295 2728 2352 διελέσθαι
2758 2297 2882 2373 περὶ
2923 2298 3118 2368 αὐτῶν,
3166 2298 3310 2353 οὕτω
3367 2300 3616 2374 γινώσκω
3669 2302 3811 2369 (11),

2152 2386 2274 2440 οὕτε
2297 2385 2622 2461 νωθέστερον
2656 2388 2785 2440 εἶναι
2844 2390 2940 2440 τοῦ
2997 2387 3216 2462 μετρίου
3271 2383 3457 2457 καλὸν,
3513 2385 3636 2441 οὕτε
3692 2388 3814 2460 θερ-

2157 2475 2405 2550 μότερον,
2436 2475 2511 2536 ὡς
2543 2477 2577 2544 ἢ
2607 2472 2677 2529 δι’
2725 2473 2977 2531 εὐκολίαν
3029 2481 3162 2531 πᾶσι
3205 2475 3591 2555 συμφέρεσθαι,
3645 2478 3680 2545 ἦ
3736 2474 3816 2530 δι’

2152 2564 2366 2634 ἀταξίαν
2411 2564 2623 2619 πάντων
2672 2566 2992 2619 ἀποστατεῖν
3019 2584 3032 2597 ’
3080 2565 3291 2638 ὁμοίως
3338 2566 3442 2641 γὰρ
3490 2564 3579 2619 καί
3608 2565 3672 2620 τὸ
3699 2587 3810 2619 νω-⁵

2152 2654 2239 2715 θὲς
2286 2654 2580 2726 ἄπρακτον,
2637 2654 2835 2707 καὶτὸ
2893 2652 3172 2724 εὐκίνητον
3228 2656 3341 2728 (12)
3409 2654 3804 2724 ἀκοινώνητον.

2152 2739 2308 2796 Ἀλλ’
2339 2739 2406 2795 οὗ
2439 2742 2532 2814 μὲν
2565 2740 2624 2796 ἃν
2722 2740 2979 2817 πρόδηλα
3007 2745 3120 2816 (13)
3151 2743 3219 2798 τὰ
3254 2749 3358 2812 τῆς
3390 2738 3653 2813 ἀσεϐείας,
3711 2745 3805 2798 καὶ

2152 2829 2303 2906 πυρὶ,
2360 2830 2449 2885 καὶ
2507 2828 2738 2906 σιδήρῳ,
2792 2831 2882 2885 καὶ
2933 2836 3167 2905 καιροῖς,
3230 2831 3319 2886 καὶ
3360 2830 3657 2899 δυνάσταις,
3712 2831 3804 2887 καὶ

2150 2925 2281 2972 πᾶσι
2324 2918 2583 2993 πρότερον
2633 2918 2801 2991 ὁμόσε
2845 2921 3154 2995 χωρητέον,
3205 2921 3239 2991 ἦ
3290 2926 3391 2990 τῆς
3443 2922 3616 2993 ζύμης
3670 2932 3804 2993 μεθ-

2153 3009 2331 3062 εκτέον
2378 3015 2480 3076 τῆς
2527 3014 2792 3081 πονηρᾶς,
2842 3009 2933 3063 καὶ
2983 3008 3399 3084 συγκαταθετέον
3458 3015 3574 3071 τοῖς
3626 3012 3809 3071 κακῶς

2153 3094 2364 3170 ἔχουσι,
2398 3097 2488 3150 καὶ
2537 3094 2691 3151 οὐδὲν
2741 3096 2884 3151 οὕτω
2932 3102 3038 3151 τῶν
3089 3099 3338 3153 ἁπάντων
3371 3094 3639 3175 φοϐητέον
3673 3098 3815 3172 (14),

2153 3187 2228 3247 ὡς
2261 3183 2401 3240 ἄλλο
2432 3206 2483 3239 τι
2515 3186 2621 3259 πρὸ
2651 3191 2785 3241 θεοῦ
2818 3182 3148 3263 φοϐηθῆναι,
3203 3188 3293 3243 καὶ
3346 3186 3433 3242 διὰ
3462 3191 3625 3243 τοῦτο
3674 3208 3815 3264 προ-

2154 3272 2341 3328 δοῦναι
2387 3276 2511 3349 περὶ
2559 3281 2660 3343 τῆς
2706 3275 2938 3336 πίστεως
2986 3276 3185 3351 λόγους
3232 3278 3346 3351 (15)
3392 3277 3481 3331 καὶ
3512 3283 3612 3347 τῆς
3669 3276 3814 3346 ἀλη-

2157 3362 2302 3425 θείας
2332 3361 2565 3434 ἀληθείᾳ
2594 3361 2949 3426 δουλεύοντας
2973 3384 2987 3398 ·
3023 3363 3084 3419 οὗ
3116 3362 3171 3419 δὲ
3208 3366 3271 3419 τὸ
3322 3364 3527 3420 λυποῦν
3585 3366 3817 3421 ὑπόνοια

2154 3453 2243 3506 καὶ
2311 3447 2477 3529 φόϐος
2534 3452 2870 3522 ἀνεξέταστος
2907 3456 3041 3526 (16),
3097 3453 3327 3530 βελτίων
3365 3453 3461 3509 τοῦ
3503 3456 3714 3531 τάχους
3778 3456 3814 3524 ἠ

2159 3541 2525 3613 μακροθυμία,
2575 3543 2663 3596 καὶ
2711 3550 2809 3611 τῆς
2858 3539 3140 3605 αὐθαδείας
3188 3545 3222 3612 ἡ
3253 3538 3643 3620 συγκατάϐασις
3678 3546 3814 3616 (17),

2153 3630 2241 3684 καὶ
2270 3629 2469 3701 πολλῷ
2497 3636 2739 3703 κρεῖττον
2779 3631 2870 3685 καὶ
2920 3630 3382 3704 λυσιτελέστερον,
3444 3631 3499 3685 ἐν
3554 3634 3633 3703 τῷ
3692 3652 3818 3686 κοι-

2152 3722 2229 3788 νῷ
2278 3721 2491 3791 σώματι
2536 3721 2822 3790 μένοντας,
2882 3720 3217 3795 καταρτίζειν
3264 3719 3551 3791 ἀλλήλους
3598 3719 3679 3782 ὡς
3712 3718 3816 3775 ἆλ-

2155 3804 2345 3877 λήλων
2406 3805 2570 3881 μελη,
2613 3807 2701 3862 καὶ
2753 3808 3178 3884 καταρτίζεσθαι,
3227 3809 3262 3878 ἢ
3334 3810 3816 3885 προκαταγνόντας

2155 3893 2244 3950 διὰ
2279 3899 2377 3964 τῆς
2423 3896 2788 3963 ἀποστάσεως,
2836 3896 2926 3951 καὶ
2968 3897 3035 3952 τὸ
3080 3897 3388 3967 ἀξιόπιστον
3419 3901 3499 3971 τῷ
3528 3896 3821 3973 χωρισμῷ

2155 3984 2414 4046 λύσαντας
2474 3982 2655 4040 ἔπειτα
2714 3986 2761 4057 ἐξ
2820 3984 3207 4062 ἐπιτάγματος,
3269 3985 3450 4062 ὣσπερ
3488 3987 3818 4063 τυράννους,

2153 4072 2277 4129 ἀλλ’
2312 4073 2411 4127 οὐκ
2440 4070 2729 4150 ἀδελφοὺς,
2762 4076 3071 4147 νομοθετεῖν
3099 4076 3199 4143 τὴν
3232 4072 3540 4151 διόρθωσίν.

395 4158 711 4212 tumaciam
747 4158 1020 4212 adhibere
1051 4159 1351 4226 convenit;
1388 4162 1688 4233 multoque
1720 4162 1929 4218 melius
1970 4168 2027 4219 et
2074 4163 2500 4220 cenducibilius
2531 4170 2641 4230 est,
2675 4169 2738 4219 ut
2770 4166 2826 4219 in
2859 4166 3161 4221 communi
3192 4180 3434 4237 corpore
3484 4172 3822 4235 manentes,

396 4250 601 4300 mutuo
635 4262 737 4299 nos
767 4245 945 4315 ipsos,
980 4252 1259 4315 tanquam
1293 4248 1389 4300 alii
1425 4248 1673 4303 aliorum
1708 4254 1989 4320 membra,
2012 4252 2379 4322 corrigamus
2408 4257 2583 4322 atque
2613 4252 2999 4323 corrigamur,
3030 4269 3212 4324 quam
3245 4258 3309 4308 ut
3337 4252 3689 4325 praejudicio
3724 4270 3829 4326 per

396 4332 783 4388 secessionem
820 4333 990 4397 facto,
1025 4339 1080 4387 et
1110 4336 1456 4389 auctoritate
1492 4353 1589 4407 per
1619 4337 2044 4408 separationem
2094 4340 2332 4409 amissa,
2366 4352 2434 4394 ex
2461 4339 2650 4394 edicto
2680 4344 2903 4410 postea,
2934 4340 3091 4397 velut
3128 4340 3366 4414 tyranni
3415 4357 3480 4397 ac
3527 4357 3650 4397 non
3707 4342 3826 4397 fra-

398 4427 538 4487 tres,
572 4422 989 4475 correctionem
1022 4422 1401 4493 imperemus.

468 4510 609 4564 ΧΧΙ.
640 4509 774 4571 Quae
814 4526 946 4563 cum
998 4511 1228 4581 cognita
1270 4518 1327 4565 et
1370 4512 1663 4582 explorata
1695 4514 2042 4580 habeamus,
2078 4522 2119 4585 D

398 4600 624 4668 fratres,
659 4598 1116 4670 complectamur
1148 4619 1251 4656 nos
1288 4608 1507 4670 mutuo,
1535 4609 1589 4657 et
1619 4605 2044 4669 cxosoulemur,

396 4706 578 4743 unum
594 4704 723 4743 vere
741 4688 1484 4763 efficiammur,eteum,qui
1506 4693 1761 4748 medium
1786 4694 2046 4749 maceria;

396 4778 677 4850 parietem
710 4777 968 4844 solvit“,
994 4796 1057 4834 ac
1089 4797 1191 4852 per
1223 4782 1572 4852 sanguinem
1621 4798 1797 4836 suum
1846 4782 2047 4840 omnia

463 4923 506 4956 ⁷¹
540 4919 750 4991 Ephes.
785 4938 845 4986 II,
880 4920 963 4975 14.

465 5059 759 5141 (11)Οὕτω
805 5062 1121 5136 γινώσκω...
1184 5087 1310 5119 πασι
1372 5064 1751 5141 συμφέρεσθαι.
1815 5066 2040 5135 Billius,

396 5161 419 5185 ‹‹
457 5135 539 5190 sic
573 5138 792 5200 statuo;
846 5152 946 5190 nec
994 5138 1320 5207 segniorem
1355 5135 1711 5208 quemquam
1763 5154 1892 5192 esse
1943 5140 2037 5194 de-

393 5209 547 5270 bere,
581 5222 757 5275 quam
809 5224 913 5277 par
962 5208 1055 5272 sit,
1092 5226 1193 5263 nec
1246 5212 1673 5275 ferventiorem,
1708 5210 1786 5263 ita
1838 5217 1921 5275 ut,
1955 5211 2039 5267 vel

393 5281 466 5336 ob
498 5277 787 5351 levitatem
822 5280 893 5331 ad
926 5296 1130 5334 omnes
1163 5298 1223 5335 se
1256 5287 1548 5351 aggreget,
1577 5300 1602 5329 ι»
1644 5284 1752 5351 etc.

463 5350 575 5421 (12)
608 5346 924 5423 Εὖκίνῃτον.
962 5352 1021 5403 In
1056 5352 1223 5405 editis
1257 5346 1541 5423 sequitur,
1578 5349 1665 5402 καί
1699 5352 1874 5422 quod,
1908 5372 2041 5409 auc-

395 5420 621 5478 toritate
655 5420 912 5489 melioris
946 5430 1090 5475 notae
1123 5420 1411 5489 codicum,
1445 5420 1785 5478 dcievimus.

488 5488 876 5568 13))1ρόᾷηλα.
906 5493 1158 5568 Βεεςηίι,
1184 5498 1305 5564 bm,
1330 5488 1519 5568 ettres
1543 5495 1703 5568 Colb.
1728 5490 2031 5568 πρόδηλον.

595 5560 875 5639 ’.Ᾱπάντων
902 5560 1188 5639 φοϐητέον.
1214 5560 1332 5639 Οῐίἒ
1357 5566 1594 5639 COlSl_-1y
1620 5560 1851 5622 πάντὼν·
1878 5560 2034 5625 [dem

387 5632 562 5709 Coisl.
600 5634 647 5709 1_.
681 5632 946 5706 Hervagl,
974 5632 1232 5697 Gembet.
1258 5632 1608 5709 εὐλαοητέον,
1633 5662 1659 5689 ‹‹
1686 5639 2029 5702 cavendum.

392 5703 759 5777 fugiendum.
784 5726 810 5753 »

2227 4516 2346 4571 KA'.
2380 4518 2554 4568 Ταῦτα
2598 4511 2822 4583 εἰδότες,
2880 4512 3133 4593 ἀδελφοὶ,
3190 4511 3581 4591 περιλάϐωμεν
3645 4515 3824 4583 ἀλλή-

2157 4602 2306 4675 λους,
2358 4603 2831 4676 περιπτυξώμεθι,
2887 4605 3174 4678 γενώμεθα
3226 4603 3467 4681 γνησίως
3524 4600 3607 4675 ἓν,
3646 4624 3820 4677 μιμη-

2156 4693 2373 4764 σώμεθα
2400 4692 2490 4746 τὸν
2521 4692 2584 4746 τὸ
2617 4692 2941 4768 μεσότοιχον
2973 4699 3069 4748 τοῦ
3100 4698 3356 4772 φραγμοῦ
3404 4692 3674 4765 λύσαντα,
3729 4688 3813 4745 καὶ

2155 4779 2245 4835 διὰ
2295 4785 2393 4835 τοῦ
2448 4777 2678 4853 αἵματος
2734 4780 2899 4837 αὐτοῦ
2955 4784 3129 4840 πάντα
3170 4782 3560 4859 συναγαγόντα,
3615 4780 3710 4839 καὶ
3738 4778 3810 4834 εἷο

2222 5072 2329 5143 (15)
2368 5065 2624 5143 ΙιξρέΙτῆς
2673 5066 2907 5143 πίστεως
2961 5065 3187 5143 λόγους.
3216 5074 3350 5141 Reg.
3389 5069 3495 5137 hu,
3544 5068 3675 5134 Or.,
3710 5072 3818 5122 etc.

2150 5134 2275 5201 τοῧς
2306 5134 2693 5206 περῖπίστεως
2727 5134 2947 5210 λόγους.

2219 5218 2331 5285 (ίῦ)
2365 5209 2542 5285 φόϐος
2576 5208 2937 5285 ἀνεξέταάτομς.
2968 5234 2995 5261 ‹‹
3030 5212 3217 5285 Metus
3248 5227 3366 5285 non
3394 5210 3559 5285 satis
3619 5209 3818 5285 sapio—

2151 5281 2331 5353 ratus,
2362 5283 2483 5355 qui,
2508 5301 2532 5330 n
2575 5288 2635 5334 ut
2666 5282 2745 5355 ait
2776 5282 2995 5355 optime
3028 5283 3202 5339 Basil.
3225 5282 3453 5355 Schol"
3479 5281 3817 5355 «instituta

2148 5348 3075 5425 inquisitioneLestdepellendus
3110 5374 3122 5411 :
3151 5378 3180 5405 ι»
3202 5354 3259 5408 δν
3284 5351 3374 5407 διὰ
3391 5358 3491 5420 τῆς
3519 5348 3810 5425 ἆμμελοῦς

2146 5421 2428 5497 ἐξετάσεως
2452 5421 2783 5497 ἐκϐλητέονξ
2804 5423 3008 5483 Billius
3033 5444 3043 5480 :
3072 5449 3102 5477 ‹‹
3135 5428 3427 5497 timorque
3460 5423 3650 5479 nullis
3681 5439 3809 5478 cer-

2143 5496 2218 5555 tis
2251 5497 2627 5571 argumentis
2647 5496 2959 5571 innixus_.__»

2214 5564 2781 5650 (17)”ὶξυγκατάβαε[ις.
2814 5567 3088 5650 δίιιίυεφ
3112 5568 3429 5650 indulgens
3448 5564 3799 5621 demissio.»

2141 5636 2563 5699 Leuvenklaius
2598 5636 2615 5695 ἑ
2636 5661 2664 5690 ‹‹
2698 5636 2757 5694 in
2787 5640 3164 5696 concordiam
3196 5636 3425 5697 reditio.
3452 5660 3480 5687 ››
