4146 6290
321 379 438 437 ’149

319 505 652 579 ρηνεύσαντα
677 522 689 537 ⁶

321 685 572 760 ἰπίχειρα
617 691 716 752 τῆς
767 683 1096 751 ἐπιεικείας;
1153 686 1318 760 Ἀρον
1362 683 1551 756 κύκλῳ
1597 682 1725 746 τοὺς
1771 681 1976 759 ὀφθαλ-

327 773 459 848 μούς
521 793 640 841 σου,
689 771 778 826 καὶ
828 770 910 826 ἴδε
956 771 1355 847 ὲπισυνηγμένα
1412 775 1480 827 τὰ
1524 771 1688 827 τέκνα
1742 793 1857 843 σου,
1919 770 1976 825 δν

321 863 520 938 τρόπον
571 861 804 928 ἐπόθεις,
855 860 943 915 καὶ
995 859 1024 915 ὅ
1080 864 1195 932 (18)
1262 861 1624 936 προστεθῆναι
1674 881 1758 916 σοι
1810 860 1975 932 μόνον

321 951 454 1025 ξλτοῦ
499 949 692 1011 νυκτὸς
741 949 830 1002 καὶ
879 950 1112 1024 ἡμέρας,
1166 948 1240 1002 ’ἶν’
1288 947 1339 1004 ἐν
1373 952 1521 1025 γήρᾳ
1553 947 1708 1022 καλῷ
1737 948 1974 1004 καταλύ-

320 1060 409 1114 σῃς
462 1040 562 1107 τήν
621 1043 946 1114 παροικίανδ
1011 1035 1132 1092 ἰδοὺ
1179 1037 1374 1100 πάντες
1424 1040 1579 1108 ἣκασι
1611 1039 1746 1114 πρὸς
1775 1039 1851 1109 σὲ,
1884 1038 1975 1092 καὶ

320 1131 420 1185 ὑπὸ
469 1130 566 1190 τὰς
626 1130 722 1188 σας
770 1123 1130 1182 ἀναπαύονται
1180 1126 1473 1202 πτέρυγας,
1525 1127 1613 1182 καὶ
1663 1126 1726 1181 τὸ
1772 1127 1976 1180 ἑαυτῶν

315 1216 574 1273 κυκλοῦσι
624 1217 1038 1291 θυσιαστήριον,
1090 1216 1224 1287 μετὰ
1273 1214 1517 1292 δακρύων
1578 1215 1975 1292 ἀποφοιτήσαν-

314 1327 426 1376 τες,
455 1306 543 1360 καὶ
578 1306 692 1378 μετ’
743 1303 1078 1382 εὐφροσύνης
1137 1307 1571 1381 προστρέχοντες
1627 1307 1762 1377 (19).
1809 1309 1973 1377 Χαῖρε

317 1395 403 1450 καὶ
455 1394 810 1468 κατατέρπου,
859 1389 1104 1464 πατέρων
1156 1388 1339 1469 ἄριστε
1385 1393 1473 1448 καὶ
1532 1391 1970 1470 φιλοτεκνότατε,

315 1482 397 1538 ὅτι
439 1483 640 1544 πάντας
696 1480 886 1542 αὐτοὺς
947 1477 1223 1535 ἐνδέδυσαι
1279 1482 1368 1535 καὶ
1426 1476 1842 1556 περιϐέϐλησαι,
1894 1482 1969 1541 ὡς

318 1571 521 1644 κόσμον
579 1569 788 1648 νύμφη.
846 1568 1076 1643 Φθὲγξαι
1139 1569 1336 1624 καὶσὺ
1384 1570 1522 1645 πρὸς
1583 1573 1771 1643 ἡμᾶς’
1829 1566 1970 1624 Ἰδοὺ

320 1660 427 1735 ἐγὼ
456 1659 546 1714 καὶ
575 1659 644 1713 τὰ
688 1655 878 1713 παιδία
920 1658 953 1712 ἃ
1005 1677 1099 1731 μοι
1151 1655 1346 1712 ἔδωκεν
1398 1661 1509 1731 (20)
1557 1659 1584 1712 ὁ
1613 1657 1760 1719 Θεός.
1797 1656 1970 1732 Πρόσο

321 1761 403 1813 θες
435 1747 524 1801 καὶ
575 1745 752 1816 ἄλλην
799 1747 983 1824 φωνὴν
1037 1744 1357 1814 δεσποτικὴν
1412 1747 1500 1800 καὶ
1551 1745 1697 1819 μάλα
1728 1745 1964 1799 οἷ’κεῖσν·

365 1837 386 1855 ρ.
499 1833 546 1854 ,κ
651 1835 661 1852 ι
936 1836 948 1854 ,
1229 1834 1242 1850 .
1318 1835 1330 1854 ,
1433 1835 1445 1852 η
1522 1835 1533 1854 ,
1713 1834 1759 1860 ,ν
1837 1833 1848 1850 ,

322 1844 424 1898 Ους
459 1834 695 1898 δεοωκας
731 1857 823 1908 μοι
857 1834 1112 1913 ἐφυλαξα,
1156 1856 1245 1890 και
1277 1857 1375 1890 ουκ
1422 1833 1681 1890 απωλεσα
1710 1855 1761 1904 ες
1793 1855 1966 1888 αυτων

318 1923 527 1981 ούδένα.

383 2102 502 2160 ΚΒ’.
554 2098 710 2169 Μηδὲ
757 2122 816 2177 γε
862 2095 1128 2156 ἀπόλοιτο
1179 2096 1374 2174 μηδεὶς
1422 2100 1557 2174 (21),
1599 2096 1745 2156 ἀλλὰ
1773 2097 1965 2163 πάντες

320 2192 566 2266 μένωμεν
613 2189 665 2244 ἐν
718 2189 794 2244 ἐνὶ
844 2188 1133 2262 πνεύματι,
1188 2195 1286 2262 μιᾷ
1352 2193 1506 2265 ψυχῇ
1581 2186 1967 2253 συναθλοῦντες

311 2281 380 2355 τῇ
409 2280 586 2336 πίστει
617 2284 714 2334 τοῦ
745 2277 1106 2353 Εὐαγγελίου,
1138 2277 1443 2353 σύμψυχοι,
1492 2280 1554 2332 τὸ
1599 2275 1652 2332 ἓν
1706 2282 1968 2354 φρονοῦν-

314 2391 425 2438 τες,
476 2365 818 2440 ὡπλισμένοι
868 2370 945 2438 τῷ
995 2365 1168 2440 θυρεῷ
1231 2373 1332 2436 τῆς
1401 2365 1652 2434 πίστεως,
1709 2371 1968 2438 περιεζω-

317 2459 504 2530 σμὲνοι
553 2459 653 2525 τήν
702 2455 866 2533 ὀσφὺν
918 2455 968 2509 ἐν
1015 2455 1264 2527 ἀληθείᾳ,
1307 2452 1398 2509 ἕνα
1449 2454 1610 2528 μόνον
1655 2452 1854 2514 εἰδότες
1883 2455 1972 2507 τὸν

314 2547 449 2600 κατὰ
477 2550 574 2600 τοῦ
625 2549 872 2619 πονηροῦ
920 2546 1032 2617 (22)
1079 2542 1348 2616 πόλεμον,
1390 2545 1478 2598 καὶ
1507 2548 1612 2597 τῶν
1645 2541 1731 2597 ὑπ’
1762 2542 1969 2597 ἐκείνου

319 2632 830 2710 στρατηγουμένων,
892 2635 965 2706 μὴ
1028 2627 1359 2709 φοϐούμενοι
1434 2632 1559 2693 τοὺς
1647 2629 1972 2704 δυναμένους

321 2722 723 2778 ἀποκτεῖναιτὸ
757 2727 934 2795 σῶμα,
965 2729 1063 2791 τῆς
1106 2719 1162 2775 δὲ
1211 2724 1397 2798 ψυχῆς
1442 2716 1696 2776 λαϐέσθαι
1751 2721 1825 2793 μὴ
1879 2717 1968 2774 δυ-

318 2814 601 2885 ναμένους,
652 2805 990 2890 φοϐούμενοι
1039 2807 1096 2865 δὲ
1137 2809 1226 2865 τὸν
1268 2809 1356 2865 καὶ
1387 2811 1569 2885 ψυχῆς
1601 2808 1690 2863 καὶ
1722 2811 1971 2881 σώματος

319 2901 512 2975 Κύριον
544 2920 554 2931 ·
608 2897 972 2978 φυλάσσοντες
1017 2899 1118 2966 τήν
1166 2899 1340 2967 καλὴν
1392 2900 1869 2974 παρακαταθήκην,
1903 2896 1966 2966 ἥν

318 2988 464 3062 παρά
488 2992 596 3042 τῶν
649 2986 900 3063 Πατὲρων
953 2986 1278 3063 εἰλήφαμεν,
1330 2991 1756 3062 προσκυνοῦντες
1811 2984 1970 3040 Πατέ-

321 3096 406 3151 ρα,
455 3076 545 3130 καὶ
594 3076 737 3145 Υὶὸν,
779 3076 869 3130 καὶ
917 3075 1072 3152 ἃγιον
1124 3080 1380 3149 Πνεῦμα·
1433 3075 1485 3129 ἐν
1534 3076 1642 3146 Υἱῷ
1679 3075 1770 3130 τὸν
1805 3076 1970 3132 Πατέ-

316 3184 402 3238 ρα,
437 3162 488 3218 ἐν
540 3163 808 3237 [Ινεύματι
861 3166 954 3220 τὸν
994 3165 1116 3219 Υἳὸν
1162 3167 1541 3238 γινώσκοντες,
1591 3164 1667 3226 εἰς
1730 3164 1761 3218 ἃ
1809 3160 1968 3238 βεϐα-

1522 378 1814 439 ORATIO
1857 377 2058 437 Vl.-—-
2087 376 2190 437 DE
2236 378 2436 438 PAGE
2482 380 2528 438 Ι.

771 502 1010 578 εἴπωμεν
1064 511 1143 578 τῷ
1197 509 1366 580 κοινῷ
1425 505 1596 581 Πατρὶ
1652 506 1854 578 τούτῳ,
1909 510 1970 580 τῇ

2095 508 2442 576 conciliavit,
2465 513 2521 564 et
2551 510 2808 582 peccavit
2829 511 2896 580 ⁷³,
2923 509 3242 566 imitemur.
3287 511 3557 566 Dicamus
3591 528 3750 567 com-

319 599 487 669 σεμνῇ
516 592 708 667 πολιᾷ,
737 599 820 667 τῷ
866 596 1025 670 πράῳ
1074 596 1162 650 καὶ
1217 596 1370 668 ἠπίῳ
1416 596 1638 668 ποιμένι
1671 613 1682 626 ⁸
1730 601 1872 669 Ορᾷς
1914 594 1982 649 τὰ

1997 1893 2046 1957 Β

3613 381 3743 441 ⁵750

2094 598 2258 652 muni
2308 597 2442 652 huic
2491 598 3009 665 Patri,venerabili
3063 599 3318 665 canitiei,
3353 605 3663 655 mansueto
3694 606 3752 655 et

2091 686 2319 756 placido
2354 686 2576 742 Pastori
2605 703 2616 742 :
2648 687 2824 742 Vides
2857 688 3276 742 moderationis
3325 691 3438 742 tuae
3471 688 3751 759 praemia?

2090 771 2251 826 Tolle
2285 788 2383 844 per
2413 774 2721 830 circuitum
2763 774 2963 829 oculos
2995 780 3150 844 tuos,
3183 779 3238 830 et
3291 774 3564 830 collectos
3595 775 3747 831 filios

2089 865 2223 916 tuos
2279 861 2409 916 vide
2451 863 2514 927 ⁷⁸,
2565 863 3061 934 quemadmodum
3120 863 3416 934 cupiebas,
3470 865 3745 935 quodque

2089 963 2273 1002 unum
2310 953 2373 1004 ut
2413 951 2518 1004 tibi
2550 951 2931 1022 contingeret,
2956 956 3155 1006 noctes
3187 951 3432 1021 diesque
3477 951 3742 1021 postula-

2084 1037 2211 1107 bas,
2237 1045 2295 1091 ul
2329 1038 2387 1092 in
2421 1043 2722 1094 senectute
2752 1039 2905 1094 bona
2953 1040 3439 1111 peregrinationis
3471 1045 3582 1094 tuae
3613 1041 3739 1096 dies

2085 1127 2484 1182 concluderes.
2511 1129 2592 1182 En
2625 1144 2830 1183 omnes
2861 1129 2932 1182 ad
2956 1133 3012 1183 te
3033 1133 3339 1194 venerunt,
3362 1145 3427 1183 ac
3458 1129 3571 1183 sub
3603 1144 3738 1200 pen-

2085 1215 2176 1269 nis
2210 1215 2327 1270 tuis
2359 1218 2756 1287 requiescunt,
2782 1233 3076 1288 suumque
3102 1216 3282 1272 altare
3313 1217 3580 1290 cingunt,
3601 1233 3733 1272 cum

2082 1303 2357 1375 lacrymie
2405 1304 2488 1360 illi
2540 1305 2773 1375 quidem
2823 1305 3064 1376 egressi,
3097 1322 3230 1360 cum
3279 1306 3492 1378 gaudio
3539 1309 3733 1361 autem

2082 1397 2460 1448 recurrentes.
2490 1394 2687 1449 Gaude
2718 1399 2775 1449 et
2807 1392 3118 1461 oblectare,
3150 1398 3382 1465 patrum
3414 1393 3636 1466 optime
3667 1410 3734 1448 ac

2081 1480 2333 1536 ﬁliorum
2384 1483 2809 1549 amantissime,
2836 1484 3113 1554 quoniam
3149 1483 3242 1537 his
3286 1483 3583 1552 omnibus,
3617 1499 3731 1537 non

2080 1585 2250 1624 secus
2280 1585 2346 1624 ac
2390 1586 2610 1642 sponsa
2659 1572 2876 1626 mundo
2929 1587 3057 1637 suo,
3084 1571 3327 1627 indutus
3377 1576 3434 1626 et
3480 1572 3732 1626 amictus

2079 1671 2163 1713 es.
2199 1658 2460 1729 Loquere
2491 1663 2551 1714 tu
2589 1676 2825 1731 quoque
2874 1660 2944 1715 ad
2997 1675 3106 1715 nos
3141 1678 3153 1715 :
3188 1664 3320 1716 Ecce
3343 1676 3456 1732 ego,
3490 1665 3544 1714 et
3573 1662 3735 1731 pueri

2080 1749 2204 1812 mei,
2277 1764 2409 1818 quos
2466 1748 2618 1803 dedit
2690 1750 2833 1803 mihi
2909 1751 3176 1805 Dominus
3197 1750 3260 1804 7‘.
3318 1750 3478 1804 Adde
3553 1747 3729 1803 aliam

2079 1852 2311 1907 quoque
2351 1837 2583 1892 Domini
2629 1855 2824 1893 vocem
2874 1837 3042 1895 valde
3090 1843 3508 1911 congruentem
3545 1854 3556 1892 :
3593 1838 3733 1906 Quos

2077 1923 2278 1979 dedisti
2305 1925 2452 1980 mihi
2498 1927 2787 1992 custodivi,
2820 1930 2872 1981 et
2901 1942 3010 1982 non
3036 1926 3254 1998 perdidi
3299 1941 3368 1980 ex
3415 1925 3493 1980 eis
3542 1941 3728 1995 quem-

2077 2029 2242 2083 quam
2261 2015 2325 2068 ⁷⁵.

2147 2099 2316 2156 XXII.
2344 2105 2531 2174 Atque
2566 2102 2791 2157 utinam
2844 2119 3015 2159 nemo
3062 2107 3279 2175 pereat,
3302 2102 3404 2157 sed
3436 2119 3639 2157 omnes
3669 2119 3728 2156 1n

2081 2206 2196 2244 uno
2236 2189 2439 2261 spiritu
2493 2208 2857 2258 maneamus,
2892 2209 3010 2246 una
3063 2195 3253 2247 mente
3304 2190 3730 2246 collaborantes

2079 2278 2212 2332 ﬁdei
2244 2279 2556 2351 Evangelii,
2584 2281 2914 2348 unanimes,
2943 2297 3126 2335 unum
3159 2279 3432 2351 idemque
3461 2279 3722 2334 sentien-

2078 2371 2166 2422 tes
2187 2368 2250 2437 ⁷⁸,
2277 2368 2412 2422 fidei
2451 2367 2649 2440 clypeo
2699 2370 2928 2439 armati,
2953 2369 3234 2424 succincti
3277 2367 3510 2424 lumbos
3543 2368 3601 2422 in
3631 2383 3727 2422 ve-

2080 2456 2251 2510 ritate
2272 2458 2337 2525 77,
2362 2456 2552 2512 solum
2587 2473 2770 2513 unum
2818 2458 2976 2513 istud
3025 2458 3243 2512 bellum
3276 2457 3548 2526 scientes,
3571 2457 3726 2527 quod

2080 2544 2363 2600 adversus
2395 2561 2636 2616 pravum
2669 2545 2858 2615 illum,
2883 2551 2938 2601 et
2967 2562 3086 2615 eos,
3110 2545 3208 2617 qui
3239 2545 3429 2617 ipsius
3460 2545 3638 2599 ductu
3673 2549 3731 2599 et

2081 2633 2362 2705 auspiciis
2404 2641 2686 2706 pugnant,
2710 2635 2968 2705 geritur:
2999 2635 3122 2691 Non
3153 2651 3251 2688 eos
3300 2634 3597 2695 timentes,
3631 2635 3728 2704 qui

2082 2723 2340 2794 corporis
2371 2722 2606 2794 quidem
2642 2724 2888 2779 necandi
2919 2728 3264 2795 potestatem
3299 2721 3538 2788 habent,
3563 2726 3730 2776 caete-

2081 2827 2211 2865 rum
2244 2810 2500 2866 animam
2551 2812 2806 2884 arripere
2838 2815 3168 2883 nequeunt;
3202 2811 3302 2866 sed
3352 2826 3508 2866 eum.
3542 2809 3636 2864 cui
3668 2809 3728 2864 in

2079 2914 2321 2970 corpora
2350 2899 2698 2970 animasque
2747 2905 2977 2956 rostras
3015 2902 3118 2971 jus
3165 2904 3222 2954 et
3269 2897 3584 2969 imperium
3615 2902 3726 2965 est,

2078 2986 2462 3043 formidantes
2483 2989 2562 3041 78:
2604 2987 2944 3053 praclarum
2978 2988 3332 3058 depositum,
3367 2986 3524 3056 quod
3558 3001 3591 3039 a
3623 2985 3726 3038 Pa-

2077 3075 2268 3130 tribus
2300 3076 2516 3132 nostris
2564 3076 2913 3146 accepimus,
2937 3077 3332 3132 custodientes
3353 3073 3434 3128 7°?
3478 3075 3724 3128 adoran-

2077 3170 2166 3221 tes
2188 3170 2442 3231 Patrem,
2462 3169 2519 3221 et
2539 3165 2772 3232 Filium,
2793 3170 2850 3218 et
2871 3163 3150 3236 Spiritum
3176 3167 3476 3229 sanctum;
3501 3161 3561 3216 in
3588 3161 3726 3217 Filio

312 3252 598 3325 πτίσμεθα,
660 3250 736 3314 εἷς
805 3254 838 3307 ἄ
895 3252 1348 3325 πεπιστεύκαμεν,
1408 3254 1490 3313 οἷς
1551 3253 1965 3328 συντετάγμεθα,

2087 3254 2327 3320 Patrem,
2353 3255 2409 3308 in
2435 3254 2656 3325 Spiritu
2679 3251 2889 3308 Filium
2920 3257 3357 3326 cognoscentes,
3380 3251 3440 3306 in
3474 3267 3723 3323 quorum

311 3340 436 3417 πρίν
501 3342 727 3416 συνάψαι
787 3339 1115 3419 διαιρτῦντες
1177 3345 1308 3415 (23),
1377 3342 1464 3395 καὶ
1542 3341 1667 3417 πρὶν
1743 3340 1966 3418 διαιρεῖν

312 3433 424 3504 (24)
457 3431 836 3498 συνάπτοντες,
887 3427 1011 3485 οὔτε
1057 3429 1124 3485 τὰ
1171 3430 1293 3507 τρία
1344 3431 1418 3492 ὡς
1467 3426 1557 3484 ἕνα
1606 3432 1717 3504 (25)
1750 3429 1834 3504 (ού
1866 3432 1967 3505 γὰρ

312 3519 654 3575 ἀνυπόστατα
704 3522 838 3593 (26),
889 3519 923 3588 ἢ
974 3520 1110 3574 κατὰ
1163 3525 1289 3593 μιᾶς
1341 3517 1682 3580 ὑποστάσεως
1729 3522 1860 3593 (27),
1894 3520 1966 3582 ὡς

312 3610 450 3663 εἶναι
502 3609 595 3664 τὸν
646 3606 887 3664 πλοῦτον
942 3611 1079 3681 ἡμῖν
1130 3607 1180 3664 ὲν
1237 3607 1518 3681 ὀνόμασιν,
1571 3606 1697 3664 ἀλλ’
1737 3608 1798 3663 οὐ
1831 3607 1967 3682 πρά-

308 3700 522 3773 γμασι),
577 3699 667 3752 καὶ
710 3699 780 3752 τὰ
823 3697 945 3774 τρία
992 3694 1065 3754 ἕν.
1120 3700 1212 3755 ’Ἑν
1263 3699 1368 3773 γὰρ
1400 3696 1506 3772 οὐχ
1535 3697 1824 3751 ὑποστάσει
1859 3697 1970 3770 (28)

309 3785 457 3842 ἀλλά
508 3785 723 3857 θεότητι
757 3804 767 3817 ·
828 3787 998 3858 μονὰς
1030 3785 1080 3840 ἐν
1150 3783 1336 3860 Τριάδι
1366 3785 1832 3860 προσκυνουμένη,
1876 3786 1965 3840 καὶ

310 3877 478 3951 Τριὰς
556 3875 632 3937 εἰς
705 3871 915 3948 μονάδα
988 3874 1528 3951 ἀνακεφαλαιουμέρνη
1605 3878 1740 3948 (29),
1825 3881 1966 3928 πᾶσα

306 3965 678 4040 προπυνητή,
743 3962 1000 4039 βασιλική
1060 3970 1224 4035 πᾶσα,
1294 3963 1617 4036 ὁμὸθρονος,
1683 3961 1962 4033 ὁλόδοξος,

313 4053 707 4129 υπερκόσμιος,
769 4053 1132 4128 ὑπὲρχρονος,
1208 4050 1475 4123 ἄκτιστος,
1541 4051 1790 4128 ἀόρατος,
1872 4053 1962 4106 ἀν-

302 4145 471 4220 αφὴς,
533 4141 930 4218 ἀπερίληπτος,
973 4143 1106 4217 πρὸς
1144 4141 1238 4214 μὲν
1287 4141 1478 4208 ἑαυτὴν
1513 4139 1662 4202 ὅπως
1694 4137 1807 4216 ἔχει
1853 4144 1961 4213 (30)

301 4229 526 4301 τάξεως,
583 4229 718 4304 αὐτῂ
775 4229 906 4305 μόνῃ
957 4231 1067 4303 (31)
1114 4229 1487 4306 γινωσκομένη
1538 4231 1674 4304 (32),
1714 4231 1880 4297 σεπτὴ
1915 4226 1962 4282 δ’

301 4322 441 4390 ἡμῖν
473 4317 680 4391 ὁμοίως
708 4318 797 4373 καὶ
832 4318 1123 4393 λατρευτὴ,
1154 4316 1243 4373 καὶ
1278 4317 1416 4392 μόνη
1467 4323 1580 4380 τοῖς
1622 4317 1823 4394 Ἀγίοις
1851 4322 1956 4372 τῶν

1869 4407 1923 4424 5a-

302 4406 476 4482 ἁγίων
521 4402 910 4481 ἐμϐατεύουσα,
968 4409 1068 4478 τὴν
1118 4405 1175 4462 δὲ
1222 4405 1394 4462 κτίσιν
1442 4412 1612 4461 πᾶσαν
1666 4405 1814 4469 ἐκτὸς
1866 4407 1960 4462 ἐῶ-

374 4526 421 4560 "
451 4523 674 4580 Coloss.
709 4542 746 4592 ι,
780 4526 866 4579 19.
943 4527 988 4560 ⁷³
1018 4525 1131 4581 Isa.
1174 4542 1262 4591 LX,
1305 4525 1356 4578 4.
1436 4523 1546 4580 Isa.
1597 4541 1715 4590 VIII,
1771 4525 1856 4579 18.
1934 4526 1970 4560 ⁷⁸

2087 4541 2171 4580 an.
2221 4537 2361 4590 xvu,
2416 4522 2502 4576 12.
2581 4521 2625 4555 ⁷⁸
2655 4520 2910 4593 Philipp.
2966 4539 3005 4590 1,
3063 4523 3152 4589 .7;
3205 4538 3266 4590 Il,
3311 4521 3364 4573 2.

303 4613 386 4667 vr,
420 4596 507 4652 14.
582 4597 626 4631 ⁷³
657 4596 864 4652 Matth.
898 4615 956 4665 x,
986 4599 1077 4654 28.
1153 4597 1198 4631 79
1228 4598 1275 4652 ll
1303 4595 1454 4650 Tim.
1489 4611 1528 4663 ι,
1565 4596 1653 4650 14.

380 4711 496 4854 (18)
526 4709 625 4764 Καὶ
657 4708 706 4766 ὅ.
739 4712 998 4769 Combef.
1027 4709 1119 4766 καὶ
1151 4712 1202 4765 ἅ·
1237 4709 1673 4837 nem§e,1éxva,
1701 4734 1728 4762 ‹‹
1754 4712 1958 4768 ﬁlios.»
1999 4721 2044 4786 Β

409 4783 496 4853 19)
529 4783 985 4854 Προπρὲχοντες.
1036 4785 1130 4841 Sic
1175 4784 1270 4840 Or.
1317 4784 1358 4839 E
1408 4789 1468 4837 ιιι
1527 4800 1682 4854 vero,
1732 4781 1964 4854 προτρέ-

409 4783 496 4853 19)
529 4783 985 4859 Προστρέχοντες.
1036 4785 1130 4841 Sic
1175 4784 1270 4840 Or.
1317 4781 1468 4839 Editi
1527 4800 1682 4854 vero,
1732 4781 1964 4858 προτρέ-

309 4872 530 4928 χοντες.

385 4924 504 5064 (20)
527 4921 786 5012 Ἔδωκεν.
818 4927 960 4999 Reg.
993 4927 1094 4998 hu,
1127 4927 1223 4982 Or.
1258 4921 1509 4980 δέδωκεν.

411 4995 503 5062 21)
535 4995 754 5061 timete.
791 4998 969 5064 Regg.
1002 5015 1055 5064 a,
1095 4999 1217 5064 bm,
1259 4997 1363 5064 hu,
1394 5000 1509 5064 Or.,

535 4992 754 5070 binaeiq.
791 4992 969 5070 Reg'g.
1002 5015 1055 5066 a,
1078 4992 1363 5070 ibmthu,
1394 5000 1512 5066 Or.,
1546 5001 1652 5052 etc.
1691 4993 1832 5068 μηδὲ
1863 4997 1960 5058 εἴς.

533 5069 636 5118 Τοῦ
664 5066 1004 5142 πονηροῧῖές
1023 5066 1274 5142 Diaboli.
1305 5091 1335 5119 »

386 5136 504 5208 (23)
535 5136 895 5214 _A_iaz_zpoﬁvcec.
941 5141 1044 5197 His
1087 5141 1296 5196 verbis.
1332 5138 1681 5214 sabellium,
1703 5140 1802 5211 qui
1837 5158 1961 5211 per-

309 5225 493 5282 sonas
521 5211 751 5268 divinas
781 5213 1193 5276 confundebat,
1234 5211 1420 5282 carpit
1449 5211 1783 5282 Gregorius.

338 5280 501 5404 λὲξί)
535 5287 792 5357 Διαιρεῖν.
843 5285 981 5358 Reg.
1043 5285 1165 5354 bm,
1226 5278 1354 5338 tres
1403 5278 1677 5354 Colbe'rt”
1731 5283 1824 5338 0r.
1880 5278 1968 5334 δι-

309 5371 478 5406 εΑειν.

338 5492 353 5514 ³
527 5419 666 5480 Οὔτε
709 5425 778 5478 τὰ
824 5425 946 5499 τρία
992 5425 1064 5487 ὡς
1115 5423 1219 5479 ἕνα.
1274 5423 1449 5479 Cois].
1503 5419 1686 5477 1οῧτε
1733 5423 1801 5478 τά
1845 5423 1969 5496 τρία

311 5512 390 5546 εις
449 5511 495 5546 ν.

532 5565 919 5624 Ἀνυκόστατα.
954 5567 1178 5624 Coisl.1
1219 5566 1398 5637 addit,
1424 5563 1774 5637 τὰόνόματα,
1805 5590 1832 5616 ‹‹
1868 5585 1970 5622 no-

312 5635 509 5709 mina;
537 5658 567 5686 ››
597 5655 723 5709 quas
770 5657 878 5696 vox
927 5639 1009 5696 ita
1059 5636 1465 5694 subaudienda
1508 5635 1618 5706 vel,
1651 5639 1698 5693 si
1762 5638 1970 5706 mavis,

314 5703 632 5782 πρόσωπα,“
644 5732 671 5760 ι(
708 5726 990 5783 persona.
1027 5732 1055 5760 »

2080 3343 2316 3398 nomine
2364 3343 2644 3414 baptismi
2675 3359 2823 3414 aqua
2854 3343 3021 3398 tincti
3053 3359 3284 3406 sumus,
3316 3341 3375 3395 in
3406 3356 3554 3412 quos
3604 3355 3726 3394 cre-

2081 3430 2361 3498 didimus,
2387 3431 2602 3503 quibus
2651 3449 2864 3487 nomen
2915 3431 3208 3498 dedimus,
3241 3430 3407 3503 prius
3451 3445 3548 3484 eos
3579 3426 3725 3483 divi-

2080 3521 2304 3588 dentes,
2328 3538 2504 3592 quam
2536 3521 3034 3592 coniunxerimus,
3061 3521 3341 3592 priusque
3368 3517 3724 3589 conjungen-

2076 3613 2187 3675 tes,
2212 3610 2367 3664 I94
2401 3626 2576 3681 quam
2627 3610 3088 3678 distinxerimus,
3112 3625 3216 3664 nec
3273 3607 3386 3662 tria
3442 3611 3724 3677 tanquam

2079 3714 2263 3752 unum
2298 3698 2648 3770 accipientes
2679 3700 2890 3771 (neque
2918 3699 3074 3754 enim
3117 3695 3404 3770 ejusmodi
3436 3699 3576 3750 sunt
3605 3693 3727 3748 haec

2080 3787 2341 3855 nomina,
2365 3792 2430 3842 ut
2459 3803 2561 3858 per
2589 3804 2650 3842 se
2695 3805 2808 3843 non
2850 3788 3196 3854 subsistant,
3221 3791 3322 3841 aut
3349 3785 3421 3840 de
3449 3800 3569 3838 una
3598 3787 3723 3837 tan-

2078 3879 2205 3929 tum
2257 3890 2505 3946 persona
2554 3875 2966 3946 praedicantur,
2998 3875 3167 3946 quasi
3225 3889 3364 3945 opes
3422 3876 3631 3926 nostrae
3663 3869 3722 3923 in

2076 3963 2436 4031 nominibus,
2472 3979 2587 4017 non
2619 3969 2814 4018 autem
2867 3963 2924 4018 in
2977 3965 3152 4018 rebus
3183 3963 3307 4017 sitae
3337 3961 3499 4026 sint),
3528 3963 3586 4014 et
3611 3956 3726 4012 tria

2075 4067 2257 4107 unum
2291 4067 2420 4106 esse
2465 4051 2787 4106 credentes.
2813 4051 3005 4106 Unum
3039 4052 3190 4107 enim
3243 4055 3400 4117 sunt,
3424 4065 3540 4103 non
3590 4062 3722 4118 per-

2073 4156 2250 4211 somn,
2275 4139 2376 4195 sed
2423 4137 2748 4194 divinitatis
2808 4140 3048 4196 ratione.
3076 4139 3276 4195 Unitas
3332 4137 3391 4192 in
3441 4136 3727 4192 Trinitate

2074 4233 2335 4296 adorata,
2367 4233 2424 4284 et
2451 4228 2706 4284 Trinitas
2738 4227 2797 4283 in
2832 4229 3116 4284 unitatem
3149 4227 3410 4293 collecta,
3435 4229 3561 4281 tota
3589 4225 3725 4280 ado-

2071 4318 2278 4389 randa,
2302 4321 2426 4373 tota
2447 4315 2626 4390 regia,
2653 4317 2918 4388 ejusdem
2953 4317 3144 4372 throni
3173 4322 3231 4371 et
3260 4314 3484 4388 gloriae,
3508 4312 3728 4367 mundo

2072 4406 2408 4476 sublimior,
2435 4410 2698 4477 tempore
2746 4405 3032 4478 superior,
3073 4406 3354 4474 increata,
3387 4399 3726 4468 invisibilis,

3442 4518 3485 4552 ⁷⁷
3516 4515 3727 4587 Ephes.

2147 4707 2259 4780 (27)
2286 4705 2356 4780 έἨ
2388 4705 2524 4759 κατὰ
2557 4711 2682 4778 μιᾶς
2716 4707 3079 4770 ὑποστάσεως.
3109 4731 3137 4758 ‹‹
3169 4710 3282 4780 Aut
3312 4706 3382 4760 de
3423 4718 3538 4780 una
3577 4698 3730 4780 5!th-

2078 4771 2356 4849 bstantia,
2378 4801 2405 4828 »
2428 4771 2610 4844 seu,'«
2635 4780 3037 4837 subsistentia.
3067 4803 3094 4829 »
3115 4773 3546 4849 Billius_reddit
3577 4771 3730 4826 hanc

2075 4866 2294 4924 vocem,
2320 4847 2713 4924 ’Υποστάσεῳς,
2739 4851 2831 4907 hic
2863 4857 2918 4907 et
2947 4851 3107 4916 alibi,
3132 4866 3251 4924 per,
3281 4847 3643 4924 «Personam
3667 4862 3724 4924 ηδ

2072 4923 2225 4997 quod
2256 4916 2372 4977 non
2404 4923 2548 4997 satis
2570 4916 2739 4978 nobis
2763 4924 3022 4996 Gregorii
3049 4938 3112 4978 ac
3132 4916 3516 4977 Orientalium
3541 4916 3725 4968 menti

2072 4993 2398 5065 congruum
2431 4993 2696 5065 videtur.
2881 4993 2906 4996 “
3357 5060 3368 5065 _
3620 5057 3631 5065 _
3695 5054 3704 5064 ,

2142 5057 2416 5137 (253)06x
2465 5063 2776 5137 ὑποστάσει.
2827 5071 2936 5121 etc.
2986 5087 3014 5116 ‹‹
3067 5065 3200 5120 Non
3261 5060 3488 5116 ratione
3543 5057 3738 5112 subsi—

2074 5135 2288 5206 stendi,
2320 5135 2422 5191 sed
2455 5135 2785 5206 divinitate.
2815 5159 2840 5185 υ

2146 5202 2915 5282 (29)7⁹Ανακεφαλαιουμένη.
2983 5230 3010 5258 ((
3067 5202 3510 5277 Recapitulata,
3581 5212 3740 5253 com-

2078 5281 2293 5352 preben
2324 5296 2409 5352 sa.
2445 5300 2472 5327 »

2148 5349 2499 5434 (Λδῖρλᾜχει.
2536 5347 2718 5434 Βθεὲ...
2742 5350 2866 5434 bm,
2898 5344 3151 5434 burim

2144 5409 2435 5492 (31)'A61'fi
2473 5409 2757 5492 p_o~m.WSic
2793 5409 3132 5491 Régg.’l);ii:
3161 5414 3473 5492 hu,_e_t_0r.
3500 5411 3564 5466 In
3599 5409 3727 5492 Pa‘r-

2075 5480 2215 5549 edit.
2243 5480 2608 5562 [Auiti-Mm:
2663 5499 2793 5560 etc.,
2840 5480 2993 5563 quod
3043 5480 3210 5546 vertit
3250 5480 3464 5563 ’B-illlus
3498 5499 3568 5538 zu
3602 5480 3731 5537 sola

2078 5565 2342 5637 quidem.
2376 5559 2491 5632 quo
2522 5559 2659 5637 erga
2690 5580 2751 5617 se
2782 5559 2986 5619 ordine
3017 5566 3111 5632 sit,
3146 5559 3560 5637 intelligens.»
3643 5623 3699 5637 Η·

2150 5636 2264 5707 (32)
2293 5623 2702 5707 [ινῖιυσκομῖνη.
2739 5638 2994 5690 (Jombef.
3042 5623 3199 5704 legit,
3245 5623 3607 5707 γινῷσκουσα.
3642 5623 3738 5680 Sic

2082 5701 2257 5764 etiam
2292 5701 2555 5775 Hervag.
2579 5712 2636 5760 et
2665 5707 2800 5772 Reg.
2837 5709 2957 5776 bm,
3000 5701 3440 5764 scd'i-cce'ntiori
3473 5713 3676 5755 manu.
