4146 6290
360 379 471 434 751

1600 373 1662 429 S.
1713 370 2076 430 GHEGORII
2124 374 2227 431 TH
2242 374 2520 435 EOLOGI

3640 370 3762 427 ’752

359 512 549 561 tactus
581 510 637 559 ct
664 501 1203 573 comprehensionis
1244 518 1469 572 expers,
1496 502 1820 556 secundum
1871 518 2003 556 vero

2124 522 2199 571 πα,
2232 504 2330 570 τήν
2366 504 2457 575 μὲν
2491 508 2567 574 τῷ
2597 503 2818 578 πρώτῳ,
2866 503 2966 569 τὴν
3013 499 3070 556 δὲ
3113 506 3190 571 τῷ
3243 498 3477 575 δευτέρῳ
3529 496 3773 573 διειργο-

363 595 626 649 ordinem
652 592 749 661 qui
773 592 831 644 in
855 607 915 645 se
938 596 1046 656 est,
1063 591 1175 644 sibi
1208 589 1313 645 soli
1339 592 1588 659 cognita,
1612 590 1781 645 nobis
1812 594 2007 645 tamen

360 698 429 737 ex
448 698 611 752 (equo
634 680 963 734 veneranda
987 685 1043 734 et
1070 680 1387 743 adoranda,
1410 679 1533 733 sola
1553 679 1725 733 etiam
1753 680 1809 732 in
1834 680 2008 734 Sanc-

359 776 420 824 ta
451 772 786 824 sanctorum
813 772 1144 838 penetrans,
1170 783 1261 822 res
1294 771 1486 821 autem
1512 783 1715 822 omnes
1742 768 2007 822 conditas

360 858 504 913 foris
550 857 907 927 relinquens,
939 855 1083 911 alias
1141 856 1328 926 primo
1376 855 1521 923 velo,
1556 854 1702 910 alias
1751 857 2006 911 secundo

358 946 706 1003 interclusas
738 953 909 1016 atque
940 945 1297 1015 diremptas:
1336 944 1523 1014 primo
1556 944 1859 1014 nimirum,
1892 962 2005 1000 coa-

358 1035 536 1091 lestes
590 1039 646 1089 et
700 1032 994 1105 angelicas
1043 1051 1076 1087 a
1125 1033 1355 1103 deitate,
1407 1032 1585 1087 altero
1628 1050 1782 1098 vero,
1834 1040 2005 1089 natu-

360 1140 484 1178 ram
520 1128 779 1178 nostram
829 1140 861 1176 a
909 1120 1264 1176 caelestibus.
1296 1122 1442 1188 Haec,
1475 1119 1704 1191 fratres,
1738 1139 2005 1194 agamus,

359 1212 470 1268 hoc
501 1212 697 1267 animo
730 1211 918 1264 simus
951 1236 965 1275 ;
1006 1227 1243 1281 eosque,
1278 1211 1379 1281 qui
1412 1209 1579 1265 aliter
1627 1212 1907 1280 sentiunt,
1945 1218 2007 1267 ut

356 1302 617 1357 veritatis
639 1301 831 1355 labem
852 1304 908 1354 et
937 1299 1346 1371 corruptelam,
1372 1300 1560 1369 quoad
1601 1299 1840 1370 quidem
1873 1300 2007 1355 lice-

358 1388 465 1456 bit,
499 1403 876 1443 assumamus
907 1391 1083 1457 atque
1127 1403 1428 1451 curemus;
1476 1385 1782 1440 incurabili
1816 1392 2008 1441 autem

2123 591 2287 661 μὲνην
2328 591 2773 664 ματαπετάσματι
2799 609 2813 623 °
2847 590 3050 665 πρώτῳ
3086 591 3178 661 μὲν
3232 590 3329 657 τὴν
3377 588 3628 664 οὐράνιον
3680 586 3770 640 καὶ

2118 678 2416 754 ἀγγελικὴν
2451 682 2554 735 ἀπὸ
2584 688 2682 749 τῆς
2716 679 2990 750 Θεότητος,
3025 677 3256 754 δευτέρῳ
3305 675 3361 732 δὲ
3410 679 3508 746 τὴν
3564 677 3769 748 ἡμετέ-

2118 788 2209 842 ραν
2263 769 2367 823 ἀπὸ
2414 775 2518 824 τῶν
2567 770 2851 844 οὐρανίων.
2899 774 3072 823 Ταῦτα
3138 768 3484 844 πράσσωμεν,
3533 767 3621 822 καὶ
3676 765 3766 819 οὓ-

2114 877 2223 918 τως
2272 856 2512 932 ἔχωμεν,
2562 856 2808 935 ἀδελφοὶ,
2859 857 2947 912 καὶ
2995 856 3119 918 τοὺς
3175 856 3370 929 ἐτὲρως
3412 859 3769 932 φρονοῦντας,

2116 945 2188 1005 ὡς
2222 944 2403 1019 λύμην
2437 950 2551 1017 (33)
2578 954 2677 1016 τῆς
2706 946 2988 1017 ἀληθείας,
3039 943 3143 1007 ἕως
3177 967 3269 1019 μεν
3325 944 3383 999 ἂν
3519 941 3766 1012 δυνατὸν,

2116 1029 2673 1107 προσλαμϐανώμεθα
2734 1034 2823 1089 καὶ
2910 1033 3334 1109 θεραπεῦωμενο
3420 1030 3647 1091 ἀνιάτως
3726 1026 3776 1082 δ’

2120 1118 2341 1197 ἔχοντας
2402 1126 2511 1197 (34)
2570 1124 3057 1198 ἀποστρεφώμεθα,
3108 1124 3181 1195 μὴ
3234 1128 3334 1190 τῆς
3390 1120 3548 1175 νόσου
3611 1138 3772 1192 μετοι-

2119 1206 2374 1284 λάϐωμεν
2426 1213 2549 1287 πρὶν
2602 1210 2920 1285 μεταδοῦναι
2968 1218 3065 1280 τῆς
3125 1212 3323 1265 ἑαυτῶν
3383 1207 3621 1284 ὑγιείας·
3682 1209 3774 1261 καὶ

2119 1300 2145 1353 ὁ
2178 1300 2308 1361 Θεὸς
2356 1304 2452 1369 τῆς
2505 1300 2725 1375 εἰρήνης
2776 1298 2923 1354 ἔσται
2966 1301 3081 1373 μεθ’
3111 1302 3270 1372 ἡμῶν
3304 1302 3439 1369 (35),
3472 1304 3570 1367 τῆς
3601 1297 3771 1351 πάντα

2117 1394 2239 1442 νοῦν
2271 1389 2644 1465 ὑπερεχούσης
2676 1389 2728 1444 ἂν
2760 1394 2973 1464 Χριστῷ
3001 1393 3181 1458 Ἰησοῦ
3224 1394 3303 1460 τῷ
3354 1387 3537 1463 Κυρίῳ
3584 1389 3774 1457 ἡμῶν.

360 1478 563 1533 morbo
597 1477 928 1531 laborantes
966 1491 1303 1529 aversemur
1327 1491 1338 1529 :
1366 1491 1437 1529 ne
1482 1474 1701 1545 alioqui
1735 1475 2006 1531 morbum

2124 1477 2179 1529 ’Δ
2193 1479 2300 1549 μήν
2325 1480 2456 1551 (36).

358 1582 559 1621 eorum
622 1572 754 1619 ante
811 1564 1247 1630 contrahamus,
1283 1580 1456 1633 quam
1511 1562 1628 1617 illis
1686 1564 1997 1620 sanitatem
2047 1572 2307 1623 nostram
2368 1569 2795 1641 impertiamus.
2838 1571 2914 1623 Ac
2970 1570 3122 1625 Deus
3183 1569 3426 1641 pacis“,
3488 1566 3646 1621 illius
3678 1566 3773 1619 in-

360 1671 537 1727 quam
599 1654 758 1726 pacis
817 1670 941 1725 Quae
1004 1651 1365 1708 intellectum
1415 1669 1648 1707 omnem
1697 1660 2007 1724 exsuperat
2042 1656 2108 1725 ³1,
2138 1656 2440 1713 nobiscum
2492 1659 2620 1727 erit,
2654 1660 2713 1713 in
2763 1658 2991 1714 Christo
3049 1658 3186 1714 Jesu
3245 1657 3491 1713 Domino
3550 1660 3772 1726 nostro.

357 1750 573 1799 Amen.

429 1869 475 1904 ⁸ο
505 1867 553 1924 ΙΙ
584 1867 709 1923 Cor.
742 1884 865 1932 xm,
903 1867 985 1920 11.
1063 1867 1104 1900 ⁸¹
1140 1865 1392 1937 Philipp.
1433 1884 1507 1933 1v,
1589 1908 1601 1920 .

430 1996 541 2065 (33)
574 1991 788 2065 Λύμην.
827 1995 964 2065 Reg.
1000 1994 1118 2059 bm,
1155 1990 1380 2062 λοίμην.

434 2061 551 2209 ξΒΙέ)
583 2066 637 2117 Δ’
662 2061 937 2157 Ἲέχοντῗςξ
952 2066 1126 2146 Regg.
1164 2061 1281 2133 bmr,
1317 2066 1419 2130 hu,
1453 2065 1546 2119 Or.
1584 2061 1639 2116 δὲ
1669 2062 1911 2192 ἔόοντας.

458 2138 547 2209 35)
582 2138 690 2189 Mat)
740 2138 923 2207 ἡμων.
957 2136 1049 2191 Sic
1082 2142 1198 2191 tres
1232 2136 1408 2208 Regg.
1444 2154 1509 2192 ac
1539 2141 1655 2192 tres
1712 2136 1843 2191 ‘olb.
1879 2138 1911 2191 P

582 2136 923 2222 bja0"-},pc3~a.
957 2136 1049 2191 Sic
1082 2142 1198 2191 tres
1232 2136 1408 2208 Regg.
1444 2154 1509 2192 ac
1539 2141 1655 2192 tres
1688 2136 1843 2192 Colb.
1879 2138 2007 2192 Par.

368 2228 432 2280 με
516 2229 690 2280 υμων.

2194 1997 2304 2067 (36)
2336 1996 2533 2068 Η¹μῶν.
2566 1999 2766 2068 Ἀμήν.
2799 1999 2893 2054 Sic
2924 1999 3199 2054 desinunt
3232 1996 3492 2068 plerique
3516 1995 3773 2068 codices,

2122 2063 2215 2139 his
2243 2063 2481 2139 omissis
2515 2063 2645 2139 quaé
2690 2063 2747 2124 in
2800 2075 2928 2124 Par.
2965 2071 3103 2125 edit.
3156 2063 3430 2138 leguntur
3462 2085 3473 2121 :
3506 2065 3550 2137 ᾧ
3582 2069 3615 2133 ἡ
3648 2063 3775 2139 δόξα

2123 2136 2197 2199 εἷς
2228 2138 2353 2199 τοὺς
2395 2114 2591 2201 uiciniam
2620 2145 2726 2194 τῶν
2759 2141 2999 2209 αἰώνων,
3032 2165 3057 2191 α
3093 2142 3186 2195 cui
3211 2114 3404 2211 tgloria
3451 2114 3777 2194 inTsaacuia

2123 2211 2470 2267 saeculorum
2522 2235 2550 2261 ››

1102 2468 1251 2523 ιθδ
1318 2477 1875 2567 MONITUM
1934 2481 2045 2563 IN
2107 2480 2788 2570 ORATIONEM
2848 2484 3039 2567 V11.

444 2759 883 2843 1..Ca3sarius,
942 2760 1122 2837 cujus
1177 2760 1514 2843 immatura
1564 2779 1740 2843 mors
1797 2767 1888 2820 est
1952 2762 2310 2840 prazcipuus
2366 2764 2544 2824 istius
2601 2766 2899 2827 orationis
2956 2784 3224 2843 scopus,
3303 2771 3435 2825 erat
3493 2762 3775 2839 Gregorii

359 2839 664 2923 Theologi
715 2841 933 2923 frater
973 2846 1145 2923 natu;
1183 2840 1511 2923 minimus.
1562 2842 1622 2923 Is
1674 2839 1963 2919 paterna,
1995 2843 2181 2902 domo
2244 2862 2368 2903 una
2422 2864 2564 2904 cum
2617 2848 2939 2923 Gregorio,
2975 2839 3328 2905 stu-diorum
3378 2862 3584 2914 causa,
3622 2862 3769 2919 pro-

361 2921 583 2992 fectus,
647 2919 860 3003 relicto
920 2920 979 3003 in
1043 2920 1371 3003 Palestina:
1429 2920 1659 2979 scholis
1718 2922 1948 3003 fratre,
2022 2922 2469 3003 Alexandriam
2529 2926 2707 3003 petiit
2743 2919 2850 3003 ⁷(η.
2909 2929 2991 2997 6,.
3056 2926 3187 2985 lllic
3246 2927 3432 2985 breve
3489 2932 3771 3000 tempore

362 3019 501 3087 eam
564 3000 1155 3087 mathematicarum
1209 3002 1435 3087 artium
1497 3019 1569 3087 ac
1621 3002 1886 3087 medicae
1946 3002 2387 3087 p_er_it_iam__est
2444 3000 2708 3083 adeptus
2756 3000 2843 3087 (in.
2893 3005 2997 3087 8),,
3032 3025 3221 3087 quam
3283 3014 3500 3083 postea
3562 3028 3588 3061 (ι
3624 3002 3771 3087 urbs

362 3080 655 3163 princeps
716 3104 743 3134 »
836 3080 1411 3163 Constantinopolis
1467 3081 1815 3163 admirata,
1891 3083 2157 3159 publicis
2215 3080 2591 3162 dignitatum
2650 3080 3075 3157 ornamentis,
3137 3080 3397 3163 ipsoque
3456 3083 3769 3145 senatorio

365 3161 564 3242 gradu
624 3160 935 3242 honorare
993 3162 1207 3242 voluit.
1271 3163 1497 3221 Verum
1559 3162 1900 3232 Caesarius,
1990 3163 2214 3241 spretis
2275 3160 2369 3224 his
2425 3166 2715 3226 omnibus
2774 3167 3085 3226 honorum
3144 3160 3379 3237 titulis,
3468 3166 3766 3242 Gregorio

364 3239 544 3323 fratri
599 3257 752 3323 suo,
817 3240 922 3314 qui
980 3240 1240 3300 Athenis
1299 3242 1649 3318 digressus,
1712 3243 1775 3300 in
1838 3239 2271 3303 hanc—urbem
2332 3252 2609 3318 venerat,
2671 3248 2908 3306 itineris
2960 3246 3197 3307 socium
3252 3265 3316 3306 se
3373 3239 3766 3323 adjungens,

365 3322 431 3380 in
495 3318 762 3396 patriam
820 3338 1102 3378 reversus
1158 3328 1272 3380 est.

442 3399 518 3459 II.
576 3405 737 3484 _t2um
794 3407 1007 3484 autem
1049 3401 1150 3484 ibi
1208 3399 1577 3484 aliquandiu
1634 3407 1912 3484 moratus
1962 3408 2169 3484 esset,
2246 3404 2390 3463 inde
2464 3405 2690 3465 iterum
2750 3405 3359 3484 Constantinopolim
3438 3410 3766 3483 repetens,

370 3501 398 3535 α
448 3478 657 3563 statim
714 3479 985 3563 primum
1045 3480 1231 3563 inter_
1268 3481 1540 3563 medicos
1598 3482 1861 3563 gradum
1898 3482 2239 3563 obtinuit,
2283 3492 2471 3562 atque
2530 3486 2593 3544 in
2650 3487 3000 3547 amicorum
3060 3478 3321 3546 numero
3378 3478 3547 3563 apud
3603 3488 3767 3544 Con-

361 3559 660 3645 stantium
711 3559 1167 3645 imperatorem
1218 3559 1492 3645 habitus,
1544 3561 1943 3645 amplissimis
1999 3559 2492 3645 honoribus-est
2548 3567 2906 3627 cumulatus
2965 3567 3051 3645 (η.
3112 3566 3295 3645 10).»
3360 3559 3485 3624 Nec
3542 3564 3769 3623 minori

359 3638 684 3721 in_pretio
743 3639 859 3721 fuit
912 3640 1077 3718 apud
1135 3639 1494 3711 Julianum,
1579 3641 1726 3721 qui,
1811 3641 1953 3699 licet
2021 3642 2353 3721 plerosque
2408 3645 2749 3706 decessoris
2805 3648 2900 3706 sui
2957 3638 3304 3706 Constantii
3364 3645 3767 3704 administros

359 3718 569 3805 valere
619 3718 928 3805 jussisset,
979 3721 1312 3805 Caesariana
1370 3720 1856 3805 tamen__libere_
1892 3739 1963 3805 ac
2020 3718 2269 3799 publice
2328 3743 2540 3784 coram
2589 3729 2892 3805 Apostata
2941 3726 3169 3786 Christi
3228 3726 3415 3785 ﬁdem
3476 3725 3771 3804 profiten-

360 3799 903 3881 temJnullatenus
960 3801 1160 3878 ejecit.
1224 3801 1460 3860 Clarior
1498 3800 1762 3881 adhuc,
1825 3801 2128 3874 Joviano,
2189 3821 2262 3862 ac
2319 3805 2581 3864 subinde
2638 3799 3077 3867 Valentiniano
3137 3811 3198 3867 et
3249 3799 3510 3866 Valente
3567 3806 3767 3881 impe-

360 3879 679 3965 rantibus,
718 3881 997 3965 Aexstitit.
1065 3882 1364 3957 Majorum
1428 3880 2066 3965 et_iam___dignitatum
2127 3884 2305 3960 quasi
2381 3885 2755 3962 praeludium
2816 3893 2952 3947 erat
3028 3888 3439 3965 praefectura,
3523 3879 3674 3961 qua
3706 3884 3769 3943 in

360 3959 654 4037 Bithynia
710 3960 1126 4037 fungebatur,
1208 3980 1347 4019 cum
1407 3960 1554 4019 urbs
1612 3960 1862 4020 Nicaena
1919 3967 2101 4020 terrae
2148 3959 2332 4023 ’motu
2382 3959 2690 4026 subversa
2748 3972 2858 4027 est.
2920 3969 2986 4027 In
3028 3959 3163 4026 hac
3218 3959 3575 4026 calamitate
3634 3965 3768 4041 ipse

361 4058 521 4125 pene
570 4042 1068 4125 oppressus_fuit
1109 4040 1447 4125 ACresarius.
1500 4045 1578 4098 At
1633 4060 1659 4125 (ξ
1692 4041 1827 4125 ipsa
1874 4042 2141 4125 ruina,»
2206 4044 2432 4103 rectius
2479 4045 2764 4120 dixerim,
2818 4047 3032 4107 divina
3081 4048 3309 4106 virtute
3360 4069 3385 4099 α
3425 4040 3767 4125 protectus,

363 4118 533 4179 solus
591 4120 1043 4195 propemodum
1105 4122 1436 4179 incolumis
1492 4120 1685 4179 evasit
1745 4121 1830 4198 (η.
1896 4122 2014 4196 15).
2060 4143 2088 4178 »

445 4198 867 4287 llI.”Interea
906 4208 1212 4287 parentes
1265 4208 1320 4287 et
1377 4200 1601 4287 amici,
1692 4200 1799 4273 qui
1858 4208 2117 4260 moteste
2174 4202 2455 4287 ferebant
2513 4213 2641 4265 tam
2716 4207 3025 4267 illustrem
3098 4206 3373 4266 animam
3424 4205 3492 4287 in
3555 4203 3769 4287 saeculi

363 4278 633 4363 negotiis
691 4280 944 4363 versari,
996 4287 1246 4363 arrepta
1305 4281 1494 4357 hujus
1552 4285 1732 4337 terra:
1809 4288 2014 4340 motus
2058 4282 2409 4355 occasione,
2479 4303 2645 4355 eum,
2703 4295 2769 4346 ut
2816 4287 2979 4346 aulae
3029 4304 3101 4346 ac
3148 4286 3560 4363 dignitatibus
3607 4286 3777 4341 vale-

361 4357 615 4445 diceret,
682 4358 1107 4445 vehementius
1165 4360 1410 4445 hortari
1462 4364 1810 4445 caeperunt.
1872 4363 2101 4445 Eorum
2156 4364 2319 4445 votis
2371 4366 2593 4445 annuit
2649 4366 2973 4439 Casarius,
3034 4357 3249 4445 sequi;
3282 4369 3495 4426 aulam
3552 4365 3772 4423 dereli-

364 4442 633 4509 cturum,
696 4457 806 4516 per
864 4439 1101 4499 litteras
1159 4439 1456 4515 Gregorio
1515 4438 1692 4499 fratri
1746 4438 2142 4515 signiﬁcavit.
2205 4443 2347 4515 Sed,
2410 4443 2582 4505 heu!
2646 4447 2906 4507 nimium
2966 4449 3089 4507 cita
3125 4438 3314 4506 'mors
3373 4465 3449 4506 ex
3505 4445 3769 4504 adverso

362 4517 656 4602 occurrit,
716 4525 775 4577 et
834 4520 939 4602 qui
1025 4544 1053 4573 ‹‹
1112 4526 1293 4602 terrae
1356 4525 1536 4602 motu
1578 4518 1868 4602 superior
1924 4522 2146 4602 fuerat,
2211 4524 2427 4583 morbo
2488 4545 2610 4585 non
2670 4527 2859 4599 item,
2922 4550 2950 4580 ››
3035 4533 3103 4587 ut
3158 4526 3373 4586 scribit
3433 4524 3767 4602 Gregorius

363 4595 566 4677 (ibid.)
602 4615 617 4669 ;
671 4616 741 4656 ex
778 4600 1005 4676 quibus
1036 4599 1335 4673 colligunt
1367 4599 1593 4657 eruditi
1639 4600 1802 4675 (Bar.
1863 4600 1961 4658 ad.
2017 4620 2119 4660 an.
2172 4604 2329 4675 368;
2386 4604 2673 4665 Bolland.
2726 4608 2805 4666 ad
2848 4595 3015 4668 diem
3050 4609 3125 4667 25
3157 4606 3382 4677 Febr.;
3430 4595 3768 4665 'l‘illémon-

362 4676 534 4755 tius),
593 4696 717 4737 non
778 4679 895 4737 nisi
955 4679 1381 4738 brevissimum
1444 4679 1744 4757 temporis
1801 4681 2097 4758 spatium,
2155 4682 2318 4742 inter
2376 4690 2557 4745 terra:
2618 4694 2855 4747 motum
2912 4693 2975 4747 et
3029 4687 3279 4747 Caesarii
3339 4676 3624 4756 mortem,
3678 4684 3768 4743 in-

362 4758 737 4817 tercessisse.

441 4837 541 4925 I_V.
590 4842 733 4925 Haec
792 4844 958 4925 sunt,
1018 4838 1244 4925 quibus
1302 4839 1673 4925 Gregorius-
1696 4840 1969 4925 oratorie
2025 4841 2697 4925 ampliﬁcatis,_suum
2758 4846 2950 4923 ipsius
3009 4854 3069 4905 et
3129 4846 3374 4925 piorum
3436 4850 3766 4923 parentum

364 4915 646 5003 dolorem
706 4916 877 5003 lenit
917 4918 1347 5003 ac__subleva_t.
1384 4923 1575 5003 inter
1633 4919 2049 5003 Gregorianas
2101 4915 2635 4984 orationes’hanc
2693 4915 3045 5003 specialiter
3117 4915 3767 4999 accenset'Hierony-

368 5013 503 5081 mus
534 4996 680 5081 (τῇ)ἶ
740 4996 1085 5081 Verisimile
1142 5006 1233 5057 est
1294 4999 1813 5081 habitamfuisse
1861 5001 2071 5059 statim
2131 5010 2272 5078 post
2323 5005 2576 5063 Cresarii
2624 4996 2891 5077 obitum,
2938 5007 3001 5065 id
3057 5012 3171 5078 est,
3227 5024 3369 5066 cum
3428 5003 3562 5081 ejus
3614 4996 3771 5061 exu-

364 5075 496 5164 viae
536 5076 938 5164 ΝειῖὶειιρζυωΔ
972 5078 1379 5164 devectze,_in
1440 5077 1795 5164 sepulchro,
1849 5083 2015 5164 quod
2066 5075 2184 5140 sibi
2240 5082 2390 5160 ipsis
2442 5093 2732 5161 parentes
2792 5075 3058 5161 longaevi
3108 5075 3478 5164 opportune
3513 5100 3770 5160 parave-

364 5160 527 5226 rant,
589 5154 855 5215 conditae
913 5156 1184 5218 fuerunt.
1246 5162 1380 5217 Non
1442 5154 1604 5216 enim
1662 5156 1726 5215 in
1787 5154 1989 5233 patria
2045 5180 2158 5221 sua
2218 5154 2499 5223 mortuus
2552 5172 2644 5224 est
2700 5154 3024 5232 Caesarius,
3081 5154 3531 5226 utucontendit
3582 5165 3769 5223 Baro-

362 5234 523 5316 nius.
586 5235 661 5316 Id,
711 5241 919 5295 autem
982 5257 1292 5316 nusquam
1352 5237 1601 5313 legitur.
1664 5236 1898 5296 Idcirco
1974 5240 2105 5301 haec
2164 5243 2443 5303 funebris
2501 5244 2702 5305 oratio
2760 5247 2821 5304 in
2881 5265 3045 5306 anno
3104 5246 3221 5307 368
3279 5250 3586 5309 exeunte.
3673 5242 3770 5300 vel

362 5315 571 5405 potius
649 5315 903 5405 ineunte
985 5315 1148 5405 369,
1238 5316 1604 5405 collocanda
1688 5316 1971 5376 videtur.
2058 5322 2215 5405 Nam
2311 5329 2505 5405 terras;
2580 5331 2829 5396 motus,
2928 5332 3069 5403 post
3153 5344 3340 5405 quem
3428 5322 3769 5384 Caesarium

360 5394 585 5454 obiisse
643 5395 962 5464 diximus,
1024 5398 1184 5455 idem
1263 5397 1393 5472 ipse
1473 5403 1609 5467 est,
1692 5416 1876 5473 quem
1940 5419 1973 5455 ν
2058 5401 2202 5460 Idus
2260 5403 2585 5473 Octobris,
2668 5394 3106 5466 Valentiniano
3175 5394 3239 5465 et
3304 5406 3560 5463 \alente
3617 5422 3768 5461 con-

360 5474 644 5607 sul’ibus,
724 5476 785 5533 in
845 5477 1133 5553 Bithynia
1191 5476 1523 5552 contigisse
1585 5486 1795 5537 narrat
1856 5482 2145 5541 Socrates
2198 5482 2319 5561 (38)
2370 5501 2384 5555 ;
2464 5485 2628 5562 quod
2689 5486 2749 5544 in
2810 5505 3043 5545 annum
3102 5487 3426 5564 vulgarem
3489 5484 3606 5544 368
3667 5500 3764 5542 re-

363 5570 482 5607 Cltl
524 5602 528 5606 .

363 5570 528 5609 ειαιι.

434 5679 543 5745 (ΖΠ)
579 5680 646 5732 De
679 5681 874 5750 Script.
910 5686 1065 5747 crcl.,
1100 5686 1237 5737 edit.
1276 5684 1447 5739 Basil.
1486 5686 1641 5752 1529,
1677 5703 1731 5755 p.
1768 5688 1888 5740 149.

2124 5690 2182 5760 ί8)
2216 5693 2350 5747 Hist.
2386 5690 2422 5746 l.
2456 5708 2530 5760 ιν,
2561 5708 2609 5747 c.
2645 5694 2729 5749 11.
