4146 6290
403 405 521 465 755
1642 397 1710 460 8.
1757 395 2049 458 GREGOF

2178 397 2574 459 THEOLOGI
3693 394 3809 457 756

407 537 583 613 logos
638 534 927 610 legerint,
981 532 1089 608 qui
1128 548 1262 613 eos
1301 529 1571 613 Caesarie
1629 528 1970 613 ascribunt.
2022 529 2266 613 Etenim
2314 530 2572 590 cuilibet
2627 528 2863 613 legenti
2915 532 3089 606 patet
3131 527 3540 613 dialogorum
3590 532 3810 613 aucto:

408 607 536 675 rein
601 607 787 673 fuisse
846 607 1043 671 virum
1097 610 1466 686 theologicis
1522 610 1582 667 in
1644 609 1827 668 rebus
1891 609 2157 668 maxime
2215 617 2572 682 versatum,
2655 619 2715 667 et
2790 610 2959 668 fama
3016 607 3430 668 notissimum.
3489 609 3645 666 Nam
3704 607 3810 683 qui

406 697 831 770 interrogant,
895 692 1267 771 proﬁtentur
1310 690 1434 767 (41)
1497 714 1523 741 ‹‹
1578 708 1640 748 se
1699 689 2112 771 absurdarum
2173 689 2465 771 ﬂuctibus
2523 690 2891 771 opinionum
2950 691 3290 771 exhaustos
3314 733 3345 771 ,_
3389 687 3467 749 ad
3528 687 3811 771 magistri

408 767 1108 851 benignitatem—velut
1162 771 1243 832 ad
1297 777 1550 851 portum
1599 769 1961 851 quemdam,
2022 786 2086 829 se
2143 769 2447 851 conferre,
2501 770 2761 851 quoide
2810 769 3141 851 adoranda
3180 768 3503 851 Trinitate,
3546 767 3809 851 aliisque

408 847 729 917 sacrarum
791 853 1140 913 litterarum
1202 850 1512 927 capitibus
1572 867 1718 911 vera
1772 849 2177 920 doceantur;
2256 850 2582 927 Patrisque
2640 850 2913 909 ﬁliorum
2980 847 3417 911 studiosissimi
3464 870 3495 903 »
3560 849 3812 908 nomine

417 958 445 993 α
492 934 816 994 doctorem
868 956 897 986 n
956 926 1361 1008 compellant.
1420 930 1569 999 Quas
1626 928 1879 1006 quidem
1939 927 2279 1006 appellatio
2337 929 2771 1000 sacerdotem,
2831 946 3099 1006 eumque
3156 926 3653 1008 tbeologicarum
3712 945 3810 987 re-

410 1034 549 1075 rum
598 1013 821 1092 peritia
862 1007 1197 1092 insignem,
1248 1010 1603 1092 significat._
1631 1014 1718 1071 Ac
1768 1028 1834 1092 re
1880 1009 2131 1087 quidem
2180 1009 2588 1092 ipsa_doctor
2634 1008 3120 1092 disputationem
3167 1008 3366 1069 altera
3412 1007 3511 1068 die
3560 1008 3813 1069 abrum-

412 1113 565 1174 pens
602 1088 763 1155 'ait:
832 1114 861 1149 οι
900 1092 1025 1169 (42)
1082 1091 1241 1174 Quia
1296 1108 1409 1153 nos
1463 1089 1869 1174 modo_rati_o
1927 1089 2228 1174 temporis
2282 1089 2360 1174 ad
2411 1090 2777 1174 peragenda
2832 1088 3151 1174 mysteria,
3209 1092 3427 1174 sancto
3480 1096 3647 1148 cmtu
3700 1106 3813 1147 nos

411 1167 832 1251 exspectante,
893 1167 1234 1247 compellit,
1282 1193 1319 1251 γ»
1399 1174 1517 1251 etc.
1556 1168 1867 1251 Quisquis
1924 1187 2073 1251 ergo
2130 1167 2248 1228 hos
2304 1168 2585 1251 dialogos
2641 1170 2905 1251 Caasario
2964 1168 3112 1231 velit
3168 1167 3499 1251 ascribere,
3564 1185 3813 1251 necesse

409 1247 628 1316 est—ut
681 1254 847 1313 idem
907 1251 1219 1313 medicum
1275 1250 1340 1313 in
1400 1248 1791 1327 theologum,
1856 1248 2376 1310 catechumenum
2427 1250 2491 1310 in
2548 1250 2964 1322 sacerdotem,
3025 1266 3188 1309 nova
3245 1254 3308 1309 et
3362 1247 3549 1326 plane
3608 1247 3811 1308 admi-

410 1334 610 1395 randa
668 1330 1182 1410 metamorphosi,
1237 1334 1635 1410 transmutet.

495 1418 653 1474 198
699 1414 772 1472 Χ.
816 1407 1079 1473 Demum
1140 1415 1361 1472 auctor
1416 1409 1811 1485 dialogorum
1870 1407 2196 1485 Origenem
2254 1407 2533 1486 appellat
2564 1407 2685 1487 (43)
2752 1431 2779 1465 ‹‹
2827 1426 3058 1470 vanum
3107 1411 3503 1485 nugatorem,
3558 1407 3816 1485 scripto-

411 1513 551 1555 rum
608 1492 1072 1569 impiissimum,
1110 1514 1137 1547 ιι
1199 1496 1261 1551 et
1307 1489 1443 1567 ejus
1490 1490 1788 1565 dogmata
1841 1511 1871 1543 «
1901 1493 2319 1569 venenataset
2366 1490 2679 1569 pestifera,
2731 1507 2872 1567 quae
2940 1487 3352 1569 simpliciores
3398 1487 3803 1569 decipiant.»

412 1576 609 1643 Itane,
666 1567 916 1644 amabo,
968 1572 1045 1633 de
1092 1569 1357 1647 Origene
1406 1569 1653 1631 locutus
1700 1568 1916 1629 fuisset
1965 1568 2243 1645 Gregorii
2300 1568 2514 1644 frater,
2569 1568 2797 1629 nedum
2850 1569 3185 1646 Gregorius
3242 1567 3396 1644 ipse,
3457 1569 3562 1644 qui
3620 1568 3809 1645 longo

416 1661 555 1731 post
628 1657 911 1729 tempore
967 1646 1249 1731 Origenis
1329 1655 1649 1731 excerpta,
1714 1668 1743 1706 ιι
1775 1647 1943 1731 velut
1989 1647 2203 1731 Basilii
2248 1666 2322 1707 ac
2376 1650 2469 1708 sui
2528 1648 2724 1731 ipsius
2772 1654 3336 1731 monumentum”
3390 1646 3472 1731 ad
3523 1648 3812 1731 Theodof

414 1726 551 1794 rum
613 1726 901 1793 mittebat
954 1726 1156 1809 (44),?
1226 1731 1361 1800 Quo
1429 1730 1691 1809 penitus
1735 1726 2119 1789 subvertitur
2174 1729 2388 1805 inepta
2438 1729 2765 1809 scriptoris
2799 1728 3139 1809 cujusdam
3187 1726 3309 1806 (45)
3350 1728 3626 1809 _opinio,
3690 1729 3816 1809 gqui

413 1812 701 1889 dialogos
756 1812 834 1871 ab
890 1806 1028 1888 ipso
1062 1806 1441 1887 'Tbeologo.’
1474 1807 1749 1889 Cessarioi
1800 1808 1987 1889 fuisse
2035 1809 2391 1885 suppositos
2446 1806 2694 1881 voluit;
2754 1808 2943 1887 idque
2998 1828 3072 1870 ex
3129 1806 3494 1886 perturbato
3540 1806 3813 1885 quodam

413 1900 475 1952 et
534 1888 869 1953 obscurato
926 1890 1131 1951 Pbotii
1162 1889 1309 1969 (46),
1370 1889 1499 1966 qui,
1561 1907 1639 1969 ne
1695 1888 2067 1969 iquuidem
2104 1889 2522 1969 somniando,
2572 1889 2892 1966 cogitavit,
2955 1895 3128 1951 textu
3188 1893 3467 1969 astruere
3523 1895 3805 1969 conatur.

320 1996 323 2001 ·
413 1976 619 2036 Unum
681 1972 990 2031 duntaxat
1046 1990 1121 2031 ex
1176 1967 1387 2030 'Pbotii
1444 1968 1625 2029 dictis
1680 1967 2028 2044 colligitur,
2085 1967 2481 2046 dialogorum
2537 1976 2898 2042 auctorem,
2960 1970 3139 2047 cujus
3198 1968 3505 2041 meminit,
3563 1968 3814 2040 Photio,

410 2052 519 2131 qui
577 2052 806 2115 saeculo
866 2068 1032 2111 nono
1090 2049 1265 2118 vixit,
1326 2067 1457 2109 esse
1514 2048 1953 2126 antiquiorem.

503 2184 593 2250 41)
626 2181 749 2238 Lib.
783 2198 801 2235 ι
833 2182 975 2237 Bibl.
1009 2183 1117 2235 PP.
1153 2180 1311 2237 1624.
1346 2184 1386 2239 t.
1422 2179 1514 2247 XI,
1544 2197 1600 2254 p.
1633 2179 1760 2233 545.
2242 2179 2331 2391 (44

507 2255 593 2323 42)
627 2255 841 2316 Quaest.
874 2253 993 2308 114.
2266 2251 2331 2303 45

509 2326 591 2391 43)
623 2326 837 2388 Quaest.
876 2325 976 2378 140
1006 2327 1063 2378 et
1094 2324 1212 2377 147.
2266 2323 2331 2375 4ίὶ

507 2255 593 2323 42)
627 2255 841 2316 Quaest.
874 2253 993 2308 114.
1544 2251 1557 2254 ⁷
2242 2251 2333 2323 (45

485 2323 591 2395 (43)
623 2326 837 2388 Quaest.
876 2325 976 2378 140
1006 2327 1063 2378 et
1094 2324 1212 2377 147.
2242 2323 2332 2391 (4ίὶ

2384 2178 2568 2252 Epist.
2600 2180 2689 2252 87.

2389 2251 2568 2327 Labb.
2601 2251 2802 2327 Ξενξρζ.
2834 2251 3056 2327 Εεεζεδςί,
3090 2255 3132 2306 ι.
3167 2251 3211 2323 Ι,
3247 2268 3302 2327 p.
3335 2251 3458 2306 217.

2385 2322 2576 2389 Phot.,
2610 2339 2659 2377 c.
2690 2322 2816 2390 2⁷10,
2852 2340 2907 2394 p.
2942 2323 3067 2377 540.

2338 2180 2355 2393 ξ

811 2555 1274 2650 ORATIO
1352 2554 1528 2651 VII
1561 2554 1663 2649 (α).
2088 2554 2144 2623 Α
2698 2577 3101 2673 ΛΟΓΟΣ
3203 2580 3298 2675 Ζ.

465 2714 726 2768 Ὲαηεὺνίδ
756 2716 811 2767 in
845 2714 1068 2768 laudem
1098 2714 1331 2786 Gaesar-ii
1354 2714 1555 2786 fratri:
1585 2714 1785 2780 oratio,
1818 2728 2009 2782 super.

508 2786 512 2789 ⁷
837 2786 1052 2839 uitibus
1076 2785 1255 2839 adhuc
1285 2785 1627 2856 parentibus.

486 2892 526 2945 Ι.
558 2889 923 2945 Existimatis
973 2891 1237 2961 fortasse,
1290 2908 1321 2946 o
1371 2891 1566 2957 amici,
1616 2894 1673 2945 et
1724 2889 1951 2954 fratres,
2000 2893 2056 2944 et

409 2982 629 3053 patres,
664 2995 777 3034 non
812 2993 871 3033 re
903 2980 1208 3048 duntaxat,
1242 2980 1342 3033 sed
1388 2979 1623 3035 nomine
1667 2995 1899 3055 quoque
1926 2979 2054 3049 ipso

410 3067 630 3137 dulces,
667 3083 758 3121 me
805 3067 1013 3140 cupide
1043 3068 1113 3121 ad
1156 3067 1469 3125 dicendum
1520 3066 1771 3139 prodire,
1806 3071 1871 3123 ut
1917 3082 2051 3125 eum

408 3156 506 3225 qui
538 3155 830 3223 discessit,
862 3155 1135 3228 lacrymis
1166 3172 1232 3212 ac
1280 3154 1536 3211 luctibus
1582 3171 1920 3227 prosequar,
1951 3161 2053 3217 aut

408 3244 645 3314 longam
676 3248 732 3299 et
762 3244 1083 3315 elegantem
1112 3244 1455 3312 orationem,
1479 3261 1596 3314 qua
1628 3243 1887 3314 plerique
1916 3260 2052 3314 gau-

408 3332 567 3401 dent,
601 3332 867 3388 habeam.
903 3334 967 3387 Et
999 3334 1231 3403 quidem
1266 3349 1386 3402 vos,
1418 3336 1699 3402 tanquam
1733 3332 1875 3387 mihi
1911 3349 2048 3388 moc-

409 3420 558 3475 roris
589 3436 653 3475 ac
684 3418 878 3475 luctus
909 3420 1049 3474 socii
1084 3420 1285 3483 futuri,
1313 3420 1720 3489 comparastis,
1746 3425 1802 3473 et
1831 3420 1887 3473 in
1923 3436 2051 3474 meo

408 3524 547 3563 casu
581 3514 800 3563 vestros
830 3525 1005 3563 casus
1031 3508 1365 3579 deploratis,
1390 3509 1437 3561 si
1470 3509 1681 3576 quibus
1712 3507 2049 3577 bujusmodi

410 3598 714 3669 quidpiam
748 3597 979 3664 accidit,
1003 3602 1055 3650 et
1090 3597 1145 3650 in
1179 3597 1347 3651 amici
1393 3596 1827 3651 calamitatibus
1857 3598 2050 3653 dolere

408 3684 790 3749 condiscatis;
825 3683 920 3738 alii
955 3699 1088 3739 vero
1112 3689 1175 3738 ut
1204 3701 1373 3738 aures
1407 3684 1680 3755 pascatis,
1707 3685 2052 3761 animosque

407 3772 731 3829 oblectetis.
762 3773 1037 3844 Oportere
1069 3772 1117 3829 si
1165 3772 1398 3845 quidem
1449 3790 1555 3833 nos
1604 3790 1673 3828 ex
1720 3772 2051 3829 calamitate

405 3878 637 3935 quoque
670 3862 799 3934 ipsa
828 3862 1241 3917 ostentationis
1284 3878 1491 3917 ansam
1542 3862 1817 3933 arripere,
1852 3864 2048 3933 Cujus-

406 3951 562 4007 modi
595 3951 889 4022 quondam
923 3956 1044 4006 erat
1068 3955 1269 4007 nostra
1299 3950 1466 4017 ratio,
1491 3967 1619 4007 cum
1652 3956 1709 4005 et
1740 3952 1799 4010 in
1831 3952 2053 4013 caeteris

402 4056 682 4110 perquam
734 4039 1149 4106 redundantes,
1201 4055 1268 4093 ac
1317 4038 1566 4095 terrenis
1614 4040 1789 4095 rebus
1836 4040 2053 4101 addicti

403 4142 692 4194 essemus,
725 4132 780 4182 et
817 4128 876 4183 in
924 4127 1298 4183 sermonibus
1345 4127 1670 4194 ambitiosi;
1704 4129 2051 4200 priusquam

404 4214 625 4270 scilicet
652 4216 723 4269 ad
758 4232 955 4271 verum
990 4222 1047 4269 et
1085 4232 1429 4285 supremum
1474 4232 1801 4272 sermonem
1852 4217 2049 4273 oculos

404 4302 872 4368 sustulissemus,
908 4304 1159 4373 Deoque,
1185 4319 1218 4356 a
1248 4319 1362 4372 quo
1403 4303 1621 4372 omnia,
1656 4305 1830 4359 rebus
1860 4306 2048 4360 omnl-

402 4394 511 4446 bus
545 4393 797 4455 donatis,
825 4397 1002 4445 Deum
1046 4408 1149 4461 pro
1181 4391 1456 4445 omnibus
1504 4393 1679 4447 rebus
1728 4395 2048 4465 accepisse-

402 4497 557 4534 mus.
586 4480 930 4549 Ne,quaeso,
960 4478 1015 4532 id
1068 4479 1139 4534 de
1189 4479 1357 4533 nobis
1407 4481 1773 4550 existimetis,
1807 4482 1855 4536 sl
1908 4482 2046 4553 quid

400 4569 585 4622 dextri
616 4567 950 4621 existimare
978 4566 1178 4622 vultis.
1202 4567 1346 4621 Nam
1380 4586 1484 4623 nec
1527 4586 1660 4624 eum
1694 4570 1795 4641 qui
1826 4571 2048 4626 disces-

398 4656 496 4719 sit,
519 4655 772 4726 amplius
806 4673 982 4727 quam
1018 4674 1121 4728 par
1151 4656 1245 4721 sit,
1272 4656 1624 4728 lugebimus,
1658 4664 1723 4717 ut
1751 4658 1851 4731 qui
1887 4677 1956 4713 ne
1986 4658 2044 4719 in

397 4744 527 4798 aliis
562 4744 799 4815 quidem
822 4744 963 4799 talia
989 4745 1232 4815 probare
1258 4744 1585 4815 soleamus;
1620 4763 1724 4803 nec
1755 4747 1813 4807 in
1838 4764 1902 4805 eo
1928 4747 2046 4802 lau-

398 4833 588 4887 dando
621 4833 862 4889 modum
896 4849 962 4889 ac
995 4833 1269 4888 decorum
1315 4835 1681 4901 excedemus,
1711 4853 2044 4909 quanquam

394 4925 648 4990 gratum,
675 4938 764 4988 ac,
798 4920 847 4976 si
879 4922 1031 4991 quod
1065 4920 1247 4989 aliud,
1274 4924 1521 4981 maxime
1557 4940 1883 4995 congruum
1914 4941 2044 4980 mu-

396 5026 508 5064 nus
551 5016 639 5065 est
682 5010 977 5081 eloquenti
1012 5010 1134 5066 viro
1166 5013 1369 5083 oratio,
1390 5018 1446 5067 et
1494 5013 1543 5069 ai
1596 5013 1697 5082 qui
1745 5029 2045 5071 sermones

464 5152 541 5221 (α)
572 5150 728 5206 Alias
754 5151 827 5219 X;
862 5169 988 5223 qua:
1022 5158 1215 5209 autem
1248 5156 1279 5205 7
1311 5159 1454 5219 erat,
1482 5170 1636 5208 nunc
1665 5153 1717 5209 9.
1745 5184 1809 5193 —
1834 5154 2043 5211 Habita

391 5227 638 5277 exeunte
671 5239 821 5276 anno
853 5225 956 5277 368
990 5225 1074 5279 vel
1114 5226 1350 5280 ineunte
1380 5226 1505 5279 369.

462 5296 569 5365 (47)
601 5294 843 5367 Ἑαυτοῦ.
881 5297 1050 5350 Deest
1080 5296 1137 5349 in
1173 5297 1348 5367 Regg.
1384 5314 1438 5358 a,
1467 5296 1563 5365 pb,
1591 5295 2035 5367 duobus_.Colb.,
2071 5262 2114 5329 α

389 5362 570 5454 ΟΡζΙ1,
602 5366 741 5434 Jes.,
775 5373 883 5421 etc.
921 5370 983 5421 ln
1037 5367 1167 5421 aliis
1222 5362 1788 5438 (ἰὲἑιιιιιξπεριόντων
1824 5362 1899 5419 ἔνι
1929 5362 2036 5422 τῶν

388 5456 592 5489 ’[ὈνΞ(ι)ν
606 5480 614 5489 .

401 5455 693 5578 (Οἶξὲῗδίιπ
726 5504 798 5560 ἐν.
835 5508 973 5578 Reg.
1010 5508 1129 5571 bm,
1160 5507 1333 5561 Coisl.
1374 5510 1419 5575 1,
1454 5507 1548 5561 Or.
1586 5511 1634 5573 l,
1665 5504 1756 5560 'lva
1788 5505 1861 5565 ἓν.

422 5575 568 5655 ⁸(49)
603 5577 827 5655 Καὶῖῆς
858 5575 1016 5655 ὕλλης.
1056 5578 1260 5655 Billius
1299 5596 1309 5633 :
1341 5602 1365 5628 ‹‹
1403 5582 1479 5655 Ac
1512 5581 1686 5655 rebus
1733 5598 1800 5635 ex
1852 5586 2034 5655 mate-

391 5649 475 5697 ria
497 5649 813 5722 concretis.
842 5670 868 5697 ››
910 5649 1259 5722 Scholiastes
1310 5651 1586 5722 antiquus
1632 5653 1901 5722 observat
1930 5653 2033 5722 by-

390 5718 690 5782 perbatum
723 5717 817 5771 hic
839 5736 987 5783 esse,
1012 5720 1060 5775 ei
1086 5722 1168 5775 sic
1191 5717 1501 5792 legendum
1529 5740 1541 5777 ;
1567 5720 1752 5775 Ἠνίκα
1781 5722 1870 5775 καὶ
1899 5717 2031 5777 τᾶλ-

2083 3906 2131 3971 Β

2168 2711 2262 2772 Εἷς
2297 2714 2579 2786 Καισάρων
2605 2712 2921 2791 τὸν-ἑαυτοξ
3093 2710 3325 2791 ἀδελφὸν
3366 2711 3669 2791 ἐπιτάφιος,
3720 2734 3814 2768 πε-

2632 2784 2856 2859 ριόντων
2886 2782 2965 2837 ἔτι
2995 2788 3100 2837 τῶν
3123 2782 3351 2858 γονίων.

2242 2896 2317 2943 Δ’.
2353 2887 2536 2943 Ο’ίεσθέ
2570 2911 2636 2963 με
2664 2890 2819 2960 ἳσως,
2854 2890 2897 2942 ὧ
2932 2890 3107 2971 φίλοι²
3139 2889 3227 2944 καὶ
3276 2887 3522 2971 ἀδελφοὶ,
3572 2887 3659 2943 καῖ
3706 2911 3809 2943 πα-

2166 2976 2334 3052 τέρες,
2383 2978 2446 3032 τὸ
2503 2977 2679 3053 γλυκὺ
2746 2977 2837 3032 καί
2895 2984 3117 3057 πρᾶγμα
3172 2979 3261 3034 καὶ
3318 2975 3511 3051 ὄνομα,
3584 2980 3812 3053 θρήνους

2167 3060 2536 3123 ἐπιϐαλοῦντα
2599 3071 2678 3138 τῷ
2733 3065 3025 3129 ἀπελθόντι
3081 3066 3169 3127 καὶ
3225 3064 3497 3144 ὀδυρμοὺς
3551 3064 3813 3145 ὑποδέχε-

2164 3156 2280 3208 σθαι
2330 3154 2629 3228 προθύμως
2674 3156 2764 3210 τὸν
2812 3153 3002 3232 λόγον,
3065 3156 3099 3224 ἢ
3165 3155 3401 3230 μακροὺς
3454 3157 3815 3214 ἀποτενοῦντα

2162 3243 2252 3297 καὶ
2298 3243 2546 3317 κομψοὺς
2603 3242 2819 3317 λόγους,
2882 3244 2963 3311 οἷς
3013 3245 3066 3299 οἱ
3113 3242 3317 3303 πολλοὶ
3354 3244 3657 3319 χαίρουσιν.
3714 3244 3811 3303 Καὶ

2164 3331 2214 3387 οἱ
2250 3332 2342 3402 μὲν
2372 3332 2445 3391 ὡς
2490 3333 2974 3403 συμπενθήσοντες,
3027 3331 3115 3386 καὶ
3164 3333 3623 3406 συνθρηνήσοντες
3676 3351 3805 3405 παρ-

2164 3419 2462 3486 εσκεύασθε,
2509 3418 2583 3472 θίν’
2631 3419 2682 3473 ἐν
2735 3422 2849 3491 (48)
2897 3424 2974 3490 τῷ
3024 3419 3140 3491 ἐμῷ
3187 3420 3342 3477 πάθει
3388 3421 3454 3474 τὰ
3503 3420 3677 3474 οἰκεῖα
3729 3417 3814 3473 δα-

2161 3507 2414 3583 κρόσητε,
2469 3508 2617 3569 ὅσοις
2644 3530 2697 3561 τι
2743 3508 2989 3562 τοιοῦτόν
3044 3508 3200 3578 ἐστιν,
3252 3509 3340 3563 καὶ
3398 3509 3692 3584 σοφίσησθε
3750 3509 3813 3561 τὸ

2164 3594 2360 3673 ἀλγοῦν
2422 3597 2473 3650 ἐν
2518 3596 2757 3674 φιλικοῖς
2805 3596 3021 3650 πάθεσιν
3057 3614 3072 3635 ·
3122 3597 3172 3650 οἱ
3236 3594 3293 3650 δὲ
3360 3597 3434 3657 ὡς
3489 3599 3587 3665 τήν
3650 3597 3814 3663 ἀκοὴν

2164 3685 2516 3754 ἐστιάσοντες,
2568 3686 2657 3738 καὶ
2706 3682 2897 3753 ἡδίους
2944 3684 3212 3761 ἐσόμενοι.
3258 3691 3462 3763 Χρῆναι
3509 3686 3609 3760 γὰρ
3664 3687 3810 3757 ἡμᾶς

2162 3771 2412 3844 ἐπίδειξιν
2445 3776 2771 3843 ποιήσασθαι
2803 3774 2891 3827 καὶ
2931 3774 3027 3841 τήν
3070 3774 3375 3851 συμφορὰν,
3433 3775 3523 3828 οἷά
3566 3794 3697 3829 ποτε
3744 3776 3807 3841 ἦν

2158 3863 2223 3917 τὰ
2280 3864 2541 3937 ἡμέτερα⁹
2589 3860 2751 3932 ἡνίκα
2789 3860 2968 3917 τᾶλλα
3017 3862 3155 3933 ἦμεν
3206 3861 3400 3925 ἱκανῶς
3440 3863 3682 3938 περιττοὶ
3722 3862 3810 3917 καὶ

2157 3954 2257 4024 τῆς
2308 3950 2446 4020 ὕλης
2493 3953 2628 4023 (49),
2682 3951 2771 4009 καὶ
2819 3951 2885 4006 τὰ
2933 3951 3053 4022 περί
3097 3949 3294 4031 λόγους
3325 3948 3650 4028 φιλότιμοι·
3682 3951 3808 4027 πρὶν

2159 4034 2459 4113 ἀναϐλέψαι
2508 4041 2643 4115 πρὸς
2695 4040 2784 4093 τὸν
2843 4037 3020 4109 ἀληθῆ
3074 4036 3235 4113 λόγον
3278 4039 3365 4093 καὶ
3408 4038 3687 4107 ἀνωτάτω,
3720 4039 3809 4093 καὶ

2158 4130 2331 4185 πάντα
2380 4126 2560 4189 δόντες
2611 4130 2722 4200 (50)
2773 4132 2907 4198 Θεῷ,
2953 4128 3079 4201 παρ’
3119 4128 3181 4185 οὗ
3210 4129 3277 4187 τὰ
3306 4128 3498 4193 πάντα,
3530 4127 3659 4183 Θεὸν
3694 4126 3810 4182 ἀντὶ

2157 4217 2371 4272 πάντων
2422 4210 2630 4273 λαϐεῖν.
2683 4213 2995 4287 Μηδαμῶς,
3033 4216 3108 4287 μὴ
3139 4220 3301 4272 τοῦτο
3326 4215 3448 4289 περὶ
3479 4218 3639 4286 ἡμῶν
3677 4216 3809 4270 ὑπο-

2158 4302 2384 4373 λάϐητε,
2445 4301 2499 4357 εἷ’
2541 4325 2593 4357 τι
2649 4299 3051 4376 ὑπολαμϐάνειν
3105 4302 3366 4376 βούλεσθε
3422 4300 3612 4373 δεξιόν.
3672 4304 3811 4359 Οῧτε

2155 4394 2256 4468 γὰρ
2288 4394 2398 4465 (51)
2446 4394 2785 4467 θρηνήσομεν
2837 4392 2927 4446 τὸν
2970 4390 3271 4454 ἀπελθόντα
3318 4392 3485 4446 πλὲον
3624 4391 3808 4452 καλῶς

2156 4479 2293 4555 ἔχει,
2329 4478 2380 4535 o'i
2406 4501 2466 4555 γε
2500 4478 2639 4553 μηδὲ
2664 4486 2767 4534 τῶν
2804 4478 2988 4534 ἄλλων
3020 4481 3086 4534 τὰ
3134 4484 3354 4535 τοιαῦτα
3399 4479 3807 4554 ἀποδεχόμεθα,

2156 4570 2279 4623 οὕτε
2324 4568 2709 4641 ἐπαινεσόμεθα
2766 4568 2903 4643 πέρα
2960 4573 3056 4623 τοῦ
3120 4568 3317 4647 μέτρου
3369 4568 3458 4622 καὶ
3503 4571 3806 4641 πρέποντος

2155 4661 2287 4731 (52),
2318 4658 2493 4712 καίτοι
2526 4679 2588 4732 γε
2620 4655 2793 4731 δῶρον
2827 4656 2983 4736 φίλον
3017 4656 3104 4710 καὶ
3149 4656 3502 4726 οἷ’κειότατον,
3554 4655 3701 4731 εἶ’περ
3751 4678 3801 4709 τι

2154 4745 2295 4807 ἄλλο
2350 4752 2428 4818 τῷ
2472 4744 2647 4821 λογίῳ
2694 4744 2880 4820 λόγος,
2916 4745 3003 4801 καὶ
3051 4750 3129 4817 τῷ
3180 4742 3541 4829 διαφερόντως
3592 4747 3801 4819 ἀγαπή-

2155 4856 2303 4895 carm
2350 4833 2475 4895 τοὺς
2526 4832 2691 4905 ἐμοὺς
2741 4831 2939 4909 λόγους
2990 4836 3023 4901 ἡ
3067 4832 3342 4911 εὐφημία·
3393 4833 3482 4893 καὶ
3535 4833 3597 4888 οὐ
3629 4832 3797 4909 δῶρον

2157 4923 2343 4997 μόνον,
2376 4921 2640 4979 ἀλλὰκαὶ
2690 4921 2857 4997 χρέος
2914 4922 3162 4981 ἁπάντων
3212 4927 3390 4998 χρεῶν
3439 4920 3802 4981 δικαιότατον.

2151 5010 2308 5069 Ἀλλ’
2359 5012 2483 5065 ’ὀσον
2536 5012 2938 5089 ἀφοσιώσασθαι
2995 5012 3085 5067 τὸν
3144 5012 3268 5086 περὶ
3316 5015 3484 5070 ταῦτα
3513 5010 3681 5084 νόμον
3714 5012 3806 5067 καὶ

2155 5154 2223 5211 λα
2251 5160 2351 5222 τῆς
2384 5152 2521 5222 ὕλης
2553 5153 2691 5227 ἦμεν
2725 5153 2988 5227 περιττοί,
3015 5160 3120 5213 etc.
3150 5177 3169 5209 ι
3199 5157 3337 5213 Cum
3372 5156 3595 5211 caeteris
3632 5158 3805 5211 rebus

2152 5229 2421 5302 terrenis,
2454 5232 2628 5302 atque
2659 5226 3012 5302 iismaxi'ne
3038 5244 3170 5302 quae
3223 5227 3481 5302 corporis
3529 5233 3689 5297 sunt,
3714 5245 3805 5302 ex-

2151 5299 2517 5363 celleremus,
2540 5298 2893 5367 dicendique
2924 5298 3089 5369 copia
3121 5305 3176 5352 et
3209 5298 3584 5353 sermonibus
3618 5300 3804 5354 ambi-

2150 5372 2283 5425 tiosi
2319 5385 2605 5429 essemus,
2632 5390 2658 5417 ››
2695 5373 2804 5423 etc.

2220 5443 2329 5526 ea
2360 5438 2567 5526 ὲέντεςλ
2604 5440 2786 5526 Inpr-
2822 5441 2873 5526 Lv
2907 5458 2995 5511 γρ·
3032 5434 3241 5526 W3.“-

2240 5514 2329 5581 51)
2364 5510 2433 5563 Γά
2477 5552 2487 5564 .
2529 5516 2697 5565 Deest
2732 5511 2789 5565 in
2822 5510 2959 5581 Reg.
2996 5511 3092 5580 ph,
3128 5511 3219 5564 Or.
3260 5511 3283 5562 1
3323 5514 3379 5564 et
3406 5510 3525 5565 Jes.

2240 5584 2329 5645 52)
2361 5530 2467 5635 Kai
2490 5580 2811 5653 πρέποντος.
2848 5582 3072 5637 Desunt
3103 5582 3159 5636 ln
3194 5583 3372 5653 Ragg.
3410 5583 3529 5652 bm,
3565 5581 3664 5652 ph,
3701 5582 3794 5638 tri-

2216 5603 2329 5653 (DZ)
2362 5603 2459 5635 [kat
2490 5603 2811 5653 πριποντος.
2848 5603 2891 5635 U

2144 5655 2256 5718 bus
2288 5655 2472 5719 Colb.,
2506 5654 2601 5709 0r.
2638 5655 2662 5708 1
2699 5659 2753 5708 et
2780 5654 2896 5709 Jes.
