  <div class='ocr_page' id='page_1' title='image "/cluster/home/n/w/nwhite01/storage/ocr_20150623/35/mdp.39015012934389/384.png"; bbox 0 0 4146 6290; ppageno 0'>
   <div class='ocr_carea' id='block_1_1' title="bbox 442 391 3860 459">
    <p class='ocr_par' dir='ltr' id='par_1_1' title="bbox 442 391 3860 459">
     <span class='ocr_line' id='line_1_1' title="bbox 442 391 3860 459; baseline 0 -2"><span class='ocrx_word' id='word_1_1' title='bbox 442 393 565 457; x_wconf 72' lang='lat'>757</span> <span class='ocrx_word' id='word_1_2' title='bbox 1248 391 1546 455; x_wconf 82' lang='lat' dir='ltr'>ORATIO</span> <span class='ocrx_word' id='word_1_3' title='bbox 1590 394 1826 455; x_wconf 82' lang='lat' dir='ltr'>Vil.-—-</span> <span class='ocrx_word' id='word_1_4' title='bbox 1854 393 1935 454; x_wconf 76' lang='grc' dir='ltr'>ΙΝ</span> <span class='ocrx_word' id='word_1_5' title='bbox 1981 394 2300 456; x_wconf 82' lang='lat' dir='ltr'>LAUDEM</span> <span class='ocrx_word' id='word_1_6' title='bbox 2348 395 2682 457; x_wconf 66' lang='lat' dir='ltr'>CJESARII</span> <span class='ocrx_word' id='word_1_7' title='bbox 2728 397 3091 459; x_wconf 83' lang='lat' dir='ltr'>FRATRIS.</span> <span class='ocrx_word' id='word_1_8' title='bbox 3740 399 3860 458; x_wconf 79' lang='lat'>758</span> 
     </span>
    </p>
   </div>
   <div class='ocr_carea' id='block_1_2' title="bbox 445 520 2068 600">
    <p class='ocr_par' dir='ltr' id='par_1_2' title="bbox 445 520 2068 600">
     <span class='ocr_line' id='line_1_2' title="bbox 445 520 2068 600; baseline -0.001 -20"><span class='ocrx_word' id='word_1_9' title='bbox 445 520 803 598; x_wconf 73' lang='grc' dir='ltr'>δακρύσαντες</span> <span class='ocrx_word' id='word_1_10' title='bbox 854 522 945 577; x_wconf 76' lang='grc' dir='ltr'>καὶ</span> <span class='ocrx_word' id='word_1_11' title='bbox 1002 522 1367 597; x_wconf 77' lang='grc' dir='ltr'>θαυμάσαντες</span> <span class='ocrx_word' id='word_1_12' title='bbox 1429 522 1579 596; x_wconf 67' lang='grc' dir='ltr'>(οὐδὲ</span> <span class='ocrx_word' id='word_1_13' title='bbox 1633 523 1733 600; x_wconf 80' lang='grc' dir='ltr'>γὰρ</span> <span class='ocrx_word' id='word_1_14' title='bbox 1780 529 1941 580; x_wconf 77' lang='grc' dir='ltr'>τοῦτο</span> <span class='ocrx_word' id='word_1_15' title='bbox 1990 521 2068 594; x_wconf 68' lang='grc' dir='ltr'>ἔξω</span> 
     </span>
    </p>
   </div>
   <div class='ocr_carea' id='block_1_3' title="bbox 2188 520 3856 600">
    <p class='ocr_par' dir='ltr' id='par_1_3' title="bbox 2207 527 3856 599">
     <span class='ocr_line' id='line_1_3' title="bbox 2207 527 3856 599; baseline 0.002 -18"><span class='ocrx_word' id='word_1_16' title='bbox 2207 543 2370 582; x_wconf 86' lang='lat' dir='ltr'>meos</span> <span class='ocrx_word' id='word_1_17' title='bbox 2393 527 2560 585; x_wconf 82' lang='lat' dir='ltr'>unice</span> <span class='ocrx_word' id='word_1_18' title='bbox 2588 528 2824 595; x_wconf 83' lang='lat' dir='ltr'>amavit,</span> <span class='ocrx_word' id='word_1_19' title='bbox 2858 529 3120 585; x_wconf 80' lang='lat' dir='ltr'>laudatio</span> <span class='ocrx_word' id='word_1_20' title='bbox 3148 547 3161 595; x_wconf 91' lang='lat'>;</span> <span class='ocrx_word' id='word_1_21' title='bbox 3186 544 3291 584; x_wconf 83' lang='lat' dir='ltr'>nec</span> <span class='ocrx_word' id='word_1_22' title='bbox 3313 546 3532 585; x_wconf 88' lang='lat' dir='ltr'>munus</span> <span class='ocrx_word' id='word_1_23' title='bbox 3554 530 3856 599; x_wconf 83' lang='lat' dir='ltr'>duntaxat,</span> 
     </span>
    </p>
   </div>
   <div class='ocr_carea' id='block_1_4' title="bbox 440 608 2068 688">
    <p class='ocr_par' dir='ltr' id='par_1_4' title="bbox 440 608 2064 688">
     <span class='ocr_line' id='line_1_4' title="bbox 440 608 2064 688; baseline -0.001 -19"><span class='ocrx_word' id='word_1_24' title='bbox 440 618 544 680; x_wconf 77' lang='grc' dir='ltr'>τῆς</span> <span class='ocrx_word' id='word_1_25' title='bbox 589 611 707 669; x_wconf 69' lang='grc' dir='ltr'>καθ’</span> <span class='ocrx_word' id='word_1_26' title='bbox 754 613 902 682; x_wconf 75' lang='grc' dir='ltr'>ἡμᾶς</span> <span class='ocrx_word' id='word_1_27' title='bbox 954 610 1315 688; x_wconf 75' lang='grc' dir='ltr'>φιλοσοφίαςο</span> <span class='ocrx_word' id='word_1_28' title='bbox 1368 614 1567 684; x_wconf 76' lang='grc' dir='ltr'>Ννήμη</span> <span class='ocrx_word' id='word_1_29' title='bbox 1616 633 1675 666; x_wconf 82' lang='grc' dir='ltr'>τε</span> <span class='ocrx_word' id='word_1_30' title='bbox 1719 613 1820 688; x_wconf 73' lang='grc' dir='ltr'>γὰρ</span> <span class='ocrx_word' id='word_1_31' title='bbox 1871 608 2064 669; x_wconf 83' lang='grc' dir='ltr'>δικαίω</span> 
     </span>
    </p>
   </div>
   <div class='ocr_carea' id='block_1_5' title="bbox 2188 608 3854 688">
    <p class='ocr_par' dir='ltr' id='par_1_5' title="bbox 2208 616 3854 688">
     <span class='ocr_line' id='line_1_5' title="bbox 2208 616 3854 688; baseline 0.002 -20"><span class='ocrx_word' id='word_1_32' title='bbox 2208 616 2305 669; x_wconf 90' lang='lat' dir='ltr'>sed</span> <span class='ocrx_word' id='word_1_33' title='bbox 2323 617 2496 671; x_wconf 85' lang='lat' dir='ltr'>etiam</span> <span class='ocrx_word' id='word_1_34' title='bbox 2523 618 2784 672; x_wconf 89' lang='lat' dir='ltr'>debitum</span> <span class='ocrx_word' id='word_1_35' title='bbox 2802 619 3066 672; x_wconf 91' lang='lat' dir='ltr'>omnium</span> <span class='ocrx_word' id='word_1_36' title='bbox 3089 619 3854 688; x_wconf 83' lang='lat' dir='ltr'>debitorumjustissimum.</span> 
     </span>
    </p>
   </div>
   <div class='ocr_carea' id='block_1_6' title="bbox 448 698 2068 779">
    <p class='ocr_par' dir='ltr' id='par_1_6' title="bbox 448 698 2068 779">
     <span class='ocr_line' id='line_1_6' title="bbox 448 698 2068 779; baseline -0.001 -22"><span class='ocrx_word' id='word_1_37' title='bbox 448 700 563 773; x_wconf 80' lang='grc' dir='ltr'>μετ’</span> <span class='ocrx_word' id='word_1_38' title='bbox 621 698 928 775; x_wconf 71' lang='grc' dir='ltr'>ἐγκωμίων·</span> <span class='ocrx_word' id='word_1_39' title='bbox 988 700 1077 756; x_wconf 79' lang='grc' dir='ltr'>καὶ</span> <span class='ocrx_word' id='word_1_40' title='bbox 1106 745 1119 770; x_wconf 95' lang='grc'>,</span> <span class='ocrx_word' id='word_1_41' title='bbox 1182 701 1305 759; x_wconf 84' lang='grc' dir='ltr'>Ἐπὶ</span> <span class='ocrx_word' id='word_1_42' title='bbox 1356 706 1550 776; x_wconf 81' lang='grc' dir='ltr'>νεκρῷ,</span> <span class='ocrx_word' id='word_1_43' title='bbox 1607 702 1776 779; x_wconf 76' lang='grc' dir='ltr'>φησὶ,</span> <span class='ocrx_word' id='word_1_44' title='bbox 1830 704 2068 778; x_wconf 80' lang='grc' dir='ltr'>κατάγαγ</span> 
     </span>
    </p>
   </div>
   <div class='ocr_carea' id='block_1_7' title="bbox 2188 698 3857 779">
    <p class='ocr_par' dir='ltr' id='par_1_7' title="bbox 2206 704 3857 779">
     <span class='ocr_line' id='line_1_7' title="bbox 2206 704 3857 779; baseline 0.004 -24"><span class='ocrx_word' id='word_1_45' title='bbox 2206 704 2418 759; x_wconf 91' lang='lat' dir='ltr'>Verum</span> <span class='ocrx_word' id='word_1_46' title='bbox 2452 722 2583 761; x_wconf 89' lang='lat' dir='ltr'>cum</span> <span class='ocrx_word' id='word_1_47' title='bbox 2621 706 2901 761; x_wconf 89' lang='lat' dir='ltr'>hactenus</span> <span class='ocrx_word' id='word_1_48' title='bbox 2933 708 3121 777; x_wconf 91' lang='lat' dir='ltr'>ipsum</span> <span class='ocrx_word' id='word_1_49' title='bbox 3157 707 3431 779; x_wconf 85' lang='lat' dir='ltr'>lacrymis</span> <span class='ocrx_word' id='word_1_50' title='bbox 3480 712 3535 761; x_wconf 92' lang='lat' dir='ltr'>et</span> <span class='ocrx_word' id='word_1_51' title='bbox 3581 707 3857 762; x_wconf 82' lang='lat' dir='ltr'>laudibus</span> 
     </span>
    </p>
   </div>
   <div class='ocr_carea' id='block_1_8' title="bbox 445 786 2068 867">
    <p class='ocr_par' dir='ltr' id='par_1_8' title="bbox 445 786 2046 866">
     <span class='ocr_line' id='line_1_8' title="bbox 445 786 2046 866; baseline -0.001 -20"><span class='ocrx_word' id='word_1_52' title='bbox 445 786 669 864; x_wconf 71' lang='grc' dir='ltr'>δάκρυα,</span> <span class='ocrx_word' id='word_1_53' title='bbox 727 787 820 846; x_wconf 75' lang='grc' dir='ltr'>καὶ</span> <span class='ocrx_word' id='word_1_54' title='bbox 890 789 965 850; x_wconf 81' lang='grc' dir='ltr'>ὡς</span> <span class='ocrx_word' id='word_1_55' title='bbox 1036 787 1184 846; x_wconf 77' lang='grc' dir='ltr'>δεινὰ</span> <span class='ocrx_word' id='word_1_56' title='bbox 1259 791 1487 865; x_wconf 82' lang='grc' dir='ltr'>πάσχων</span> <span class='ocrx_word' id='word_1_57' title='bbox 1565 789 1773 865; x_wconf 62' lang='grc' dir='ltr'>ἕναρξαι</span> <span class='ocrx_word' id='word_1_58' title='bbox 1844 793 2046 866; x_wconf 78' lang='grc' dir='ltr'>Θρήνου</span> 
     </span>
    </p>
   </div>
   <div class='ocr_carea' id='block_1_9' title="bbox 2188 786 3854 867">
    <p class='ocr_par' dir='ltr' id='par_1_9' title="bbox 2205 795 3854 867">
     <span class='ocr_line' id='line_1_9' title="bbox 2205 795 3854 867; baseline 0.001 -20"><span class='ocrx_word' id='word_1_59' title='bbox 2205 796 2492 863; x_wconf 77' lang='lat' dir='ltr'>prosecuti</span> <span class='ocrx_word' id='word_1_60' title='bbox 2519 796 2825 865; x_wconf 82' lang='lat' dir='ltr'>fuerimus,</span> <span class='ocrx_word' id='word_1_61' title='bbox 2861 801 2923 849; x_wconf 91' lang='lat' dir='ltr'>ut</span> <span class='ocrx_word' id='word_1_62' title='bbox 2947 812 3015 850; x_wconf 90' lang='lat' dir='ltr'>ne</span> <span class='ocrx_word' id='word_1_63' title='bbox 3048 795 3232 867; x_wconf 87' lang='lat' dir='ltr'>legem</span> <span class='ocrx_word' id='word_1_64' title='bbox 3266 797 3418 851; x_wconf 79' lang='lat' dir='ltr'>I99</span> <span class='ocrx_word' id='word_1_65' title='bbox 3454 814 3602 859; x_wconf 86' lang='lat' dir='ltr'>eam,</span> <span class='ocrx_word' id='word_1_66' title='bbox 3638 813 3763 867; x_wconf 72' lang='lat' dir='ltr'>qna:</span> <span class='ocrx_word' id='word_1_67' title='bbox 3795 796 3854 849; x_wconf 91' lang='lat' dir='ltr'>in</span> 
     </span>
    </p>
   </div>
   <div class='ocr_carea' id='block_1_10' title="bbox 444 874 2068 955">
    <p class='ocr_par' dir='ltr' id='par_1_10' title="bbox 444 874 2068 955">
     <span class='ocr_line' id='line_1_10' title="bbox 444 874 2068 955; baseline -0.001 -21"><span class='ocrx_word' id='word_1_68' title='bbox 444 876 559 936; x_wconf 64' lang='grc' dir='ltr'>ἴσον</span> <span class='ocrx_word' id='word_1_69' title='bbox 609 880 724 952; x_wconf 83' lang='grc'>(53)</span> <span class='ocrx_word' id='word_1_70' title='bbox 777 874 1115 952; x_wconf 74' lang='grc' dir='ltr'>ἀναλγησίας</span> <span class='ocrx_word' id='word_1_71' title='bbox 1164 880 1423 955; x_wconf 84' lang='grc' dir='ltr'>χωρίζων</span> <span class='ocrx_word' id='word_1_72' title='bbox 1466 881 1617 951; x_wconf 79' lang='grc' dir='ltr'>ἡμᾶς</span> <span class='ocrx_word' id='word_1_73' title='bbox 1663 879 1751 934; x_wconf 72' lang='grc' dir='ltr'>καί</span> <span class='ocrx_word' id='word_1_74' title='bbox 1792 879 2068 955; x_wconf 81' lang='grc' dir='ltr'>ἀμετρίας)</span> 
     </span>
    </p>
   </div>
   <div class='ocr_carea' id='block_1_11' title="bbox 2188 874 3854 955">
    <p class='ocr_par' dir='ltr' id='par_1_11' title="bbox 2205 880 3854 955">
     <span class='ocr_line' id='line_1_11' title="bbox 2205 880 3854 955; baseline 0.002 -20"><span class='ocrx_word' id='word_1_75' title='bbox 2205 880 2547 952; x_wconf 87' lang='lat' dir='ltr'>hujusmodi</span> <span class='ocrx_word' id='word_1_76' title='bbox 2576 885 2751 939; x_wconf 81' lang='lat' dir='ltr'>rebus</span> <span class='ocrx_word' id='word_1_77' title='bbox 2798 884 2971 955; x_wconf 83' lang='lat' dir='ltr'>viget,</span> <span class='ocrx_word' id='word_1_78' title='bbox 3005 884 3332 955; x_wconf 82' lang='lat' dir='ltr'>neglexisse</span> <span class='ocrx_word' id='word_1_79' title='bbox 3386 886 3689 940; x_wconf 85' lang='lat' dir='ltr'>videamur</span> <span class='ocrx_word' id='word_1_80' title='bbox 3727 889 3854 951; x_wconf 84' lang='lat' dir='ltr'>(ne-</span> 
     </span>
    </p>
   </div>
   <div class='ocr_carea' id='block_1_12' title="bbox 441 964 2068 1047">
    <p class='ocr_par' dir='ltr' id='par_1_12' title="bbox 441 964 2068 1047">
     <span class='ocr_line' id='line_1_12' title="bbox 441 964 2068 1047; baseline 0.002 -27"><span class='ocrx_word' id='word_1_81' title='bbox 441 970 504 1025; x_wconf 75' lang='grc' dir='ltr'>τὸ</span> <span class='ocrx_word' id='word_1_82' title='bbox 552 970 685 1039; x_wconf 76' lang='grc' dir='ltr'>μετὰ</span> <span class='ocrx_word' id='word_1_83' title='bbox 729 972 891 1023; x_wconf 77' lang='grc' dir='ltr'>τοῦτο</span> <span class='ocrx_word' id='word_1_84' title='bbox 938 964 1049 1036; x_wconf 64' lang='grc' dir='ltr'>ἤδη</span> <span class='ocrx_word' id='word_1_85' title='bbox 1099 975 1197 1037; x_wconf 79' lang='grc' dir='ltr'>τῆς</span> <span class='ocrx_word' id='word_1_86' title='bbox 1241 989 1300 1023; x_wconf 72' lang='grc' dir='ltr'>τε</span> <span class='ocrx_word' id='word_1_87' title='bbox 1347 968 1689 1043; x_wconf 81' lang='grc' dir='ltr'>ἀνθρωπίνης</span> <span class='ocrx_word' id='word_1_88' title='bbox 1738 968 1945 1047; x_wconf 65' lang='grc' dir='ltr'>φύσεως</span> <span class='ocrx_word' id='word_1_89' title='bbox 1990 970 2068 1037; x_wconf 72' lang='grc' dir='ltr'>τὴι</span> 
     </span>
    </p>
   </div>
   <div class='ocr_carea' id='block_1_13' title="bbox 2188 964 3847 1047">
    <p class='ocr_par' dir='ltr' id='par_1_13' title="bbox 2201 972 3847 1045">
     <span class='ocr_line' id='line_1_13' title="bbox 2201 972 3847 1045; baseline 0.002 -21"><span class='ocrx_word' id='word_1_90' title='bbox 2201 986 2315 1040; x_wconf 90' lang='lat' dir='ltr'>que</span> <span class='ocrx_word' id='word_1_91' title='bbox 2344 972 2496 1026; x_wconf 89' lang='lat' dir='ltr'>enim</span> <span class='ocrx_word' id='word_1_92' title='bbox 2526 972 2635 1027; x_wconf 89' lang='lat' dir='ltr'>hoc</span> <span class='ocrx_word' id='word_1_93' title='bbox 2693 990 2727 1027; x_wconf 91' lang='lat' dir='ltr'>a</span> <span class='ocrx_word' id='word_1_94' title='bbox 2783 979 2983 1028; x_wconf 90' lang='lat' dir='ltr'>nostra</span> <span class='ocrx_word' id='word_1_95' title='bbox 3028 972 3397 1045; x_wconf 88' lang='lat' dir='ltr'>philosophia</span> <span class='ocrx_word' id='word_1_96' title='bbox 3435 978 3524 1029; x_wconf 89' lang='lat' dir='ltr'>est</span> <span class='ocrx_word' id='word_1_97' title='bbox 3553 973 3807 1029; x_wconf 84' lang='lat' dir='ltr'>alienum</span> <span class='ocrx_word' id='word_1_98' title='bbox 3836 990 3847 1028; x_wconf 94' lang='lat'>:</span> 
     </span>
    </p>
   </div>
   <div class='ocr_carea' id='block_1_14' title="bbox 441 1053 2068 1134">
    <p class='ocr_par' dir='ltr' id='par_1_14' title="bbox 441 1053 2068 1132">
     <span class='ocr_line' id='line_1_14' title="bbox 441 1053 2068 1132; baseline -0.002 -19"><span class='ocrx_word' id='word_1_99' title='bbox 441 1056 715 1119; x_wconf 69' lang='grc' dir='ltr'>ἀσθένειαν</span> <span class='ocrx_word' id='word_1_100' title='bbox 749 1053 1112 1129; x_wconf 75' lang='grc' dir='ltr'>ἰπιδιίεομεν,</span> <span class='ocrx_word' id='word_1_101' title='bbox 1160 1056 1250 1112; x_wconf 74' lang='grc' dir='ltr'>καὶ</span> <span class='ocrx_word' id='word_1_102' title='bbox 1296 1062 1394 1113; x_wconf 79' lang='grc' dir='ltr'>τοῦ</span> <span class='ocrx_word' id='word_1_103' title='bbox 1419 1065 1523 1127; x_wconf 79' lang='grc' dir='ltr'>τῆς</span> <span class='ocrx_word' id='word_1_104' title='bbox 1564 1061 1750 1132; x_wconf 79' lang='grc' dir='ltr'>ψυχῆς</span> <span class='ocrx_word' id='word_1_105' title='bbox 1780 1057 2068 1130; x_wconf 64' lang='grc' dir='ltr'>ἀξιώματος</span> 
     </span>
    </p>
   </div>
   <div class='ocr_carea' id='block_1_15' title="bbox 2188 1053 3849 1134">
    <p class='ocr_par' dir='ltr' id='par_1_15' title="bbox 2200 1062 3849 1134">
     <span class='ocr_line' id='line_1_15' title="bbox 2200 1062 3849 1134; baseline 0.002 -20"><span class='ocrx_word' id='word_1_106' title='bbox 2200 1063 2475 1115; x_wconf 80' lang='lat' dir='ltr'>Memoria</span> <span class='ocrx_word' id='word_1_107' title='bbox 2524 1062 2739 1132; x_wconf 88' lang='lat' dir='ltr'>quippe</span> <span class='ocrx_word' id='word_1_108' title='bbox 2780 1066 3088 1132; x_wconf 73' lang='lat' dir='ltr'>justorum,</span> <span class='ocrx_word' id='word_1_109' title='bbox 3119 1063 3313 1134; x_wconf 88' lang='lat' dir='ltr'>inquit</span> <span class='ocrx_word' id='word_1_110' title='bbox 3359 1062 3476 1129; x_wconf 89' lang='lat' dir='ltr'>ille,</span> <span class='ocrx_word' id='word_1_111' title='bbox 3515 1080 3641 1118; x_wconf 86' lang='lat' dir='ltr'>cum</span> <span class='ocrx_word' id='word_1_112' title='bbox 3670 1062 3849 1118; x_wconf 79' lang='lat' dir='ltr'>laudi-</span> 
     </span>
    </p>
   </div>
   <div class='ocr_carea' id='block_1_16' title="bbox 444 1144 2068 1223">
    <p class='ocr_par' dir='ltr' id='par_1_16' title="bbox 444 1144 2067 1223">
     <span class='ocr_line' id='line_1_16' title="bbox 444 1144 2067 1223; baseline -0.002 -20"><span class='ocrx_word' id='word_1_113' title='bbox 444 1145 834 1218; x_wconf 70' lang='grc' dir='ltr'>ὑπομνήσομιν</span> <span class='ocrx_word' id='word_1_114' title='bbox 868 1190 884 1215; x_wconf 94' lang='grc'>,</span> <span class='ocrx_word' id='word_1_115' title='bbox 938 1144 1030 1202; x_wconf 67' lang='grc' dir='ltr'>καὶ</span> <span class='ocrx_word' id='word_1_116' title='bbox 1080 1146 1182 1214; x_wconf 74' lang='grc' dir='ltr'>τὴν</span> <span class='ocrx_word' id='word_1_117' title='bbox 1261 1145 1625 1223; x_wconf 69' lang='grc' dir='ltr'>ὀφειλομένην</span> <span class='ocrx_word' id='word_1_118' title='bbox 1675 1151 1789 1207; x_wconf 79' lang='grc' dir='ltr'>τοῖς</span> <span class='ocrx_word' id='word_1_119' title='bbox 1857 1146 2067 1220; x_wconf 81' lang='grc' dir='ltr'>ἀλγοῦσ</span> 
     </span>
    </p>
   </div>
   <div class='ocr_carea' id='block_1_17' title="bbox 2188 1144 3850 1223">
    <p class='ocr_par' dir='ltr' id='par_1_17' title="bbox 2200 1148 3850 1222">
     <span class='ocr_line' id='line_1_17' title="bbox 2200 1148 3850 1222; baseline 0.004 -22"><span class='ocrx_word' id='word_1_120' title='bbox 2200 1148 2297 1202; x_wconf 70' lang='lat' dir='ltr'>bu:</span> <span class='ocrx_word' id='word_1_121' title='bbox 2326 1149 2407 1215; x_wconf 80' lang='grc'>⁸²;</span> <span class='ocrx_word' id='word_1_122' title='bbox 2444 1154 2522 1214; x_wconf 90' lang='lat' dir='ltr'>et,</span> <span class='ocrx_word' id='word_1_123' title='bbox 2558 1149 2733 1219; x_wconf 84' lang='lat' dir='ltr'>Super</span> <span class='ocrx_word' id='word_1_124' title='bbox 2760 1154 3040 1204; x_wconf 82' lang='lat' dir='ltr'>mortuum</span> <span class='ocrx_word' id='word_1_125' title='bbox 3085 1152 3262 1221; x_wconf 86' lang='lat' dir='ltr'>plora,</span> <span class='ocrx_word' id='word_1_126' title='bbox 3296 1156 3350 1205; x_wconf 78' lang='lat' dir='ltr'>et</span> <span class='ocrx_word' id='word_1_127' title='bbox 3379 1153 3539 1221; x_wconf 76' lang='lat' dir='ltr'>quasi</span> <span class='ocrx_word' id='word_1_128' title='bbox 3567 1151 3690 1206; x_wconf 76' lang='lat' dir='ltr'>dira</span> <span class='ocrx_word' id='word_1_129' title='bbox 3717 1168 3850 1222; x_wconf 68' lang='lat' dir='ltr'>pas-</span> 
     </span>
    </p>
   </div>
   <div class='ocr_carea' id='block_1_18' title="bbox 441 1231 2068 1310">
    <p class='ocr_par' dir='ltr' id='par_1_18' title="bbox 441 1231 2068 1308">
     <span class='ocr_line' id='line_1_18' title="bbox 441 1231 2068 1308; baseline -0.002 -17"><span class='ocrx_word' id='word_1_130' title='bbox 441 1231 785 1308; x_wconf 70' lang='grc' dir='ltr'>παράκλησιν</span> <span class='ocrx_word' id='word_1_131' title='bbox 838 1231 1175 1307; x_wconf 72' lang='grc' dir='ltr'>ἆπιθήσομεν</span> <span class='ocrx_word' id='word_1_132' title='bbox 1233 1237 1369 1307; x_wconf 77' lang='grc'>(54),</span> <span class='ocrx_word' id='word_1_133' title='bbox 1430 1236 1517 1289; x_wconf 77' lang='grc' dir='ltr'>καὶ</span> <span class='ocrx_word' id='word_1_134' title='bbox 1572 1236 1944 1307; x_wconf 77' lang='grc' dir='ltr'>μεταθήσομεν</span> <span class='ocrx_word' id='word_1_135' title='bbox 1984 1235 2068 1302; x_wconf 63' lang='grc' dir='ltr'><strong>τήε</strong></span> 
     </span>
    </p>
   </div>
   <div class='ocr_carea' id='block_1_19' title="bbox 2188 1231 3849 1310">
    <p class='ocr_par' dir='ltr' id='par_1_19' title="bbox 2194 1239 3849 1310">
     <span class='ocr_line' id='line_1_19' title="bbox 2194 1239 3849 1310; baseline 0.004 -21"><span class='ocrx_word' id='word_1_136' title='bbox 2194 1252 2283 1289; x_wconf 76' lang='lat' dir='ltr'>sus</span> <span class='ocrx_word' id='word_1_137' title='bbox 2331 1239 2509 1307; x_wconf 66' lang='lat' dir='ltr'>incipe</span> <span class='ocrx_word' id='word_1_138' title='bbox 2535 1240 2755 1309; x_wconf 81' lang='lat' dir='ltr'>plorare</span> <span class='ocrx_word' id='word_1_139' title='bbox 2774 1240 2821 1274; x_wconf 76' lang='grc'><strong>⁸³</strong></span> <span class='ocrx_word' id='word_1_140' title='bbox 2848 1257 2859 1304; x_wconf 93' lang='grc'>;</span> <span class='ocrx_word' id='word_1_141' title='bbox 2894 1255 3055 1310; x_wconf 71' lang='lat' dir='ltr'>aeque</span> <span class='ocrx_word' id='word_1_142' title='bbox 3085 1240 3302 1295; x_wconf 84' lang='lat' dir='ltr'>scilicet</span> <span class='ocrx_word' id='word_1_143' title='bbox 3335 1258 3442 1295; x_wconf 91' lang='lat' dir='ltr'>nos</span> <span class='ocrx_word' id='word_1_144' title='bbox 3472 1244 3529 1295; x_wconf 91' lang='lat' dir='ltr'>et</span> <span class='ocrx_word' id='word_1_145' title='bbox 3578 1240 3650 1295; x_wconf 89' lang='lat' dir='ltr'>ab</span> <span class='ocrx_word' id='word_1_146' title='bbox 3681 1240 3849 1295; x_wconf 91' lang='lat' dir='ltr'>indo-</span> 
     </span>
    </p>
   </div>
   <div class='ocr_carea' id='block_1_20' title="bbox 446 1321 2068 1401">
    <p class='ocr_par' dir='ltr' id='par_1_20' title="bbox 446 1321 2068 1399">
     <span class='ocr_line' id='line_1_20' title="bbox 446 1321 2068 1399; baseline -0.002 -19"><span class='ocrx_word' id='word_1_147' title='bbox 446 1321 622 1392; x_wconf 76' lang='grc' dir='ltr'>λύπην</span> <span class='ocrx_word' id='word_1_148' title='bbox 669 1321 775 1380; x_wconf 75' lang='grc' dir='ltr'>ἀπὸ</span> <span class='ocrx_word' id='word_1_149' title='bbox 819 1328 922 1391; x_wconf 80' lang='grc' dir='ltr'>τῆς</span> <span class='ocrx_word' id='word_1_150' title='bbox 972 1324 1168 1397; x_wconf 68' lang='grc' dir='ltr'>σαρκὸς</span> <span class='ocrx_word' id='word_1_151' title='bbox 1211 1323 1302 1379; x_wconf 78' lang='grc' dir='ltr'>καὶ</span> <span class='ocrx_word' id='word_1_152' title='bbox 1344 1328 1454 1379; x_wconf 78' lang='grc' dir='ltr'>τῶν</span> <span class='ocrx_word' id='word_1_153' title='bbox 1495 1323 1836 1399; x_wconf 79' lang='grc' dir='ltr'>προσκαίρων</span> <span class='ocrx_word' id='word_1_154' title='bbox 1888 1322 1976 1377; x_wconf 77' lang='grc' dir='ltr'>ἐπὶ</span> <span class='ocrx_word' id='word_1_155' title='bbox 2018 1324 2068 1377; x_wconf 79' lang='grc' dir='ltr'>τὲ</span> 
     </span>
    </p>
   </div>
   <div class='ocr_carea' id='block_1_21' title="bbox 2188 1321 3848 1401">
    <p class='ocr_par' dir='ltr' id='par_1_21' title="bbox 2194 1324 3848 1401">
     <span class='ocr_line' id='line_1_21' title="bbox 2194 1324 3848 1401; baseline 0.003 -23"><span class='ocrx_word' id='word_1_156' title='bbox 2194 1324 2391 1391; x_wconf 89' lang='lat' dir='ltr'>lentia,</span> <span class='ocrx_word' id='word_1_157' title='bbox 2433 1328 2589 1381; x_wconf 87' lang='lat' dir='ltr'>etab</span> <span class='ocrx_word' id='word_1_158' title='bbox 2640 1328 2950 1383; x_wconf 89' lang='lat' dir='ltr'>immodico</span> <span class='ocrx_word' id='word_1_159' title='bbox 3000 1328 3161 1382; x_wconf 89' lang='lat' dir='ltr'>luctu</span> <span class='ocrx_word' id='word_1_160' title='bbox 3219 1328 3610 1401; x_wconf 83' lang='lat' dir='ltr'>disjungeus),</span> <span class='ocrx_word' id='word_1_161' title='bbox 3643 1332 3848 1401; x_wconf 88' lang='lat' dir='ltr'>postea</span> 
     </span>
    </p>
   </div>
   <div class='ocr_carea' id='block_1_22' title="bbox 442 1408 2068 1485">
    <p class='ocr_par' dir='ltr' id='par_1_22' title="bbox 442 1408 1093 1483">
     <span class='ocr_line' id='line_1_22' title="bbox 442 1408 1093 1483; baseline 0.002 -17"><span class='ocrx_word' id='word_1_162' title='bbox 442 1412 777 1483; x_wconf 75' lang='grc' dir='ltr'>πνευματικά</span> <span class='ocrx_word' id='word_1_163' title='bbox 803 1410 893 1467; x_wconf 78' lang='grc' dir='ltr'>καὶ</span> <span class='ocrx_word' id='word_1_164' title='bbox 925 1408 1093 1471; x_wconf 47' lang='lat' dir='ltr'>didm.</span> 
     </span>
    </p>
   </div>
   <div class='ocr_carea' id='block_1_23' title="bbox 2188 1408 3847 1485">
    <p class='ocr_par' dir='ltr' id='par_1_23' title="bbox 2193 1414 3847 1485">
     <span class='ocr_line' id='line_1_23' title="bbox 2193 1414 3847 1485; baseline 0.003 -18"><span class='ocrx_word' id='word_1_165' title='bbox 2193 1418 2250 1467; x_wconf 88' lang='lat' dir='ltr'>et</span> <span class='ocrx_word' id='word_1_166' title='bbox 2282 1414 2555 1471; x_wconf 70' lang='lat' dir='ltr'>humanas</span> <span class='ocrx_word' id='word_1_167' title='bbox 2587 1420 2808 1470; x_wconf 69' lang='lat' dir='ltr'>naturae</span> <span class='ocrx_word' id='word_1_168' title='bbox 2854 1417 3314 1472; x_wconf 87' lang='lat' dir='ltr'>imbecillitatem</span> <span class='ocrx_word' id='word_1_169' title='bbox 3361 1418 3758 1485; x_wconf 81' lang='lat' dir='ltr'>ostendemus,</span> <span class='ocrx_word' id='word_1_170' title='bbox 3788 1420 3847 1472; x_wconf 91' lang='lat' dir='ltr'>et</span> 
     </span>
    </p>
   </div>
   <div class='ocr_carea' id='block_1_24' title="bbox 439 1500 3843 1575">
    <p class='ocr_par' dir='ltr' id='par_1_24' title="bbox 439 1500 3843 1575">
     <span class='ocr_line' id='line_1_24' title="bbox 439 1500 3843 1575; baseline 0 -15"><span class='ocrx_word' id='word_1_171' title='bbox 439 1500 648 1561; x_wconf 69' lang='lat' dir='ltr'>anime</span> <span class='ocrx_word' id='word_1_172' title='bbox 679 1501 1025 1571; x_wconf 75' lang='lat' dir='ltr'>dignitatem</span> <span class='ocrx_word' id='word_1_173' title='bbox 1056 1501 1221 1561; x_wconf 86' lang='lat' dir='ltr'>vobis</span> <span class='ocrx_word' id='word_1_174' title='bbox 1258 1500 1319 1556; x_wconf 90' lang='lat' dir='ltr'>in</span> <span class='ocrx_word' id='word_1_175' title='bbox 1348 1505 1607 1559; x_wconf 82' lang='lat' dir='ltr'>mentem</span> <span class='ocrx_word' id='word_1_176' title='bbox 1657 1502 2081 1568; x_wconf 86' lang='lat' dir='ltr'>revocabimus,</span> <span class='ocrx_word' id='word_1_177' title='bbox 2116 1506 2174 1556; x_wconf 90' lang='lat' dir='ltr'>et</span> <span class='ocrx_word' id='word_1_178' title='bbox 2205 1504 2463 1558; x_wconf 86' lang='lat' dir='ltr'>debitam</span> <span class='ocrx_word' id='word_1_179' title='bbox 2497 1505 2591 1569; x_wconf 90' lang='lat' dir='ltr'>iis,</span> <span class='ocrx_word' id='word_1_180' title='bbox 2626 1505 2723 1575; x_wconf 90' lang='lat' dir='ltr'>qui</span> <span class='ocrx_word' id='word_1_181' title='bbox 2758 1505 2815 1558; x_wconf 88' lang='lat' dir='ltr'>in</span> <span class='ocrx_word' id='word_1_182' title='bbox 2875 1506 3073 1561; x_wconf 89' lang='lat' dir='ltr'>dolore</span> <span class='ocrx_word' id='word_1_183' title='bbox 3129 1512 3459 1571; x_wconf 87' lang='lat' dir='ltr'>versantur,</span> <span class='ocrx_word' id='word_1_184' title='bbox 3492 1505 3843 1562; x_wconf 83' lang='lat' dir='ltr'>consolatio-</span> 
     </span>
    </p>
   </div>
   <div class='ocr_carea' id='block_1_25' title="bbox 438 1589 3518 1663">
    <p class='ocr_par' dir='ltr' id='par_1_25' title="bbox 438 1589 3518 1663">
     <span class='ocr_line' id='line_1_25' title="bbox 438 1589 3518 1663; baseline 0 -16"><span class='ocrx_word' id='word_1_185' title='bbox 438 1604 571 1648; x_wconf 85' lang='lat' dir='ltr'>nem</span> <span class='ocrx_word' id='word_1_186' title='bbox 604 1589 999 1661; x_wconf 84' lang='lat' dir='ltr'>imponemus,</span> <span class='ocrx_word' id='word_1_187' title='bbox 1032 1593 1089 1648; x_wconf 86' lang='lat' dir='ltr'>et</span> <span class='ocrx_word' id='word_1_188' title='bbox 1118 1606 1425 1647; x_wconf 64' lang='lat' dir='ltr'>mererem</span> <span class='ocrx_word' id='word_1_189' title='bbox 1458 1608 1491 1645; x_wconf 89' lang='lat' dir='ltr'>a</span> <span class='ocrx_word' id='word_1_190' title='bbox 1520 1606 1694 1646; x_wconf 85' lang='lat' dir='ltr'>carne</span> <span class='ocrx_word' id='word_1_191' title='bbox 1724 1606 1790 1647; x_wconf 90' lang='lat' dir='ltr'>ae</span> <span class='ocrx_word' id='word_1_192' title='bbox 1821 1590 1993 1647; x_wconf 84' lang='lat' dir='ltr'>rebus</span> <span class='ocrx_word' id='word_1_193' title='bbox 2024 1591 2260 1647; x_wconf 81' lang='lat' dir='ltr'>caducis</span> <span class='ocrx_word' id='word_1_194' title='bbox 2293 1593 2363 1646; x_wconf 87' lang='lat' dir='ltr'>ad</span> <span class='ocrx_word' id='word_1_195' title='bbox 2398 1593 2725 1663; x_wconf 84' lang='lat' dir='ltr'>spiritualia</span> <span class='ocrx_word' id='word_1_196' title='bbox 2752 1601 2803 1648; x_wconf 90' lang='lat' dir='ltr'>et</span> <span class='ocrx_word' id='word_1_197' title='bbox 2838 1599 3051 1649; x_wconf 80' lang='lat' dir='ltr'>aeterna</span> <span class='ocrx_word' id='word_1_198' title='bbox 3081 1595 3518 1650; x_wconf 84' lang='lat' dir='ltr'>transferemus.</span> 
     </span>
    </p>
   </div>
   <div class='ocr_carea' id='block_1_26' title="bbox 510 1674 2068 1754">
    <p class='ocr_par' dir='ltr' id='par_1_26' title="bbox 510 1674 2061 1752">
     <span class='ocr_line' id='line_1_26' title="bbox 510 1674 2061 1752; baseline -0.003 -17"><span class='ocrx_word' id='word_1_199' title='bbox 510 1676 586 1735; x_wconf 77' lang='lat' dir='ltr'>B&#39;.</span> <span class='ocrx_word' id='word_1_200' title='bbox 648 1676 915 1751; x_wconf 62' lang='grc' dir='ltr'>Καισαρίῳ</span> <span class='ocrx_word' id='word_1_201' title='bbox 972 1677 1199 1752; x_wconf 73' lang='grc' dir='ltr'>πατέρες</span> <span class='ocrx_word' id='word_1_202' title='bbox 1256 1678 1376 1748; x_wconf 80' lang='grc' dir='ltr'>μὶν,</span> <span class='ocrx_word' id='word_1_203' title='bbox 1427 1674 1498 1731; x_wconf 69' lang='grc' dir='ltr'>ἵν’</span> <span class='ocrx_word' id='word_1_204' title='bbox 1553 1676 1787 1739; x_wconf 66' lang='grc' dir='ltr'>ὄντεῢθεν</span> <span class='ocrx_word' id='word_1_205' title='bbox 1837 1675 2061 1749; x_wconf 78' lang='grc' dir='ltr'>ἄρξωμαι</span> 
     </span>
    </p>
   </div>
   <div class='ocr_carea' id='block_1_27' title="bbox 2188 1674 3842 1754">
    <p class='ocr_par' dir='ltr' id='par_1_27' title="bbox 2268 1681 3842 1754">
     <span class='ocr_line' id='line_1_27' title="bbox 2268 1681 3842 1754; baseline 0.004 -21"><span class='ocrx_word' id='word_1_206' title='bbox 2268 1681 2335 1735; x_wconf 87' lang='lat' dir='ltr'>Il.</span> <span class='ocrx_word' id='word_1_207' title='bbox 2369 1681 2651 1736; x_wconf 74' lang='lat' dir='ltr'>Caesarius</span> <span class='ocrx_word' id='word_1_208' title='bbox 2687 1682 2887 1754; x_wconf 80' lang='lat' dir='ltr'>igitur,</span> <span class='ocrx_word' id='word_1_209' title='bbox 2921 1688 2985 1736; x_wconf 90' lang='lat' dir='ltr'>ut</span> <span class='ocrx_word' id='word_1_210' title='bbox 3033 1683 3167 1738; x_wconf 87' lang='lat' dir='ltr'>hinc</span> <span class='ocrx_word' id='word_1_211' title='bbox 3216 1684 3492 1753; x_wconf 89' lang='lat' dir='ltr'>incipiam</span> <span class='ocrx_word' id='word_1_212' title='bbox 3546 1684 3701 1739; x_wconf 90' lang='lat' dir='ltr'>unde</span> <span class='ocrx_word' id='word_1_213' title='bbox 3749 1700 3842 1739; x_wconf 90' lang='lat' dir='ltr'>me</span> 
     </span>
    </p>
   </div>
   <div class='ocr_carea' id='block_1_28' title="bbox 437 1762 2085 1840">
    <p class='ocr_par' dir='ltr' id='par_1_28' title="bbox 437 1762 2085 1840">
     <span class='ocr_line' id='line_1_28' title="bbox 437 1762 2085 1840; baseline -0.002 -17"><span class='ocrx_word' id='word_1_214' title='bbox 437 1763 556 1828; x_wconf 72' lang='grc' dir='ltr'>ὅθεν</span> <span class='ocrx_word' id='word_1_215' title='bbox 590 1766 723 1836; x_wconf 77' lang='grc' dir='ltr'>ἡμῖν</span> <span class='ocrx_word' id='word_1_216' title='bbox 768 1762 1216 1839; x_wconf 68' lang='grc' dir='ltr'>πρεπωδέστατον</span> <span class='ocrx_word' id='word_1_217' title='bbox 1268 1768 1399 1838; x_wconf 83' lang='grc'>(55),</span> <span class='ocrx_word' id='word_1_218' title='bbox 1452 1765 1545 1827; x_wconf 74' lang='grc' dir='ltr'>οὓς</span> <span class='ocrx_word' id='word_1_219' title='bbox 1584 1766 1778 1827; x_wconf 79' lang='grc' dir='ltr'>πάντες</span> <span class='ocrx_word' id='word_1_220' title='bbox 1822 1767 2085 1840; x_wconf 77' lang='grc' dir='ltr'>γινώσκε-</span> 
     </span>
    </p>
   </div>
   <div class='ocr_carea' id='block_1_29' title="bbox 436 1852 2084 1929">
    <p class='ocr_par' dir='ltr' id='par_1_29' title="bbox 436 1852 2084 1929">
     <span class='ocr_line' id='line_1_29' title="bbox 436 1852 2084 1929; baseline -0.001 -20"><span class='ocrx_word' id='word_1_221' title='bbox 436 1874 513 1921; x_wconf 69' lang='lat' dir='ltr'>ﬂ,</span> <span class='ocrx_word' id='word_1_222' title='bbox 562 1853 651 1910; x_wconf 76' lang='grc' dir='ltr'>καὶ</span> <span class='ocrx_word' id='word_1_223' title='bbox 701 1852 775 1911; x_wconf 81' lang='grc' dir='ltr'>ὧν</span> <span class='ocrx_word' id='word_1_224' title='bbox 822 1855 923 1927; x_wconf 70' lang='grc' dir='ltr'>τὴν</span> <span class='ocrx_word' id='word_1_225' title='bbox 981 1853 1177 1929; x_wconf 74' lang='grc' dir='ltr'>ἀρετὴν</span> <span class='ocrx_word' id='word_1_226' title='bbox 1226 1854 1315 1910; x_wconf 75' lang='grc' dir='ltr'>καὶ</span> <span class='ocrx_word' id='word_1_227' title='bbox 1365 1856 1600 1929; x_wconf 77' lang='grc' dir='ltr'>ὁρῶντες</span> <span class='ocrx_word' id='word_1_228' title='bbox 1652 1855 1741 1909; x_wconf 77' lang='grc' dir='ltr'>καὶ</span> <span class='ocrx_word' id='word_1_229' title='bbox 1798 1853 2084 1917; x_wconf 76' lang='grc' dir='ltr'>ἀκούοντες</span> 
     </span>
    </p>
   </div>
   <div class='ocr_carea' id='block_1_30' title="bbox 438 1941 2081 2016">
    <p class='ocr_par' dir='ltr' id='par_1_30' title="bbox 438 1941 2081 2016">
     <span class='ocr_line' id='line_1_30' title="bbox 438 1941 2081 2016; baseline -0.004 -14"><span class='ocrx_word' id='word_1_230' title='bbox 438 1944 671 2012; x_wconf 79' lang='grc' dir='ltr'>ζηλοῦτι</span> <span class='ocrx_word' id='word_1_231' title='bbox 700 1946 836 2015; x_wconf 79' lang='grc'>(56).</span> <span class='ocrx_word' id='word_1_232' title='bbox 867 1942 956 2001; x_wconf 75' lang='grc' dir='ltr'>καὶ</span> <span class='ocrx_word' id='word_1_233' title='bbox 990 1943 1310 2015; x_wconf 71' lang='grc' dir='ltr'>θαυμάζετε,</span> <span class='ocrx_word' id='word_1_234' title='bbox 1340 1944 1428 1999; x_wconf 78' lang='grc' dir='ltr'>καὶ</span> <span class='ocrx_word' id='word_1_235' title='bbox 1462 1941 1739 2016; x_wconf 81' lang='grc' dir='ltr'>διηγεῖσθε</span> <span class='ocrx_word' id='word_1_236' title='bbox 1766 1948 1883 2004; x_wconf 85' lang='grc' dir='ltr'>τοῖς</span> <span class='ocrx_word' id='word_1_237' title='bbox 1922 1943 2081 2016; x_wconf 82' lang='grc' dir='ltr'>ἀγνο-</span> 
     </span>
    </p>
   </div>
   <div class='ocr_carea' id='block_1_31' title="bbox 436 2028 2077 2108">
    <p class='ocr_par' dir='ltr' id='par_1_31' title="bbox 436 2028 2077 2108">
     <span class='ocr_line' id='line_1_31' title="bbox 436 2028 2077 2108; baseline -0.004 -17"><span class='ocrx_word' id='word_1_238' title='bbox 436 2036 609 2108; x_wconf 74' lang='grc' dir='ltr'>οῦσιν,</span> <span class='ocrx_word' id='word_1_239' title='bbox 641 2028 789 2107; x_wconf 74' lang='grc' dir='ltr'>εἴπερ</span> <span class='ocrx_word' id='word_1_240' title='bbox 827 2031 969 2093; x_wconf 71' lang='grc' dir='ltr'>τινάς</span> <span class='ocrx_word' id='word_1_241' title='bbox 1003 2030 1134 2089; x_wconf 75' lang='grc' dir='ltr'>εἰσιν</span> <span class='ocrx_word' id='word_1_242' title='bbox 1166 2031 1484 2107; x_wconf 80' lang='grc' dir='ltr'>ἀνθρώπων,</span> <span class='ocrx_word' id='word_1_243' title='bbox 1521 2030 1690 2093; x_wconf 76' lang='grc' dir='ltr'>ἄλλος</span> <span class='ocrx_word' id='word_1_244' title='bbox 1718 2030 1858 2086; x_wconf 73' lang='grc' dir='ltr'>ἄλλο</span> <span class='ocrx_word' id='word_1_245' title='bbox 1895 2053 1947 2086; x_wconf 85' lang='grc' dir='ltr'>τι</span> <span class='ocrx_word' id='word_1_246' title='bbox 1984 2032 2077 2104; x_wconf 70' lang='grc' dir='ltr'>μέ-</span> 
     </span>
    </p>
   </div>
   <div class='ocr_carea' id='block_1_32' title="bbox 435 2115 2077 2195">
    <p class='ocr_par' dir='ltr' id='par_1_32' title="bbox 435 2115 2077 2195">
     <span class='ocr_line' id='line_1_32' title="bbox 435 2115 2077 2195; baseline 0.001 -22"><span class='ocrx_word' id='word_1_247' title='bbox 435 2139 533 2195; x_wconf 74' lang='grc' dir='ltr'>ρος</span> <span class='ocrx_word' id='word_1_248' title='bbox 563 2115 954 2182; x_wconf 56' lang='grc' dir='ltr'>ἀπολαϐόντας</span> <span class='ocrx_word' id='word_1_249' title='bbox 988 2119 1103 2178; x_wconf 81' lang='grc' dir='ltr'>ἐπεὶ</span> <span class='ocrx_word' id='word_1_250' title='bbox 1156 2122 1232 2191; x_wconf 84' lang='grc' dir='ltr'>μὴ</span> <span class='ocrx_word' id='word_1_251' title='bbox 1281 2122 1456 2177; x_wconf 78' lang='grc' dir='ltr'>πάντα</span> <span class='ocrx_word' id='word_1_252' title='bbox 1502 2120 1594 2176; x_wconf 88' lang='grc' dir='ltr'>τὸν</span> <span class='ocrx_word' id='word_1_253' title='bbox 1646 2120 1803 2177; x_wconf 79' lang='grc' dir='ltr'>αὐτὸν</span> <span class='ocrx_word' id='word_1_254' title='bbox 1852 2120 1964 2177; x_wconf 82' lang='grc' dir='ltr'>οἷόν</span> <span class='ocrx_word' id='word_1_255' title='bbox 1994 2141 2077 2188; x_wconf 77' lang='grc' dir='ltr'>τε,</span> 
     </span>
    </p>
   </div>
   <div class='ocr_carea' id='block_1_33' title="bbox 437 2206 2074 2286">
    <p class='ocr_par' dir='ltr' id='par_1_33' title="bbox 437 2206 2074 2286">
     <span class='ocr_line' id='line_1_33' title="bbox 437 2206 2074 2286; baseline -0.002 -19"><span class='ocrx_word' id='word_1_256' title='bbox 437 2206 579 2281; x_wconf 72' lang='grc' dir='ltr'>μηδὶ</span> <span class='ocrx_word' id='word_1_257' title='bbox 613 2215 737 2286; x_wconf 74' lang='grc' dir='ltr'>μιᾶς</span> <span class='ocrx_word' id='word_1_258' title='bbox 764 2207 1023 2285; x_wconf 78' lang='grc' dir='ltr'>γλώσσης</span> <span class='ocrx_word' id='word_1_259' title='bbox 1064 2209 1128 2265; x_wconf 81' lang='grc' dir='ltr'>τὸ</span> <span class='ocrx_word' id='word_1_260' title='bbox 1176 2207 1356 2283; x_wconf 76' lang='grc' dir='ltr'>ἔργον,</span> <span class='ocrx_word' id='word_1_261' title='bbox 1406 2209 1503 2263; x_wconf 79' lang='grc' dir='ltr'>κᾶν</span> <span class='ocrx_word' id='word_1_262' title='bbox 1551 2206 1758 2285; x_wconf 73' lang='grc' dir='ltr'>σφόδρα</span> <span class='ocrx_word' id='word_1_263' title='bbox 1792 2230 1875 2273; x_wconf 86' lang='grc' dir='ltr'>τις</span> <span class='ocrx_word' id='word_1_264' title='bbox 1966 2214 2074 2263; x_wconf 73' lang='grc' dir='ltr'>τῶν</span> 
     </span>
    </p>
   </div>
   <div class='ocr_carea' id='block_1_34' title="bbox 431 2296 2074 2375">
    <p class='ocr_par' dir='ltr' id='par_1_34' title="bbox 431 2296 2074 2375">
     <span class='ocr_line' id='line_1_34' title="bbox 431 2296 2074 2375; baseline -0.002 -19"><span class='ocrx_word' id='word_1_265' title='bbox 431 2296 893 2375; x_wconf 67' lang='grc' dir='ltr'>φιλοπονωτάτων</span> <span class='ocrx_word' id='word_1_266' title='bbox 939 2297 1030 2354; x_wconf 77' lang='grc' dir='ltr'>καὶ</span> <span class='ocrx_word' id='word_1_267' title='bbox 1080 2296 1412 2374; x_wconf 82' lang='grc' dir='ltr'>φιλοτίμων·</span> <span class='ocrx_word' id='word_1_268' title='bbox 1447 2300 1529 2365; x_wconf 80' lang='grc' dir='ltr'>οἷς</span> <span class='ocrx_word' id='word_1_269' title='bbox 1578 2297 1804 2363; x_wconf 69' lang='grc' dir='ltr'>πολλῶν</span> <span class='ocrx_word' id='word_1_270' title='bbox 1854 2298 1942 2352; x_wconf 75' lang='grc' dir='ltr'>καὶ</span> <span class='ocrx_word' id='word_1_271' title='bbox 1979 2304 2074 2371; x_wconf 64' lang='grc' dir='ltr'>μὲ-</span> 
     </span>
    </p>
   </div>
   <div class='ocr_carea' id='block_1_35' title="bbox 428 2384 2075 2463">
    <p class='ocr_par' dir='ltr' id='par_1_35' title="bbox 428 2384 2075 2463">
     <span class='ocr_line' id='line_1_35' title="bbox 428 2384 2075 2463; baseline 0.001 -24"><span class='ocrx_word' id='word_1_272' title='bbox 428 2384 615 2460; x_wconf 82' lang='grc' dir='ltr'>γάλων</span> <span class='ocrx_word' id='word_1_273' title='bbox 660 2385 1016 2461; x_wconf 77' lang='grc' dir='ltr'>ὑπαρχόντων</span> <span class='ocrx_word' id='word_1_274' title='bbox 1058 2386 1135 2447; x_wconf 74' lang='grc' dir='ltr'>εἰς</span> <span class='ocrx_word' id='word_1_275' title='bbox 1186 2386 1455 2463; x_wconf 74' lang='grc' dir='ltr'>εὐφημίαν</span> <span class='ocrx_word' id='word_1_276' title='bbox 1501 2386 1570 2456; x_wconf 79' lang='grc' dir='ltr'>(εἰ</span> <span class='ocrx_word' id='word_1_277' title='bbox 1624 2387 1699 2458; x_wconf 73' lang='grc' dir='ltr'>μή</span> <span class='ocrx_word' id='word_1_278' title='bbox 1739 2407 1820 2458; x_wconf 79' lang='grc' dir='ltr'>τῳ</span> <span class='ocrx_word' id='word_1_279' title='bbox 1868 2406 2075 2461; x_wconf 78' lang='grc' dir='ltr'>περιτ-</span> 
     </span>
    </p>
   </div>
   <div class='ocr_carea' id='block_1_36' title="bbox 423 2471 2071 2550">
    <p class='ocr_par' dir='ltr' id='par_1_36' title="bbox 423 2471 2071 2550">
     <span class='ocr_line' id='line_1_36' title="bbox 423 2471 2071 2550; baseline -0.003 -17"><span class='ocrx_word' id='word_1_280' title='bbox 423 2474 518 2536; x_wconf 74' lang='grc' dir='ltr'>τὸς</span> <span class='ocrx_word' id='word_1_281' title='bbox 548 2476 663 2547; x_wconf 88' lang='grc'>(57)</span> <span class='ocrx_word' id='word_1_282' title='bbox 691 2472 826 2533; x_wconf 68' lang='grc' dir='ltr'>εἶναι</span> <span class='ocrx_word' id='word_1_283' title='bbox 878 2471 1025 2532; x_wconf 79' lang='grc' dir='ltr'>δοκῶ</span> <span class='ocrx_word' id='word_1_284' title='bbox 1072 2475 1138 2531; x_wconf 71' lang='grc' dir='ltr'>τὰ</span> <span class='ocrx_word' id='word_1_285' title='bbox 1187 2474 1361 2530; x_wconf 74' lang='grc' dir='ltr'>οἰκεῖα</span> <span class='ocrx_word' id='word_1_286' title='bbox 1392 2473 1787 2547; x_wconf 71' lang='grc' dir='ltr'>Θαυμάζων),ἳν</span> <span class='ocrx_word' id='word_1_287' title='bbox 1823 2476 2071 2550; x_wconf 63' lang='grc' dir='ltr'>μέγιστον</span> 
     </span>
    </p>
   </div>
   <div class='ocr_carea' id='block_1_37' title="bbox 425 2560 2075 2638">
    <p class='ocr_par' dir='ltr' id='par_1_37' title="bbox 425 2560 2075 2638">
     <span class='ocr_line' id='line_1_37' title="bbox 425 2560 2075 2638; baseline -0.002 -17"><span class='ocrx_word' id='word_1_288' title='bbox 425 2560 696 2631; x_wconf 71' lang='grc' dir='ltr'>ἁπάντων,</span> <span class='ocrx_word' id='word_1_289' title='bbox 746 2564 836 2619; x_wconf 68' lang='grc' dir='ltr'>καὶ</span> <span class='ocrx_word' id='word_1_290' title='bbox 891 2562 1073 2638; x_wconf 73' lang='grc' dir='ltr'>ὥσπερ</span> <span class='ocrx_word' id='word_1_291' title='bbox 1122 2561 1263 2620; x_wconf 73' lang='grc' dir='ltr'>ἄλλο</span> <span class='ocrx_word' id='word_1_292' title='bbox 1294 2583 1347 2618; x_wconf 82' lang='grc' dir='ltr'>τι</span> <span class='ocrx_word' id='word_1_293' title='bbox 1390 2560 1658 2635; x_wconf 77' lang='grc' dir='ltr'>ἐπίσημόν</span> <span class='ocrx_word' id='word_1_294' title='bbox 1691 2563 1829 2618; x_wconf 71' lang='grc' dir='ltr'>ίστιν</span> <span class='ocrx_word' id='word_1_295' title='bbox 1862 2567 1896 2633; x_wconf 75' lang='grc' dir='ltr'>ἡ</span> <span class='ocrx_word' id='word_1_296' title='bbox 1930 2564 2075 2619; x_wconf 75' lang='grc' dir='ltr'>εὐσε-</span> 
     </span>
    </p>
   </div>
   <div class='ocr_carea' id='block_1_38' title="bbox 426 2647 2076 2728">
    <p class='ocr_par' dir='ltr' id='par_1_38' title="bbox 426 2647 2076 2728">
     <span class='ocr_line' id='line_1_38' title="bbox 426 2647 2076 2728; baseline 0 -23"><span class='ocrx_word' id='word_1_297' title='bbox 426 2647 564 2706; x_wconf 70' lang='grc' dir='ltr'>ϐειαν</span> <span class='ocrx_word' id='word_1_298' title='bbox 595 2649 722 2712; x_wconf 73' lang='grc' dir='ltr'>τοὺς</span> <span class='ocrx_word' id='word_1_299' title='bbox 754 2650 983 2724; x_wconf 71' lang='grc' dir='ltr'>σεμνοὺς</span> <span class='ocrx_word' id='word_1_300' title='bbox 1014 2649 1207 2707; x_wconf 76' lang='grc' dir='ltr'>τούσδε</span> <span class='ocrx_word' id='word_1_301' title='bbox 1238 2650 1381 2727; x_wconf 71' lang='grc' dir='ltr'>λέγω</span> <span class='ocrx_word' id='word_1_302' title='bbox 1408 2652 1499 2707; x_wconf 82' lang='grc' dir='ltr'>καὶ</span> <span class='ocrx_word' id='word_1_303' title='bbox 1530 2650 1784 2717; x_wconf 76' lang='grc' dir='ltr'>πολιοὺς,</span> <span class='ocrx_word' id='word_1_304' title='bbox 1824 2652 1912 2706; x_wconf 79' lang='grc' dir='ltr'>καὶ</span> <span class='ocrx_word' id='word_1_305' title='bbox 1969 2652 2076 2728; x_wconf 66' lang='grc' dir='ltr'>ονῖγι(⁴</span> 
     </span>
    </p>
   </div>
   <div class='ocr_carea' id='block_1_39' title="bbox 423 2737 2076 2816">
    <p class='ocr_par' dir='ltr' id='par_1_39' title="bbox 423 2737 2076 2816">
     <span class='ocr_line' id='line_1_39' title="bbox 423 2737 2076 2816; baseline 0 -20"><span class='ocrx_word' id='word_1_306' title='bbox 423 2741 589 2809; x_wconf 83' lang='grc' dir='ltr'>ἧττον</span> <span class='ocrx_word' id='word_1_307' title='bbox 618 2737 689 2799; x_wconf 86' lang='grc' dir='ltr'>δι’</span> <span class='ocrx_word' id='word_1_308' title='bbox 720 2740 916 2815; x_wconf 70' lang='grc' dir='ltr'>ἀρετὴν</span> <span class='ocrx_word' id='word_1_309' title='bbox 957 2738 1271 2813; x_wconf 71' lang='grc' dir='ltr'>αἷδεσίμους</span> <span class='ocrx_word' id='word_1_310' title='bbox 1316 2743 1433 2813; x_wconf 82' lang='lat'>(58)</span> <span class='ocrx_word' id='word_1_311' title='bbox 1463 2742 1498 2811; x_wconf 77' lang='grc' dir='ltr'><strong>ἢ</strong></span> <span class='ocrx_word' id='word_1_312' title='bbox 1553 2739 1642 2795; x_wconf 78' lang='grc' dir='ltr'>διὰ</span> <span class='ocrx_word' id='word_1_313' title='bbox 1677 2748 1872 2816; x_wconf 72' lang='grc' dir='ltr'>γῆρας’</span> <span class='ocrx_word' id='word_1_314' title='bbox 1905 2742 1980 2799; x_wconf 79' lang='grc' dir='ltr'>ὧν</span> <span class='ocrx_word' id='word_1_315' title='bbox 2007 2743 2076 2796; x_wconf 84' lang='grc' dir='ltr'>τὰ</span> 
     </span>
    </p>
   </div>
   <div class='ocr_carea' id='block_1_40' title="bbox 430 2828 2073 2905">
    <p class='ocr_par' dir='ltr' id='par_1_40' title="bbox 430 2828 2073 2905">
     <span class='ocr_line' id='line_1_40' title="bbox 430 2828 2073 2905; baseline 0.002 -20"><span class='ocrx_word' id='word_1_316' title='bbox 430 2830 523 2900; x_wconf 81' lang='grc' dir='ltr'>μὶν</span> <span class='ocrx_word' id='word_1_317' title='bbox 556 2830 784 2904; x_wconf 74' lang='grc' dir='ltr'>σώματα</span> <span class='ocrx_word' id='word_1_318' title='bbox 829 2829 1019 2905; x_wconf 81' lang='grc' dir='ltr'>’χρόνῳ</span> <span class='ocrx_word' id='word_1_319' title='bbox 1066 2830 1357 2903; x_wconf 66' lang='grc' dir='ltr'>κέκμηκεν,</span> <span class='ocrx_word' id='word_1_320' title='bbox 1406 2832 1460 2888; x_wconf 74' lang='grc' dir='ltr'>αἱ</span> <span class='ocrx_word' id='word_1_321' title='bbox 1490 2830 1663 2905; x_wconf 76' lang='grc' dir='ltr'>ψυχαὶ</span> <span class='ocrx_word' id='word_1_322' title='bbox 1713 2828 1771 2884; x_wconf 75' lang='grc' dir='ltr'>δὲ</span> <span class='ocrx_word' id='word_1_323' title='bbox 1808 2835 1925 2903; x_wconf 85' lang='grc' dir='ltr'>Θεῷ</span> <span class='ocrx_word' id='word_1_324' title='bbox 1955 2830 2073 2889; x_wconf 73' lang='grc' dir='ltr'>νεά-</span> 
     </span>
    </p>
   </div>
   <div class='ocr_carea' id='block_1_41' title="bbox 432 2924 630 2986">
    <p class='ocr_par' dir='ltr' id='par_1_41' title="bbox 432 2924 630 2986">
     <span class='ocr_line' id='line_1_41' title="bbox 432 2924 630 2986; baseline 0.01 -13"><span class='ocrx_word' id='word_1_325' title='bbox 432 2924 553 2986; x_wconf 64' lang='lat' dir='ltr'>(ouo</span> <span class='ocrx_word' id='word_1_326' title='bbox 563 2938 630 2975; x_wconf 88' lang='grc' dir='ltr'>ιν.</span> 
     </span>
    </p>
   </div>
   <div class='ocr_carea' id='block_1_42' title="bbox 2195 1770 3841 1843">
    <p class='ocr_par' dir='ltr' id='par_1_42' title="bbox 2195 1770 3841 1843">
     <span class='ocr_line' id='line_1_42' title="bbox 2195 1770 3841 1843; baseline 0.004 -22"><span class='ocrx_word' id='word_1_327' title='bbox 2195 1770 2448 1825; x_wconf 87' lang='lat' dir='ltr'>maxime</span> <span class='ocrx_word' id='word_1_328' title='bbox 2490 1771 2673 1835; x_wconf 87' lang='lat' dir='ltr'>decet,</span> <span class='ocrx_word' id='word_1_329' title='bbox 2728 1776 2995 1840; x_wconf 91' lang='lat' dir='ltr'>parentes</span> <span class='ocrx_word' id='word_1_330' title='bbox 3056 1789 3153 1826; x_wconf 89' lang='lat' dir='ltr'>eos</span> <span class='ocrx_word' id='word_1_331' title='bbox 3201 1772 3428 1836; x_wconf 87' lang='lat' dir='ltr'>habuit,</span> <span class='ocrx_word' id='word_1_332' title='bbox 3460 1789 3607 1843; x_wconf 88' lang='lat' dir='ltr'>quos</span> <span class='ocrx_word' id='word_1_333' title='bbox 3638 1788 3841 1829; x_wconf 89' lang='lat' dir='ltr'>omnes</span> 
     </span>
    </p>
   </div>
   <div class='ocr_carea' id='block_1_43' title="bbox 2195 1860 3842 1933">
    <p class='ocr_par' dir='ltr' id='par_1_43' title="bbox 2195 1860 3842 1933">
     <span class='ocr_line' id='line_1_43' title="bbox 2195 1860 3842 1933; baseline 0.003 -21"><span class='ocrx_word' id='word_1_334' title='bbox 2195 1860 2399 1923; x_wconf 83' lang='lat' dir='ltr'>nostis,</span> <span class='ocrx_word' id='word_1_335' title='bbox 2435 1875 2801 1930; x_wconf 90' lang='lat' dir='ltr'>quorumque</span> <span class='ocrx_word' id='word_1_336' title='bbox 2848 1862 3121 1915; x_wconf 87' lang='lat' dir='ltr'>virtutem</span> <span class='ocrx_word' id='word_1_337' title='bbox 3172 1861 3357 1916; x_wconf 88' lang='lat' dir='ltr'>oculis</span> <span class='ocrx_word' id='word_1_338' title='bbox 3388 1864 3561 1933; x_wconf 87' lang='lat' dir='ltr'>atque</span> <span class='ocrx_word' id='word_1_339' title='bbox 3600 1861 3842 1917; x_wconf 85' lang='lat' dir='ltr'>auribus</span> 
     </span>
    </p>
   </div>
   <div class='ocr_carea' id='block_1_44' title="bbox 2190 1947 3837 2018">
    <p class='ocr_par' dir='ltr' id='par_1_44' title="bbox 2190 1947 3837 2018">
     <span class='ocr_line' id='line_1_44' title="bbox 2190 1947 3837 2018; baseline 0.002 -18"><span class='ocrx_word' id='word_1_340' title='bbox 2190 1952 2545 2018; x_wconf 87' lang='lat' dir='ltr'>usurpantes</span> <span class='ocrx_word' id='word_1_341' title='bbox 2575 1948 3516 2018; x_wconf 78' lang='lat' dir='ltr'>aemulamini,miriﬂcislaudibus</span> <span class='ocrx_word' id='word_1_342' title='bbox 3538 1950 3598 2004; x_wconf 89' lang='lat' dir='ltr'>iu</span> <span class='ocrx_word' id='word_1_343' title='bbox 3627 1947 3837 2004; x_wconf 74' lang='lat' dir='ltr'>caelum</span> 
     </span>
    </p>
   </div>
   <div class='ocr_carea' id='block_1_45' title="bbox 2188 2034 3841 2109">
    <p class='ocr_par' dir='ltr' id='par_1_45' title="bbox 2188 2034 3841 2109">
     <span class='ocr_line' id='line_1_45' title="bbox 2188 2034 3841 2109; baseline 0.002 -20"><span class='ocrx_word' id='word_1_344' title='bbox 2188 2035 2424 2102; x_wconf 73' lang='lat' dir='ltr'>effertis,</span> <span class='ocrx_word' id='word_1_345' title='bbox 2459 2034 2728 2106; x_wconf 88' lang='lat' dir='ltr'>aliisque,</span> <span class='ocrx_word' id='word_1_346' title='bbox 2763 2037 2978 2107; x_wconf 89' lang='lat' dir='ltr'>quibus</span> <span class='ocrx_word' id='word_1_347' title='bbox 3027 2054 3095 2091; x_wconf 87' lang='lat' dir='ltr'>ea</span> <span class='ocrx_word' id='word_1_348' title='bbox 3148 2037 3347 2109; x_wconf 86' lang='lat' dir='ltr'>ignota</span> <span class='ocrx_word' id='word_1_349' title='bbox 3403 2042 3510 2103; x_wconf 91' lang='lat' dir='ltr'>est,</span> <span class='ocrx_word' id='word_1_350' title='bbox 3545 2037 3592 2092; x_wconf 90' lang='lat' dir='ltr'>si</span> <span class='ocrx_word' id='word_1_351' title='bbox 3625 2037 3725 2108; x_wconf 91' lang='lat' dir='ltr'>qui</span> <span class='ocrx_word' id='word_1_352' title='bbox 3749 2042 3841 2093; x_wconf 81' lang='lat' dir='ltr'>ta-</span> 
     </span>
    </p>
   </div>
   <div class='ocr_carea' id='block_1_46' title="bbox 2189 2124 3835 2197">
    <p class='ocr_par' dir='ltr' id='par_1_46' title="bbox 2189 2124 3835 2197">
     <span class='ocr_line' id='line_1_46' title="bbox 2189 2124 3835 2197; baseline 0.002 -20"><span class='ocrx_word' id='word_1_353' title='bbox 2189 2139 2323 2177; x_wconf 89' lang='lat' dir='ltr'>men</span> <span class='ocrx_word' id='word_1_354' title='bbox 2357 2124 2494 2191; x_wconf 88' lang='lat' dir='ltr'>sint,</span> <span class='ocrx_word' id='word_1_355' title='bbox 2530 2125 2800 2191; x_wconf 87' lang='lat' dir='ltr'>narratis,</span> <span class='ocrx_word' id='word_1_356' title='bbox 2840 2125 2990 2179; x_wconf 89' lang='lat' dir='ltr'>alius</span> <span class='ocrx_word' id='word_1_357' title='bbox 3039 2126 3211 2180; x_wconf 89' lang='lat' dir='ltr'>aliam</span> <span class='ocrx_word' id='word_1_358' title='bbox 3265 2127 3581 2197; x_wconf 89' lang='lat' dir='ltr'>quamdam</span> <span class='ocrx_word' id='word_1_359' title='bbox 3617 2131 3835 2195; x_wconf 88' lang='lat' dir='ltr'>partem</span> 
     </span>
    </p>
   </div>
   <div class='ocr_carea' id='block_1_47' title="bbox 2189 2211 3836 2285">
    <p class='ocr_par' dir='ltr' id='par_1_47' title="bbox 2189 2211 3836 2285">
     <span class='ocr_line' id='line_1_47' title="bbox 2189 2211 3836 2285; baseline 0.002 -20"><span class='ocrx_word' id='word_1_360' title='bbox 2189 2211 2558 2282; x_wconf 84' lang='lat' dir='ltr'>accipientes.</span> <span class='ocrx_word' id='word_1_361' title='bbox 2590 2212 2787 2283; x_wconf 89' lang='lat' dir='ltr'>Neque</span> <span class='ocrx_word' id='word_1_362' title='bbox 2817 2214 2969 2267; x_wconf 89' lang='lat' dir='ltr'>enim</span> <span class='ocrx_word' id='word_1_363' title='bbox 3004 2214 3125 2268; x_wconf 82' lang='lat' dir='ltr'>fieri</span> <span class='ocrx_word' id='word_1_364' title='bbox 3160 2218 3344 2285; x_wconf 89' lang='lat' dir='ltr'>potest</span> <span class='ocrx_word' id='word_1_365' title='bbox 3374 2218 3437 2268; x_wconf 88' lang='lat' dir='ltr'>ut</span> <span class='ocrx_word' id='word_1_366' title='bbox 3462 2230 3616 2269; x_wconf 91' lang='lat' dir='ltr'>unus</span> <span class='ocrx_word' id='word_1_367' title='bbox 3637 2216 3836 2269; x_wconf 89' lang='lat' dir='ltr'>omnia</span> 
     </span>
    </p>
   </div>
   <div class='ocr_carea' id='block_1_48' title="bbox 2186 2301 3830 2373">
    <p class='ocr_par' dir='ltr' id='par_1_48' title="bbox 2186 2301 3830 2373">
     <span class='ocr_line' id='line_1_48' title="bbox 2186 2301 3830 2373; baseline 0.002 -19"><span class='ocrx_word' id='word_1_368' title='bbox 2186 2306 2451 2370; x_wconf 83' lang='lat' dir='ltr'>exponat,</span> <span class='ocrx_word' id='word_1_369' title='bbox 2487 2318 2590 2355; x_wconf 91' lang='lat' dir='ltr'>nec</span> <span class='ocrx_word' id='word_1_370' title='bbox 2623 2301 3033 2373; x_wconf 75' lang='lat' dir='ltr'>uniuslinguze</span> <span class='ocrx_word' id='word_1_371' title='bbox 3066 2302 3173 2357; x_wconf 89' lang='lat' dir='ltr'>hoc</span> <span class='ocrx_word' id='word_1_372' title='bbox 3194 2319 3341 2373; x_wconf 92' lang='lat' dir='ltr'>opus</span> <span class='ocrx_word' id='word_1_373' title='bbox 3371 2310 3479 2369; x_wconf 90' lang='lat' dir='ltr'>est,</span> <span class='ocrx_word' id='word_1_374' title='bbox 3512 2307 3830 2373; x_wconf 86' lang='lat' dir='ltr'>quantum-</span> 
     </span>
    </p>
   </div>
   <div class='ocr_carea' id='block_1_49' title="bbox 2185 2388 3829 2460">
    <p class='ocr_par' dir='ltr' id='par_1_49' title="bbox 2185 2388 3829 2460">
     <span class='ocr_line' id='line_1_49' title="bbox 2185 2388 3829 2460; baseline 0.003 -20"><span class='ocrx_word' id='word_1_375' title='bbox 2185 2390 2271 2442; x_wconf 90' lang='lat' dir='ltr'>vis</span> <span class='ocrx_word' id='word_1_376' title='bbox 2303 2388 2517 2460; x_wconf 87' lang='lat' dir='ltr'>aliquis</span> <span class='ocrx_word' id='word_1_377' title='bbox 2548 2389 2743 2445; x_wconf 88' lang='lat' dir='ltr'>labore</span> <span class='ocrx_word' id='word_1_378' title='bbox 2772 2406 2835 2444; x_wconf 85' lang='lat' dir='ltr'>ac</span> <span class='ocrx_word' id='word_1_379' title='bbox 2868 2390 3169 2460; x_wconf 84' lang='lat' dir='ltr'>diligentia</span> <span class='ocrx_word' id='word_1_380' title='bbox 3198 2390 3403 2456; x_wconf 89' lang='lat' dir='ltr'>valeat,</span> <span class='ocrx_word' id='word_1_381' title='bbox 3430 2407 3495 2445; x_wconf 91' lang='lat' dir='ltr'>ac</span> <span class='ocrx_word' id='word_1_382' title='bbox 3524 2406 3829 2446; x_wconf 89' lang='lat' dir='ltr'>summum</span> 
     </span>
    </p>
   </div>
   <div class='ocr_carea' id='block_1_50' title="bbox 2186 2478 3830 2543">
    <p class='ocr_par' dir='ltr' id='par_1_50' title="bbox 2186 2478 3830 2543">
     <span class='ocr_line' id='line_1_50' title="bbox 2186 2478 3830 2543; baseline 0.002 -12"><span class='ocrx_word' id='word_1_383' title='bbox 2186 2478 2366 2531; x_wconf 85' lang='lat' dir='ltr'>animi</span> <span class='ocrx_word' id='word_1_384' title='bbox 2397 2478 2656 2533; x_wconf 91' lang='lat' dir='ltr'>studium</span> <span class='ocrx_word' id='word_1_385' title='bbox 2708 2483 2763 2533; x_wconf 91' lang='lat' dir='ltr'>et</span> <span class='ocrx_word' id='word_1_386' title='bbox 2811 2479 3237 2533; x_wconf 86' lang='lat' dir='ltr'>contentionem</span> <span class='ocrx_word' id='word_1_387' title='bbox 3281 2478 3574 2534; x_wconf 80' lang='lat' dir='ltr'>adhibeat.</span> <span class='ocrx_word' id='word_1_388' title='bbox 3608 2479 3830 2543; x_wconf 86' lang='lat' dir='ltr'>Quibus</span> 
     </span>
    </p>
   </div>
   <div class='ocr_carea' id='block_1_51' title="bbox 2185 2565 3829 2639">
    <p class='ocr_par' dir='ltr' id='par_1_51' title="bbox 2185 2565 3829 2639">
     <span class='ocr_line' id='line_1_51' title="bbox 2185 2565 3829 2639; baseline 0.002 -20"><span class='ocrx_word' id='word_1_389' title='bbox 2185 2582 2315 2620; x_wconf 92' lang='lat' dir='ltr'>cum</span> <span class='ocrx_word' id='word_1_390' title='bbox 2352 2565 2536 2620; x_wconf 88' lang='lat' dir='ltr'>multa</span> <span class='ocrx_word' id='word_1_391' title='bbox 2581 2572 2638 2621; x_wconf 93' lang='lat' dir='ltr'>et</span> <span class='ocrx_word' id='word_1_392' title='bbox 2680 2583 2895 2638; x_wconf 84' lang='lat' dir='ltr'>magna</span> <span class='ocrx_word' id='word_1_393' title='bbox 2929 2567 3170 2622; x_wconf 88' lang='lat' dir='ltr'>laudum</span> <span class='ocrx_word' id='word_1_394' title='bbox 3227 2572 3575 2639; x_wconf 87' lang='lat' dir='ltr'>argumenta</span> <span class='ocrx_word' id='word_1_395' title='bbox 3614 2584 3829 2639; x_wconf 90' lang='lat' dir='ltr'>suppe-</span> 
     </span>
    </p>
   </div>
   <div class='ocr_carea' id='block_1_52' title="bbox 2185 2655 3833 2727">
    <p class='ocr_par' dir='ltr' id='par_1_52' title="bbox 2185 2655 3833 2727">
     <span class='ocr_line' id='line_1_52' title="bbox 2185 2655 3833 2727; baseline 0.002 -19"><span class='ocrx_word' id='word_1_396' title='bbox 2185 2655 2475 2725; x_wconf 85' lang='lat' dir='ltr'>tant(nisi</span> <span class='ocrx_word' id='word_1_397' title='bbox 2527 2656 2772 2710; x_wconf 78' lang='lat' dir='ltr'>fortasse</span> <span class='ocrx_word' id='word_1_398' title='bbox 2833 2656 3083 2727; x_wconf 87' lang='lat' dir='ltr'>cuipiam</span> <span class='ocrx_word' id='word_1_399' title='bbox 3143 2658 3337 2727; x_wconf 89' lang='lat' dir='ltr'>inepte</span> <span class='ocrx_word' id='word_1_400' title='bbox 3396 2658 3581 2711; x_wconf 84' lang='lat' dir='ltr'>facere</span> <span class='ocrx_word' id='word_1_401' title='bbox 3608 2657 3833 2724; x_wconf 84' lang='lat' dir='ltr'>videor,</span> 
     </span>
    </p>
   </div>
   <div class='ocr_carea' id='block_1_53' title="bbox 2184 2745 3836 2815">
    <p class='ocr_par' dir='ltr' id='par_1_53' title="bbox 2184 2745 3836 2815">
     <span class='ocr_line' id='line_1_53' title="bbox 2184 2745 3836 2815; baseline 0.002 -17"><span class='ocrx_word' id='word_1_402' title='bbox 2184 2745 2281 2813; x_wconf 89' lang='lat' dir='ltr'>qui</span> <span class='ocrx_word' id='word_1_403' title='bbox 2316 2745 2667 2799; x_wconf 88' lang='lat' dir='ltr'>domesticas</span> <span class='ocrx_word' id='word_1_404' title='bbox 2716 2745 2918 2799; x_wconf 85' lang='lat' dir='ltr'>laudes</span> <span class='ocrx_word' id='word_1_405' title='bbox 2950 2746 3299 2815; x_wconf 67' lang='lat' dir='ltr'>praedicem),</span> <span class='ocrx_word' id='word_1_406' title='bbox 3351 2763 3467 2800; x_wconf 90' lang='lat' dir='ltr'>una</span> <span class='ocrx_word' id='word_1_407' title='bbox 3512 2750 3701 2799; x_wconf 89' lang='lat' dir='ltr'>tamen</span> <span class='ocrx_word' id='word_1_408' title='bbox 3736 2761 3836 2802; x_wconf 89' lang='lat' dir='ltr'>eos</span> 
     </span>
    </p>
   </div>
   <div class='ocr_carea' id='block_1_54' title="bbox 2186 2833 3835 2905">
    <p class='ocr_par' dir='ltr' id='par_1_54' title="bbox 2186 2833 3835 2905">
     <span class='ocr_line' id='line_1_54' title="bbox 2186 2833 3835 2905; baseline 0.002 -19"><span class='ocrx_word' id='word_1_409' title='bbox 2186 2850 2276 2887; x_wconf 90' lang='lat' dir='ltr'>res</span> <span class='ocrx_word' id='word_1_410' title='bbox 2310 2833 2679 2904; x_wconf 85' lang='lat' dir='ltr'>potissimum</span> <span class='ocrx_word' id='word_1_411' title='bbox 2716 2834 3004 2900; x_wconf 82' lang='lat' dir='ltr'>nobilitat,</span> <span class='ocrx_word' id='word_1_412' title='bbox 3039 2841 3095 2888; x_wconf 85' lang='lat' dir='ltr'>et</span> <span class='ocrx_word' id='word_1_413' title='bbox 3136 2835 3397 2905; x_wconf 83' lang='lat' dir='ltr'>insignes</span> <span class='ocrx_word' id='word_1_414' title='bbox 3428 2834 3636 2898; x_wconf 89' lang='lat' dir='ltr'>reddit,</span> <span class='ocrx_word' id='word_1_415' title='bbox 3666 2850 3835 2889; x_wconf 88' lang='lat' dir='ltr'>nem-</span> 
     </span>
    </p>
   </div>
   <div class='ocr_carea' id='block_1_55' title="bbox 2184 2922 3831 2993">
    <p class='ocr_par' dir='ltr' id='par_1_55' title="bbox 2184 2922 3831 2993">
     <span class='ocr_line' id='line_1_55' title="bbox 2184 2922 3831 2993; baseline 0.002 -18"><span class='ocrx_word' id='word_1_416' title='bbox 2184 2938 2254 2993; x_wconf 89' lang='lat' dir='ltr'>pe</span> <span class='ocrx_word' id='word_1_417' title='bbox 2286 2923 2490 2993; x_wconf 87' lang='lat' dir='ltr'>pietas.</span> <span class='ocrx_word' id='word_1_418' title='bbox 2528 2922 2642 2976; x_wconf 85' lang='lat' dir='ltr'>Hos</span> <span class='ocrx_word' id='word_1_419' title='bbox 2691 2938 2894 2992; x_wconf 88' lang='lat' dir='ltr'>graves</span> <span class='ocrx_word' id='word_1_420' title='bbox 2942 2928 2999 2977; x_wconf 92' lang='lat' dir='ltr'>et</span> <span class='ocrx_word' id='word_1_421' title='bbox 3055 2939 3229 2977; x_wconf 83' lang='lat' dir='ltr'>canos</span> <span class='ocrx_word' id='word_1_422' title='bbox 3286 2923 3438 2989; x_wconf 86' lang='lat' dir='ltr'>dico,</span> <span class='ocrx_word' id='word_1_423' title='bbox 3469 2938 3574 2977; x_wconf 89' lang='lat' dir='ltr'>nec</span> <span class='ocrx_word' id='word_1_424' title='bbox 3631 2923 3831 2979; x_wconf 88' lang='lat' dir='ltr'>minus</span> 
     </span>
    </p>
   </div>
   <div class='ocr_carea' id='block_1_56' title="bbox 428 3008 3832 3081">
    <p class='ocr_par' dir='ltr' id='par_1_56' title="bbox 428 3008 3832 3081">
     <span class='ocr_line' id='line_1_56' title="bbox 428 3008 3832 3081; baseline 0.001 -18"><span class='ocrx_word' id='word_1_425' title='bbox 428 3008 663 3066; x_wconf 76' lang='lat' dir='ltr'>virtutis</span> <span class='ocrx_word' id='word_1_426' title='bbox 692 3024 871 3080; x_wconf 78' lang='lat' dir='ltr'>quam</span> <span class='ocrx_word' id='word_1_427' title='bbox 898 3009 1219 3066; x_wconf 82' lang='lat' dir='ltr'>senectutis</span> <span class='ocrx_word' id='word_1_428' title='bbox 1267 3009 1503 3065; x_wconf 86' lang='lat' dir='ltr'>nomine</span> <span class='ocrx_word' id='word_1_429' title='bbox 1530 3010 1932 3065; x_wconf 87' lang='lat' dir='ltr'>venerandos:</span> <span class='ocrx_word' id='word_1_430' title='bbox 1965 3026 2215 3080; x_wconf 91' lang='lat' dir='ltr'>quorum</span> <span class='ocrx_word' id='word_1_431' title='bbox 2275 3027 2518 3081; x_wconf 87' lang='lat' dir='ltr'>corpora</span> <span class='ocrx_word' id='word_1_432' title='bbox 2574 3010 2810 3081; x_wconf 89' lang='lat' dir='ltr'>quidem</span> <span class='ocrx_word' id='word_1_433' title='bbox 2869 3016 3132 3081; x_wconf 88' lang='lat' dir='ltr'>tempore</span> <span class='ocrx_word' id='word_1_434' title='bbox 3180 3012 3360 3065; x_wconf 89' lang='lat' dir='ltr'>fracta</span> <span class='ocrx_word' id='word_1_435' title='bbox 3416 3015 3473 3066; x_wconf 92' lang='lat' dir='ltr'>et</span> <span class='ocrx_word' id='word_1_436' title='bbox 3529 3010 3832 3067; x_wconf 83' lang='lat' dir='ltr'>debilitata</span> 
     </span>
    </p>
   </div>
   <div class='ocr_carea' id='block_1_57' title="bbox 432 3097 1909 3170">
    <p class='ocr_par' dir='ltr' id='par_1_57' title="bbox 432 3097 1909 3170">
     <span class='ocr_line' id='line_1_57' title="bbox 432 3097 1909 3170; baseline 0.002 -21"><span class='ocrx_word' id='word_1_437' title='bbox 432 3100 592 3161; x_wconf 90' lang='lat' dir='ltr'>sunt,</span> <span class='ocrx_word' id='word_1_438' title='bbox 624 3097 829 3152; x_wconf 67' lang='lat' dir='ltr'>animas</span> <span class='ocrx_word' id='word_1_439' title='bbox 857 3102 1054 3153; x_wconf 86' lang='lat' dir='ltr'>autem</span> <span class='ocrx_word' id='word_1_440' title='bbox 1081 3098 1197 3153; x_wconf 91' lang='lat' dir='ltr'>Deo</span> <span class='ocrx_word' id='word_1_441' title='bbox 1228 3097 1435 3164; x_wconf 83' lang='lat' dir='ltr'>ﬂorent</span> <span class='ocrx_word' id='word_1_442' title='bbox 1463 3115 1530 3155; x_wconf 83' lang='lat' dir='ltr'>ac</span> <span class='ocrx_word' id='word_1_443' title='bbox 1560 3100 1909 3170; x_wconf 81' lang='lat' dir='ltr'>pubescunt.</span> 
     </span>
    </p>
   </div>
   <div class='ocr_carea' id='block_1_58' title="bbox 498 3183 2140 3260">
    <p class='ocr_par' dir='ltr' id='par_1_58' title="bbox 498 3183 2140 3260">
     <span class='ocr_line' id='line_1_58' title="bbox 498 3183 2140 3260; baseline -0.002 -19"><span class='ocrx_word' id='word_1_444' title='bbox 498 3184 568 3241; x_wconf 84' lang='grc' dir='ltr'>Γ’.</span> <span class='ocrx_word' id='word_1_445' title='bbox 604 3184 785 3258; x_wconf 63' lang='grc' dir='ltr'>Πατὴρ</span> <span class='ocrx_word' id='word_1_446' title='bbox 820 3183 915 3257; x_wconf 72' lang='grc' dir='ltr'>μὶν</span> <span class='ocrx_word' id='word_1_447' title='bbox 949 3183 1010 3242; x_wconf 60' lang='lat' dir='ltr'>ix</span> <span class='ocrx_word' id='word_1_448' title='bbox 1054 3191 1155 3254; x_wconf 78' lang='grc' dir='ltr'>τῆς</span> <span class='ocrx_word' id='word_1_449' title='bbox 1204 3185 1518 3260; x_wconf 71' lang='grc' dir='ltr'>ἀγριελαίου</span> <span class='ocrx_word' id='word_1_450' title='bbox 1560 3185 1745 3246; x_wconf 74' lang='grc' dir='ltr'>καλῶς</span> <span class='ocrx_word' id='word_1_451' title='bbox 1793 3184 2066 3259; x_wconf 72' lang='grc' dir='ltr'>ἐγκεντριο</span> <span class='ocrx_word' id='word_1_452' title='bbox 2097 3190 2140 3255; x_wconf 78' lang='lat' dir='ltr'>C</span> 
     </span>
    </p>
   </div>
   <div class='ocr_carea' id='block_1_59' title="bbox 420 3271 2066 3344">
    <p class='ocr_par' dir='ltr' id='par_1_59' title="bbox 420 3271 2066 3344">
     <span class='ocr_line' id='line_1_59' title="bbox 420 3271 2066 3344; baseline 0.002 -20"><span class='ocrx_word' id='word_1_453' title='bbox 420 3272 564 3333; x_wconf 76' lang='grc' dir='ltr'>σθεὶς</span> <span class='ocrx_word' id='word_1_454' title='bbox 596 3271 672 3333; x_wconf 84' lang='grc' dir='ltr'>εἷς</span> <span class='ocrx_word' id='word_1_455' title='bbox 719 3274 817 3341; x_wconf 79' lang='grc' dir='ltr'>τήν</span> <span class='ocrx_word' id='word_1_456' title='bbox 868 3271 1245 3341; x_wconf 69' lang='grc' dir='ltr'>καλλιέλαιον,</span> <span class='ocrx_word' id='word_1_457' title='bbox 1294 3274 1383 3327; x_wconf 81' lang='grc' dir='ltr'>καὶ</span> <span class='ocrx_word' id='word_1_458' title='bbox 1425 3279 1680 3329; x_wconf 79' lang='grc' dir='ltr'>τοσοῦτον</span> <span class='ocrx_word' id='word_1_459' title='bbox 1730 3276 2066 3344; x_wconf 78' lang='grc' dir='ltr'>κοινωνήσας</span> 
     </span>
    </p>
   </div>
   <div class='ocr_carea' id='block_1_60' title="bbox 418 3360 2065 3437">
    <p class='ocr_par' dir='ltr' id='par_1_60' title="bbox 418 3360 2065 3437">
     <span class='ocr_line' id='line_1_60' title="bbox 418 3360 2065 3437; baseline -0.001 -20"><span class='ocrx_word' id='word_1_460' title='bbox 418 3367 519 3428; x_wconf 73' lang='grc' dir='ltr'>τῆς</span> <span class='ocrx_word' id='word_1_461' title='bbox 578 3361 883 3432; x_wconf 59' lang='lat' dir='ltr'>metu&quot;,</span> <span class='ocrx_word' id='word_1_462' title='bbox 944 3360 1083 3418; x_wconf 79' lang='grc' dir='ltr'>ὥστε</span> <span class='ocrx_word' id='word_1_463' title='bbox 1135 3362 1226 3416; x_wconf 83' lang='grc' dir='ltr'>καὶ</span> <span class='ocrx_word' id='word_1_464' title='bbox 1300 3360 1505 3423; x_wconf 73' lang='grc' dir='ltr'>ἄλλους</span> <span class='ocrx_word' id='word_1_465' title='bbox 1569 3361 1916 3437; x_wconf 77' lang='grc' dir='ltr'>ἐγκεντρίζιιν</span> <span class='ocrx_word' id='word_1_466' title='bbox 1976 3384 2065 3416; x_wconf 87' lang='grc' dir='ltr'>πι-</span> 
     </span>
    </p>
   </div>
   <div class='ocr_carea' id='block_1_61' title="bbox 414 3450 2062 3526">
    <p class='ocr_par' dir='ltr' id='par_1_61' title="bbox 414 3450 2062 3526">
     <span class='ocr_line' id='line_1_61' title="bbox 414 3450 2062 3526; baseline 0 -23"><span class='ocrx_word' id='word_1_467' title='bbox 414 3450 723 3517; x_wconf 78' lang='grc' dir='ltr'>στευθῆναι,</span> <span class='ocrx_word' id='word_1_468' title='bbox 774 3451 887 3521; x_wconf 83' lang='grc'>(59)</span> <span class='ocrx_word' id='word_1_469' title='bbox 938 3450 1027 3509; x_wconf 80' lang='grc' dir='ltr'>καὶ</span> <span class='ocrx_word' id='word_1_470' title='bbox 1077 3450 1355 3525; x_wconf 73' lang='grc' dir='ltr'>θεραπείαν</span> <span class='ocrx_word' id='word_1_471' title='bbox 1405 3450 1815 3526; x_wconf 70' lang='grc' dir='ltr'>ἇγχειρισθῆναι</span> <span class='ocrx_word' id='word_1_472' title='bbox 1850 3454 2062 3525; x_wconf 78' lang='grc' dir='ltr'>ψυχῶν,</span> 
     </span>
    </p>
   </div>
   <div class='ocr_carea' id='block_1_62' title="bbox 414 3535 2065 3615">
    <p class='ocr_par' dir='ltr' id='par_1_62' title="bbox 414 3535 2065 3615">
     <span class='ocr_line' id='line_1_62' title="bbox 414 3535 2065 3615; baseline 0.001 -24"><span class='ocrx_word' id='word_1_473' title='bbox 414 3535 632 3610; x_wconf 69' lang='grc' dir='ltr'>ὑψηλὸς</span> <span class='ocrx_word' id='word_1_474' title='bbox 665 3536 892 3611; x_wconf 71' lang='grc' dir='ltr'>ὑψηλῶς</span> <span class='ocrx_word' id='word_1_475' title='bbox 916 3542 1013 3595; x_wconf 70' lang='grc' dir='ltr'>τοῦ</span> <span class='ocrx_word' id='word_1_476' title='bbox 1046 3536 1182 3594; x_wconf 80' lang='grc' dir='ltr'>λαοῦ</span> <span class='ocrx_word' id='word_1_477' title='bbox 1224 3537 1385 3599; x_wconf 68' lang='grc' dir='ltr'>τοῦδε</span> <span class='ocrx_word' id='word_1_478' title='bbox 1413 3540 1910 3615; x_wconf 69' lang='grc' dir='ltr'>προκαθεζόμενος,</span> <span class='ocrx_word' id='word_1_479' title='bbox 1942 3542 2065 3593; x_wconf 78' lang='grc' dir='ltr'>³Δα-</span> 
     </span>
    </p>
   </div>
   <div class='ocr_carea' id='block_1_63' title="bbox 415 3624 2060 3702">
    <p class='ocr_par' dir='ltr' id='par_1_63' title="bbox 415 3624 2060 3702">
     <span class='ocr_line' id='line_1_63' title="bbox 415 3624 2060 3702; baseline 0 -21"><span class='ocrx_word' id='word_1_480' title='bbox 415 3627 521 3695; x_wconf 85' lang='grc' dir='ltr'>ρών</span> <span class='ocrx_word' id='word_1_481' title='bbox 555 3647 636 3687; x_wconf 72' lang='grc' dir='ltr'>τις</span> <span class='ocrx_word' id='word_1_482' title='bbox 670 3624 937 3702; x_wconf 74' lang='grc' dir='ltr'>δεύτερος,</span> <span class='ocrx_word' id='word_1_483' title='bbox 968 3627 1003 3695; x_wconf 77' lang='grc' dir='ltr'><strong>ἢ</strong></span> <span class='ocrx_word' id='word_1_484' title='bbox 1056 3630 1315 3696; x_wconf 77' lang='grc' dir='ltr'>Μωϋσῆς,</span> <span class='ocrx_word' id='word_1_485' title='bbox 1367 3633 1481 3699; x_wconf 81' lang='grc' dir='ltr'>Θεῷ</span> <span class='ocrx_word' id='word_1_486' title='bbox 1528 3626 1849 3698; x_wconf 79' lang='grc' dir='ltr'>πλησιάζειν</span> <span class='ocrx_word' id='word_1_487' title='bbox 1895 3628 2060 3697; x_wconf 72' lang='grc' dir='ltr'>ἠξιω-</span> 
     </span>
    </p>
   </div>
   <div class='ocr_carea' id='block_1_64' title="bbox 416 3714 2060 3793">
    <p class='ocr_par' dir='ltr' id='par_1_64' title="bbox 416 3714 2060 3793">
     <span class='ocr_line' id='line_1_64' title="bbox 416 3714 2060 3793; baseline 0.002 -26"><span class='ocrx_word' id='word_1_488' title='bbox 416 3714 594 3785; x_wconf 63' lang='grc' dir='ltr'>μένος,</span> <span class='ocrx_word' id='word_1_489' title='bbox 625 3715 714 3769; x_wconf 79' lang='grc' dir='ltr'>καὶ</span> <span class='ocrx_word' id='word_1_490' title='bbox 764 3714 905 3771; x_wconf 79' lang='grc' dir='ltr'>θείαν</span> <span class='ocrx_word' id='word_1_491' title='bbox 956 3716 1137 3793; x_wconf 77' lang='grc' dir='ltr'>φωνὴν</span> <span class='ocrx_word' id='word_1_492' title='bbox 1186 3721 1472 3791; x_wconf 81' lang='grc' dir='ltr'>χορηγεῖν,</span> <span class='ocrx_word' id='word_1_493' title='bbox 1521 3722 1637 3777; x_wconf 86' lang='grc' dir='ltr'>τοῖς</span> <span class='ocrx_word' id='word_1_494' title='bbox 1684 3715 1877 3786; x_wconf 78' lang='grc' dir='ltr'>ἄλλοις</span> <span class='ocrx_word' id='word_1_495' title='bbox 1908 3717 2060 3770; x_wconf 73' lang='grc' dir='ltr'>ἱστα-</span> 
     </span>
    </p>
   </div>
   <div class='ocr_carea' id='block_1_65' title="bbox 416 3801 2059 3878">
    <p class='ocr_par' dir='ltr' id='par_1_65' title="bbox 416 3801 2059 3878">
     <span class='ocr_line' id='line_1_65' title="bbox 416 3801 2059 3878; baseline 0.001 -21"><span class='ocrx_word' id='word_1_496' title='bbox 416 3803 598 3873; x_wconf 69' lang='grc' dir='ltr'>μένοις</span> <span class='ocrx_word' id='word_1_497' title='bbox 643 3801 945 3877; x_wconf 79' lang='grc' dir='ltr'>πόῤῥωθεν,</span> <span class='ocrx_word' id='word_1_498' title='bbox 995 3810 1190 3878; x_wconf 80' lang='grc' dir='ltr'>πρᾶος,</span> <span class='ocrx_word' id='word_1_499' title='bbox 1242 3803 1534 3878; x_wconf 81' lang='grc' dir='ltr'>ἀόργητος,</span> <span class='ocrx_word' id='word_1_500' title='bbox 1585 3803 1828 3878; x_wconf 82' lang='grc' dir='ltr'>γαληνὸς</span> <span class='ocrx_word' id='word_1_501' title='bbox 1874 3806 1937 3859; x_wconf 84' lang='grc' dir='ltr'>τὸ</span> <span class='ocrx_word' id='word_1_502' title='bbox 1985 3806 2059 3859; x_wconf 79' lang='grc' dir='ltr'>εἶ-</span> 
     </span>
    </p>
   </div>
   <div class='ocr_carea' id='block_1_66' title="bbox 412 3886 2059 3969">
    <p class='ocr_par' dir='ltr' id='par_1_66' title="bbox 412 3886 2059 3969">
     <span class='ocr_line' id='line_1_66' title="bbox 412 3886 2059 3969; baseline 0.002 -24"><span class='ocrx_word' id='word_1_503' title='bbox 412 3886 504 3951; x_wconf 72' lang='grc' dir='ltr'>δος</span> <span class='ocrx_word' id='word_1_504' title='bbox 527 3892 663 3959; x_wconf 82' lang='grc'>(60),</span> <span class='ocrx_word' id='word_1_505' title='bbox 697 3891 895 3963; x_wconf 59' lang='grc' dir='ltr'>ίθερμὸς</span> <span class='ocrx_word' id='word_1_506' title='bbox 922 3891 985 3948; x_wconf 75' lang='grc' dir='ltr'>τὸ</span> <span class='ocrx_word' id='word_1_507' title='bbox 1015 3896 1248 3967; x_wconf 79' lang='grc' dir='ltr'>πνεῦμα,</span> <span class='ocrx_word' id='word_1_508' title='bbox 1281 3891 1457 3953; x_wconf 78' lang='grc' dir='ltr'>πολὺς</span> <span class='ocrx_word' id='word_1_509' title='bbox 1486 3892 1548 3946; x_wconf 80' lang='grc' dir='ltr'>τὸ</span> <span class='ocrx_word' id='word_1_510' title='bbox 1580 3892 1899 3969; x_wconf 78' lang='grc' dir='ltr'>φαινόμενον</span> <span class='ocrx_word' id='word_1_511' title='bbox 1925 3896 2059 3965; x_wconf 78' lang='grc'>(61),</span> 
     </span>
    </p>
   </div>
   <div class='ocr_carea' id='block_1_67' title="bbox 410 3977 2057 4056">
    <p class='ocr_par' dir='ltr' id='par_1_67' title="bbox 410 3977 2057 4056">
     <span class='ocr_line' id='line_1_67' title="bbox 410 3977 2057 4056; baseline 0.002 -24"><span class='ocrx_word' id='word_1_512' title='bbox 410 3977 822 4054; x_wconf 73' lang='grc' dir='ltr'>πλουσιώτερος</span> <span class='ocrx_word' id='word_1_513' title='bbox 851 3980 915 4037; x_wconf 63' lang='grc' dir='ltr'>τὸ</span> <span class='ocrx_word' id='word_1_514' title='bbox 936 3979 1332 4053; x_wconf 75' lang='grc' dir='ltr'>κρυπτόμενον.</span> <span class='ocrx_word' id='word_1_515' title='bbox 1365 3980 1427 4035; x_wconf 87' lang='grc' dir='ltr'>Τί</span> <span class='ocrx_word' id='word_1_516' title='bbox 1460 3979 1518 4035; x_wconf 72' lang='grc' dir='ltr'>ἂν</span> <span class='ocrx_word' id='word_1_517' title='bbox 1570 3981 1695 4053; x_wconf 84' lang='grc' dir='ltr'>ὑμῖν</span> <span class='ocrx_word' id='word_1_518' title='bbox 1747 3981 2057 4056; x_wconf 78' lang='grc' dir='ltr'>ἀναζωγρα-</span> 
     </span>
    </p>
   </div>
   <div class='ocr_carea' id='block_1_68' title="bbox 411 4066 2056 4145">
    <p class='ocr_par' dir='ltr' id='par_1_68' title="bbox 411 4066 2056 4145">
     <span class='ocr_line' id='line_1_68' title="bbox 411 4066 2056 4145; baseline -0.002 -20"><span class='ocrx_word' id='word_1_519' title='bbox 411 4068 573 4145; x_wconf 74' lang='grc' dir='ltr'>φοίην</span> <span class='ocrx_word' id='word_1_520' title='bbox 599 4066 693 4131; x_wconf 73' lang='grc' dir='ltr'>τὰν</span> <span class='ocrx_word' id='word_1_521' title='bbox 725 4068 1131 4142; x_wconf 74' lang='grc' dir='ltr'>γινωσκόμενον</span> <span class='ocrx_word' id='word_1_522' title='bbox 1162 4095 1176 4135; x_wconf 66' lang='grc' dir='ltr'>ι</span> <span class='ocrx_word' id='word_1_523' title='bbox 1206 4066 1341 4123; x_wconf 68' lang='grc' dir='ltr'>Οὐδὲ</span> <span class='ocrx_word' id='word_1_524' title='bbox 1368 4069 1469 4143; x_wconf 80' lang='grc' dir='ltr'>γὰρ</span> <span class='ocrx_word' id='word_1_525' title='bbox 1504 4069 1549 4124; x_wconf 76' lang='grc' dir='ltr'>εἰ</span> <span class='ocrx_word' id='word_1_526' title='bbox 1584 4070 1785 4143; x_wconf 83' lang='grc' dir='ltr'>μακρὸν</span> <span class='ocrx_word' id='word_1_527' title='bbox 1836 4068 2056 4123; x_wconf 81' lang='grc' dir='ltr'>ἀποτεί-</span> 
     </span>
    </p>
   </div>
   <div class='ocr_carea' id='block_1_69' title="bbox 409 4154 2055 4230">
    <p class='ocr_par' dir='ltr' id='par_1_69' title="bbox 409 4154 2055 4230">
     <span class='ocr_line' id='line_1_69' title="bbox 409 4154 2055 4230; baseline 0 -21"><span class='ocrx_word' id='word_1_528' title='bbox 409 4176 597 4229; x_wconf 72' lang='grc' dir='ltr'>νοιμιν</span> <span class='ocrx_word' id='word_1_529' title='bbox 650 4155 839 4228; x_wconf 77' lang='grc' dir='ltr'>λόγον,</span> <span class='ocrx_word' id='word_1_530' title='bbox 898 4154 1144 4230; x_wconf 69' lang='grc' dir='ltr'>εἴποιμεν</span> <span class='ocrx_word' id='word_1_531' title='bbox 1202 4155 1262 4213; x_wconf 75' lang='grc' dir='ltr'>ἄν</span> <span class='ocrx_word' id='word_1_532' title='bbox 1317 4178 1369 4211; x_wconf 76' lang='grc' dir='ltr'>τι</span> <span class='ocrx_word' id='word_1_533' title='bbox 1417 4162 1674 4212; x_wconf 78' lang='grc' dir='ltr'>τοσοῦτον</span> <span class='ocrx_word' id='word_1_534' title='bbox 1725 4157 1847 4212; x_wconf 77' lang='grc' dir='ltr'>ὅσον</span> <span class='ocrx_word' id='word_1_535' title='bbox 1888 4156 2055 4228; x_wconf 77' lang='grc' dir='ltr'>ἄξιον,</span> 
     </span>
    </p>
   </div>
   <div class='ocr_carea' id='block_1_70' title="bbox 408 4241 2060 4319">
    <p class='ocr_par' dir='ltr' id='par_1_70' title="bbox 408 4241 2060 4319">
     <span class='ocr_line' id='line_1_70' title="bbox 408 4241 2060 4319; baseline 0.002 -22"><span class='ocrx_word' id='word_1_536' title='bbox 408 4244 500 4305; x_wconf 75' lang='grc' dir='ltr'>καὶ</span> <span class='ocrx_word' id='word_1_537' title='bbox 552 4244 676 4303; x_wconf 76' lang='grc' dir='ltr'>’ὀσον</span> <span class='ocrx_word' id='word_1_538' title='bbox 733 4241 964 4307; x_wconf 70' lang='grc' dir='ltr'>ἕκαστος</span> <span class='ocrx_word' id='word_1_539' title='bbox 1024 4244 1398 4302; x_wconf 73' lang='grc' dir='ltr'>συνεπίσταταί</span> <span class='ocrx_word' id='word_1_540' title='bbox 1453 4248 1565 4319; x_wconf 84' lang='lat'>(62)</span> <span class='ocrx_word' id='word_1_541' title='bbox 1613 4267 1672 4300; x_wconf 76' lang='grc' dir='ltr'>τε</span> <span class='ocrx_word' id='word_1_542' title='bbox 1717 4246 1805 4301; x_wconf 83' lang='grc' dir='ltr'>καὶ</span> <span class='ocrx_word' id='word_1_543' title='bbox 1842 4246 2060 4300; x_wconf 78' lang='grc' dir='ltr'>ἀπαιτεῖ</span> 
     </span>
    </p>
   </div>
   <div class='ocr_carea' id='block_1_71' title="bbox 407 4332 2054 4410">
    <p class='ocr_par' dir='ltr' id='par_1_71' title="bbox 407 4332 2054 4410">
     <span class='ocr_line' id='line_1_71' title="bbox 407 4332 2054 4410; baseline 0.001 -23"><span class='ocrx_word' id='word_1_544' title='bbox 407 4333 499 4391; x_wconf 87' lang='grc' dir='ltr'>τὸν</span> <span class='ocrx_word' id='word_1_545' title='bbox 556 4332 739 4407; x_wconf 85' lang='grc' dir='ltr'>λόγον·</span> <span class='ocrx_word' id='word_1_546' title='bbox 800 4333 891 4391; x_wconf 75' lang='grc' dir='ltr'>καὶ</span> <span class='ocrx_word' id='word_1_547' title='bbox 946 4332 1159 4410; x_wconf 67' lang='grc' dir='ltr'>βέλτιον</span> <span class='ocrx_word' id='word_1_548' title='bbox 1208 4340 1327 4401; x_wconf 73' lang='grc' dir='ltr'>ταῖς</span> <span class='ocrx_word' id='word_1_549' title='bbox 1379 4334 1660 4399; x_wconf 77' lang='grc' dir='ltr'>ὑπονοίαις</span> <span class='ocrx_word' id='word_1_550' title='bbox 1703 4340 2054 4410; x_wconf 79' lang='grc' dir='ltr'>παραχωρεῖν</span> 
     </span>
    </p>
   </div>
   <div class='ocr_carea' id='block_1_72' title="bbox 406 4419 2053 4498">
    <p class='ocr_par' dir='ltr' id='par_1_72' title="bbox 406 4419 2053 4498">
     <span class='ocr_line' id='line_1_72' title="bbox 406 4419 2053 4498; baseline -0.002 -17"><span class='ocrx_word' id='word_1_551' title='bbox 406 4421 586 4493; x_wconf 77' lang='grc' dir='ltr'>(63)ἢ</span> <span class='ocrx_word' id='word_1_552' title='bbox 646 4426 727 4493; x_wconf 73' lang='grc' dir='ltr'>τῷ</span> <span class='ocrx_word' id='word_1_553' title='bbox 787 4419 937 4498; x_wconf 80' lang='grc' dir='ltr'>λόγῳ</span> <span class='ocrx_word' id='word_1_554' title='bbox 991 4422 1055 4477; x_wconf 69' lang='grc' dir='ltr'>τὸ</span> <span class='ocrx_word' id='word_1_555' title='bbox 1111 4420 1256 4479; x_wconf 76' lang='grc' dir='ltr'>πολὺ</span> <span class='ocrx_word' id='word_1_556' title='bbox 1299 4422 1644 4498; x_wconf 77' lang='grc' dir='ltr'>περικόπτειν</span> <span class='ocrx_word' id='word_1_557' title='bbox 1701 4428 1798 4479; x_wconf 80' lang='grc' dir='ltr'>τοῦ</span> <span class='ocrx_word' id='word_1_558' title='bbox 1847 4423 2053 4495; x_wconf 71' lang='grc' dir='ltr'>θαύμα-</span> 
     </span>
    </p>
   </div>
   <div class='ocr_carea' id='block_1_73' title="bbox 404 4530 524 4572">
    <p class='ocr_par' dir='ltr' id='par_1_73' title="bbox 404 4530 524 4572">
     <span class='ocr_line' id='line_1_73' title="bbox 404 4530 524 4572; baseline -0.008 -6"><span class='ocrx_word' id='word_1_559' title='bbox 404 4530 524 4572; x_wconf 80' lang='grc' dir='ltr'>τος.</span> 
     </span>
    </p>
   </div>
   <div class='ocr_carea' id='block_1_74' title="bbox 2255 3187 3822 3259">
    <p class='ocr_par' dir='ltr' id='par_1_74' title="bbox 2255 3187 3822 3259">
     <span class='ocr_line' id='line_1_74' title="bbox 2255 3187 3822 3259; baseline 0.001 -17"><span class='ocrx_word' id='word_1_560' title='bbox 2255 3189 2348 3242; x_wconf 84' lang='grc' dir='ltr'>[ΙΙ.</span> <span class='ocrx_word' id='word_1_561' title='bbox 2384 3192 2555 3242; x_wconf 84' lang='lat' dir='ltr'>Pater</span> <span class='ocrx_word' id='word_1_562' title='bbox 2582 3188 2819 3259; x_wconf 88' lang='lat' dir='ltr'>quidem</span> <span class='ocrx_word' id='word_1_563' title='bbox 2852 3205 2919 3242; x_wconf 86' lang='lat' dir='ltr'>ex</span> <span class='ocrx_word' id='word_1_564' title='bbox 2951 3188 3201 3243; x_wconf 89' lang='lat' dir='ltr'>oleastro</span> <span class='ocrx_word' id='word_1_565' title='bbox 3230 3189 3287 3243; x_wconf 90' lang='lat' dir='ltr'>in</span> <span class='ocrx_word' id='word_1_566' title='bbox 3322 3187 3679 3243; x_wconf 83' lang='lat' dir='ltr'>fructiferam</span> <span class='ocrx_word' id='word_1_567' title='bbox 3715 3188 3822 3244; x_wconf 91' lang='lat' dir='ltr'>oli-</span> 
     </span>
    </p>
   </div>
   <div class='ocr_carea' id='block_1_75' title="bbox 2177 3276 3823 3348">
    <p class='ocr_par' dir='ltr' id='par_1_75' title="bbox 2177 3276 3823 3348">
     <span class='ocr_line' id='line_1_75' title="bbox 2177 3276 3823 3348; baseline 0.002 -19"><span class='ocrx_word' id='word_1_568' title='bbox 2177 3294 2304 3331; x_wconf 88' lang='lat' dir='ltr'>vam</span> <span class='ocrx_word' id='word_1_569' title='bbox 2362 3276 2601 3348; x_wconf 89' lang='lat' dir='ltr'>pulchre</span> <span class='ocrx_word' id='word_1_570' title='bbox 2658 3276 2889 3341; x_wconf 87' lang='lat' dir='ltr'>insitus,</span> <span class='ocrx_word' id='word_1_571' title='bbox 2944 3277 3432 3348; x_wconf 81' lang='lat' dir='ltr'>pinguedinisque</span> <span class='ocrx_word' id='word_1_572' title='bbox 3462 3292 3651 3348; x_wconf 93' lang='lat' dir='ltr'>usque</span> <span class='ocrx_word' id='word_1_573' title='bbox 3681 3278 3823 3333; x_wconf 89' lang='lat' dir='ltr'>adeo</span> 
     </span>
    </p>
   </div>
   <div class='ocr_carea' id='block_1_76' title="bbox 2175 3365 3826 3437">
    <p class='ocr_par' dir='ltr' id='par_1_76' title="bbox 2175 3365 3826 3437">
     <span class='ocr_line' id='line_1_76' title="bbox 2175 3365 3826 3437; baseline 0.001 -17"><span class='ocrx_word' id='word_1_574' title='bbox 2175 3366 2466 3436; x_wconf 87' lang='lat' dir='ltr'>particeps</span> <span class='ocrx_word' id='word_1_575' title='bbox 2499 3365 2704 3430; x_wconf 86' lang='lat' dir='ltr'>factus,</span> <span class='ocrx_word' id='word_1_576' title='bbox 2740 3371 2803 3419; x_wconf 91' lang='lat' dir='ltr'>ut</span> <span class='ocrx_word' id='word_1_577' title='bbox 2860 3365 3003 3421; x_wconf 92' lang='lat' dir='ltr'>alios</span> <span class='ocrx_word' id='word_1_578' title='bbox 3060 3382 3288 3437; x_wconf 90' lang='lat' dir='ltr'>quoque</span> <span class='ocrx_word' id='word_1_579' title='bbox 3346 3366 3639 3421; x_wconf 89' lang='lat' dir='ltr'>inserendi</span> <span class='ocrx_word' id='word_1_580' title='bbox 3684 3382 3826 3421; x_wconf 90' lang='lat' dir='ltr'>cura</span> 
     </span>
    </p>
   </div>
   <div class='ocr_carea' id='block_1_77' title="bbox 2173 3453 3820 3524">
    <p class='ocr_par' dir='ltr' id='par_1_77' title="bbox 2173 3453 3820 3524">
     <span class='ocr_line' id='line_1_77' title="bbox 2173 3453 3820 3524; baseline 0.002 -17"><span class='ocrx_word' id='word_1_581' title='bbox 2173 3454 2283 3524; x_wconf 91' lang='lat' dir='ltr'>ipsi</span> <span class='ocrx_word' id='word_1_582' title='bbox 2316 3453 2651 3521; x_wconf 87' lang='lat' dir='ltr'>commissa,</span> <span class='ocrx_word' id='word_1_583' title='bbox 2686 3459 2741 3507; x_wconf 91' lang='lat' dir='ltr'>et</span> <span class='ocrx_word' id='word_1_584' title='bbox 2772 3454 3097 3508; x_wconf 88' lang='lat' dir='ltr'>animarum</span> <span class='ocrx_word' id='word_1_585' title='bbox 3153 3455 3383 3509; x_wconf 88' lang='lat' dir='ltr'>cultura</span> <span class='ocrx_word' id='word_1_586' title='bbox 3413 3456 3690 3509; x_wconf 85' lang='lat' dir='ltr'>mandata</span> <span class='ocrx_word' id='word_1_587' title='bbox 3721 3455 3820 3522; x_wconf 85' lang='lat' dir='ltr'>sit,</span> 
     </span>
    </p>
   </div>
   <div class='ocr_carea' id='block_1_78' title="bbox 2173 3541 3823 3615">
    <p class='ocr_par' dir='ltr' id='par_1_78' title="bbox 2173 3541 3823 3615">
     <span class='ocr_line' id='line_1_78' title="bbox 2173 3541 3823 3615; baseline 0.002 -19"><span class='ocrx_word' id='word_1_588' title='bbox 2173 3544 2435 3597; x_wconf 87' lang='lat' dir='ltr'>excelsus</span> <span class='ocrx_word' id='word_1_589' title='bbox 2501 3541 2723 3596; x_wconf 89' lang='lat' dir='ltr'>excelse</span> <span class='ocrx_word' id='word_1_590' title='bbox 2779 3542 2912 3595; x_wconf 90' lang='lat' dir='ltr'>huic</span> <span class='ocrx_word' id='word_1_591' title='bbox 2988 3543 3200 3613; x_wconf 88' lang='lat' dir='ltr'>populo</span> <span class='ocrx_word' id='word_1_592' title='bbox 3276 3544 3615 3615; x_wconf 84' lang='lat' dir='ltr'>praesidens,</span> <span class='ocrx_word' id='word_1_593' title='bbox 3678 3542 3823 3599; x_wconf 85' lang='lat' dir='ltr'>alter</span> 
     </span>
    </p>
   </div>
   <div class='ocr_carea' id='block_1_79' title="bbox 2171 3630 3824 3702">
    <p class='ocr_par' dir='ltr' id='par_1_79' title="bbox 2171 3630 3824 3702">
     <span class='ocr_line' id='line_1_79' title="bbox 2171 3630 3824 3702; baseline 0 -17"><span class='ocrx_word' id='word_1_594' title='bbox 2171 3633 2383 3698; x_wconf 88' lang='lat' dir='ltr'>Aaron,</span> <span class='ocrx_word' id='word_1_595' title='bbox 2416 3635 2516 3684; x_wconf 87' lang='lat' dir='ltr'>aut</span> <span class='ocrx_word' id='word_1_596' title='bbox 2544 3633 2749 3693; x_wconf 82' lang='lat' dir='ltr'>Moses,</span> <span class='ocrx_word' id='word_1_597' title='bbox 2786 3630 2933 3687; x_wconf 81' lang='lat' dir='ltr'>hanc</span> <span class='ocrx_word' id='word_1_598' title='bbox 2964 3631 3310 3702; x_wconf 87' lang='lat' dir='ltr'>dignitatem</span> <span class='ocrx_word' id='word_1_599' title='bbox 3352 3635 3723 3697; x_wconf 89' lang='lat' dir='ltr'>consecutus,</span> <span class='ocrx_word' id='word_1_600' title='bbox 3756 3634 3824 3685; x_wconf 92' lang='lat' dir='ltr'>ut</span> 
     </span>
    </p>
   </div>
   <div class='ocr_carea' id='block_1_80' title="bbox 2172 3718 3821 3789">
    <p class='ocr_par' dir='ltr' id='par_1_80' title="bbox 2172 3718 3821 3789">
     <span class='ocr_line' id='line_1_80' title="bbox 2172 3718 3821 3789; baseline 0.001 -16"><span class='ocrx_word' id='word_1_601' title='bbox 2172 3720 2241 3773; x_wconf 90' lang='lat' dir='ltr'>ad</span> <span class='ocrx_word' id='word_1_602' title='bbox 2276 3720 2455 3773; x_wconf 90' lang='lat' dir='ltr'>Deum</span> <span class='ocrx_word' id='word_1_603' title='bbox 2518 3719 2965 3789; x_wconf 79' lang='lat' dir='ltr'>appropinquat,</span> <span class='ocrx_word' id='word_1_604' title='bbox 3001 3736 3065 3774; x_wconf 87' lang='lat' dir='ltr'>ac</span> <span class='ocrx_word' id='word_1_605' title='bbox 3118 3736 3315 3774; x_wconf 91' lang='lat' dir='ltr'>vocem</span> <span class='ocrx_word' id='word_1_606' title='bbox 3376 3719 3630 3773; x_wconf 89' lang='lat' dir='ltr'>divinam</span> <span class='ocrx_word' id='word_1_607' title='bbox 3688 3718 3821 3775; x_wconf 85' lang='lat' dir='ltr'>aliis</span> 
     </span>
    </p>
   </div>
   <div class='ocr_carea' id='block_1_81' title="bbox 2173 3807 3819 3877">
    <p class='ocr_par' dir='ltr' id='par_1_81' title="bbox 2173 3807 3819 3877">
     <span class='ocr_line' id='line_1_81' title="bbox 2173 3807 3819 3877; baseline 0.001 -16"><span class='ocrx_word' id='word_1_608' title='bbox 2173 3807 2370 3877; x_wconf 88' lang='lat' dir='ltr'>procul</span> <span class='ocrx_word' id='word_1_609' title='bbox 2436 3807 2728 3860; x_wconf 86' lang='lat' dir='ltr'>stantibus</span> <span class='ocrx_word' id='word_1_610' title='bbox 2808 3807 3239 3871; x_wconf 88' lang='lat' dir='ltr'>subministret,</span> <span class='ocrx_word' id='word_1_611' title='bbox 3314 3812 3678 3877; x_wconf 89' lang='lat' dir='ltr'>mansuetus,</span> <span class='ocrx_word' id='word_1_612' title='bbox 3747 3808 3819 3862; x_wconf 89' lang='lat' dir='ltr'>ab</span> 
     </span>
    </p>
   </div>
   <div class='ocr_carea' id='block_1_82' title="bbox 2171 3893 3817 3966">
    <p class='ocr_par' dir='ltr' id='par_1_82' title="bbox 2171 3893 3817 3966">
     <span class='ocr_line' id='line_1_82' title="bbox 2171 3893 3817 3966; baseline 0.001 -18"><span class='ocrx_word' id='word_1_613' title='bbox 2171 3896 2258 3949; x_wconf 90' lang='lat' dir='ltr'>ira</span> <span class='ocrx_word' id='word_1_614' title='bbox 2289 3896 2534 3961; x_wconf 90' lang='lat' dir='ltr'>alienus,</span> <span class='ocrx_word' id='word_1_615' title='bbox 2569 3893 2733 3947; x_wconf 90' lang='lat' dir='ltr'>vultu</span> <span class='ocrx_word' id='word_1_616' title='bbox 2771 3895 3143 3963; x_wconf 89' lang='lat' dir='ltr'>tranquillus,</span> <span class='ocrx_word' id='word_1_617' title='bbox 3177 3895 3385 3966; x_wconf 86' lang='lat' dir='ltr'>spiritu</span> <span class='ocrx_word' id='word_1_618' title='bbox 3422 3895 3696 3960; x_wconf 87' lang='lat' dir='ltr'>fervidus,</span> <span class='ocrx_word' id='word_1_619' title='bbox 3731 3896 3817 3949; x_wconf 89' lang='lat' dir='ltr'>di-</span> 
     </span>
    </p>
   </div>
   <div class='ocr_carea' id='block_1_83' title="bbox 2169 3982 3816 4054">
    <p class='ocr_par' dir='ltr' id='par_1_83' title="bbox 2169 3982 3816 4054">
     <span class='ocr_line' id='line_1_83' title="bbox 2169 3982 3816 4054; baseline 0.002 -21"><span class='ocrx_word' id='word_1_620' title='bbox 2169 3998 2267 4037; x_wconf 87' lang='lat' dir='ltr'>ves</span> <span class='ocrx_word' id='word_1_621' title='bbox 2297 3983 2392 4037; x_wconf 91' lang='lat' dir='ltr'>his</span> <span class='ocrx_word' id='word_1_622' title='bbox 2425 3983 2598 4035; x_wconf 82' lang='lat' dir='ltr'>rebus</span> <span class='ocrx_word' id='word_1_623' title='bbox 2629 3999 2752 4049; x_wconf 73' lang='lat' dir='ltr'>quae</span> <span class='ocrx_word' id='word_1_624' title='bbox 2784 3982 2968 4035; x_wconf 86' lang='lat' dir='ltr'>oculis</span> <span class='ocrx_word' id='word_1_625' title='bbox 2997 3989 3336 4051; x_wconf 89' lang='lat' dir='ltr'>cernuntur,</span> <span class='ocrx_word' id='word_1_626' title='bbox 3368 3984 3543 4037; x_wconf 90' lang='lat' dir='ltr'>ditior</span> <span class='ocrx_word' id='word_1_627' title='bbox 3590 3983 3662 4037; x_wconf 89' lang='lat' dir='ltr'>iis</span> <span class='ocrx_word' id='word_1_628' title='bbox 3689 4000 3816 4054; x_wconf 64' lang='lat' dir='ltr'>qua</span> 
     </span>
    </p>
   </div>
   <div class='ocr_carea' id='block_1_84' title="bbox 2167 4070 3813 4139">
    <p class='ocr_par' dir='ltr' id='par_1_84' title="bbox 2167 4070 3813 4139">
     <span class='ocr_line' id='line_1_84' title="bbox 2167 4070 3813 4139; baseline 0.001 -15"><span class='ocrx_word' id='word_1_629' title='bbox 2167 4077 2333 4126; x_wconf 85' lang='lat' dir='ltr'>tectae</span> <span class='ocrx_word' id='word_1_630' title='bbox 2362 4074 2418 4124; x_wconf 89' lang='lat' dir='ltr'>et</span> <span class='ocrx_word' id='word_1_631' title='bbox 2447 4070 2799 4124; x_wconf 69' lang='lat' dir='ltr'>absconditae</span> <span class='ocrx_word' id='word_1_632' title='bbox 2831 4075 2985 4124; x_wconf 90' lang='lat' dir='ltr'>sunt.</span> <span class='ocrx_word' id='word_1_633' title='bbox 3020 4071 3163 4135; x_wconf 86' lang='lat' dir='ltr'>Quid</span> <span class='ocrx_word' id='word_1_634' title='bbox 3221 4075 3412 4125; x_wconf 88' lang='lat' dir='ltr'>autem</span> <span class='ocrx_word' id='word_1_635' title='bbox 3464 4071 3627 4126; x_wconf 91' lang='lat' dir='ltr'>vobis</span> <span class='ocrx_word' id='word_1_636' title='bbox 3656 4088 3813 4139; x_wconf 84' lang='lat' dir='ltr'>eum,</span> 
     </span>
    </p>
   </div>
   <div class='ocr_carea' id='block_1_85' title="bbox 2170 4158 3814 4231">
    <p class='ocr_par' dir='ltr' id='par_1_85' title="bbox 2170 4158 3814 4231">
     <span class='ocr_line' id='line_1_85' title="bbox 2170 4158 3814 4231; baseline 0.001 -19"><span class='ocrx_word' id='word_1_637' title='bbox 2170 4160 2268 4230; x_wconf 91' lang='lat' dir='ltr'>qui</span> <span class='ocrx_word' id='word_1_638' title='bbox 2305 4166 2476 4212; x_wconf 91' lang='lat' dir='ltr'>notus</span> <span class='ocrx_word' id='word_1_639' title='bbox 2507 4164 2617 4222; x_wconf 88' lang='lat' dir='ltr'>est,</span> <span class='ocrx_word' id='word_1_640' title='bbox 2651 4158 2976 4212; x_wconf 90' lang='lat' dir='ltr'>describere</span> <span class='ocrx_word' id='word_1_641' title='bbox 3024 4159 3378 4230; x_wconf 82' lang='lat' dir='ltr'>aggredior?</span> <span class='ocrx_word' id='word_1_642' title='bbox 3407 4160 3605 4231; x_wconf 90' lang='lat' dir='ltr'>Neque</span> <span class='ocrx_word' id='word_1_643' title='bbox 3635 4160 3814 4225; x_wconf 89' lang='lat' dir='ltr'>enim,</span> 
     </span>
    </p>
   </div>
   <div class='ocr_carea' id='block_1_86' title="bbox 2168 4246 3813 4320">
    <p class='ocr_par' dir='ltr' id='par_1_86' title="bbox 2168 4246 3813 4320">
     <span class='ocr_line' id='line_1_86' title="bbox 2168 4246 3813 4320; baseline 0 -17"><span class='ocrx_word' id='word_1_644' title='bbox 2168 4248 2397 4303; x_wconf 87' lang='lat' dir='ltr'>etiamsi</span> <span class='ocrx_word' id='word_1_645' title='bbox 2432 4263 2758 4301; x_wconf 84' lang='lat' dir='ltr'>sermonem</span> <span class='ocrx_word' id='word_1_646' title='bbox 2794 4247 2849 4299; x_wconf 92' lang='lat' dir='ltr'>in</span> <span class='ocrx_word' id='word_1_647' title='bbox 2884 4246 3124 4317; x_wconf 85' lang='lat' dir='ltr'>longum</span> <span class='ocrx_word' id='word_1_648' title='bbox 3160 4248 3581 4318; x_wconf 87' lang='lat' dir='ltr'>protraherem,</span> <span class='ocrx_word' id='word_1_649' title='bbox 3614 4265 3813 4320; x_wconf 89' lang='lat' dir='ltr'>parem</span> 
     </span>
    </p>
   </div>
   <div class='ocr_carea' id='block_1_87' title="bbox 2164 4336 3815 4407">
    <p class='ocr_par' dir='ltr' id='par_1_87' title="bbox 2164 4336 3815 4407">
     <span class='ocr_line' id='line_1_87' title="bbox 2164 4336 3815 4407; baseline 0.001 -17"><span class='ocrx_word' id='word_1_650' title='bbox 2164 4344 2357 4391; x_wconf 85' lang='lat' dir='ltr'>tamen</span> <span class='ocrx_word' id='word_1_651' title='bbox 2392 4336 2549 4390; x_wconf 90' lang='lat' dir='ltr'>illius</span> <span class='ocrx_word' id='word_1_652' title='bbox 2580 4336 2779 4389; x_wconf 87' lang='lat' dir='ltr'>virtuti</span> <span class='ocrx_word' id='word_1_653' title='bbox 2814 4336 3131 4390; x_wconf 86' lang='lat' dir='ltr'>orationem</span> <span class='ocrx_word' id='word_1_654' title='bbox 3183 4336 3470 4405; x_wconf 82' lang='lat' dir='ltr'>aﬂ&#39;errem,</span> <span class='ocrx_word' id='word_1_655' title='bbox 3499 4342 3815 4407; x_wconf 89' lang='lat' dir='ltr'>quantum-</span> 
     </span>
    </p>
   </div>
   <div class='ocr_carea' id='block_1_88' title="bbox 2166 4424 3820 4496">
    <p class='ocr_par' dir='ltr' id='par_1_88' title="bbox 2166 4424 3820 4496">
     <span class='ocr_line' id='line_1_88' title="bbox 2166 4424 3820 4496; baseline 0.001 -18"><span class='ocrx_word' id='word_1_656' title='bbox 2166 4441 2279 4496; x_wconf 83' lang='lat' dir='ltr'>que</span> <span class='ocrx_word' id='word_1_657' title='bbox 2311 4424 2720 4494; x_wconf 90' lang='lat' dir='ltr'>unusquisque</span> <span class='ocrx_word' id='word_1_658' title='bbox 2748 4430 3006 4478; x_wconf 90' lang='lat' dir='ltr'>vestrum</span> <span class='ocrx_word' id='word_1_659' title='bbox 3058 4426 3214 4479; x_wconf 89' lang='lat' dir='ltr'>novit</span> <span class='ocrx_word' id='word_1_660' title='bbox 3259 4441 3324 4479; x_wconf 84' lang='lat' dir='ltr'>ac</span> <span class='ocrx_word' id='word_1_661' title='bbox 3354 4425 3633 4496; x_wconf 85' lang='lat' dir='ltr'>postulat,</span> <span class='ocrx_word' id='word_1_662' title='bbox 3660 4424 3820 4480; x_wconf 84' lang='lat' dir='ltr'>dice-</span> 
     </span>
    </p>
   </div>
   <div class='ocr_carea' id='block_1_89' title="bbox 2086 4500 3821 4586">
    <p class='ocr_par' dir='ltr' id='par_1_89' title="bbox 2086 4500 3821 4586">
     <span class='ocr_line' id='line_1_89' title="bbox 2086 4500 3821 4586; baseline 0.002 -22"><span class='ocrx_word' id='word_1_663' title='bbox 2086 4500 2133 4564; x_wconf 90' lang='lat' dir='ltr'><strong>D</strong></span> <span class='ocrx_word' id='word_1_664' title='bbox 2167 4530 2309 4568; x_wconf 89' lang='lat' dir='ltr'>rem.</span> <span class='ocrx_word' id='word_1_665' title='bbox 2344 4520 2421 4566; x_wconf 84' lang='lat' dir='ltr'>Ac</span> <span class='ocrx_word' id='word_1_666' title='bbox 2456 4516 2689 4582; x_wconf 62' lang='lat' dir='ltr'>prastat</span> <span class='ocrx_word' id='word_1_667' title='bbox 2720 4512 2777 4565; x_wconf 90' lang='lat' dir='ltr'>id</span> <span class='ocrx_word' id='word_1_668' title='bbox 2808 4511 2867 4565; x_wconf 91' lang='lat' dir='ltr'>in</span> <span class='ocrx_word' id='word_1_669' title='bbox 2919 4514 3294 4583; x_wconf 90' lang='lat' dir='ltr'>opinionibus</span> <span class='ocrx_word' id='word_1_670' title='bbox 3336 4514 3545 4569; x_wconf 91' lang='lat' dir='ltr'>vestris</span> <span class='ocrx_word' id='word_1_671' title='bbox 3575 4520 3631 4569; x_wconf 90' lang='lat' dir='ltr'>et</span> <span class='ocrx_word' id='word_1_672' title='bbox 3657 4512 3821 4586; x_wconf 85' lang='lat' dir='ltr'>cogi-</span> 
     </span>
    </p>
   </div>
   <div class='ocr_carea' id='block_1_90' title="bbox 406 4599 3194 4674">
    <p class='ocr_par' dir='ltr' id='par_1_90' title="bbox 406 4599 3194 4674">
     <span class='ocr_line' id='line_1_90' title="bbox 406 4599 3194 4674; baseline 0.001 -21"><span class='ocrx_word' id='word_1_673' title='bbox 406 4599 739 4661; x_wconf 75' lang='lat' dir='ltr'>rstionlbus</span> <span class='ocrx_word' id='word_1_674' title='bbox 768 4600 1118 4672; x_wconf 80' lang='lat' dir='ltr'>relinquere,</span> <span class='ocrx_word' id='word_1_675' title='bbox 1146 4616 1325 4672; x_wconf 84' lang='lat' dir='ltr'>quam</span> <span class='ocrx_word' id='word_1_676' title='bbox 1355 4601 1511 4657; x_wconf 64' lang='lat'>$00</span> <span class='ocrx_word' id='word_1_677' title='bbox 1541 4616 1811 4657; x_wconf 86' lang='lat' dir='ltr'>sermone</span> <span class='ocrx_word' id='word_1_678' title='bbox 1842 4618 1971 4657; x_wconf 88' lang='lat' dir='ltr'>meo</span> <span class='ocrx_word' id='word_1_679' title='bbox 2002 4618 2275 4674; x_wconf 89' lang='lat' dir='ltr'>magnam</span> <span class='ocrx_word' id='word_1_680' title='bbox 2312 4600 2580 4655; x_wconf 86' lang='lat' dir='ltr'>miraculi</span> <span class='ocrx_word' id='word_1_681' title='bbox 2613 4606 2836 4671; x_wconf 89' lang='lat' dir='ltr'>partem</span> <span class='ocrx_word' id='word_1_682' title='bbox 2869 4606 3194 4673; x_wconf 89' lang='lat' dir='ltr'>amputare.</span> 
     </span>
    </p>
   </div>
   <div class='ocr_carea' id='block_1_91' title="bbox 479 4683 2058 4763">
    <p class='ocr_par' dir='ltr' id='par_1_91' title="bbox 479 4683 2058 4763">
     <span class='ocr_line' id='line_1_91' title="bbox 479 4683 2058 4763; baseline -0.003 -16"><span class='ocrx_word' id='word_1_683' title='bbox 479 4687 553 4748; x_wconf 66' lang='grc' dir='ltr'>Ν.</span> <span class='ocrx_word' id='word_1_684' title='bbox 584 4688 783 4762; x_wconf 70' lang='grc' dir='ltr'>Μήτηρ</span> <span class='ocrx_word' id='word_1_685' title='bbox 830 4683 889 4745; x_wconf 58' lang='lat' dir='ltr'>Si</span> <span class='ocrx_word' id='word_1_686' title='bbox 940 4688 1138 4751; x_wconf 77' lang='grc' dir='ltr'>ἄνωθεν</span> <span class='ocrx_word' id='word_1_687' title='bbox 1193 4688 1289 4762; x_wconf 73' lang='grc' dir='ltr'>μὲν</span> <span class='ocrx_word' id='word_1_688' title='bbox 1340 4687 1430 4742; x_wconf 82' lang='grc' dir='ltr'>καὶ</span> <span class='ocrx_word' id='word_1_689' title='bbox 1463 4687 1521 4747; x_wconf 77' lang='grc' dir='ltr'>ἐκ</span> <span class='ocrx_word' id='word_1_690' title='bbox 1566 4687 1852 4763; x_wconf 85' lang='grc' dir='ltr'>προγόνων</span> <span class='ocrx_word' id='word_1_691' title='bbox 1882 4700 2058 4752; x_wconf 73' lang='grc' dir='ltr'>καθιε-</span> 
     </span>
    </p>
   </div>
   <div class='ocr_carea' id='block_1_92' title="bbox 481 4881 1609 4951">
    <p class='ocr_par' dir='ltr' id='par_1_92' title="bbox 481 4881 1609 4951">
     <span class='ocr_line' id='line_1_92' title="bbox 481 4881 1609 4951; baseline 0.004 -15"><span class='ocrx_word' id='word_1_692' title='bbox 481 4881 527 4916; x_wconf 76' lang='lat'><strong>&quot;</strong></span> <span class='ocrx_word' id='word_1_693' title='bbox 558 4885 724 4938; x_wconf 86' lang='lat' dir='ltr'>Prov.</span> <span class='ocrx_word' id='word_1_694' title='bbox 753 4898 808 4949; x_wconf 77' lang='grc' dir='ltr'>κ,</span> <span class='ocrx_word' id='word_1_695' title='bbox 838 4882 895 4938; x_wconf 93' lang='lat'>7.</span> <span class='ocrx_word' id='word_1_696' title='bbox 973 4882 1018 4917; x_wconf 79' lang='grc'>⁸³</span> <span class='ocrx_word' id='word_1_697' title='bbox 1047 4882 1220 4939; x_wconf 78' lang='lat' dir='ltr'>Eeoli.</span> <span class='ocrx_word' id='word_1_698' title='bbox 1252 4900 1489 4951; x_wconf 81' lang='lat' dir='ltr'>xxxvm,</span> <span class='ocrx_word' id='word_1_699' title='bbox 1523 4885 1609 4940; x_wconf 83' lang='grc'>16.</span> 
     </span>
    </p>
   </div>
   <div class='ocr_carea' id='block_1_93' title="bbox 486 5071 1949 5147">
    <p class='ocr_par' dir='ltr' id='par_1_93' title="bbox 486 5071 1949 5147">
     <span class='ocr_line' id='line_1_93' title="bbox 486 5071 1949 5147; baseline 0.005 -23"><span class='ocrx_word' id='word_1_700' title='bbox 486 5071 595 5147; x_wconf 59' lang='grc'>(53)</span> <span class='ocrx_word' id='word_1_701' title='bbox 626 5072 961 5147; x_wconf 40' lang='grc' dir='ltr'>’Ἱσονηῐὶεθ</span> <span class='ocrx_word' id='word_1_702' title='bbox 997 5090 1050 5143; x_wconf 89' lang='lat' dir='ltr'>a,</span> <span class='ocrx_word' id='word_1_703' title='bbox 1082 5074 1254 5130; x_wconf 90' lang='lat' dir='ltr'>Coisl.</span> <span class='ocrx_word' id='word_1_704' title='bbox 1290 5076 1340 5147; x_wconf 81' lang='grc'>1,</span> <span class='ocrx_word' id='word_1_705' title='bbox 1377 5071 1527 5141; x_wconf 62' lang='grc' dir='ltr'>ἴσως,</span> <span class='ocrx_word' id='word_1_706' title='bbox 1556 5099 1581 5125; x_wconf 88' lang='grc'>‹‹</span> <span class='ocrx_word' id='word_1_707' title='bbox 1618 5077 1884 5136; x_wconf 87' lang='lat' dir='ltr'>fortasse.</span> <span class='ocrx_word' id='word_1_708' title='bbox 1921 5098 1949 5124; x_wconf 70' lang='grc' dir='ltr'>υ</span> 
     </span>
    </p>
   </div>
   <div class='ocr_carea' id='block_1_94' title="bbox 484 5144 2053 5220">
    <p class='ocr_par' dir='ltr' id='par_1_94' title="bbox 484 5144 2053 5220">
     <span class='ocr_line' id='line_1_94' title="bbox 484 5144 2053 5220; baseline 0.006 -25"><span class='ocrx_word' id='word_1_709' title='bbox 627 5144 1144 5220; x_wconf 36' lang='grc' dir='ltr'>Ἑπιθήσομινκβὶο</span> <span class='ocrx_word' id='word_1_710' title='bbox 1200 5144 1338 5220; x_wconf 79' lang='lat' dir='ltr'>Reg.</span> <span class='ocrx_word' id='word_1_711' title='bbox 1372 5147 1472 5220; x_wconf 84' lang='lat' dir='ltr'>ph,</span> <span class='ocrx_word' id='word_1_712' title='bbox 1513 5153 1631 5203; x_wconf 90' lang='lat' dir='ltr'>tres</span> <span class='ocrx_word' id='word_1_713' title='bbox 1664 5148 2053 5220; x_wconf 33' lang='lat' dir='ltr'>Cple.,__Coisl.</span> 
     </span>
    </p>
   </div>
   <div class='ocr_carea' id='block_1_95' title="bbox 412 5215 2055 5295">
    <p class='ocr_par' dir='ltr' id='par_1_95' title="bbox 412 5215 2055 5295">
     <span class='ocr_line' id='line_1_95' title="bbox 412 5215 2055 5295; baseline 0 -26"><span class='ocrx_word' id='word_1_714' title='bbox 412 5216 435 5269; x_wconf 90' lang='grc'><strong>1</strong></span> <span class='ocrx_word' id='word_1_715' title='bbox 474 5218 611 5295; x_wconf 82' lang='lat' dir='ltr'>et_2,</span> <span class='ocrx_word' id='word_1_716' title='bbox 642 5219 737 5295; x_wconf 86' lang='lat' dir='ltr'>(_)r.</span> <span class='ocrx_word' id='word_1_717' title='bbox 795 5216 849 5281; x_wconf 81' lang='grc'>1,</span> <span class='ocrx_word' id='word_1_718' title='bbox 902 5215 967 5270; x_wconf 88' lang='lat' dir='ltr'>et</span> <span class='ocrx_word' id='word_1_719' title='bbox 1014 5216 1256 5290; x_wconf 85' lang='lat' dir='ltr'>Hervag.</span> <span class='ocrx_word' id='word_1_720' title='bbox 1285 5215 1467 5275; x_wconf 36' lang='lat' dir='ltr'>&#39;Pir.’</span> <span class='ocrx_word' id='word_1_721' title='bbox 1505 5221 1645 5274; x_wconf 87' lang='lat' dir='ltr'>edit.</span> <span class='ocrx_word' id='word_1_722' title='bbox 1697 5215 2055 5295; x_wconf 70' lang='grc' dir='ltr'>ὶπιδεέξομεν,</span> 
     </span>
    </p>
   </div>
   <div class='ocr_carea' id='block_1_96' title="bbox 409 5288 932 5343">
    <p class='ocr_par' dir='ltr' id='par_1_96' title="bbox 409 5288 932 5343">
     <span class='ocr_line' id='line_1_96' title="bbox 409 5288 932 5343; baseline -0.004 -2"><span class='ocrx_word' id='word_1_723' title='bbox 409 5312 434 5335; x_wconf 88' lang='grc'><em>‹‹</em></span> <span class='ocrx_word' id='word_1_724' title='bbox 472 5288 873 5343; x_wconf 84' lang='lat' dir='ltr'>ostendemus.</span> <span class='ocrx_word' id='word_1_725' title='bbox 904 5309 932 5336; x_wconf 86' lang='lat'><strong>»</strong></span> 
     </span>
    </p>
   </div>
   <div class='ocr_carea' id='block_1_97' title="bbox 478 5352 1902 5475">
    <p class='ocr_par' dir='ltr' id='par_1_97' title="bbox 478 5352 1902 5475">
     <span class='ocr_line' id='line_1_97' title="bbox 478 5352 1902 5475; baseline 0.002 -65"><span class='ocrx_word' id='word_1_726' title='bbox 478 5358 593 5475; x_wconf 58' lang='lat'>(55)</span> <span class='ocrx_word' id='word_1_727' title='bbox 622 5352 1100 5430; x_wconf 80' lang='grc' dir='ltr'>ΙΙρεπωδὲστατον.</span> <span class='ocrx_word' id='word_1_728' title='bbox 1133 5359 1273 5435; x_wconf 82' lang='lat' dir='ltr'>Reg.</span> <span class='ocrx_word' id='word_1_729' title='bbox 1309 5360 1408 5431; x_wconf 91' lang='lat' dir='ltr'>ph,</span> <span class='ocrx_word' id='word_1_730' title='bbox 1437 5357 1902 5436; x_wconf 62' lang='grc' dir='ltr'>πρεπωδέστερον.</span> 
     </span>
     <span class='ocr_line' id='line_1_98' title="bbox 500 5430 1889 5475; baseline 0 0"><span class='ocrx_word' id='word_1_731' title='bbox 500 5430 573 5475; x_wconf 71' lang='lat'>56</span> <span class='ocrx_word' id='word_1_732' title='bbox 626 5432 887 5475; x_wconf 53' lang='lat'>21.10611-</span> <span class='ocrx_word' id='word_1_733' title='bbox 940 5431 1077 5475; x_wconf 65' lang='lat' dir='ltr'>Rea-</span> <span class='ocrx_word' id='word_1_734' title='bbox 1141 5432 1259 5475; x_wconf 66' lang='lat' dir='ltr'>nh,</span> <span class='ocrx_word' id='word_1_735' title='bbox 1320 5432 1395 5475; x_wconf 67' lang='lat' dir='ltr'>n.-</span> <span class='ocrx_word' id='word_1_736' title='bbox 1455 5435 1471 5475; x_wconf 79' lang='grc'>1</span> <span class='ocrx_word' id='word_1_737' title='bbox 1563 5441 1618 5475; x_wconf 69' lang='lat' dir='ltr'>ni</span> <span class='ocrx_word' id='word_1_738' title='bbox 1676 5434 1773 5475; x_wconf 75' lang='lat' dir='ltr'>.lm:</span> <span class='ocrx_word' id='word_1_739' title='bbox 1833 5437 1889 5475; x_wconf 67' lang='grc' dir='ltr'>Γτ</span> 
     </span>
    </p>
   </div>
   <div class='ocr_carea' id='block_1_98' title="bbox 500 5428 2062 5503">
    <p class='ocr_par' dir='ltr' id='par_1_98' title="bbox 500 5428 2062 5503">
     <span class='ocr_line' id='line_1_99' title="bbox 500 5428 2062 5503; baseline 0.002 -20"><span class='ocrx_word' id='word_1_740' title='bbox 500 5428 593 5499; x_wconf 87' lang='grc'>56)</span> <span class='ocrx_word' id='word_1_741' title='bbox 625 5428 887 5497; x_wconf 67' lang='grc' dir='ltr'>Ζήλοῦτι.</span> <span class='ocrx_word' id='word_1_742' title='bbox 940 5431 1078 5503; x_wconf 85' lang='lat' dir='ltr'>Reg.</span> <span class='ocrx_word' id='word_1_743' title='bbox 1140 5428 1264 5502; x_wconf 49' lang='lat' dir='ltr'>pr,</span> <span class='ocrx_word' id='word_1_744' title='bbox 1309 5428 1413 5486; x_wconf 71' lang='grc' dir='ltr'>ὈΓ.</span> <span class='ocrx_word' id='word_1_745' title='bbox 1455 5428 1503 5499; x_wconf 70' lang='grc'>1’,</span> <span class='ocrx_word' id='word_1_746' title='bbox 1563 5441 1619 5489; x_wconf 84' lang='lat' dir='ltr'>et</span> <span class='ocrx_word' id='word_1_747' title='bbox 1675 5428 1797 5488; x_wconf 50' lang='lat' dir='ltr'>Jes:</span> <span class='ocrx_word' id='word_1_748' title='bbox 1833 5428 2062 5501; x_wconf 76' lang='grc' dir='ltr'><strong>ζηλοῦτέ</strong></span> 
     </span>
    </p>
   </div>
   <div class='ocr_carea' id='block_1_99' title="bbox 485 5486 495 5499">
    <p class='ocr_par' dir='ltr' id='par_1_99' title="bbox 485 5486 495 5499">
     <span class='ocr_line' id='line_1_100' title="bbox 485 5486 495 5499; baseline 0 0"><span class='ocrx_word' id='word_1_749' title='bbox 485 5486 495 5499; x_wconf 81' lang='lat'><strong><em>\</em></strong></span> 
     </span>
    </p>
   </div>
   <div class='ocr_carea' id='block_1_100' title="bbox 408 5520 462 5533">
    <p class='ocr_par' dir='ltr' id='par_1_100' title="bbox 408 5520 462 5533">
     <span class='ocr_line' id='line_1_101' title="bbox 408 5520 462 5533; baseline 0 0"><span class='ocrx_word' id='word_1_750' title='bbox 408 5520 462 5533; x_wconf 64' lang='lat' dir='ltr'>PE</span> 
     </span>
    </p>
   </div>
   <div class='ocr_carea' id='block_1_101' title="bbox 419 5531 487 5553">
    <p class='ocr_par' dir='ltr' id='par_1_101' title="bbox 419 5531 487 5553">
     <span class='ocr_line' id='line_1_102' title="bbox 419 5531 487 5553; baseline 0.029 -2"><span class='ocrx_word' id='word_1_751' title='bbox 419 5531 487 5553; x_wconf 55' lang='grc' dir='ltr'>με..</span> 
     </span>
    </p>
   </div>
   <div class='ocr_carea' id='block_1_102' title="bbox 483 5569 1790 5696">
    <p class='ocr_par' dir='ltr' id='par_1_102' title="bbox 483 5569 1790 5696">
     <span class='ocr_line' id='line_1_103' title="bbox 483 5569 1790 5696; baseline 0.003 -72"><span class='ocrx_word' id='word_1_752' title='bbox 483 5571 593 5639; x_wconf 84' lang='grc'>(57)</span> <span class='ocrx_word' id='word_1_753' title='bbox 626 5569 908 5696; x_wconf 58' lang='grc' dir='ltr'>Ιιεὲιττός.</span> <span class='ocrx_word' id='word_1_754' title='bbox 942 5595 970 5621; x_wconf 84' lang='grc' dir='ltr'>ι(</span> <span class='ocrx_word' id='word_1_755' title='bbox 1002 5572 1253 5632; x_wconf 81' lang='lat' dir='ltr'>Nimius,</span> <span class='ocrx_word' id='word_1_756' title='bbox 1286 5571 1724 5629; x_wconf 85' lang='lat' dir='ltr'>immoderatus.</span> <span class='ocrx_word' id='word_1_757' title='bbox 1764 5596 1790 5622; x_wconf 86' lang='grc'><strong>››</strong></span> 
     </span>
     <span class='ocr_line' id='line_1_104' title="bbox 484 5640 1732 5696; baseline 0 0"><span class='ocrx_word' id='word_1_758' title='bbox 484 5642 605 5696; x_wconf 79' lang='grc'>(58)</span> <span class='ocrx_word' id='word_1_759' title='bbox 636 5640 700 5694; x_wconf 80' lang='grc' dir='ltr'>Αἰ</span> <span class='ocrx_word' id='word_1_760' title='bbox 741 5640 981 5696; x_wconf 69' lang='lat' dir='ltr'>actuosa.</span> <span class='ocrx_word' id='word_1_761' title='bbox 1044 5644 1181 5696; x_wconf 67' lang='lat' dir='ltr'>Rea.</span> <span class='ocrx_word' id='word_1_762' title='bbox 1217 5643 1316 5696; x_wconf 82' lang='lat' dir='ltr'>ph.</span> <span class='ocrx_word' id='word_1_763' title='bbox 1377 5649 1497 5696; x_wconf 86' lang='lat' dir='ltr'>tres</span> <span class='ocrx_word' id='word_1_764' title='bbox 1549 5646 1732 5696; x_wconf 83' lang='lat' dir='ltr'>Coib..</span> 
     </span>
    </p>
   </div>
   <div class='ocr_carea' id='block_1_103' title="bbox 410 5646 895 5786">
    <p class='ocr_par' dir='ltr' id='par_1_103' title="bbox 410 5646 895 5786">
     <span class='ocr_line' id='line_1_105' title="bbox 484 5646 895 5713; baseline 0 -18"><span class='ocrx_word' id='word_1_765' title='bbox 484 5646 605 5709; x_wconf 82' lang='grc'>(58)</span> <span class='ocrx_word' id='word_1_766' title='bbox 636 5646 895 5713; x_wconf 81' lang='grc' dir='ltr'>Αξδεσίμο</span> 
     </span>
     <span class='ocr_line' id='line_1_106' title="bbox 410 5711 895 5786; baseline 0.002 -19"><span class='ocrx_word' id='word_1_767' title='bbox 410 5712 533 5768; x_wconf 84' lang='lat' dir='ltr'>Jes.</span> <span class='ocrx_word' id='word_1_768' title='bbox 566 5711 895 5786; x_wconf 72' lang='grc' dir='ltr'>ὁμῡτίμους.</span> 
     </span>
    </p>
   </div>
   <div class='ocr_carea' id='block_1_104' title="bbox 741 5640 2069 5719">
    <p class='ocr_par' dir='ltr' id='par_1_104' title="bbox 741 5640 2069 5719">
     <span class='ocr_line' id='line_1_107' title="bbox 741 5640 2069 5719; baseline 0.004 -25"><span class='ocrx_word' id='word_1_769' title='bbox 741 5640 981 5713; x_wconf 82' lang='grc' dir='ltr'>εσίμους.</span> <span class='ocrx_word' id='word_1_770' title='bbox 1044 5644 1181 5719; x_wconf 84' lang='lat' dir='ltr'>Reg.</span> <span class='ocrx_word' id='word_1_771' title='bbox 1216 5643 1316 5714; x_wconf 86' lang='lat' dir='ltr'>ph,</span> <span class='ocrx_word' id='word_1_772' title='bbox 1377 5649 1497 5700; x_wconf 89' lang='lat' dir='ltr'>tres</span> <span class='ocrx_word' id='word_1_773' title='bbox 1549 5646 1732 5711; x_wconf 84' lang='lat' dir='ltr'>Coib.,</span> <span class='ocrx_word' id='word_1_774' title='bbox 1792 5645 1887 5700; x_wconf 92' lang='lat' dir='ltr'>Or.</span> <span class='ocrx_word' id='word_1_775' title='bbox 1931 5647 2069 5715; x_wconf 82' lang='lat' dir='ltr'>i,et</span> 
     </span>
    </p>
   </div>
   <div class='ocr_carea' id='block_1_105' title="bbox 2239 4689 3819 4761">
    <p class='ocr_par' dir='ltr' id='par_1_105' title="bbox 2239 4689 3819 4761">
     <span class='ocr_line' id='line_1_108' title="bbox 2239 4689 3819 4761; baseline 0.002 -17"><span class='ocrx_word' id='word_1_776' title='bbox 2239 4692 2331 4745; x_wconf 89' lang='lat' dir='ltr'>IV.</span> <span class='ocrx_word' id='word_1_777' title='bbox 2366 4690 2552 4744; x_wconf 85' lang='lat' dir='ltr'>Mater</span> <span class='ocrx_word' id='word_1_778' title='bbox 2607 4694 2801 4744; x_wconf 86' lang='lat' dir='ltr'>autem</span> <span class='ocrx_word' id='word_1_779' title='bbox 2863 4689 3188 4760; x_wconf 90' lang='lat' dir='ltr'>antiquitus</span> <span class='ocrx_word' id='word_1_780' title='bbox 3254 4691 3489 4761; x_wconf 88' lang='lat' dir='ltr'>quidem</span> <span class='ocrx_word' id='word_1_781' title='bbox 3522 4695 3694 4761; x_wconf 89' lang='lat' dir='ltr'>atque</span> <span class='ocrx_word' id='word_1_782' title='bbox 3747 4693 3819 4747; x_wconf 87' lang='lat' dir='ltr'>ab</span> 
     </span>
    </p>
   </div>
   <div class='ocr_carea' id='block_1_106' title="bbox 2238 5076 3815 5148">
    <p class='ocr_par' dir='ltr' id='par_1_106' title="bbox 2238 5076 3815 5148">
     <span class='ocr_line' id='line_1_109' title="bbox 2238 5076 3815 5148; baseline 0.006 -19"><span class='ocrx_word' id='word_1_783' title='bbox 2238 5077 2348 5148; x_wconf 83' lang='lat'>(59)</span> <span class='ocrx_word' id='word_1_784' title='bbox 2378 5078 2602 5130; x_wconf 63' lang='lat' dir='ltr'>&quot;uc-.5...</span> <span class='ocrx_word' id='word_1_785' title='bbox 2660 5077 3027 5144; x_wconf 79' lang='grc' dir='ltr'>πιστευθῆναι.</span> <span class='ocrx_word' id='word_1_786' title='bbox 3087 5076 3328 5135; x_wconf 89' lang='lat' dir='ltr'>Billius:</span> <span class='ocrx_word' id='word_1_787' title='bbox 3366 5098 3395 5128; x_wconf 88' lang='grc'>‹(</span> <span class='ocrx_word' id='word_1_788' title='bbox 3442 5078 3515 5134; x_wconf 80' lang='lat' dir='ltr'>Ut</span> <span class='ocrx_word' id='word_1_789' title='bbox 3564 5080 3815 5139; x_wconf 88' lang='lat' dir='ltr'>aliorum</span> 
     </span>
    </p>
   </div>
   <div class='ocr_carea' id='block_1_107' title="bbox 2168 5147 3202 5219">
    <p class='ocr_par' dir='ltr' id='par_1_107' title="bbox 2168 5147 3202 5219">
     <span class='ocr_line' id='line_1_110' title="bbox 2168 5147 3202 5219; baseline -0.001 -17"><span class='ocrx_word' id='word_1_790' title='bbox 2168 5165 2399 5219; x_wconf 90' lang='lat' dir='ltr'>quoque</span> <span class='ocrx_word' id='word_1_791' title='bbox 2431 5148 2629 5219; x_wconf 76' lang='lat' dir='ltr'>insilio</span> <span class='ocrx_word' id='word_1_792' title='bbox 2662 5147 2771 5218; x_wconf 87' lang='lat' dir='ltr'>ipsi</span> <span class='ocrx_word' id='word_1_793' title='bbox 2804 5150 3133 5202; x_wconf 74' lang='lat' dir='ltr'>commissa.</span> <span class='ocrx_word' id='word_1_794' title='bbox 3178 5171 3202 5193; x_wconf 70' lang='grc' dir='ltr'><strong>η</strong></span> 
     </span>
    </p>
   </div>
   <div class='ocr_carea' id='block_1_108' title="bbox 2239 5215 3659 5290">
    <p class='ocr_par' dir='ltr' id='par_1_108' title="bbox 2239 5215 3659 5290">
     <span class='ocr_line' id='line_1_111' title="bbox 2239 5215 3659 5290; baseline 0.004 -18"><span class='ocrx_word' id='word_1_795' title='bbox 2239 5215 2350 5289; x_wconf 83' lang='grc'>(60)</span> <span class='ocrx_word' id='word_1_796' title='bbox 2380 5219 2448 5269; x_wconf 83' lang='grc' dir='ltr'>Τὸ</span> <span class='ocrx_word' id='word_1_797' title='bbox 2473 5215 2636 5290; x_wconf 70' lang='grc' dir='ltr'>εἶδος.</span> <span class='ocrx_word' id='word_1_798' title='bbox 2671 5215 2806 5289; x_wconf 83' lang='lat' dir='ltr'>Reg.</span> <span class='ocrx_word' id='word_1_799' title='bbox 2844 5221 2941 5290; x_wconf 85' lang='lat' dir='ltr'>ph,</span> <span class='ocrx_word' id='word_1_800' title='bbox 2973 5219 3034 5271; x_wconf 83' lang='grc' dir='ltr'>τὸ</span> <span class='ocrx_word' id='word_1_801' title='bbox 3063 5220 3215 5287; x_wconf 68' lang='grc' dir='ltr'>ἦθος,</span> <span class='ocrx_word' id='word_1_802' title='bbox 3256 5242 3281 5272; x_wconf 83' lang='grc' dir='ltr'>ιι</span> <span class='ocrx_word' id='word_1_803' title='bbox 3313 5222 3595 5277; x_wconf 89' lang='lat' dir='ltr'>moribus.</span> <span class='ocrx_word' id='word_1_804' title='bbox 3632 5244 3659 5271; x_wconf 79' lang='grc'><strong>››</strong></span> 
     </span>
    </p>
   </div>
   <div class='ocr_carea' id='block_1_109' title="bbox 2243 5287 3814 5360">
    <p class='ocr_par' dir='ltr' id='par_1_109' title="bbox 2243 5287 3814 5360">
     <span class='ocr_line' id='line_1_112' title="bbox 2243 5287 3814 5360; baseline 0.002 -18"><span class='ocrx_word' id='word_1_805' title='bbox 2243 5287 2352 5360; x_wconf 82' lang='grc'>(61)</span> <span class='ocrx_word' id='word_1_806' title='bbox 2388 5287 2569 5348; x_wconf 73' lang='grc' dir='ltr'>ΙΙολὺς</span> <span class='ocrx_word' id='word_1_807' title='bbox 2625 5290 2685 5341; x_wconf 83' lang='grc' dir='ltr'>τὸ</span> <span class='ocrx_word' id='word_1_808' title='bbox 2731 5287 3074 5360; x_wconf 55' lang='grc' dir='ltr'>φαινόμενον,</span> <span class='ocrx_word' id='word_1_809' title='bbox 3127 5298 3235 5345; x_wconf 88' lang='lat' dir='ltr'>etc.</span> <span class='ocrx_word' id='word_1_810' title='bbox 3274 5314 3301 5339; x_wconf 68' lang='grc' dir='ltr'><strong>ς(</strong></span> <span class='ocrx_word' id='word_1_811' title='bbox 3356 5293 3521 5348; x_wconf 79' lang='lat' dir='ltr'>Dives</span> <span class='ocrx_word' id='word_1_812' title='bbox 3561 5293 3814 5347; x_wconf 84' lang='lat' dir='ltr'>externis</span> 
     </span>
    </p>
   </div>
   <div class='ocr_carea' id='block_1_110' title="bbox 2172 5310 3812 5435">
    <p class='ocr_par' dir='ltr' id='par_1_110' title="bbox 2172 5310 3812 5435">
     <span class='ocr_line' id='line_1_113' title="bbox 2243 5310 3812 5360; baseline 0.003 -18"><span class='ocrx_word' id='word_1_813' title='bbox 2243 5310 2352 5360; x_wconf 75' lang='lat'>(01)</span> <span class='ocrx_word' id='word_1_814' title='bbox 2388 5310 2569 5348; x_wconf 74' lang='grc' dir='ltr'>ιιοΛυς</span> <span class='ocrx_word' id='word_1_815' title='bbox 2625 5310 2685 5341; x_wconf 84' lang='grc' dir='ltr'>το</span> <span class='ocrx_word' id='word_1_816' title='bbox 2731 5311 2742 5331; x_wconf 60' lang='grc' dir='ltr'><em>τ</em></span> <span class='ocrx_word' id='word_1_817' title='bbox 2772 5310 3074 5360; x_wconf 75' lang='grc' dir='ltr'>αινομενον,</span> <span class='ocrx_word' id='word_1_818' title='bbox 3127 5310 3235 5345; x_wconf 59' lang='lat' dir='ltr'>CiC.</span> <span class='ocrx_word' id='word_1_819' title='bbox 3274 5314 3301 5339; x_wconf 69' lang='grc' dir='ltr'>ι(</span> <span class='ocrx_word' id='word_1_820' title='bbox 3356 5310 3521 5348; x_wconf 72' lang='lat' dir='ltr'><strong>UIVCS</strong></span> <span class='ocrx_word' id='word_1_821' title='bbox 3561 5310 3812 5347; x_wconf 73' lang='grc' dir='ltr'>ΘΧῐΟΓΠιε</span> 
     </span>
     <span class='ocr_line' id='line_1_114' title="bbox 2172 5310 3812 5435; baseline 0.004 -24"><span class='ocrx_word' id='word_1_822' title='bbox 2172 5361 2411 5435; x_wconf 72' lang='lat' dir='ltr'>dotibus</span> <span class='ocrx_word' id='word_1_823' title='bbox 2438 5378 2501 5415; x_wconf 88' lang='lat' dir='ltr'>ac</span> <span class='ocrx_word' id='word_1_824' title='bbox 2542 5310 2877 5435; x_wconf 41' lang='lat' dir='ltr'>virtutibus.</span> <span class='ocrx_word' id='word_1_825' title='bbox 2911 5380 3037 5434; x_wconf 73' lang='lat' dir='ltr'>qum</span> <span class='ocrx_word' id='word_1_826' title='bbox 3098 5362 3281 5435; x_wconf 81' lang='lat' dir='ltr'>oculis</span> <span class='ocrx_word' id='word_1_827' title='bbox 3332 5364 3812 5435; x_wconf 87' lang='lat' dir='ltr'>conspiciuntur;</span> 
     </span>
    </p>
   </div>
   <div class='ocr_carea' id='block_1_111' title="bbox 2172 5432 3816 5505">
    <p class='ocr_par' dir='ltr' id='par_1_111' title="bbox 2172 5432 3816 5505">
     <span class='ocr_line' id='line_1_115' title="bbox 2172 5432 3816 5505; baseline 0.003 -20"><span class='ocrx_word' id='word_1_828' title='bbox 2172 5432 2347 5505; x_wconf 88' lang='lat' dir='ltr'>ditior</span> <span class='ocrx_word' id='word_1_829' title='bbox 2381 5432 2605 5505; x_wconf 67' lang='lat' dir='ltr'>iisquae</span> <span class='ocrx_word' id='word_1_830' title='bbox 2648 5432 2846 5487; x_wconf 84' lang='lat' dir='ltr'>latent.</span> <span class='ocrx_word' id='word_1_831' title='bbox 2882 5456 2905 5482; x_wconf 71' lang='grc' dir='ltr'>ιι</span> <span class='ocrx_word' id='word_1_832' title='bbox 2934 5432 3035 5488; x_wconf 81' lang='lat' dir='ltr'>Sic</span> <span class='ocrx_word' id='word_1_833' title='bbox 3096 5432 3491 5505; x_wconf 74' lang='lat' dir='ltr'>intelligenda</span> <span class='ocrx_word' id='word_1_834' title='bbox 3534 5436 3648 5489; x_wconf 71' lang='lat' dir='ltr'>haec</span> <span class='ocrx_word' id='word_1_835' title='bbox 3678 5432 3816 5489; x_wconf 81' lang='lat' dir='ltr'>Gre-</span> 
     </span>
    </p>
   </div>
   <div class='ocr_carea' id='block_1_112' title="bbox 2173 5504 2974 5573">
    <p class='ocr_par' dir='ltr' id='par_1_112' title="bbox 2173 5504 2974 5573">
     <span class='ocr_line' id='line_1_116' title="bbox 2173 5504 2974 5573; baseline 0.005 -17"><span class='ocrx_word' id='word_1_836' title='bbox 2173 5504 2317 5573; x_wconf 85' lang='lat' dir='ltr'>gorii</span> <span class='ocrx_word' id='word_1_837' title='bbox 2352 5504 2524 5556; x_wconf 88' lang='lat' dir='ltr'>verba</span> <span class='ocrx_word' id='word_1_838' title='bbox 2557 5511 2751 5573; x_wconf 89' lang='lat' dir='ltr'>monet</span> <span class='ocrx_word' id='word_1_839' title='bbox 2806 5505 2974 5560; x_wconf 87' lang='lat' dir='ltr'>Elias.</span> 
     </span>
    </p>
   </div>
   <div class='ocr_carea' id='block_1_113' title="bbox 2245 5572 3514 5643">
    <p class='ocr_par' dir='ltr' id='par_1_113' title="bbox 2245 5572 3514 5643">
     <span class='ocr_line' id='line_1_117' title="bbox 2245 5572 3514 5643; baseline 0.002 -17"><span class='ocrx_word' id='word_1_840' title='bbox 2245 5575 2357 5643; x_wconf 74' lang='grc'>(62)</span> <span class='ocrx_word' id='word_1_841' title='bbox 2394 5572 2797 5629; x_wconf 75' lang='grc' dir='ltr'>Συνεπίσταται·</span> <span class='ocrx_word' id='word_1_842' title='bbox 2835 5575 3004 5630; x_wconf 78' lang='lat' dir='ltr'>Coisl.</span> <span class='ocrx_word' id='word_1_843' title='bbox 3044 5577 3093 5642; x_wconf 88' lang='grc'>1,</span> <span class='ocrx_word' id='word_1_844' title='bbox 3130 5574 3514 5629; x_wconf 75' lang='grc' dir='ltr'>συνενίσταται.</span> 
     </span>
    </p>
   </div>
   <div class='ocr_carea' id='block_1_114' title="bbox 2249 5644 3823 5719">
    <p class='ocr_par' dir='ltr' id='par_1_114' title="bbox 2249 5644 3823 5719">
     <span class='ocr_line' id='line_1_118' title="bbox 2249 5644 3823 5719; baseline 0.004 -22"><span class='ocrx_word' id='word_1_845' title='bbox 2249 5644 2361 5713; x_wconf 84' lang='grc'>(63)</span> <span class='ocrx_word' id='word_1_846' title='bbox 2389 5649 2766 5719; x_wconf 76' lang='grc' dir='ltr'>Ιιαραχωρεῖν.</span> <span class='ocrx_word' id='word_1_847' title='bbox 2821 5648 2959 5719; x_wconf 86' lang='lat' dir='ltr'>Reg.</span> <span class='ocrx_word' id='word_1_848' title='bbox 3014 5648 3113 5718; x_wconf 88' lang='lat' dir='ltr'>ph,</span> <span class='ocrx_word' id='word_1_849' title='bbox 3174 5652 3289 5703; x_wconf 85' lang='lat' dir='ltr'>tres</span> <span class='ocrx_word' id='word_1_850' title='bbox 3339 5647 3524 5719; x_wconf 86' lang='lat' dir='ltr'>C0lb.,</span> <span class='ocrx_word' id='word_1_851' title='bbox 3553 5649 3649 5707; x_wconf 84' lang='lat' dir='ltr'>Or.</span> <span class='ocrx_word' id='word_1_852' title='bbox 3685 5651 3735 5718; x_wconf 79' lang='lat' dir='ltr'>i,</span> <span class='ocrx_word' id='word_1_853' title='bbox 3766 5654 3823 5704; x_wconf 90' lang='lat' dir='ltr'>et</span> 
     </span>
    </p>
   </div>
   <div class='ocr_carea' id='block_1_115' title="bbox 2176 5716 2652 5790">
    <p class='ocr_par' dir='ltr' id='par_1_115' title="bbox 2176 5716 2652 5790">
     <span class='ocr_line' id='line_1_119' title="bbox 2176 5716 2652 5790; baseline 0.006 -21"><span class='ocrx_word' id='word_1_854' title='bbox 2176 5719 2294 5772; x_wconf 87' lang='lat' dir='ltr'>Jes.</span> <span class='ocrx_word' id='word_1_855' title='bbox 2329 5716 2652 5790; x_wconf 64' lang='grc' dir='ltr'>συγχωρεὶνζ</span> 
     </span>
    </p>
   </div>
   <div class='ocr_carea' id='block_1_116' title="bbox 3816 5842 3917 5899">
    <p class='ocr_par' dir='ltr' id='par_1_116' title="bbox 3816 5842 3917 5899">
     <span class='ocr_line' id='line_1_120' title="bbox 3816 5842 3917 5899; baseline 0 0"><span class='ocrx_word' id='word_1_856' title='bbox 3816 5842 3917 5899; x_wconf 60' lang='grc' dir='ltr'>ι.</span> 
     </span>
    </p>
   </div>
   <div class='ocr_carea' id='block_1_117' title="bbox 3682 5904 3821 6165">
    <p class='ocr_par' dir='ltr' id='par_1_117' title="bbox 3682 5904 3821 6165">
     <span class='ocr_line' id='line_1_121' title="bbox 3682 5904 3821 6165; baseline 0 0"><span class='ocrx_word' id='word_1_857' title='bbox 3720 5908 3813 6083; x_wconf 48' lang='grc'><em>1</em></span> 
     </span>
    </p>
   </div>
  </div>
