4146 6290
323 350 441 409 ’759

325 567 595 623 cessaris:
651 567 960 636 cujusdam
1021 566 1397 633 hazreditatis,
1432 582 1544 619 non
1598 565 1666 618 ad
1722 564 1975 635 seipsam

326 656 756 723 tantummodo,
790 656 889 709 sed
924 655 992 709 ad
1026 653 1239 709 liberos
1290 670 1520 725 quoque
1568 654 1884 721 deducens,
1911 668 1979 706 ex

326 744 547 801 sanctis
605 743 884 815 primitiis
942 759 1074 797 vere
1133 748 1334 797 sancta
1393 744 1748 814 conspersio.
1795 742 1978 804 Quam

327 834 502 890 etiam
533 837 764 887 tantum
819 833 981 887 auxit
1039 837 1095 886 et
1142 831 1541 903 ampliﬁcavit,
1577 838 1641 886 ut
1685 848 1754 885 ne
1788 830 1981 884 mariti

328 923 564 993 quidem
627 922 1037 993 perfectionem
1100 920 1313 987 (dicam
1372 921 1549 987 enim,
1610 919 1837 975 etiamsi
1891 919 1982 973 hic

330 1026 524 1067 sermo
553 1010 882 1065 temeritate
916 1025 1027 1063 non
1062 1009 1296 1079 careat),
1346 1008 1442 1062 alii
1475 1008 1599 1076 ulli,
1634 1024 1806 1079 quam
1847 1007 1980 1078 ipsi,

333 1097 738 1155 ascribendam
772 1114 901 1152 esse
932 1097 1196 1151 nonnulli
1231 1098 1490 1161 credant,
1526 1114 1592 1151 ac
1631 1097 1981 1167 praedicent;

333 1202 601 1257 eamque,
636 1202 667 1240 0
699 1201 819 1240 rem
854 1186 1063 1239 miram
1092 1184 1103 1238 l
1140 1202 1242 1255 pro
1301 1185 1531 1257 pietatis
1582 1184 1819 1257 praemio
1862 1202 1984 1238 ma-

325 1277 518 1347 jorem
551 1290 615 1328 ac
667 1274 1068 1344 perfectiorem
1122 1275 1394 1344 pietatem
1436 1275 1749 1345 accepisse.
1803 1274 1986 1327 Ambo

334 1363 589 1419 ﬁliorum
622 1362 800 1417 simul
833 1368 890 1417 et
919 1362 1132 1417 Christi
1166 1367 1450 1431 amantes,
1484 1363 1537 1416 id
1575 1363 1727 1433 quod
1757 1378 1989 1416 summa

337 1453 727 1511 admiratione
776 1453 1017 1525 dignum
1070 1458 1181 1518 est,
1207 1452 1323 1508 imo
1371 1452 1585 1507 Christi
1634 1451 1989 1507 amantiores

338 1559 517 1616 quam
546 1543 901 1607 liberorum;
938 1542 1153 1613 quippe
1177 1544 1273 1613 qui
1300 1559 1483 1596 unum
1506 1542 1663 1596 hunc
1690 1558 1758 1594 ex
1790 1540 1991 1595 liberis

340 1632 595 1687 fructum
654 1635 944 1701 caperent,
1001 1636 1065 1685 ut
1124 1649 1157 1685 a
1228 1631 1459 1686 Christo
1516 1633 1988 1701 agnoscerentur,

342 1736 674 1791 nomenque
722 1720 1020 1787 ducerent,
1074 1719 1315 1790 solaque
1366 1720 1601 1787 virtute,
1634 1724 1808 1789 atque
1856 1734 1988 1771 cum

344 1826 435 1875 eo,
467 1809 623 1881 quod
685 1808 1059 1880 praestantius
1114 1812 1223 1874 est,
1255 1808 1412 1862 velut
1469 1808 1880 1878 conjunctione
1929 1823 1993 1860 ac
2026 1849 2073 1913 B

346 1897 779 1954 necessitudine
830 1912 891 1951 se
951 1896 1107 1967 prole
1165 1896 1358 1951 felices
1415 1897 1758 1951 deﬁnirent:
1821 1896 1992 1949 ambo

343 1985 609 2053 humani,
645 1985 1070 2053 misericordes,
1106 1986 1290 2039 multa
1323 1986 1518 2049 tineis,
1552 1990 1607 2039 et
1644 1985 1989 2039 latronibus,

342 2080 400 2130 et
431 2073 631 2129 mundi
670 2074 916 2145 principi
950 2074 1282 2144 eripientes,
1315 2074 1386 2128 ab
1418 2073 1694 2139 incolatu,
1726 2074 1794 2127 ad
1828 2072 1994 2127 habi-

340 2164 619 2219 tationem
670 2179 769 2217 eos
816 2164 1255 2228 transferentes,
1286 2163 1717 2233 maximamque
1763 2162 1995 2216 haeredi-

336 2256 538 2321 tatem,
572 2251 682 2306 hoc
714 2259 820 2317 est,
856 2252 1060 2305 futurae
1110 2251 1240 2304 vitae
1291 2250 1684 2321 splendorem,
1719 2249 1856 2304 ﬁliis
1899 2266 1991 2304 co-

336 2344 691 2396 acervantes.
722 2340 813 2394 Sic
845 2339 927 2393 illi
976 2340 1046 2393 ad
1097 2339 1274 2393 altam
1327 2344 1687 2394 senectutem
1722 2355 1994 2409 pervene-

333 2432 490 2496 runt,
522 2428 735 2483 virtute
766 2434 939 2498 atque
977 2430 1147 2482 annis
1204 2428 1357 2483 inter
1406 2444 1467 2483 se
1502 2445 1694 2499 pares,
1745 2444 1809 2482 ac
1840 2426 1992 2498 pleni

334 2518 586 2584 dierum,
620 2521 739 2572 tam
774 2517 872 2587 qui
908 2522 1146 2571 manent
1176 2534 1352 2588 quam
1386 2517 1483 2587 qui
1519 2517 1710 2571 ﬂuunt
1741 2533 1805 2571 ac
1855 2517 1991 2571 dila-

336 2607 593 2662 buntur:
630 2609 875 2675 uterque
907 2604 1126 2675 primas
1160 2606 1308 2659 inter
1352 2606 1629 2659 mortales
1663 2605 1990 2671 habiturus,

345 2694 461 2750 nisi
496 2697 701 2748 mutuo
733 2694 841 2764 ipsi
877 2709 1001 2747 sese
1035 2693 1363 2764 principatu
1398 2694 1789 2764 prohiberent.
1824 2694 1992 2746 Deni-

342 2799 456 2854 que
486 2798 689 2838 omnes
722 2782 1015 2836 felicitatis
1048 2799 1323 2837 numeros
1353 2781 1995 2853 expleverunt,excepta

344 2871 451 2926 hac
484 2876 801 2942 postrema,
836 2877 899 2924 ut
949 2871 1239 2941 quispiam
1274 2871 1608 2925 existimare
1647 2875 1843 2940 queat,
1875 2871 1995 2923 sive
2037 2871 2047 2881 '

344 2958 709 3032 probatione,
743 2959 863 3013 sive
917 2959 1390 3030 dispensatione:
1425 2959 1534 3014 hoc
1562 2965 1670 3023 est,
1704 2975 1829 3012 meo
1863 2959 1993 3029 qui-

344 3050 475 3103 dem
500 3048 746 3117 judicio,
782 3053 845 3102 ut
877 3048 1176 3119 praemisso
1208 3065 1273 3103 eo
1306 3047 1445 3116 filio,
1480 3049 1567 3102 cui
1606 3053 1838 3119 propter
1868 3052 1996 3101 mta-

1569 347 1633 405 S.
1683 344 2054 404 GREGORII
2100 345 2491 406 THEOLOGI

326 470 470 551 ipsis
504 479 729 549 proavis
762 478 876 532 Deo
927 482 1283 543 consecrata,
1320 476 1615 548 pietatem,
1650 476 1838 531 instar
1870 492 1970 529 ne-

2109 475 2306 546 ιωμένη
2363 479 2495 546 Θεῷ,
2544 496 2631 528 και
2679 475 2881 549 κλῆρον
2934 475 3221 550 ἀναγκαῖον
3273 474 3372 529 οὐκ
3419 476 3494 536 εἷς
3542 476 3706 542 ἑαυτὴ

3615 348 3737 406 760

3711 450 3736 479 ν

2093 563 2255 633 μόνον
2291 565 2425 635 (64),
2472 562 2616 617 ἀλλά
2662 564 2753 617 καὶ
2801 563 2925 625 τοὺς
2975 565 3023 636 ἐξ
3072 563 3242 632 αὐτῆς
3282 564 3589 637 κατᾶγουσα
3638 566 3734 631 τήν

2090 647 2378 723 εὐσέϐειαν,
2441 650 2491 721 ἐξ
2553 651 2705 727 ἀγίας
2763 652 3020 727 ἀπαρχῆς
3078 648 3249 714 ὅντως
3311 653 3460 727 ἅγιον
3517 652 3739 728 φύραμα

2087 744 2343 793 τοσοῦτον
2396 737 2452 793 δὲ
2498 740 2629 794 αὐτὸ
2678 741 2950 811 αὐξήσασά
3000 743 3115 813 (65)
3163 762 3220 795 τε
3270 741 3359 795 καὶ
3399 739 3739 795 πλεονάσασα

2093 828 2230 882 ὥστε
2258 826 2366 897 ἤδη
2401 828 2507 882 τισὶ
2558 828 3025 907 (φθέγξομαιγὰρ,
3059 829 3104 883 εί
3145 828 3233 883 καῖ
3261 831 3547 902 τολμηρὸς
3582 830 3609 883 ὁ
3642 828 3740 883 λό-

2090 923 2211 993 γος)
2243 962 2255 985 ,
2320 913 2460 989 μηδὲ
2514 918 2612 985 τήν
2656 922 2752 972 τοῦ
2825 916 3013 993 ἀνδρὸς
3069 918 3386 987 τελειότητα
3444 918 3626 991 ἐτέρου
3657 940 3741 972 τι-

2092 1005 2185 1066 νὸς
2238 1007 2273 1074 ἢ
2319 1005 2521 1075 ταύτης
2572 1003 2729 1081 ἔργον
2752 1006 3011 1082 γενέσθαι,
3054 1006 3402 1076 πιστευθῆναί
3440 1028 3497 1061 τε
3525 1008 3614 1061 καὶ
3648 1007 3741 1083 ῥη-

2094 1096 2270 1163 θῆναι·
2323 1094 2433 1161 καὶ,
2486 1093 2529 1149 ὣ
2566 1100 2663 1149 τοῦ
2714 1096 3025 1168 θαύματοςί
3062 1093 3225 1159 ἆθλον
3268 1091 3536 1157 εὐσεϐείας
3570 1092 3740 1165 δοθῆ-

2092 1204 2174 1236 ναι
2230 1182 2449 1256 μείζονα
2497 1185 2583 1237 καὶ
2630 1183 2967 1260 τελειοτέραν
3001 1180 3425 1257 εὐσέϐειαν.
3459 1184 3737 1239 Φιλόπαι-

2098 1270 2182 1333 δες
2216 1271 2380 1349 ἄμφω
2406 1273 2493 1326 καὶ
2526 1271 2899 1350 φιλόχριστοι,
2930 1274 2992 1328 τὸ
3022 1271 3477 1347 παραδοξότατον,
3521 1272 3737 1344 μᾶλλον

2099 1359 2156 1415 δὲ
2186 1359 2539 1437 φιλόχριστοι
2592 1360 2757 1416 πλέον
2807 1362 2841 1430 ἢ
2894 1360 3244 1439 φιλόπαιδεςο
3291 1364 3371 1423 οἷς
3400 1383 3460 1437 γε
3507 1362 3597 1415 καὶ
3636 1366 3741 1416 τῶν

2096 1452 2295 1506 τέκνων
2350 1451 2446 1523 μία
2492 1472 2573 1514 τις
2627 1451 2929 1515 ἀπόλαυσις
2977 1457 3065 1523 ἦν,
3109 1455 3171 1507 τὸ
3220 1454 3324 1507 ἀπὸ
3373 1455 3608 1529 Χριστοῦ
3656 1453 3745 1507 καὶ

2097 1540 2490 1615 γνωρίζεσθαι,
2550 1542 2639 1594 καὶ
2717 1541 3117 1613 ὀνομάζεσθαι,
3177 1543 3266 1596 καὶ
3323 1542 3400 1603 εἷς
3469 1539 3747 1603 εὐπαιδίας

2101 1628 2226 1702 ὅρος
2258 1631 2293 1698 ἡ
2326 1628 2513 1703 ἀρετὴ,
2558 1631 2647 1684 καὶ
2695 1633 2729 1699 ἡ
2780 1632 2915 1705 πρὸς
2965 1631 3027 1685 τὸ
3074 1636 3316 1701 κρεῖττον
3367 1633 3479 1703 (67)
3531 1631 3744 1685 οἰκείω-

2102 1738 2201 1777 σις·
2256 1713 2644 1792 εὔσπλαγχνοι,
2696 1721 3015 1791 συμπαθεῖς,
3068 1720 3392 1793 ἁρπάζοντες
3436 1721 3504 1773 τὰ
3558 1718 3745 1773 πολλὰ

2103 1809 2301 1876 σητῶν,
2334 1806 2422 1859 καὶ
2474 1804 2709 1879 λῃστῶν,
2758 1807 2846 1860 καὶ
2894 1812 2990 1861 τοῦ
3038 1808 3505 1882 κοσμοκράτορος,
3540 1807 3599 1862 ἐκ
3644 1814 3742 1875 τῆς

2102 1894 2388 1969 παροικίας
2447 1895 2524 1955 εἷς
2578 1898 2677 1964 τήν
2725 1896 3001 1950 κατοικίαν
3055 1898 3595 1969 μετασκευαζόμενοι,
3656 1896 3744 1950 καὶ

2103 1982 2309 2058 κλῆρον
2365 1985 2614 2059 μέγιστον
2653 1990 2768 2046 τοῖς
2818 1986 2971 2039 παισὶ
3016 1987 3113 2054 τήν
3148 1985 3343 2039 ἐκεῖθεν
3382 1984 3745 2060 λαμπρότητα

2102 2071 2533 2145 θησαυρίζοντες.
2585 2072 2742 2129 Οὕτω
2790 2095 2876 2127 τοι
2905 2072 2993 2127 καὶ
3049 2074 3122 2134 εἰς
3172 2073 3401 2146 λιπαρὸν
3595 2072 3749 2150 ἔφθα-

2104 2180 2196 2213 σαν
2228 2166 2421 2235 γῆρας,
2455 2161 2718 2233 ὁμότιμοι
2746 2161 2834 2215 καὶ
2866 2164 2963 2230 τὴν
3016 2162 3210 2237 ἀρετήν
3240 2163 3330 2215 καὶ
3369 2162 3469 2229 τήν
3501 2160 3748 2230 ἡλικίαν,

2102 2248 2189 2301 καὶ
2231 2246 2462 2324 πλήρεις
2512 2252 2758 2325 ἡμερῶν,
2810 2254 2915 2303 τῶν
2967 2271 3025 2304 τε
3078 2256 3351 2321 μενουσῶν
3402 2250 3612 2322 ὁμοίως
3661 2252 3750 2304 καὶ

2100 2341 2207 2390 τῶν
2241 2335 2545 2409 λυομένων·
2590 2338 2735 2413 παρὰ
2780 2343 3035 2392 τοσοῦτον
3081 2338 3329 2415 ἑκάτερος
3379 2338 3479 2393 οὐκ
3510 2336 3654 2413 ἔχων
3687 2340 3752 2393 τὰ

2101 2430 2290 2500 πρῶτα
2316 2431 2425 2479 τῶν
2470 2425 2556 2479 ἐπὶ
2607 2433 2729 2500 γῆς,
2779 2429 2904 2501 παρ’
2950 2426 3072 2481 ὅσον
3127 2428 3212 2481 ὑπ’
3264 2426 3529 2497 ἀλλήλων
3582 2427 3749 2490 εἷςτὸ

2102 2518 2367 2587 πρωτεῖον
2411 2512 2736 2586 ἐκωλύοντο,
2787 2514 2875 2570 καὶ
2920 2514 3099 2584 πάσης
3148 2514 3494 2588 εὐδαιμονίας
3554 2516 3747 2592 μέτρον

2102 2600 2449 2677 ἐπλήρωσαν,
2481 2602 2626 2671 πλὴν
2658 2610 2757 2672 τῆς
2801 2602 3112 2665 τελευταίας
3159 2606 3384 2674 ταύτης,
3417 2605 3490 2666 ὡς
3544 2604 3601 2658 ἂν
3634 2605 3741 2674 οἴην

2104 2690 2221 2758 θείη
2253 2712 2359 2760 τις,
2396 2688 2500 2745 εἴτε
2531 2690 2851 2764 δοκιμασίας
2882 2695 2992 2768 χρή
3030 2691 3231 2767 λέγειν,
3265 2690 3370 2748 siit:
3406 2693 3742 2765 οἰκονομίας·

2102 2781 2136 2848 ἡ
2171 2776 2226 2833 δέ
2256 2778 2417 2851 ἐστιν,
2454 2780 2528 2842 ὡς
2560 2782 2586 2835 ὁ
2620 2780 2749 2852 ἐμὸς
2800 2780 2983 2857 λόγος,
3035 2780 3127 2836 τὸν
3178 2780 3584 2859 σφαλερώτερον
3631 2787 3737 2835 τῶν

2103 2867 2309 2922 παίδων
2361 2866 2430 2922 δι’
2477 2867 2694 2937 ἡλικίαν
2753 2869 3196 2944 προπέμψαντες,
3256 2870 3432 2932 οὕτως
3482 2867 3589 2938 ἤδη
3639 2891 3733 2923 κα-

2101 2956 2326 3012 ταλῦσαι
2358 2958 2449 3011 τὸν
2486 2958 2601 3033 βίον
2642 2957 2694 3012 ἐν
2744 2958 3005 3037 ἀσφαλείᾳ
3050 2962 3182 3033 (69),
3231 2959 3320 3013 καὶ
3358 2960 3494 3035 πρὸς
3535 2959 3602 3013 τὰ
3632 2960 3740 3013 ἅνω

2104 3046 2418 3117 πανοικεσίᾳ
2451 3054 2801 3119 μετατεθῆναι
2835 3049 2966 3120 (70).

341 3136 417 3191 tis
471 3136 760 3192 lubricum
813 3135 1002 3207 magis
1050 3137 1377 3191 timendum
1439 3142 1579 3203 erat,
1614 3138 1693 3191 ita
1730 3137 1853 3205 jam
1886 3136 1995 3205 ipsi
2028 3152 2230 3191 securo
2256 3136 2454 3191 animo
2483 3136 2657 3191 vitam
2691 3137 2985 3203 claudant,
3016 3141 3075 3192 et
3104 3153 3237 3191 cum
3266 3136 3540 3192 universa
3568 3137 3741 3192 domo

345 3225 417 3281 ad
449 3242 704 3296 superna
732 3226 1179 3279 transferantur.

412 3311 481 3368 V.
517 3316 706 3383 Atque
746 3312 865 3367 haec
918 3313 1180 3383 exposui,
1214 3330 1326 3367 non
1388 3317 1451 3366 ut
1510 3312 1742 3366 illorum
1792 3312 1997 3365 laudes
2029 3312 2071 3379 C

347 3400 747 3473 praedicarem,
777 3406 879 3456 aut
928 3403 1080 3471 quod
1114 3418 1303 3456 essem
1364 3402 1595 3454 nescius
1652 3402 1745 3453 vix
1793 3416 1994 3470 quem-

348 3506 524 3561 quam
557 3489 732 3546 etiam
766 3494 889 3543 tota
910 3490 1169 3544 oratione
1201 3490 1270 3543 de
1302 3506 1499 3543 eorum
1524 3488 1801 3543 laudibus
1830 3488 1995 3542 insti-

346 3582 495 3645 tuta,
530 3579 787 3633 materias
816 3578 1159 3649 dignitatem
1196 3578 1427 3647 assequi
1464 3593 1664 3649 posse:
1700 3593 1902 3630 verum
1937 3580 2000 3629 ut

349 3666 493 3721 illud
526 3667 888 3721 ostenderem
926 3683 959 3719 a
992 3666 1253 3735 patribus
1304 3666 1557 3719 debitam
1616 3665 1861 3718 Caasario
1890 3664 1998 3717 vir-

348 3759 535 3809 tutem
568 3754 769 3824 fuisse,
803 3771 908 3809 nec
954 3755 1167 3808 mirum
1222 3755 1382 3808 vobis
1415 3760 1514 3808 aut
1544 3752 1882 3807 incredibile
1912 3752 1999 3805 vi-

252 3894 255 3895 ,
349 3843 472 3898 deri
503 3843 730 3913 debere,
766 3842 812 3897 si
844 3842 991 3897 tales
1026 3847 1293 3912 parentes
1326 3846 1529 3896 nactus
1560 3841 1777 3895 talibus
1808 3841 2001 3895 laudi-

348 3932 460 3987 bus
492 3948 554 3987 se
584 3931 827 4003 dignum
862 3931 1111 4002 praebuit
1140 3949 1151 3998 ;
1181 3931 1278 3985 sed
1304 3929 1444 3985 illud
1481 3931 1694 4001 potius,
1724 3930 2000 3999 si,negle-

348 4020 455 4075 ctis
487 4020 824 4075 domesticis
855 4026 912 4073 et
964 4020 1311 4091 propinquis
1361 4019 1663 4089 exemplis,
1699 4019 1841 4072 alios
1890 4018 1999 4072 sibi

349 4108 696 4179 spectandos
730 4109 1150 4178 preposuisset.
1179 4110 1361 4177 Atque
1384 4108 1552 4160 initia
1582 4108 1818 4177 quidem
1852 4108 2002 4177 ejus-

348 4194 503 4250 modi
540 4195 797 4263 tuerunt,
859 4199 914 4249 et
946 4194 1145 4264 qualia
1192 4212 1319 4249 esse
1368 4212 1496 4248 vere
1546 4195 1816 4265 ingenuis
1849 4196 1993 4250 20l

349 4282 748 4346 conveniebat,
784 4299 848 4337 ac
880 4288 1031 4337 recte
1063 4287 1121 4336 et
1152 4282 1391 4337 honeste
1422 4284 1678 4337 victuris.
1708 4282 1777 4337 Ut
1808 4288 1998 4337 autem

351 4369 546 4424 media
574 4369 853 4435 incidam,
887 4370 995 4424 hoc
1027 4370 1679 4441 est,pulchritudinem,
1715 4371 2004 4442 magnitu-

352 4458 570 4524 dinem,
604 4462 781 4528 atque
811 4457 972 4511 illius
1023 4459 1079 4512 in
1115 4460 1390 4513 omnibus
1422 4460 1596 4514 rebus
1641 4460 1912 4530 gratiam,
1948 4464 2004 4514 et

351 4545 511 4601 velut
540 4546 598 4599 in
629 4546 789 4600 sonis
838 4553 1185 4601 concentum
1220 4548 1719 4619 (quandoquidem
1760 4565 1861 4602 nec
1898 4566 2002 4602 no-

2182 3312 2254 3366 E'.
2290 3310 2386 3364 Καὶ
2414 3315 2581 3365 ταῦτα
2621 3308 2868 3380 διῆλθον,
2914 3311 2975 3366 οὐ
3004 3311 3228 3373 τούτους
3254 3311 3588 3387 ἐγκωμιάσαι
3626 3313 3751 3388 βου-

2107 3396 2358 3471 λόμενος,
2419 3396 2543 3453 οὐδὲ
2599 3398 2827 3474 ἀγνοῶν,
2888 3399 2969 3453 ὅτι
3029 3399 3189 3472 μόλις
3237 3402 3295 3454 ἄν
3345 3422 3429 3462 τις
3471 3407 3575 3469 τῆς
3605 3400 3754 3469 ἀξίας

2107 3486 2367 3564 ἐφίκοιτο,
2400 3487 2489 3541 καὶ
2522 3486 2659 3558 ὅλην
2696 3488 2946 3551 ὑπόθεσιν
2997 3487 3162 3564 λόγου
3213 3489 3306 3543 τὸν
3350 3488 3559 3543 τούτων
3601 3487 3753 3543 ἔπαι-

2106 3598 2194 3630 νον
2230 3576 2620 3648 ἐνστησάμενος
2652 3580 2784 3649 (71),
2834 3576 2979 3632 ἀλλὰ
3020 3574 3092 3630 ’ἶν’
3143 3575 3471 3651 ἐπιδείξαιμι
3514 3578 3575 3632 ἐκ
3602 3579 3759 3631 πατέ-

2111 3685 2216 3740 ρων
2247 3664 2612 3743 ὀφειλομένην
2668 3664 2946 3741 Καισαρίῳ
2995 3666 3091 3733 τὴν
3138 3665 3354 3740 ἀρετήν,
3387 3665 3476 3719 καὶ
3528 3668 3603 3735 μή
3638 3678 3759 3729 θαυ-

2114 3752 2340 3825 μάζητε,
2380 3751 2521 3825 μηδέ
2552 3754 2830 3824 ἀπιστῆτε,
2862 3752 2928 3821 εἰ,
2978 3754 3239 3809 τοιούτων
3283 3754 3468 3830 τυχὼν
3500 3754 3753 3830 γεννητό-

2112 3862 2241 3916 ρων,
2271 3841 2535 3896 τοιούτων
2587 3842 2770 3895 ἑαυτὸν
2819 3843 3085 3917 παρέσχεν
3139 3841 3367 3897 ἐπαίνων
3399 3840 3565 3912 ἄξιον·
3612 3842 3757 3898 ἀλλὰ

2109 3929 2438 3999 τούναντίον,
2474 3930 2524 3984 εἷ’
2550 3931 2687 4005 πρὸς
2727 3930 2939 4002 ἑτέρους
2970 3928 3101 4000 εἶδε,
3131 3936 3237 3985 τῶν
3269 3930 3483 3986 οἰκείων
3515 3932 3604 3985 καὶ
3646 3936 3755 3985 τῶν

2112 4018 2331 4093 ἐγγύθεν
2366 4017 2649 4090 ἀμελήσας
2702 4016 3135 4093 ὑποδειγμάτων.
3186 4020 3261 4073 Τὰ
3313 4021 3405 4093 μὲν
3450 4017 3515 4087 δὴ
3566 4024 3758 4090 πρῶτα

2110 4108 2449 4177 τοιαῦτα,οἷα
2471 4114 2740 4179 προσῆκεν
2776 4108 3042 4169 εἶναιτοῖς
3070 4103 3241 4169 ὅντως
3269 4110 3379 4180 (72)
3406 4108 3461 4162 εὗ
3484 4108 3755 4182 γεγονόσι,

2111 4196 2199 4249 καὶ
2228 4194 2411 4256 καλῶς
2468 4197 2755 4271 βιώσεσθαι
2810 4193 3123 4268 μέλλουσιν.
3155 4198 3269 4253 Ἵνα
3318 4195 3374 4250 δὲ
3419 4197 3485 4250 τὰ
3524 4196 3576 4251 ἐν
3614 4199 3761 4270 μέσῳ

2113 4283 2374 4356 συντέμω,
2406 4282 2727 4354 κάλλος,καὶ
2766 4286 3011 4359 μέγεθος,
3037 4285 3125 4339 καὶ
3146 4285 3245 4354 τὴν
3269 4284 3354 4339 ἐπὶ
3377 4291 3506 4338 πᾶσι
3537 4290 3635 4339 τοῦ
3666 4285 3761 4339 ἀν-

2114 4370 2238 4446 δρὸς
2269 4374 2451 4446 χάριν,
2503 4374 2591 4426 καὶ
2643 4372 2826 4449 ὥσπερ
2859 4373 2908 4428 ἐν
2958 4373 3209 4449 φθόγγοις
3264 4372 3623 4449 εὐαρμοστίαν
3657 4373 3763 4447 (ὅτι

2117 4459 2257 4533 μηδὲ
2285 4463 2417 4536 πρὸς
2444 4464 2603 4533 ἡμῶν
2638 4464 2752 4535 (73)
2780 4462 2846 4515 τὰ
2872 4466 3094 4516 τοιαῦτα
3116 4460 3429 4534 θαυμάζειν,
3455 4462 3499 4516 εἰ
3530 4464 3620 4516 καὶ
3651 4468 3764 4523 τοῖς

2114 4548 2305 4610 ἄλλοις
2336 4549 2399 4602 οὐ
2438 4549 2604 4624 μικρὰ
2656 4550 2940 4627 φαίνεται),
2973 4551 3107 4624 πρὸς
3155 4551 3222 4604 τὰ
3266 4549 3455 4627 ἐφεξῆς
3510 4553 3625 4623 (74)
3668 4552 3760 4624 βα-

354 4637 541 4688 strum
575 4638 663 4688 est
692 4651 783 4689 res
814 4634 1159 4703 hujusmodi
1194 4637 1413 4702 mirari,
1454 4637 1688 4691 tametsi
1722 4636 1852 4690 aliis
1885 4654 1994 4691 non

2114 4634 2333 4707 διοῦμαι
2364 4636 2461 4691 τοῦ
2513 4636 2707 4713 λόγου,
2739 4637 2828 4691 καὶ
2879 4636 2910 4691 ἃ
2964 4636 3103 4711 μηδέ
3152 4636 3478 4712 βουλομένῳ
3530 4638 3760 4714 παραλι-

353 4738 539 4793 parva
571 4739 698 4777 esse
726 4722 1150 4794 videantur),ad
1186 4742 1251 4779 ea
1281 4744 1409 4797 qua:
1441 4727 1715 4795 deinceps
1744 4742 2001 4795 sequun-

2113 4730 2231 4778 πεῖν
2268 4723 2473 4800 ῥᾴδιον.

346 4814 463 4873 tur,
494 4814 551 4865 et
579 4827 726 4881 quis,
762 4828 832 4865 ne
862 4812 909 4865 si
944 4813 1173 4881 cupiam
1210 4816 1469 4885 quidem,
1506 4814 1671 4869 facile
1702 4816 2145 4885 praetermittere
2178 4832 2445 4887 possum,
2480 4816 2804 4871 orationem
2835 4817 3150 4872 conferam.

441 4933 530 5005 ea)
564 4931 758 5005 Μςενρν.
784 4932 955 5005 φρίει.
987 4934 1038 5003 ι,
1076 4933 1268 5005 μόνην-

441 4954 509 4985 οιι
564 4954 758 4986 Μονον.
784 4954 955 4987 μοιδι.
987 4954 1038 5003 λι,
1076 4954 1268 5005 μονην,

564 5000 705 5078 Αὐτὸ
754 5001 1039 5078 αὐξήσασαζ
1092 5006 1225 5078 Reg.
1290 5009 1408 5073 bm,
1467 5007 1673 5078 utrm.
1711 5007 1850 5078 Reg.
1895 5007 1994 5077 ph,

348 5076 467 5126 tres
498 5072 892 5153 qub.,‘Ur‘.h1.,
926 5079 981 5128 et
1009 5076 1125 5130 J88.
1160 5072 1399 5153 ᾇύραμα,
1432 5079 1465 5146 ή
1498 5072 1600 5131 τὸν
1622 5077 1778 5129 αὐτὸν
1797 5072 1995 5147 (116ωὲ

348 5158 440 5213 pe,
469 5139 700 5214 κλῆρον)
748 5141 1035 5211 αὐξήσασα.

560 5210 922 5289 ςΙξελειοτέρανζ
957 5215 1049 5270 Or.
1088 5218 1141 5285 1,
1174 5215 1526 5289 τελεωτέραν.

438 5284 528 5359 67)
560 5284 843 5359 Κρεῖττον,
880 5286 991 5340 Hac
1059 5284 1221 5359 voce
1274 5310 1299 5339 α
1367 5284 1609 5342 Deum»
1672 5287 1996 5359 intelligere

351 5351 582 5426 videtur
610 5351 945 5425 Gregorius,
980 5371 1044 5410 ac
1104 5357 1343 5426 proinde
1393 5360 1756 5423 vertendum,
1791 5382 1817 5407 ‹‹
1860 5351 1993 5414 cum

352 5421 467 5477 Deo
500 5421 904 5507 cpnjunctione
929 5421 986 5507 et
1018 5421 1467 5507 necessitudine.
1498 5452 1522 5477 ››
1556 5421 1759 5484 Billius
1793 5430 1849 5484 in
1883 5432 1994 5502 pri-

353 5505 450 5545 ma
480 5495 842 5572 editione_sic
869 5501 1150 5551 verterat:
1186 5520 1211 5545 ‹‹
1244 5498 1366 5572 sola
1395 5500 1604 5572 virtute
1635 5495 1994 5572 conjunctio-

354 5575 541 5630 neque
568 5580 699 5636 cum
731 5566 844 5621 Deo
875 5574 1047 5636 atque
1076 5569 1389 5631 consortio,
1416 5570 1636 5627 felicem
1671 5566 1989 5628 liberorum

355 5634 808 5698 procreationem
839 5634 1166 5691 definirent.
1207 5660 1229 5686 ι

296 5902 409 5967 Ἃ

2179 4936 2293 5008 (68)
2323 4936 2416 4997 Εἰς
2449 4934 2703 5010 λιπαρόν.
2764 4962 2784 4989 α
2841 4940 2926 4994 Ad
2976 4940 3211 4996 uberem
3268 4941 3619 5012 beatamque
3672 4957 3760 4996 se-

2106 5013 2422 5063 nectutem.
2460 5032 2488 5057 η

2178 5081 2289 5155 (69)
2323 5080 2406 5155 Ἑν
2441 5078 2723 5155 ᾀσφαλείᾳ.
2772 5081 2912 5136 Tres
2971 5081 3177 5155 Regg.,
3206 5082 3450 5137 totidem
3502 5082 3664 5138 Colb.
3708 5086 3765 5138 et

2105 5149 2284 5226 Οτι-ί,
2320 5152 2410 5203 σὺν
2446 5149 2798 5226 ἀσφαλείᾳ]
2827 5168 2959 5226 cum
2994 5149 3330 5226 securitate.
3365 5176 3391 5203 »

2199 5224 2291 5290 70)
2322 5219 2709 5288 Μετατέθῆναι.
2743 5223 2837 5277 Sic
2870 5224 3008 5293 Reg.
3042 5224 3139 5278 hu.
3178 5224 3306 5279 Par.
3342 5219 3724 5293 μεταδεθῆναι.

2196 5293 2289 5365 71)
2320 5292 2769 5365 Ἐνστησάμενος.
2805 5292 2979 5349 Cois];
3014 5293 3065 5363 4,
3101 5292 3522 5365 συστησάμενος.

2205 5315 2255 5347 ιι
2340 5315 2583 5361 ιινστησα
2602 5315 2769 5353 ιενος.
2805 5315 2979 5349 UOISI.
3014 5315 3065 5363 1,
3101 5315 3522 5365 συστησαμενος.

2103 5315 2541 5486 ΒίὲῦἰὶὌντως.
2587 5315 2758 5421 i3eest
2787 5365 2848 5420 in
2881 5365 3148 5436 pluribus
3178 5368 3345 5421 codd.
3372 5384 3475 5421 nec
3504 5364 3762 5419 reddidit

2152 5449 2326 5488 unus.

2172 5504 2285 5580 (73)
2319 5504 2676 5580 ἰξρρςνήμῶν.
2709 5506 2797 5580 Sic
2827 5510 2945 5561 tres
2977 5507 3179 5580 Regg.,
3213 5512 3330 5563 tres
3358 5507 3542 5571 Colb.,
3576 5506 3672 5561 Or.
3702 5508 3753 5573 1,

2102 5576 2160 5627 et
2186 5574 2305 5647 Jes.
2342 5574 2490 5647 Editi
2527 5574 2677 5641 vero,
2714 5576 2887 5647 ὑμῶν.

2177 5646 2291 5716 (74)
2321 5647 2395 5700 Τά
2422 5645 2631 5724 ἐφεξῆς.
2666 5645 2805 5721 Reg.
2838 5666 2891 5714 a,
2921 5646 2988 5701 τὰ
3005 5645 3145 5718 ἑξῆς.

2174 5224 2192 5429 ἓ
