4146 6290
372 376 491 437 ’161

1170 380 1460 442 ORATIO
1503 380 1633 442 VII.
1668 414 1745 425 -—
1774 380 1854 440 IN
1902 379 2226 443 LAUDEM
2272 382 2610 444 CIESARII
2656 383 3010 444 FRATRIS.

3671 383 3789 442 762

444 512 504 575 ζ’,
566 506 695 560 Ὑπὸ
754 503 822 575 δὴ
880 506 1153 568 τοιούτοις
1209 504 1361 577 ἤθεσι
1417 510 1703 585 τραφέντες
1749 508 1839 563 καὶ
1896 529 2012 563 παι-

2210 512 2302 567 VI.
2322 513 2437 569 Nos
2470 513 2649 585 igitur
2669 514 2779 568 sub
2817 512 3157 583 hujusmodi
3185 512 3448 567 moribus
3478 512 3709 566 educati
3734 517 3790 567 et

374 592 648 656 δευθέντες
707 596 838 667 (75),
885 596 975 649 καὶ
1022 601 1138 657 τοῖς
1190 595 1415 659 ἐνταῦθα
1476 599 1787 669 μαθήμασιν
1828 597 2030 658 ἱκανῶς

377 683 777 753 ένασκηθέντες,
856 683 906 738 έν
986 684 1067 745 οἶς
1135 683 1337 745 ἐκεῖνος
1416 687 1525 759 (76)
1605 685 1759 760 τάχει
1816 705 1873 739 τε
1940 685 2027 739 καὶ

378 774 591 847 μεγέθει
653 771 861 849 φύσεως
921 770 1034 827 οὐδ’
1096 772 1154 827 ἂν
1206 770 1345 827 εἷ’ποι
1397 796 1479 835 τις
1540 773 1663 828 ὅσον
1714 774 1843 850 ὑπὲρ
1902 772 2027 835 τοὺς

373 860 621 923 πολλοὺς
676 861 771 930 ἦν’
817 862 889 915 ὧν
940 866 1057 923 πῶς
1107 859 1363 936 ἀδακρυτὶ
1402 864 1501 932 τὴν
1535 863 1740 917 τούτων
1773 862 2027 938 παρέλθω

380 953 625 1023 μνήμην,
686 949 774 1004 καὶ
832 951 905 1023 μή
972 972 1036 1022 με
1093 950 1428 1028 ἀφιλόσοφον
1490 951 1677 1028 ἐλέγξῃ
1732 951 1795 1006 τὸ
1858 952 2027 1012 πάθος

373 1040 518 1114 παρά
563 1040 663 1107 τὴν
708 1038 1000 1113 ὑπόσχεσιν
1030 1040 1041 1094 i
1095 1037 1221 1094 ἀλλ’
1252 1037 1437 1111 ἐπειδή
1473 1062 1536 1115 γε
1565 1038 1878 1113 ἀποδημίας
1906 1061 2025 1094 και-

374 1126 466 1201 ρὸς
515 1124 711 1195 ἐδόκει,
765 1126 853 1181 καὶ
904 1127 1026 1181 τότε
1075 1132 1289 1203 πρῶτον
1340 1128 1431 1183 ἀπ’
1468 1128 1732 1199 ἀλλήλων
1767 1128 2024 1204 ἐσχίσθη-

379 1235 493 1290 μεν·
551 1216 659 1290 ἐγὼ
715 1216 807 1289 μὲν
855 1220 969 1278 τοῖς
1018 1217 1153 1271 κατά
1204 1216 1568 1289 Παλαιστίνην
1634 1218 2024 1294 ἐγκαταμείνας

374 1310 489 1380 (77)
547 1303 975 1382 παιδευτηρίοις,
1037 1306 1253 1361 ἀνθοῦσι
1320 1308 1444 1363 τότε
1516 1309 1651 1362 κατὰ
1728 1308 2025 1384 ῥητορικῆς

376 1392 622 1471 ἕρωτα,ὸ
656 1393 711 1450 δὶ
760 1396 855 1464 τὴν
910 1393 1261 1470 Ἀλεξάνδρου
1309 1395 1472 1451 πόλιν
1519 1392 1861 1470 καταλαϐὼν,
1902 1418 2023 1452 παν-

372 1484 525 1545 τοίας
554 1482 883 1545 παιδεύσεως
912 1484 1002 1539 καὶ
1033 1485 1156 1539 τότε
1200 1485 1289 1539 καὶ
1338 1490 1429 1539 νῦν
1478 1485 1636 1540 οὖσάν
1694 1508 1753 1541 τε
1798 1487 1887 1541 καὶ
1933 1485 2022 1541 δο-

370 1577 565 1627 κοῦσαν
615 1572 989 1649 ἐργαστήριον.
1025 1572 1087 1627 Τί
1134 1577 1368 1648 πρῶτον,
1416 1576 1450 1643 ἢ
1503 1574 1554 1628 τί
1606 1575 1853 1650 μέγιστον
1887 1572 2023 1629 εἷ’πω

369 1666 474 1716 τῶν
504 1661 708 1716 ἐκείνου
737 1662 955 1731 καλων;
990 1663 1057 1719 Τί
1093 1659 1149 1716 δὶ
1178 1664 1291 1736 (78)
1341 1663 1551 1738 παρεὶς,
1603 1664 1679 1736 μὴ
1737 1668 1814 1735 τῷ
1867 1665 2019 1740 μεγί-

371 1771 481 1822 στῳ
516 1752 780 1823 ζημιώσω
810 1751 902 1805 τὸν
932 1750 1097 1826 λόγον
1130 1771 1143 1819 ;
1176 1751 1265 1811 Τίς
1300 1752 1393 1824 μὲν
1428 1751 1631 1807 ἐκείνου
1677 1750 2023 1815 διδασκάλοις

368 1838 727 1945 πιστότερος
776 1840 865 1901 Τίς
917 1836 974 1893 δὲ
1018 1837 1165 1912 ἣλίξι
1227 1838 1729 1916 προσφιλέστεροςς
1782 1841 1870 1903 Τίς
1924 1843 2017 1914 μὶν
2051 1880 2097 1945 Β

374 1925 588 1999 μᾶλλον
640 1927 877 2006 ἀπέφυγε
925 1930 1036 2001 (79)
1075 1931 1173 1998 τήν
1199 1933 1307 1983 τῶν
1342 1932 1638 2005 μοχθηρῶν
1670 1930 1899 2004 ἑταιρίαν
1930 1932 2017 1985 καὶ

370 2016 635 2090 ὁμελίαν;
684 2021 775 2081 Τίς
825 2017 881 2073 δὲ
926 2023 995 2093 τῇ
1025 2024 1132 2075 τῶν
1172 2019 1465 2095 βελτίστων
1499 2021 1682 2075 ἑαυτὸν
1716 2024 2019 2096 προσέθηκε

370 2107 561 2163 πλειον
615 2110 750 2181 (80),
805 2106 998 2170 ἄλλοις
1046 2130 1103 2163 τε
1149 2109 1238 2163 καὶ
1267 2113 1372 2163 τῶν
1408 2108 1465 2163 ἐκ
1493 2112 1587 2178 τῆς
1615 2107 1873 2185 πατρίδος
1903 2116 2017 2171 τοῖς

368 2193 829 2269 εὐδοκιμωτάτοις
862 2197 949 2251 καὶ
976 2197 1444 2273 γνωριμωτάτοις,
1480 2196 1637 2260 εἰδὼς
1684 2196 1811 2253 οὐδὲ
1855 2203 2015 2254 τοῦτο

366 2285 543 2363 φέρειν
582 2289 771 2361 μικρὸν
808 2287 883 2348 εἷς
914 2286 1109 2361 ἀρετὴν
1141 2288 1174 2355 ἣ
1202 2287 1388 2342 κακίαν
1428 2288 1523 2350 τὰς
1573 2288 1892 2356 συνουσίας
1929 2288 2014 2357 Ἐξ

364 2376 437 2429 ὧν
463 2374 546 2436 τίς
582 2376 675 2447 μὲν
716 2372 976 2451 ἄρχουσιν
1031 2375 1234 2430 ἐκείνου
1286 2377 1651 2450 τιμιώτερος;
1709 2376 1792 2438 τίς
1844 2374 1901 2430 δέ
1945 2381 2012 2451 τῇ

359 2462 520 2519 πόλει
570 2466 732 2538 πάσῃ,
765 2464 942 2518 καίτοι
990 2485 1049 2539 γε
1078 2466 1188 2539 (81)
1220 2462 1306 2519 διὰ
1333 2466 1395 2520 τὸ
1431 2465 1657 2540 μέγεθος
1688 2467 1900 2520 πάντων
1935 2465 2016 2541 ἆγ-

358 2554 773 2629 κρυπτομένων,
823 2554 857 2621 ἣ
906 2553 990 2607 ἐπὶ
1053 2553 1368 2631 σωφροσύνῃ
1407 2554 1813 2630 γνωριμότερος
1845 2557 1949 2627 (82)
1981 2556 2014 2624 ἢ

361 2641 447 2696 ἐπὶ
482 2643 681 2696 συνέσει
714 2642 1194 2719 περιφανέστερος;

2141 601 2418 668 instituti,
2455 608 2631 673 atque
2678 602 2736 656 in
2800 603 3038 671 hujusce
3096 601 3204 655 loci
3258 599 3608 671 disciplinis,
3643 602 3791 656 satis

2140 690 2433 745 exercitati
2469 696 2523 744 et
2555 690 2854 760 exculti,in
2885 690 3097 762 quibus
3120 690 3216 745 ille
3244 689 3463 762 ingenii
3496 689 3788 744 celeritate

2137 795 2203 833 ac
2236 780 2639 851 magnitudine
2669 779 2781 834 dici
2812 796 2925 834 non
2965 784 3151 850 potest
3199 795 3375 849 quam
3405 778 3576 850 longo
3608 778 3786 833 inter—

2137 866 2286 921 vallo
2320 868 2628 939 plerosque
2660 873 2789 938 post
2820 885 2880 923 se
2913 867 3305 938 relinqueret;
3339 885 3370 921 0
3402 884 3654 937 quonam
3688 884 3789 939 pa-

2138 961 2230 1011 cto
2260 956 2467 1011 harum
2494 974 2685 1011 rerum
2722 957 3063 1011 memoriam
3093 956 3217 1011 sine
3247 955 3518 1027 lacrymis
3546 960 3785 1028 praeter-

2137 1044 2253 1111 ibo,
2287 1061 2391 1099 nec
2423 1061 2533 1113 me,
2567 1050 2767 1100 contra
2821 1061 2993 1115 quam
3043 1043 3338 1116 pollicitus
3387 1061 3540 1108 sum,
3575 1060 3781 1115 parum

2136 1133 2302 1188 fortis
2333 1133 2511 1187 animi
2544 1150 2672 1188 esse
2700 1132 2869 1188 dolor
2897 1132 3198 1188 ostendet!
3224 1150 3355 1187 cum
3382 1133 3506 1202 jam
3532 1134 3782 1203 peregri-

2136 1221 2393 1276 nationis
2445 1230 2672 1292 lempus
2716 1238 2843 1276 esse
2899 1221 3209 1289 videretur,
3243 1237 3307 1275 ac
3364 1225 3489 1275 tum
3524 1220 3781 1291 primum

2134 1309 2282 1365 alter
2312 1311 2383 1365 ab
2432 1309 2610 1365 altero
2660 1309 2920 1364 distracti
2967 1326 3209 1364 sumus:
3246 1326 3349 1379 ego
3395 1309 3675 1363 nimirum
3707 1310 3780 1364 ob

2133 1399 2276 1454 artis
2308 1400 2571 1453 oratoria?
2602 1415 2881 1466 amorem,
2916 1399 2972 1452 in
3026 1398 3343 1453 Palaestinas
3381 1397 3617 1468 scholis,
3651 1402 3777 1453 tum

2133 1488 2796 1553 ﬂorentibus,moratus;
2822 1486 2918 1541 ille
2945 1492 3137 1541 autem
3164 1485 3575 1542 Alexandriam
3600 1486 3785 1557 profe-

2134 1581 2283 1644 ctus,
2317 1577 2616 1646 urbem,et
2646 1580 2784 1631 tunc
2813 1579 2869 1631 et
2896 1592 3051 1629 nunc
3084 1578 3470 1646 quoque,tum
3500 1591 3632 1630 vere
3651 1579 3779 1630 tum

2131 1666 2439 1722 hominum
2472 1665 3207 1730 existimatione,doctrins:
3239 1664 3431 1720 omnis
3458 1665 3780 1721 ofﬁcinam.

2131 1755 2276 1822 Quid
2311 1755 2589 1827 primum,
2625 1758 2726 1808 aut
2757 1755 2891 1823 quid
2945 1753 3263 1807 maximum
3297 1770 3365 1808 ex
3395 1752 3556 1807 illius
3589 1752 3780 1807 laudi-

2130 1845 2241 1899 bus
2271 1860 2722 1899 commemorem
2744 1842 2771 1896 ?
2801 1844 2913 1896 Aut
2945 1842 3081 1913 quid
3116 1842 3241 1896 sine
3271 1841 3617 1914 gravissimo
3644 1858 3778 1897 ora-

2128 1933 2305 1988 tionis
2337 1935 2549 1987 damno
2584 1931 3021 2002 praetermittam
3042 1930 3068 1984 ?
3098 1929 3239 1994 Quis
3270 1929 3367 1985 illo
3409 1930 3778 2001 praeceptori-

2127 2022 2237 2077 bus
2272 2020 2540 2076 ﬁdelior?
2575 2021 2714 2084 Quis
2746 2018 3065 2089 aequalibus
3089 2018 3449 2088 jucundior?
3478 2019 3618 2084 Quis
3659 2019 3779 2074 im-

2126 2110 2441 2181 proborum
2474 2107 2810 2164 societatem
2856 2112 2911 2162 et
2958 2107 3441 2162 consuetudinem
3474 2107 3663 2179 magis
3692 2106 3774 2162 vi-

2124 2199 2311 2254 tavit?
2338 2197 2479 2260 Quis
2509 2198 2865 2267 optimorum
2898 2196 3315 2262 virorum,cum
3352 2196 3623 2262 aliorum,
3644 2200 3771 2251 tum

2124 2286 2483 2343 celeberrimi
2515 2288 2801 2357 cujusque
2857 2303 2924 2340 ex
2970 2285 3156 2356 patria
3205 2288 3260 2339 et
3301 2283 3652 2339 nobilissimi
3686 2286 3773 2341 fa-

2123 2375 2445 2431 miliaritati
2504 2391 2631 2429 sese
2689 2373 2877 2445 magis
2928 2373 3233 2443 adjunxit?
3289 2373 3415 2428 Non
3462 2373 3773 2443 ignorabat

2123 2482 2285 2533 sane,
2317 2466 2387 2519 ad
2438 2465 2712 2518 virtutem
2768 2467 2869 2518 aut
2926 2462 3134 2516 vitium
3186 2462 3485 2533 permagni
3534 2462 3766 2530 referre,

2122 2571 2253 2609 cum
2297 2554 2512 2625 quibus
2565 2553 2858 2623 quispiam
2909 2551 3257 2605 consuescit.
3290 2553 3476 2621 Atque
3524 2550 3767 2621 idcirco,

2122 2644 2254 2715 quis
2285 2643 2437 2714 apud
2472 2641 2744 2713 praesides
2776 2640 3157 2695 honoratior?
3185 2641 3301 2693 imo
3324 2640 3456 2710 quis
3488 2639 3768 2695 universa:

362 2733 492 2788 urbi
528 2732 816 2804 (quamvis
849 2733 1159 2788 sublimior
1196 2750 1436 2806 prorsus
1468 2750 1533 2789 ac
1564 2734 1891 2790 abstrusior
1918 2733 2108 2806 ipsius
2136 2733 2439 2800 doctrina),
2472 2734 2574 2787 aut
2606 2732 2676 2785 ob
2708 2729 3154 2801 temperantiam
3185 2728 3413 2795 clarior,
3447 2732 3549 2783 aut
3576 2728 3650 2783 ob
3679 2726 3767 2783 in-

364 2822 517 2894 genii
550 2823 930 2893 sagacitatem
962 2822 1295 2879 illustrior?

438 2929 506 2983 Z'.
531 2933 694 2981 Ποῖον
731 2928 824 2999 μὶν
868 2925 1009 2989 εἶδος
1044 2927 1143 2982 οὐκ
1185 2925 1390 2997 ἐπῆλθε
1435 2925 1803 2990 παιδεύσεωςι
1867 2926 2006 3001 μᾶλ-

2191 2929 2313 2984 VII.
2347 2928 2648 2993 Quodnam
2692 2926 2968 2981 doctrinae
3016 2941 3201 2997 genus
3250 2941 3363 2979 non
3397 2923 3769 2996 peragravit?

370 3012 467 3067 λον
502 3013 559 3068 δὲ
584 3020 764 3087 ποῖον,
797 3016 870 3077 ὡς
922 3013 1046 3069 οὐδὲ
1098 3016 1261 3089 μόνον
1304 3012 1487 3091 ἕτερος
1509 3036 1522 3084 ;
1544 3015 1654 3070 Τίνι
1688 3014 1745 3071 δὲ
1774 3024 2013 3093 παρῆκεν

371 3100 529 3177 ἐγγὺς
578 3102 736 3157 αύτοῦ
781 3105 1038 3179 γενέσθαι,
1090 3104 1179 3158 καὶ
1223 3105 1358 3159 κο.τά
1413 3106 1602 3180 μικρὸν
1652 3108 1786 3178 (83),
1823 3106 1897 3178 μή
1931 3104 2013 3159 ὅτι

365 3195 471 3244 τῶν
502 3192 618 3244 καθ’
668 3192 850 3246 ἑαυτὸν
902 3192 990 3246 καὶ
1021 3199 1118 3262 τῆς
1148 3191 1315 3261 αὐτῆς
1346 3192 1584 3265 ἡλικίας,
1618 3192 1760 3247 ἀΛλα
1789 3193 1876 3248 καὶ
1906 3198 2013 3248 τῶν

353 3272 756 3353 πρεσϐυτέρων,
788 3278 877 3332 καὶ
907 3278 1281 3353 παλαιοτέρων
1313 3279 1364 3333 ἰν
1396 3285 1512 3341 τοῖς
1563 3282 1849 3353 μαθήμασι
1875 3299 1887 3349 ;
1920 3281 2010 3336 καὶ

354 3364 529 3421 πάντα
586 3367 662 3427 ὡς
708 3366 763 3420 ’ὲν
812 3366 1126 3438 ἐξασκήσας,
1182 3368 1270 3421 καὶ
1330 3368 1445 3423 ἀντὶ
1494 3369 1708 3423 πάντων
1767 3366 2010 3425 ἕκαστον⁸

350 3458 475 3516 τοὺς
529 3456 622 3528 μὲν
669 3456 910 3523 πτηνοὺς
958 3458 1054 3523 τὴν
1091 3456 1246 3534 φύσιν
1280 3456 1578 3534 φιλοπονίᾳ
1607 3460 1854 3530 νικήσας,
1885 3458 2011 3520 τοὺς

351 3543 407 3599 δὲ
462 3546 735 3621 γενναίους
784 3547 884 3614 τήν
936 3548 1159 3617 ἄσκησιν
1213 3544 1450 3609 διανοίας
1500 3548 1716 3618 ὀξύτητι
1746 3568 1758 3580 ·
1796 3548 2006 3621 μᾶλλον

351 3631 407 3689 δὲ
438 3635 595 3710 τάχει
632 3635 727 3707 μεν
759 3635 886 3697 τοὺς
916 3641 1129 3709 ταχεῖς,
1163 3634 1371 3709 σπουδῇ
1405 3635 1461 3691 δὲ
1500 3636 1628 3699 τοὺς
1678 3638 2008 3714 φιλοπόνους

348 3718 698 3797 ὑπερϐαλὼν,
747 3724 835 3777 καὶ
880 3724 1007 3786 τοὺς
1055 3727 1169 3779 κατ’
1216 3728 1379 3803 ἄμφω
1419 3725 1622 3795 δεξιοὺς
1654 3726 2006 3804 ἀμφοτέροις.

348 3811 692 3885 Γεωμετρίας
741 3813 834 3884 μέν
887 3833 949 3887 γε
1000 3814 1089 3867 καὶ
1127 3813 1513 3888 ἀστρονομίας,
1545 3815 1633 3868 καὶ
1662 3822 1763 3884 τῆς
1799 3815 2007 3870 ἐπικιν-

347 3898 513 3954 δύνου
543 3906 661 3962 τοῖς
694 3900 888 3963 ἄλλοις
921 3899 1275 3969 παιδεύσεως,
1312 3902 1434 3957 ὅσον
1469 3906 1745 3978 χρήσιμον
1789 3901 2003 3973 ἐκλεξά-

351 4009 535 4061 μενος,
583 3993 745 4043 τοῦτο
798 3987 855 4044 δὲ
889 3990 956 4059 ἦν
1003 3989 1061 4043 ἐκ
1085 3997 1187 4059 τῆς
1208 3995 1315 4045 τῶν
1352 3991 1615 4063 οὐρανίων
1649 3990 2006 4066 εύαρμοστίας

344 4077 437 4147 καὶ
468 4076 669 4147 τάξεως
714 4078 805 4131 τὸν
855 4075 1193 4153 δημιουργὸν
1241 4077 1531 4151 θαυμάσαι,
1577 4077 1699 4133 ὅσον
1739 4075 2002 4154 βλαϐερὸν

344 4166 553 4235 ταύτης
614 4163 856 4243 διέφυγεν
885 4187 896 4197 ·
960 4166 1021 4220 ού
1080 4171 1115 4240 ᾗ
1168 4187 1308 4243 φορᾳ
1351 4172 1455 4222 τῶν
1484 4165 1689 4240 ἄστρων
1725 4165 1910 4229 διδοὺς
1941 4170 2006 4222 τὰ

2125 3017 2242 3073 imo
2271 3018 2563 3087 quodnam
2594 3021 2699 3083 est,
2735 3016 2887 3086 quod
2939 3031 3053 3068 non
3088 3022 3145 3068 ut
3194 3030 3265 3069 ne
3314 3029 3494 3067 unum
3527 3012 3764 3083 quidem

2124 3105 2321 3161 alius?
2351 3105 2597 3160 Cuinam
2631 3107 2825 3158 autem
2858 3102 3165 3167 concessit,
3202 3107 3267 3156 ut
3322 3102 3391 3156 ad
3426 3102 3642 3173 ipsum,
3675 3101 3768 3155 vel

2120 3194 2417 3249 tantillum
2445 3194 2957 3265 apprOpinquaret,
2983 3208 3094 3245 non
3130 3190 3418 3245 sodalium
3452 3194 3681 3245 tantum
3714 3193 3771 3244 et

2120 3283 2454 3355 aequalium,
2490 3282 2589 3337 sed
2640 3282 2816 3337 etiam
2878 3281 3166 3350 majorum
3224 3284 3387 3343 natu,
3420 3283 3476 3333 et
3506 3277 3608 3349 qui
3638 3277 3772 3349 plus

2118 3371 2402 3443 temporis
2426 3371 2483 3425 in
2508 3369 2835 3424 litterarum
2861 3369 3070 3424 studiis
3095 3365 3768 3438 consumpserant?Nam

2119 3466 2176 3517 et
2205 3461 2403 3516 omnia
2431 3464 2497 3514 ut
2540 3476 2722 3513 unum
2772 3457 3115 3522 excoluerat,
3150 3461 3206 3512 et
3257 3456 3486 3527 singula
3531 3471 3767 3510 rursum

2122 3554 2186 3605 ut
2215 3550 2431 3605 omnia.
2490 3553 2560 3602 At
2594 3553 2656 3602 ut
2710 3547 2927 3601 volucri
2986 3546 3218 3617 ingenio
3251 3545 3542 3617 praaditos,
3575 3543 3767 3599 studio

2119 3643 2176 3694 et
2206 3638 2526 3710 diligentia,
2583 3638 2665 3691 ita
2722 3637 3019 3690 studiosos
3076 3640 3132 3690 et
3181 3635 3502 3689 industrios
3552 3631 3768 3704 ingenii

2119 3727 2415 3783 celeritate
2448 3726 2801 3797 superabat:
2836 3725 2942 3793 vel,
2978 3728 3043 3778 ut
3101 3723 3315 3777 rectius
3355 3722 3579 3792 loquar,
3613 3720 3766 3776 202

2117 3816 2455 3888 ingeniosos
2518 3816 2774 3885 ingenio,
2834 3819 2890 3867 et
2945 3813 3267 3868 laboriosos
3323 3809 3536 3878 studio,
3569 3813 3625 3863 et
3669 3825 3769 3864 eos

2117 3906 2215 3975 qui
2279 3910 2526 3975 utraque
2586 3920 2644 3957 re
2704 3902 3018 3973 pollebant,
3072 3905 3316 3968 utraque
3381 3896 3766 3968 praecellebat.

2114 3996 2301 4063 Atque
2329 4008 2394 4045 ex
2425 3991 2745 4062 geometria
2777 3989 3037 4059 quidem,
3072 3992 3127 4041 et
3159 3985 3536 4048 astronomia,
3571 3988 3626 4038 et
3658 3984 3767 4039 do-

2115 4081 2303 4135 ctrina
2334 4079 2464 4134 aliis
2492 4077 2837 4150 periculosa,
2878 4093 3033 4142 cum,
3094 4074 3377 4145 quidquid
3426 4072 3567 4127 utile
3619 4077 3764 4141 erat,

2115 4166 2463 4238 collegisset,
2518 4166 2627 4219 hoc
2684 4169 2794 4231 est,
2845 4168 2907 4217 ut
2956 4180 3024 4218 ex
3080 4177 3386 4233 corporum
3438 4160 3763 4216 caelestium

346 4250 475 4308 ὄντα
520 4254 609 4309 καὶ
655 4257 722 4309 τὰ
772 4255 1053 4329 γινόμενα,
1105 4256 1178 4316 ὡς
1228 4258 1283 4309 οἱ
1322 4257 1418 4325 τήν
1453 4254 1758 4328 ὁμόδουλον
1792 4256 2001 4317 ἑαυτοῖς

350 4346 455 4356 η..
592 4343 603 4356 ,
762 4345 773 4356 .
991 4344 1001 4356 .
1232 4350 1258 4356 -
1413 4344 1423 4356 ,
1658 4352 1677 4356 -
1724 4350 1749 4356 η
1815 4344 1855 4356 κ.
1989 4337 2001 4354 ς

2124 4260 2397 4310 concentu
2458 4259 2630 4325 atque
2685 4253 2887 4307 ordine
2963 4252 3291 4306 Creatorem
3352 4250 3761 4318 admiraretur,

344 4346 460 4416 (84)
517 4343 687 4398 κτίσιν
756 4344 1127 4406 έπανιστάντες
1193 4350 1272 4416 τῷ
1337 4344 1599 4413 κτίσαντι,
1648 4350 1762 4416 Θεῷ
1811 4344 1867 4399 δὲ
1912 4343 2001 4399 καἰ

341 4430 523 4487 τᾶλλα
568 4433 761 4505 πάντα,
814 4432 994 4509 ὥσπερ
1026 4432 1191 4503 εἰκὸς,
1225 4434 1512 4505 ἀνατιθεὶς,
1544 4435 1632 4488 καὶ
1664 4435 1763 4502 τήν
1794 4435 1999 4489 τούτων

342 4520 592 4591 κίνησιν·
642 4522 888 4597 ἀριθμῶν
936 4520 993 4577 δὲ
1036 4522 1125 4577 καὶ
1170 4521 1477 4596 λογισμῶν,
1526 4522 1613 4576 καὶ
1659 4529 1758 4591 τῆν
1790 4525 2001 4596 θαυμα-

345 4609 466 4671 σίας
522 4609 793 4685 ὶατρικῆς,
844 4612 942 4681 ὅση
999 4613 1066 4665 τά
1118 4611 1240 4683 περὶ
1289 4610 1493 4687 φύσεις,
1526 4610 1614 4665 καὶ
1646 4612 1880 4686 κράσεις,
1913 4612 2000 4666 καὶ

342 4698 442 4759 τάς
476 4699 651 4773 ἀρχὰς
682 4700 790 4752 τῶν
823 4700 1153 4772 νοσημάτων
1183 4697 1491 4776 φιλοσοφεῖ,
1515 4697 1651 4752 ὥστε
1679 4705 1796 4759 ταῖς
1828 4698 2000 4773 ῥίζαις

346 4786 767 4861 ἀναιρουμέναις
821 4789 1191 4842 συνεκκόπτειν
1238 4787 1327 4841 καὶ
1374 4787 1440 4841 τὰ
1490 4785 1869 4862 βλαστήματα,
1919 4788 2000 4848 τίς

344 4871 520 4932 οὕτως
578 4872 793 4943 ἀμαθὴς
849 4873 883 4941 ἥ
938 4872 1267 4951 φιλόνεικος,
1325 4873 1400 4933 ὡς
1462 4872 1648 4945 ἐκείνῳ
1708 4871 1891 4929 δοῦναι
1934 4876 2000 4928 τὰ

346 4955 592 5033 δεύτερα,
651 4962 741 5014 καὶ
796 4963 871 5033 μή
932 4962 1162 5037 ἀγαπᾷν,
1223 4961 1269 5016 εἰ
1320 4963 1433 5034 μετ’
1465 4960 1667 5016 ἐκεῖνον
1701 4962 1854 5024 εὐθὺς
1887 4962 1999 5039 ἀρι-

563 5182 660 5258 ῌαῖ
691 5180 1084 5258 παιδευθέντες,
1129 5186 1300 5242 Deest
1329 5186 1559 5258 ianeg.
1594 5203 1646 5242 8..

439 5254 531 5329 76)
563 5254 649 5329 Ἐν
683 5257 766 5314 οἷς
799 5255 1018 5316 ἐκεῖνος.
1050 5254 1135 5311 Ita
1193 5258 1331 5329 Reg.
1369 5254 1729 5329 ﬁhu,'_Coisl.
1790 5259 1812 5313 1
1852 5262 1908 5313 et
1936 5261 1989 5326 2,

344 5324 526 5400 OrLi,
563 5326 775 5400 aliique
811 5328 1024 5400 plures.
1068 5329 1214 5383 Edit.
1252 5324 1307 5381 ἐξ
1337 5328 1416 5388 οἷς
1450 5324 1697 5389 ἐκείνοις.

416 5396 529 5472 (77)
564 5396 998 5471 Ἐγκαταμείνας.
1053 5401 1191 5455 Tres
1248 5401 1451 5472 Regg.,
1500 5406 1617 5456 tres
1665 5400 1802 5455 Colb
1835 5444 1847 5469 ,
1883 5405 1989 5457 etc.

343 5463 429 5537 ἰμ
465 5463 643 5527 είνας.”
797 5463 804 5469 ’
1331 5463 1402 5472 ω’
1441 5463 1447 5467 ’

414 5487 526 5607 E8)
558 5538 617 5591 Τί
649 5535 719 5593 δέ.
760 5540 854 5595 Or.
888 5542 936 5604 1,
968 5538 1019 5592 τί
1052 5536 1160 5595 δαί.
1195 5541 1256 5594 In
1288 5541 1425 5595 edit.
1460 5542 1621 5597 deest
1652 5537 1730 5596 δέ.

391 5607 810 5733 έῖἓένθῐαλλον
867 5610 1120 5685 ἀπέφυγε.
1182 5611 1321 5684 Reg.
1383 5614 1501 5680 bm,
1564 5614 1683 5669 Jes.
1752 5612 1996 5691 ἀπέφυγε

349 5697 459 5749 μαΛ
470 5697 583 5735 Αον.

2116 4344 2398 4417 quidquid
2432 4344 2671 4398 noxium
2704 4348 2757 4397 et
2792 4342 3098 4396 exitiosum
3125 4345 3268 4405 erat,
3292 4338 3526 4410 effugit;
3556 4354 3763 4411 nempe

2113 4450 2180 4489 ea
2209 4451 2335 4504 qua:
2368 4437 2524 4497 sunt,
2560 4449 2624 4486 ac
2658 4431 2898 4499 ﬁunt,ad
2924 4430 3182 4485 siderum
3209 4433 3431 4483 motum
3459 4427 3761 4499 haudqua-

2110 4536 2283 4591 quam
2318 4520 2593 4585 referens,
2628 4518 3123 4589 quemadmodum
3183 4516 3218 4569 ii
3276 4516 3373 4585 qui
3423 4531 3760 4569 conservam

2111 4625 2279 4664 suam
2312 4614 2638 4663 creaturam
2702 4608 2981 4662 adversus
3041 4606 3371 4660 Creatorem
3422 4604 3759 4671 concitant;

2107 4714 2333 4766 verum,
2369 4701 2432 4751 ut
2463 4697 2574 4751 alia
2605 4696 2821 4762 omnia,
2870 4696 2952 4750 sic
2982 4711 3182 4749 eorum
3240 4709 3471 4764 quoque
3511 4698 3757 4763 motum,

2111 4791 2173 4841 ut
2206 4804 2311 4857 par
2340 4790 2452 4853 est,
2487 4785 2694 4841 divinae
2749 4785 3118 4857 providentiae
3170 4783 3516 4837 attribuens.
3554 4782 3612 4835 In
3647 4797 3758 4835 nu-

2111 4876 2287 4931 meris
2318 4880 2511 4931 autem
2547 4880 2602 4929 et
2652 4874 3187 4946 supputationibus,
3240 4876 3411 4941 atque
3441 4886 3505 4923 ea
3536 4869 3757 4926 eximia

2109 4965 2253 5021 artis
2284 4966 2521 5021 medicae
2554 4970 2738 5037 parte,
2782 4982 2907 5036 quas
2977 4965 3033 5017 in
3068 4961 3292 5017 naturis
3347 4976 3412 5015 ac
3469 4962 3757 5031 tempera~

2179 5190 2287 5258 (80)
2320 5187 2636 5261 ΙΙροσέθηκε
2666 5186 3023 5261 πλεῖονηιίθε.
3058 5185 3367 5261 προσέθηκε.
3406 5182 3595 5261 πλέον.

2322 5255 2515 5333 Καίτοι
2538 5280 2617 5333 γε,
2669 5267 2774 5315 etc.
2812 5259 3037 5323 Billius,
3074 5255 3403 5333 «quamvis
3435 5255 3653 5333 alioqui
3684 5256 3757 5311 ob

2102 5328 2291 5401 ipsius
2324 5328 2790 5402 magnitudinem
2850 5348 3052 5385 omnes
3111 5330 3342 5385 obscuri
3389 5334 3561 5399 atque
3599 5328 3754 5383 inco—

2106 5402 2251 5473 gniti
2285 5408 2501 5456 essent.
2541 5425 2565 5449 ››

2197 5474 2286 5542 82)
2318 5472 2745 5545 Γνωριμότερος.
2785 5474 2878 5527 Or.
2916 5475 2965 5537 1,
3000 5471 3440 5545 γνωριμώτερηος.

2198 5540 2286 5610 83)
2321 5540 2465 5615 Κατᾶ
2499 5540 2709 5615 μικρὸν.
2743 5540 3187 5615 (Σοωὺθΐίπαρά
3209 5540 3420 5615 μικρόν.

2198 5616 2287 5685 84)
2316 5613 2711 5687 ξΕαυτοῖςζδὶο
2762 5618 2938 5687 Regg.
3000 5634 3052 5681 a,
3106 5613 3225 5683 bm,
3287 5613 3384 5669 Or.
3437 5616 3489 5680 1,
3520 5619 3576 5671 et
3628 5613 3749 5672 ἔθει.

2103 5684 2277 5756 Εάίὶὶ,
2312 5684 2503 5759 ἑαυτῆς
2515 5730 2527 5743 .
