4146 6290
345 381 463 441 767

346 601 757 670 imperatorem
792 600 1050 663 habitus,
1087 599 1471 669 amplissimis
1509 598 1831 653 honoribus
1862 597 1995 650 affe-

346 694 477 743 ctus
517 694 624 744 est.
658 688 984 743 Gratuitam
1018 706 1191 760 porro
1226 689 1369 742 artis
1412 688 1836 742 humanitatem
1874 702 2000 756 pro-

346 777 579 832 ceribus
612 776 935 848 proposuit,
972 776 1112 831 illud
1179 776 1456 831 nimirum
1499 775 1860 847 exploratum
1895 773 1995 827 ha-

344 866 511 932 hens,
549 864 691 919 nihil
728 882 874 931 esse,
912 865 1064 936 quod
1099 864 1395 920 hominem
1446 865 1515 919 ad
1563 863 1771 919 altiora
1798 877 1996 933 prove-

347 954 528 1018 heret,
563 970 735 1023 quam
770 953 1069 1020 virtutem,
1106 954 1318 1008 famam
1370 952 1634 1007 honestis
1675 950 1999 1006 rationibus

346 1041 670 1099 collectam.
721 1043 787 1097 Et
816 1042 1034 1113 quibus
1085 1043 1269 1114 gradu
1314 1041 1551 1097 inferior
1583 1045 1727 1109 erat,
1761 1040 1996 1094 eosdem

344 1126 532 1201 gloria
563 1128 731 1201 longe
762 1129 1097 1200 superabat.
1133 1129 1239 1195 Qui
1288 1146 1421 1183 cum
1456 1129 1527 1183 ob
1569 1128 1909 1200 pudicitiam
1944 1130 1999 1180 et

346 1217 796 1287 temperantiam
861 1218 1137 1273 omnibus
1196 1218 1409 1273 Charus
1470 1222 1645 1283 esset,
1704 1233 1884 1286 eaque
1928 1216 1998 1269 de

349 1321 528 1362 causa
575 1307 961 1378 pretiosarum
1014 1324 1206 1361 rerum
1257 1325 1458 1362 curam
1505 1308 1846 1377 susciperet,
1896 1322 1999 1359 nec

349 1395 683 1467 adjuratore
742 1397 1085 1467 Hippocrate
1146 1395 1261 1451 ullo
1317 1400 1487 1450 modo
1543 1412 1689 1467 opus
1739 1395 1996 1459 haberet,

349 1484 492 1539 adeo
528 1488 591 1539 ut
622 1483 763 1538 nihil
798 1500 1039 1556 prorsus
1071 1490 1224 1540 esset
1254 1486 1501 1541 Cratetis
1545 1483 1913 1555 simplicitas,
1949 1482 1997 1537 si

350 1588 480 1628 cum
515 1571 676 1628 illius
709 1572 1081 1643 simplicitate
1113 1574 1470 1627 conferretur
1507 1591 1518 1628 :
1563 1573 1834 1626 omnibus
1867 1588 1998 1625 rur-

350 1676 480 1715 sum
515 1661 703 1732 magis
740 1678 915 1733 quam
967 1678 1068 1732 pro
1119 1661 1421 1731 dignitatis
1468 1661 1652 1731 ipsius
1688 1660 1871 1731 gradu
1906 1676 1994 1712 ve-

254 1736 268 1749 ’
349 1748 629 1804 nerabilis
660 1755 802 1805 erat.
852 1749 1115 1821 Cumque
1157 1767 1404 1821 magnus
1447 1750 1703 1821 quotidie
1749 1749 1997 1820 dignita-

346 1837 508 1893 tibus
537 1842 861 1903 ornaretur,
910 1839 1229 1909 majoribus
1269 1844 1485 1905 tamen,
1539 1857 1603 1892 ac
1646 1840 1769 1908 jam
1804 1838 1859 1891 in
1897 1854 1998 1909 spe

348 1927 579 1999 positis,
602 1927 817 1999 dignus
842 1928 1185 1997 habebatur,
1212 1934 1335 1982 tum
1357 1929 1426 1983 ab
1462 1928 1603 1995 ipsis
1637 1927 1995 1998 imperatori-

347 2017 628 2084 bus,tum
659 2017 731 2071 ab
764 2017 1038 2071 omnibus
1070 2017 1141 2071 iis
1169 2017 1266 2089 qui
1300 2018 1520 2089 primas
1552 2018 1873 2072 secundum
1898 2033 1995 2071 eos

345 2106 645 2161 tenebant.
680 2106 961 2176 Quodque
992 2105 1311 2159 maximum
1346 2106 1704 2160 censendum
1746 2111 1857 2171 est,
1893 2121 2005 2159 non

345 2194 664 2260 commisit,
700 2199 763 2249 ut
796 2211 828 2248 a
857 2194 1060 2265 gloria,
1096 2200 1197 2249 aut
1224 2196 1295 2250 ab
1322 2194 1415 2262 iis,
1452 2196 1605 2249 inter
1636 2211 1786 2265 quas
1820 2210 2010 2248 versa'

344 2282 537 2348 batur,
569 2282 817 2353 deliciis,
869 2284 1076 2339 animas
1116 2301 1232 2338 sum
1282 2284 1552 2339 nobilitas
1599 2299 2000 2355 corrumpere-

346 2376 466 2428 tur.
513 2373 661 2438 Quin
695 2372 888 2444 potius
939 2374 1088 2428 205
1137 2390 1271 2428 cum
1323 2372 1509 2427 multa
1542 2377 1595 2427 et
1628 2389 1840 2442 magna
1890 2372 2004 2443 ipsi

348 2462 826 2533 suppeterent,ad
852 2462 1198 2533 dignitatem
1219 2468 1413 2517 tamen
1437 2462 1547 2517 hoc
1581 2462 1835 2533 primum
1858 2464 2000 2529 erat,

350 2550 506 2621 quod
538 2549 907 2604 Christianus
942 2554 998 2604 et
1027 2556 1181 2606 esset
1227 2556 1283 2604 et
1316 2551 1760 2617 nominaretur;
1813 2549 1895 2603 sic
1940 2554 2003 2603 ut

352 2637 468 2693 alia
498 2638 696 2693 omnia
726 2655 858 2693 cum
888 2639 993 2693 hoc
1030 2656 1142 2693 uno
1171 2640 1379 2694 collata
1431 2638 1606 2693 ludus
1657 2638 1892 2710 quidam
1936 2654 2001 2692 ac

353 2742 523 2798 nugae
554 2726 664 2798 ipsi
699 2732 910 2782 essent.
960 2728 1082 2782 Alia
1111 2728 1263 2782 enim
1317 2729 1384 2782 ab
1419 2727 1549 2782 aliis
1580 2727 1753 2782 etiam
1788 2726 1997 2781 ludun-

1590 380 1654 439 S.
1702 374 2077 437 GREGORII
2120 373 2520 435 THEOLOGI

347 512 489 566 dum
534 511 790 565 obtinuit
836 516 1011 582 atque
1061 511 1113 564 in
1173 512 1493 565 amicorum
1547 525 1793 565 numero
1836 507 1990 579 apud

2109 502 2245 565 λέως
2296 502 2446 564 εὐθὺς
2486 503 2938 579 ἀριθμούμενους,
2988 505 3085 564 τάς
3147 504 3397 579 μεγίστας
3455 511 3739 580 καρποῦτα

3643 376 3764 437 768

3751 480 3765 511 ι

2106 592 2268 663 τιμάς
2293 611 2303 621 ’
2340 592 2565 663 ἄμισθον
2598 590 2652 645 δὲ
2682 594 2779 659 τὴν
2812 599 2911 660 τῆς
2943 592 3143 665 τέχνης
3186 592 3595 669 φιλανθρωπίαν
3641 601 3760 657 τοῖς

2107 680 2158 733 ἐν
2215 677 2358 733 τέλει
2417 681 2736 752 προτίθησιν
2795 684 2891 753 (7),
2954 678 3109 742 εἰδὼς
3164 680 3313 735 οὐδὲν
3368 682 3539 745 οὕτως
3573 686 3651 755 (8)
3685 685 3759 745 ὡς

2107 768 2300 844 ἀρετήν
2350 768 2439 822 καὶ
2496 770 2558 823 τὸ
2610 768 2694 823 ἐπὶ
2744 775 2863 830 τοῖς
2906 769 3223 831 καλλίστοις
3276 773 3352 844 (9)
3400 772 3758 846 γινώσκεσθαι

2106 856 2363 931 προάγειν
2399 857 2476 919 εἷς
2506 858 2568 912 τὸ
2599 856 2918 931 ἔμπροσθεν.
2952 858 3048 911 Kui
3082 860 3153 912 ὧν
3193 863 3261 932 τῇ
3312 861 3455 929 τάξει
3509 857 3757 935 δεύτερος

2106 947 2195 1017 ἦν,
2227 944 2431 999 τούτων
2464 945 2598 1000 κατά
2629 944 2773 1000 πολὺ
2804 953 2997 1021 περιῆν
3029 951 3096 1019 τῇ
3148 944 3274 1020 δόξῃ
3295 967 3305 977 ‘
3357 954 3483 1001 πᾶσι
3536 950 3629 1021 μὲν
3683 950 3757 1003 ὥν

2108 1033 2195 1090 διὰ
2252 1034 2604 1112 σωφροσύνην
2652 1034 2961 1110 ἐπέραστος,
3022 1034 3109 1088 xui
3170 1032 3259 1089 διά
3307 1036 3467 1090 τοῦτο
3510 1038 3576 1091 τά
3604 1037 3761 1110 τίμια

2105 1123 2492 1196 πιστευόμενος
2557 1126 2690 1198 (10),
2748 1123 2836 1178 καὶ
2900 1121 3068 1196 μηδὲν
3139 1124 3527 1199 Ἱπποκράτους
3607 1124 3756 1201 6px:-

2108 1216 2234 1266 στοῦ
2268 1208 2690 1287 προσδεόμενος,
2724 1212 2799 1273 ὡς
2854 1209 3022 1284 μηδὲν
3071 1212 3205 1266 εἶναι
3253 1213 3341 1265 καὶ
3389 1214 3488 1282 τήν
3542 1213 3757 1289 Κράτη-

2104 1322 2199 1363 τος
2256 1299 2540 1370 ἁπλότητα
2592 1303 2701 1374 (11)
2752 1303 2885 1375 πρὸς
2933 1301 3031 1369 τὴν
3084 1300 3286 1355 ἐκείνου
3330 1302 3710 1377 θεωρουμένην
3742 1323 3754 1335 ·

2106 1397 2232 1443 πᾶσι
2263 1388 2319 1444 δὲ
2348 1388 2512 1443 πλέον
2545 1391 2578 1457 ἢ
2620 1389 2754 1444 κατά
2794 1391 2891 1457 τὴν
2945 1389 3089 1458 ἀξίαν
3136 1388 3441 1462 αἰδέσιμος,
3497 1390 3753 1465 μεγάλων

2111 1480 2203 1551 μὲν
2237 1478 2317 1533 ἀεὶ
2346 1483 2453 1532 τῶν
2487 1478 2767 1553 παρόντων
2800 1477 3138 1551 ἀξιούμενος,
3190 1479 3451 1550 μειζόνων
3504 1477 3561 1533 δὲ
3610 1481 3756 1550 ἄξιος

2108 1568 2235 1622 εἶναι
2266 1572 2372 1621 τῶν
2400 1566 2774 1639 έλπιζομενων
2809 1566 3129 1642 κρινόμενος
3175 1573 3291 1629 τοῖς
3336 1589 3394 1622 τε
3447 1567 3755 1642 βασιλεῦσιν

2107 1656 2313 1724 αὐτοῖς,
2362 1655 2449 1710 καὶ
2500 1657 2613 1709 ὃσοι
2664 1655 2730 1709 τὰ
2778 1660 2965 1731 πρῶτα
3000 1657 3114 1727 μετ’
3145 1654 3376 1716 ἐκείνους
3408 1654 3625 1731 ἔχουσιν
3650 1676 3660 1687 ·
3694 1658 3757 1711 τὸ

2109 1743 2164 1799 δὲ
2210 1743 2486 1819 μέγιστον,
2548 1744 2627 1798 ὅτι
2682 1746 2819 1816 μήτε
2866 1742 2967 1798 ὑπδ
3015 1751 3113 1813 τῆς
3163 1742 3322 1814 δόξης
3360 1748 3495 1817 μήτε
3528 1746 3628 1799 ὑπὸ
3658 1754 3758 1815 τῆς

2110 1837 2166 1889 ἀν
2204 1836 2352 1907 μέσῳ
2380 1842 2589 1911 τρυφῆς
2637 1834 2733 1901 τήν
2764 1840 2862 1902 τῆς
2914 1837 3099 1908 ψυχῆς
3150 1833 3414 1907 εὐγένειαν
3451 1832 3711 1911 διεφθάρη
3742 1855 3754 1866 ·

2108 1922 2249 1978 ἀλλά
2274 1920 2498 1977 πολλῶν
2532 1921 2621 1977 καὶ
2657 1921 2905 1997 μεγάλων
2950 1922 3305 1997 ὑπαρχόντων
3340 1922 3503 1994 αὐτῷ,
3540 1928 3754 1997 πρῶτον

2114 2016 2151 2081 ἦ
2178 2012 2253 2073 εἷς
2310 2012 2519 2083 ἀξίωμα
2576 2013 2895 2086 Χριστιανὸν
2954 2010 3041 2065 xui
3088 2011 3340 2065 εἶναικαὶ
3378 2012 3755 2084 ὀνομάζεσθαι·
3794 2070 3803 2076 _

2115 2100 2206 2154 xui
2238 2100 2409 2153 πάντα
2442 2100 2583 2172 ὀμοῦ
2634 2097 2823 2153 παιδιά
2842 2122 2923 2161 τις
2973 2099 3161 2172 ἰκείνῳ
3203 2101 3292 2154 xui
3347 2100 3519 2176 λῆρος
3552 2102 3687 2175 πρὸς
3715 2098 3769 2155 ἓν

2115 2194 2273 2244 τοῦτο
2316 2189 2629 2265 κρινόμενα.
2688 2190 2761 2241 Tu
2824 2189 2917 2261 μὲν
2966 2190 3065 2264 γάρ
3117 2187 3259 2243 ἄλλα
3303 2190 3376 2250 ὡς
3434 2189 3520 2243 ἐπὶ
3570 2198 3771 2261 σκηνῆς

2114 2279 2203 2333 καὶ
2236 2276 2431 2340 ἄλλοις
2462 2278 2739 2346 παίζεσθαι
2769 2277 2998 2354 τάγιστα
3037 2280 3384 2352 πηγνυμένἰ,ς
3430 2300 3488 2332 τε
3538 2278 3626 2333 καί
3674 2301 3769 2334 κα-

2111 2365 2474 2440 ταλυομένης,
2533 2365 2675 2440 τάχα
2735 2363 2791 2420 δέ
2850 2368 3213 2443 φθειρομένης
3272 2366 3396 2442 ῥᾳον
3447 2369 3481 2435 ἢ
3526 2388 3769 2421 συνιστα-

2117 2458 2306 2529 μένης,
2342 2456 2415 2516 ὡς
2446 2456 2576 2509 εἶναι
2610 2453 2739 2509 ίὸεῖν
2770 2454 2827 2509 ἐκ
2855 2460 2961 2509 τῶν
3010 2453 3236 2509 πολλῶν
3286 2460 3382 2509 τοῦ
3439 2456 3559 2531 βίου
3609 2478 3768 2528 μετα-

2113 2539 2321 2612 ϐολῶν,
2349 2545 2438 2598 καὶ
2464 2551 2562 2613 τῆς
2589 2544 2699 2597 ἀνω
2759 2544 2848 2597 xui
2904 2545 3050 2597 κάτω
3103 2543 3545 2615 μεταπιπτούσης
3585 2544 3766 2615 εὐετη-

2113 2633 2232 2707 ρίας
2259 2653 2271 2663 ·
2311 2632 2471 2705 μόνον
2506 2634 2563 2686 δὲ
2594 2630 2731 2686 ἴδιον
2784 2632 2978 2708 ἀγαθὸν
3028 2634 3161 2686 εἶναι
3210 2634 3296 2687 καὶ
3326 2633 3638 2709 παραμένου
3670 2634 3765 2686 ἀσ-

2113 2720 2299 2798 φαλῶς
2330 2723 2427 2791 τὴν
2460 2716 2751 2777 εὐσέϐειαν.

356 2820 473 2882 tur,
510 2832 626 2871 non
657 2832 826 2871 secus
853 2822 1029 2888 atque
1061 2817 1118 2871 in
1154 2835 1314 2887 scna,
1350 2834 1479 2888 quae
1509 2817 1829 2883 celerrime,
1860 2821 1917 2871 et
1949 2814 2145 2884 ﬁgitur
2174 2818 2230 2868 et
2259 2812 2618 2883 dissolvitur,
2651 2813 2768 2867 imo
2801 2812 3027 2867 facilius
3060 2812 3303 2867 fortasse
3335 2813 3757 2883 deletur,quam

355 2904 831 2971 constituitur-,ut
862 2922 929 2959 ex
962 2905 1162 2960 multis
1194 2905 1371 2976 hujus
1403 2906 1529 2959 vita:
1566 2905 2010 2971 mutationibus,
2045 2907 2101 2957 et
2134 2902 2513 2974 prosperitate
2544 2918 2779 2957 sursum
2813 2919 2877 2957 ac
2905 2902 3178 2957 deorsum
3201 2901 3449 2966 labente,
3475 2901 3757 2972 perspice-

360 3009 421 3048 re
444 2992 580 3048 licet
616 2994 925 3065 :pietatem
961 3010 1093 3049 vero
1124 2996 1343 3049 bonum
1378 2995 1676 3066 proprium
1710 3011 1853 3060 esse,
1890 2993 2160 3064 quodque
2193 2995 2319 3045 tuto
2350 2995 2704 3063 permaneat.

421 3080 513 3137 XI.
546 3082 677 3136 Haec
727 3082 978 3151 Caesarii,
1026 3088 1082 3137 et
1130 3083 1187 3136 in
1242 3083 1565 3154 chlamyde,
1628 3081 2001 3152 philosophia
2032 3081 2075 3146 C

350 3173 512 3236 erat;
546 3169 604 3223 in
638 3170 729 3225 his
770 3171 1244 3242 cogitationibus,
1278 3175 1333 3223 et
1375 3171 1535 3233 vixit,
1570 3175 1625 3223 et
1654 3170 1771 3225 vita
1804 3170 1999 3236 cessit,

354 3258 963 3329 majorem,quantum
998 3260 1065 3314 ad
1092 3259 1500 3314 absconditum
1532 3259 1851 3326 hominem,
1885 3258 2001 3313 Deo

352 3345 626 3418 pietatem
659 3350 968 3402 ostendens
998 3355 1053 3402 et
1084 3348 1383 3415 exhibens,
1418 3365 1591 3418 quam
1645 3366 1772 3419 qua:
1803 3348 1861 3401 in
1898 3365 2001 3418 pu-

350 3432 501 3488 blico
532 3436 927 3506 spectabatur.
972 3441 1163 3507 Atque
1193 3441 1257 3489 ut
1289 3436 1403 3489 alia
1433 3435 1630 3490 omnia
1663 3436 1999 3506 praetermit—

349 3525 492 3589 tam,
547 3523 1006 3594 prOpinquorum
1059 3541 1286 3595 nempe,
1345 3524 1442 3595 qui
1493 3525 1548 3577 in
1602 3524 1995 3579 calamitatem

349 3608 601 3681 aliquam
658 3610 1001 3681 inciderant,
1054 3629 1250 3666 curam
1301 3618 1357 3667 et
1407 3613 1763 3683 praesidium,
1813 3613 1997 3667 fastus

348 3702 773 3770 contemptum,
807 3700 1195 3769 aequalitatem
1250 3701 1399 3755 inter
1453 3701 1693 3765 amicos,
1745 3702 1994 3755 auctori-

346 3790 526 3842 tatem
556 3787 710 3859 apud
745 3787 1041 3858 praesides,
1089 3792 1429 3859 certamina,
1463 3807 1588 3861 qua:
1624 3808 1724 3861 pro
1757 3790 1996 3845 veritate

347 3876 623 3948 suscepit,
677 3893 1000 3943 sermones,
1042 3895 1187 3949 quos
1241 3879 1458 3934 multos
1507 3886 1562 3932 et
1614 3896 1742 3933 cum
1797 3878 1994 3933 multis

347 3963 576 4031 habuit,
613 3983 722 4021 non
763 3971 998 4036 argutos
1044 3967 1254 4034 solum,
1299 3969 1397 4021 sed
1448 3968 1619 4022 etiam
1677 3968 1991 4021 admodum

349 4054 477 4125 pios
510 4060 567 4107 et
596 4054 886 4122 ardentes,
922 4072 1042 4109 rem
1097 4073 1271 4109 unam
1328 4074 1429 4127 pro
1475 4057 1750 4110 omnibus
1781 4057 1991 4125 dicam,

349 4158 466 4214 qua
502 4141 645 4196 nihil
682 4143 737 4197 in
788 4144 974 4213 ipsius
1024 4146 1139 4198 vita
1190 4144 1476 4198 celebrius
1526 4150 1633 4209 est,
1690 4146 1992 4216 magisque

349 4229 770 4301 pervulgatum.
800 4233 1341 4287 Furebatadversus
1372 4250 1479 4287 nos
1503 4234 1776 4287 infandus
1810 4234 1992 4303 impe-

351 4322 528 4387 rator,
559 4324 615 4373 et
636 4335 765 4373 cum
801 4320 857 4373 in
893 4322 1151 4391 seipsum
1180 4321 1457 4390 primum,
1486 4320 1824 4375 Christianas
1858 4322 1992 4375 fidei

2184 3082 2289 3133 IA’.
2342 3080 2517 3130 Ταῦτα
2574 3076 2846 3149 Καισαρίῳ
2924 3074 3303 3153 ἐφιλοσοφεῖτο
3366 3079 3477 3147 (12)
3546 3075 3640 3129 κάν
3689 3076 3761 3146 τῇ

2111 3163 2372 3240 χλανίδι·
2431 3164 2648 3227 ταύταις
2714 3166 2804 3219 καὶ
2878 3164 3134 3235 συνέζησε
3190 3171 3310 3227 ταῖς
3368 3164 3613 3233 ἐννοίαις,
3674 3164 3763 3219 καὶ

2108 3261 2421 3323 συναπῆλθε
2450 3256 2585 3327 (13),
2622 3254 2793 3327 μείζω
2826 3260 2923 3322 τῆς
2956 3252 3289 3331 φαινομένης
3341 3253 3415 3315 εἷς
3477 3253 3539 3307 τὸ
3583 3255 3761 3308 κοινὸν

2110 3338 2397 3411 εὐσεϐείας,
2457 3348 2569 3416 Θεῷ
2625 3342 2905 3418 γνωρίζων
2967 3343 3054 3396 καὶ
3122 3343 3382 3418 παριστὰς
3461 3342 3561 3410 τὴν
3627 3345 3763 3396 κατά

2105 3430 2197 3486 τὸν
2253 3431 2486 3504 κρυπτὸν
2556 3431 2860 3507 ἄνθρωπον.
2918 3430 3023 3487 Kui
3070 3430 3122 3485 εἷ’
3167 3453 3230 3505 με
3283 3429 3383 3502 δεῖ,
3428 3433 3602 3486 πάντα
3633 3452 3764 3507 παρ-

2108 3521 2251 3587 έντα,
2301 3520 2399 3588 τὴν
2459 3519 2785 3594 προστασίαν
2842 3525 2948 3574 τῶν
2998 3519 3055 3574 ἐκ
3111 3521 3296 3596 γένους
3348 3520 3760 3596 ἀτυχησάντων,

2105 3610 2202 3675 τήν
2266 3608 2557 3683 ὑπεροψίαν
2611 3613 2707 3662 τοῦ
2760 3608 2951 3686 τύφου,
3016 3610 3115 3676 τὴν
3172 3610 3306 3683 πρὸς
3378 3608 3505 3670 τοὺς
3568 3608 3761 3685 φίλους

2107 3696 2402 3769 ἰσοτιμίαν,
2432 3698 2529 3765 τὴν
2570 3698 2706 3773 πρὸς
2762 3696 2888 3758 τοὺς
2939 3693 3203 3772 ἄρχοντας
3253 3696 3575 3772 παρρησίαν,
3627 3698 3755 3756 τοὺς

2108 3786 2239 3860 ὑπὲρ
2271 3784 2527 3856 ἀληθείας
2560 3786 2768 3861 ἀγῶνας
2797 3785 2887 3839 καὶ
2926 3785 3145 3861 λόγους,
3190 3786 3283 3848 οὕς
3340 3784 3584 3848 πολλοὺς
3646 3789 3757 3859 (41)

2104 3875 2191 3928 καὶ
2248 3876 2383 3949 πρὸς
2440 3874 2686 3936 πολλοὺς
2719 3876 3101 3944 συνεστήσατο,
3156 3874 3217 3928 ού
3279 3875 3519 3949 λογικῶς
3573 3876 3752 3948 μόνον.

2106 3961 2249 4017 ἀλλά
2305 3963 2391 4017 καὶ
2449 3962 2568 4017 λίαν
2634 3958 2866 4024 εὐσεϐῶς
2921 3984 2979 4017 τε
3030 3963 3120 4017 καὶ
3179 3961 3469 4039 διακύρως,
3525 3962 3579 4018 ἓν
3642 3965 3758 4018 ἀντὶ

2103 4054 2316 4106 πάντων
2418 4051 2583 4105 εἷπεῖν
2675 4056 2782 4106 τῶν
2878 4051 3076 4106 ἐκείνου
3151 4054 3212 4105 τὸ
3302 4054 3757 4128 γνωριμώτατον,

2104 4139 2375 4195 Ἐλλύσσα
2403 4142 2517 4195 καθ’
2547 4142 2708 4212 ἡμῶν
2765 4140 3023 4215 βασιλεὺς
3057 4142 3083 4194 ὁ
3118 4139 3453 4212 δυσώνυμος,
3504 4143 3592 4194 xui
3638 4144 3756 4206 καθ’

2104 4231 2214 4301 (15)
2273 4230 2462 4283 ἑαυτοῦ
2511 4234 2724 4305 πρῶτον
2782 4230 2964 4302 μανεὶς
3018 4228 3077 4282 έκ
3123 4236 3221 4298 τῆς
3258 4230 3332 4291 εἷς
3363 4230 3598 4303 Χριστὸν
3635 4232 3755 4295 ἀθε-

2099 4320 2331 4389 τήσεως,
2378 4317 2650 4394 ἀφόρητος
2698 4315 2805 4387 ἤδη
2859 4318 2948 4372 καὶ
3006 4322 3121 4379 τοῖς
3178 4316 3373 4379 ἄλλοις
3430 4321 3517 4387 ἦν,
3550 4317 3668 4372 οὐδ’
3701 4319 3751 4373 ἐν

347 4407 692 4477 ejuratione,
726 4408 1209 4477 insanisset,jam
1245 4408 1372 4462 aliis
1405 4425 1636 4480 quoque
1664 4408 1994 4463 intolerabi-

2109 4404 2202 4477 ἴσῳ
2223 4408 2335 4479 (19)
2356 4412 2472 4468 τοῖς
2506 4405 2724 4468 λοιποῖς
2756 4406 3164 4481 Χριστομάχοις
3201 4405 3609 4482 μεγαλοψύχως
3640 4401 3753 4477 (17)

346 4494 422 4549 lis
451 4501 607 4557 erat;
640 4513 710 4551 ne
741 4501 1076 4550 caaterorum
1112 4498 1347 4568 quidem
1381 4498 1590 4552 Christi
1628 4498 1886 4552 hostium
1932 4497 1988 4550 in

348 4587 587 4641 modum
622 4602 831 4658 magno
862 4587 1058 4640 animo
1092 4586 1450 4657 impietatem
1482 4589 1986 4659 proﬁtens,verum

349 4672 732 4727 humanitatis
763 4674 1000 4727 obtentu
1053 4676 1516 4744 persecutionem
1551 4675 1781 4739 celans;
1817 4680 1990 4745 atque

347 4761 533 4815 instar
563 4762 799 4816 ﬂexuosi
843 4760 1000 4816 illius
1032 4764 1339 4832 serpentis,
1375 4765 1471 4835 qui
1506 4764 1691 4834 ipsius
1725 4762 1986 4816 animum

415 4973 490 5045 (_7)
519 4970 870 5045 Ιιροτίθησιν.
904 4972 997 5045 Sic
1028 4972 1203 5045 Regg.
1240 4992 1271 5029 a
1302 4975 1529 5042 hu,tres
1555 4974 1893 5041 Colb,Coisl.
1930 4975 1984 5038 1,

346 5048 404 5097 et
430 5043 546 5115 Jes.
570 5041 728 5115 :Editi
758 5041 1109 5115 προτόθησιν,

417 5114 494 5184 (8)
525 5111 725 5184 Οὕτως.
760 5111 851 5167 ()ἰ·.
890 5116 939 5178 1,
967 5111 1125 5179 ’ίσως,
1162 5137 1184 5165 α
1220 5130 1398 5184 aeque,
1433 5117 1696 5171 fortasse.
1734 5138 1780 5169 n.

418 5181 493 5255 (9)
519 5181 863 5256 Καλλίᾳ-τοις.
898 5185 1031 5256 Reg.
1055 5188 1188 5256 _bm,
1221 5181 1433 5245 καλοῖς,

416 5254 526 5325 (10(
557 5254 630 5307 Τὰ
658 5255 815 5325 τίμια
844 5254 1248 5326 πιστευόμενος.
1285 5282 1311 5305 ‹‹
1345 5262 1485 5312 Cum
1519 5259 1646 5327 ejus
1685 5257 1817 5311 fidei
1849 5258 1984 5311 cha-

346 5343 410 5381 ra
440 5328 702 5408 pignora,
738 5350 764 5376 ››
800 5345 1042 5408 uxorum
1080 5345 1286 5408 nempe
1333 5337 1386 5382 et
1437 5330 1751 5408 liberorum
1785 5344 1983 5408 corpo-

348 5412 429 5460 ra,
462 5400 674 5468 quibus
717 5400 991 5453 curandis
1042 5399 1320 5469 pudicitia
1367 5401 1613 5453 maxime
1664 5400 1989 5453 necessaria

347 5474 458 5531 est,
491 5491 517 5517 ‹‹
552 5470 1079 5524 committerentur.
1119 5488 1129 5523 :

422 5537 530 5607 (11)
563 5538 899 5608 Ἀπλότητα.
950 5541 1124 5595 Coisl.

349 5604 459 5660 ιίθέ
468 5646 480 5659 .
513 5604 541 5656 ὦ)

426 5676 534 5746 (12)
562 5675 995 5754 Ἑφιλοσοφεῖτο,
1028 5687 1137 5739 etc.
1182 5682 1406 5754 Billius,
1457 5706 1485 5735 «
1535 5683 1594 5738 in
1642 5684 1735 5739 hi8
1773 5683 1986 5739 studiis

1196 5543 1243 5596 1.
1307 5538 1643 5607 ἁπαλότητα.
1704 5566 1729 5590 ‹‹
1794 5541 1984 5597 molli-

2100 4495 2547 4569 ἀπογραφόμενος
2597 4495 2671 4556 εἷς
2729 4496 2825 4563 τήν
2887 4490 3153 4564 ἀσέϐειαν,
3206 4492 3349 4548 ἀλλὰ
3378 4493 3626 4549 κλέπτων
3658 4496 3747 4550 τὸν

2101 4581 2344 4657 διωγμὸν
2406 4583 2456 4636 έν
2505 4583 2792 4645 ἐπιεικείας
2840 4582 3120 4654 πλάσματι
3150 4605 3162 4616 ’
3213 4583 3301 4636 καὶ
3341 4584 3475 4637 κατά
3502 4586 3593 4638 τὸν
3628 4606 3748 4638 uxo-

2101 4669 2217 4725 λιὸν
2262 4667 2407 4747 ὅφιν,
2463 4671 2520 4733 ὅς
2568 4674 2667 4740 τήν
2722 4672 2923 4726 ἐκείνου
2972 4670 3201 4746 κατέσχε
3230 4674 3438 4747 ψυχὴν,
3473 4673 3739 4733 παντοίαις

2103 4765 2375 4835 μηχαναῖς
2424 4760 2679 4815 ύποσπῶν
2711 4760 2835 4822 τοὺς
2886 4760 3105 4822 ἀθλίους
3157 4760 3232 4821 είς
3291 4762 3351 4814 τὸ
3402 4762 3595 4816 ἑαυτοῦ
3645 4762 3739 4837 βά-

2097 4974 2399 5035 Caesarius.
2432 4973 2603 5045 etiam
2639 4974 2695 5027 in
2727 4973 3053 5045 chlamyde,
3087 4978 3351 5029 versatus
3381 4980 3487 5031 est.
3524 4998 3550 5025 »

2170 5045 2282 5111 (13)
2315 5043 2655 5112 Συναπῆλθε.
2690 5045 2784 5099 Or.
2820 5048 2871 5111 1,
2903 5042 3135 5112 ἀπῆλθε.

2168 5088 3169 5198 21;;aagzgysig.;_.jsa'ggggig,
3207 5115 3469 5198 ωριτες
3501 5118 3657 5172 cum.
3695 5126 3751 5173 et

2097 5187 2173 5240 Or
2226 5188 2276 5252 1,
2311 5188 2394 5242 sic
2425 5189 2600 5243 etiam
2640 5187 2859 5243 Billius.
2896 5185 3064 5253 Editi,
3111 5185 3172 5247 ὓς
3202 5186 3497 5255 πολλάκις,
3537 5213 3563 5237 ‹‹
3599 5208 3746 5260 quos

2097 5274 2278 5410 ἓξὲξ)
2305 5280 2406 5410 iiut
2436 5329 2571 5410 καθ’.
2596 5330 2688 5410 _lta
2716 5329 2898 5410 itegg.
2932 5330 3052 5398 bm,
3087 5328 3188 5393 hu,
3221 5334 3338 5385 tres
3366 5331 3528 5396 Colb,
3564 5341 3619 5386 et
3651 5340 3745 5387 Ur.

2102 5400 2147 5451 1-
2188 5401 2245 5452 In
2279 5400 2416 5453 edit.
2451 5401 2611 5455 deest
2638 5399 2746 5454 καί.

2098 5536 2121 5591 ἒ
2167 5469 2276 5559 (16)
2308 5466 2431 5523 Οὐδ’
2483 5469 2532 5524 ἐν
2585 5468 2707 5542 ἴσῳ.
2755 5470 2893 5543 Reg.
2946 5488 2998 5538 a,
3032 5466 3155 5527 οὐδὲ
3213 5470 3262 5526 έν
3298 5470 3398 5542 ἴσῳ
3426 5474 3545 5529 Jes.
3595 5472 3746 5527 οὐδὲν

2123 5561 2147 5590 ν
2187 5560 2304 5591 ισω.

2123 5561 2147 5590 ν
2187 5560 2304 5610 ισῳ.

2170 5609 2286 5683 (17)
2318 5609 2765 5686 Μεγαλοψύχως.
2795 5613 2975 5671 Coisl.
3011 5616 3061 5686 1,
3095 5613 3518 5689 ομγαλόψυχος.
