4146 6290
337 341 456 400 769

1115 341 1409 401 ORATIO
1453 339 1588 400 vn.
1623 372 1696 383 —
1726 339 1804 399 IN
1847 338 2177 402 LAUDEM
2222 337 2557 400 GESARII
2603 313 2966 401 FRATRIS.

3633 342 3754 402 770

339 473 557 547 ραθρον.
608 470 706 524 Καὶ
754 471 818 524 τὸ
865 470 958 543 μὲν
1008 474 1222 546 πρῶτον
1274 469 1419 542 αὐτῷ
1473 473 1585 543 (18)
1623 467 1902 545 τέχνασμά
1930 490 1990 524 τι

2121 470 2418 537 obsdebat,
2449 471 2609 526 omni
2632 472 3035 527 machinarum
3059 489 3270 546 genere
3318 473 3377 528 in
3409 474 3749 546 voraginem

338 559 426 613 καὶ
480 557 722 634 σόφισμα
764 559 894 631 (19),
945 557 1033 612 ἳνα
1087 555 1226 631 μηδὲ
1272 565 1372 626 τῆς
1422 557 1508 612 ἐπὶ
1539 563 1654 620 τοῖς
1686 557 1873 621 ἄθλοις
1902 578 1989 611 τι-

344 655 451 722 μῆς
498 648 861 722 τυγχάνωμεν
920 647 1150 723 (ἐφθόνει
1203 647 1303 724 γάρ
1352 647 1439 702 καὶ
1486 647 1686 716 ταύτης
1736 649 1990 720 Χριστια-

341 744 456 798 νοῖς
519 738 545 790 6
601 733 904 812 γεννάδας),
966 735 1274 811 πάσχοντας
1333 737 1405 798 ὡς
1461 734 1838 811 Χριστιανοὺς,
1918 735 1994 796 ὡς

341 825 682 900 κακούργους
763 822 1122 892 κολάζεσθαι·
1193 825 1256 878 τὸ
1337 822 1394 879 δὲ
1465 821 1711 901 δεύτερον
1780 825 1995 884 πειθοῦς

343 911 517 988 ὄνομα
567 918 839 986 προσεῖναι
896 917 975 983 τῷ
1045 911 1338 987 γινομένῳ,
1399 915 1474 985 μὴ
1529 911 1860 988 τυραννίδος,
1922 913 1997 973 ὡς

344 1004 402 1058 ἂν
439 1008 624 1076 μεῖζον
671 1001 707 1076 ᾖ
752 1006 849 1056 τοῦ
895 999 1146 1055 κινδύνου
1191 1002 1254 1056 τὸ
1296 1007 1395 1071 τῆς
1428 1001 1718 1078 αἷσχύνης,
1749 999 1994 1076 αὐθαιρέ-

341 1114 452 1153 τως
499 1089 745 1167 χωροῦσι
796 1091 932 1165 πρὸς
981 1092 1078 1158 τήν
1129 1085 1393 1147 ἀσέϐειαν.
1436 1091 1536 1145 Καὶ
1566 1091 1691 1152 τοὺς
1727 1090 1819 1163 μὲν
1853 1091 1995 1166 χρή-

351 1202 501 1254 μασι,
560 1179 686 1241 τοὺς
732 1175 789 1233 δὲ
839 1179 1129 1251 ἀξιώμασι,
1180 1178 1305 1242 τοὺς
1358 1177 1415 1234 δὲ
1475 1179 1818 1256 ὑποσχέσεσι,
1873 1177 1998 1240 τοὺς

349 1268 407 1324 δὲ
454 1268 736 1329 παντοίαις
782 1274 970 1340 τιμαῖς
1021 1267 1388 1346 ύφελκόμενος
1428 1271 1558 1342 (20),
1594 1268 1654 1330 ἃς
1687 1265 1811 1322 οὑδὲ
1843 1269 2000 1344 βασι-

349 1358 520 1419 λικῶς
550 1359 840 1432 προσῆγεν,
873 1355 1017 1412 ἀλλὰ
1044 1357 1134 1410 καὶ
1167 1355 1285 1412 λίαν
1340 1355 1730 1432 δουλοπρεπῶς
1781 1356 1832 1410 ἐν
1879 1362 2000 1418 ταῖς

354 1447 602 1501 ἁπάντων
643 1441 820 1518 ὄψεσι,
862 1444 1064 1506 πάντας
1095 1443 1150 1499 δὲ
1182 1447 1252 1517 τῇ
1281 1445 1508 1520 γοητεία
1534 1449 1642 1500 τῶν
1673 1444 1853 1520 λόγων
1889 1448 2000 1519 (21)

348 1535 546 1606 καὶτῷ
574 1535 694 1588 καθ’
741 1534 925 1588 ἑαυτὸν
980 1531 1362 1609 ὑποδείγματι,
1410 1535 1495 1590 ἐπὶ
1547 1533 1781 1596 πολλοῖς
1819 1540 2001 1610 πειρᾶ-

346 1645 434 1680 ται
493 1625 580 1678 καὶ
640 1622 951 1696 Καισαρίου,
1013 1629 1122 1677 Φεῦ
1177 1630 1278 1694 τῆς
1327 1621 1709 1700 παραπληξίας
1773 1624 2002 1692 καὶτῆς

349 1713 554 1781 ἀνοίας,
583 1712 628 1767 εἰ
663 1709 947 1785 Καισάριόν
993 1733 1051 1767 τε
1101 1708 1248 1782 ὄντα,
1295 1713 1384 1768 καὶ
1434 1711 1668 1791 ἀδελφὸν
1713 1712 1862 1786 ἐμὸν,
1912 1712 2002 1766 καὶ

346 1806 454 1856 νῶν
487 1802 691 1876 γονέων
718 1799 924 1855 τούτων
954 1800 1207 1872 συλήσειν
1238 1799 1468 1870 ἤλπισεν
1497 1803 1508 1857 i

2101 576 2270 614 suam
2306 561 2550 616 miseros
2581 561 2788 616 callide
2820 561 3182 632 pertrahens.
3226 564 3302 616 Ae
3345 579 3414 617 ne
3446 580 3544 617 eos
3571 563 3754 618 hono-

2102 665 2217 716 res,
2251 649 2348 720 qui
2383 650 2740 719 martyribus
2775 650 2971 704 haberi
3014 649 3221 720 solent,
3260 667 3756 722 consequeremur

2101 736 2230 809 (hos
2288 738 2441 792 enim
2496 737 2843 792 Christianis
2907 737 2994 791 vir
3067 739 3335 810 egregius
3414 739 3750 812 invidebat),

2103 825 2358 896 primum
2391 825 2551 882 illius
2585 826 2895 882 artiﬁcium
2949 827 3057 882 hoc
3105 828 3233 898 fuit,
3285 833 3346 882 ut
3392 828 3490 900 qui
3540 828 3753 885 Christi

2103 930 2281 969 causa
2331 914 2719 986 patiebantur,
2753 920 3036 986 tanquam
3085 919 3282 971 sontes
3327 925 3383 972 et
3443 917 3753 973 facinerosi

2105 1003 2365 1058 cruciatu
2399 1003 2807 1070 afﬁcerentur;
2841 1004 3107 1071 alterum,
3144 1006 3294 1076 quod
3329 1005 3468 1060 huic
3501 1006 3602 1075 rei,
3636 1023 3755 1062 non

2104 1091 2456 1163 tyrannidis,
2511 1093 2610 1146 sed
2661 1091 3056 1163 persuasionis
3104 1110 3312 1148 nomen
3366 1095 3751 1166 imponebat:

2107 1182 2264 1252 quod
2296 1179 2520 1237 scilicet
2549 1182 2737 1252 major
2782 1197 2984 1236 eorum
3009 1182 3264 1252 infamia,
3299 1201 3472 1254 quam
3523 1185 3750 1254 pericu-

2104 1269 2228 1324 lum
2260 1270 2547 1340 esset,qui
2569 1275 2775 1342 sponte
2795 1270 2863 1325 ad
2893 1271 3247 1342 impietatem
3274 1289 3333 1327 se
3357 1273 3748 1328 conferebant.

2107 1359 2369 1429 Cumque
2425 1358 2570 1414 alios
2621 1359 2906 1431 pecuniis,
2958 1359 3104 1415 alios
3160 1361 3564 1433 dignitatibus,
3608 1362 3756 1419 alios

2108 1447 2434 1520 promissis,
2462 1446 2604 1502 alios
2635 1448 2811 1503 variis
2836 1449 3119 1504 honorum
3144 1451 3476 1521 generibus,
3512 1469 3658 1523 quos
3683 1468 3756 1508 ne

2109 1536 2264 1608 regie
2295 1536 2550 1607 quidem,
2583 1537 2681 1591 sed
2717 1553 2998 1608 perquam
3049 1539 3334 1594 serviliter
3379 1540 3437 1595 in
3487 1541 3749 1596 omnium

2109 1629 2348 1696 aspectu
2378 1625 2692 1691 deferebat,
2725 1641 2929 1681 omnes
2971 1625 3224 1697 denique
3269 1629 3575 1683 verborum
3611 1646 3755 1700 prae-

2110 1713 2301 1786 stigiis
2332 1731 2397 1769 ac
2431 1731 2536 1769 suo
2567 1712 2829 1785 exemplo
2861 1714 2931 1769 ad
2965 1731 3026 1770 se
3058 1714 3335 1787 alliceret,
3370 1724 3500 1788 post
3541 1718 3759 1774 multos

2110 1801 2426 1858 Caesarium
2471 1819 2702 1874 quoque
2748 1802 3104 1876 aggreditur.
3158 1805 3303 1860 Proh
3351 1811 3652 1878 stuporem
3703 1811 3763 1863 et

349 1892 694 1962 amentiam,
728 1892 882 1948 206
915 1891 964 1948 si
998 1909 1161 1964 spem
1195 1892 1398 1948 habuit
1443 1893 1561 1948 fore
1613 1897 1676 1947 ut
1705 1897 1763 1948 et
1804 1891 2138 1960 Caesarium,
2173 1895 2230 1947 et
2261 1892 2495 1947 fratrem
2532 1907 2750 1962 meum,
2781 1897 2841 1947 et
2868 1892 2961 1947 his
3013 1895 3350 1965 parentibus
3381 1900 3585 1951 natum
3613 1913 3761 1968 prs:-

352 1983 594 2037 daretur
616 1981 628 2035 Ι

335 2136 342 2143 Ι
424 2070 532 2128 ΙΒ’.
572 2065 748 2132 ⁶Αλλ’,
795 2065 886 2122 τἕνα
939 2069 1129 2143 μικρὸν
1167 2066 1576 2145 προσδιατρίψω
1604 2067 1683 2141 τῷ
1713 2066 1884 2143 λόγῳ,
1914 2067 2005 2122 καὶ

2184 2068 2301 2124 XII.
2335 2068 2550 2124 Verum
2574 2070 2658 2135 (ut
2688 2069 2747 2124 in
2778 2069 2886 2125 hoc
2919 2086 3187 2126 sermone
3219 2072 3522 2143 paululum
3557 2075 3763 2132 immo-

349 2159 749 2235 κατατρυφήσω
796 2160 894 2212 τοῦ
954 2154 1320 2231 διηγήματος,
1377 2157 1453 2219 ὡς
1499 2157 1550 2211 oi
1597 2156 1854 2233 παρόντες
1909 2161 2005 2211 τοῦ

353 2246 629 2320 θαύματος
660 2249 795 2319 (22),
827 2245 998 2320 εἰσῄει
1042 2246 1134 2318 μὲν
1174 2247 1200 2299 6
1247 2244 1502 2322 γεννάδας
1546 2245 1742 2307 ἐκεῖνος
1783 2250 1863 2317 τῷ
1910 2249 2006 2300 τοῦ

352 2337 590 2411 Χριστοῦ
641 2334 855 2407 σημείῳ
905 2334 1263 2409 φραξάμενος,
1322 2335 1408 2389 καὶ
1464 2334 1554 2389 τὸν
1620 2337 1786 2408 μέγαν
1839 2333 2002 2409 λόγον

355 2426 546 2480 ἑαυτοῦ
576 2417 1055 2498 προϐαλλόμενος,
1090 2423 1222 2500 πρὸς
1258 2423 1349 2478 τὸν
1374 2421 1547 2478 πολὺν
1583 2422 1633 2478 ἐν
1667 2421 1884 2492 ὅπλοις,
1916 2423 2005 2478 καὶ

358 2512 525 2588 μέγαν
576 2511 629 2568 έν
691 2511 873 2587 λόγων
925 2509 1233 2583 δεινότητι·
1293 2509 1446 2567 οὐδὲν
1519 2510 1576 2567 δὲ
1644 2510 2007 2588 καταπλαγεὶς

354 2601 494 2677 πρὸς
550 2602 648 2670 τήν
701 2600 843 2674 ὄψιν,
894 2597 1019 2655 οὐδὲ
1065 2601 1271 2672 θωπείᾳ
1310 2623 1361 2655 τι
1392 2596 1714 2656 καταϐαλὼν
1747 2605 1841 2656 τοῦ
1872 2621 2008 2680 φρο-

355 2692 622 2764 νήματος,
682 2689 926 2760 ἀθλητὴς
981 2686 1204 2764 ἕτοιμος
1254 2691 1343 2759 ἦν,
1389 2712 1478 2745 και
1530 2690 1682 2765 λόγῳ
1722 2691 1811 2746 καὶ
1842 2686 2006 2767 ἔργῳ,

357 2779 493 2854 πρὸς
551 2781 642 2834 τὸν
721 2777 773 2832 ἒν
842 2779 1170 2855 ἀμφοτέροις
1226 2777 1446 2834 δυνατὸν
1508 2779 1878 2856 ἀγωνίζεσθαι.
1937 2779 2008 2833 Τὸ

363 2868 459 2940 μὲν
494 2869 585 2923 οὗν
634 2865 848 2922 στάδιον
895 2872 1164 2939 τοιοῦτον,
1214 2867 1303 2922 καὶ
1355 2869 1383 2923 6
1433 2875 1532 2938 τῆς
1565 2863 1834 2930 εὐσεϐείας
1866 2869 2009 2944 ἀγω-

360 2958 549 3025 νιστὴς
606 2960 902 3018 τοσοῦτος·
951 2957 1040 3010 καὶ
1109 2956 1451 3031 ἀγωνοθέτης
1503 2959 1638 3030 (23),
1696 2952 1838 3020 ἔνθεν
1915 2957 2010 3030 μὲν

365 3043 599 3118 Χριστὸς
641 3049 753 3106 τοῖς
801 3045 990 3098 ἑαυτοῦ
1041 3046 1229 3100 πάθεσι
1271 3046 1360 3099 τὸν
1412 3044 1654 3116 ἀθλητὴν
1687 3043 2007 3115 ἐξοπλίζων,

364 3130 562 3187 ἐκεῖθεν
610 3130 666 3187 δὲ
714 3130 883 3196 δεινὸς
919 3132 1174 3209 τύραννος
1218 3138 1286 3207 τῇ
1335 3138 1442 3188 τῶν
1493 3133 1668 3209 λόγων
1714 3133 2009 3204 οἰκειότητι

360 3219 724 3296 προσσαίνων,
774 3221 862 3276 καὶ
912 3226 990 3294 τῷ
1044 3229 1144 3292 τῆς
1196 3221 1433 3292 ἐξουσίας
1485 3220 1632 3298 ὄγκῳ
1694 3219 2008 3294 δεδιττόμε-

353 3330 485 3372 νοςο
551 3310 770 3387 θέατρον
833 3309 888 3366 δὲ
945 3310 1352 3389 ἀμφοτέρωθεν,
1404 3315 1512 3366 τῶν
1555 3332 1615 3366 τε
1660 3314 1728 3385 τῇ
1769 3305 2009 3382 εὐσεϐείᾳ

352 3399 696 3473 λειπομένων
727 3396 826 3467 ἔτι,
857 3400 945 3454 καὶ
985 3404 1089 3454 τῶν
1148 3401 1235 3454 ὑπ’
1281 3399 1485 3456 ἐκείνου
1530 3399 2002 3474 συνηρπασμένων,

350 3488 458 3558 ’ὀπη
495 3489 654 3563 νεύσῃ
703 3492 814 3562 (24)
862 3490 929 3544 τὰ
975 3491 1091 3543 κατ’
1122 3488 1316 3551 αὐτοὺς
1349 3489 1824 3558 ἀποσκοπούντων,
1857 3491 2002 3551 ὅστις

346 3579 586 3646 νικήσειε
616 3577 792 3632 πλείω
836 3579 936 3646 τὴν
979 3577 1213 3652 ἀγωνίαν
1249 3581 1360 3652 (25)
1398 3578 1656 3654 ἐχόντων,
1760 3578 1881 3654 περὶ
1916 3577 2006 3638 οὕς

347 3665 411 3719 τὸ
445 3667 688 3742 θέατρον.

2116 2175 2226 2229 rer,
2251 2162 2426 2230 atque
2455 2174 2522 2212 ex
2542 2158 2651 2214 hac
2677 2159 3008 2215 narratione
3030 2159 3268 2214 delicias
3293 2161 3538 2233 capiam,
3556 2181 3762 2235 quem-

2116 2246 2434 2302 admodum
2468 2263 2498 2300 e
2529 2263 2589 2301 re
2621 2247 2770 2301 mira
2801 2246 2838 2300 ii
2883 2248 2980 2318 qui
3031 2253 3157 2302 tum
3194 2249 3530 2322 affuerunt),
3563 2253 3761 2325 ingre-

2114 2335 2384 2389 diebatur
2413 2335 2498 2388 vir
2527 2334 2623 2389 ille
2658 2334 2844 2401 fortis,
2876 2333 3087 2390 Christi
3120 2337 3286 2408 signo
3321 2339 3606 2411 munitus,
3645 2341 3760 2414 cly-

2113 2424 2322 2495 peique
2350 2421 2470 2478 vice
2503 2439 2782 2495 magnum
2813 2425 3053 2478 verbum
3082 2426 3424 2497 obtendens,
3461 2430 3529 2482 ad
3566 2429 3758 2484 homi-

2115 2529 2249 2568 nem
2282 2511 2532 2566 multum
2582 2511 2642 2566 in
2691 2511 2850 2567 arnis
2899 2529 3174 2584 magnum
3212 2514 3268 2568 in
3313 2515 3543 2570 dicendi
3578 2519 3761 2574 facul-

2112 2604 2250 2656 tate.
2279 2601 2394 2656 Nec
2422 2616 2556 2656 vero
2586 2601 2659 2656 ad
2689 2599 2847 2656 illius
2869 2606 3169 2672 aspectum
3193 2603 3310 2657 ullo
3339 2612 3497 2659 metu
3531 2608 3764 2676 percul-

2117 2707 2220 2745 sus
2242 2694 2463 2757 est,nec
2484 2689 2554 2744 ob
2575 2690 2880 2744 verborum
2906 2689 3220 2746 blanditias
3244 2693 3312 2746 de
3336 2694 3513 2748 animi
3538 2697 3763 2769 magni-

2116 2779 2319 2834 tudine
2351 2778 2674 2849 quidquam
2699 2778 2946 2849 abjecit;
2975 2795 3174 2834 verum
3201 2787 3507 2852 promptus
3527 2789 3583 2836 et
3605 2802 3770 2855 para-

2117 2871 2213 2922 tus
2245 2866 2462 2922 athleta
2509 2871 2632 2921 erat
2680 2868 2748 2921 ad
2801 2868 3234 2936 decertandum,
3289 2873 3413 2924 tum
3472 2888 3764 2945 sermone,

2115 2961 2242 3012 tum
2272 2973 2462 3027 opere,
2498 2957 2773 3011 adversus
2821 2973 2976 3026 eum,
3024 2957 3122 3028 qui
3170 2958 3228 3010 in
3281 2963 3523 3030 utroque
3556 2977 3767 3032 genere

2119 3045 2341 3099 viribus
2372 3045 2741 3116 pollebat.Ac
2774 3045 2886 3098 tale
2909 3045 3144 3115 quidem
3179 3052 3303 3102 erat
3334 3049 3612 3116 stadium,
3635 3055 3770 3106 tan-

2119 3140 2333 3205 tusque
2365 3133 2592 3204 pietatis
2618 3139 3032 3205 propugnator.
3055 3139 3236 3205 Atque
3261 3137 3596 3193 certaminis
3623 3155 3768 3210 prae-

2119 3240 2234 3291 ses,
2257 3223 2395 3278 hinc
2418 3222 2655 3294 quidem
2676 3222 2964 3291 Christus,
2985 3240 3086 3295 per
3110 3225 3413 3295 passiones
3438 3243 3574 3282 suas
3597 3227 3769 3300 pugi-

2117 3311 2231 3367 lem
2282 3327 2539 3377 armans,
2583 3309 2743 3366 illinc
2787 3314 2980 3366 autem
3035 3312 3226 3385 gravis
3277 3318 3579 3386 tyrannus,
3634 3321 3766 3372 tum

2115 3401 2424 3456 verborum
2457 3399 2744 3455 illecebris
2775 3398 3055 3455 athletam
3091 3401 3376 3470 mulcens,
3412 3408 3536 3458 tum
3572 3409 3770 3476 poten-

2115 3490 2206 3544 tize
2239 3488 2390 3543 mole
2422 3487 2719 3544 territans.
2765 3488 2914 3552 Quin
2961 3490 3138 3544 etiam
3173 3491 3448 3562 utrinque
3478 3492 3772 3547 theatrum

2115 3582 2259 3645 erat,
2289 3576 2398 3631 hoc
2445 3581 2553 3641 est,
2587 3580 2643 3630 et
2673 3592 2870 3630 eorum
2903 3577 3002 3648 qui
3035 3577 3094 3632 in
3131 3578 3259 3632 ﬁdei
3317 3580 3527 3649 pietate
3580 3579 3772 3635 adhuc

2117 3670 2545 3732 remanserant,
2579 3669 2634 3719 et
2666 3681 2866 3719 eorum
2902 3665 3000 3737 qui
3034 3667 3107 3720 ab
3139 3666 3236 3721 illo
3269 3667 3488 3738 abrepti
3523 3668 3773 3742 fuerant,

353 3763 549 3811 utram
584 3757 641 3812 in
676 3761 897 3828 partem
930 3773 1133 3812 eorum
1169 3761 1461 3812 certamen
1514 3757 1844 3823 inclinaret,
1895 3756 2312 3828 spectantium,
2367 3759 2562 3825 atque,
2615 3758 2745 3808 uter
2790 3753 3068 3822 vinceret,
3119 3756 3307 3827 magis
3361 3755 3772 3818 laborantium,

353 3861 534 3917 quam
567 3845 649 3900 illi
680 3845 814 3917 ipsi,
848 3862 996 3916 quos
1029 3847 1390 3918 spectabant.

432 3933 527 3988 II".
582 3934 701 4006 Ἆρ’
745 3932 843 3987 οὐκ
887 3929 1093 3995 ἔδεισας
1141 3931 1266 4009 περί
1320 3933 1626 4008 Καισαρίου,
1691 3935 1823 4006 μήτι
1875 3932 2016 4005 πάθῃ

355 4022 459 4088 τῆς
563 4021 870 4096 προθυμίας
947 4021 1196 4094 ἀνάξιονς
1279 4020 1451 4076 Ἀλλά
1527 4023 1802 4096 θαρσεῖτεο
1884 4021 2017 4093 μετά

355 4114 596 4184 Χριστοῦ
642 4110 742 4185 γὰρ
791 4113 825 4178 ἡ
871 4109 992 4178 νίκη
1042 4115 1138 4164 τοῦ
1187 4110 1278 4164 τὸν
1327 4110 1531 4182 κόσμον
1564 4112 1908 4179 νικήσαντος.
1941 4108 2015 4162 Τὰ

358 4197 453 4270 μὲν
517 4194 607 4251 οὖν
653 4199 769 4251 καθ’
813 4194 1031 4253 ἕκαστον
1083 4203 1187 4252 τῶν
1243 4198 1363 4252 τότε
1413 4198 1684 4274 ῥηθέντων
1735 4199 1768 4265 ἢ
1813 4216 2015 4270 προτε-

355 4287 554 4351 θέντων
607 4284 968 4360 ἐκδιηγεῖσθαι
1031 4288 1098 4342 τά
1144 4292 1231 4341 νῦν
1280 4286 1384 4363 ἐγὼ
1445 4288 1561 4360 μὲν,
1615 4285 1670 4341 εὖ
1720 4286 1850 4358 ἴστε,
1917 4291 2014 4340 τοῦ

354 4377 556 4437 παντὸς
615 4374 672 4429 ἂν
732 4373 1110 4448 ἐτιλησάμην·
1172 4376 1260 4430 καὶ
1322 4375 1424 4451 γὰρ
1499 4375 1588 4430 καὶ
1650 4375 1876 4450 λογικάς
1930 4394 2009 4428 τι-

352 4487 446 4526 νας
510 4466 624 4534 (26)
681 4463 820 4518 ἐστὶν
872 4464 931 4526 ἃς
983 4460 1098 4540 ἔχει
1149 4465 1382 4540 στροφὰς
1433 4465 1520 4518 καὶ
1560 4464 1888 4537 κομψείας.ὁ
1921 4461 2011 4518 λό-

355 4575 457 4629 γος
485 4555 621 4626 (‘27),
682 4552 804 4626 ἐμοὶ
853 4557 982 4628 γοῦν
1034 4552 1134 4607 οὐκ
1180 4550 1365 4623 ἀηδεῖς
1423 4552 1498 4614 εἷς
1527 4555 1751 4626 μνήμην
1779 4573 1789 4584 ·
1837 4551 1936 4625 ἔξω
1971 4549 2016 4607 δ’

430 4706 478 4740 ⁸⁸
505 4705 675 4760 Joan.
707 4721 822 4771 xvr,
857 4705 944 4759 33.

434 4873 546 4941 (18)
579 4869 754 4943 Αύτῷ.
790 4871 882 4926 Sic
915 4873 1051 4943 Reg.
1083 4873 1180 4927 bm
1214 4872 1386 4935 Editi,
1419 4869 1603 4927 αὐτοῦ.

434 4944 548 5012 (19)
583 4941 854 5018 Σόφισμα,
887 4941 1220 5018 θῐοῘΙμοουε
1252 4943 1363 4998 iste
1379 4945 1450 5018 ‘in
1499 4945 1636 5015 Reg.
1686 4942 1903 5018 hu,_sic
1934 4943 2012 5018 le-

363 5012 529 5089 gitur
585 5030 597 5066 :
662 5012 936 5089 Σόφισμα,
977 5013 1435 5089 Δπάσχονταςῃὼς
1505 5012 1907 5089 ξρξστιανοὺς,
1941 5013 2014 5073 ὡς

363 5032 526 5084 gitur
585 5032 597 5066 :
662 5032 936 5089 λοφισμα,
993 5032 1303 5139 πασγοντας
1362 5032 1435 5074 ως
1505 5032 1880 5088 Αριστιανους,
1941 5032 2011 5073 ως

361 5081 1197 5158 κακούργους-κολάζεσθαι,Ῐνα
1231 5082 1372 5158 μηδὲ
1398 5091 1498 5158 τῆς
1528 5084 1616 5158 ἐπὶ
1657 5089 1773 5145 τοῖς
1825 5081 2011 5145 ἄθλοις

360 5154 1188 5244 τιμῆςτυγχά-ιοιμεγ·ῇέφ‹θόγει
1374 5157 1461 5210 καὶ
1509 5156 1709 5226 ταύτης
1762 5161 2014 5244 Χριστξα-

359 5223 477 5287 νοῖς
500 5227 527 5279 ὁ
548 5223 916 5301 γενν’ἆδας·’τδ
948 5223 1309 5301 δὲ’δεύτερᾶνξ
1337 5223 1686 5301 ριοεΕοάρηῆ
1721 5223 1893 5301 modo
1935 5229 2014 5283 le-

363 5278 918 5375 εέίεαιίίί·ι;ει,“τηίεί
958 5278 1122 5375 ξςιηοά
1144 5278 1852 5375 ';ie‘1ejt,”;a;i;.‘.;j.is;
1869 5278 2014 5374 ⁷)(ρῑ-

363 5368 635 5446 ἇτι-ανού-ς,
662 5376 724 5446 et
751 5387 850 5446 pro
878 5368 1493 5446 't'uv’kaivmpsvthabet,
1512 5368 1862 5446 τυγχάνοιεν.

581 5431 1092 5518 ’ὶλφελκόμενοςῗξά
1121 5431 1684 5518 έεῐ,’ύποσυρόμεν’όξ.
1724 5444 1859 5513 Reg.
1893 5441 2014 5507 bm,

370 5511 733 5587 ὑφελόμενος,
770 5536 792 5587 ᾳ
821 5511 1205 5587 subtrahens,
1239 5511 1604 5587 subduceris.
1637 5535 1663 5566 ιι

444 5582 559 5659 (21)
585 5588 701 5659 Τῷν
723 5583 926 5658 λόγων.
963 5584 1125 5640 Unus
1175 5585 1387 5655 Regius
1437 5588 1617 5652 addit,
1667 5582 2014 5659 παρασύρων,

370 5678 398 5705 ‹‹
436 5656 815 5722 abstrahens,
844 5663 1195 5726 pervertens.
1231 5677 1258 5704 ››

2200 3932 2351 3986 XIII.
2381 3933 2465 3985 An
2511 3947 2625 3985 non
2675 3930 2947 3997 timuisti,
2983 3946 3053 3984 ne
3099 3931 3237 4000 quid
3298 3932 3544 3987 Ctesario
3593 3929 3775 3988 animi

2125 4019 2422 4074 alacritate
2455 4035 2659 4090 parum
2694 4019 2938 4090 dignum
2974 4019 3200 4073 accidat
3222 4019 3248 4073 ?
3277 4023 3346 4074 At
3393 4021 3544 4075 bono
3592 4026 3776 4077 estote

2126 4107 2343 4161 animo.
2377 4107 2633 4162 Victoria
2663 4107 2816 4161 enim
2849 4123 2982 4161 cum
3015 4107 3264 4176 Christo,
3301 4108 3403 4179 qui
3434 4109 3571 4164 vicit
3603 4127 3769 4165 mun-

2126 4196 2265 4250 dum
2305 4197 2366 4247 η.
2408 4197 2486 4249 Ac
2516 4194 2662 4249 nihil
2694 4194 2930 4266 quidem
2963 4195 3196 4250 mallem
3230 4214 3404 4267 quam
3459 4203 3522 4252 ut
3550 4215 3614 4253 ea
3648 4215 3779 4273 quae

2124 4291 2248 4339 tum
2267 4284 2421 4339 dicta
2442 4289 2498 4338 et
2518 4283 2818 4355 proposita
2837 4289 2992 4348 sunt,
3020 4285 3317 4357 sigillatim
3351 4305 3503 4341 nunc
3528 4305 3776 4360 expone-

2123 4391 2286 4440 rem;
2320 4390 2455 4428 nam
2493 4377 2549 4427 et
2580 4373 2796 4444 logicas
2826 4373 3051 4443 aliquot
3100 4377 3360 4447 argutias
3404 4376 3775 4449 leporesque,

2121 4480 2248 4518 meo
2280 4463 2516 4535 quidem
2543 4462 2788 4533 judicio,
2824 4468 3149 4518 memoratu
3184 4482 3294 4520 non
3323 4465 3678 4536 injucundos
3709 4483 3777 4522 ea

2046 4537 2092 4602 D
2124 4551 2444 4622 disputatio
2474 4550 2766 4606 continet:
2793 4568 2993 4606 verum
3027 4552 3502 4624 intempestivum
3538 4571 3777 4626 prorsus

2193 4871 2306 4939 (22)
2337 4867 2643 4943 Θαύματρς.
2678 4868 2875 4943 Camb.
2897 4874 2965 4943 et
2995 4870 3199 4943 Billius
3229 4871 3450 4943 legunt,
3487 4871 3774 4941 θεάματος.

2127 4965 2154 4992 ‹‹
2184 4958 2252 4996 ex
2281 4938 2636 5014 spectaculo.
2675 4962 2701 4987 ››
2731 4942 2864 5005 Quae
2895 4939 3063 4996 lectio
3097 4938 3369 5014 placarat,
3404 4944 3452 4997 si
3504 4938 3771 4999 codicum

2124 5011 2471 5068 auctoritate
2508 5011 2810 5066 niteretur.

2195 5085 2308 5156 (23)
2340 5081 3023 5156 Ἀγωνοθέτηςτ-Νἱοεεξαξ
3061 5105 3088 5132 ‹‹
3142 5083 3468 5151 Julianum,
3503 5108 3529 5133 «
3567 5083 3775 5140 Billius

2130 5176 2157 5208 α
2188 5153 2484 5210 diabolum
2513 5176 2539 5202 »
2566 5153 2876 5225 intelligit;
2908 5153 3181 5227 Julianus
3213 5157 3428 5227 quippe
3458 5161 3581 5211 erat
3611 5161 3775 5213 anta-

2123 5227 2374 5298 gonista,
2408 5242 2521 5298 non
2553 5241 2684 5298 vero
2715 5224 3053 5298 certaminis
3076 5224 3309 5296 praeses.

2195 5299 2306 5370 (24)
2337 5293 2530 5370 Eetion.
2565 5296 2720 5370 Colh.
2754 5298 2806 5364 6,
2840 5293 3033 5370 γεύσει.

2339 5365 2522 5443 Πλείω
2549 5367 2648 5434 τήν
2682 5365 2932 5443 ἀγωνίαν.
2977 5388 2998 5416 α
3053 5369 3236 5440 Magis
3269 5367 3448 5423 animi
3481 5367 3673 5424 anxiis
3707 5383 3773 5424 ao

2125 5440 2414 5496 sollicitis.
2449 5461 2477 5488 ››

2196 5514 2304 5582 (26)
2337 5516 2512 5582 Τινας.
2547 5510 2718 5565 Deest
2747 5508 2977 5582 in_Reg.
3012 5509 3112 5576 hu,
3142 5511 3236 5565 0r.
3275 5513 3322 5580 1,
3355 5515 3411 5564 et
3439 5510 3560 5582 Jes.

2121 5654 2147 5710 J
2196 5579 2391 5653 (27)'O
2422 5580 2584 5655 Λόγος
2621 5583 2790 5636 Deest
2816 5579 2876 5635 in
2917 5581 3094 5653 Regg.
3149 5584 3271 5650 bm,
3310 5579 3424 5651 bu,
3469 5581 3562 5638 Or.
3619 5581 3672 5649 1,
3719 5583 3779 5638 et

2155 5669 2237 5710 es.
