4146 6290
22 5841 32 5908 ι

22 5921 34 5972 l

22 5967 54 6087 γ

365 353 477 411 771
1603 343 1670 406 8.
1718 341 2092 406 GREGORII
2133 345 2530 408 THEOLOGI
3658 351 3784 409 ’172

367 485 476 540 hoc
507 485 676 550 foret,
715 487 771 538 et
819 481 892 535 ab
940 477 1222 534 orationis
1271 475 1545 532 instituto
1604 474 1882 533 alienum.
1947 473 1998 532 Ui

2131 476 2188 529 ἂν
2236 474 2318 542 ein
2370 477 2648 540 παννελῶς
2692 482 2789 532 τοῦ
2843 481 3034 554 καιροῦ
3083 479 3171 532 καὶ
3218 483 3314 532 τοῦ
3366 477 3556 552 λόγου.
3601 479 3692 540 Ὡς
3723 473 3781 534 δέ

365 579 560 629 autem
591 569 898 636 Caesarius,
921 567 1147 622 cunctis
1178 565 1486 622 verborum
1518 566 1679 621 illius
1711 565 2014 622 dissolutis

364 661 631 730 nexibus,
683 657 990 714 conatibus
1040 655 1337 722 omnibus,
1390 659 1512 709 tam
1565 654 1781 725 apertis
1836 670 2015 726 quam

365 748 654 819 obscuris,
679 747 803 802 ludi
827 745 1159 818 cujuspiam
1191 743 1381 798 instar
1401 742 1780 815 propulsetis,
1807 758 2018 813 magna

362 843 419 893 et
448 838 606 893 clara
658 851 792 892 voce
840 833 1236 891 Christianum
1287 849 1351 888 se
1399 837 1455 888 et
1504 848 1634 888 esse
1680 836 1737 887 et
1784 847 2018 902 semper

364 927 484 982 fore
515 925 932 998 pronuntiavit,
965 940 1035 978 ne
1067 922 1151 978 sic
1181 921 1414 994 quidem
1459 937 1702 993 prorsus
1733 920 1966 991 ejicitur
1995 940 2010 971 :

363 1017 510 1072 mire
539 1015 753 1071 etenim
779 1014 1129 1085 imperatore
1150 1010 1380 1066 Cesarii
1410 1011 1678 1065 doctrina
1703 1010 1815 1064 frui
1839 1015 2015 1081 atque

361 1103 629 1161 exornari
658 1102 943 1174 gestiebat
977 1117 990 1156 :
1023 1117 1137 1172 quo
1186 1099 1360 1155 etiam
1404 1104 1663 1170 tempore
1706 1096 2012 1154 celeberri~

362 1211 523 1248 mum
557 1192 698 1248 illud
745 1191 974 1246 cunctis
1009 1189 1386 1245 audientibus
1433 1187 1773 1260 prolocutus
1803 1192 1891 1242 est
1925 1203 1937 1241 :
1973 1183 2012 1240 0

356 1283 572 1352 felicem
599 1288 839 1354 patrem,
869 1297 905 1336 0
935 1280 1184 1350 infelices
1217 1277 1426 1333 libero:
1467 1283 1484 1331 !
1549 1276 1696 1334 Nam
1728 1293 1835 1331 nos
1864 1291 2013 1346 quo-

360 1389 472 1442 que
494 1371 826 1443 ignominiaa
847 1368 1122 1424 societate
1153 1367 1448 1422 ornandos
1470 1367 1656 1435 duxit,
1683 1381 1934 1437 quorum
1957 1367 2014 1421 et

359 1461 744 1517 eruditionem
777 1463 834 1514 et
863 1457 1138 1529 pictaiem
1158 1455 1402 1511 Athenis
1434 1459 2007 1530 cognoverat,verum

357 1551 430 1606 ad
463 1549 788 1606 secundum
822 1547 1139 1602 adventum
1172 1546 1322 1602 αυτ
1368 1549 1695 1600 reservatus
1727 1543 2010 1614 (commo-

359 1641 498 1694 dum
533 1639 688 1695 enim
724 1636 889 1690 illum
913 1637 1059 1690 Dcus
1075 1635 1318 1706 justitiaa
1340 1650 1555 1706 praeses
1579 1633 1860 1688 adversus
1883 1631 2012 1687 Per-

358 1744 454 1782 sas
486 1727 793 1796 armabat).
827 1725 898 1778 ad
932 1739 1038 1779 nos
1077 1723 1245 1791 redit,
1286 1722 1451 1778 exsul
1481 1722 1709 1787 beatus,
1742 1725 1798 1776 et
1828 1719 2011 1776 victor

2125 567 2296 626 πάσας
2326 565 2488 620 αὐτοῦ
2698 567 2789 628 τας
2842 564 2893 620 έν
2936 572 3051 629 τοῖς
3105 567 3294 640 λόγοις
3342 567 3551 628 πλοκὰς
3585 564 3774 622 διαλῦ-

2126 676 2241 722 σας,
2301 655 2389 709 καὶ
2446 661 2634 731 πεῖραν
2701 657 2904 709 ἅπασαν
2964 657 3138 732 ἀφανῆ
3216 677 3273 710 τε
3351 655 3440 710 xui
3521 657 3780 732 φανερὰν,

2125 741 2303 819 ὣσπερ
2356 744 2472 798 τινὰ
2519 740 2736 798 παιδιὰν
2787 747 3200 819 παρωσάμενος,
3245 743 3453 820 μεγάλῃ
3500 748 3589 798 xui
3639 744 3784 817 λαμ-

2123 835 2234 906 πρᾷ
2277 836 2346 906 τῇ
2397 831 2551 909 φωνῇ⁹
2599 833 2661 887 τὸ
2712 834 3032 908 Χριστιανὸς
3084 833 3218 888 εἷναί
3266 855 3319 888 τε
3352 834 3440 887 καὶ
3480 834 3655 905 μένειν
3691 835 3779 887 ἆν-

2123 921 2398 995 εκήρυξεν,
2459 919 2583 976 οὐδὲ
2641 921 2783 976 οὕτω
2854 922 2948 994 μὶν
3021 921 3302 984 παντελῶς
3356 922 3776 994 ἀποπέμπεταιο

2122 1009 2340 1083 καὶγὰρ
2394 1007 2565 1072 δεινὸς
2616 1009 2752 1084 ἔρως
2803 1013 2920 1086 εἶχε
2964 1009 3055 1065 τὸν
3111 1009 3337 1086 βασιλέα
3382 1010 3451 1084 τῇ
3489 1010 3779 1086 Καισαρίου

2120 1095 2395 1153 παιδεύσει
2449 1105 2682 1153 συνεῖναι
2731 1099 2820 1153 καὶ
2867 1097 3343 1168 καλλωπίζεσθαι·
3397 1099 3560 1168 ἡνίκα
3599 1100 3686 1154 xui
3716 1101 3779 1154 τὸ

2122 1183 2450 1262 περιϐόητον
2482 1193 2642 1242 τοῦτο
2668 1190 2780 1262 (29)
2813 1187 2864 1242 έν
2894 1194 3010 1249 ταῖς
3047 1193 3155 1243 τῶν
3189 1191 3300 1262 (30)
3339 1189 3552 1242 πάντων
3587 1190 3776 1252 ἀκοαῖς

2123 1275 2448 1354 έφθέγξατο¹
2508 1279 2574 1330 ’Ὠ
2623 1278 2824 1352 πατρὸς
2875 1276 3158 1353 εὐτυχοῦς,
3224 1275 3268 1331 ὥ
3317 1274 3525 1331 παίδων
3589 1274 3776 1332 δυστυο

2119 1365 2273 1440 χῶειί
2335 1363 2555 1434 Ἐπειδῆ
2615 1367 2703 1420 xui
2761 1368 2908 1439 ἡμᾶς
2968 1365 3165 1436 ἠξίωσε
3222 1367 3334 1439 (31)
3417 1373 3645 1439 τιμῆσαι
3702 1371 3771 1440 τῇ

2454 1463 2479 1473 η
2707 1455 2716 1474 Ι
2862 1453 2890 1472 ’Υ
3047 1454 3061 1474 \
3157 1456 3171 1474 κ
3613 1455 3625 1475 9

2118 1454 2371 1525 κοινωνίᾳ
2413 1476 2512 1525 της
2563 1453 2798 1528 ἀτιμιας,
2852 1477 2924 1508 ων
2974 1477 3062 1509 και
3111 1475 3210 1522 την
3284 1451 3559 1508 παίδευσιν
3631 1456 3776 1525 Αθή-

2119 1565 2266 1618 νῃσιν
2321 1541 2459 1618 ἔγνω
2516 1543 2603 1598 xui
2662 1546 2760 1612 τήν
2823 1539 3117 1615 εὐσέϐειαν,
3173 1541 3394 1620 δευτέρᾳ
3451 1541 3509 1598 δὲ
3581 1542 3776 1616 εἰσόδῳ

2116 1632 2423 1705 ταμιευθεὶς
2456 1635 2570 1707 (32)
2601 1630 2806 1707 (έπείδή
2841 1653 2902 1707 γε
2931 1633 3065 1687 κατᾶ
3105 1637 3320 1707 Περσῶν
3353 1631 3551 1686 ἐκεῖνον
3579 1635 3614 1702 ἡ
3649 1630 3772 1704 δίκη

2118 1721 2301 1784 καλῶς
2350 1719 2643 1792 ἐξώπλισε-ιι
2701 1724 2877 1795 [33]),
2928 1720 3160 1776 ἐπάνεισι
3209 1721 3347 1797 πρὸς
3404 1723 3552 1794 ἡμᾶς
3602 1722 3775 1800 φυγὰς

357 1817 721 1886 incruentus,
755 1820 929 1884 atque
958 1814 1030 1868 ob
1062 1811 1449 1885 ignominiam
1483 1809 1713 1878 clarior,
1733 1826 1912 1882 quam
1935 1809 1998 1866 ol:

2124 1813 2409 1887 μακάριος,
2461 1811 2550 1866 xui
2596 1816 2964 1887 τροπαιοῦχος
3009 1811 3363 1883 ἀναιμακτος,
3412 1810 3502 1864 xui
3543 1831 3772 1888 περιφα-

357 1905 730 1977 splendorem
763 1907 819 1958 et
847 1900 1115 1973 gloriam.

426 1993 569 2048 XIV.
603 1993 761 2047 Hanc
792 2007 925 2062 ergo
951 1990 1252 2044 victoriam
1292 2005 1505 2060 magna
1532 1987 1690 2042 illius
1714 2005 1914 2058 manu,
1949 1991 2006 2042 et

354 2081 594 2138 sublimi
618 2096 895 2154 purpura,
919 2084 974 2134 et
1003 2078 1258 2150 ingentis
1286 2077 1450 2149 pretii
1476 2077 1806 2132 diademate
1829 2075 2004 2146 longe

353 2171 757 2229 sublimiorem
807 2174 864 2224 et
911 2167 1380 2223 excellentiorem
1430 2181 1559 2222 esse
1609 2181 1836 2221 censeo.
1891 2166 2003 2219 [lac

355 2261 688 2317 narratione
712 2258 896 2327 magis
918 2258 1142 2322 eil‘eror,
1165 2273 1339 2328 quam
1365 2256 1411 2309 si
1445 2255 1782 2310 universum
1817 2255 1999 2325 impe-

352 2351 506 2406 rium
538 2366 670 2405 cum
702 2365 768 2403 eo
798 2347 1050 2420 partitus
1082 2345 1434 2401 esset.Maiis
1462 2344 1644 2416 igitur
1675 2343 2000 2413 tempribus

353 2439 525 2505 cedit,
562 2439 620 2493 in
651 2454 836 2508 eoque
867 2435 977 2507 legi
1028 2442 1235 2489 nostra:
1284 2435 1672 2505 obtemperat,
1721 2449 1851 2503 quae
1891 2432 1998 2486 hoc

354 2527 564 2591 sancit,
597 2531 660 2580 ut
712 2529 957 2595 urgente
1009 2522 1244 2594 quidem
1297 2528 1557 2593 tempore
1608 2538 1709 2592 pro
1758 2523 1998 2576 veritate

352 2614 678 2688 periculum
729 2613 1029 2677 adeamus,
1073 2627 1176 2665 nec
1227 2611 1499 2682 pietatem
1553 2627 1654 2682 per
1701 2609 1992 2681 ignaviam

353 2703 669 2776 prodamus
703 2719 715 2756 :
750 2702 1005 2772 quandiu
1040 2706 1233 2755 autem
1274 2701 1428 2768 licet,
1475 2699 1732 2771 pericula
1765 2700 1892 2769 ipsa
1923 2714 1994 2753 ne

354 2791 825 2866 provoCemus“,
877 2790 996 2844 sive
1046 2790 1373 2844 animarum
1426 2793 1759 2844 nostrarum
1812 2795 1991 2856 metu,

350 2883 466 2938 sive
494 2887 555 2936 ut
576 2879 646 2935 iis
665 2878 1026 2947 consulatur,
1050 2878 1149 2949 qui
1176 2877 1498 2949 periculum
1525 2877 1692 2932 nobis
1713 2877 1990 2932 inferunt.

351 2971 735 3041 Posteaquam
769 2973 962 3022 autem
995 2967 1114 3021 hrec
1145 2966 1327 3036 caligs
1359 2967 1625 3020 discussa
1666 2971 1773 3035 est,
1805 2970 1991 3020 exter-

350 3075 542 3130 naque
573 3057 730 3128 regio
761 3072 994 3111 causam
1042 3061 1194 3110 recte
1247 3055 1604 3122 disceatavit,
1637 3072 1702 3109 ac
1732 3055 1992 3110 vibratus

347 3147 577 3220 gladius
635 3145 883 3216 impium
937 3148 1238 3215 postravit,
1271 3161 1480 3214 resque
1529 3144 1601 3198 ad
1635 3143 1991 3198 Christianos

347 3235 668 3302 redierunt,
721 3234 858 3305 quid
902 3233 1093 3287 dicere
1139 3247 1373 3287 necesse
1420 3237 1530 3297 est,
1582 3237 1800 3302 quanto
1857 3249 1988 3287 cum
2020 3216 2064 3282 C

346 3324 565 3380 honore
594 3328 650 3378 et
677 3321 879 3394 gloria,
912 3327 1012 3376 aut
1042 3339 1175 3376 cum
1211 3325 1353 3391 quot
1384 3325 1439 3374 et
1469 3321 1704 3391 quantis
1736 3320 1990 3376 testimo-

345 3413 459 3468 niis
491 3429 555 3467 ac
581 3411 740 3467 velut
793 3411 917 3482 ipse
961 3409 1308 3464 beneﬁcium
1357 3408 1550 3480 potius
1594 3408 1763 3475 dans,
1814 3425 1987 3480 quam

343 3501 728 3575 accipiens,in
755 3501 948 3554 aulam
975 3516 1175 3553 rusum
1212 3503 1478 3568 receptus
1501 3497 1596 3562 sit,
1623 3497 1991 3569 prioremquc

342 3591 622 3647 honorem
654 3590 948 3644 secundus
978 3587 1310 3658 exceperit?
1346 3593 1422 3639 Ac
1469 3592 1703 3658 tempus
1753 3587 1988 3658 quidem

343 3682 725 3753 imperatores
759 3677 1006 3732 subinde
1053 3677 1454 3742 commutavit,
1505 3676 1750 3731 Caesario
1795 3681 1988 3730 autem

341 3768 544 3842 gloria,
581 3774 639 3822 et
669 3766 1037 3822 auctoritatis
1088 3766 1240 3835 apud
1273 3781 1368 3819 eos
1411 3764 1772 3835 principatus
1805 3763 1989 3818 haud-

343 3874 643 3930 quaquam
677 3854 990 3912 convulsus
1014 3872 1077 3908 ac
1109 3853 1432 3907 dissolutus
1465 3857 1590 3907 est:
1624 3853 1766 3924 quin
1795 3853 1990 3924 potius

339 3947 410 4002 de
440 3962 505 4001 eo
547 3945 701 4000 inter
748 3945 1127 4015 imperatorss
1180 3947 1474 3996 certamen
1518 3945 1663 4005 erat,
1715 3942 1986 4011 quisnam

339 4033 653 4090 Caesarium
682 4031 870 4104 magis
903 4032 1011 4087 sibi
1049 4032 1416 4102 adjungeret,
1452 4035 1508 4084 et
1549 4031 1860 4100 cujusnam
1895 4029 1990 4085 ille

342 4122 531 4191 magis
559 4119 783 4174 amicus
813 4125 868 4173 et
901 4119 1206 4173 familiaris
1239 4119 1581 4173 disceretur.
1613 4117 1771 4172 Talis
1802 4121 1987 4173 Caesa-

340 4207 408 4263 rii
443 4207 652 4279 pietas,
684 4207 826 4261 talia
859 4208 1090 4278 pietatis
1121 4207 1376 4277 praemia.
1433 4206 1688 4262 Audiant
1715 4207 1987 4278 juvenes,

340 4297 582 4354 audiant
611 4297 738 4363 viri,
771 4313 836 4350 ac
867 4313 968 4366 per
997 4297 1260 4349 eamdem
1307 4297 1576 4350 virtutem
1611 4296 1682 4350 ad
1715 4296 1987 4351 eumdem

339 4383 706 4456 splendorem
730 4383 1084 4437 contendant
1103 4384 1399 4453 (Bonorum
1428 4384 1574 4438 enim
1597 4384 1851 4439 laborum
1870 4386 1986 4455 glo-

339 4475 602 4528 rioriosu:
631 4476 713 4527 est
736 4474 954 4542 fructus
984 4472 1071 4541 ³⁸),
1124 4472 1458 4542 quicunque
1504 4472 1612 4528 hoc
1661 4473 1817 4528 enim
1862 4491 1984 4528 am-

341 4562 531 4628 biunt,
564 4565 736 4632 atque
768 4560 823 4614 in
856 4559 1149 4614 felicitatis
1181 4566 1343 4631 parte
1373 4560 1674 4616 collocant.

411 4649 521 4706 XV.
555 4649 684 4704 Jam
728 4666 859 4704 vero
890 4647 1061 4720 quale
1094 4649 1200 4703 hoc
1240 4667 1471 4721 quoque
1509 4650 1698 4723 ipsius
1729 4651 1986 4707 miracu-

411 4802 456 4838 ⁸⁵
484 4801 688 4857 Matth.
721 4819 776 4869 χ,
802 4803 893 4856 23.
971 4802 1015 4835 ⁸⁶
1045 4803 1173 4873 Sap.
1208 4819 1291 4873 ιιι,
1326 4805 1410 4858 15.

415 4953 528 5026 (28)
554 4954 732 5026 Ηασας
765 4952 947 5026 αὐτοῦ,
999 4959 1104 5010 etc.
1157 4956 1250 5011 Or.
1305 4959 1356 5025 1,
1403 4955 1607 5017 αὐτοῖς.
1658 4955 1778 5012 Jes.
1811 4954 1982 5017 πάσας

343 5023 546 5093 αὐτοῖς,
581 5023 642 5077 οὐ
674 5025 765 5085 τας
790 5023 840 5077 ἐν
862 5029 1000 5085 τοῖς.

415 5095 739 5168 Ἱὀῦτοἶ
764 5096 858 5150 Or.
894 5099 942 5166 1,
976 5096 1044 5151 ad
1082 5113 1263 5168 marg.
1292 5095 1482 5150 έκεῖνο.

414 5167 525 5234 (30)
556 5169 689 5238 Τῶν.
723 5167 891 5222 Deest
922 5167 974 5221 in
1011 5183 1129 5238 reg.
1165 5167 1283 5238 bm,
1318 5170 1412 5223 Or.
1440 5172 1488 5234 1,
1523 5173 1576 5222 et
1607 5172 1726 5223 Jes.

416 5238 527 5308 (31)
561 5236 800 5306 ’Πξίωσε,
876 5244 938 5293 In
1015 5235 1110 5293 Οιῖ.
1175 5241 1224 5307 1,
1271 5235 1355 5294 ’δά
1419 5255 1602 5312 marg.
1662 5258 1752 5314 γρ.
1825 5235 1986 5307 ἀξίως

344 5305 588 5360 ἐτίμησε.

369 5327 588 5364 τιμησε.

416 5329 787 5450 (Ξέἷεδευτέρᾳ
826 5375 882 5430 δὲ
929 5374 1123 5448 εἰσόδῳ
1169 5379 1499 5450 ταμιευθείς.
1554 5403 1582 5432 ‹‹
1641 5381 1727 5434 Ad
1779 5395 1986 5436 secun-

347 5447 488 5503 dum
511 5447 820 5522 adventum
854 5447 1181 5504 reservatus
1204 5469 1215 5515 ;
1241 5447 1267 5498 ὲ»
1295 5452 1448 5505 haud
1473 5452 1708 5522 quidem
1741 5469 1774 5506 a
1800 5451 1988 5506 Julia-

350 5532 445 5592 no_,
477 5522 576 5573 sed
607 5538 640 5592 a
670 5521 864 5575 divina
894 5522 1276 5592 providentia,
1306 5529 1371 5577 ut
1399 5521 1608 5577 iterum
1631 5523 1827 5579 aulam
1860 5524 1988 5578 adi-

351 5587 857 5666 rot,_regiamquer
886 5587 1306 5663 ingrederetur.
1357 5593 1518 5657 Quod
1581 5599 1714 5666 post
1768 5593 1989 5651 Juliani

350 5660 598 5714 mortem
627 5661 887 5732 contigit.

2117 1899 2360 1976 νέστερος
2391 1901 2488 1970 τὴν
2513 1900 2730 1974 ἀτιμίαν
2822 1901 2920 1967 τὴν
2947 1899 3329 1975 καμπρότητα.

2188 1991 2286 2046 1Δ’.
2343 1989 2550 2060 Ταύτην
2612 1989 2720 2064 ἐγὼ
2776 1991 2874 2058 τήν
2929 1989 3082 2058 νίκην
3137 1996 3238 2058 τῆς
3294 1987 3513 2058 πολλῆς
3564 1987 3774 2044 ἰκείνου

2115 2079 2326 2154 χειρὸς,
2373 2079 2462 2132 xui
2509 2086 2608 2147 τῆς
2659 2075 2875 2152 ὑψηλῆς
2922 2075 3277 2152 ἆλουργίδος,
3325 2077 3415 2132 καὶ
3463 2081 3562 2132 τοῦ
3592 2076 3768 2132 πολυ-

2109 2165 2302 2228 τελοῦς
2334 2165 2669 2240 διαδήματος
2705 2165 3042 2241 ὑψηλοτέραν
3087 2167 3255 2242 κρίνω
3314 2170 3503 2242 μακρῷ
3550 2167 3638 2222 καὶ
3687 2189 3774 2221 τι-

2116 2257 2421 2330 μιωτέραν·
2491 2255 2669 2328 τούτῳ
2732 2261 2811 2327 τῷ
2864 2253 3166 2330 διηγήματι
3224 2254 3391 2310 πλέον
3447 2253 3770 2330 ἐπαίρομαι,

2109 2347 2142 2413 ἢ
2173 2344 2216 2400 εἰ
2261 2351 2429 2399 πᾶσαν
2486 2344 2670 2416 ἐκείνῳ
2719 2345 2815 2412 τὴν
2872 2344 3146 2420 βασιλείαν
3199 2343 3586 2418 ἀπεμερίσατο.
3641 2348 3770 2406 Τοῖς

2114 2436 2205 2506 μέν
2233 2431 2323 2487 νῦν
2355 2432 2616 2505 πονηροῖς
2666 2433 2951 2507 ὑποχωρεῖ
2998 2428 3242 2507 χρόνοις,
3290 2433 3377 2486 καὶ
3425 2436 3587 2486 τοῦτο
3632 2433 3766 2486 κατᾶ

2104 2522 2203 2590 τὴν
2287 2521 2556 2597 ἡμετέραν
2635 2522 2995 2593 νομοθεσίαν·
3071 2520 3346 2583 ἐνστάντος
3412 2521 3506 2594 μέν
3568 2525 3759 2593 καιροῦ

2106 2608 2518 2666 διακινδυνεύειν
2574 2609 2706 2686 ὑπὲρ
2750 2616 2850 2679 τῆς
2899 2607 3182 2679 ἀληθείας,
3214 2611 3301 2663 καὶ
3331 2609 3406 2681 μὴ
3438 2605 3758 2684 προδιδόναι

2105 2697 2283 2770 δειλίᾳ
2331 2699 2430 2768 τήν
2488 2693 2757 2754 εὐσέϐειαν
2791 2717 2802 2730 ⁸
2865 2694 2972 2760 ἕως
3030 2695 3076 2752 δ’
3135 2697 3191 2752 ἂν
3251 2697 3364 2771 ἐξῇ,
3427 2699 3503 2770 μὴ
3561 2717 3756 2773 κροκα-

2106 2787 2459 2860 λεῖσθαι(34)
2490 2787 2616 2848 τοὺς
2688 2783 2969 2848 κινδιῖνους
3046 2783 3394 2853 κελεύουσαν,
3469 2783 3570 2840 eius
3642 2784 3751 2839 δέει

2101 2880 2208 2930 τῶν
2266 2877 2546 2950 ἡμετέρων
2609 2879 2822 2950 ψυχῶν,
2890 2873 2995 2929 εἶτε
3053 2872 3231 2951 φειδοῖ
3286 2878 3388 2927 τῶν
3445 2871 3744 2947 ἐπαγόντων

2099 2967 2188 3019 τὸν
2245 2961 2512 3020 κίνδυνον.
2571 2963 2722 3019 Ἐπεὶ
2773 2961 2830 3018 δὲ
2879 2963 2906 3017 ὁ
2957 2963 3119 3036 ζόφος
3171 2961 3361 3034 ἐλύθη,
3410 2963 3496 3016 xui
3528 2964 3562 3031 ἡ
3596 2963 3752 3038 ὑπερ-

2103 3053 2222 3129 ορία
2268 3053 2453 3115 καλῶς
2504 3051 2710 3107 ἐδίκασε
2757 3053 2847 3106 καὶ
2896 3055 2930 3122 ἡ
2983 3047 3346 3110 στιλϐωῧεῖσα
3395 3050 3638 3128 ῥομφαία
3665 3049 3756 3105 τὸν

2100 3137 2267 3211 ἀσεϐῆ
2324 3137 2610 3212 κατέϐαλε,
2669 3142 2758 3196 xui
2802 3143 3145 3216 Χριστιανοῖς
3189 3139 3456 3209 ἐπανῆλθε
3502 3142 3570 3194 τὰ
3616 3139 3754 3216 πρά-ὲ
3797 3188 3802 3195 .

2100 3252 2298 3308 γματα,
2357 3230 2409 3285 τί
2463 3228 2544 3285 δεῖ
2591 3228 2765 3306 λέγειν
2823 3231 2940 3302 μεθ’
2995 3229 3112 3292 ο²ἀς
3163 3227 3324 3300 δόξης
3354 3251 3412 3283 τε
3441 3229 3530 3283 xui
3560 3236 3751 3302 τιμῆς,

2100 3322 2134 3389 ἢ
2161 3324 2267 3375 τῶν
2304 3319 2612 3395 μαρτυρίων
2649 3316 2776 3372 οἷ’ων
2807 3317 2895 3372 καὶ
2943 3319 3108 3385 ὅσων,
3141 3319 3228 3373 καὶ
3277 3318 3350 3380 ὡς
3403 3314 3589 3380 διδοὺς
3651 3318 3754 3393 χά-

2101 3429 2182 3484 ριν
2239 3408 2451 3481 μᾶλλον
2503 3409 2536 3476 ἢ
2601 3407 2984 3480 κομιζόμενος,
3052 3413 3169 3469 τοῖς
3242 3405 3540 3483 βασιλείοις
3599 3407 3750 3468 αὖθις

2100 3493 2554 3571 ἀναλαμϐάνεται,
2613 3495 2700 3550 καὶ
2751 3493 3056 3572 διαδέχεται
3115 3498 3212 3566 τήν
3285 3498 3518 3572 προέραν
3583 3499 3748 3568 τιμὴν

2099 3588 2133 3654 ἡ
2167 3583 2424 3660 δευτέρα;
2459 3585 2556 3638 Καὶ
2593 3582 2836 3658 βασιλεῖς
2869 3585 2961 3658 μὲν
2998 3586 3024 3638 ὁ
3057 3585 3256 3660 χρόνος
3290 3587 3433 3660 παρή
3449 3589 3606 3659 μειψε
3637 3588 3749 3656 (35)

2100 3675 2370 3748 Καισαρίῳ
2430 3671 2487 3728 δὲ
2543 3674 2606 3728 τὸ
2664 3676 2760 3742 τῆς
2792 3672 3030 3744 εὐδοξίας
3073 3673 3268 3728 ἄλυτον
3303 3677 3436 3747 (36),
3493 3674 3583 3727 xui
3639 3678 3747 3728 τῶν

2098 3764 2223 3839 παρ’
2267 3763 2451 3825 αὐτοῖς
2503 3762 2779 3838 πρωτείων
2809 3782 2820 3793 ·
2879 3763 2967 3817 καὶ
3019 3763 3162 3836 ἀγὼν
3229 3759 3561 3838 βασιλεῦσιν,
3605 3762 3752 3824 ὅστις

2103 3851 2315 3925 μᾶλλον
2367 3853 2653 3924 Καισάριον
2701 3851 3050 3922 οἷκειώσηται
3105 3854 3242 3924 (37),
3300 3850 3387 3905 καὶ
3439 3850 3498 3905 οὗ
3534 3849 3748 3924 μᾶλλον

2099 3939 2302 4002 ἐκεῖνος
2351 3940 2624 4012 ὀνομασθῇ
2683 3937 2843 4016 φίλος
2895 3941 2982 3994 καὶ
3034 3941 3328 4015 γνώριμος.
3363 3944 3593 3993 Τοιαῦτα
3627 3947 3752 3994 Και-

2099 4027 2268 4104 σαρίῳ
2322 4029 2388 4081 τὰ
2433 4031 2532 4096 τῆς
2585 4021 2870 4097 εὐσεϐείας,
2929 4029 3018 4082 καὶ
3074 4027 3221 4102 παρᾶ
3278 4030 3388 4100 (38)
3445 4030 3542 4096 τῆς
3601 4027 3750 4082 εὐσε-

2098 4111 2267 4179 ϐείας.
2325 4115 2690 4170 ’Δκουέτωσαν
2749 4117 2838 4170 καὶ
2886 4116 2997 4170 νέοι
3061 4119 3195 4188 (39),
3255 4117 3346 4170 xui
3394 4113 3603 4191 ἄνδρες,
3662 4118 3751 4171 xui

2099 4204 2187 4260 διὰ
2215 4212 2313 4275 τῆς
2352 4205 2517 4273 αὐτῆς
2553 4205 2748 4276 ἀρετῆς
2777 4206 2911 4280 πρὸς
2939 4207 3037 4274 τὴν
3071 4204 3235 4273 αὐτὴν
3288 4204 3591 4282 ἐπιφάνειαν
3638 4209 3752 4278 (40)

2097 4294 2488 4370 έπειγέσθωσαν
2547 4295 2816 4367 (Ἂγαθῶο
2846 4297 2947 4370 γὰρ
3007 4293 3184 4348 πόνων
3236 4294 3441 4370 καρπὸς
3477 4293 3750 4366 εὐκλεὴς),

2097 4383 2248 4446 ὅσοις
2303 4383 2393 4437 καὶ
2471 4387 2631 4436 τοῦτο
2694 4380 2782 4437 διὰ
2841 4380 3083 4452 σπουδῆς
3129 4382 3217 4436 καὶ
3279 4383 3444 4458 μέρος
3504 4381 3754 4456 εὐδαιμο-

2095 4473 2207 4535 νίας
2242 4467 2705 4545 ὑπολαμϐάνεται.

2169 4651 2270 4706 1Ε’.
2331 4647 2489 4704 Ἀλλ’
2546 4648 2656 4702 οἷον
2712 4645 2777 4718 δὴ
2818 4648 2908 4703 καὶ
2948 4652 3110 4703 τοῦτο
3134 4653 3240 4703 τῶν
3269 4650 3394 4724 περὶ
3424 4650 3583 4705 αὐτὸν
3618 4652 3746 4704 Θαυ-

2165 4957 2278 5082 (33)
2307 4952 2662 5024 Ἐξώπλισεν.
2690 4978 2717 5005 ‹‹
2745 4955 2901 5044 Ut'in
2932 4957 3136 5047 Persas
3171 4974 3339 5014 arma
3364 4963 3611 5015 verteret
3643 4959 3750 5015 im-

2165 5045 2171 5082 ι
2203 5033 2264 5082 lt.
2304 5049 2325 5079 ι
2363 5027 2607 5082 Hesvch.
2644 5025 2941 5082 ἰὲοπΛιζειν
2972 5026 3248 5082 κελευσας.

2095 5025 2268 5100 pulit.
2304 5049 2325 5079 ι
2363 5027 2607 5100 Hesych.
2630 5025 2941 5100 ﬁﬁon/tiﬁsw
2972 5026 3248 5088 κελεύσας.

2167 5100 2274 5174 (34)
2312 5098 2728 5174 ΙΙροκ-αλεῖσθαι.
2767 5100 2944 5174 Regg.
2978 5100 3582 5174 Ῐξῐηνπροσκαλεῖσθαι.

2168 5170 2278 5244 (35)
2314 5171 2464 5244 Ηᾳρή
2479 5172 2665 5244 μειψξι
2690 5174 2825 5244 εἴβει
2857 5170 2961 5244 hil.
2994 5170 3123 5240 ἀντή
3140 5170 3315 5242 μὲιψε-

2552 5237 2820 5315 Δἐὐδοξίας
2871 5239 3090 5296 ἄλυτον.
3114 5237 3226 5299 ’8ἰο
3246 5237 3428 5315 Ἆρες.
3488 5244 3608 5308 bm,
3642 5245 3746 5310 hu,

2097 5308 2204 5368 διὸ.
2240 5308 2410 5379 Editi,
2444 5308 2764 5372 ὁ...ἆὶλυτος.

2172 5384 2278 5452 (37)
2311 5381 2691 5452 Οἶκειώσηται.
2725 5384 2818 5439 Or.
2857 5386 2909 5448 1,
2943 5383 3242 5440 οἰκειῶσαι.

2170 5455 2282 5530 (ἓξ)
2315 5452 2410 5530 Kai-
2441 5455 2838 5530 παράηϐοωι).
2870 5455 2959 5530 xui
3001 5454 3155 5530 γέρα,
3179 5462 3245 5530 et
3275 5455 3532 5528 praemia.
3565 5478 3593 5506 »

2193 5526 2279 5601 39}
2312 5524 2409 5601 liui
2441 5524 2571 5601 νέω.
2609 5529 2776 5601 Deest
2805 5525 2914 5601 καί,
2946 5524 3327 5601 in'pluribus.

2194 5595 2670 5674 40)"Emzpuvuuv.
2731 5595 3079 5671 1168ᾙὶωῂ
3159 5599 3334 5657 Coisl.
3396 5601 3451 5667 1,
3523 5606 3581 5654 et
3653 5599 3750 5656 Jes

2100 5667 2465 5743 περιφάνειανζ
