4146 6290
307 406 428 462 773

1096 398 1392 459 ORATIO
1438 400 1572 459 νη.
1609 399 1788 458 -ωιΝ
1834 394 2164 459 ΙιΛῸΒΕΜ
2209 396 2540 459 CAESARI!
2585 399 2947 459 FRATRIS.

3612 401 3731 459 ’174

318 535 524 607 μάτων,
575 530 717 602 ὁμοῦ
762 549 822 583 τε
868 534 968 597 τῆς
1016 549 1123 583 των
1176 528 1374 602 γονέων
1423 524 1722 592 θεοσεϐείας
1752 528 1969 597 καὶτῆς

2089 528 2204 585 lum
2227 535 2335 598 est,
2361 531 2517 602 quod
2540 530 2740 597 simul,
2769 534 2821 585 et
2851 533 3184 601 parentum,
3207 533 3264 585 et
3286 528 3475 600 ipsius
3496 530 3733 600 pietatis

326 621 532 675 ἐκείνου
568 616 823 695 μεγίστην
856 613 1127 686 ἀπόδειξιν
1158 613 1322 690 ἔχονς
1374 612 1617 693 Διέτριϐε
1666 616 1759 689 μὲν
1809 615 1861 670 ἐν
1905 616 1974 690 τῇ

320 712 578 780 Βιθυνῶν,
644 709 740 775 τὴν
797 703 859 761 οὗ
908 705 1227 775 πολλοστήν
1287 706 1391 760 ἀπὸ
1450 704 1718 780 βασιλέως
1777 703 1975 760 διέπων

324 799 502 874 ἀρχήν
532 819 543 829 ·
578 799 612 866 ἠ
658 794 723 865 δὴ
774 798 839 864 ἦν
888 795 1165 867 ταμιεύειν
1212 794 1427 869 βασιλεῖ
1476 796 1542 849 τὰ
1572 797 1855 871 χρήματα,
1885 793 1977 849 καί

312 893 417 942 τῶν
472 890 758 961 θησαυρῶν
814 882 958 960 ἔχειν
1008 885 1107 953 τήν
1161 883 1498 957 ἐπιμέλειαν.
1549 885 1822 948 Ἐντεῦθεν
1871 885 1974 959 γὰρ

310 976 456 1049 αὐτῷ
510 976 607 1036 τὰς
660 974 876 1047 μείζους
932 972 1107 1048 ἀρχὰς
1191 973 1444 1049 βασιλεὺς
1517 973 1973 1050 προοιμιάζεται⁹

310 1063 495 1151 τοῦΑδὲ
541 1064 735 1151 πρώην
785 1062 1203 1137 συνενέχθέντος
1255 1060 1307 1116 ἐν
1363 1062 1556 1134 Nimia
1604 1066 1831 1135 σεισμοῦ
1864 1064 1975 1151 (41)

313 1152 372 1215 ὃς
405 1148 473 1222 δὴ
508 1150 903 1226 χαλεπώτατος
933 1155 1044 1204 τῶν
1073 1150 1299 1205 πώποτε
1332 1152 1828 1224 μνημονευομένων
1879 1148 1975 1226 γεὲ

312 1242 526 1319 γονέναι
558 1240 799 1316 λέγεται,
839 1243 1038 1315 μικροῦ
1062 1238 1191 1301 τοὺς
1238 1240 1439 1300 πάντας
1489 1235 1973 1323 ἐγκιπιταλαόόντος⁹

312 1332 404 1385 καὶ
460 1334 541 1402 τῷ
596 1336 693 1399 τῆς
752 1329 972 1390 πόλεως
1029 1326 1223 1383 κάλλει
1272 1329 1743 1406 συναφανίσαντος,
1808 1328 1975 1402 μόνος

320 1424 429 1474 τῶν
462 1419 754 1495 ἐπιφανῶν,
802 1418 839 1486 ἢ
889 1414 1092 1490 κομιδῆ
1150 1415 1241 1470 σῦν
1294 1416 1527 1489 ὀλίγοις,
1578 1418 1635 1471 ἐκ
1662 1422 1759 1472 τοῦ
1789 1414 1972 1472 κινδύ-

314 1528 411 1561 νου
459 1507 838 1581 περισώζεται,
900 1505 990 1560 καὶ
1051 1504 1323 1579 σωτηρίαν
1384 1506 1783 1579 ἀπιστουμένην
1828 1506 1975 1578 αὐτῷ

321 1597 640 1660 σκεπασθεὶς
683 1600 764 1667 τῷ
812 1595 1200 1668 συμπτώματι,
1256 1595 1345 1648 καὶ
1402 1596 1570 1670 μικρὰ
1627 1600 1830 1668 σημεῖα
1875 1598 1972 1650 τοῦ

316 1683 571 1741 κινδύνου
620 1683 944 1762 φερόμενος,
986 1682 1111 1738 ὅσον
1143 1684 1233 1739 τὸν
1270 1678 1436 1761 φόϐον
1469 1682 1815 1759 παιδαγωγὸν
1873 1682 1971 1739 λα·-

316 1771 429 1830 6εἴν
470 1781 570 1844 τῆς
618 1772 861 1847 μείζονος
910 1772 1205 1849 σωτηρίας,
1255 1774 1345 1827 καὶ
1396 1772 1543 1835 ὅλως
1590 1780 1692 1842 τῆς
1743 1772 1852 1828 ἅνω
1881 1792 1969 1849 γε·-

2055 682 2058 685 ,
2088 617 2409 674 maximum
2429 622 2841 691 argumentum
2867 617 3076 673 habet?
3096 618 3156 672 In
3175 617 3444 689 Bithynia
3463 618 3733 692 degebat,

2086 708 2490 779 praefecturam
2518 709 2588 763 ab
2610 707 2958 778 imperatore
2984 706 3139 761 haud
3164 711 3519 778 postremam
3543 708 3728 762 admi-

2086 795 2365 853 nistrans.
2408 797 2488 851 Ea
2535 800 2729 851 autem
2781 799 2904 850 erat
2950 796 3175 866 exigere
3225 812 3327 867 pro
3383 794 3735 867 imperatore

2087 885 2386 955 pecunias,
2421 901 2487 940 ac
2518 884 2929 940 thesaurorum
2962 900 3159 939 curam
3192 900 3413 955 gerere.
3440 886 3553 940 Hoc
3575 888 3731 941 enim

2088 972 2169 1028 illi
2228 974 2516 1045 majorum
2578 973 2935 1045 dignitatum
2994 972 3152 1027 velut
3208 972 3556 1044 praeludium
3605 988 3733 1029 esse

2086 1063 2405 1133 imperator
2435 1061 2633 1116 voluit.
2670 1062 2815 1116 Cum
2848 1066 3041 1116 autem
3087 1062 3287 1117 Nicaea}
3319 1069 3482 1118 terrae
3515 1066 3733 1128 motus,

2088 1156 2218 1223 post
2240 1150 2547 1207 hominum
2575 1151 2917 1205 memoriam
2954 1151 3268 1217 maximus,
3291 1156 3547 1219 exortus,
3581 1151 3735 1207 208

2086 1256 2293 1296 omnes
2325 1256 2470 1311 pene
2499 1238 2827 1309 invasisset,
2862 1243 3036 1311 atque
3068 1256 3186 1294 una
3214 1256 3345 1295 cum
3395 1240 3557 1295 urbis
3606 1240 3737 1312 pul-

2085 1327 2416 1383 chritudine
2441 1327 2767 1395 delevisset,
2794 1326 2954 1382 solus
2986 1328 3110 1399 ipse
3136 1344 3203 1383 ex
3226 1327 3552 1384 illustribus
3573 1328 3733 1398 viris,

2085 1423 2185 1473 aut
2207 1423 2360 1472 certe
2382 1433 2514 1472 cum
2540 1417 2856 1471 admodum
2881 1418 3085 1488 paucis
3117 1433 3146 1472 e
3178 1418 3434 1489 periculo
3457 1418 3655 1473 salvus
3676 1422 3733 1472 et

2084 1504 2399 1561 incolumis
2428 1504 2640 1571 evadit,
2674 1505 2850 1576 idque
2882 1506 3053 1560 modo
3086 1507 3339 1577 quodam
3385 1505 3735 1577 incredibili,

2083 1594 2191 1650 hoc
2222 1599 2310 1649 est
2338 1594 2468 1667 ipsa
2500 1594 2668 1648 ruina
2698 1597 3014 1665 protectus,
3068 1610 3135 1649 ac
3187 1610 3394 1666 parvas
3445 1596 3731 1665 quasdam

2082 1681 2323 1754 periculi
2382 1686 2550 1738 notas
2608 1682 2919 1737 referens:
2980 1682 3263 1738 hactenus
3317 1682 3611 1749 videlicet,
3669 1687 3735 1738 ut

2081 1771 2356 1826 timorem
2380 1770 2622 1841 majoris
2644 1770 2853 1826 salutis
2876 1771 3227 1843 magistrum
3251 1776 3501 1844 caperet,
3524 1776 3737 1827 totum-

310 1864 491 1920 νὲσθαι
546 1863 763 1939 μοίρας,
829 1862 1185 1935 μεταθέμενος
1246 1863 1345 1931 τήν
1410 1861 1686 1937 στρατείαν
1748 1861 1808 1917 ἐκ
1860 1867 1968 1916 τῶν

2089 1876 2195 1933 que
2220 1876 2346 1915 sese
2372 1874 2636 1931 supernae
2661 1859 2811 1932 parti
2838 1860 3203 1932 adjungeret,
3220 1861 3505 1916 translata
3527 1860 3737 1916 militia

315 1952 647 2028 κινουμένων
695 1954 830 2024 (42),
880 1952 970 2005 καὶ
1045 1950 1281 2024 ἀμείψας
1337 1951 1509 2023 ἑαυτῷ
1577 1953 1645 2006 τὰ
1705 1949 1968 2027 βασίλεια,

311 2046 481 2097 Τοῦτο
562 2041 657 2114 μὲν
738 2039 829 2094 οὗν
902 2040 993 2093 καὶ
1054 2036 1331 2107 διενοεῖτο,
1392 2040 1482 2094 καὶ
1540 2042 1673 2095 κο.τά
1730 2039 1970 2110 σπουδὴν

315 2130 490 2203 ἐαυτῷ
543 2128 869 2205 συνηύχετο,
928 2128 1003 2191 ὡς
1063 2128 1200 2203 πρὸς
1274 2128 1371 2201 ἐμὲ
1442 2129 1662 2206 γράφων
1744 2127 1969 2198 ἔπειθεν,

318 2220 631 2297 ἁρπάσαντα
656 2220 748 2273 τὸν
778 2218 968 2294 καιρὸν
999 2218 1074 2279 εἷς
1102 2218 1416 2287 νουθέτησιν
1445 2238 1456 2249 ·
1521 2217 1652 2291 ὅπερ
1714 2218 1828 2273 οὐδ’
1881 2218 1975 2273 ἄλ-

319 2310 449 2365 λοτε
505 2310 619 2383 (43)
675 2312 847 2362 ποιῶν
903 2305 1246 2380 ἐπαυσάμην,
1308 2306 1630 2378 ζηλοτυπῶν
1668 2309 1730 2363 τὸ
1764 2308 1969 2364 ἐκείνου

322 2398 667 2475 μεγαλοφυὲς
698 2396 1058 2474 στρεφόμενον
1091 2395 1143 2449 ἐν
1183 2400 1299 2456 τοῖς
1342 2396 1580 2472 χείροσι,
1629 2396 1717 2452 καὶ
1757 2398 1855 2467 τὴν
1884 2420 1970 2474 φι-

320 2488 555 2565 λόσοφον
589 2486 733 2541 οὕτω
781 2487 966 2560 ψυχὴν
1008 2483 1060 2539 ὲν
1110 2490 1225 2547 τοῖς
1276 2482 1566 2558 δημοσίοις
1610 2484 1971 2559 καλινδουμέ-

317 2599 439 2649 νην,
470 2574 559 2630 καὶ
590 2574 773 2650 ὥσπερ
815 2574 972 2644 ἣλιον
1020 2575 1163 2653 νέφει
1213 2573 1747 2650 συγκαλυπτόμενον.
1800 2574 1974 2633 Ἀλλὰ

318 2668 417 2720 τοῦ
466 2665 559 2737 μὲν
605 2668 830 2738 σεισμοῦ
874 2666 1134 2740 κρείττων
1187 2662 1412 2739 ἐγένετο,
1457 2670 1556 2734 τῆς
1594 2663 1756 2720 νόσου
1788 2662 1844 2719 δὲ
1875 2664 1974 2719 οὐκ

322 2750 398 2809 ἔτι
440 2756 591 2828 (44)’
651 2753 742 2808 καὶ
797 2753 899 2829 γὰρ
956 2754 1022 2822 ἦν
1078 2749 1381 2827 ἄνθρωπος.
1443 2753 1541 2811 Καὶ
1591 2757 1655 2809 τὸ
1707 2757 1799 2829 μὶν
1833 2752 1969 2809 ἴδιον

320 2842 548 2916 ἐκείνου,
594 2841 658 2897 τὸ
710 2840 770 2897 δὲ
814 2842 994 2897 κοινὸν
1043 2843 1178 2917 πρὸς
1222 2842 1351 2904 τοὺς
1391 2842 1618 2905 ἄλλους.
1653 2844 1749 2898 Καὶ
1777 2845 1839 2899 τὸ
1876 2843 1970 2916 μὲν

317 2934 418 2997 τῆς
469 2928 758 3005 εὐσεϐείας,
804 2928 870 2985 τὸ
918 2928 977 2985 δὲ
1017 2937 1119 3000 τῆς
1168 2930 1400 3008 φύσεως.
1451 2932 1548 2987 Καὶ
1597 2928 1902 3007 προῦλαϐεν
1933 2934 1968 3003 ἡ

321 3019 636 3093 παραμυθία
678 3021 743 3074 τὸ
787 3021 980 3090 πάθος,
1025 3017 1118 3073 τίνα
1157 3024 1236 3091 τῷ
1292 3020 1503 3093 θανάτῳ
1551 3021 1861 3092 σεισθέντες,
1892 3024 1972 3094 τῷ

322 3105 579 3185 πραδόξῳ
645 3112 744 3179 τῆς
809 3109 932 3164 τότε
989 3108 1261 3184 σωτηρίας
1322 3108 1809 3185 ἐγκαυχησώμεθα.
1872 3109 1970 3165 Καὶ

318 3200 413 3251 νῦν
465 3198 599 3270 ἡμῖν
647 3197 677 3251 ὁ
722 3196 895 3260 πολὺς
928 3197 1221 3273 Καισάριος
1251 3198 1622 3254 ἀποσέσωσται
1650 3201 1785 3273 (45),
1819 3199 1966 3262 κόνις

2083 1950 2257 2004 rebus
2290 1948 2474 2004 motui
2496 1947 2784 2013 obnoxiis,
2808 1964 2872 2003 ac
2904 1953 3266 2004 commutata
3293 1949 3405 2004 sibi
3435 1949 3547 2021 ipsi
3580 1949 3731 2005 aula.

2080 2042 2271 2109 Atque
2300 2037 2408 2093 hoc
2439 2037 2676 2109 quidem
2710 2042 2766 2092 et
2794 2036 2854 2090 in
2888 2037 3084 2092 anima
3116 2034 3388 2106 habebat,
3412 2043 3469 2093 et
3499 2052 3734 2093 summo

2084 2127 2279 2183 studio
2313 2127 2644 2199 exoptabat,
2677 2127 3170 2198 quemadmodum
3204 2126 3346 2181 mihi
3382 2143 3477 2198 per
3511 2128 3734 2182 litteras

2086 2216 2493 2288 persuadebat,
2527 2231 2663 2270 cum
2694 2215 2846 2269 hanc
2890 2215 2963 2269 ad
3011 2231 3143 2269 eum
3178 2216 3532 2271 monendum
3567 2230 3732 2271 occa-

2083 2307 2309 2361 sionem
2342 2304 2718 2376 arripuissem
2752 2304 2943 2375 (epist.
2974 2304 3060 2372 20)
3089 2321 3101 2359 :
3144 2306 3298 2375 quod
3332 2320 3435 2359 nec
3471 2318 3727 2376 unquam

2081 2396 2270 2450 facere
2289 2393 2523 2459 dedisti,
2548 2392 2790 2447 moleste
2814 2392 3003 2447 ferens
3024 2390 3183 2446 illius
3202 2390 3415 2447 indolis
3440 2393 3730 2464 magnitu-

2082 2484 2279 2539 dinem
2330 2483 2388 2536 in
2440 2482 2829 2537 deterioribus
2879 2482 3053 2535 rebus
3083 2481 3321 2551 versari,
3353 2481 3729 2553 animamque

2082 2570 2225 2627 adeo
2258 2570 2721 2643 philosophicam
2773 2570 2831 2623 in
2885 2568 3135 2641 publicis
3182 2570 3428 2641 negotiis
3458 2569 3727 2641 volutari,

2083 2676 2147 2716 ac
2179 2659 2336 2716 velut
2366 2660 2549 2715 solem
2579 2658 2835 2714 nubibus
2867 2658 3096 2713 obduci.
3123 2658 3335 2713 Verum
3367 2664 3532 2714 terrae
3565 2664 3725 2715 motu

2083 2748 2317 2822 quidem
2340 2749 2608 2821 superior
2634 2747 2765 2816 fuit,
2794 2748 2998 2803 morbo
3029 2762 3162 2803 vero
3192 2764 3306 2803 non
3340 2748 3479 2803 item
3504 2765 3520 2803 :
3551 2747 3725 2805 homo

2081 2840 2236 2895 enim
2270 2843 2410 2893 erat.
2445 2840 2633 2908 Atque
2662 2836 2806 2891 illud
2840 2837 3140 2908 proprium
3178 2836 3261 2889 illi
3294 2837 3420 2903 fuit,
3455 2837 3564 2892 hoc
3593 2853 3723 2892 cum

2081 2928 2212 2984 aliis
2244 2942 2575 2982 commune.
2611 2926 2757 2981 Illud
2790 2925 3043 2996 pietatis,
3086 2925 3193 2981 hoc
3246 2930 3487 2981 natura.
3537 2930 3725 2997 Atque

2081 3015 2403 3074 consolatio
2435 3015 2825 3070 calamitatem
2858 3014 3187 3084 antevertit,
3221 3018 3285 3069 ut
3325 3014 3511 3086 ipsius
3543 3019 3728 3071 morte

2081 3104 2371 3167 concussi,
2403 3103 2475 3159 ob
2523 3102 2935 3158 admirandum
2973 3107 3113 3157 tunc
3144 3102 3351 3158 salutis
3382 3118 3566 3175 genus
3597 3102 3725 3175 glo-

2082 3196 2318 3251 riemur.
2350 3195 2427 3247 Ac
2478 3208 2634 3247 nunc
2682 3191 2852 3246 nobis
2885 3206 3135 3262 magnus
3165 3190 3263 3246 ille
3291 3192 3574 3248 Caesarius
3605 3209 3726 3248 ser-

312 3264 519 3359 τιμία,⁷
560 3288 747 3364 νεκρὸς
817 3264 1227 3360 ἐπαινούμενος,
1288 3288 1477 3361 ὕμνοις
1526 3264 1966 3364 (46)“ἐξμῦμνων

2089 3288 2247 3339 vatus
2268 3280 2538 3349 est,cinis
2561 3280 2871 3352 pretiosus,
2892 3284 3159 3333 mortuus
3182 3279 3473 3349 laudatus,
3494 3280 3728 3353 hymnis

314 3376 841 3450 παραπεμπόμενος,
898 3376 1185 3451 μαρτύρων
1258 3378 1466 3451 βήμασι
1528 3379 1967 3451 πομπευόμενος,

316 3466 522 3540 γονέων
564 3466 751 3542 χερσὶν
809 3466 979 3527 ὁσίαις
1021 3466 1358 3537 τιμώμενος,
1424 3468 1629 3544 μητρὸς
1673 3465 1969 3544 λαμπροφο

319 3554 409 3629 ρίᾳ
436 3555 551 3628 (47)
580 3550 661 3627 τῷ
687 3556 843 3609 πάθει
899 3556 998 3623 τήν
1058 3549 1329 3609 εὐσέϐειαν
1390 3555 1822 3632 ἀντεισαγούσης,
1885 3553 1971 3611 δά-

317 3663 505 3715 κρυσιν
531 3644 874 3717 ἡττωμένοις
931 3643 1249 3722 φιλοσοφίᾳ,
1311 3643 1662 3717 ψαλμῳδίαις
1707 3646 1968 3719 κομιζού-

318 3752 435 3794 σαις
478 3733 607 3794 τοὺς
656 3735 913 3809 θρήνους,
960 3733 1050 3788 καὶ
1095 3739 1197 3803 τῆς
1244 3733 1559 3788 νεοκτίστου
1592 3739 1703 3809 (48)
1760 3739 1967 3811 ψυχῆς,

318 3829 384 3891 ἦν
432 3822 496 3876 τὸ
543 3826 763 3895 Πνεῦμα
811 3820 882 3877 δι’
930 3820 1124 3885 ὕδατος
1164 3822 1564 3901 ἀνεμόρφωσεν,
1598 3823 1717 3895 ἄξια
1745 3824 1812 3878 τὰ
1840 3824 1972 3900 γέρα

316 3909 719 3986 καρπούμενος.

396 4001 481 4068 lC.
521 3995 692 4054 Τοῦτό
741 4018 849 4068 σοι,
899 4000 1177 4075 Καισάριε,
1226 4002 1354 4075 παρ’
1402 3999 1537 4074 ἐμοῦ
1591 4000 1653 4055 τὸ
1702 3999 1968 4079 ἐντάφιον·

316 4086 473 4143 αὗται
530 4093 638 4144 τῶν
696 4087 843 4162 ἐμῶν
897 4088 1076 4164 λόγῶν
1125 4088 1181 4142 αἱ
1228 4088 1472 4165 ἀπαρχαὶ
1523 4088 1615 4151 οὓς
1660 4091 1969 4165 κρυπτομέ-

316 4198 443 4239 νους
510 4175 782 4239 πολλάκις
848 4176 1224 4250 πεμψάμενος,
1293 4176 1379 4233 ἐπὶ
1456 4177 1673 4232 σεαυτὸν
1746 4180 1968 4253 γυμνώ-

320 4288 429 4321 σειν
481 4269 593 4339 (49)
642 4265 891 4338 ἔμελλες.
937 4267 1105 4328 Οὗτος
1156 4267 1184 4320 ὁ
1214 4268 1340 4340 παρ’
1371 4265 1504 4339 ἐμοῦ
1534 4266 1758 4340 κόσμος’
1798 4269 1881 4322 σοὶ
1916 4266 1972 4323 δὲ

321 4354 533 4427 κόσμου
579 4355 797 4421 παντὸς,
850 4354 905 4408 εὗ
952 4352 1093 4424 οἴδα,
1149 4352 1410 4431 φίλτατος
1467 4358 1599 4430 (50),
1661 4356 1721 4410 οὐ
1789 4361 1968 4432 σηρῶν

322 4434 699 4511 περιβρόοντα,
749 4439 842 4489 καῖ
893 4433 1110 4507 μαλακὰ
1155 4436 1392 4506 νήματα,
1445 4436 1527 4496 οἷς
1578 4433 1703 4490 οὐδὲ
1768 4438 1969 4511 περιὼν

323 4523 543 4599 ἔχαιρες
572 4524 709 4578 κατὰ
733 4524 862 4585 τοὺς
890 4521 1159 4592 πολλοὺς,
1194 4524 1356 4599 ἀρετῇ
1390 4544 1527 4597 μονῃ
1572 4525 1970 4599 κοσμούμενος,

324 4609 453 4666 οὐδὲ
513 4610 665 4666 λίνου
725 4609 1012 4689 διαφανοῦς
1072 4612 1380 4689 ὑφᾶσματα,
1429 4609 1555 4667 οὐδὲ
1590 4612 1774 4689 μύρων
1807 4612 1977 4670 πολυ-

389 4863 509 4944 (lii)
556 4864 818 4944 Fugaci},
855 4867 982 4944 .etc.
1044 4864 1231 4944 Locus
1283 4863 1421 4944 ista,
1468 4865 1542 4944 _in
1589 4866 1742 4944 _Reg.
1795 4867 1875 4923 hu
1918 4871 1977 4944 et

316 4933 494 5011 Coisl.
626 4934 709 4990 sic
754 4933 970 5011 legitur
1010 4951 1022 4988 :
1076 4937 1363 5011 Estquoﬁ_,_
1394 4933 1719 5011 καὶ-πᾶσαν
1775 4941 1973 5011 μικροῦ

317 5005 420 5080 τὴν
471 5002 634 5059 πόλιν
692 5002 1130 5080 κατενεγκαντος,
1186 5002 1246 5067 ὃς
1300 5002 1373 5080 δὴ
1426 5002 1821 5080 χαλεπώτατος
1866 5002 1971 5063 τῶν

314 5075 546 5129 πώποτε
578 5075 1073 5149 μνημονευομένων
1128 5078 1402 5153 γεγονέναι
1432 5075 1690 5154 λέγεται.
1739 5084 1975 5155 Μικροῦ,

318 5156 434 5202 etc.

538 5218 908 5305 ξινουμὲνων.
950 5220 1054 5305 9r.
1113 5222 1171 5305 1,.
1212 5218 1503 5305 κινξύνωνἰ
1554 5246 1578 5272 ιε
1617 5222 1976 5305 periculis“?

328 5286 501 5373 Μίρὂ
535 5286 659 5343 Οὐδ’
691 5286 912 5344 ἄλλοτε.
948 5292 1123 5364 Regg.
1158 5293 1279 5360 bm,
1313 5293 1415 5362 hu,
1464 5293 1559 5349 Or.
1596 5286 1646 5362 1-,
1680 5296 1795 5350 les.
1852 5290 1979 5347 οὐδὲ

324 5358 552 5416 ἄλλοτε.
1034 5358 1101 5364 ⁷⁷
1269 5358 1274 5360 ⁷

397 5434 512 5503 (44)
544 5429 655 5485 Ούκ
685 5428 781 5504 ἔτι.
826 5432 966 5504 Reg.
1002 5434 1103 5501 hu,
1136 5432 1336 5488 οὐκέτι.

400 5501 967 5574 (45)Ἀποσέσωσταῖ.
1024 5504 1163 5574 Hic,
1223 5505 1296 5559 de
1350 5508 1579 5561 Caesarii
1638 5505 1863 5563 exuviis
1919 5507 1979 5562 in

327 5575 581 5658 patriam
597 5576 637 5657 .d
647 5575 836 5658 elatis,
851 5592 1041 5658 sermo
1062 5581 1170 5631 est.
1196 5577 1415 5658 Itaque,
1431 5576 1981 5658 dmeécwe-tatjdem

328 5653 425 5722 est
452 5663 521 5701 ac
561 5647 609 5702 si
652 5647 945 5703 diceretur
974 5664 988 5700 :
1043 5670 1071 5697 ‹‹
1103 5664 1138 5703 a
1176 5647 1346 5703 nobis
1376 5654 1647 5722 receptus
1675 5655 1768 5709 est
1792 5650 1982 5709 Cassa-

332 5719 483 5774 rius.

2006 4576 2053 4641 D

2080 3372 2191 3429 sibi
2215 3370 2665 3427 succedentibus
2685 3370 2995 3438 deductus,
3020 3370 3087 3423 ad
3122 3373 3446 3441 martyrum
3470 3371 3730 3426 sacraria

2080 3478 2213 3518 cum
2233 3459 2917 3533 pompaductus,sanctis
2936 3464 3241 3529 parentum
3262 3459 3535 3514 manibus
3554 3460 3731 3515 hono-

2079 3557 2266 3617 ratus,
2290 3555 2474 3605 matre
2498 3548 2749 3603 candida
2773 3552 2929 3602 veste
2959 3547 3169 3602 induta
3197 3547 3470 3619 pietatem
3497 3548 3728 3603 maerori

2080 3639 2473 3712 subrogante,
2535 3637 2810 3710 lacrymis
2871 3654 2904 3691 a
2962 3635 3334 3707 philosophia
3391 3638 3725 3708 superatis,

2082 3727 2424 3801 psalmodiis
2456 3728 2678 3782 luctum
2712 3724 3074 3794 sedantibus,
3123 3742 3189 3780 ao
3240 3725 3488 3796 denique
3519 3726 3727 3797 dignos

2081 3818 2278 3873 anima
2298 3831 2500 3872 recens
2521 3818 2733 3880 creata,
2758 3830 2934 3884 quam
2958 3814 3213 3885 Spiritus
3237 3829 3337 3884 per
3362 3815 3721 3885 baptismum

2080 3905 2434 3970 reformavit,
2465 3904 2714 3958 honores
2748 3902 3092 3974 percipiens.

2151 3994 2291 4049 XVI.
2329 3994 2442 4048 Hoc
2494 3992 2600 4047 tibi
2659 4008 2693 4046 a
2739 4006 2852 4059 me,
2903 3989 3134 4060 Caesari,
3167 3990 3408 4046 funebre
3456 4007 3720 4047 munus:

2079 4084 2167 4139 hae
2188 4097 2451 4138 meorum
2471 4079 2740 4152 primitiae
2758 4095 3117 4149 sermonum,
3133 4094 3281 4149 quos
3299 4078 3578 4135 occultari
3604 4098 3728 4152 per-

2081 4189 2230 4244 sazpe
2254 4175 2517 4243 questus,
2543 4170 2602 4222 in
2633 4172 2688 4223 te
2714 4168 2906 4239 ipsum
2940 4167 3274 4223 detecturus
3299 4182 3449 4224 eras.
3474 4168 3590 4224 Hoc
3624 4169 3727 4225 tibi

2081 4279 2116 4317 a
2160 4276 2252 4315 me
2299 4260 2749 4323 ornamentum;
2801 4256 2906 4311 tibi
2960 4256 3218 4326 quidem,
3272 4261 3362 4312 sat
3392 4258 3533 4329 scio,
3566 4258 3725 4314 omni

2082 4353 2424 4407 ornamento
2455 4346 2709 4411 charius,
2749 4362 2864 4399 non
2916 4345 3112 4401 sericae
3163 4361 3226 4400 ac
3276 4343 3481 4402 molles
3515 4352 3573 4403 et
3619 4346 3727 4403 cir-

2082 4438 2468 4495 cumﬂuentes
2489 4433 2636 4503 telae,
2660 4435 2875 4506 quibus
2899 4449 3024 4501 nec,
3053 4435 3192 4489 dum
3216 4435 3406 4490 adhuc
3430 4440 3728 4508 superstes

2084 4542 2262 4594 esses,
2298 4524 2618 4580 multorum
2665 4539 2823 4577 more
2854 4522 3256 4591 delectabaris,
3291 4528 3489 4595 utpote
3518 4526 3731 4581 virtute

2086 4616 2213 4673 sola
2232 4619 2495 4681 ornatus,
2520 4628 2625 4669 nec
2646 4611 2749 4667 lini
2773 4611 3048 4685 pellucidi
3072 4617 3355 4681 texturas,
3386 4630 3490 4669 nec
3520 4614 3732 4686 pretio-

2156 4865 2267 4936 (46)
2297 4864 2544 4936 Ὕμνοιῆ
2590 4865 2700 4917 etc.
2732 4860 2983 4917 Billius:
3035 4877 3163 4916 «ex
3213 4861 3446 4932 hymnis
3500 4861 3570 4916 ad
3629 4860 3733 4934 hy-

2085 4933 2257 4992 mnos
2294 4933 2709 4989 transmissus.
2739 4952 2768 4984 ι

2156 5008 2266 5079 (47)
2297 5002 2517 5078 Μητρὸς
2550 5000 2963 5078 λαμπροφορίᾳ,
2993 5006 3104 5079 etc.
3154 5000 3358 5079 Biilius
3403 5003 3681 5059 vertendo
3714 5022 3728 5079 ς

2086 5102 2113 5130 ‹‹
2150 5073 2433 5134 materna
2458 5073 2755 5132 cereorum
2792 5073 3145 5145 gestatione,
3191 5073 3463 5145 pietatem
3496 5076 3730 5131 maerori

2087 5152 2463 5231 subrogante,
2490 5172 2514 5197 ››
2542 5148 2774 5231 videtur
2794 5140 3023 5231 legisse,
3049 5140 3497 5231 λαμπαδηφορίᾳ.
3526 5146 3733 5231 γει-μαι

2086 5245 2117 5273 ‹‹
2149 5218 2398 5277 vestium
2449 5220 2751 5284 candor,»
2807 5219 2880 5272 ob
2930 5233 3090 5284 spem
3138 5218 3599 5286 resurrectionis,
3640 5219 3735 5273 hic

2090 5299 2243 5349 certe
2284 5293 2477 5363 potius
2527 5292 2696 5363 debet
2750 5288 3017 5363 intelligi,
3070 5304 3245 5363 quam
3301 5289 3476 5343 unius
3532 5308 3554 5335 α
3590 5289 3737 5343 cerei

2089 5360 2364 5435 taedaeque
2396 5362 2679 5435 gestatio;
2719 5384 2737 5407 υ
2795 5360 2973 5430 idque
3003 5375 3109 5435 vo_x
3142 5360 3267 5429 ipsa
3298 5366 3484 5413 sonat.

2162 5430 2423 5507 (48)“Τῆς’
2444 5430 2800 5507 -νεοκτίστου,
2823 5437 2932 5507 etc.
2986 5452 3015 5481 «
3046 5431 3128 5486 0b
3161 5447 3361 5486 recens
3392 5435 3736 5501 susceptum

2092 5502 2406 5575 baptisma,
2444 5504 2623 5575 hujus
2652 5502 2845 5575 aetatis
2867 5503 3003 5558 ritu.
3037 5524 3065 5552 ››

2188 5579 2275 5648 49)
2330 5570 2657 5648 Γυμνιίῖσειν.
2698 5573 2935 5648 ‘Mul‘let
2961 5572 3363 5648 Combeiisius,
3422 5570 3733 5648 ‘fuyvo'ws‘w.

2163 5595 2275 5648 (λιν)
2333 5595 2399 5628 ιύ
2449 5595 2657 5629 νωσειν.
2717 5595 2911 5629 manet
2961 5595 3363 5643 UOIDDBUSIUS,
3422 5595 3733 5644 γυμνασειν.

2334 5595 2626 5708 Φίλτατος.
2685 5644 2859 5702 Cois].
2918 5646 2967 5713 1,
3025 5644 3373 5718 τιμιώτερος,
3438 5650 3470 5694 ιτ
3524 5642 3737 5715 pretio-

2094 5736 2240 5777 81118.
2276 5741 2306 5770 υ
