  <div class='ocr_page' id='page_1' title='image "/cluster/home/n/w/nwhite01/storage/ocr_20150623/35/mdp.39015012934389/398.png"; bbox 0 0 4146 6290; ppageno 0'>
   <div class='ocr_carea' id='block_1_1' title="bbox 416 454 538 515">
    <p class='ocr_par' dir='ltr' id='par_1_1' title="bbox 416 454 538 515">
     <span class='ocr_line' id='line_1_1' title="bbox 416 454 538 515; baseline -0.016 -1"><span class='ocrx_word' id='word_1_1' title='bbox 416 454 538 515; x_wconf 82' lang='lat'><strong>785</strong></span> 
     </span>
    </p>
   </div>
   <div class='ocr_carea' id='block_1_2' title="bbox 1201 452 3042 515">
    <p class='ocr_par' dir='ltr' id='par_1_2' title="bbox 1201 452 3042 515">
     <span class='ocr_line' id='line_1_2' title="bbox 1201 452 3042 515; baseline -0.003 -1"><span class='ocrx_word' id='word_1_2' title='bbox 1201 452 1492 514; x_wconf 81' lang='lat' dir='ltr'>ORATIO</span> <span class='ocrx_word' id='word_1_3' title='bbox 1536 453 1670 512; x_wconf 85' lang='lat' dir='ltr'>VII.</span> <span class='ocrx_word' id='word_1_4' title='bbox 1704 484 1783 498; x_wconf 92' lang='lat'>—-</span> <span class='ocrx_word' id='word_1_5' title='bbox 1810 452 1889 512; x_wconf 87' lang='lat' dir='ltr'><strong>IN</strong></span> <span class='ocrx_word' id='word_1_6' title='bbox 1933 453 2250 515; x_wconf 82' lang='lat' dir='ltr'>LAUDEM</span> <span class='ocrx_word' id='word_1_7' title='bbox 2299 452 2633 513; x_wconf 72' lang='lat' dir='ltr'>CAESARI]</span> <span class='ocrx_word' id='word_1_8' title='bbox 2680 452 3042 512; x_wconf 79' lang='lat' dir='ltr'>FRATRIS.</span> 
     </span>
    </p>
   </div>
   <div class='ocr_carea' id='block_1_3' title="bbox 3709 448 3827 508">
    <p class='ocr_par' dir='ltr' id='par_1_3' title="bbox 3709 448 3827 508">
     <span class='ocr_line' id='line_1_3' title="bbox 3709 448 3827 508; baseline 0.025 -3"><span class='ocrx_word' id='word_1_9' title='bbox 3709 448 3827 508; x_wconf 77' lang='lat'>786</span> 
     </span>
    </p>
   </div>
   <div class='ocr_carea' id='block_1_4' title="bbox 419 577 2078 656">
    <p class='ocr_par' dir='ltr' id='par_1_4' title="bbox 419 577 2072 656">
     <span class='ocr_line' id='line_1_4' title="bbox 419 577 2072 656; baseline -0.001 -20"><span class='ocrx_word' id='word_1_10' title='bbox 419 604 531 656; x_wconf 86' lang='grc' dir='ltr'>ειμι</span> <span class='ocrx_word' id='word_1_11' title='bbox 559 602 570 613; x_wconf 94' lang='grc'><strong>·</strong></span> <span class='ocrx_word' id='word_1_12' title='bbox 608 582 699 635; x_wconf 77' lang='grc' dir='ltr'>καὶ</span> <span class='ocrx_word' id='word_1_13' title='bbox 729 579 828 636; x_wconf 78' lang='grc' dir='ltr'>οὐκ</span> <span class='ocrx_word' id='word_1_14' title='bbox 856 580 916 651; x_wconf 82' lang='grc' dir='ltr'>ἐᾷ</span> <span class='ocrx_word' id='word_1_15' title='bbox 951 601 1017 654; x_wconf 89' lang='grc' dir='ltr'>με</span> <span class='ocrx_word' id='word_1_16' title='bbox 1045 582 1291 636; x_wconf 79' lang='grc' dir='ltr'>ἀναπνεῖν</span> <span class='ocrx_word' id='word_1_17' title='bbox 1323 582 1359 650; x_wconf 82' lang='grc' dir='ltr'>ἠ</span> <span class='ocrx_word' id='word_1_18' title='bbox 1400 580 1597 644; x_wconf 84' lang='grc' dir='ltr'>ἐκεῖθεν</span> <span class='ocrx_word' id='word_1_19' title='bbox 1658 577 1804 651; x_wconf 81' lang='grc' dir='ltr'>δόξα,</span> <span class='ocrx_word' id='word_1_20' title='bbox 1857 580 1947 634; x_wconf 89' lang='grc' dir='ltr'>καὶ</span> <span class='ocrx_word' id='word_1_21' title='bbox 2005 582 2072 634; x_wconf 77' lang='grc' dir='ltr'>τὰ</span> 
     </span>
    </p>
   </div>
   <div class='ocr_carea' id='block_1_5' title="bbox 2195 577 3833 656">
    <p class='ocr_par' dir='ltr' id='par_1_5' title="bbox 2195 578 3833 649">
     <span class='ocr_line' id='line_1_5' title="bbox 2195 578 3833 649; baseline -0.002 -11"><span class='ocrx_word' id='word_1_22' title='bbox 2195 586 2367 638; x_wconf 77' lang='lat' dir='ltr'>morte</span> <span class='ocrx_word' id='word_1_23' title='bbox 2390 581 2872 649; x_wconf 91' lang='lat' dir='ltr'>moriamur,cum</span> <span class='ocrx_word' id='word_1_24' title='bbox 2893 581 2974 637; x_wconf 92' lang='lat' dir='ltr'>dii</span> <span class='ocrx_word' id='word_1_25' title='bbox 3006 581 3139 638; x_wconf 84' lang='lat' dir='ltr'>facti</span> <span class='ocrx_word' id='word_1_26' title='bbox 3172 580 3396 636; x_wconf 84' lang='lat' dir='ltr'>simus?</span> <span class='ocrx_word' id='word_1_27' title='bbox 3419 578 3521 636; x_wconf 88' lang='lat' dir='ltr'>Hic</span> <span class='ocrx_word' id='word_1_28' title='bbox 3541 596 3635 636; x_wconf 92' lang='lat' dir='ltr'>me</span> <span class='ocrx_word' id='word_1_29' title='bbox 3654 580 3833 635; x_wconf 81' lang='lat' dir='ltr'>timor</span> 
     </span>
    </p>
   </div>
   <div class='ocr_carea' id='block_1_6' title="bbox 417 668 2073 746">
    <p class='ocr_par' dir='ltr' id='par_1_6' title="bbox 417 668 2073 746">
     <span class='ocr_line' id='line_1_6' title="bbox 417 668 2073 746; baseline -0.002 -21"><span class='ocrx_word' id='word_1_30' title='bbox 417 671 585 725; x_wconf 77' lang='grc' dir='ltr'>ἐκεῖσε</span> <span class='ocrx_word' id='word_1_31' title='bbox 616 669 1008 742; x_wconf 73' lang='grc' dir='ltr'>δικαιωτήριαο</span> <span class='ocrx_word' id='word_1_32' title='bbox 1047 671 1121 722; x_wconf 78' lang='grc' dir='ltr'>ὢν</span> <span class='ocrx_word' id='word_1_33' title='bbox 1163 677 1263 738; x_wconf 81' lang='grc' dir='ltr'>τῆς</span> <span class='ocrx_word' id='word_1_34' title='bbox 1327 670 1419 741; x_wconf 73' lang='grc' dir='ltr'>μὲν</span> <span class='ocrx_word' id='word_1_35' title='bbox 1481 669 1693 746; x_wconf 75' lang='grc' dir='ltr'>ἐφίεμαι</span> <span class='ocrx_word' id='word_1_36' title='bbox 1758 670 1925 742; x_wconf 70' lang='grc' dir='ltr'>μέχρι</span> <span class='ocrx_word' id='word_1_37' title='bbox 1982 668 2073 722; x_wconf 82' lang='lat' dir='ltr'>xui</span> 
     </span>
    </p>
   </div>
   <div class='ocr_carea' id='block_1_7' title="bbox 416 756 2071 833">
    <p class='ocr_par' dir='ltr' id='par_1_7' title="bbox 416 756 2071 833">
     <span class='ocr_line' id='line_1_7' title="bbox 416 756 2071 833; baseline -0.002 -19"><span class='ocrx_word' id='word_1_38' title='bbox 416 765 512 814; x_wconf 72' lang='grc' dir='ltr'>τοῦ</span> <span class='ocrx_word' id='word_1_39' title='bbox 553 762 627 833; x_wconf 91' lang='grc'>(3)</span> <span class='ocrx_word' id='word_1_40' title='bbox 677 757 926 813; x_wconf 74' lang='grc' dir='ltr'>δύνασθαι</span> <span class='ocrx_word' id='word_1_41' title='bbox 980 756 1157 829; x_wconf 73' lang='grc' dir='ltr'>λέγειν</span> <span class='ocrx_word' id='word_1_42' title='bbox 1190 778 1200 789; x_wconf 94' lang='grc'><strong>·</strong></span> <span class='ocrx_word' id='word_1_43' title='bbox 1249 756 1514 812; x_wconf 85' lang='grc' dir='ltr'>Ἐκλείπει</span> <span class='ocrx_word' id='word_1_44' title='bbox 1564 758 1641 819; x_wconf 85' lang='grc' dir='ltr'>εἷς</span> <span class='ocrx_word' id='word_1_45' title='bbox 1692 758 1755 813; x_wconf 89' lang='grc' dir='ltr'>τὸ</span> <span class='ocrx_word' id='word_1_46' title='bbox 1801 756 2071 832; x_wconf 82' lang='grc' dir='ltr'>σωτήριόν</span> 
     </span>
    </p>
   </div>
   <div class='ocr_carea' id='block_1_8' title="bbox 422 844 2072 923">
    <p class='ocr_par' dir='ltr' id='par_1_8' title="bbox 422 844 2072 923">
     <span class='ocr_line' id='line_1_8' title="bbox 422 844 2072 923; baseline -0.001 -21"><span class='ocrx_word' id='word_1_47' title='bbox 422 870 516 903; x_wconf 83' lang='grc' dir='ltr'>σου</span> <span class='ocrx_word' id='word_1_48' title='bbox 586 851 621 917; x_wconf 72' lang='grc' dir='ltr'>ἡ</span> <span class='ocrx_word' id='word_1_49' title='bbox 672 849 823 922; x_wconf 78' lang='grc' dir='ltr'>ψυχή</span> <span class='ocrx_word' id='word_1_50' title='bbox 906 868 1033 919; x_wconf 87' lang='grc' dir='ltr'>μου,</span> <span class='ocrx_word' id='word_1_51' title='bbox 1089 847 1155 901; x_wconf 80' lang='grc' dir='ltr'>τὰ</span> <span class='ocrx_word' id='word_1_52' title='bbox 1214 844 1271 900; x_wconf 75' lang='grc' dir='ltr'>δὲ</span> <span class='ocrx_word' id='word_1_53' title='bbox 1327 846 1531 923; x_wconf 79' lang='grc' dir='ltr'>φρίττω</span> <span class='ocrx_word' id='word_1_54' title='bbox 1589 848 1678 900; x_wconf 85' lang='grc' dir='ltr'>καὶ</span> <span class='ocrx_word' id='word_1_55' title='bbox 1736 846 2072 922; x_wconf 74' lang='grc' dir='ltr'>ἀποστρέφο-</span> 
     </span>
    </p>
   </div>
   <div class='ocr_carea' id='block_1_9' title="bbox 424 932 2073 1010">
    <p class='ocr_par' dir='ltr' id='par_1_9' title="bbox 424 932 2073 1010">
     <span class='ocr_line' id='line_1_9' title="bbox 424 932 2073 1010; baseline -0.001 -20"><span class='ocrx_word' id='word_1_56' title='bbox 424 959 540 1010; x_wconf 86' lang='grc' dir='ltr'>μαι.</span> <span class='ocrx_word' id='word_1_57' title='bbox 594 939 797 991; x_wconf 79' lang='grc' dir='ltr'>Ἐκεῖνο</span> <span class='ocrx_word' id='word_1_58' title='bbox 855 934 911 990; x_wconf 75' lang='grc' dir='ltr'>δὶ</span> <span class='ocrx_word' id='word_1_59' title='bbox 960 935 1020 989; x_wconf 79' lang='grc' dir='ltr'>οὐ</span> <span class='ocrx_word' id='word_1_60' title='bbox 1072 932 1307 1002; x_wconf 82' lang='grc' dir='ltr'>δέδοικα,</span> <span class='ocrx_word' id='word_1_61' title='bbox 1361 938 1434 1007; x_wconf 83' lang='grc' dir='ltr'>μή</span> <span class='ocrx_word' id='word_1_62' title='bbox 1493 936 1671 1008; x_wconf 84' lang='grc' dir='ltr'>μοιτὸ</span> <span class='ocrx_word' id='word_1_63' title='bbox 1704 939 1863 1008; x_wconf 80' lang='grc' dir='ltr'>σῶμα</span> <span class='ocrx_word' id='word_1_64' title='bbox 1890 939 2073 1003; x_wconf 76' lang='grc' dir='ltr'>τοῦτο,</span> 
     </span>
    </p>
   </div>
   <div class='ocr_carea' id='block_1_10' title="bbox 422 1022 2075 1101">
    <p class='ocr_par' dir='ltr' id='par_1_10' title="bbox 422 1022 2075 1101">
     <span class='ocr_line' id='line_1_10' title="bbox 422 1022 2075 1101; baseline 0 -22"><span class='ocrx_word' id='word_1_65' title='bbox 422 1023 675 1101; x_wconf 71' lang='grc' dir='ltr'>διαῤῥυὶν</span> <span class='ocrx_word' id='word_1_66' title='bbox 752 1023 842 1079; x_wconf 81' lang='grc' dir='ltr'>καί</span> <span class='ocrx_word' id='word_1_67' title='bbox 912 1022 1222 1100; x_wconf 73' lang='grc' dir='ltr'>διαφθαρὲν,</span> <span class='ocrx_word' id='word_1_68' title='bbox 1293 1022 1573 1086; x_wconf 81' lang='grc' dir='ltr'>παντελῶς</span> <span class='ocrx_word' id='word_1_69' title='bbox 1640 1024 1938 1099; x_wconf 75' lang='grc' dir='ltr'>οἷχήσηται</span> <span class='ocrx_word' id='word_1_70' title='bbox 1998 1025 2075 1096; x_wconf 88' lang='grc'>(4)</span> 
     </span>
    </p>
   </div>
   <div class='ocr_carea' id='block_1_11' title="bbox 422 1108 2072 1186">
    <p class='ocr_par' dir='ltr' id='par_1_11' title="bbox 422 1108 2072 1186">
     <span class='ocr_line' id='line_1_11' title="bbox 422 1108 2072 1186; baseline -0.002 -18"><span class='ocrx_word' id='word_1_71' title='bbox 422 1113 566 1169; x_wconf 77' lang='grc' dir='ltr'>ἀλλὰ</span> <span class='ocrx_word' id='word_1_72' title='bbox 628 1116 702 1186; x_wconf 84' lang='grc' dir='ltr'>μὴ</span> <span class='ocrx_word' id='word_1_73' title='bbox 756 1114 819 1168; x_wconf 87' lang='grc' dir='ltr'>τὸ</span> <span class='ocrx_word' id='word_1_74' title='bbox 874 1117 970 1167; x_wconf 79' lang='grc' dir='ltr'>τοῦ</span> <span class='ocrx_word' id='word_1_75' title='bbox 1028 1118 1161 1167; x_wconf 82' lang='grc' dir='ltr'>Θεοῦ</span> <span class='ocrx_word' id='word_1_76' title='bbox 1207 1111 1433 1186; x_wconf 82' lang='grc' dir='ltr'>πλάσμα</span> <span class='ocrx_word' id='word_1_77' title='bbox 1478 1113 1540 1166; x_wconf 87' lang='grc' dir='ltr'>τὸ</span> <span class='ocrx_word' id='word_1_78' title='bbox 1588 1110 1798 1183; x_wconf 77' lang='grc' dir='ltr'>ἔνδοξον</span> <span class='ocrx_word' id='word_1_79' title='bbox 1841 1108 2072 1185; x_wconf 75' lang='grc' dir='ltr'>(ἔνδοξον</span> 
     </span>
    </p>
   </div>
   <div class='ocr_carea' id='block_1_12' title="bbox 436 1199 2074 1279">
    <p class='ocr_par' dir='ltr' id='par_1_12' title="bbox 436 1199 2074 1279">
     <span class='ocr_line' id='line_1_12' title="bbox 436 1199 2074 1279; baseline -0.004 -21"><span class='ocrx_word' id='word_1_80' title='bbox 436 1204 538 1279; x_wconf 68' lang='grc' dir='ltr'>γὰρ</span> <span class='ocrx_word' id='word_1_81' title='bbox 595 1203 912 1278; x_wconf 76' lang='grc' dir='ltr'>κατορθοῦν,</span> <span class='ocrx_word' id='word_1_82' title='bbox 978 1201 1157 1255; x_wconf 79' lang='grc' dir='ltr'>ὥσπεο</span> <span class='ocrx_word' id='word_1_83' title='bbox 1232 1202 1424 1273; x_wconf 83' lang='grc' dir='ltr'>ἄτιμον</span> <span class='ocrx_word' id='word_1_84' title='bbox 1494 1201 1846 1275; x_wconf 76' lang='grc' dir='ltr'>ἁμαρτάνον),</span> <span class='ocrx_word' id='word_1_85' title='bbox 1908 1199 1958 1253; x_wconf 87' lang='grc' dir='ltr'>ἐν</span> <span class='ocrx_word' id='word_1_86' title='bbox 2028 1201 2074 1271; x_wconf 84' lang='grc' dir='ltr'>ᾦ</span> 
     </span>
    </p>
   </div>
   <div class='ocr_carea' id='block_1_13' title="bbox 422 1288 2072 1365">
    <p class='ocr_par' dir='ltr' id='par_1_13' title="bbox 422 1288 2072 1365">
     <span class='ocr_line' id='line_1_13' title="bbox 422 1288 2072 1365; baseline -0.003 -18"><span class='ocrx_word' id='word_1_87' title='bbox 422 1291 609 1365; x_wconf 83' lang='grc' dir='ltr'>λόγος,</span> <span class='ocrx_word' id='word_1_88' title='bbox 642 1292 832 1363; x_wconf 78' lang='grc' dir='ltr'>νόμος,</span> <span class='ocrx_word' id='word_1_89' title='bbox 868 1290 1046 1356; x_wconf 86' lang='grc' dir='ltr'>ἐλπὶς,</span> <span class='ocrx_word' id='word_1_90' title='bbox 1078 1292 1175 1357; x_wconf 83' lang='grc' dir='ltr'>τήν</span> <span class='ocrx_word' id='word_1_91' title='bbox 1208 1289 1371 1358; x_wconf 72' lang='grc' dir='ltr'>αὐτὴν</span> <span class='ocrx_word' id='word_1_92' title='bbox 1418 1296 1535 1350; x_wconf 85' lang='grc' dir='ltr'>τοῖς</span> <span class='ocrx_word' id='word_1_93' title='bbox 1583 1288 1813 1364; x_wconf 77' lang='grc' dir='ltr'>ἀλόγοις</span> <span class='ocrx_word' id='word_1_94' title='bbox 1852 1288 2072 1361; x_wconf 78' lang='grc' dir='ltr'>ἀτιμίαν</span> 
     </span>
    </p>
   </div>
   <div class='ocr_carea' id='block_1_14' title="bbox 421 1375 2070 1455">
    <p class='ocr_par' dir='ltr' id='par_1_14' title="bbox 421 1375 2070 1455">
     <span class='ocr_line' id='line_1_14' title="bbox 421 1375 2070 1455; baseline -0.003 -20"><span class='ocrx_word' id='word_1_95' title='bbox 421 1384 744 1455; x_wconf 80' lang='grc' dir='ltr'>κατακριθῇ,</span> <span class='ocrx_word' id='word_1_96' title='bbox 794 1383 883 1433; x_wconf 90' lang='grc' dir='ltr'><strong>καί</strong></span> <span class='ocrx_word' id='word_1_97' title='bbox 938 1376 1105 1450; x_wconf 75' lang='grc' dir='ltr'>μηδὲν</span> <span class='ocrx_word' id='word_1_98' title='bbox 1155 1377 1321 1433; x_wconf 86' lang='grc' dir='ltr'>πλέον</span> <span class='ocrx_word' id='word_1_99' title='bbox 1372 1378 1407 1451; x_wconf 75' lang='grc' dir='ltr'><strong>ᾖ</strong></span> <span class='ocrx_word' id='word_1_100' title='bbox 1459 1378 1593 1450; x_wconf 88' lang='grc' dir='ltr'>μετὰ</span> <span class='ocrx_word' id='word_1_101' title='bbox 1637 1379 1737 1445; x_wconf 80' lang='grc' dir='ltr'>τὴν</span> <span class='ocrx_word' id='word_1_102' title='bbox 1771 1375 2070 1449; x_wconf 77' lang='grc' dir='ltr'>διάζευξιν·</span> 
     </span>
    </p>
   </div>
   <div class='ocr_carea' id='block_1_15' title="bbox 422 1463 2074 1545">
    <p class='ocr_par' dir='ltr' id='par_1_15' title="bbox 422 1463 2074 1545">
     <span class='ocr_line' id='line_1_15' title="bbox 422 1463 2074 1545; baseline -0.002 -23"><span class='ocrx_word' id='word_1_103' title='bbox 422 1470 495 1531; x_wconf 87' lang='grc' dir='ltr'>ὡς</span> <span class='ocrx_word' id='word_1_104' title='bbox 544 1463 740 1545; x_wconf 76' lang='grc' dir='ltr'>ὄφελόν</span> <span class='ocrx_word' id='word_1_105' title='bbox 789 1488 853 1542; x_wconf 91' lang='grc' dir='ltr'>γε</span> <span class='ocrx_word' id='word_1_106' title='bbox 897 1472 1015 1529; x_wconf 88' lang='grc' dir='ltr'>τοῖς</span> <span class='ocrx_word' id='word_1_107' title='bbox 1060 1471 1350 1542; x_wconf 81' lang='grc' dir='ltr'>πονηροῖς,</span> <span class='ocrx_word' id='word_1_108' title='bbox 1396 1466 1485 1520; x_wconf 87' lang='grc' dir='ltr'>καὶ</span> <span class='ocrx_word' id='word_1_109' title='bbox 1532 1470 1629 1520; x_wconf 77' lang='grc' dir='ltr'>τοῦ</span> <span class='ocrx_word' id='word_1_110' title='bbox 1678 1465 1874 1520; x_wconf 78' lang='grc' dir='ltr'>ἐκεῖθεν</span> <span class='ocrx_word' id='word_1_111' title='bbox 1907 1466 2074 1540; x_wconf 86' lang='grc' dir='ltr'>πυρὸς</span> 
     </span>
    </p>
   </div>
   <div class='ocr_carea' id='block_1_16' title="bbox 424 1556 611 1627">
    <p class='ocr_par' dir='ltr' id='par_1_16' title="bbox 424 1556 611 1627">
     <span class='ocr_line' id='line_1_16' title="bbox 424 1556 611 1627; baseline -0.005 -16"><span class='ocrx_word' id='word_1_112' title='bbox 424 1556 611 1627; x_wconf 79' lang='grc' dir='ltr'>ἄξίοις.</span> 
     </span>
    </p>
   </div>
   <div class='ocr_carea' id='block_1_17' title="bbox 2184 670 3834 741">
    <p class='ocr_par' dir='ltr' id='par_1_17' title="bbox 2184 670 3834 741">
     <span class='ocr_line' id='line_1_17' title="bbox 2184 670 3834 741; baseline -0.001 -16"><span class='ocrx_word' id='word_1_113' title='bbox 2184 671 2457 741; x_wconf 81' lang='lat' dir='ltr'>exagitat,</span> <span class='ocrx_word' id='word_1_114' title='bbox 2491 670 2583 725; x_wconf 89' lang='lat' dir='ltr'>hic</span> <span class='ocrx_word' id='word_1_115' title='bbox 2613 670 2736 726; x_wconf 89' lang='lat' dir='ltr'>dies</span> <span class='ocrx_word' id='word_1_116' title='bbox 2768 675 3085 740; x_wconf 88' lang='lat' dir='ltr'>noctesque</span> <span class='ocrx_word' id='word_1_117' title='bbox 3135 686 3366 725; x_wconf 89' lang='lat' dir='ltr'>mecum</span> <span class='ocrx_word' id='word_1_118' title='bbox 3395 672 3694 735; x_wconf 81' lang='lat' dir='ltr'>versatur;</span> <span class='ocrx_word' id='word_1_119' title='bbox 3729 685 3834 724; x_wconf 83' lang='lat' dir='ltr'>nec</span> 
     </span>
    </p>
   </div>
   <div class='ocr_carea' id='block_1_18' title="bbox 2186 757 3836 831">
    <p class='ocr_par' dir='ltr' id='par_1_18' title="bbox 2186 757 3836 831">
     <span class='ocr_line' id='line_1_18' title="bbox 2186 757 3836 831; baseline 0 -18"><span class='ocrx_word' id='word_1_120' title='bbox 2186 776 2279 815; x_wconf 91' lang='lat' dir='ltr'>me</span> <span class='ocrx_word' id='word_1_121' title='bbox 2312 760 2559 815; x_wconf 89' lang='lat' dir='ltr'>liberum</span> <span class='ocrx_word' id='word_1_122' title='bbox 2612 760 2889 831; x_wconf 84' lang='lat' dir='ltr'>spiritum</span> <span class='ocrx_word' id='word_1_123' title='bbox 2939 760 3151 814; x_wconf 88' lang='lat' dir='ltr'>ducere</span> <span class='ocrx_word' id='word_1_124' title='bbox 3200 759 3421 825; x_wconf 83' lang='lat' dir='ltr'>sinunt,</span> <span class='ocrx_word' id='word_1_125' title='bbox 3453 757 3590 812; x_wconf 90' lang='lat' dir='ltr'>hinc</span> <span class='ocrx_word' id='word_1_126' title='bbox 3639 757 3836 813; x_wconf 83' lang='lat' dir='ltr'>futura</span> 
     </span>
    </p>
   </div>
   <div class='ocr_carea' id='block_1_19' title="bbox 2185 844 3831 919">
    <p class='ocr_par' dir='ltr' id='par_1_19' title="bbox 2185 844 3831 919">
     <span class='ocr_line' id='line_1_19' title="bbox 2185 844 3831 919; baseline 0.001 -19"><span class='ocrx_word' id='word_1_127' title='bbox 2185 848 2390 919; x_wconf 79' lang='lat' dir='ltr'>gloria,</span> <span class='ocrx_word' id='word_1_128' title='bbox 2426 848 2560 903; x_wconf 90' lang='lat' dir='ltr'>hinc</span> <span class='ocrx_word' id='word_1_129' title='bbox 2610 850 2874 903; x_wconf 87' lang='lat' dir='ltr'>futurum</span> <span class='ocrx_word' id='word_1_130' title='bbox 2926 847 3182 902; x_wconf 76' lang='lat' dir='ltr'>tribunal</span> <span class='ocrx_word' id='word_1_131' title='bbox 3235 865 3248 902; x_wconf 90' lang='lat'><strong><em>:</em></strong></span> <span class='ocrx_word' id='word_1_132' title='bbox 3300 864 3368 902; x_wconf 88' lang='lat' dir='ltr'>ex</span> <span class='ocrx_word' id='word_1_133' title='bbox 3416 846 3630 917; x_wconf 83' lang='lat' dir='ltr'>quibus</span> <span class='ocrx_word' id='word_1_134' title='bbox 3668 844 3831 901; x_wconf 91' lang='lat' dir='ltr'>illam</span> 
     </span>
    </p>
   </div>
   <div class='ocr_carea' id='block_1_20' title="bbox 2186 935 3834 1008">
    <p class='ocr_par' dir='ltr' id='par_1_20' title="bbox 2186 935 3834 1008">
     <span class='ocr_line' id='line_1_20' title="bbox 2186 935 3834 1008; baseline -0.001 -17"><span class='ocrx_word' id='word_1_135' title='bbox 2186 937 2423 1007; x_wconf 82' lang='lat' dir='ltr'>quidem</span> <span class='ocrx_word' id='word_1_136' title='bbox 2455 938 2597 992; x_wconf 87' lang='lat' dir='ltr'>adeo</span> <span class='ocrx_word' id='word_1_137' title='bbox 2630 941 2861 1008; x_wconf 81' lang='lat' dir='ltr'>appeto,</span> <span class='ocrx_word' id='word_1_138' title='bbox 2895 941 2961 991; x_wconf 90' lang='lat' dir='ltr'>ut</span> <span class='ocrx_word' id='word_1_139' title='bbox 3008 937 3203 995; x_wconf 82' lang='lat' dir='ltr'>dicere</span> <span class='ocrx_word' id='word_1_140' title='bbox 3248 936 3466 1007; x_wconf 89' lang='lat' dir='ltr'>possim</span> <span class='ocrx_word' id='word_1_141' title='bbox 3502 952 3515 989; x_wconf 89' lang='lat'><strong>:</strong></span> <span class='ocrx_word' id='word_1_142' title='bbox 3557 936 3743 1005; x_wconf 80' lang='lat' dir='ltr'>Deﬁcit</span> <span class='ocrx_word' id='word_1_143' title='bbox 3772 935 3834 989; x_wconf 79' lang='lat' dir='ltr'>in</span> 
     </span>
    </p>
   </div>
   <div class='ocr_carea' id='block_1_21' title="bbox 2184 1022 3834 1096">
    <p class='ocr_par' dir='ltr' id='par_1_21' title="bbox 2184 1022 3834 1096">
     <span class='ocr_line' id='line_1_21' title="bbox 2184 1022 3834 1096; baseline -0.002 -17"><span class='ocrx_word' id='word_1_144' title='bbox 2184 1026 2428 1082; x_wconf 72' lang='lat' dir='ltr'>salutare</span> <span class='ocrx_word' id='word_1_145' title='bbox 2458 1034 2608 1081; x_wconf 80' lang='lat' dir='ltr'>tuum</span> <span class='ocrx_word' id='word_1_146' title='bbox 2643 1027 2833 1081; x_wconf 78' lang='lat' dir='ltr'>anima</span> <span class='ocrx_word' id='word_1_147' title='bbox 2874 1042 2997 1081; x_wconf 82' lang='lat' dir='ltr'>mea</span> <span class='ocrx_word' id='word_1_148' title='bbox 3033 1026 3074 1096; x_wconf 80' lang='grc'>⁸,</span> <span class='ocrx_word' id='word_1_149' title='bbox 3108 1025 3217 1079; x_wconf 92' lang='lat' dir='ltr'>hoc</span> <span class='ocrx_word' id='word_1_150' title='bbox 3270 1029 3466 1079; x_wconf 90' lang='lat' dir='ltr'>autem</span> <span class='ocrx_word' id='word_1_151' title='bbox 3516 1022 3721 1078; x_wconf 86' lang='lat' dir='ltr'>horreo</span> <span class='ocrx_word' id='word_1_152' title='bbox 3773 1026 3834 1077; x_wconf 82' lang='lat' dir='ltr'>et</span> 
     </span>
    </p>
   </div>
   <div class='ocr_carea' id='block_1_22' title="bbox 2185 1111 3829 1182">
    <p class='ocr_par' dir='ltr' id='par_1_22' title="bbox 2185 1111 3829 1182">
     <span class='ocr_line' id='line_1_22' title="bbox 2185 1111 3829 1182; baseline -0.002 -13"><span class='ocrx_word' id='word_1_153' title='bbox 2185 1130 2435 1169; x_wconf 83' lang='lat' dir='ltr'>eversor.</span> <span class='ocrx_word' id='word_1_154' title='bbox 2470 1114 2585 1170; x_wconf 92' lang='lat' dir='ltr'>Nec</span> <span class='ocrx_word' id='word_1_155' title='bbox 2615 1130 2746 1169; x_wconf 89' lang='lat' dir='ltr'>vero</span> <span class='ocrx_word' id='word_1_156' title='bbox 2771 1113 2915 1169; x_wconf 90' lang='lat' dir='ltr'>illud</span> <span class='ocrx_word' id='word_1_157' title='bbox 2945 1114 3143 1181; x_wconf 84' lang='lat' dir='ltr'>timeo,</span> <span class='ocrx_word' id='word_1_158' title='bbox 3177 1130 3250 1168; x_wconf 93' lang='lat' dir='ltr'>ne</span> <span class='ocrx_word' id='word_1_159' title='bbox 3281 1112 3425 1167; x_wconf 91' lang='lat' dir='ltr'>mihi</span> <span class='ocrx_word' id='word_1_160' title='bbox 3455 1127 3667 1182; x_wconf 89' lang='lat' dir='ltr'>corpus</span> <span class='ocrx_word' id='word_1_161' title='bbox 3696 1111 3829 1181; x_wconf 88' lang='lat' dir='ltr'>hoc,</span> 
     </span>
    </p>
   </div>
   <div class='ocr_carea' id='block_1_23' title="bbox 2184 1200 3830 1273">
    <p class='ocr_par' dir='ltr' id='par_1_23' title="bbox 2184 1200 3830 1273">
     <span class='ocr_line' id='line_1_23' title="bbox 2184 1200 3830 1273; baseline -0.002 -16"><span class='ocrx_word' id='word_1_162' title='bbox 2184 1220 2316 1257; x_wconf 90' lang='lat' dir='ltr'>cum</span> <span class='ocrx_word' id='word_1_163' title='bbox 2350 1204 2529 1258; x_wconf 81' lang='lat' dir='ltr'>semel</span> <span class='ocrx_word' id='word_1_164' title='bbox 2559 1203 2866 1258; x_wconf 82' lang='lat' dir='ltr'>deﬂuxerit</span> <span class='ocrx_word' id='word_1_165' title='bbox 2897 1220 2961 1257; x_wconf 91' lang='lat' dir='ltr'>ac</span> <span class='ocrx_word' id='word_1_166' title='bbox 2990 1207 3329 1273; x_wconf 89' lang='lat' dir='ltr'>corruptum</span> <span class='ocrx_word' id='word_1_167' title='bbox 3363 1200 3555 1268; x_wconf 87' lang='lat' dir='ltr'>fuerit,</span> <span class='ocrx_word' id='word_1_168' title='bbox 3587 1215 3830 1271; x_wconf 90' lang='lat' dir='ltr'>prorsus</span> 
     </span>
    </p>
   </div>
   <div class='ocr_carea' id='block_1_24' title="bbox 2184 1289 3829 1362">
    <p class='ocr_par' dir='ltr' id='par_1_24' title="bbox 2184 1289 3829 1362">
     <span class='ocr_line' id='line_1_24' title="bbox 2184 1289 3829 1362; baseline -0.002 -16"><span class='ocrx_word' id='word_1_169' title='bbox 2184 1291 2615 1362; x_wconf 82' lang='lat' dir='ltr'>exstinguatur,</span> <span class='ocrx_word' id='word_1_170' title='bbox 2647 1292 2745 1345; x_wconf 87' lang='lat' dir='ltr'>sed</span> <span class='ocrx_word' id='word_1_171' title='bbox 2800 1308 2869 1345; x_wconf 90' lang='lat' dir='ltr'>ne</span> <span class='ocrx_word' id='word_1_172' title='bbox 2901 1290 3094 1345; x_wconf 85' lang='lat' dir='ltr'>nobile</span> <span class='ocrx_word' id='word_1_173' title='bbox 3140 1289 3284 1344; x_wconf 89' lang='lat' dir='ltr'>illud</span> <span class='ocrx_word' id='word_1_174' title='bbox 3335 1290 3433 1345; x_wconf 91' lang='lat' dir='ltr'>Dei</span> <span class='ocrx_word' id='word_1_175' title='bbox 3483 1289 3829 1361; x_wconf 84' lang='lat' dir='ltr'>ﬁgmentum</span> 
     </span>
    </p>
   </div>
   <div class='ocr_carea' id='block_1_25' title="bbox 2146 1377 3833 1450">
    <p class='ocr_par' dir='ltr' id='par_1_25' title="bbox 2146 1377 3833 1450">
     <span class='ocr_line' id='line_1_25' title="bbox 2146 1377 3833 1450; baseline -0.001 -17"><span class='ocrx_word' id='word_1_176' title='bbox 2146 1384 2149 1385; x_wconf 65' lang='grc'><strong><em>⁷</em></strong></span> <span class='ocrx_word' id='word_1_177' title='bbox 2182 1379 2401 1447; x_wconf 87' lang='lat' dir='ltr'>(nobile</span> <span class='ocrx_word' id='word_1_178' title='bbox 2429 1379 2608 1450; x_wconf 71' lang='lat' dir='ltr'>{enim</span> <span class='ocrx_word' id='word_1_179' title='bbox 2662 1385 2770 1448; x_wconf 87' lang='lat' dir='ltr'>est,</span> <span class='ocrx_word' id='word_1_180' title='bbox 2822 1396 2955 1434; x_wconf 90' lang='lat' dir='ltr'>cum</span> <span class='ocrx_word' id='word_1_181' title='bbox 3003 1378 3177 1433; x_wconf 86' lang='lat' dir='ltr'>officii</span> <span class='ocrx_word' id='word_1_182' title='bbox 3218 1378 3309 1433; x_wconf 91' lang='lat' dir='ltr'>sui</span> <span class='ocrx_word' id='word_1_183' title='bbox 3345 1394 3620 1433; x_wconf 86' lang='lat' dir='ltr'>numeros</span> <span class='ocrx_word' id='word_1_184' title='bbox 3651 1377 3833 1447; x_wconf 89' lang='lat' dir='ltr'>probe</span> 
     </span>
    </p>
   </div>
   <div class='ocr_carea' id='block_1_26' title="bbox 2182 1465 3833 1539">
    <p class='ocr_par' dir='ltr' id='par_1_26' title="bbox 2182 1465 3833 1539">
     <span class='ocr_line' id='line_1_26' title="bbox 2182 1465 3833 1539; baseline -0.001 -17"><span class='ocrx_word' id='word_1_185' title='bbox 2182 1468 2901 1539; x_wconf 86' lang='lat' dir='ltr'>explet,quemadmodum</span> <span class='ocrx_word' id='word_1_186' title='bbox 2927 1472 3129 1522; x_wconf 90' lang='lat' dir='ltr'>contra</span> <span class='ocrx_word' id='word_1_187' title='bbox 3158 1466 3547 1535; x_wconf 83' lang='lat' dir='ltr'>infame,cum</span> <span class='ocrx_word' id='word_1_188' title='bbox 3582 1465 3833 1537; x_wconf 87' lang='lat' dir='ltr'>peccat),</span> 
     </span>
    </p>
   </div>
   <div class='ocr_carea' id='block_1_27' title="bbox 2183 1554 3841 1628">
    <p class='ocr_par' dir='ltr' id='par_1_27' title="bbox 2183 1554 3841 1628">
     <span class='ocr_line' id='line_1_27' title="bbox 2183 1554 3841 1628; baseline -0.001 -18"><span class='ocrx_word' id='word_1_189' title='bbox 2183 1555 2238 1611; x_wconf 92' lang='lat' dir='ltr'>in</span> <span class='ocrx_word' id='word_1_190' title='bbox 2265 1573 2379 1627; x_wconf 93' lang='lat' dir='ltr'>quo</span> <span class='ocrx_word' id='word_1_191' title='bbox 2403 1562 2492 1611; x_wconf 89' lang='lat' dir='ltr'>est</span> <span class='ocrx_word' id='word_1_192' title='bbox 2514 1556 2811 1625; x_wconf 82' lang='lat' dir='ltr'>ratio,lex,</span> <span class='ocrx_word' id='word_1_193' title='bbox 2855 1573 2989 1628; x_wconf 84' lang='lat' dir='ltr'>spes</span> <span class='ocrx_word' id='word_1_194' title='bbox 3029 1557 3252 1621; x_wconf 89' lang='lat' dir='ltr'>eadem,</span> <span class='ocrx_word' id='word_1_195' title='bbox 3296 1572 3409 1626; x_wconf 90' lang='lat' dir='ltr'>qua</span> <span class='ocrx_word' id='word_1_196' title='bbox 3448 1572 3515 1610; x_wconf 90' lang='lat' dir='ltr'>ea</span> <span class='ocrx_word' id='word_1_197' title='bbox 3576 1554 3841 1609; x_wconf 88' lang='lat' dir='ltr'>animan-</span> 
     </span>
    </p>
   </div>
   <div class='ocr_carea' id='block_1_28' title="bbox 423 1641 3835 1719">
    <p class='ocr_par' dir='ltr' id='par_1_28' title="bbox 423 1641 3835 1719">
     <span class='ocr_line' id='line_1_28' title="bbox 423 1641 3835 1719; baseline -0.002 -16"><span class='ocrx_word' id='word_1_198' title='bbox 423 1649 523 1717; x_wconf 90' lang='lat' dir='ltr'>tia,</span> <span class='ocrx_word' id='word_1_199' title='bbox 557 1665 682 1719; x_wconf 71' lang='lat' dir='ltr'>quae</span> <span class='ocrx_word' id='word_1_200' title='bbox 712 1646 954 1703; x_wconf 83' lang='lat' dir='ltr'>rationis</span> <span class='ocrx_word' id='word_1_201' title='bbox 986 1647 1245 1718; x_wconf 84' lang='lat' dir='ltr'>expertia</span> <span class='ocrx_word' id='word_1_202' title='bbox 1282 1651 1440 1715; x_wconf 87' lang='lat' dir='ltr'>sunt,</span> <span class='ocrx_word' id='word_1_203' title='bbox 1472 1646 1797 1719; x_wconf 84' lang='lat' dir='ltr'>ignominia</span> <span class='ocrx_word' id='word_1_204' title='bbox 1830 1645 2166 1714; x_wconf 88' lang='lat' dir='ltr'>mulctetur,</span> <span class='ocrx_word' id='word_1_205' title='bbox 2200 1645 2503 1717; x_wconf 86' lang='lat' dir='ltr'>nihiloque</span> <span class='ocrx_word' id='word_1_206' title='bbox 2540 1646 2776 1701; x_wconf 87' lang='lat' dir='ltr'>meliore</span> <span class='ocrx_word' id='word_1_207' title='bbox 2826 1651 2958 1717; x_wconf 88' lang='lat' dir='ltr'>post</span> <span class='ocrx_word' id='word_1_208' title='bbox 3013 1649 3259 1700; x_wconf 89' lang='lat' dir='ltr'>mortem</span> <span class='ocrx_word' id='word_1_209' title='bbox 3304 1643 3636 1700; x_wconf 87' lang='lat' dir='ltr'>conditione</span> <span class='ocrx_word' id='word_1_210' title='bbox 3686 1641 3762 1699; x_wconf 89' lang='lat' dir='ltr'>sit</span> <span class='ocrx_word' id='word_1_211' title='bbox 3820 1659 3835 1697; x_wconf 91' lang='lat'><strong>:</strong></span> 
     </span>
    </p>
   </div>
   <div class='ocr_carea' id='block_1_29' title="bbox 424 1733 2925 1809">
    <p class='ocr_par' dir='ltr' id='par_1_29' title="bbox 424 1733 2925 1809">
     <span class='ocr_line' id='line_1_29' title="bbox 424 1733 2925 1809; baseline -0.002 -18"><span class='ocrx_word' id='word_1_212' title='bbox 424 1737 920 1809; x_wconf 80' lang='lat' dir='ltr'>quemadmodum</span> <span class='ocrx_word' id='word_1_213' title='bbox 952 1735 1239 1806; x_wconf 87' lang='lat' dir='ltr'>improbis</span> <span class='ocrx_word' id='word_1_214' title='bbox 1264 1734 1622 1801; x_wconf 90' lang='lat' dir='ltr'>hominibus,</span> <span class='ocrx_word' id='word_1_215' title='bbox 1658 1739 1834 1805; x_wconf 89' lang='lat' dir='ltr'>atque</span> <span class='ocrx_word' id='word_1_216' title='bbox 1864 1735 1994 1805; x_wconf 83' lang='lat' dir='ltr'>igne</span> <span class='ocrx_word' id='word_1_217' title='bbox 2021 1733 2122 1789; x_wconf 92' lang='lat' dir='ltr'>illo</span> <span class='ocrx_word' id='word_1_218' title='bbox 2156 1734 2373 1805; x_wconf 83' lang='lat' dir='ltr'>dignis,</span> <span class='ocrx_word' id='word_1_219' title='bbox 2398 1735 2722 1805; x_wconf 86' lang='lat' dir='ltr'>optandum</span> <span class='ocrx_word' id='word_1_220' title='bbox 2754 1740 2925 1790; x_wconf 89' lang='lat' dir='ltr'>esset.</span> 
     </span>
    </p>
   </div>
   <div class='ocr_carea' id='block_1_30' title="bbox 497 1821 2078 1897">
    <p class='ocr_par' dir='ltr' id='par_1_30' title="bbox 497 1821 2069 1897">
     <span class='ocr_line' id='line_1_30' title="bbox 497 1821 2069 1897; baseline -0.001 -20"><span class='ocrx_word' id='word_1_221' title='bbox 497 1824 609 1877; x_wconf 74' lang='lat' dir='ltr'>Kl&quot;.</span> <span class='ocrx_word' id='word_1_222' title='bbox 648 1822 774 1879; x_wconf 64' lang='grc' dir='ltr'>Εἴθε</span> <span class='ocrx_word' id='word_1_223' title='bbox 802 1823 1133 1897; x_wconf 83' lang='grc' dir='ltr'>νεκρώσαιμι</span> <span class='ocrx_word' id='word_1_224' title='bbox 1190 1822 1258 1876; x_wconf 79' lang='grc' dir='ltr'>τὰ</span> <span class='ocrx_word' id='word_1_225' title='bbox 1320 1821 1462 1895; x_wconf 76' lang='grc' dir='ltr'>μέλη</span> <span class='ocrx_word' id='word_1_226' title='bbox 1516 1823 1583 1876; x_wconf 78' lang='grc' dir='ltr'>τὰ</span> <span class='ocrx_word' id='word_1_227' title='bbox 1635 1821 1721 1875; x_wconf 84' lang='grc' dir='ltr'>ἐπὶ</span> <span class='ocrx_word' id='word_1_228' title='bbox 1778 1827 1879 1889; x_wconf 85' lang='grc' dir='ltr'>τῆς</span> <span class='ocrx_word' id='word_1_229' title='bbox 1926 1821 2069 1894; x_wconf 77' lang='grc' dir='ltr'>γῆςί</span> 
     </span>
    </p>
   </div>
   <div class='ocr_carea' id='block_1_31' title="bbox 2195 1821 3839 1897">
    <p class='ocr_par' dir='ltr' id='par_1_31' title="bbox 2251 1821 3839 1894">
     <span class='ocr_line' id='line_1_31' title="bbox 2251 1821 3839 1894; baseline -0.001 -17"><span class='ocrx_word' id='word_1_230' title='bbox 2251 1822 2414 1878; x_wconf 83' lang='lat' dir='ltr'>XXII.</span> <span class='ocrx_word' id='word_1_231' title='bbox 2450 1822 2684 1878; x_wconf 84' lang='lat' dir='ltr'>Utinam</span> <span class='ocrx_word' id='word_1_232' title='bbox 2721 1823 3004 1889; x_wconf 89' lang='lat' dir='ltr'>membra,</span> <span class='ocrx_word' id='word_1_233' title='bbox 3037 1840 3168 1894; x_wconf 65' lang='lat' dir='ltr'>quae</span> <span class='ocrx_word' id='word_1_234' title='bbox 3215 1837 3392 1893; x_wconf 82' lang='lat' dir='ltr'>super</span> <span class='ocrx_word' id='word_1_235' title='bbox 3426 1825 3642 1875; x_wconf 89' lang='lat' dir='ltr'>terram</span> <span class='ocrx_word' id='word_1_236' title='bbox 3675 1821 3839 1875; x_wconf 66' lang='lat' dir='ltr'>sunt:</span> 
     </span>
    </p>
   </div>
   <div class='ocr_carea' id='block_1_32' title="bbox 423 1909 2074 1984">
    <p class='ocr_par' dir='ltr' id='par_1_32' title="bbox 423 1909 2074 1984">
     <span class='ocr_line' id='line_1_32' title="bbox 423 1909 2074 1984; baseline -0.004 -15"><span class='ocrx_word' id='word_1_237' title='bbox 423 1909 548 1976; x_wconf 59' lang='grc' dir='ltr'>Εἴθε</span> <span class='ocrx_word' id='word_1_238' title='bbox 598 1913 776 1966; x_wconf 81' lang='grc' dir='ltr'>πάντα</span> <span class='ocrx_word' id='word_1_239' title='bbox 825 1911 905 1984; x_wconf 85' lang='grc' dir='ltr'>τῷ</span> <span class='ocrx_word' id='word_1_240' title='bbox 954 1911 1216 1984; x_wconf 70' lang='grc' dir='ltr'>πνεύματι</span> <span class='ocrx_word' id='word_1_241' title='bbox 1275 1909 1665 1982; x_wconf 77' lang='grc' dir='ltr'>ὃαπανήσαιμι,</span> <span class='ocrx_word' id='word_1_242' title='bbox 1737 1911 1836 1978; x_wconf 84' lang='grc' dir='ltr'>τήν</span> <span class='ocrx_word' id='word_1_243' title='bbox 1888 1910 2074 1978; x_wconf 76' lang='grc' dir='ltr'>στενὴν</span> 
     </span>
    </p>
   </div>
   <div class='ocr_carea' id='block_1_33' title="bbox 422 1997 2077 2077">
    <p class='ocr_par' dir='ltr' id='par_1_33' title="bbox 422 1997 2077 2077">
     <span class='ocr_line' id='line_1_33' title="bbox 422 1997 2077 2077; baseline -0.002 -22"><span class='ocrx_word' id='word_1_244' title='bbox 422 2001 510 2055; x_wconf 79' lang='lat' dir='ltr'>xui</span> <span class='ocrx_word' id='word_1_245' title='bbox 544 2000 753 2077; x_wconf 77' lang='grc' dir='ltr'>ὀλίγοις</span> <span class='ocrx_word' id='word_1_246' title='bbox 788 2002 962 2077; x_wconf 83' lang='grc' dir='ltr'>βατήν</span> <span class='ocrx_word' id='word_1_247' title='bbox 995 1998 1238 2071; x_wconf 71' lang='grc' dir='ltr'>ὁδεύσας,</span> <span class='ocrx_word' id='word_1_248' title='bbox 1290 2001 1364 2072; x_wconf 76' lang='grc' dir='ltr'>μὴ</span> <span class='ocrx_word' id='word_1_249' title='bbox 1397 2000 1494 2068; x_wconf 80' lang='grc' dir='ltr'>τήν</span> <span class='ocrx_word' id='word_1_250' title='bbox 1545 1998 1802 2054; x_wconf 83' lang='grc' dir='ltr'>πλατεῖαν</span> <span class='ocrx_word' id='word_1_251' title='bbox 1850 1998 1938 2052; x_wconf 97' lang='lat' dir='ltr'>xui</span> <span class='ocrx_word' id='word_1_252' title='bbox 1992 1997 2077 2051; x_wconf 73' lang='grc' dir='ltr'>ἅν-</span> 
     </span>
    </p>
   </div>
   <div class='ocr_carea' id='block_1_34' title="bbox 425 2084 2077 2164">
    <p class='ocr_par' dir='ltr' id='par_1_34' title="bbox 425 2084 2077 2164">
     <span class='ocr_line' id='line_1_34' title="bbox 425 2084 2077 2164; baseline -0.002 -20"><span class='ocrx_word' id='word_1_253' title='bbox 425 2091 571 2146; x_wconf 84' lang='grc' dir='ltr'>ετονῙ</span> <span class='ocrx_word' id='word_1_254' title='bbox 608 2092 694 2152; x_wconf 82' lang='grc' dir='ltr'>Ὡς</span> <span class='ocrx_word' id='word_1_255' title='bbox 725 2089 791 2144; x_wconf 83' lang='grc' dir='ltr'>τά</span> <span class='ocrx_word' id='word_1_256' title='bbox 836 2111 899 2164; x_wconf 88' lang='grc' dir='ltr'>γε</span> <span class='ocrx_word' id='word_1_257' title='bbox 947 2090 1080 2162; x_wconf 83' lang='grc' dir='ltr'>μετὰ</span> <span class='ocrx_word' id='word_1_258' title='bbox 1118 2093 1284 2143; x_wconf 81' lang='grc' dir='ltr'>τοῦτο</span> <span class='ocrx_word' id='word_1_259' title='bbox 1336 2088 1562 2164; x_wconf 81' lang='grc' dir='ltr'>λαμπρὰ</span> <span class='ocrx_word' id='word_1_260' title='bbox 1599 2089 1688 2142; x_wconf 90' lang='grc' dir='ltr'>καὶ</span> <span class='ocrx_word' id='word_1_261' title='bbox 1725 2084 1956 2162; x_wconf 81' lang='grc' dir='ltr'>μεγάλα,</span> <span class='ocrx_word' id='word_1_262' title='bbox 1988 2088 2077 2141; x_wconf 88' lang='grc' dir='ltr'>καὶ</span> 
     </span>
    </p>
   </div>
   <div class='ocr_carea' id='block_1_35' title="bbox 429 2177 2076 2252">
    <p class='ocr_par' dir='ltr' id='par_1_35' title="bbox 429 2177 2076 2252">
     <span class='ocr_line' id='line_1_35' title="bbox 429 2177 2076 2252; baseline -0.003 -18"><span class='ocrx_word' id='word_1_263' title='bbox 429 2180 627 2252; x_wconf 82' lang='grc' dir='ltr'>μείζων</span> <span class='ocrx_word' id='word_1_264' title='bbox 678 2182 713 2249; x_wconf 77' lang='grc' dir='ltr'><strong>ἢ</strong></span> <span class='ocrx_word' id='word_1_265' title='bbox 762 2179 895 2234; x_wconf 81' lang='grc' dir='ltr'>κατᾶ</span> <span class='ocrx_word' id='word_1_266' title='bbox 942 2182 1019 2252; x_wconf 86' lang='grc'>(5)</span> <span class='ocrx_word' id='word_1_267' title='bbox 1066 2180 1164 2247; x_wconf 78' lang='grc' dir='ltr'>τὴν</span> <span class='ocrx_word' id='word_1_268' title='bbox 1220 2178 1363 2248; x_wconf 78' lang='grc' dir='ltr'>ἀξίαν</span> <span class='ocrx_word' id='word_1_269' title='bbox 1398 2177 1574 2239; x_wconf 85' lang='grc' dir='ltr'>ἐλπίς.</span> <span class='ocrx_word' id='word_1_270' title='bbox 1608 2177 1667 2231; x_wconf 89' lang='grc' dir='ltr'>Τί</span> <span class='ocrx_word' id='word_1_271' title='bbox 1700 2177 1837 2231; x_wconf 84' lang='grc' dir='ltr'>ἐστιν</span> <span class='ocrx_word' id='word_1_272' title='bbox 1865 2178 2076 2249; x_wconf 82' lang='grc' dir='ltr'>ἅνθρω-</span> 
     </span>
    </p>
   </div>
   <div class='ocr_carea' id='block_1_36' title="bbox 424 2265 2077 2341">
    <p class='ocr_par' dir='ltr' id='par_1_36' title="bbox 424 2265 2077 2341">
     <span class='ocr_line' id='line_1_36' title="bbox 424 2265 2077 2341; baseline -0.002 -18"><span class='ocrx_word' id='word_1_273' title='bbox 424 2289 547 2337; x_wconf 87' lang='grc' dir='ltr'>πος,</span> <span class='ocrx_word' id='word_1_274' title='bbox 608 2268 692 2323; x_wconf 78' lang='grc' dir='ltr'>ὅτι</span> <span class='ocrx_word' id='word_1_275' title='bbox 752 2271 1032 2341; x_wconf 77' lang='grc' dir='ltr'>μιμνήσκῃ</span> <span class='ocrx_word' id='word_1_276' title='bbox 1089 2270 1164 2341; x_wconf 75' lang='grc'>(6)</span> <span class='ocrx_word' id='word_1_277' title='bbox 1224 2267 1434 2336; x_wconf 59' lang='lat' dir='ltr'>uinci&quot;);</span> <span class='ocrx_word' id='word_1_278' title='bbox 1484 2265 1545 2321; x_wconf 90' lang='grc' dir='ltr'>Τί</span> <span class='ocrx_word' id='word_1_279' title='bbox 1600 2268 1662 2321; x_wconf 84' lang='grc' dir='ltr'>τὸ</span> <span class='ocrx_word' id='word_1_280' title='bbox 1701 2266 1884 2320; x_wconf 87' lang='grc' dir='ltr'>καινὸν</span> <span class='ocrx_word' id='word_1_281' title='bbox 1916 2270 2077 2319; x_wconf 79' lang='grc' dir='ltr'>τοῦτο</span> 
     </span>
    </p>
   </div>
   <div class='ocr_carea' id='block_1_37' title="bbox 424 2354 2077 2433">
    <p class='ocr_par' dir='ltr' id='par_1_37' title="bbox 424 2354 2077 2433">
     <span class='ocr_line' id='line_1_37' title="bbox 424 2354 2077 2433; baseline -0.003 -21"><span class='ocrx_word' id='word_1_282' title='bbox 424 2358 547 2433; x_wconf 82' lang='grc' dir='ltr'>περὶ</span> <span class='ocrx_word' id='word_1_283' title='bbox 606 2357 703 2431; x_wconf 77' lang='grc' dir='ltr'>ἐμὶ</span> <span class='ocrx_word' id='word_1_284' title='bbox 764 2360 1097 2433; x_wconf 74' lang='grc' dir='ltr'>μυστήριον;</span> <span class='ocrx_word' id='word_1_285' title='bbox 1156 2355 1368 2432; x_wconf 84' lang='grc' dir='ltr'>Μικρός</span> <span class='ocrx_word' id='word_1_286' title='bbox 1422 2354 1535 2428; x_wconf 80' lang='grc' dir='ltr'>εἶμι</span> <span class='ocrx_word' id='word_1_287' title='bbox 1588 2356 1678 2409; x_wconf 86' lang='grc' dir='ltr'>καὶ</span> <span class='ocrx_word' id='word_1_288' title='bbox 1738 2356 1924 2430; x_wconf 83' lang='grc' dir='ltr'>μέγας,</span> <span class='ocrx_word' id='word_1_289' title='bbox 1983 2374 2077 2407; x_wconf 87' lang='grc' dir='ltr'>τα-</span> 
     </span>
    </p>
   </div>
   <div class='ocr_carea' id='block_1_38' title="bbox 426 2442 2079 2520">
    <p class='ocr_par' dir='ltr' id='par_1_38' title="bbox 426 2442 2079 2520">
     <span class='ocr_line' id='line_1_38' title="bbox 426 2442 2079 2520; baseline -0.002 -19"><span class='ocrx_word' id='word_1_290' title='bbox 426 2448 607 2509; x_wconf 82' lang='grc' dir='ltr'>πεινὸς</span> <span class='ocrx_word' id='word_1_291' title='bbox 653 2445 744 2500; x_wconf 86' lang='grc' dir='ltr'>καὶ</span> <span class='ocrx_word' id='word_1_292' title='bbox 805 2445 1037 2520; x_wconf 78' lang='grc' dir='ltr'>ὑψηλὸς,</span> <span class='ocrx_word' id='word_1_293' title='bbox 1100 2446 1295 2515; x_wconf 84' lang='grc' dir='ltr'>θνητὸς</span> <span class='ocrx_word' id='word_1_294' title='bbox 1356 2444 1447 2499; x_wconf 83' lang='grc' dir='ltr'>καὶ</span> <span class='ocrx_word' id='word_1_295' title='bbox 1504 2445 1784 2512; x_wconf 80' lang='grc' dir='ltr'>ἀθάνατος,</span> <span class='ocrx_word' id='word_1_296' title='bbox 1844 2442 2079 2519; x_wconf 78' lang='grc' dir='ltr'>ἐπίγειος</span> 
     </span>
    </p>
   </div>
   <div class='ocr_carea' id='block_1_39' title="bbox 426 2531 2081 2611">
    <p class='ocr_par' dir='ltr' id='par_1_39' title="bbox 426 2531 2081 2611">
     <span class='ocr_line' id='line_1_39' title="bbox 426 2531 2081 2611; baseline -0.003 -21"><span class='ocrx_word' id='word_1_297' title='bbox 426 2536 514 2591; x_wconf 83' lang='grc' dir='ltr'>καὶ</span> <span class='ocrx_word' id='word_1_298' title='bbox 575 2536 839 2611; x_wconf 82' lang='grc' dir='ltr'>οὐράνινς.</span> <span class='ocrx_word' id='word_1_299' title='bbox 884 2537 1094 2589; x_wconf 84' lang='grc' dir='ltr'>Ἐκεῖνα</span> <span class='ocrx_word' id='word_1_300' title='bbox 1152 2535 1284 2607; x_wconf 88' lang='grc' dir='ltr'>μετὰ</span> <span class='ocrx_word' id='word_1_301' title='bbox 1337 2538 1434 2587; x_wconf 78' lang='grc' dir='ltr'>τοῦ</span> <span class='ocrx_word' id='word_1_302' title='bbox 1482 2531 1631 2587; x_wconf 82' lang='grc' dir='ltr'>κάτω</span> <span class='ocrx_word' id='word_1_303' title='bbox 1660 2532 1889 2605; x_wconf 82' lang='grc' dir='ltr'>κόσμοῦ,</span> <span class='ocrx_word' id='word_1_304' title='bbox 1914 2536 2081 2586; x_wconf 81' lang='grc' dir='ltr'>ταῦτα</span> 
     </span>
    </p>
   </div>
   <div class='ocr_carea' id='block_1_40' title="bbox 432 2619 2082 2697">
    <p class='ocr_par' dir='ltr' id='par_1_40' title="bbox 432 2619 2082 2697">
     <span class='ocr_line' id='line_1_40' title="bbox 432 2619 2082 2697; baseline -0.003 -17"><span class='ocrx_word' id='word_1_305' title='bbox 432 2628 563 2697; x_wconf 83' lang='grc' dir='ltr'>μετὰ</span> <span class='ocrx_word' id='word_1_306' title='bbox 618 2630 715 2679; x_wconf 72' lang='grc' dir='ltr'>τοῦ</span> <span class='ocrx_word' id='word_1_307' title='bbox 772 2628 926 2679; x_wconf 80' lang='grc' dir='ltr'>Θεοῦ’</span> <span class='ocrx_word' id='word_1_308' title='bbox 984 2623 1159 2679; x_wconf 85' lang='grc' dir='ltr'>ἐκεῖνα</span> <span class='ocrx_word' id='word_1_309' title='bbox 1194 2622 1327 2693; x_wconf 80' lang='grc' dir='ltr'>μετὰ</span> <span class='ocrx_word' id='word_1_310' title='bbox 1354 2629 1453 2690; x_wconf 81' lang='grc' dir='ltr'>τῆς</span> <span class='ocrx_word' id='word_1_311' title='bbox 1500 2622 1718 2697; x_wconf 85' lang='grc' dir='ltr'>σαρκὸς,</span> <span class='ocrx_word' id='word_1_312' title='bbox 1750 2624 1916 2674; x_wconf 73' lang='grc' dir='ltr'>ταῦτα</span> <span class='ocrx_word' id='word_1_313' title='bbox 1950 2619 2082 2693; x_wconf 83' lang='grc' dir='ltr'>μετὰ</span> 
     </span>
    </p>
   </div>
   <div class='ocr_carea' id='block_1_41' title="bbox 426 2707 2083 2787">
    <p class='ocr_par' dir='ltr' id='par_1_41' title="bbox 426 2707 2083 2787">
     <span class='ocr_line' id='line_1_41' title="bbox 426 2707 2083 2787; baseline -0.004 -18"><span class='ocrx_word' id='word_1_314' title='bbox 426 2720 520 2769; x_wconf 77' lang='grc' dir='ltr'>τοῦ</span> <span class='ocrx_word' id='word_1_315' title='bbox 568 2715 895 2785; x_wconf 73' lang='grc' dir='ltr'>πνεύματος.</span> <span class='ocrx_word' id='word_1_316' title='bbox 928 2714 1143 2787; x_wconf 81' lang='grc' dir='ltr'>Χριστῷ</span> <span class='ocrx_word' id='word_1_317' title='bbox 1199 2710 1522 2787; x_wconf 64' lang='grc' dir='ltr'>συπαφῆναί</span> <span class='ocrx_word' id='word_1_318' title='bbox 1584 2731 1650 2782; x_wconf 91' lang='grc' dir='ltr'>με</span> <span class='ocrx_word' id='word_1_319' title='bbox 1709 2707 1811 2777; x_wconf 83' lang='grc' dir='ltr'>δεῖ,</span> <span class='ocrx_word' id='word_1_320' title='bbox 1862 2714 2083 2785; x_wconf 78' lang='grc' dir='ltr'>Χριστῷ</span> 
     </span>
    </p>
   </div>
   <div class='ocr_carea' id='block_1_42' title="bbox 432 2799 2081 2877">
    <p class='ocr_par' dir='ltr' id='par_1_42' title="bbox 432 2799 2081 2877">
     <span class='ocr_line' id='line_1_42' title="bbox 432 2799 2081 2877; baseline -0.004 -21"><span class='ocrx_word' id='word_1_321' title='bbox 432 2810 836 2871; x_wconf 78' lang='grc' dir='ltr'>συναναστῆναι,</span> <span class='ocrx_word' id='word_1_322' title='bbox 905 2799 1421 2877; x_wconf 78' lang='grc' dir='ltr'>συγκληρονομῆσαι</span> <span class='ocrx_word' id='word_1_323' title='bbox 1495 2801 1731 2874; x_wconf 79' lang='grc' dir='ltr'>Χριστῷ,</span> <span class='ocrx_word' id='word_1_324' title='bbox 1806 2799 1919 2851; x_wconf 74' lang='grc' dir='ltr'>υἱὸν</span> <span class='ocrx_word' id='word_1_325' title='bbox 1988 2818 2081 2871; x_wconf 83' lang='grc' dir='ltr'>γε-</span> 
     </span>
    </p>
   </div>
   <div class='ocr_carea' id='block_1_43' title="bbox 429 2888 2081 2963">
    <p class='ocr_par' dir='ltr' id='par_1_43' title="bbox 429 2888 2081 2963">
     <span class='ocr_line' id='line_1_43' title="bbox 429 2888 2081 2963; baseline -0.002 -18"><span class='ocrx_word' id='word_1_326' title='bbox 429 2892 605 2945; x_wconf 70' lang='grc' dir='ltr'>νέσθαι</span> <span class='ocrx_word' id='word_1_327' title='bbox 637 2896 789 2963; x_wconf 75' lang='grc' dir='ltr'>Θεοῦ,</span> <span class='ocrx_word' id='word_1_328' title='bbox 825 2892 951 2946; x_wconf 89' lang='grc' dir='ltr'>Θεὸν</span> <span class='ocrx_word' id='word_1_329' title='bbox 998 2890 1156 2944; x_wconf 78' lang='grc' dir='ltr'>αὐτόν</span> <span class='ocrx_word' id='word_1_330' title='bbox 1371 2894 1557 2963; x_wconf 78' lang='grc' dir='ltr'>Ὠρᾶτε</span> <span class='ocrx_word' id='word_1_331' title='bbox 1605 2892 1702 2941; x_wconf 86' lang='grc' dir='ltr'>ποῖ</span> <span class='ocrx_word' id='word_1_332' title='bbox 1745 2888 1950 2960; x_wconf 87' lang='grc' dir='ltr'>προῖὼν</span> <span class='ocrx_word' id='word_1_333' title='bbox 2004 2888 2081 2959; x_wconf 89' lang='lat'>(8)</span> 
     </span>
    </p>
   </div>
   <div class='ocr_carea' id='block_1_44' title="bbox 433 2973 2083 3054">
    <p class='ocr_par' dir='ltr' id='par_1_44' title="bbox 433 2973 2083 3054">
     <span class='ocr_line' id='line_1_44' title="bbox 433 2973 2083 3054; baseline -0.002 -23"><span class='ocrx_word' id='word_1_334' title='bbox 433 2979 666 3054; x_wconf 72' lang='grc' dir='ltr'>ἀνήγαγε</span> <span class='ocrx_word' id='word_1_335' title='bbox 706 2982 853 3052; x_wconf 76' lang='grc' dir='ltr'>ἡμᾶς</span> <span class='ocrx_word' id='word_1_336' title='bbox 904 2981 931 3033; x_wconf 90' lang='grc' dir='ltr'>ὁ</span> <span class='ocrx_word' id='word_1_337' title='bbox 976 2978 1159 3054; x_wconf 87' lang='grc' dir='ltr'>λόγος.</span> <span class='ocrx_word' id='word_1_338' title='bbox 1212 2982 1420 3053; x_wconf 81' lang='grc' dir='ltr'>Μικροῦ</span> <span class='ocrx_word' id='word_1_339' title='bbox 1475 2976 1562 3030; x_wconf 80' lang='grc' dir='ltr'>καὶ</span> <span class='ocrx_word' id='word_1_340' title='bbox 1612 2975 1771 3051; x_wconf 75' lang='grc' dir='ltr'>’χάριν</span> <span class='ocrx_word' id='word_1_341' title='bbox 1817 2973 2083 3049; x_wconf 86' lang='grc' dir='ltr'>ὁμολογῶ</span> 
     </span>
    </p>
   </div>
   <div class='ocr_carea' id='block_1_45' title="bbox 435 3061 2081 3143">
    <p class='ocr_par' dir='ltr' id='par_1_45' title="bbox 435 3061 2081 3143">
     <span class='ocr_line' id='line_1_45' title="bbox 435 3061 2081 3143; baseline -0.002 -24"><span class='ocrx_word' id='word_1_342' title='bbox 435 3071 512 3138; x_wconf 85' lang='grc' dir='ltr'>τῷ</span> <span class='ocrx_word' id='word_1_343' title='bbox 542 3067 714 3139; x_wconf 80' lang='grc' dir='ltr'>πάθει,</span> <span class='ocrx_word' id='word_1_344' title='bbox 765 3069 810 3138; x_wconf 81' lang='grc' dir='ltr'>ᾧ</span> <span class='ocrx_word' id='word_1_345' title='bbox 857 3072 1079 3122; x_wconf 71' lang='grc' dir='ltr'>τοιαῦτα</span> <span class='ocrx_word' id='word_1_346' title='bbox 1127 3065 1518 3143; x_wconf 76' lang='grc' dir='ltr'>ἐφιλοσόφησα,</span> <span class='ocrx_word' id='word_1_347' title='bbox 1572 3064 1660 3119; x_wconf 85' lang='grc' dir='ltr'>καὶ</span> <span class='ocrx_word' id='word_1_348' title='bbox 1705 3062 1773 3117; x_wconf 72' lang='grc' dir='ltr'>δι’</span> <span class='ocrx_word' id='word_1_349' title='bbox 1803 3063 1833 3117; x_wconf 78' lang='grc' dir='ltr'>ὅ</span> <span class='ocrx_word' id='word_1_350' title='bbox 1868 3061 2081 3135; x_wconf 78' lang='grc' dir='ltr'>μᾶλλον</span> 
     </span>
    </p>
   </div>
   <div class='ocr_carea' id='block_1_46' title="bbox 435 3150 2080 3230">
    <p class='ocr_par' dir='ltr' id='par_1_46' title="bbox 435 3150 2080 3230">
     <span class='ocr_line' id='line_1_46' title="bbox 435 3150 2080 3230; baseline -0.001 -23"><span class='ocrx_word' id='word_1_351' title='bbox 435 3152 661 3229; x_wconf 72' lang='grc' dir='ltr'>ἐραστὴς</span> <span class='ocrx_word' id='word_1_352' title='bbox 707 3150 966 3230; x_wconf 78' lang='grc' dir='ltr'>ἐγενόμην</span> <span class='ocrx_word' id='word_1_353' title='bbox 998 3164 1097 3225; x_wconf 83' lang='grc' dir='ltr'>τῆς</span> <span class='ocrx_word' id='word_1_354' title='bbox 1149 3152 1355 3209; x_wconf 78' lang='grc' dir='ltr'>ἐνθένδε</span> <span class='ocrx_word' id='word_1_355' title='bbox 1404 3154 1843 3213; x_wconf 83' lang='grc' dir='ltr'>ἀπαναστάσεως.</span> <span class='ocrx_word' id='word_1_356' title='bbox 1912 3156 2080 3206; x_wconf 77' lang='grc' dir='ltr'>Τοῦτο</span> 
     </span>
    </p>
   </div>
   <div class='ocr_carea' id='block_1_47' title="bbox 431 3240 2082 3319">
    <p class='ocr_par' dir='ltr' id='par_1_47' title="bbox 431 3240 2082 3319">
     <span class='ocr_line' id='line_1_47' title="bbox 431 3240 2082 3319; baseline -0.002 -22"><span class='ocrx_word' id='word_1_357' title='bbox 431 3246 566 3316; x_wconf 79' lang='grc' dir='ltr'>ἡμῖν</span> <span class='ocrx_word' id='word_1_358' title='bbox 615 3244 677 3298; x_wconf 83' lang='grc' dir='ltr'>τὸ</span> <span class='ocrx_word' id='word_1_359' title='bbox 739 3244 877 3319; x_wconf 78' lang='grc' dir='ltr'>μέγα</span> <span class='ocrx_word' id='word_1_360' title='bbox 946 3246 1238 3318; x_wconf 68' lang='grc' dir='ltr'>μυστήριον</span> <span class='ocrx_word' id='word_1_361' title='bbox 1313 3242 1608 3318; x_wconf 78' lang='grc' dir='ltr'>βοολεται·</span> <span class='ocrx_word' id='word_1_362' title='bbox 1661 3245 1823 3295; x_wconf 81' lang='grc' dir='ltr'>τοῦτο</span> <span class='ocrx_word' id='word_1_363' title='bbox 1870 3242 2007 3313; x_wconf 74' lang='grc' dir='ltr'>ἡμῖν</span> <span class='ocrx_word' id='word_1_364' title='bbox 2055 3240 2082 3293; x_wconf 89' lang='grc' dir='ltr'>ὁ</span> 
     </span>
    </p>
   </div>
   <div class='ocr_carea' id='block_1_48' title="bbox 432 3325 2087 3409">
    <p class='ocr_par' dir='ltr' id='par_1_48' title="bbox 432 3325 2087 3409">
     <span class='ocr_line' id='line_1_48' title="bbox 432 3325 2087 3409; baseline -0.003 -23"><span class='ocrx_word' id='word_1_365' title='bbox 432 3332 852 3409; x_wconf 73' lang='grc' dir='ltr'>ἐνανθρωπήσας</span> <span class='ocrx_word' id='word_1_366' title='bbox 903 3332 969 3387; x_wconf 82' lang='grc' dir='ltr'>δι’</span> <span class='ocrx_word' id='word_1_367' title='bbox 1022 3336 1169 3405; x_wconf 79' lang='grc' dir='ltr'>ἡμᾶς</span> <span class='ocrx_word' id='word_1_368' title='bbox 1243 3332 1330 3386; x_wconf 82' lang='grc' dir='ltr'>καὶ</span> <span class='ocrx_word' id='word_1_369' title='bbox 1407 3329 1729 3406; x_wconf 69' lang='grc' dir='ltr'>πτωχεύσεις</span> <span class='ocrx_word' id='word_1_370' title='bbox 1792 3328 1940 3398; x_wconf 86' lang='grc' dir='ltr'>Θεὸς,</span> <span class='ocrx_word' id='word_1_371' title='bbox 1995 3325 2087 3381; x_wconf 69' lang='grc' dir='ltr'>’ίνα</span> 
     </span>
    </p>
   </div>
   <div class='ocr_carea' id='block_1_49' title="bbox 430 3416 2086 3497">
    <p class='ocr_par' dir='ltr' id='par_1_49' title="bbox 430 3416 2086 3497">
     <span class='ocr_line' id='line_1_49' title="bbox 430 3416 2086 3497; baseline -0.002 -22"><span class='ocrx_word' id='word_1_372' title='bbox 430 3421 704 3495; x_wconf 79' lang='grc' dir='ltr'>ἀναστήσῃ</span> <span class='ocrx_word' id='word_1_373' title='bbox 755 3424 854 3490; x_wconf 79' lang='grc' dir='ltr'>τὴν</span> <span class='ocrx_word' id='word_1_374' title='bbox 908 3423 1095 3497; x_wconf 78' lang='grc' dir='ltr'>σάρκα,</span> <span class='ocrx_word' id='word_1_375' title='bbox 1148 3421 1237 3474; x_wconf 78' lang='grc' dir='ltr'>καὶ</span> <span class='ocrx_word' id='word_1_376' title='bbox 1287 3420 1623 3489; x_wconf 85' lang='grc' dir='ltr'>ἀνασώσηται</span> <span class='ocrx_word' id='word_1_377' title='bbox 1662 3420 1762 3486; x_wconf 76' lang='grc' dir='ltr'>τήν</span> <span class='ocrx_word' id='word_1_378' title='bbox 1797 3416 1976 3471; x_wconf 78' lang='grc' dir='ltr'>εἰκόνα</span> <span class='ocrx_word' id='word_1_379' title='bbox 2008 3418 2086 3491; x_wconf 86' lang='grc'>(9)</span> 
     </span>
    </p>
   </div>
   <div class='ocr_carea' id='block_1_50' title="bbox 429 3506 2086 3583">
    <p class='ocr_par' dir='ltr' id='par_1_50' title="bbox 429 3506 2086 3583">
     <span class='ocr_line' id='line_1_50' title="bbox 429 3506 2086 3583; baseline -0.003 -19"><span class='ocrx_word' id='word_1_380' title='bbox 429 3532 519 3564; x_wconf 90' lang='grc' dir='ltr'>και</span> <span class='ocrx_word' id='word_1_381' title='bbox 574 3510 854 3583; x_wconf 74' lang='grc' dir='ltr'>ἀναπλάσῃ</span> <span class='ocrx_word' id='word_1_382' title='bbox 903 3511 995 3564; x_wconf 85' lang='grc' dir='ltr'>τὸν</span> <span class='ocrx_word' id='word_1_383' title='bbox 1047 3507 1348 3583; x_wconf 79' lang='grc' dir='ltr'>ἄνθρωπον,</span> <span class='ocrx_word' id='word_1_384' title='bbox 1386 3506 1477 3561; x_wconf 70' lang='grc' dir='ltr'>’ίνα</span> <span class='ocrx_word' id='word_1_385' title='bbox 1524 3508 1804 3583; x_wconf 87' lang='grc' dir='ltr'>γενώμεθα</span> <span class='ocrx_word' id='word_1_386' title='bbox 1853 3506 1903 3560; x_wconf 79' lang='grc' dir='ltr'>οἱ</span> <span class='ocrx_word' id='word_1_387' title='bbox 1953 3507 2086 3559; x_wconf 82' lang='grc' dir='ltr'>πάν-</span> 
     </span>
    </p>
   </div>
   <div class='ocr_carea' id='block_1_51' title="bbox 429 3595 2082 3674">
    <p class='ocr_par' dir='ltr' id='par_1_51' title="bbox 429 3595 2082 3674">
     <span class='ocr_line' id='line_1_51' title="bbox 429 3595 2082 3674; baseline -0.003 -21"><span class='ocrx_word' id='word_1_388' title='bbox 429 3620 517 3660; x_wconf 84' lang='grc' dir='ltr'>τες</span> <span class='ocrx_word' id='word_1_389' title='bbox 551 3596 600 3653; x_wconf 83' lang='grc' dir='ltr'>ἔν</span> <span class='ocrx_word' id='word_1_390' title='bbox 638 3598 689 3653; x_wconf 92' lang='grc' dir='ltr'>ἐν</span> <span class='ocrx_word' id='word_1_391' title='bbox 744 3601 966 3674; x_wconf 82' lang='grc' dir='ltr'>Χριστῷ</span> <span class='ocrx_word' id='word_1_392' title='bbox 1026 3599 1300 3673; x_wconf 70' lang='grc' dir='ltr'>γενομένῳ</span> <span class='ocrx_word' id='word_1_393' title='bbox 1356 3597 1421 3650; x_wconf 71' lang='grc' dir='ltr'>τὰ</span> <span class='ocrx_word' id='word_1_394' title='bbox 1461 3596 1629 3650; x_wconf 75' lang='grc' dir='ltr'>πάντα</span> <span class='ocrx_word' id='word_1_395' title='bbox 1669 3595 1728 3650; x_wconf 88' lang='grc' dir='ltr'>ἐκ</span> <span class='ocrx_word' id='word_1_396' title='bbox 1757 3601 1914 3649; x_wconf 78' lang='grc' dir='ltr'>πᾶσιν</span> <span class='ocrx_word' id='word_1_397' title='bbox 1948 3597 2082 3666; x_wconf 80' lang='grc' dir='ltr'>ἡμῖν</span> 
     </span>
    </p>
   </div>
   <div class='ocr_carea' id='block_1_52' title="bbox 432 3683 2085 3762">
    <p class='ocr_par' dir='ltr' id='par_1_52' title="bbox 432 3683 2085 3762">
     <span class='ocr_line' id='line_1_52' title="bbox 432 3683 2085 3762; baseline -0.003 -20"><span class='ocrx_word' id='word_1_398' title='bbox 432 3688 679 3759; x_wconf 87' lang='grc' dir='ltr'>τελείως,</span> <span class='ocrx_word' id='word_1_399' title='bbox 740 3687 835 3742; x_wconf 79' lang='grc' dir='ltr'>ὅσα</span> <span class='ocrx_word' id='word_1_400' title='bbox 878 3687 977 3762; x_wconf 80' lang='grc' dir='ltr'>πέρ</span> <span class='ocrx_word' id='word_1_401' title='bbox 1028 3687 1165 3741; x_wconf 84' lang='grc' dir='ltr'>ἐστιν</span> <span class='ocrx_word' id='word_1_402' title='bbox 1221 3686 1379 3747; x_wconf 80' lang='grc' dir='ltr'>αὐτὸς</span> <span class='ocrx_word' id='word_1_403' title='bbox 1432 3683 1682 3757; x_wconf 72' lang='grc' dir='ltr'>(ΙΟ),⁹ίνα</span> <span class='ocrx_word' id='word_1_404' title='bbox 1712 3685 1905 3756; x_wconf 84' lang='grc' dir='ltr'>μηκέτι</span> <span class='ocrx_word' id='word_1_405' title='bbox 1938 3686 2085 3756; x_wconf 81' lang='grc' dir='ltr'>ὦμεν</span> 
     </span>
    </p>
   </div>
   <div class='ocr_carea' id='block_1_53' title="bbox 430 3770 2082 3852">
    <p class='ocr_par' dir='ltr' id='par_1_53' title="bbox 430 3770 2082 3852">
     <span class='ocr_line' id='line_1_53' title="bbox 430 3770 2082 3852; baseline -0.002 -23"><span class='ocrx_word' id='word_1_406' title='bbox 430 3776 585 3852; x_wconf 48' lang='lat' dir='ltr'>aee“</span> <span class='ocrx_word' id='word_1_407' title='bbox 643 3777 732 3830; x_wconf 82' lang='lat' dir='ltr'>xui</span> <span class='ocrx_word' id='word_1_408' title='bbox 781 3774 942 3847; x_wconf 73' lang='grc' dir='ltr'>θῆλυ,</span> <span class='ocrx_word' id='word_1_409' title='bbox 973 3770 1263 3850; x_wconf 77' lang='grc' dir='ltr'>βάρϐαρος,</span> <span class='ocrx_word' id='word_1_410' title='bbox 1300 3773 1534 3844; x_wconf 82' lang='grc' dir='ltr'>Σκύθης,</span> <span class='ocrx_word' id='word_1_411' title='bbox 1585 3771 1808 3842; x_wconf 73' lang='grc' dir='ltr'>δοῦλος,</span> <span class='ocrx_word' id='word_1_412' title='bbox 1866 3770 2082 3835; x_wconf 76' lang='grc' dir='ltr'>ἐλεύθε-</span> 
     </span>
    </p>
   </div>
   <div class='ocr_carea' id='block_1_54' title="bbox 431 3859 2079 3940">
    <p class='ocr_par' dir='ltr' id='par_1_54' title="bbox 431 3859 2079 3940">
     <span class='ocr_line' id='line_1_54' title="bbox 431 3859 2079 3940; baseline -0.004 -21"><span class='ocrx_word' id='word_1_413' title='bbox 431 3886 545 3940; x_wconf 85' lang='grc' dir='ltr'>ρος,</span> <span class='ocrx_word' id='word_1_414' title='bbox 576 3865 643 3919; x_wconf 76' lang='grc' dir='ltr'>τὰ</span> <span class='ocrx_word' id='word_1_415' title='bbox 696 3872 796 3934; x_wconf 80' lang='grc' dir='ltr'>τῆς</span> <span class='ocrx_word' id='word_1_416' title='bbox 828 3866 1022 3940; x_wconf 87' lang='grc' dir='ltr'>σαρκὸς</span> <span class='ocrx_word' id='word_1_417' title='bbox 1062 3863 1432 3939; x_wconf 83' lang='grc' dir='ltr'>γνωρίσματα,</span> <span class='ocrx_word' id='word_1_418' title='bbox 1497 3861 1659 3935; x_wconf 82' lang='grc' dir='ltr'>μόνον</span> <span class='ocrx_word' id='word_1_419' title='bbox 1717 3859 1773 3916; x_wconf 74' lang='grc' dir='ltr'>δὲ</span> <span class='ocrx_word' id='word_1_420' title='bbox 1831 3862 2079 3937; x_wconf 71' lang='grc' dir='ltr'>φέρωμεν</span> 
     </span>
    </p>
   </div>
   <div class='ocr_carea' id='block_1_55' title="bbox 426 3949 2081 4027">
    <p class='ocr_par' dir='ltr' id='par_1_55' title="bbox 426 3949 2081 4027">
     <span class='ocr_line' id='line_1_55' title="bbox 426 3949 2081 4027; baseline -0.003 -21"><span class='ocrx_word' id='word_1_421' title='bbox 426 3952 477 4006; x_wconf 88' lang='grc' dir='ltr'>ἐν</span> <span class='ocrx_word' id='word_1_422' title='bbox 524 3956 658 4025; x_wconf 78' lang='grc' dir='ltr'>ἡμῖν</span> <span class='ocrx_word' id='word_1_423' title='bbox 707 3953 891 4015; x_wconf 77' lang='grc' dir='ltr'>αὐτοῖς</span> <span class='ocrx_word' id='word_1_424' title='bbox 939 3955 1029 4007; x_wconf 86' lang='grc' dir='ltr'>τὸν</span> <span class='ocrx_word' id='word_1_425' title='bbox 1078 3958 1217 4015; x_wconf 83' lang='grc' dir='ltr'>θεῖον</span> <span class='ocrx_word' id='word_1_426' title='bbox 1265 3953 1377 4024; x_wconf 66' lang='grc'>(11)</span> <span class='ocrx_word' id='word_1_427' title='bbox 1423 3957 1761 4027; x_wconf 77' lang='grc' dir='ltr'>χαρακτῆρα,</span> <span class='ocrx_word' id='word_1_428' title='bbox 1825 3951 1951 4023; x_wconf 88' lang='grc' dir='ltr'>παρ’</span> <span class='ocrx_word' id='word_1_429' title='bbox 2018 3949 2081 4002; x_wconf 79' lang='grc' dir='ltr'>οὗ</span> 
     </span>
    </p>
   </div>
   <div class='ocr_carea' id='block_1_56' title="bbox 424 4039 2081 4118">
    <p class='ocr_par' dir='ltr' id='par_1_56' title="bbox 424 4039 2081 4118">
     <span class='ocr_line' id='line_1_56' title="bbox 424 4039 2081 4118; baseline -0.002 -23"><span class='ocrx_word' id='word_1_430' title='bbox 424 4043 513 4096; x_wconf 83' lang='grc' dir='ltr'>καὶ</span> <span class='ocrx_word' id='word_1_431' title='bbox 570 4042 645 4104; x_wconf 79' lang='grc' dir='ltr'>εἷς</span> <span class='ocrx_word' id='word_1_432' title='bbox 706 4043 763 4097; x_wconf 74' lang='grc' dir='ltr'>’ὸν</span> <span class='ocrx_word' id='word_1_433' title='bbox 791 4041 1112 4118; x_wconf 85' lang='grc' dir='ltr'>γεγόναμεν,</span> <span class='ocrx_word' id='word_1_434' title='bbox 1171 4045 1425 4095; x_wconf 76' lang='grc' dir='ltr'>τοσοῦτον</span> <span class='ocrx_word' id='word_1_435' title='bbox 1484 4041 1571 4093; x_wconf 78' lang='grc' dir='ltr'>ἀπ’</span> <span class='ocrx_word' id='word_1_436' title='bbox 1630 4039 1793 4092; x_wconf 78' lang='grc' dir='ltr'>αὐτοῦ</span> <span class='ocrx_word' id='word_1_437' title='bbox 1855 4058 2081 4114; x_wconf 81' lang='grc' dir='ltr'>μορφω-</span> 
     </span>
    </p>
   </div>
   <div class='ocr_carea' id='block_1_57' title="bbox 428 4126 2081 4202">
    <p class='ocr_par' dir='ltr' id='par_1_57' title="bbox 428 4126 2081 4202">
     <span class='ocr_line' id='line_1_57' title="bbox 428 4126 2081 4202; baseline -0.004 -18"><span class='ocrx_word' id='word_1_438' title='bbox 428 4130 605 4192; x_wconf 78' lang='grc' dir='ltr'>θέντες</span> <span class='ocrx_word' id='word_1_439' title='bbox 662 4131 751 4184; x_wconf 80' lang='grc' dir='ltr'>καὶ</span> <span class='ocrx_word' id='word_1_440' title='bbox 806 4130 1159 4202; x_wconf 80' lang='grc' dir='ltr'>τυπωθὲντες,</span> <span class='ocrx_word' id='word_1_441' title='bbox 1220 4130 1357 4183; x_wconf 80' lang='grc' dir='ltr'>ὥστε</span> <span class='ocrx_word' id='word_1_442' title='bbox 1414 4128 1502 4182; x_wconf 82' lang='grc' dir='ltr'>καὶ</span> <span class='ocrx_word' id='word_1_443' title='bbox 1559 4127 1664 4181; x_wconf 84' lang='grc' dir='ltr'>ἀπὸ</span> <span class='ocrx_word' id='word_1_444' title='bbox 1715 4126 1883 4198; x_wconf 82' lang='grc' dir='ltr'>μόνου</span> <span class='ocrx_word' id='word_1_445' title='bbox 1916 4126 2081 4200; x_wconf 82' lang='grc' dir='ltr'>γινώ-</span> 
     </span>
    </p>
   </div>
   <div class='ocr_carea' id='block_1_58' title="bbox 428 4221 668 4274">
    <p class='ocr_par' dir='ltr' id='par_1_58' title="bbox 428 4221 668 4274">
     <span class='ocr_line' id='line_1_58' title="bbox 428 4221 668 4274; baseline 0.008 -2"><span class='ocrx_word' id='word_1_446' title='bbox 428 4221 668 4274; x_wconf 74' lang='grc' dir='ltr'>σκεσθαι.</span> 
     </span>
    </p>
   </div>
   <div class='ocr_carea' id='block_1_59' title="bbox 502 4392 2082 4469">
    <p class='ocr_par' dir='ltr' id='par_1_59' title="bbox 502 4392 2082 4469">
     <span class='ocr_line' id='line_1_59' title="bbox 502 4392 2082 4469; baseline -0.003 -20"><span class='ocrx_word' id='word_1_447' title='bbox 502 4398 614 4451; x_wconf 82' lang='lat' dir='ltr'>KA&#39;.</span> <span class='ocrx_word' id='word_1_448' title='bbox 676 4394 773 4450; x_wconf 79' lang='grc' dir='ltr'>Καὶ</span> <span class='ocrx_word' id='word_1_449' title='bbox 835 4393 918 4465; x_wconf 79' lang='grc' dir='ltr'>εἴη</span> <span class='ocrx_word' id='word_1_450' title='bbox 973 4395 1066 4466; x_wconf 69' lang='grc' dir='ltr'>μὲν</span> <span class='ocrx_word' id='word_1_451' title='bbox 1122 4415 1185 4468; x_wconf 87' lang='grc' dir='ltr'>γε</span> <span class='ocrx_word' id='word_1_452' title='bbox 1240 4392 1372 4469; x_wconf 78' lang='grc' dir='ltr'>ὅπερ</span> <span class='ocrx_word' id='word_1_453' title='bbox 1426 4392 1739 4465; x_wconf 77' lang='grc' dir='ltr'>ἐλπίζομεν,</span> <span class='ocrx_word' id='word_1_454' title='bbox 1798 4392 1933 4445; x_wconf 82' lang='grc' dir='ltr'>κατὰ</span> <span class='ocrx_word' id='word_1_455' title='bbox 1982 4393 2082 4461; x_wconf 74' lang='grc' dir='ltr'>τὴν</span> 
     </span>
    </p>
   </div>
   <div class='ocr_carea' id='block_1_60' title="bbox 432 4479 2075 4559">
    <p class='ocr_par' dir='ltr' id='par_1_60' title="bbox 432 4479 2075 4559">
     <span class='ocr_line' id='line_1_60' title="bbox 432 4479 2075 4559; baseline -0.002 -21"><span class='ocrx_word' id='word_1_456' title='bbox 432 4483 677 4559; x_wconf 74' lang='grc' dir='ltr'>μεγάλην</span> <span class='ocrx_word' id='word_1_457' title='bbox 711 4481 843 4538; x_wconf 78' lang='grc' dir='ltr'>Θεοῦ</span> <span class='ocrx_word' id='word_1_458' title='bbox 889 4488 984 4537; x_wconf 77' lang='grc' dir='ltr'>τοῦ</span> <span class='ocrx_word' id='word_1_459' title='bbox 1046 4479 1437 4559; x_wconf 70' lang='grc' dir='ltr'>μεγαλοδώρου</span> <span class='ocrx_word' id='word_1_460' title='bbox 1485 4480 1927 4559; x_wconf 80' lang='grc' dir='ltr'>φιλανθρωπίαν·</span> <span class='ocrx_word' id='word_1_461' title='bbox 1994 4479 2075 4552; x_wconf 76' lang='grc' dir='ltr'>ὅς,</span> 
     </span>
    </p>
   </div>
   <div class='ocr_carea' id='block_1_61' title="bbox 2190 1910 3834 1983">
    <p class='ocr_par' dir='ltr' id='par_1_61' title="bbox 2190 1910 3834 1983">
     <span class='ocr_line' id='line_1_61' title="bbox 2190 1910 3834 1983; baseline -0.003 -16"><span class='ocrx_word' id='word_1_462' title='bbox 2190 1912 2564 1967; x_wconf 73' lang='lat' dir='ltr'>mortificem&quot;</span> <span class='ocrx_word' id='word_1_463' title='bbox 2584 1911 2844 1967; x_wconf 89' lang='lat' dir='ltr'>lUtinam</span> <span class='ocrx_word' id='word_1_464' title='bbox 2869 1912 3063 1966; x_wconf 88' lang='lat' dir='ltr'>omnia</span> <span class='ocrx_word' id='word_1_465' title='bbox 3085 1929 3187 1983; x_wconf 92' lang='lat' dir='ltr'>per</span> <span class='ocrx_word' id='word_1_466' title='bbox 3208 1910 3481 1982; x_wconf 86' lang='lat' dir='ltr'>spiritum</span> <span class='ocrx_word' id='word_1_467' title='bbox 3503 1910 3834 1979; x_wconf 84' lang='lat' dir='ltr'>absumam,</span> 
     </span>
    </p>
   </div>
   <div class='ocr_carea' id='block_1_62' title="bbox 2190 2000 3833 2072">
    <p class='ocr_par' dir='ltr' id='par_1_62' title="bbox 2190 2000 3833 2072">
     <span class='ocr_line' id='line_1_62' title="bbox 2190 2000 3833 2072; baseline -0.004 -16"><span class='ocrx_word' id='word_1_468' title='bbox 2190 2006 2347 2056; x_wconf 89' lang='lat' dir='ltr'>arcta</span> <span class='ocrx_word' id='word_1_469' title='bbox 2375 2001 2488 2069; x_wconf 86' lang='lat' dir='ltr'>via,</span> <span class='ocrx_word' id='word_1_470' title='bbox 2538 2007 2593 2056; x_wconf 88' lang='lat' dir='ltr'>et</span> <span class='ocrx_word' id='word_1_471' title='bbox 2644 2018 2759 2071; x_wconf 90' lang='lat' dir='ltr'>qua</span> <span class='ocrx_word' id='word_1_472' title='bbox 2806 2002 2969 2072; x_wconf 88' lang='lat' dir='ltr'>pauci</span> <span class='ocrx_word' id='word_1_473' title='bbox 3028 2000 3379 2072; x_wconf 89' lang='lat' dir='ltr'>gradiuntur</span> <span class='ocrx_word' id='word_1_474' title='bbox 3406 2000 3447 2069; x_wconf 84' lang='grc'>⁸,</span> <span class='ocrx_word' id='word_1_475' title='bbox 3478 2015 3594 2053; x_wconf 88' lang='lat' dir='ltr'>non</span> <span class='ocrx_word' id='word_1_476' title='bbox 3638 2000 3833 2051; x_wconf 89' lang='lat' dir='ltr'>autem</span> 
     </span>
    </p>
   </div>
   <div class='ocr_carea' id='block_1_63' title="bbox 2188 2087 3837 2159">
    <p class='ocr_par' dir='ltr' id='par_1_63' title="bbox 2188 2087 3837 2159">
     <span class='ocr_line' id='line_1_63' title="bbox 2188 2087 3837 2159; baseline -0.003 -14"><span class='ocrx_word' id='word_1_477' title='bbox 2188 2091 2305 2145; x_wconf 87' lang='lat' dir='ltr'>lata</span> <span class='ocrx_word' id='word_1_478' title='bbox 2335 2094 2392 2143; x_wconf 91' lang='lat' dir='ltr'>et</span> <span class='ocrx_word' id='word_1_479' title='bbox 2419 2090 2572 2145; x_wconf 87' lang='lat' dir='ltr'>facili</span> <span class='ocrx_word' id='word_1_480' title='bbox 2622 2090 2897 2145; x_wconf 87' lang='lat' dir='ltr'>incedens</span> <span class='ocrx_word' id='word_1_481' title='bbox 2928 2089 2980 2142; x_wconf 72' lang='grc'>¹³1</span> <span class='ocrx_word' id='word_1_482' title='bbox 3018 2089 3231 2159; x_wconf 89' lang='lat' dir='ltr'>Magna</span> <span class='ocrx_word' id='word_1_483' title='bbox 3275 2088 3431 2143; x_wconf 90' lang='lat' dir='ltr'>enim</span> <span class='ocrx_word' id='word_1_484' title='bbox 3484 2087 3738 2158; x_wconf 85' lang='lat' dir='ltr'>profecto</span> <span class='ocrx_word' id='word_1_485' title='bbox 3778 2088 3837 2140; x_wconf 85' lang='lat' dir='ltr'>et</span> 
     </span>
    </p>
   </div>
   <div class='ocr_carea' id='block_1_64' title="bbox 2189 2178 3833 2249">
    <p class='ocr_par' dir='ltr' id='par_1_64' title="bbox 2189 2178 3833 2249">
     <span class='ocr_line' id='line_1_64' title="bbox 2189 2178 3833 2249; baseline -0.002 -18"><span class='ocrx_word' id='word_1_486' title='bbox 2189 2178 2490 2233; x_wconf 89' lang='lat' dir='ltr'>luculenta</span> <span class='ocrx_word' id='word_1_487' title='bbox 2522 2182 2659 2233; x_wconf 92' lang='lat' dir='ltr'>sunt</span> <span class='ocrx_word' id='word_1_488' title='bbox 2688 2194 2774 2244; x_wconf 89' lang='lat' dir='ltr'>ea,</span> <span class='ocrx_word' id='word_1_489' title='bbox 2811 2194 2937 2249; x_wconf 67' lang='lat' dir='ltr'>quae</span> <span class='ocrx_word' id='word_1_490' title='bbox 2973 2182 3176 2249; x_wconf 87' lang='lat' dir='ltr'>postea</span> <span class='ocrx_word' id='word_1_491' title='bbox 3223 2180 3571 2247; x_wconf 88' lang='lat' dir='ltr'>sequuntur,</span> <span class='ocrx_word' id='word_1_492' title='bbox 3602 2190 3669 2229; x_wconf 92' lang='lat' dir='ltr'>ac</span> <span class='ocrx_word' id='word_1_493' title='bbox 3699 2189 3833 2245; x_wconf 86' lang='lat' dir='ltr'>spes</span> 
     </span>
    </p>
   </div>
   <div class='ocr_carea' id='block_1_65' title="bbox 2190 2262 3836 2336">
    <p class='ocr_par' dir='ltr' id='par_1_65' title="bbox 2190 2262 3836 2336">
     <span class='ocr_line' id='line_1_65' title="bbox 2190 2262 3836 2336; baseline -0.003 -15"><span class='ocrx_word' id='word_1_494' title='bbox 2190 2267 2464 2321; x_wconf 85' lang='lat' dir='ltr'>meritum</span> <span class='ocrx_word' id='word_1_495' title='bbox 2517 2272 2784 2321; x_wconf 89' lang='lat' dir='ltr'>nostrum</span> <span class='ocrx_word' id='word_1_496' title='bbox 2829 2270 2887 2321; x_wconf 89' lang='lat' dir='ltr'>et</span> <span class='ocrx_word' id='word_1_497' title='bbox 2925 2265 3268 2336; x_wconf 86' lang='lat' dir='ltr'>dignitatem</span> <span class='ocrx_word' id='word_1_498' title='bbox 3301 2264 3545 2319; x_wconf 84' lang='lat' dir='ltr'>excedit.</span> <span class='ocrx_word' id='word_1_499' title='bbox 3579 2262 3726 2331; x_wconf 79' lang='lat' dir='ltr'>Quid</span> <span class='ocrx_word' id='word_1_500' title='bbox 3752 2267 3836 2317; x_wconf 75' lang='lat' dir='ltr'>est</span> 
     </span>
    </p>
   </div>
   <div class='ocr_carea' id='block_1_66' title="bbox 2190 2352 3835 2426">
    <p class='ocr_par' dir='ltr' id='par_1_66' title="bbox 2190 2352 3835 2426">
     <span class='ocr_line' id='line_1_66' title="bbox 2190 2352 3835 2426; baseline -0.003 -16"><span class='ocrx_word' id='word_1_501' title='bbox 2190 2356 2372 2421; x_wconf 87' lang='lat' dir='ltr'>homo,</span> <span class='ocrx_word' id='word_1_502' title='bbox 2391 2356 2540 2426; x_wconf 85' lang='lat' dir='ltr'>quod</span> <span class='ocrx_word' id='word_1_503' title='bbox 2566 2371 2774 2410; x_wconf 85' lang='lat' dir='ltr'>memor</span> <span class='ocrx_word' id='word_1_504' title='bbox 2794 2371 2847 2409; x_wconf 74' lang='lat' dir='ltr'>es</span> <span class='ocrx_word' id='word_1_505' title='bbox 2876 2355 2993 2417; x_wconf 79' lang='lat' dir='ltr'>eius</span> <span class='ocrx_word' id='word_1_506' title='bbox 3022 2353 3114 2407; x_wconf 72' lang='lat'>&quot;‘2</span> <span class='ocrx_word' id='word_1_507' title='bbox 3145 2354 3448 2418; x_wconf 88' lang='lat' dir='ltr'>Quodnam</span> <span class='ocrx_word' id='word_1_508' title='bbox 3480 2352 3589 2407; x_wconf 89' lang='lat' dir='ltr'>hoc</span> <span class='ocrx_word' id='word_1_509' title='bbox 3620 2367 3835 2407; x_wconf 89' lang='lat' dir='ltr'>novum</span> 
     </span>
    </p>
   </div>
   <div class='ocr_carea' id='block_1_67' title="bbox 2190 2442 3838 2515">
    <p class='ocr_par' dir='ltr' id='par_1_67' title="bbox 2190 2442 3838 2515">
     <span class='ocr_line' id='line_1_67' title="bbox 2190 2442 3838 2515; baseline -0.003 -17"><span class='ocrx_word' id='word_1_510' title='bbox 2190 2443 2411 2498; x_wconf 90' lang='lat' dir='ltr'>circum</span> <span class='ocrx_word' id='word_1_511' title='bbox 2444 2460 2535 2498; x_wconf 91' lang='lat' dir='ltr'>me</span> <span class='ocrx_word' id='word_1_512' title='bbox 2568 2442 2959 2515; x_wconf 78' lang='lat' dir='ltr'>mysterium?</span> <span class='ocrx_word' id='word_1_513' title='bbox 3010 2442 3227 2496; x_wconf 87' lang='lat' dir='ltr'>Parvus</span> <span class='ocrx_word' id='word_1_514' title='bbox 3273 2457 3405 2496; x_wconf 90' lang='lat' dir='ltr'>sum</span> <span class='ocrx_word' id='word_1_515' title='bbox 3458 2444 3515 2495; x_wconf 88' lang='lat' dir='ltr'>et</span> <span class='ocrx_word' id='word_1_516' title='bbox 3563 2454 3838 2512; x_wconf 82' lang='lat' dir='ltr'>magnus,</span> 
     </span>
    </p>
   </div>
   <div class='ocr_carea' id='block_1_68' title="bbox 2190 2528 3839 2601">
    <p class='ocr_par' dir='ltr' id='par_1_68' title="bbox 2190 2528 3839 2601">
     <span class='ocr_line' id='line_1_68' title="bbox 2190 2528 3839 2601; baseline -0.002 -14"><span class='ocrx_word' id='word_1_517' title='bbox 2190 2532 2433 2587; x_wconf 88' lang='lat' dir='ltr'>humilis</span> <span class='ocrx_word' id='word_1_518' title='bbox 2465 2538 2521 2587; x_wconf 87' lang='lat' dir='ltr'>et</span> <span class='ocrx_word' id='word_1_519' title='bbox 2550 2532 2835 2601; x_wconf 84' lang='lat' dir='ltr'>excelsus,</span> <span class='ocrx_word' id='word_1_520' title='bbox 2866 2530 3130 2585; x_wconf 89' lang='lat' dir='ltr'>mortalis</span> <span class='ocrx_word' id='word_1_521' title='bbox 3160 2534 3215 2584; x_wconf 90' lang='lat' dir='ltr'>et</span> <span class='ocrx_word' id='word_1_522' title='bbox 3248 2528 3622 2597; x_wconf 84' lang='lat' dir='ltr'>immortalis,</span> <span class='ocrx_word' id='word_1_523' title='bbox 3654 2532 3839 2583; x_wconf 87' lang='lat' dir='ltr'>terre-</span> 
     </span>
    </p>
   </div>
   <div class='ocr_carea' id='block_1_69' title="bbox 2191 2614 3840 2683">
    <p class='ocr_par' dir='ltr' id='par_1_69' title="bbox 2191 2614 3840 2683">
     <span class='ocr_line' id='line_1_69' title="bbox 2191 2614 3840 2683; baseline -0.004 -8"><span class='ocrx_word' id='word_1_524' title='bbox 2191 2638 2302 2675; x_wconf 89' lang='lat' dir='ltr'>nus</span> <span class='ocrx_word' id='word_1_525' title='bbox 2333 2625 2387 2675; x_wconf 91' lang='lat' dir='ltr'>et</span> <span class='ocrx_word' id='word_1_526' title='bbox 2417 2620 2683 2675; x_wconf 68' lang='lat' dir='ltr'>scelestis.</span> <span class='ocrx_word' id='word_1_527' title='bbox 2718 2618 2826 2675; x_wconf 89' lang='lat' dir='ltr'>Illa</span> <span class='ocrx_word' id='word_1_528' title='bbox 2855 2636 2989 2674; x_wconf 88' lang='lat' dir='ltr'>cum</span> <span class='ocrx_word' id='word_1_529' title='bbox 3022 2617 3283 2673; x_wconf 83' lang='lat' dir='ltr'>inferiori</span> <span class='ocrx_word' id='word_1_530' title='bbox 3314 2616 3423 2671; x_wconf 90' lang='lat' dir='ltr'>hoc</span> <span class='ocrx_word' id='word_1_531' title='bbox 3452 2616 3694 2683; x_wconf 91' lang='lat' dir='ltr'>mundo,</span> <span class='ocrx_word' id='word_1_532' title='bbox 3719 2614 3840 2670; x_wconf 68' lang='lat' dir='ltr'>hac</span> 
     </span>
    </p>
   </div>
   <div class='ocr_carea' id='block_1_70' title="bbox 2192 2703 3843 2776">
    <p class='ocr_par' dir='ltr' id='par_1_70' title="bbox 2192 2703 3843 2776">
     <span class='ocr_line' id='line_1_70' title="bbox 2192 2703 3843 2776; baseline -0.004 -12"><span class='ocrx_word' id='word_1_533' title='bbox 2192 2726 2323 2764; x_wconf 90' lang='lat' dir='ltr'>cum</span> <span class='ocrx_word' id='word_1_534' title='bbox 2361 2715 2472 2764; x_wconf 91' lang='lat' dir='ltr'>Deo</span> <span class='ocrx_word' id='word_1_535' title='bbox 2498 2727 2511 2775; x_wconf 90' lang='lat'><strong>;</strong></span> <span class='ocrx_word' id='word_1_536' title='bbox 2535 2708 2636 2763; x_wconf 90' lang='lat' dir='ltr'>illa</span> <span class='ocrx_word' id='word_1_537' title='bbox 2656 2725 2787 2763; x_wconf 91' lang='lat' dir='ltr'>cum</span> <span class='ocrx_word' id='word_1_538' title='bbox 2821 2724 3013 2776; x_wconf 86' lang='lat' dir='ltr'>carne,</span> <span class='ocrx_word' id='word_1_539' title='bbox 3042 2707 3157 2761; x_wconf 75' lang='lat' dir='ltr'>haec</span> <span class='ocrx_word' id='word_1_540' title='bbox 3178 2723 3313 2761; x_wconf 90' lang='lat' dir='ltr'>cum</span> <span class='ocrx_word' id='word_1_541' title='bbox 3345 2705 3580 2776; x_wconf 70' lang='lat' dir='ltr'>spiritu.</span> <span class='ocrx_word' id='word_1_542' title='bbox 3605 2703 3843 2776; x_wconf 85' lang='lat' dir='ltr'>Oportet</span> 
     </span>
    </p>
   </div>
   <div class='ocr_carea' id='block_1_71' title="bbox 2196 2793 3843 2867">
    <p class='ocr_par' dir='ltr' id='par_1_71' title="bbox 2196 2793 3843 2867">
     <span class='ocr_line' id='line_1_71' title="bbox 2196 2793 3843 2867; baseline -0.004 -15"><span class='ocrx_word' id='word_1_543' title='bbox 2196 2816 2289 2853; x_wconf 90' lang='lat' dir='ltr'>me</span> <span class='ocrx_word' id='word_1_544' title='bbox 2318 2815 2451 2852; x_wconf 90' lang='lat' dir='ltr'>cum</span> <span class='ocrx_word' id='word_1_545' title='bbox 2485 2798 2713 2852; x_wconf 86' lang='lat' dir='ltr'>Christo</span> <span class='ocrx_word' id='word_1_546' title='bbox 2745 2796 2976 2867; x_wconf 87' lang='lat' dir='ltr'>sepeliri</span> <span class='ocrx_word' id='word_1_547' title='bbox 3011 2795 3162 2851; x_wconf 72' lang='lat'>215</span> <span class='ocrx_word' id='word_1_548' title='bbox 3208 2811 3342 2849; x_wconf 90' lang='lat' dir='ltr'>cum</span> <span class='ocrx_word' id='word_1_549' title='bbox 3375 2793 3599 2848; x_wconf 88' lang='lat' dir='ltr'>Christo</span> <span class='ocrx_word' id='word_1_550' title='bbox 3648 2807 3843 2847; x_wconf 86' lang='lat' dir='ltr'>resur-</span> 
     </span>
    </p>
   </div>
   <div class='ocr_carea' id='block_1_72' title="bbox 2192 2878 3843 2959">
    <p class='ocr_par' dir='ltr' id='par_1_72' title="bbox 2192 2878 3843 2959">
     <span class='ocr_line' id='line_1_72' title="bbox 2192 2878 3843 2959; baseline -0.004 -18"><span class='ocrx_word' id='word_1_551' title='bbox 2192 2903 2346 2959; x_wconf 82' lang='lat' dir='ltr'>gere,</span> <span class='ocrx_word' id='word_1_552' title='bbox 2408 2885 2623 2941; x_wconf 88' lang='lat' dir='ltr'>Cbristi</span> <span class='ocrx_word' id='word_1_553' title='bbox 2675 2885 3031 2941; x_wconf 64' lang='lat' dir='ltr'>cohaeredem</span> <span class='ocrx_word' id='word_1_554' title='bbox 3081 2901 3235 2950; x_wconf 87' lang='lat' dir='ltr'>esse,</span> <span class='ocrx_word' id='word_1_555' title='bbox 3282 2878 3470 2940; x_wconf 83' lang='lat' dir='ltr'>ﬁlium</span> <span class='ocrx_word' id='word_1_556' title='bbox 3522 2881 3622 2936; x_wconf 90' lang='lat' dir='ltr'>Dei</span> <span class='ocrx_word' id='word_1_557' title='bbox 3691 2879 3843 2951; x_wconf 79' lang='lat' dir='ltr'>fieri,</span> 
     </span>
    </p>
   </div>
   <div class='ocr_carea' id='block_1_73' title="bbox 2193 2968 3839 3046">
    <p class='ocr_par' dir='ltr' id='par_1_73' title="bbox 2193 2968 3839 3046">
     <span class='ocr_line' id='line_1_73' title="bbox 2193 2968 3839 3046; baseline -0.003 -16"><span class='ocrx_word' id='word_1_558' title='bbox 2193 2982 2366 3046; x_wconf 88' lang='lat' dir='ltr'>atque</span> <span class='ocrx_word' id='word_1_559' title='bbox 2397 2975 2539 3029; x_wconf 89' lang='lat' dir='ltr'>adeo</span> <span class='ocrx_word' id='word_1_560' title='bbox 2588 2980 2771 3029; x_wconf 90' lang='lat' dir='ltr'>Deum</span> <span class='ocrx_word' id='word_1_561' title='bbox 2825 2973 3042 3044; x_wconf 87' lang='lat' dir='ltr'>ipsum.</span> <span class='ocrx_word' id='word_1_562' title='bbox 3092 2973 3291 3027; x_wconf 88' lang='lat' dir='ltr'>Videte</span> <span class='ocrx_word' id='word_1_563' title='bbox 3339 2987 3456 3042; x_wconf 91' lang='lat' dir='ltr'>quo</span> <span class='ocrx_word' id='word_1_564' title='bbox 3500 2986 3607 3025; x_wconf 89' lang='lat' dir='ltr'>nos</span> <span class='ocrx_word' id='word_1_565' title='bbox 3655 2968 3839 3025; x_wconf 82' lang='lat' dir='ltr'>oratio</span> 
     </span>
    </p>
   </div>
   <div class='ocr_carea' id='block_1_74' title="bbox 2194 3058 3839 3136">
    <p class='ocr_par' dir='ltr' id='par_1_74' title="bbox 2194 3058 3839 3136">
     <span class='ocr_line' id='line_1_74' title="bbox 2194 3058 3839 3136; baseline -0.003 -17"><span class='ocrx_word' id='word_1_566' title='bbox 2194 3064 2571 3136; x_wconf 84' lang='lat' dir='ltr'>progrediens</span> <span class='ocrx_word' id='word_1_567' title='bbox 2602 3063 2839 3118; x_wconf 86' lang='lat' dir='ltr'>tandem</span> <span class='ocrx_word' id='word_1_568' title='bbox 2872 3062 3142 3117; x_wconf 84' lang='lat' dir='ltr'>evexerit.</span> <span class='ocrx_word' id='word_1_569' title='bbox 3196 3061 3405 3115; x_wconf 88' lang='lat' dir='ltr'>Parum</span> <span class='ocrx_word' id='word_1_570' title='bbox 3457 3060 3642 3129; x_wconf 88' lang='lat' dir='ltr'>abest,</span> <span class='ocrx_word' id='word_1_571' title='bbox 3693 3058 3839 3129; x_wconf 89' lang='lat' dir='ltr'>quin</span> 
     </span>
    </p>
   </div>
   <div class='ocr_carea' id='block_1_75' title="bbox 2194 3147 3841 3222">
    <p class='ocr_par' dir='ltr' id='par_1_75' title="bbox 2194 3147 3841 3222">
     <span class='ocr_line' id='line_1_75' title="bbox 2194 3147 3841 3222; baseline -0.002 -15"><span class='ocrx_word' id='word_1_572' title='bbox 2194 3152 2509 3207; x_wconf 86' lang='lat' dir='ltr'>calamitati</span> <span class='ocrx_word' id='word_1_573' title='bbox 2538 3151 2755 3222; x_wconf 83' lang='lat' dir='ltr'>gratias</span> <span class='ocrx_word' id='word_1_574' title='bbox 2786 3151 2961 3206; x_wconf 90' lang='lat' dir='ltr'>etiam</span> <span class='ocrx_word' id='word_1_575' title='bbox 2994 3150 3263 3215; x_wconf 86' lang='lat' dir='ltr'>habeam,</span> <span class='ocrx_word' id='word_1_576' title='bbox 3298 3149 3357 3203; x_wconf 91' lang='lat' dir='ltr'>in</span> <span class='ocrx_word' id='word_1_577' title='bbox 3389 3150 3561 3219; x_wconf 87' lang='lat' dir='ltr'>cujus</span> <span class='ocrx_word' id='word_1_578' title='bbox 3590 3147 3841 3220; x_wconf 84' lang='lat' dir='ltr'>gratiam</span> 
     </span>
    </p>
   </div>
   <div class='ocr_carea' id='block_1_76' title="bbox 2195 3235 3845 3311">
    <p class='ocr_par' dir='ltr' id='par_1_76' title="bbox 2195 3235 3845 3311">
     <span class='ocr_line' id='line_1_76' title="bbox 2195 3235 3845 3311; baseline -0.005 -14"><span class='ocrx_word' id='word_1_579' title='bbox 2195 3243 2316 3297; x_wconf 69' lang='lat' dir='ltr'>haec</span> <span class='ocrx_word' id='word_1_580' title='bbox 2347 3240 2619 3305; x_wconf 84' lang='lat' dir='ltr'>disserui,</span> <span class='ocrx_word' id='word_1_581' title='bbox 2654 3245 2710 3294; x_wconf 91' lang='lat' dir='ltr'>et</span> <span class='ocrx_word' id='word_1_582' title='bbox 2740 3257 2867 3311; x_wconf 65' lang='lat' dir='ltr'>quae</span> <span class='ocrx_word' id='word_1_583' title='bbox 2899 3239 3043 3294; x_wconf 88' lang='lat' dir='ltr'>mihi</span> <span class='ocrx_word' id='word_1_584' title='bbox 3094 3239 3287 3309; x_wconf 87' lang='lat' dir='ltr'>majus</span> <span class='ocrx_word' id='word_1_585' title='bbox 3337 3254 3405 3292; x_wconf 81' lang='lat' dir='ltr'>ex</span> <span class='ocrx_word' id='word_1_586' title='bbox 3446 3236 3557 3291; x_wconf 85' lang='lat' dir='ltr'>hac</span> <span class='ocrx_word' id='word_1_587' title='bbox 3584 3236 3705 3292; x_wconf 83' lang='lat' dir='ltr'>vita</span> <span class='ocrx_word' id='word_1_588' title='bbox 3735 3235 3845 3290; x_wconf 85' lang='lat' dir='ltr'>mi-</span> 
     </span>
    </p>
   </div>
   <div class='ocr_carea' id='block_1_77' title="bbox 2196 3323 3845 3403">
    <p class='ocr_par' dir='ltr' id='par_1_77' title="bbox 2196 3323 3845 3403">
     <span class='ocr_line' id='line_1_77' title="bbox 2196 3323 3845 3403; baseline -0.004 -18"><span class='ocrx_word' id='word_1_589' title='bbox 2196 3330 2399 3403; x_wconf 88' lang='lat' dir='ltr'>grandi</span> <span class='ocrx_word' id='word_1_590' title='bbox 2432 3329 2786 3383; x_wconf 88' lang='lat' dir='ltr'>desiderium</span> <span class='ocrx_word' id='word_1_591' title='bbox 2812 3329 3034 3398; x_wconf 87' lang='lat' dir='ltr'>injecit.</span> <span class='ocrx_word' id='word_1_592' title='bbox 3062 3328 3180 3383; x_wconf 91' lang='lat' dir='ltr'>Hoc</span> <span class='ocrx_word' id='word_1_593' title='bbox 3202 3327 3371 3382; x_wconf 88' lang='lat' dir='ltr'>nobis</span> <span class='ocrx_word' id='word_1_594' title='bbox 3393 3340 3673 3397; x_wconf 89' lang='lat' dir='ltr'>magnum</span> <span class='ocrx_word' id='word_1_595' title='bbox 3700 3323 3845 3380; x_wconf 87' lang='lat' dir='ltr'>illud</span> 
     </span>
    </p>
   </div>
   <div class='ocr_carea' id='block_1_78' title="bbox 2197 3414 3848 3491">
    <p class='ocr_par' dir='ltr' id='par_1_78' title="bbox 2197 3414 3848 3491">
     <span class='ocr_line' id='line_1_78' title="bbox 2197 3414 3848 3491; baseline -0.003 -18"><span class='ocrx_word' id='word_1_596' title='bbox 2197 3420 2540 3491; x_wconf 82' lang='lat' dir='ltr'>mysterium</span> <span class='ocrx_word' id='word_1_597' title='bbox 2574 3418 2845 3489; x_wconf 84' lang='lat' dir='ltr'>designat</span> <span class='ocrx_word' id='word_1_598' title='bbox 2892 3433 2904 3470; x_wconf 91' lang='lat'><strong>:</strong></span> <span class='ocrx_word' id='word_1_599' title='bbox 2940 3417 3050 3471; x_wconf 91' lang='lat' dir='ltr'>hoc</span> <span class='ocrx_word' id='word_1_600' title='bbox 3100 3416 3268 3471; x_wconf 92' lang='lat' dir='ltr'>nobis</span> <span class='ocrx_word' id='word_1_601' title='bbox 3303 3416 3477 3481; x_wconf 89' lang='lat' dir='ltr'>Deus,</span> <span class='ocrx_word' id='word_1_602' title='bbox 3514 3414 3616 3485; x_wconf 90' lang='lat' dir='ltr'>qui</span> <span class='ocrx_word' id='word_1_603' title='bbox 3647 3416 3848 3469; x_wconf 88' lang='lat' dir='ltr'>nostra</span> 
     </span>
    </p>
   </div>
   <div class='ocr_carea' id='block_1_79' title="bbox 2197 3503 3847 3576">
    <p class='ocr_par' dir='ltr' id='par_1_79' title="bbox 2197 3503 3847 3576">
     <span class='ocr_line' id='line_1_79' title="bbox 2197 3503 3847 3576; baseline -0.004 -13"><span class='ocrx_word' id='word_1_604' title='bbox 2197 3525 2372 3563; x_wconf 88' lang='lat' dir='ltr'>causa</span> <span class='ocrx_word' id='word_1_605' title='bbox 2406 3507 2834 3561; x_wconf 86' lang='lat' dir='ltr'>humanitatem</span> <span class='ocrx_word' id='word_1_606' title='bbox 2872 3505 3149 3576; x_wconf 87' lang='lat' dir='ltr'>suscepit,</span> <span class='ocrx_word' id='word_1_607' title='bbox 3173 3521 3239 3559; x_wconf 91' lang='lat' dir='ltr'>ac</span> <span class='ocrx_word' id='word_1_608' title='bbox 3272 3520 3495 3576; x_wconf 86' lang='lat' dir='ltr'>pauper</span> <span class='ocrx_word' id='word_1_609' title='bbox 3523 3503 3713 3557; x_wconf 83' lang='lat' dir='ltr'>factus</span> <span class='ocrx_word' id='word_1_610' title='bbox 3733 3505 3847 3569; x_wconf 83' lang='lat' dir='ltr'>est,</span> 
     </span>
    </p>
   </div>
   <div class='ocr_carea' id='block_1_80' title="bbox 2197 3590 3849 3666">
    <p class='ocr_par' dir='ltr' id='par_1_80' title="bbox 2197 3590 3849 3666">
     <span class='ocr_line' id='line_1_80' title="bbox 2197 3590 3849 3666; baseline -0.005 -14"><span class='ocrx_word' id='word_1_611' title='bbox 2197 3602 2259 3652; x_wconf 91' lang='lat' dir='ltr'>ut</span> <span class='ocrx_word' id='word_1_612' title='bbox 2265 3598 2557 3666; x_wconf 90' lang='lat' dir='ltr'>jacentem</span> <span class='ocrx_word' id='word_1_613' title='bbox 2575 3612 2808 3650; x_wconf 90' lang='lat' dir='ltr'>carnem</span> <span class='ocrx_word' id='word_1_614' title='bbox 2827 3595 3073 3666; x_wconf 86' lang='lat' dir='ltr'>erigeret</span> <span class='ocrx_word' id='word_1_615' title='bbox 3087 3598 3143 3648; x_wconf 90' lang='lat' dir='ltr'>et</span> <span class='ocrx_word' id='word_1_616' title='bbox 3156 3594 3211 3647; x_wconf 90' lang='lat' dir='ltr'>in</span> <span class='ocrx_word' id='word_1_617' title='bbox 3228 3591 3692 3647; x_wconf 86' lang='lat' dir='ltr'>incolumitatem</span> <span class='ocrx_word' id='word_1_618' title='bbox 3706 3590 3849 3645; x_wconf 90' lang='lat' dir='ltr'>ima-</span> 
     </span>
    </p>
   </div>
   <div class='ocr_carea' id='block_1_81' title="bbox 2194 3683 3844 3756">
    <p class='ocr_par' dir='ltr' id='par_1_81' title="bbox 2194 3683 3844 3756">
     <span class='ocr_line' id='line_1_81' title="bbox 2194 3683 3844 3756; baseline -0.002 -19"><span class='ocrx_word' id='word_1_619' title='bbox 2194 3686 2313 3756; x_wconf 87' lang='lat' dir='ltr'>gini</span> <span class='ocrx_word' id='word_1_620' title='bbox 2356 3684 2608 3751; x_wconf 77' lang='lat' dir='ltr'>aﬂ‘erret,</span> <span class='ocrx_word' id='word_1_621' title='bbox 2660 3684 3080 3754; x_wconf 91' lang='lat' dir='ltr'>hominemque</span> <span class='ocrx_word' id='word_1_622' title='bbox 3126 3683 3500 3745; x_wconf 86' lang='lat' dir='ltr'>instauraret,</span> <span class='ocrx_word' id='word_1_623' title='bbox 3535 3685 3597 3734; x_wconf 90' lang='lat' dir='ltr'>ut</span> <span class='ocrx_word' id='word_1_624' title='bbox 3638 3694 3844 3734; x_wconf 84' lang='lat' dir='ltr'>omnes</span> 
     </span>
    </p>
   </div>
   <div class='ocr_carea' id='block_1_82' title="bbox 2193 3768 3845 3841">
    <p class='ocr_par' dir='ltr' id='par_1_82' title="bbox 2193 3768 3845 3841">
     <span class='ocr_line' id='line_1_82' title="bbox 2193 3768 3845 3841; baseline -0.004 -14"><span class='ocrx_word' id='word_1_625' title='bbox 2193 3790 2375 3827; x_wconf 89' lang='lat' dir='ltr'>unum</span> <span class='ocrx_word' id='word_1_626' title='bbox 2410 3773 2735 3827; x_wconf 83' lang='lat' dir='ltr'>efﬁciamur</span> <span class='ocrx_word' id='word_1_627' title='bbox 2765 3773 2824 3825; x_wconf 93' lang='lat' dir='ltr'>in</span> <span class='ocrx_word' id='word_1_628' title='bbox 2856 3772 3104 3839; x_wconf 88' lang='lat' dir='ltr'>Christo,</span> <span class='ocrx_word' id='word_1_629' title='bbox 3140 3770 3238 3841; x_wconf 91' lang='lat' dir='ltr'>qui</span> <span class='ocrx_word' id='word_1_630' title='bbox 3265 3769 3512 3840; x_wconf 89' lang='lat' dir='ltr'>perfecte</span> <span class='ocrx_word' id='word_1_631' title='bbox 3544 3768 3733 3822; x_wconf 88' lang='lat' dir='ltr'>factus</span> <span class='ocrx_word' id='word_1_632' title='bbox 3754 3770 3845 3822; x_wconf 88' lang='lat' dir='ltr'>est</span> 
     </span>
    </p>
   </div>
   <div class='ocr_carea' id='block_1_83' title="bbox 2192 3857 3845 3930">
    <p class='ocr_par' dir='ltr' id='par_1_83' title="bbox 2192 3857 3845 3930">
     <span class='ocr_line' id='line_1_83' title="bbox 2192 3857 3845 3930; baseline -0.004 -13"><span class='ocrx_word' id='word_1_633' title='bbox 2192 3864 2249 3917; x_wconf 91' lang='lat' dir='ltr'>in</span> <span class='ocrx_word' id='word_1_634' title='bbox 2283 3863 2556 3917; x_wconf 86' lang='lat' dir='ltr'>omnibus</span> <span class='ocrx_word' id='word_1_635' title='bbox 2592 3862 2757 3915; x_wconf 89' lang='lat' dir='ltr'>nobis</span> <span class='ocrx_word' id='word_1_636' title='bbox 2790 3860 2987 3913; x_wconf 87' lang='lat' dir='ltr'>omnia</span> <span class='ocrx_word' id='word_1_637' title='bbox 3030 3874 3392 3930; x_wconf 61' lang='lat' dir='ltr'>quacunque</span> <span class='ocrx_word' id='word_1_638' title='bbox 3441 3857 3564 3928; x_wconf 87' lang='lat' dir='ltr'>ipse</span> <span class='ocrx_word' id='word_1_639' title='bbox 3595 3860 3725 3921; x_wconf 81' lang='lat' dir='ltr'>est;</span> <span class='ocrx_word' id='word_1_640' title='bbox 3779 3859 3845 3911; x_wconf 90' lang='lat' dir='ltr'>ut</span> 
     </span>
    </p>
   </div>
   <div class='ocr_carea' id='block_1_84' title="bbox 2184 3944 3842 4019">
    <p class='ocr_par' dir='ltr' id='par_1_84' title="bbox 2184 3944 3842 4019">
     <span class='ocr_line' id='line_1_84' title="bbox 2184 3944 3842 4019; baseline -0.002 -16"><span class='ocrx_word' id='word_1_641' title='bbox 2184 3951 2308 4019; x_wconf 90' lang='lat' dir='ltr'>jam</span> <span class='ocrx_word' id='word_1_642' title='bbox 2342 3967 2455 4003; x_wconf 93' lang='lat' dir='ltr'>non</span> <span class='ocrx_word' id='word_1_643' title='bbox 2489 3950 2676 4004; x_wconf 90' lang='lat' dir='ltr'>simus</span> <span class='ocrx_word' id='word_1_644' title='bbox 2708 3947 3009 4004; x_wconf 85' lang='lat' dir='ltr'>masculus</span> <span class='ocrx_word' id='word_1_645' title='bbox 3055 3952 3109 4001; x_wconf 90' lang='lat' dir='ltr'>et</span> <span class='ocrx_word' id='word_1_646' title='bbox 3159 3946 3398 4011; x_wconf 86' lang='lat' dir='ltr'>femina,</span> <span class='ocrx_word' id='word_1_647' title='bbox 3449 3944 3735 3999; x_wconf 87' lang='lat' dir='ltr'>barbarus</span> <span class='ocrx_word' id='word_1_648' title='bbox 3784 3948 3842 3999; x_wconf 87' lang='lat' dir='ltr'>et</span> 
     </span>
    </p>
   </div>
   <div class='ocr_carea' id='block_1_85' title="bbox 2190 4032 3842 4109">
    <p class='ocr_par' dir='ltr' id='par_1_85' title="bbox 2190 4032 3842 4109">
     <span class='ocr_line' id='line_1_85' title="bbox 2190 4032 3842 4109; baseline -0.002 -17"><span class='ocrx_word' id='word_1_649' title='bbox 2190 4038 2425 4109; x_wconf 83' lang='lat' dir='ltr'>Scytha,</span> <span class='ocrx_word' id='word_1_650' title='bbox 2451 4054 2654 4092; x_wconf 88' lang='lat' dir='ltr'>servus</span> <span class='ocrx_word' id='word_1_651' title='bbox 2684 4041 2740 4090; x_wconf 92' lang='lat' dir='ltr'>et</span> <span class='ocrx_word' id='word_1_652' title='bbox 2768 4036 2915 4090; x_wconf 90' lang='lat' dir='ltr'>liber</span> <span class='ocrx_word' id='word_1_653' title='bbox 2947 4038 3013 4105; x_wconf 85' lang='grc'>¹¹,</span> <span class='ocrx_word' id='word_1_654' title='bbox 3037 4052 3166 4105; x_wconf 71' lang='lat' dir='ltr'>quae</span> <span class='ocrx_word' id='word_1_655' title='bbox 3197 4038 3336 4089; x_wconf 88' lang='lat' dir='ltr'>sunt</span> <span class='ocrx_word' id='word_1_656' title='bbox 3364 4033 3558 4088; x_wconf 89' lang='lat' dir='ltr'>carnis</span> <span class='ocrx_word' id='word_1_657' title='bbox 3582 4032 3842 4105; x_wconf 81' lang='lat' dir='ltr'>insignia</span> 
     </span>
    </p>
   </div>
   <div class='ocr_carea' id='block_1_86' title="bbox 2189 4122 3840 4194">
    <p class='ocr_par' dir='ltr' id='par_1_86' title="bbox 2189 4122 3840 4194">
     <span class='ocr_line' id='line_1_86' title="bbox 2189 4122 3840 4194; baseline -0.002 -13"><span class='ocrx_word' id='word_1_658' title='bbox 2189 4132 2244 4181; x_wconf 87' lang='lat' dir='ltr'>et</span> <span class='ocrx_word' id='word_1_659' title='bbox 2274 4125 2638 4193; x_wconf 86' lang='lat' dir='ltr'>discrimina,</span> <span class='ocrx_word' id='word_1_660' title='bbox 2674 4126 2773 4179; x_wconf 88' lang='lat' dir='ltr'>sed</span> <span class='ocrx_word' id='word_1_661' title='bbox 2808 4124 2990 4179; x_wconf 86' lang='lat' dir='ltr'>solam</span> <span class='ocrx_word' id='word_1_662' title='bbox 3024 4124 3147 4189; x_wconf 89' lang='lat' dir='ltr'>Dei,</span> <span class='ocrx_word' id='word_1_663' title='bbox 3191 4141 3224 4178; x_wconf 90' lang='lat' dir='ltr'>a</span> <span class='ocrx_word' id='word_1_664' title='bbox 3278 4139 3395 4194; x_wconf 92' lang='lat' dir='ltr'>quo</span> <span class='ocrx_word' id='word_1_665' title='bbox 3442 4127 3499 4177; x_wconf 88' lang='lat' dir='ltr'>et</span> <span class='ocrx_word' id='word_1_666' title='bbox 3546 4122 3618 4177; x_wconf 90' lang='lat' dir='ltr'>ob</span> <span class='ocrx_word' id='word_1_667' title='bbox 3662 4136 3840 4192; x_wconf 87' lang='lat' dir='ltr'>quem</span> 
     </span>
    </p>
   </div>
   <div class='ocr_carea' id='block_1_87' title="bbox 2188 4211 3839 4283">
    <p class='ocr_par' dir='ltr' id='par_1_87' title="bbox 2188 4211 3839 4283">
     <span class='ocr_line' id='line_1_87' title="bbox 2188 4211 3839 4283; baseline -0.001 -14"><span class='ocrx_word' id='word_1_668' title='bbox 2188 4215 2362 4269; x_wconf 90' lang='lat' dir='ltr'>creati</span> <span class='ocrx_word' id='word_1_669' title='bbox 2391 4220 2824 4278; x_wconf 88' lang='lat' dir='ltr'>sumus,notam</span> <span class='ocrx_word' id='word_1_670' title='bbox 2849 4213 2907 4266; x_wconf 90' lang='lat' dir='ltr'>in</span> <span class='ocrx_word' id='word_1_671' title='bbox 2933 4213 3099 4267; x_wconf 89' lang='lat' dir='ltr'>nobis</span> <span class='ocrx_word' id='word_1_672' title='bbox 3122 4214 3655 4283; x_wconf 81' lang='lat' dir='ltr'>geramus,tantum</span> <span class='ocrx_word' id='word_1_673' title='bbox 3678 4211 3749 4266; x_wconf 91' lang='lat' dir='ltr'>ab</span> <span class='ocrx_word' id='word_1_674' title='bbox 3772 4227 3839 4267; x_wconf 93' lang='lat' dir='ltr'>eo</span> 
     </span>
    </p>
   </div>
   <div class='ocr_carea' id='block_1_88' title="bbox 2192 4300 3838 4374">
    <p class='ocr_par' dir='ltr' id='par_1_88' title="bbox 2192 4300 3838 4374">
     <span class='ocr_line' id='line_1_88' title="bbox 2192 4300 3838 4374; baseline -0.002 -17"><span class='ocrx_word' id='word_1_675' title='bbox 2192 4303 2491 4358; x_wconf 84' lang='lat' dir='ltr'>informati</span> <span class='ocrx_word' id='word_1_676' title='bbox 2547 4308 2605 4358; x_wconf 88' lang='lat' dir='ltr'>et</span> <span class='ocrx_word' id='word_1_677' title='bbox 2626 4302 2988 4374; x_wconf 88' lang='lat' dir='ltr'>impressi,ut</span> <span class='ocrx_word' id='word_1_678' title='bbox 3019 4318 3085 4356; x_wconf 89' lang='lat' dir='ltr'>ex</span> <span class='ocrx_word' id='word_1_679' title='bbox 3114 4302 3239 4371; x_wconf 90' lang='lat' dir='ltr'>ipso</span> <span class='ocrx_word' id='word_1_680' title='bbox 3271 4300 3396 4355; x_wconf 88' lang='lat' dir='ltr'>solo</span> <span class='ocrx_word' id='word_1_681' title='bbox 3428 4316 3838 4371; x_wconf 86' lang='lat' dir='ltr'>agnoscamur.</span> 
     </span>
    </p>
   </div>
   <div class='ocr_carea' id='block_1_89' title="bbox 2260 4389 3840 4462">
    <p class='ocr_par' dir='ltr' id='par_1_89' title="bbox 2260 4389 3840 4462">
     <span class='ocr_line' id='line_1_89' title="bbox 2260 4389 3840 4462; baseline -0.003 -15"><span class='ocrx_word' id='word_1_682' title='bbox 2260 4392 2447 4447; x_wconf 78' lang='lat' dir='ltr'>XXIV.</span> <span class='ocrx_word' id='word_1_683' title='bbox 2483 4398 2673 4462; x_wconf 83' lang='lat' dir='ltr'>Atque</span> <span class='ocrx_word' id='word_1_684' title='bbox 2708 4393 2930 4445; x_wconf 88' lang='lat' dir='ltr'>utinam</span> <span class='ocrx_word' id='word_1_685' title='bbox 2965 4391 3202 4461; x_wconf 82' lang='lat' dir='ltr'>quidem</span> <span class='ocrx_word' id='word_1_686' title='bbox 3233 4391 3420 4444; x_wconf 90' lang='lat' dir='ltr'>simus</span> <span class='ocrx_word' id='word_1_687' title='bbox 3454 4389 3611 4461; x_wconf 89' lang='lat' dir='ltr'>quod</span> <span class='ocrx_word' id='word_1_688' title='bbox 3642 4405 3840 4459; x_wconf 85' lang='lat' dir='ltr'>spera-</span> 
     </span>
    </p>
   </div>
   <div class='ocr_carea' id='block_1_90' title="bbox 2189 4476 3836 4553">
    <p class='ocr_par' dir='ltr' id='par_1_90' title="bbox 2189 4476 3836 4553">
     <span class='ocr_line' id='line_1_90' title="bbox 2189 4476 3836 4553; baseline -0.003 -17"><span class='ocrx_word' id='word_1_689' title='bbox 2189 4482 2675 4549; x_wconf 85' lang='lat' dir='ltr'>mus,secundum</span> <span class='ocrx_word' id='word_1_690' title='bbox 2699 4496 2971 4553; x_wconf 77' lang='lat' dir='ltr'>magnam</span> <span class='ocrx_word' id='word_1_691' title='bbox 2994 4479 3253 4534; x_wconf 82' lang='lat' dir='ltr'>muniﬁci</span> <span class='ocrx_word' id='word_1_692' title='bbox 3270 4479 3370 4533; x_wconf 93' lang='lat' dir='ltr'>Dei</span> <span class='ocrx_word' id='word_1_693' title='bbox 3394 4476 3836 4549; x_wconf 87' lang='lat' dir='ltr'>benignitatem;</span> 
     </span>
    </p>
   </div>
   <div class='ocr_carea' id='block_1_91' title="bbox 432 4558 2078 4649">
    <p class='ocr_par' dir='ltr' id='par_1_91' title="bbox 432 4558 2077 4649">
     <span class='ocr_line' id='line_1_91' title="bbox 432 4558 2077 4649; baseline -0.002 -23"><span class='ocrx_word' id='word_1_694' title='bbox 432 4575 599 4649; x_wconf 84' lang='grc' dir='ltr'>μικρά</span> <span class='ocrx_word' id='word_1_695' title='bbox 655 4573 838 4640; x_wconf 81' lang='grc' dir='ltr'>αἰτῶν,</span> <span class='ocrx_word' id='word_1_696' title='bbox 901 4558 1439 4646; x_wconf 11' lang='grc' dir='ltr'>μεγάλαγχαρίζεται</span> <span class='ocrx_word' id='word_1_697' title='bbox 1489 4558 1579 4623; x_wconf 76' lang='grc' dir='ltr'>νῦν</span> <span class='ocrx_word' id='word_1_698' title='bbox 1630 4589 1688 4623; x_wconf 90' lang='grc' dir='ltr'>τε</span> <span class='ocrx_word' id='word_1_699' title='bbox 1735 4569 1822 4623; x_wconf 82' lang='grc' dir='ltr'>καὶ</span> <span class='ocrx_word' id='word_1_700' title='bbox 1874 4568 1949 4630; x_wconf 82' lang='grc' dir='ltr'>εἷς</span> <span class='ocrx_word' id='word_1_701' title='bbox 1986 4569 2077 4623; x_wconf 87' lang='grc' dir='ltr'>τὸν</span> 
     </span>
    </p>
   </div>
   <div class='ocr_carea' id='block_1_92' title="bbox 2195 4558 3836 4649">
    <p class='ocr_par' dir='ltr' id='par_1_92' title="bbox 2195 4564 3836 4641">
     <span class='ocr_line' id='line_1_92' title="bbox 2195 4564 3836 4641; baseline -0.004 -17"><span class='ocrx_word' id='word_1_702' title='bbox 2195 4571 2287 4640; x_wconf 87' lang='lat' dir='ltr'>qui</span> <span class='ocrx_word' id='word_1_703' title='bbox 2322 4587 2497 4641; x_wconf 83' lang='lat' dir='ltr'>parva</span> <span class='ocrx_word' id='word_1_704' title='bbox 2527 4573 2750 4640; x_wconf 86' lang='lat' dir='ltr'>petens,</span> <span class='ocrx_word' id='word_1_705' title='bbox 2785 4568 3039 4622; x_wconf 79' lang='lat' dir='ltr'>maxima</span> <span class='ocrx_word' id='word_1_706' title='bbox 3088 4568 3181 4631; x_wconf 89' lang='lat' dir='ltr'>iis,</span> <span class='ocrx_word' id='word_1_707' title='bbox 3233 4567 3332 4637; x_wconf 92' lang='lat' dir='ltr'>qui</span> <span class='ocrx_word' id='word_1_708' title='bbox 3377 4567 3603 4621; x_wconf 89' lang='lat' dir='ltr'>sincero</span> <span class='ocrx_word' id='word_1_709' title='bbox 3653 4564 3836 4619; x_wconf 87' lang='lat' dir='ltr'>animi</span> 
     </span>
    </p>
   </div>
   <div class='ocr_carea' id='block_1_93' title="bbox 429 4658 2083 4737">
    <p class='ocr_par' dir='ltr' id='par_1_93' title="bbox 429 4658 2083 4737">
     <span class='ocr_line' id='line_1_93' title="bbox 429 4658 2083 4737; baseline -0.004 -20"><span class='ocrx_word' id='word_1_710' title='bbox 429 4660 613 4717; x_wconf 77' lang='grc' dir='ltr'>ἔπειτα</span> <span class='ocrx_word' id='word_1_711' title='bbox 660 4662 856 4737; x_wconf 88' lang='grc' dir='ltr'>χρόνον</span> <span class='ocrx_word' id='word_1_712' title='bbox 916 4667 1031 4723; x_wconf 89' lang='grc' dir='ltr'>τοῖς</span> <span class='ocrx_word' id='word_1_713' title='bbox 1082 4661 1320 4736; x_wconf 79' lang='grc' dir='ltr'>γνησίως</span> <span class='ocrx_word' id='word_1_714' title='bbox 1371 4659 1527 4713; x_wconf 74' lang='grc' dir='ltr'>αὐτὸν</span> <span class='ocrx_word' id='word_1_715' title='bbox 1562 4658 1849 4733; x_wconf 71' lang='grc' dir='ltr'>ἀγαπῶσιο</span> <span class='ocrx_word' id='word_1_716' title='bbox 1910 4659 2083 4712; x_wconf 86' lang='grc' dir='ltr'>πάντα</span> 
     </span>
    </p>
   </div>
   <div class='ocr_carea' id='block_1_94' title="bbox 498 4853 2078 4928">
    <p class='ocr_par' dir='ltr' id='par_1_94' title="bbox 498 4854 2072 4928">
     <span class='ocr_line' id='line_1_94' title="bbox 498 4854 2072 4928; baseline -0.003 -12"><span class='ocrx_word' id='word_1_717' title='bbox 498 4862 520 4895; x_wconf 80' lang='grc'>⁸</span> <span class='ocrx_word' id='word_1_718' title='bbox 550 4859 706 4916; x_wconf 90' lang='lat' dir='ltr'>Psal.</span> <span class='ocrx_word' id='word_1_719' title='bbox 747 4876 938 4928; x_wconf 85' lang='lat' dir='ltr'>cxvnl,</span> <span class='ocrx_word' id='word_1_720' title='bbox 970 4860 1059 4913; x_wconf 89' lang='grc'>81.</span> <span class='ocrx_word' id='word_1_721' title='bbox 1137 4860 1156 4892; x_wconf 86' lang='grc'>⁷</span> <span class='ocrx_word' id='word_1_722' title='bbox 1187 4856 1405 4914; x_wconf 86' lang='lat' dir='ltr'>Coloss.</span> <span class='ocrx_word' id='word_1_723' title='bbox 1438 4873 1523 4925; x_wconf 85' lang='grc' dir='ltr'>ιιι,</span> <span class='ocrx_word' id='word_1_724' title='bbox 1554 4857 1610 4912; x_wconf 89' lang='grc'>5.</span> <span class='ocrx_word' id='word_1_725' title='bbox 1685 4856 1706 4890; x_wconf 80' lang='grc'>⁸</span> <span class='ocrx_word' id='word_1_726' title='bbox 1736 4854 1940 4913; x_wconf 85' lang='lat' dir='ltr'>Matth.</span> <span class='ocrx_word' id='word_1_727' title='bbox 1972 4872 2072 4923; x_wconf 83' lang='lat' dir='ltr'>v11,</span> 
     </span>
    </p>
   </div>
   <div class='ocr_carea' id='block_1_95' title="bbox 2195 4853 3126 4928">
    <p class='ocr_par' dir='ltr' id='par_1_95' title="bbox 2267 4853 3126 4919">
     <span class='ocr_line' id='line_1_95' title="bbox 2267 4853 3126 4919; baseline 0.001 -11"><span class='ocrx_word' id='word_1_728' title='bbox 2267 4857 2287 4890; x_wconf 73' lang='lat'><strong>9</strong></span> <span class='ocrx_word' id='word_1_729' title='bbox 2318 4856 2459 4909; x_wconf 92' lang='lat' dir='ltr'>ibid.</span> <span class='ocrx_word' id='word_1_730' title='bbox 2498 4856 2583 4910; x_wconf 90' lang='lat'>13.</span> <span class='ocrx_word' id='word_1_731' title='bbox 2662 4855 2703 4889; x_wconf 80' lang='grc'>¹⁰</span> <span class='ocrx_word' id='word_1_732' title='bbox 2734 4853 2883 4909; x_wconf 88' lang='lat' dir='ltr'>Psal.</span> <span class='ocrx_word' id='word_1_733' title='bbox 2917 4870 3037 4919; x_wconf 89' lang='lat' dir='ltr'>v111,</span> <span class='ocrx_word' id='word_1_734' title='bbox 3066 4854 3126 4909; x_wconf 88' lang='grc'>5.</span> 
     </span>
    </p>
   </div>
   <div class='ocr_carea' id='block_1_96' title="bbox 527 5042 2065 5124">
    <p class='ocr_par' dir='ltr' id='par_1_96' title="bbox 527 5042 2065 5124">
     <span class='ocr_line' id='line_1_96' title="bbox 527 5042 2065 5124; baseline -0.001 -22"><span class='ocrx_word' id='word_1_735' title='bbox 609 5047 783 5124; x_wconf 61' lang='grc' dir='ltr'>Μέχρι</span> <span class='ocrx_word' id='word_1_736' title='bbox 814 5046 903 5101; x_wconf 78' lang='grc' dir='ltr'>καὶ</span> <span class='ocrx_word' id='word_1_737' title='bbox 935 5051 1050 5124; x_wconf 46' lang='lat' dir='ltr'>rei.</span> <span class='ocrx_word' id='word_1_738' title='bbox 1088 5053 1222 5124; x_wconf 82' lang='lat' dir='ltr'>Reg.</span> <span class='ocrx_word' id='word_1_739' title='bbox 1256 5048 1358 5113; x_wconf 89' lang='lat' dir='ltr'>hu,</span> <span class='ocrx_word' id='word_1_740' title='bbox 1410 5047 1507 5124; x_wconf 54' lang='grc' dir='ltr'><strong>Οἱ.</strong></span> <span class='ocrx_word' id='word_1_741' title='bbox 1541 5047 1594 5124; x_wconf 58' lang='lat'>1,</span> <span class='ocrx_word' id='word_1_742' title='bbox 1630 5046 1793 5124; x_wconf 70' lang='grc' dir='ltr'>μέχρι</span> <span class='ocrx_word' id='word_1_743' title='bbox 1824 5042 1921 5124; x_wconf 72' lang='grc' dir='ltr'>τοῦ</span> <span class='ocrx_word' id='word_1_744' title='bbox 1951 5042 2065 5124; x_wconf 71' lang='grc' dir='ltr'>καί.</span> 
     </span>
    </p>
   </div>
   <div class='ocr_carea' id='block_1_97' title="bbox 527 5114 2074 5195">
    <p class='ocr_par' dir='ltr' id='par_1_97' title="bbox 527 5114 2074 5195">
     <span class='ocr_line' id='line_1_97' title="bbox 527 5114 2074 5195; baseline -0.005 -20"><span class='ocrx_word' id='word_1_745' title='bbox 527 5114 598 5188; x_wconf 80' lang='grc'>4).</span> <span class='ocrx_word' id='word_1_746' title='bbox 628 5114 962 5195; x_wconf 55' lang='grc' dir='ltr'>Οἱῇξῆσηται.</span> <span class='ocrx_word' id='word_1_747' title='bbox 1006 5121 1145 5191; x_wconf 83' lang='lat' dir='ltr'>Reg.</span> <span class='ocrx_word' id='word_1_748' title='bbox 1169 5114 1281 5189; x_wconf 42' lang='lat' dir='ltr'>&#39;hu,</span> <span class='ocrx_word' id='word_1_749' title='bbox 1312 5125 1431 5175; x_wconf 88' lang='lat' dir='ltr'>tres</span> <span class='ocrx_word' id='word_1_750' title='bbox 1462 5114 1643 5185; x_wconf 78' lang='lat' dir='ltr'>Colb.,</span> <span class='ocrx_word' id='word_1_751' title='bbox 1687 5114 1782 5173; x_wconf 62' lang='lat'>01&quot;.</span> <span class='ocrx_word' id='word_1_752' title='bbox 1836 5118 1888 5183; x_wconf 89' lang='lat'>1,</span> <span class='ocrx_word' id='word_1_753' title='bbox 1921 5114 2074 5185; x_wconf 80' lang='grc' dir='ltr'>οἰκή-</span> 
     </span>
    </p>
   </div>
   <div class='ocr_carea' id='block_1_98' title="bbox 432 5210 2072 5351">
    <p class='ocr_par' dir='ltr' id='par_1_98' title="bbox 432 5210 2072 5351">
     <span class='ocr_line' id='line_1_98' title="bbox 432 5210 2072 5351; baseline -0.006 -33"><span class='ocrx_word' id='word_1_754' title='bbox 432 5210 815 5351; x_wconf 41' lang='grc' dir='ltr'>σεῖἔῖΜείζων</span> <span class='ocrx_word' id='word_1_755' title='bbox 847 5260 883 5329; x_wconf 75' lang='grc' dir='ltr'><strong>ἢ</strong></span> <span class='ocrx_word' id='word_1_756' title='bbox 913 5258 1065 5314; x_wconf 81' lang='grc' dir='ltr'>κατά.</span> <span class='ocrx_word' id='word_1_757' title='bbox 1101 5261 1240 5332; x_wconf 77' lang='lat' dir='ltr'>Reg.</span> <span class='ocrx_word' id='word_1_758' title='bbox 1282 5260 1385 5327; x_wconf 89' lang='lat' dir='ltr'>hu,</span> <span class='ocrx_word' id='word_1_759' title='bbox 1435 5265 1493 5316; x_wconf 88' lang='lat' dir='ltr'>et</span> <span class='ocrx_word' id='word_1_760' title='bbox 1541 5260 1638 5315; x_wconf 73' lang='grc' dir='ltr'>ΟΡ.</span> <span class='ocrx_word' id='word_1_761' title='bbox 1693 5262 1743 5326; x_wconf 87' lang='grc'>1,</span> <span class='ocrx_word' id='word_1_762' title='bbox 1808 5255 2005 5329; x_wconf 80' lang='grc' dir='ltr'>μείζων</span> <span class='ocrx_word' id='word_1_763' title='bbox 2038 5256 2072 5325; x_wconf 74' lang='grc' dir='ltr'><strong>ἢ</strong></span> 
     </span>
    </p>
   </div>
   <div class='ocr_carea' id='block_1_99' title="bbox 423 5354 2077 5477">
    <p class='ocr_par' dir='ltr' id='par_1_99' title="bbox 423 5354 2077 5477">
     <span class='ocr_line' id='line_1_99' title="bbox 423 5354 2077 5477; baseline -0.004 -16"><span class='ocrx_word' id='word_1_764' title='bbox 423 5354 917 5477; x_wconf 33' lang='lat' dir='ltr'>uisitandum.</span> <span class='ocrx_word' id='word_1_765' title='bbox 953 5403 1048 5477; x_wconf 83' lang='lat' dir='ltr'>Sic</span> <span class='ocrx_word' id='word_1_766' title='bbox 1080 5403 1258 5475; x_wconf 85' lang='lat' dir='ltr'>Regg.</span> <span class='ocrx_word' id='word_1_767' title='bbox 1306 5402 1432 5472; x_wconf 89' lang='lat' dir='ltr'>bm,</span> <span class='ocrx_word' id='word_1_768' title='bbox 1483 5402 1585 5469; x_wconf 88' lang='lat' dir='ltr'>hu,</span> <span class='ocrx_word' id='word_1_769' title='bbox 1637 5404 1756 5455; x_wconf 86' lang='lat' dir='ltr'>tres</span> <span class='ocrx_word' id='word_1_770' title='bbox 1806 5399 1964 5456; x_wconf 87' lang='lat' dir='ltr'>Colb.</span> <span class='ocrx_word' id='word_1_771' title='bbox 2018 5405 2077 5454; x_wconf 92' lang='lat' dir='ltr'>et</span> 
     </span>
    </p>
   </div>
   <div class='ocr_carea' id='block_1_100' title="bbox 426 5476 1188 5546">
    <p class='ocr_par' dir='ltr' id='par_1_100' title="bbox 426 5476 1188 5546">
     <span class='ocr_line' id='line_1_100' title="bbox 426 5476 1188 5546; baseline -0.01 -13"><span class='ocrx_word' id='word_1_772' title='bbox 426 5478 523 5533; x_wconf 81' lang='lat'>01‘.</span> <span class='ocrx_word' id='word_1_773' title='bbox 556 5476 611 5533; x_wconf 84' lang='lat'>1.</span> <span class='ocrx_word' id='word_1_774' title='bbox 646 5477 822 5542; x_wconf 84' lang='lat' dir='ltr'>Editi,</span> <span class='ocrx_word' id='word_1_775' title='bbox 868 5476 1188 5546; x_wconf 73' lang='grc' dir='ltr'>μιμνήσκει,</span> 
     </span>
    </p>
   </div>
   <div class='ocr_carea' id='block_1_101' title="bbox 496 5539 2076 5631">
    <p class='ocr_par' dir='ltr' id='par_1_101' title="bbox 496 5539 2076 5631">
     <span class='ocr_line' id='line_1_101' title="bbox 496 5539 2076 5631; baseline -0.004 -28"><span class='ocrx_word' id='word_1_776' title='bbox 496 5548 727 5631; x_wconf 84' lang='grc' dir='ltr'>Θεὸν</span> <span class='ocrx_word' id='word_1_777' title='bbox 788 5539 969 5601; x_wconf 72' lang='grc' dir='ltr'>αὐτόν.</span> <span class='ocrx_word' id='word_1_778' title='bbox 1029 5539 1202 5602; x_wconf 76' lang='lat' dir='ltr'>Cois].</span> <span class='ocrx_word' id='word_1_779' title='bbox 1262 5544 1281 5599; x_wconf 75' lang='grc' dir='ltr'><strong>Ι</strong></span> <span class='ocrx_word' id='word_1_780' title='bbox 1348 5545 1511 5599; x_wconf 81' lang='lat' dir='ltr'>addit</span> <span class='ocrx_word' id='word_1_781' title='bbox 1564 5539 1864 5611; x_wconf 81' lang='grc' dir='ltr'>κληθῆναι,</span> <span class='ocrx_word' id='word_1_782' title='bbox 1899 5563 1927 5591; x_wconf 89' lang='grc'><em>‹‹</em></span> <span class='ocrx_word' id='word_1_783' title='bbox 1974 5558 2076 5597; x_wconf 77' lang='grc' dir='ltr'>νο-</span> 
     </span>
    </p>
   </div>
   <div class='ocr_carea' id='block_1_102' title="bbox 429 5637 2077 5763">
    <p class='ocr_par' dir='ltr' id='par_1_102' title="bbox 429 5637 2077 5763">
     <span class='ocr_line' id='line_1_102' title="bbox 429 5637 2077 5763; baseline -0.005 -19"><span class='ocrx_word' id='word_1_784' title='bbox 429 5637 710 5763; x_wconf 19' lang='grc' dir='ltr'>ω(ὲ)ᾼῗῐοῖ</span> <span class='ocrx_word' id='word_1_785' title='bbox 756 5687 987 5761; x_wconf 75' lang='grc' dir='ltr'>προϊών.</span> <span class='ocrx_word' id='word_1_786' title='bbox 1041 5688 1179 5762; x_wconf 80' lang='lat' dir='ltr'>Reg.</span> <span class='ocrx_word' id='word_1_787' title='bbox 1230 5686 1334 5755; x_wconf 89' lang='lat' dir='ltr'>hu,</span> <span class='ocrx_word' id='word_1_788' title='bbox 1384 5688 1502 5740; x_wconf 89' lang='lat' dir='ltr'>tres</span> <span class='ocrx_word' id='word_1_789' title='bbox 1551 5684 1709 5741; x_wconf 92' lang='lat' dir='ltr'>Colb.</span> <span class='ocrx_word' id='word_1_790' title='bbox 1744 5685 1838 5741; x_wconf 87' lang='lat' dir='ltr'>0r.</span> <span class='ocrx_word' id='word_1_791' title='bbox 1902 5686 1954 5755; x_wconf 89' lang='lat'>1,</span> <span class='ocrx_word' id='word_1_792' title='bbox 2022 5684 2077 5736; x_wconf 81' lang='grc' dir='ltr'>οἶ</span> 
     </span>
    </p>
   </div>
   <div class='ocr_carea' id='block_1_103' title="bbox 427 5761 658 5834">
    <p class='ocr_par' dir='ltr' id='par_1_103' title="bbox 427 5761 658 5834">
     <span class='ocr_line' id='line_1_103' title="bbox 427 5761 658 5834; baseline 0.009 -20"><span class='ocrx_word' id='word_1_793' title='bbox 427 5761 658 5834; x_wconf 76' lang='grc' dir='ltr'>προῖῶν.</span> 
     </span>
    </p>
   </div>
   <div class='ocr_carea' id='block_1_104' title="bbox 2193 4653 3838 4725">
    <p class='ocr_par' dir='ltr' id='par_1_104' title="bbox 2193 4653 3838 4725">
     <span class='ocr_line' id='line_1_104' title="bbox 2193 4653 3838 4725; baseline -0.004 -12"><span class='ocrx_word' id='word_1_794' title='bbox 2193 4660 2399 4714; x_wconf 68' lang='lat' dir='ltr'>affectu</span> <span class='ocrx_word' id='word_1_795' title='bbox 2432 4674 2565 4712; x_wconf 88' lang='lat' dir='ltr'>eum</span> <span class='ocrx_word' id='word_1_796' title='bbox 2599 4662 2821 4724; x_wconf 86' lang='lat' dir='ltr'>amant,</span> <span class='ocrx_word' id='word_1_797' title='bbox 2844 4664 2899 4712; x_wconf 88' lang='lat' dir='ltr'>et</span> <span class='ocrx_word' id='word_1_798' title='bbox 2929 4673 3082 4711; x_wconf 87' lang='lat' dir='ltr'>nunc</span> <span class='ocrx_word' id='word_1_799' title='bbox 3113 4662 3170 4712; x_wconf 90' lang='lat' dir='ltr'>et</span> <span class='ocrx_word' id='word_1_800' title='bbox 3199 4656 3257 4710; x_wconf 91' lang='lat' dir='ltr'>in</span> <span class='ocrx_word' id='word_1_801' title='bbox 3290 4656 3488 4710; x_wconf 86' lang='lat' dir='ltr'>futuro</span> <span class='ocrx_word' id='word_1_802' title='bbox 3519 4670 3635 4710; x_wconf 69' lang='lat' dir='ltr'>aevo</span> <span class='ocrx_word' id='word_1_803' title='bbox 3667 4653 3838 4725; x_wconf 85' lang='lat' dir='ltr'>largi-</span> 
     </span>
    </p>
   </div>
   <div class='ocr_carea' id='block_1_105' title="bbox 3212 4850 3651 4916">
    <p class='ocr_par' dir='ltr' id='par_1_105' title="bbox 3212 4850 3651 4916">
     <span class='ocr_line' id='line_1_105' title="bbox 3212 4850 3651 4916; baseline -0.007 -10"><span class='ocrx_word' id='word_1_804' title='bbox 3212 4855 3254 4888; x_wconf 80' lang='lat'>“</span> <span class='ocrx_word' id='word_1_805' title='bbox 3290 4850 3413 4906; x_wconf 89' lang='lat' dir='ltr'>Gal.</span> <span class='ocrx_word' id='word_1_806' title='bbox 3449 4866 3535 4916; x_wconf 85' lang='grc' dir='ltr'>ιιι,</span> <span class='ocrx_word' id='word_1_807' title='bbox 3562 4850 3651 4903; x_wconf 82' lang='grc'>28.</span> 
     </span>
    </p>
   </div>
   <div class='ocr_carea' id='block_1_106' title="bbox 2257 5035 3832 5115">
    <p class='ocr_par' dir='ltr' id='par_1_106' title="bbox 2257 5035 3832 5115">
     <span class='ocr_line' id='line_1_106' title="bbox 2257 5035 3832 5115; baseline -0.004 -16"><span class='ocrx_word' id='word_1_808' title='bbox 2257 5046 2332 5115; x_wconf 85' lang='grc'>(8)</span> <span class='ocrx_word' id='word_1_809' title='bbox 2364 5042 2733 5112; x_wconf 81' lang='grc' dir='ltr'>’Λνασώσηται</span> <span class='ocrx_word' id='word_1_810' title='bbox 2780 5042 2881 5109; x_wconf 80' lang='grc' dir='ltr'>τὴν</span> <span class='ocrx_word' id='word_1_811' title='bbox 2932 5035 3130 5095; x_wconf 78' lang='grc' dir='ltr'>εἰκόνα.</span> <span class='ocrx_word' id='word_1_812' title='bbox 3195 5059 3222 5090; x_wconf 72' lang='grc' dir='ltr'>ι</span> <span class='ocrx_word' id='word_1_813' title='bbox 3269 5039 3589 5111; x_wconf 84' lang='lat' dir='ltr'>imaginem</span> <span class='ocrx_word' id='word_1_814' title='bbox 3641 5037 3832 5093; x_wconf 86' lang='lat' dir='ltr'>salva-</span> 
     </span>
    </p>
   </div>
   <div class='ocr_carea' id='block_1_107' title="bbox 2188 5122 2358 5171">
    <p class='ocr_par' dir='ltr' id='par_1_107' title="bbox 2188 5122 2358 5171">
     <span class='ocr_line' id='line_1_107' title="bbox 2188 5122 2358 5171; baseline 0.006 -2"><span class='ocrx_word' id='word_1_815' title='bbox 2188 5122 2293 5171; x_wconf 87' lang='lat' dir='ltr'>ret.</span> <span class='ocrx_word' id='word_1_816' title='bbox 2331 5137 2358 5166; x_wconf 82' lang='lat'><strong>»</strong></span> 
     </span>
    </p>
   </div>
   <div class='ocr_carea' id='block_1_108' title="bbox 2256 5181 3827 5260">
    <p class='ocr_par' dir='ltr' id='par_1_108' title="bbox 2256 5181 3827 5260">
     <span class='ocr_line' id='line_1_108' title="bbox 2256 5181 3827 5260; baseline -0.01 -18"><span class='ocrx_word' id='word_1_817' title='bbox 2256 5189 2361 5258; x_wconf 92' lang='lat'>(10)</span> <span class='ocrx_word' id='word_1_818' title='bbox 2396 5188 2533 5242; x_wconf 78' lang='lat' dir='ltr'>&quot;Ocu</span> <span class='ocrx_word' id='word_1_819' title='bbox 2562 5182 2833 5260; x_wconf 58' lang='grc' dir='ltr'>πὲρ-ἐστιν</span> <span class='ocrx_word' id='word_1_820' title='bbox 2864 5181 3042 5260; x_wconf 44' lang='grc' dir='ltr'>αρτ-ός.</span> <span class='ocrx_word' id='word_1_821' title='bbox 3070 5206 3102 5260; x_wconf 18' lang='grc' dir='ltr'>«ῃ</span> <span class='ocrx_word' id='word_1_822' title='bbox 3131 5184 3504 5260; x_wconf 71' lang='lat' dir='ltr'>Quzecunqua</span> <span class='ocrx_word' id='word_1_823' title='bbox 3531 5181 3655 5250; x_wconf 87' lang='lat' dir='ltr'>ipse</span> <span class='ocrx_word' id='word_1_824' title='bbox 3685 5182 3827 5234; x_wconf 62' lang='lat' dir='ltr'>est.-</span> 
     </span>
    </p>
   </div>
   <div class='ocr_carea' id='block_1_109' title="bbox 2184 5250 3468 5324">
    <p class='ocr_par' dir='ltr' id='par_1_109' title="bbox 2184 5250 3468 5324">
     <span class='ocr_line' id='line_1_109' title="bbox 2184 5250 3468 5324; baseline -0.006 -12"><span class='ocrx_word' id='word_1_825' title='bbox 2184 5259 2243 5312; x_wconf 77' lang='lat' dir='ltr'>id</span> <span class='ocrx_word' id='word_1_826' title='bbox 2261 5250 2562 5313; x_wconf 83' lang='lat' dir='ltr'>omissum</span> <span class='ocrx_word' id='word_1_827' title='bbox 2596 5250 2846 5310; x_wconf 65' lang='lat' dir='ltr'>a&#39;Billio.</span> <span class='ocrx_word' id='word_1_828' title='bbox 2878 5255 3048 5311; x_wconf 88' lang='lat' dir='ltr'>Cois].</span> <span class='ocrx_word' id='word_1_829' title='bbox 3086 5255 3109 5307; x_wconf 93' lang='lat'>1</span> <span class='ocrx_word' id='word_1_830' title='bbox 3149 5272 3161 5309; x_wconf 92' lang='lat'>:</span> <span class='ocrx_word' id='word_1_831' title='bbox 3194 5250 3468 5324; x_wconf 77' lang='grc' dir='ltr'>πάρεστιν.</span> 
     </span>
    </p>
   </div>
   <div class='ocr_carea' id='block_1_110' title="bbox 2256 5322 3834 5398">
    <p class='ocr_par' dir='ltr' id='par_1_110' title="bbox 2256 5322 3834 5398">
     <span class='ocr_line' id='line_1_110' title="bbox 2256 5322 3834 5398; baseline -0.006 -15"><span class='ocrx_word' id='word_1_832' title='bbox 2256 5327 2495 5398; x_wconf 79' lang='grc' dir='ltr'>(11)Τὸν</span> <span class='ocrx_word' id='word_1_833' title='bbox 2532 5330 2696 5395; x_wconf 79' lang='grc' dir='ltr'>θεῖον,</span> <span class='ocrx_word' id='word_1_834' title='bbox 2731 5332 2839 5382; x_wconf 88' lang='lat' dir='ltr'>etc.</span> <span class='ocrx_word' id='word_1_835' title='bbox 2874 5326 3074 5382; x_wconf 89' lang='lat' dir='ltr'>Comb.</span> <span class='ocrx_word' id='word_1_836' title='bbox 3096 5348 3129 5398; x_wconf 45' lang='lat' dir='ltr'>is</span> <span class='ocrx_word' id='word_1_837' title='bbox 3165 5322 3419 5398; x_wconf 83' lang='lat' dir='ltr'>divinam</span> <span class='ocrx_word' id='word_1_838' title='bbox 3452 5322 3834 5398; x_wconf 74' lang='lat' dir='ltr'>figuram,per</span> 
     </span>
    </p>
   </div>
   <div class='ocr_carea' id='block_1_111' title="bbox 2229 5392 3833 5469">
    <p class='ocr_par' dir='ltr' id='par_1_111' title="bbox 2229 5392 3833 5469">
     <span class='ocr_line' id='line_1_111' title="bbox 2229 5392 3833 5469; baseline -0.006 -16"><span class='ocrx_word' id='word_1_839' title='bbox 2229 5392 2365 5455; x_wconf 77' lang='lat' dir='ltr'>nam</span> <span class='ocrx_word' id='word_1_840' title='bbox 2398 5407 2456 5455; x_wconf 89' lang='lat' dir='ltr'>et</span> <span class='ocrx_word' id='word_1_841' title='bbox 2481 5402 2540 5454; x_wconf 91' lang='lat' dir='ltr'>in</span> <span class='ocrx_word' id='word_1_842' title='bbox 2569 5392 2739 5469; x_wconf 86' lang='lat' dir='ltr'>cujus</span> <span class='ocrx_word' id='word_1_843' title='bbox 2762 5399 2937 5454; x_wconf 77' lang='lat' dir='ltr'>finem</span> <span class='ocrx_word' id='word_1_844' title='bbox 2965 5396 3181 5453; x_wconf 71' lang='lat' dir='ltr'>conditi</span> <span class='ocrx_word' id='word_1_845' title='bbox 3206 5410 3452 5469; x_wconf 86' lang='lat' dir='ltr'>sumus;</span> <span class='ocrx_word' id='word_1_846' title='bbox 3484 5392 3714 5469; x_wconf 73' lang='lat' dir='ltr'>tantum</span> <span class='ocrx_word' id='word_1_847' title='bbox 3748 5392 3833 5444; x_wconf 88' lang='lat' dir='ltr'>in-</span> 
     </span>
    </p>
   </div>
   <div class='ocr_carea' id='block_1_112' title="bbox 2186 5416 3829 5541">
    <p class='ocr_par' dir='ltr' id='par_1_112' title="bbox 2186 5416 3829 5541">
     <span class='ocr_line' id='line_1_112' title="bbox 2229 5416 3829 5469; baseline -0.006 -16"><span class='ocrx_word' id='word_1_848' title='bbox 2229 5417 2365 5455; x_wconf 90' lang='lat' dir='ltr'>uam</span> <span class='ocrx_word' id='word_1_849' title='bbox 2398 5416 2456 5455; x_wconf 88' lang='lat' dir='ltr'>et</span> <span class='ocrx_word' id='word_1_850' title='bbox 2481 5417 2540 5454; x_wconf 83' lang='grc' dir='ltr'>ιιι</span> <span class='ocrx_word' id='word_1_851' title='bbox 2569 5416 2739 5469; x_wconf 60' lang='grc' dir='ltr'>ουδιιε</span> <span class='ocrx_word' id='word_1_852' title='bbox 2762 5416 2937 5454; x_wconf 85' lang='lat' dir='ltr'>nnem</span> <span class='ocrx_word' id='word_1_853' title='bbox 2965 5416 3181 5453; x_wconf 70' lang='lat' dir='ltr'>conum</span> <span class='ocrx_word' id='word_1_854' title='bbox 3206 5416 3452 5458; x_wconf 82' lang='lat' dir='ltr'>sumus;</span> <span class='ocrx_word' id='word_1_855' title='bbox 3485 5416 3714 5445; x_wconf 75' lang='lat' dir='ltr'>tantum</span> <span class='ocrx_word' id='word_1_856' title='bbox 3750 5416 3829 5444; x_wconf 85' lang='lat' dir='ltr'>1n-</span> 
     </span>
     <span class='ocr_line' id='line_1_113' title="bbox 2186 5416 3829 5541; baseline -0.005 -17"><span class='ocrx_word' id='word_1_857' title='bbox 2186 5416 2257 5525; x_wconf 67' lang='lat' dir='ltr'>iie</span> <span class='ocrx_word' id='word_1_858' title='bbox 2289 5473 2515 5526; x_wconf 83' lang='lat' dir='ltr'>formati</span> <span class='ocrx_word' id='word_1_859' title='bbox 2550 5476 2724 5541; x_wconf 88' lang='lat' dir='ltr'>atque</span> <span class='ocrx_word' id='word_1_860' title='bbox 2771 5469 3065 5541; x_wconf 85' lang='lat' dir='ltr'>impressi,</span> <span class='ocrx_word' id='word_1_861' title='bbox 3099 5472 3163 5521; x_wconf 91' lang='lat' dir='ltr'>ut</span> <span class='ocrx_word' id='word_1_862' title='bbox 3191 5483 3258 5521; x_wconf 82' lang='lat' dir='ltr'>ex</span> <span class='ocrx_word' id='word_1_863' title='bbox 3286 5466 3415 5541; x_wconf 76' lang='lat' dir='ltr'>ipsa</span> <span class='ocrx_word' id='word_1_864' title='bbox 3462 5462 3586 5541; x_wconf 81' lang='lat' dir='ltr'>sola</span> <span class='ocrx_word' id='word_1_865' title='bbox 3615 5478 3829 5541; x_wconf 88' lang='lat' dir='ltr'>cogno-</span> 
     </span>
    </p>
   </div>
   <div class='ocr_carea' id='block_1_113' title="bbox 2187 5535 3830 5611">
    <p class='ocr_par' dir='ltr' id='par_1_113' title="bbox 2187 5535 3830 5611">
     <span class='ocr_line' id='line_1_114' title="bbox 2187 5535 3830 5611; baseline -0.005 -14"><span class='ocrx_word' id='word_1_866' title='bbox 2187 5559 2440 5597; x_wconf 87' lang='lat' dir='ltr'>scamur.</span> <span class='ocrx_word' id='word_1_867' title='bbox 2478 5565 2505 5591; x_wconf 84' lang='lat'><strong>»</strong></span> <span class='ocrx_word' id='word_1_868' title='bbox 2538 5542 2609 5597; x_wconf 88' lang='lat' dir='ltr'>Ut</span> <span class='ocrx_word' id='word_1_869' title='bbox 2630 5535 2759 5595; x_wconf 62' lang='lat' dir='ltr'>haec</span> <span class='ocrx_word' id='word_1_870' title='bbox 2789 5535 2986 5596; x_wconf 80' lang='lat' dir='ltr'>omnia</span> <span class='ocrx_word' id='word_1_871' title='bbox 3032 5540 3219 5611; x_wconf 86' lang='lat' dir='ltr'>ipsum</span> <span class='ocrx_word' id='word_1_872' title='bbox 3257 5535 3505 5611; x_wconf 72' lang='lat' dir='ltr'>referant</span> <span class='ocrx_word' id='word_1_873' title='bbox 3531 5536 3830 5589; x_wconf 89' lang='lat' dir='ltr'>characte-</span> 
     </span>
    </p>
   </div>
   <div class='ocr_carea' id='block_1_114' title="bbox 2188 5606 3833 5684">
    <p class='ocr_par' dir='ltr' id='par_1_114' title="bbox 2188 5606 3833 5684">
     <span class='ocr_line' id='line_1_115' title="bbox 2188 5606 3833 5684; baseline -0.004 -17"><span class='ocrx_word' id='word_1_874' title='bbox 2188 5630 2332 5676; x_wconf 79' lang='lat' dir='ltr'>rem,</span> <span class='ocrx_word' id='word_1_875' title='bbox 2366 5613 2463 5684; x_wconf 89' lang='lat' dir='ltr'>qui</span> <span class='ocrx_word' id='word_1_876' title='bbox 2498 5613 2575 5667; x_wconf 90' lang='lat' dir='ltr'>sit</span> <span class='ocrx_word' id='word_1_877' title='bbox 2604 5614 2799 5667; x_wconf 86' lang='lat' dir='ltr'>divina</span> <span class='ocrx_word' id='word_1_878' title='bbox 2828 5613 2887 5667; x_wconf 90' lang='lat' dir='ltr'>in</span> <span class='ocrx_word' id='word_1_879' title='bbox 2921 5606 3089 5667; x_wconf 76' lang='lat' dir='ltr'>nobis</span> <span class='ocrx_word' id='word_1_880' title='bbox 3135 5606 3444 5681; x_wconf 87' lang='lat' dir='ltr'>impressio</span> <span class='ocrx_word' id='word_1_881' title='bbox 3482 5612 3539 5664; x_wconf 89' lang='lat' dir='ltr'>et</span> <span class='ocrx_word' id='word_1_882' title='bbox 3568 5610 3730 5674; x_wconf 86' lang='lat' dir='ltr'>nota,</span> <span class='ocrx_word' id='word_1_883' title='bbox 3762 5621 3833 5660; x_wconf 83' lang='lat' dir='ltr'>ex</span> 
     </span>
    </p>
   </div>
   <div class='ocr_carea' id='block_1_115' title="bbox 2186 5701 2768 5757">
    <p class='ocr_par' dir='ltr' id='par_1_115' title="bbox 2186 5701 2768 5757">
     <span class='ocr_line' id='line_1_116' title="bbox 2186 5701 2768 5757; baseline 0 -18"><span class='ocrx_word' id='word_1_884' title='bbox 2186 5702 2299 5756; x_wconf 85' lang='lat' dir='ltr'>qua</span> <span class='ocrx_word' id='word_1_885' title='bbox 2328 5701 2768 5757; x_wconf 83' lang='lat' dir='ltr'>cognoscamur.</span> 
     </span>
    </p>
   </div>
  </div>
