4146 6290
244 442 361 502 ’187

1496 442 1560 501 S.
1608 440 1980 501 GREGORII
2024 438 2415 498 THEOLOGI

3540 433 3658 493 788

249 580 383 643 tur;
417 592 519 648 pro
551 580 751 631 nostra
781 590 918 645 erga
944 575 1141 646 ipsum
1173 575 1456 631 charitate
1476 579 1533 631 at
1556 590 1681 645 spe,
1695 572 1895 628 omnia

2010 571 2309 643 στέγοντες,
2365 570 2537 622 πάντα
2596 566 2956 640 ὑπομενοδτις
3018 563 3106 620 διὰ
3168 563 3265 636 τὴν
3343 567 3421 627 εἷς
3497 566 3656 620 αὐτὸν

252 666 522 730 ferentes,
556 666 753 719 omnia
784 663 1145 719 sustinentes
1165 666 1239 727 ης
1276 669 1513 735 propter
1537 664 1754 731 omnia,
1780 668 1896 717 tam

249 755 470 822 dextra,
499 770 674 825 quam
728 754 988 822 sinistra,
1039 754 1147 808 hoc
1194 759 1302 819 est,
1352 758 1472 809 tam
1520 754 1669 817 lata,
1720 765 1896 821 quam

249 843 461 904 tristia,
494 842 713 913 gratias
753 848 991 913 agentes
1040 842 1534 913 (quandoquidem
1585 841 1704 894 hinc
1754 857 1896 911 quo-

248 944 360 1003 que
412 948 664 1001 persaepe
722 931 930 986 salutis
989 946 1153 985 arma
1210 944 1337 986 esse
1392 931 1633 985 verbum
1692 930 1896 999 novit),

249 1025 482 1075 nostras
510 1024 567 1075 et
596 1036 820 1087 eorum,
856 1021 977 1090 qui,
1009 1026 1291 1090 tanquam
1343 1020 1401 1073 in
1450 1019 1748 1075 communi
1782 1019 1893 1085 via,

248 1110 590 1181 paratiores,
618 1110 686 1163 ad
712 1108 1033 1178 hospitium
1059 1109 1221 1180 prius
1245 1111 1649 1180 pervenerunt,
1670 1107 1899 1163 animal

250 1198 361 1269 ipsi
396 1198 895 1252 commendantes.
928 1199 1049 1262 Quo
1080 1198 1318 1267 quidem
1353 1197 1543 1252 officio
1583 1213 1689 1251 nos
1720 1196 1895 1251 etiam

250 1286 454 1355 functi,
480 1287 654 1340 ﬁnem
682 1286 934 1353 dicendi,
964 1291 1027 1339 ut
1048 1293 1104 1340 et
1128 1302 1230 1340 vos
1254 1301 1486 1356 quoque
1511 1284 1896 1355 lacrymandi,

248 1376 553 1439 faciemus,
587 1376 707 1446 jam
740 1378 806 1429 ad
842 1374 1179 1445 sepulcrum
1208 1382 1469 1430 vestrum
1495 1376 1892 1444 properantes,

248 1464 400 1535 quod
426 1463 613 1517 solum
640 1480 705 1518 ac
727 1463 893 1518 triste
916 1464 1432 1518 donumCaasarius
1457 1480 1489 1517 a
1513 1463 1674 1517 vobis
1699 1463 1895 1528 habet,

249 1553 591 1624 parentibus
613 1552 849 1622 quidem
868 1558 924 1607 et
944 1552 1233 1607 senectuti
1256 1556 1581 1623 opportune
1601 1556 1891 1623 paratum,

246 1641 368 1695 filio
400 1657 597 1695 aurem
630 1656 697 1695 ac
719 1642 966 1711 juvenili
1010 1642 1162 1695 artati
1208 1641 1513 1704 donatum,
1545 1644 1893 1711 praepostere

249 1730 508 1800 quidem,
535 1734 591 1781 at
625 1745 738 1783 non
771 1729 1021 1784 absurde
1052 1730 1204 1800 apud
1235 1745 1391 1799 eum,
1417 1729 1513 1799 qui
1539 1742 1630 1783 res
1662 1736 1894 1784 nostras

251 1818 649 1873 administrat.
691 1819 734 1874 0
784 1818 1046 1873 omnium
1107 1819 1369 1883 Domine,
1420 1822 1478 1872 et
1523 1818 1776 1885 eﬂ‘ector,
1827 1834 1893 1873 ac

250 1908 538 1979 praecipue
562 1907 739 1976 hujus
761 1907 1020 1977 ﬁgmenti
1039 1909 1052 1962 Ι
1073 1907 1116 1961 0
1133 1912 1281 1961 Deus
1300 1912 1533 1962 tuorum
1558 1907 1890 1974 hominum,

251 2000 307 2051 et
329 2000 511 2067 pater,
543 2013 609 2050 ac
639 1996 1028 2066 gubernator!
1062 1996 1105 2051 Ο
1133 1997 1187 2050 vi
1201 2002 1265 2051 tsi
1296 2001 1351 2051 et
1396 1997 1603 2051 mortis
1635 1995 1889 2051 arbiterl

249 2088 293 2139 Ο
324 2089 658 2139 nostrarum
710 2085 1039 2139 animarum
1089 2091 1287 2140 custos
1340 2092 1396 2140 et
1443 2086 1810 2140 henefactorl
1847 2086 1891 2141 Ο

248 2172 346 2242 qui
382 2172 581 2226 omnia
612 2171 777 2237 facis,
808 2177 864 2227 et
897 2174 1258 2244 tempestive,
1290 2177 1485 2245 atque,
1536 2178 1602 2228 ut
1631 2174 1757 2245 ipse
1789 2190 1892 2246 pro

246 2261 544 2331 sapientiae
574 2266 686 2315 tuas
711 2265 769 2315 et
800 2262 1329 2317 administrationis
1372 2261 1684 2317 altitudine
1715 2261 1889 2330 nosti,

246 2349 469 2403 artifice
519 2348 705 2404 Verbo
746 2354 1112 2405 transmutas
1162 2352 1225 2420 ‘3,
1263 2352 1417 2406 210
1466 2365 1622 2405 nunc
1651 2351 1892 2422 quidem

244 2435 582 2501 Caesarium,
606 2436 903 2491 discessus
924 2437 1109 2492 nostri
1142 2438 1455 2508 primitias,
1481 2438 1893 2509 quaso,susci-

246 2540 337 2593 pe.
369 2524 532 2585 Quod
566 2524 613 2578 si
648 2529 1010 2595 postremum
1043 2532 1205 2589 natu,
1250 2526 1529 2598 primum,
1565 2528 1685 2581 tuis
1716 2529 1892 2582 ratio.

246 2612 443 2676 nibus,
472 2613 688 2682 quibus
718 2614 916 2667 omnia
947 2619 1246 2685 reguntur,
1278 2616 1541 2671 cedimus
1576 2633 1587 2671 :
1623 2632 1729 2671 nos
1759 2632 1893 2671 vero

249 2705 381 2772 post
412 2717 644 2771 quoque
673 2707 998 2772 opportuno
1029 2710 1289 2774 tempore
1320 2704 1574 2776 suscipe,
1596 2705 1801 2759 tandiu
1832 2706 1892 2759 in

248 2806 421 2844 carne
450 2790 627 2843 vitam
660 2796 919 2845 nostram
971 2794 1329 2863 moderatus,
1365 2794 1626 2864 quandiu
1672 2796 1892 2849 condu-

248 2878 421 2933 cibile
453 2879 627 2951 fuerit
661 2897 673 2935 :
707 2884 763 2935 et
794 2881 1029 2951 quidem
1070 2882 1324 2953 suscipe,
1357 2883 1429 2937 ob
1472 2887 1691 2937 metum
1725 2888 1892 2938 tuum

248 2973 502 3039 paratos,
537 2972 595 3021 et
627 2985 742 3023 non
770 2970 1036 3024 turbatos
1068 2972 1133 3035 ν’,
1166 2987 1353 3042 neque
1407 2971 1466 3026 in
1516 2977 1772 3026 extremo
1804 2972 1895 3027 die

248 3061 411 3127 terga
442 3061 752 3125 vertentes,
787 3064 964 3129 atque
1007 3059 1189 3115 invito
1236 3061 1451 3131 animo,
1512 3062 1895 3132 quemadmo-

249 3146 387 3200 dum
421 3146 612 3201 solent
642 3148 739 3218 qui
772 3153 994 3204 mundo
1024 3155 1083 3204 et
1112 3150 1269 3204 carni
1306 3150 1523 3205 addicti
1572 3157 1726 3219 sunt,
1756 3150 1897 3205 hinc

248 3235 573 3289 abstractos
607 3239 663 3289 et
693 3236 949 3306 avulsos,
981 3238 1081 3292 sed
1116 3243 1382 3310 prompte
1430 3243 1486 3294 et
1525 3237 1794 3294 alacriter
1825 3240 1895 3295 ad

246 3324 478 3378 beatam
529 3323 691 3379 illam
730 3330 786 3379 et
834 3324 1152 3397 longaevam
1202 3309 1381 3382 vitam
1437 3328 1892 3398 proficiscentes,
1924 3309 1966 3374 Ο

246 3428 375 3482 qua
405 3417 495 3466 est
524 3412 581 3467 in
614 3412 842 3467 Christo
872 3414 1010 3469 Jesu
1043 3415 1290 3471 Domino
1321 3423 1542 3487 nostro,
1587 3416 1677 3471 cui
1710 3416 1895 3488 gloria

248 3501 308 3555 in
341 3500 553 3556 sacula
584 3501 951 3557 seculorum.
984 3505 1188 3558 Amen.

2010 659 2219 733 ἀγάπην
2278 679 2335 712 τι
2391 658 2478 712 καὶ
2538 654 2751 711 ἑλπίδαο
2810 656 2897 710 ἐπὶ
2972 661 3131 710 πᾶσιν
3211 656 3655 731 εὐχαριστοῦντες

2012 745 2205 816 δεξιοῖς
2259 768 2317 801 τε
2374 747 2582 818 ὁμοίως
2637 747 2726 799 καὶ
2786 746 3108 821 ἀριστεροῖς,
3169 742 3331 813 ἠδάσι
3390 740 3655 818 λέγωκαὶ

2008 836 2271 910 ἀνιαροῖς,
2304 832 2494 902 ἐπειδὴ
2525 834 2615 888 καὶ
2652 838 2820 888 ταῦτα
2867 834 3138 907 σωτηρίας
3185 832 3330 889 ὅπλα
3379 832 3652 895 πολλάκις

2012 922 2151 978 οἶδεν
2213 926 2241 978 ὁ
2297 923 2462 998 λόγος
2534 925 2668 996 (12),
2734 923 2879 995 αὖτῷ
2933 924 3488 997 παρακατατιθέμενοι
3547 926 3657 995 (13)

2008 1014 2101 1074 τὰς
2178 1012 2446 1088 ἡμετέρας
2513 1013 2718 1087 ψυχὰς,
2792 1014 2886 1074 τὰς
2960 1016 3068 1066 τῶν
3138 1011 3652 1088 προκαταλυόντων,

2008 1101 2189 1177 ὣσπιρ
2247 1102 2299 1156 ἐν
2351 1099 2462 1173 ὁδῷ
2517 1106 2673 1175 κοινῇ
2732 1104 2836 1156 τῶν
2898 1100 3277 1174 ἆτοιμοτέριυνν
3329 1103 3388 1158 Ὁ
3446 1099 3511 1171 δὴ
3564 1102 3651 1157 καὶ

2007 1190 2160 1245 αὐτοὶ
2218 1194 2543 1261 ποιήσαντες
2599 1194 2732 1262 (14),
2791 1191 3011 1245 ἐνταῦθα
3080 1195 3177 1244 τοῦ
3235 1190 3407 1265 λόγου
3467 1191 3646 1262 λήξω-

2010 1300 2104 1353 μεν
2166 1280 2294 1352 (45),
2350 1278 2497 1335 ἀλλὰ
2550 1280 2637 1334 καὶ
2700 1282 2857 1352 ὑμεῖς
2909 1278 3017 1334 τῶν
3079 1277 3347 1353 δακρύων,
3408 1280 3495 1334 ἐπὶ
3560 1280 3650 1335 τὸν

2002 1370 2170 1446 τάφον
2204 1367 2311 1439 ἠδη
2347 1366 2661 1430 σπεύδοντες
2690 1367 2783 1423 τὸν
2836 1369 3113 1444 ὗμὲτξρον,
3173 1367 3229 1422 ὅν
3299 1366 3473 1443 δῶρον
3529 1371 3656 1442 παρ’

2008 1459 2159 1529 ὑμῶν
2193 1456 2642 1534 ἔχιιΚαισάριος,
2694 1457 2942 1533 λυπηρόν
2988 1473 3047 1512 τε
3092 1459 3183 1511 καὶ
3235 1457 3467 1531 μόνιμον
3519 1459 3651 1531 (16),

2002 1552 2212 1623 γονεῦσι
2272 1548 2364 1619 μὲν
2425 1546 2808 1618 ἒτοιμασθὲντα
2863 1548 2952 1601 καὶ
3025 1549 3167 1622 γήρᾳ
3235 1548 3371 1601 κατὰ
3442 1548 3650 1622 καιρὸν,

2002 1634 2157 1690 παιδὶ
2190 1633 2247 1690 δί
2276 1637 2365 1689 καὶ
2397 1636 2607 1706 νεότητι
2660 1633 2973 1711 δωρηθέντα
3026 1636 3172 1707 παρὰ
3225 1636 3288 1689 τὸ
3345 1636 3512 1707 εἰκὸς,
3568 1635 3657 1689 καὶ

2003 1724 2102 1779 οὐκ
2148 1725 2367 1786 ἀπεικὸς
2396 1729 2473 1796 τῷ
2504 1722 2741 1779 διίποντι
2766 1724 2834 1778 τὰ
2860 1724 3118 1799 ἡμὲτιρα.
3153 1727 3219 1777 Ὢ
3250 1724 3495 1778 Δέσποτα
3524 1726 3655 1778 πάν-

2000 1834 2106 1867 των
2138 1814 2229 1868 καὶ
2259 1811 2478 1882 ποιητὰ.
2513 1812 2601 1867 καὶ
2642 1808 3001 1888 διαφερόντως
3058 1808 3217 1867 τοῦδε
3253 1816 3349 1865 τοῦ
3396 1810 3651 1883 πλάσμα-

1999 1923 2090 1963 τος
2116 1904 2127 1957 l
2159 1904 2225 1956 Ὤ
2257 1903 2350 1956 Θιὶ
2378 1907 2485 1956 τῶν
2518 1906 2639 1955 ’σῶν
2690 1901 3008 1975 ἀνθρώπων,
3057 1901 3147 1955 καὶ
3194 1902 3382 1975 πάτερ,
3443 1902 3533 1955 καὶ
3562 1918 3653 1955 κυ-

2002 1986 2271 2065 ϐερνῆταὶ
2332 1993 2398 2043 Ὦ
2442 1996 2585 2059 ζωῆς
2634 1990 2722 2044 καὶ
2781 1989 3008 2044 θανάτου
3077 1990 3275 2065 Κύριιέ
3332 1992 3398 2044 Ὦ
3454 1990 3646 2064 ψυχῶν

1999 2079 2279 2153 ἡμετέρων
2310 2078 2480 2152 ταμία
2508 2080 2597 2133 καὶ
2639 2079 2922 2153 εὐεργέται
2989 2081 3053 2132 Ὤ
3107 2082 3278 2133 ποιῶν
3337 2079 3403 2132 τὰ
3453 2079 3644 2149 πάντα,

2002 2170 2091 2223 καὶ
2154 2166 2554 2241 μιταστιυάζων
2596 2170 2675 2239 τῷ
2727 2167 2945 2243 τεχνίτῃ
2994 2169 3108 2241 (17)
3164 2167 3329 2241 Λόγῳ
3366 2169 3503 2223 κατὰ
3530 2184 3649 2222 και-

2004 2258 2118 2332 ρὸο,
2149 2258 2237 2311 καὶ
2266 2257 2339 2319 ὥς
2369 2258 2529 2318 αὐτὸς
2562 2256 2838 2311 ἐπίστασαι
2887 2260 2966 2329 τῷ
3025 2258 3175 2332 βάθιι
3227 2264 3327 2326 τῆς
3385 2264 3484 2326 σῆς
3533 2259 3649 2330 (48)

2002 2346 2194 2425 σοφίας
2248 2348 2338 2401 καὶ
2397 2345 2741 2417 διοικήσεως,
2801 2351 2891 2400 νῦν
2955 2348 3049 2418 μὶν
3110 2344 3299 2422 δὲχοιο
3330 2348 3642 2421 Καισάρων,

2003 2437 2257 2512 ἀπαρχὴν
2290 2444 2388 2505 τῆς
2413 2436 2681 2510 ἡμετιρας
2710 2433 3055 2507 ἀποδημίας·
3120 2435 3166 2490 εἰ
3207 2432 3265 2490 δὶ
3315 2430 3407 2489 τὸν
3466 2430 3651 2492 τελευ-

2000 2531 2152 2579 ταῖον
2186 2529 2402 2599 πρῶτον
2454 2528 2846 2599 συγχωροῦμεν
2895 2529 3013 2585 τοῖς
3064 2530 3179 2585 σοῖς
3228 2523 3420 2598 λόγοις
3468 2525 3549 2586 οἷς
3587 2525 3651 2579 τδ

2002 2619 2106 2667 πᾶν
2139 2613 2372 2689 φὲρεταν
2428 2612 2616 2688 δὲχοιο
2669 2611 2727 2667 δὶ
2774 2614 2863 2667 καὶ
2912 2614 3058 2685 ἡμᾶς
3106 2612 3325 2686 ὕστερον
3376 2613 3427 2666 ἐν
3478 2618 3651 2685 καιρῷ

2003 2701 2221 2774 εὐθέτῳ,
2256 2702 2621 2774 οἰκονομήσας
2652 2702 2702 2755 ἐν
2754 2706 2821 2775 τῇ
2872 2704 3026 2777 σαρκὶ
3058 2698 3137 2779 ἐφ’
3169 2701 3293 2756 ὅσον
3341 2702 3398 2755 ἂν
3510 2720 3645 2773 συμ-

2003 2792 2184 2869 φὲρον·
2219 2792 2308 2845 καὶ
2343 2790 2528 2867 δὲχοιό
2573 2808 2632 2865 γε
2681 2788 2767 2845 διὰ
2810 2791 2901 2845 τὸν
2952 2791 3041 2845 σὸν
3084 2786 3251 2867 φόϐον
3302 2789 3642 2861 δτοιμασθέν-

2002 2900 2117 2949 τας,
2178 2881 2266 2934 καὶ
2327 2880 2387 2934 οὐ
2429 2878 2884 2955 ταρασσομένους,
2944 2878 3069 2934 οὐδὲ
3122 2881 3542 2955 ὑποχωροῦντας
3589 2877 3639 2930 ἐν

2003 2971 2185 3043 ἡμέρᾳ
2213 2970 2279 3043 τῇ
2325 2969 2625 3041 τελευταίᾳ,
2674 2970 2763 3023 καὶ
2810 2969 2900 3044 βίᾳ
2945 2974 3053 3023 τῶν
3109 2964 3340 3023 ἰντεῦθιν
3392 2967 3643 3021 ἀποσπω-

2009 3057 2220 3132 μένους,
2255 3059 2284 3112 ’ὁ
2316 3058 2420 3112 τῶν
2471 3056 2827 3135 φιλοκόσμων
2875 3061 3069 3133 ψυχῶν
3122 3059 3293 3119 πάθος
3342 3056 3431 3111 καὶ
3482 3055 3645 3134 φιλο-

2006 3149 2241 3221 σάρκων,
2290 3145 2434 3202 ἀλλὰ
2476 3147 2773 3220 προθύμως
2821 3144 2933 3220 (19)
2966 3146 3102 3223 πρὸς
3149 3149 3248 3215 τὴν
3284 3145 3500 3201 αὐτόθεν
3532 3147 3643 3218 (20)

2009 3239 2152 3307 ζωὴν
2184 3239 2282 3305 τήν
2324 3238 2639 3313 μακραίωνᾴ
2684 3257 2741 3291 τε
2788 3237 2875 3291 καὶ
2930 3237 3219 3312 μακαρίαν,
3266 3232 3363 3304 τὴν
3421 3236 3472 3291 ὲν
3516 3241 3646 3311 Χρι-

2004 3330 2112 3399 στῷ
2170 3329 2347 3397 Ἰησοῦ
2404 3326 2482 3398 τῷ
2541 3326 2720 3401 Κυρίῳ
2778 3329 2962 3399 ἡμῶν,
3016 3328 3061 3399 ᾧ
3109 3328 3144 3396 ἠ
3201 3323 3332 3396 δόξα
3393 3326 3470 3387 et:
3522 3324 3651 3385 τοὺς

2001 3414 2201 3478 αἰῶνας
2232 3419 2339 3469 τῶν
2373 3415 2581 3469 αἰώνων
2616 3418 2750 3488 ('21).
2786 3417 2987 3489 Ἀμὴν.

318 3624 361 3659 ¹²
390 3627 411 3680 Ι
441 3625 567 3681 Cor.
600 3644 723 3691 xm,
751 3628 807 3684 7.
886 3628 930 3662 ¹³
962 3628 1137 3683 Amos
1167 3644 1221 3699 v,
1252 3628 1305 3683 8.
1386 3628 1431 3665 ¹⁴
1465 3624 1613 3685 Psal.
1647 3646 1845 3698 (xvm,
1875 3628 1965 3685 60.

318 3750 432 3819 (12)
464 3748 657 3822 Λόγος.
692 3750 919 3820 Billius,
963 3771 991 3800 ‹‹
1020 3766 1232 3806 sermo.
1294 3774 1315 3800 ι
1369 3753 1651 3822 Comhef.,
1686 3776 1707 3805 ι
1746 3754 1889 3809 sori-

248 3825 441 3893 ptura.
475 3842 499 3872 »
540 3824 704 3876 Forte
735 3824 969 3889 rectius,
1003 3845 1029 3871 «
1066 3824 1232 3878 ratio.
1271 3848 1291 3875 ι

484 3893 1063 3965 Παρακατατιθέμενοι,
1127 3894 1342 3949 Eodem
1395 3912 1569 3950 sensu
1628 3912 1737 3950 vox
1795 3890 1892 3950 illa

247 3963 630 4040 intelligenda
683 3971 792 4034 est,
853 3963 930 4040 ac!
964 3966 1096 4032 ista,
1147 3966 1369 4040 l__Petr.
1412 3980 1499 4040 iv,
1550 3968 1635 4035 19,
1663 3980 1889 4040 παρατι-

248 4033 593 4112 ctoriam,“
628 4033 1057 4112 commendent.
1111 4056 1137 4084 ι)
1184 4038 1300 4092 Hoc
1330 4039 1483 4093 enim
1517 4033 1639 4093 vult
1668 4033 1886 4110 Gregoc

2006 4110 2035 4112 Μ
2071 4041 2180 4107 (17)
2210 4042 2297 4108 Τῷ
2326 4037 2565 4112 τσχνέτῃ,
2602 4060 2630 4088 ‹‹
2663 4039 2894 4094 Artifice
2926 4038 3135 4093 Verbo.
3169 4059 3199 4089 ι)
3225 4039 3318 4094 Sic
3350 4046 3498 4112 Aug.
3535 4038 3642 4094 Bil-

247 4108 391 4173 rius,
427 4114 488 4160 ut
516 4108 1173 4181 dumresurrectionem
1201 4116 1629 4181 exspectamus,
1663 4108 1892 4165 animas
2001 4110 2135 4171 lius.
2176 4133 2201 4159 «
2235 4108 2455 4165 artiﬁce
2487 4108 2776 4164 sermons.
2818 4134 2838 4157 ι

247 4184 478 4232 nostras
508 4178 682 4233 veluti
719 4180 1012 4250 quoddam
1048 4178 1396 4251 depositum,
1423 4182 1537 4237 Deo
1568 4178 1893 4237 cemmitta-
2071 4182 2183 4252 (18)
2215 4183 2319 4248 Τῆς
2349 4186 2467 4253 σῇς.
2504 4182 2596 4236 Sic
2630 4182 2768 4253 Reg.
2806 4181 2902 4249 hu,
2936 4184 3053 4253 tres
3086 4180 3268 4248 Colb.,
3302 4182 3397 4249 0r,
3435 4185 3481 4237 1.

2038 3800 2041 3803 λ
2070 3754 2182 3826 (15)
2208 3751 2494 3826 Λήᾼξωμεν.
2531 3753 2668 3824 Reg.
2702 3753 2803 3826 hu,
2830 3750 3090 3826 λήξομιν.

2070 3824 2184 3897 (10)
2214 3824 2482 3895 Μόνιμον.
2524 3846 2574 3897 αξ
2606 3825 2845 3897 Stabiis.
2903 3846 2929 3877 ι
2994 3825 3201 3897 Billius,
3254 3824 3414 3896 legit,
3461 3824 3649 3894 μόνον.

2005 3892 2275 4023 utsglutp,
2313 3920 2340 3946 »
2360 3892 2524 3968 quod
2564 3895 2780 3952 habent
2811 3892 2988 3969 Regg.
3025 3894 3144 3969 bm,
3190 3892 3644 3965 huftresColb.

2006 3984 2036 4023 c
2138 3986 2183 4022 r.
2259 4009 2269 4020 .

2006 3984 2062 4023 σι
2088 3984 2183 4023 UI‘.
2218 3984 2269 4020 1.

248 4266 616 4326 m93:.-m-.
731 4318 742 4326 .
838 4318 849 4326 .
930 4319 940 4326 .
1128 4250 1137 4251 ί
1384 4250 1389 4251 ν

2071 4250 2183 4326 (19)
2216 4250 2539 4326 Προθύμωςρ
2576 4250 2858 4326 Res-"hum
2881 4250 3218 4326 προθύμους-

315 4320 428 4393 (14)
458 4320 528 4369 ’Ὀ
561 4315 746 4393 δὴηκαὶ
796 4318 945 4393 adeo?
994 4322 1339 4393 ποιήσαντες.
1394 4322 1522 4376 Ηεεο
1567 4324 1781 4379 desunt
1832 4323 1888 4378 in

2072 4315 2186 4393 (20)
2219 4315 2475 4385 Δῦτόθὲν.
2511 4315 2689 4378 Οοὶεἰῖ
2720 4325 2768 4392 1,
2803 4315 3006 4377 αὑτᾶθι.

315 4325 426 4389 (14)
458 4325 528 4369 Ἵ)
561 4325 625 4384 δὴ
658 4325 746 4369 καὶ
796 4325 945 4371 αὐτοὶ
994 4325 1339 4387 ποιήσαντες.
1394 4325 1522 4376 Haec
1567 4325 1781 4379 desunt
1832 4325 1888 4378 in

245 4390 384 4461 Reg.
419 4392 537 4457 bm,
571 4391 758 4445 tribus
790 4391 950 4446 Colb.
984 4398 1040 4446 et
1069 4392 1164 4446 0r.
1200 4394 1251 4446 l.

2093 4325 2186 4393 20)
2219 4325 2475 4385 Δύτόθεν.
2511 4325 2682 4378 Coisl.
2720 4325 2768 4392 1,
2803 4325 3006 4377 αὐτόθι.

2072 4325 2188 4465 (21)
2214 4394 2458 4450 Αἱώνων.
2494 4395 2666 4450 Deest
2696 4395 2757 4450 in
2790 4396 2967 4468 Hegg.
3004 4394 3107 4449 hu.

964 4659 1113 4713 ἰτ
1177 4670 1728 4755 MONITUM
1786 4670 1899 4755 IN
1956 4667 2644 4757 ORATIONIZM
2701 4666 2934 4756 VIII.

1911 4852 1990 4867 0—.-

330 4982 377 5040 Ι.
428 4981 601 5040 Sicut
658 4982 927 5061 Caesario
986 4984 1183 5051 fratri,
1243 4982 1331 5041 ita
1386 4988 1447 5041 et
1506 4983 1835 5061 Gorgonis:
1894 4982 2094 5043 sorori
2150 4983 2410 5041 funebre
2467 5002 2696 5042 munus
2748 4984 3047 5061 persolvit
3104 4984 3459 5061 Gregorius.
3517 4983 3653 5053 Quo

249 5069 460 5120 autem
519 5076 682 5119 anno
738 5060 1055 5139 Gorgonis
1110 5068 1463 5121 terrestrem
1522 5059 1685 5122 hanc
1742 5062 1931 5122 vitam
1989 5074 2130 5122 cum
2190 5062 2427 5123 aiterna
2483 5059 2926 5136 commutarit,
2990 5069 3161 5124 certo
3219 5059 3480 5123 deﬁnire
3530 5080 3657 5121 non

244 5159 625 5221 possumus.)
665 5138 921 5201 Constat
977 5149 1184 5201 tamen
1247 5162 1321 5202 ex
1376 5143 1571 5221 ipsius
1629 5140 1934 5220 Theologi
1996 5142 2238 5211 verbis,
2299 5162 2434 5203 eam
2498 5144 2763 5204 Caesario
2824 5144 3011 5204 fuisse
3066 5138 3489 5221 superstitem.
3553 5143 3655 5205 Sic

246 5222 410 5280 enim
460 5219 738 5298 loquitur
787 5221 1003 5302 (n.23)
1059 5241 1069 5280 :
1132 5248 1158 5278 «
1215 5219 1501 5283 Nostram
1559 5241 1810 5302 quoque
1859 5219 2231 5292 orationem,
2283 5243 2395 5302 pro
2451 5225 2661 5283 multis
2715 5242 2789 5283 ac
2850 5243 2976 5301 prae
3035 5219 3247 5284 multis
3287 5223 3653 5283 funebribus

244 5302 424 5361 donis
482 5302 751 5378 accipias
814 5300 1035 5371 velim,
1096 5323 1284 5379 quam
1343 5300 1612 5362 Caesarie
1671 5312 1813 5361 ante
1870 5310 1967 5375 te,
2027 5310 2089 5364 et
2146 5300 2457 5381 tibi‘post
2511 5305 2687 5362 illum
2745 5300 3178 5380 persolvimus.
3240 5327 3269 5358 ››
3362 5303 3652 5374 Quandiu

245 5389 451 5441 autem
506 5382 881 5459 superfuerit
932 5385 1267 5459 Gorgonis,
1318 5384 1375 5439 id
1437 5386 1622 5441 etiam
1676 5384 2007 5443 incertum.
2062 5384 2267 5445 Unum
2323 5385 2636 5443 afﬁrmare
2686 5384 2846 5455 licet,
2907 5400 3043 5444 eam
3081 5386 3329 5461 utrique
3385 5384 3653 5461 parenti,

245 5464 349 5538 qui
400 5482 564 5521 anno
619 5464 735 5521 374
792 5463 889 5521 vel
938 5482 1102 5521 anno
1163 5464 1443 5541 proxime
1493 5465 1706 5540 elapso
1764 5486 1793 5522 c
1852 5464 2005 5523 vivis
2054 5472 2472 5535 excesserunt,
2532 5464 2864 5543 praeivisse.
2921 5467 3256 5541 Gregorius
3301 5472 3468 5523 certe
3530 5489 3558 5519 ς(
3592 5466 3652 5523 in

245 5545 521 5601 carmine
580 5542 842 5620 primo»
907 5544 984 5607 (v.
1046 5544 1157 5603 108
1212 5551 1274 5603 et
1331 5543 1487 5621 seq.)
1546 5560 1913 5620 germanum
1974 5551 2311 5621 utrumque
2375 5542 2571 5604 morte
2620 5545 2935 5603 sublatum
2988 5546 3181 5621 luget,
3235 5558 3425 5622 seque
3489 5564 3652 5603 «so-

246 5622 375 5680 lum
434 5642 465 5680 e
522 5623 733 5681 liberis
791 5623 1078 5683 relictum
1125 5644 1152 5679 n
1215 5624 1577 5703 parentibus
1630 5631 1912 5685 testatur.
1976 5626 2070 5684 Ex
2127 5627 2343 5684 eodem
2400 5626 2696 5704 Gregorio
2758 5626 2953 5703 liquet
2990 5625 3136 5705 (22),
3196 5626 3532 5686 Caesarium
3594 5626 3656 5686 et

317 5758 427 5829 (22)
460 5757 553 5811 0r.
591 5773 749 5825 xvm,
782 5773 839 5810 n.
872 5757 960 5813 43.
