4146 6290
324 383 432 443 7M

1570 383 1638 444 S.
1681 383 2053 444 GREGORII
2098 382 2494 445 THEOLOGI

3614 384 3733 444 792

325 514 588 568 veritatis
637 519 825 568 metas
875 512 1197 584 prosiliam,
1265 513 1365 567 sed
1416 512 1560 567 illud
1624 518 1847 581 contra,
1898 531 1970 569 ne

2088 524 2226 575 θειαν
2286 510 2740 589 ὑπερδράμωμεν·
2801 513 2947 569 ἀλλὰ
2999 513 3333 581 τούναντίον,
3398 516 3471 586 μή
3531 534 3582 568 τι
3632 522 3731 583 τῆς

324 602 477 655 infra
508 602 809 656 veritatem
835 603 1178 670 subsistam,
1204 617 1269 656 ac
1295 602 1551 672 procula
1572 604 1651 657 rei
1684 603 1968 674 dignitate

317 690 940 757 remotus,laudatione
962 708 1089 745 mea
1107 690 1350 761 gloriam
1372 691 1559 762 ipsius
1584 692 1964 759 imminuam;

316 780 795 849 quandoquidem
830 779 1065 833 difﬁcile
1083 786 1191 845 est,
1213 784 1337 833 tum
1371 780 1821 849 actionem,tum
1848 797 1967 835 ser-

317 884 573 933 monem,
610 868 795 939 ipsius
830 873 982 923 recte
1028 868 1196 922 factis
1245 869 1589 939 adazquare;
1626 886 1729 924 nec
1770 869 1965 939 igitur,

317 957 607 1028 quidquid
640 957 896 1011 alienum
929 961 1040 1023 est,
1068 956 1356 1024 laudetur,
1391 958 1545 1028 quod
1580 958 1968 1029 incongruum

316 1046 464 1100 foret
493 1064 505 1101 :
540 1061 643 1100 nec
675 1046 959 1117 quidquid
995 1045 1297 1117 prOprium
1338 1050 1395 1100 et
1442 1046 1827 1101 domesticum
1858 1050 1968 1113 est,

318 1138 745 1203 contemnatur,
771 1135 819 1189 si
850 1135 1162 1189 honestum
1194 1139 1250 1189 et
1274 1136 1586 1202 eximium;
1622 1152 1693 1190 ne
1722 1134 1806 1190 illi
1837 1136 1968 1206 qui-

317 1225 449 1279 dem
495 1224 657 1278 lucro
703 1224 799 1287 sit,
833 1223 1085 1277 alienum
1120 1240 1267 1293 esse,
1306 1224 1439 1278 huic
1470 1241 1601 1279 vero
1647 1225 1797 1279 219
1834 1242 1969 1295 pro-

316 1313 616 1385 pinquitas
662 1313 1012 1368 detrimento
1063 1314 1249 1368 cedat.
1285 1312 1569 1383 Utrinque
1600 1314 1755 1367 enim
1789 1316 1969 1384 aequi-

312 1403 454 1457 tatis
487 1401 631 1457 ratio
664 1401 990 1465 lzederetur,
1016 1404 1063 1456 si
1090 1408 1146 1456 et
1180 1401 1262 1455 illi
1295 1402 1465 1456 laude
1489 1402 1881 1469 afﬁcerentur,
1914 1408 1969 1457 et

312 1490 373 1546 hi
405 1491 635 1545 silentio
668 1495 1069 1562 premerentur
1096 1508 1107 1559 ;
1153 1491 1397 1546 veritate
1430 1496 1646 1558 autem,
1684 1496 1967 1561 tanquam

314 1581 517 1653 regula
545 1586 602 1635 et
630 1596 873 1647 canone,
909 1585 1161 1644 utentes,
1197 1584 1371 1651 atque
1401 1581 1589 1651 ipsam
1624 1580 1809 1636 solam
1844 1598 1969 1651 spe-

315 1674 565 1733 ctantes,
597 1684 701 1723 nec
730 1669 1050 1739 quidquam
1105 1668 1263 1721 aliud
1297 1668 1735 1723 considerantes
1767 1685 1835 1723 ex
1872 1669 1963 1739 iis,

2080 600 2336 671 ἀληθείας
2388 600 2728 674 ἐλλείπωμεν
2776 608 2909 674 (28),
2956 604 3046 655 καὶ
3096 604 3239 677 παρὰ
3278 601 3420 656 πολὺ
3452 610 3550 670 τῆς
3582 603 3727 674 ἀξίας

2079 688 2347 760 ἐλθόντες,
2410 689 2801 764 ἐλαττώσωμεν
2860 694 2957 759 τὴν
3020 692 3172 762 δόξαν
3228 698 3344 753 τοῖς
3396 691 3725 766 ἐγκωμίοις·

2078 776 2265 846 ἐπειδὴ
2318 778 2560 854 χαλεπὸν
2610 782 2699 833 καὶ
2750 782 2938 856 πρᾶξιν
2995 781 3240 852 ἐξισῶσαι
3287 782 3375 834 καὶ
3423 781 3583 855 λόγον
3612 787 3726 843 τοῖς

2079 866 2285 937 ἐκείνης
2316 867 2505 929 καλοῖς
2536 886 2547 898 ’
2586 871 2723 940 μήτε
2754 868 2844 922 οὖν
2876 891 2925 923 τι
2960 872 3074 941 (29)
3093 868 3385 945 ἀλλότριον
3412 868 3727 924 ἐπαινείσθω

2077 961 2203 1022 πᾶν,
2255 955 2285 1008 ὅ
2337 957 2412 1026 μή
2466 952 2672 1009 δίκαιον
2728 958 2875 1028 (30)·
2935 958 3072 1027 μήτε
3118 959 3231 1027 (31)
3272 956 3609 1027 ἀτιμαζέσθω
3664 957 3728 1009 τὸ

2079 1042 2297 1109 οἰκεῖον,
2353 1044 2398 1097 εἰ
2430 1044 2608 1115 τίμιον
2637 1064 2647 1075 ·
2676 1042 2765 1097 ἵνα
2800 1046 2873 1115 μὴ
2907 1049 2985 1115 τῷ
3027 1045 3120 1115 μὲν
3154 1042 3343 1118 κέρδος
3373 1047 3407 1113 ἡ
3442 1040 3731 1119 ἀλλοτριό-

2075 1154 2175 1201 της
2205 1131 2263 1205 ᾖ,
2296 1131 2373 1204 τῷ
2423 1130 2478 1186 δὲ
2525 1133 2599 1194 εἰς
2656 1133 2851 1205 ζημίαν
2886 1138 3114 1208 περιστῇ
3147 1134 3208 1187 τὸ
3238 1140 3336 1201 τῆς
3364 1133 3727 1203 οἰκειότητος.

2078 1222 2426 1299 Ἀμφοτέρως
2477 1222 2579 1297 γὰρ
2630 1222 2689 1276 ἂν
2739 1224 2765 1276 ὁ
2812 1227 2909 1277 τοῦ
2958 1221 3168 1277 δικαίου
3212 1224 3510 1299 βλάπτοιτο
3543 1220 3730 1298 λόγος,

2077 1311 2336 1365 κάκείνων
2372 1311 2791 1384 ἐπαινουμένων,
2819 1312 2908 1366 καὶ
2948 1313 3153 1366 τούτων
3189 1314 3582 1385 σιωπωμένωνσ
3617 1315 3732 1388 ’ὀρῳ

2079 1400 2134 1455 δὲ
2164 1401 2253 1454 καὶ
2298 1402 2479 1455 κανόνι
2519 1406 2586 1474 τῇ
2638 1400 2864 1472 ἀληθείᾳ
2910 1404 3217 1477 χρώμενοι,
3247 1402 3337 1456 καὶ
3368 1402 3501 1474 πρὸς
3532 1402 3732 1471 ταύτην

2083 1488 2373 1563 βλέποντες
2429 1489 2614 1563 μόνον,
2672 1488 2811 1545 ἄλλο
2869 1488 2925 1544 δὲ
2982 1489 3134 1545 οὐδὲν
3192 1496 3541 1557 σκοποῦντες,
3575 1492 3646 1544 ὧν
3679 1493 3730 1544 οἱ

2076 1576 2280 1633 πολλοί
2308 1582 2420 1651 (32)
2451 1600 2507 1633 τε
2536 1579 2625 1633 καὶ
2658 1575 2869 1648 εὔωνοι,
2904 1580 3046 1634 οὕτω
3076 1581 3165 1633 καὶ
3206 1580 3593 1653 ἐπαινεσόμεθα
3640 1580 3730 1634 καὶ

2079 1666 2470 1739 σιωπησόμεθα
2499 1670 2564 1721 τὰ
2596 1667 2827 1722 ἐπαίνων
2858 1669 2892 1736 ἢ
2927 1675 3141 1737 σιωπῆς
3172 1668 3308 1737 ἄξια.

318 1773 445 1826 qua:
477 1755 685 1828 vulgus
712 1755 1016 1809 hominum
1044 1761 1100 1809 et
1130 1755 1361 1811 venales
1390 1756 1596 1811 animae
1628 1756 1837 1827 solent,
1856 1758 1936 1811 ita
1966 1758 2205 1812 demum
2236 1774 2304 1812 ea
2334 1763 2389 1813 et
2420 1757 2819 1825 laudabimus,
2845 1765 2902 1814 et
2933 1758 3164 1814 silentio
3196 1758 3729 1831 praetermittemus,

319 1858 447 1915 quis
480 1842 712 1897 laudem
746 1848 847 1897 aut
875 1843 1173 1898 silentium
1207 1850 1633 1914 promerentur.

393 1932 463 1987 ΙΙ.
486 1931 633 1987 Illud
664 1936 857 1986 autem
881 1934 1144 1986 omnium
1171 1934 1668 1989 absurdissimum
1694 1934 1965 2005 fuerit,si,
2000 1938 2044 2001 Β

321 2039 454 2077 cum
488 2021 847 2092 propinquos
900 2020 1099 2092 aliqua
1148 2038 1209 2076 re
1249 2023 1543 2087 fraudare,
1576 2023 1661 2077 vel
1694 2024 1972 2079 conviciis

320 2110 631 2174 incessere,
660 2110 745 2164 vel
780 2126 1070 2175 accusare,
1125 2111 1211 2164 vel
1263 2128 1495 2181 quoquo
1546 2113 1717 2166 modo
1759 2113 1877 2167 sive
1911 2113 1969 2166 in

321 2199 573 2270 magnis,
600 2200 720 2253 sive
752 2198 809 2252 in
836 2198 1097 2253 minimis
1118 2198 1345 2267 laedere,
1379 2201 1619 2255 minime
1652 2202 1811 2272 pium
1841 2218 1970 2257 esse

319 2304 665 2342 censeamus
690 2304 703 2341 :
738 2286 877 2351 imo,
897 2290 955 2341 et
984 2286 1041 2339 in
1075 2286 1344 2342 homines
1371 2304 1581 2358 genere
1612 2290 1970 2359 conjunctis-

318 2377 501 2431 simos
532 2374 893 2445 delinquere,
928 2374 1117 2430 scelus
1168 2376 1431 2430 omnium
1486 2378 1809 2432 maximum
1843 2395 1971 2433 esse

308 2465 645 2536 judicemus
669 2482 682 2527 ;
703 2481 807 2518 nos
831 2469 1023 2518 tamen
1051 2481 1147 2518 eos
1171 2465 1431 2520 oratione
1456 2466 1793 2522 fraudantes
1820 2468 1969 2539 (quae

318 2554 487 2609 bonis
530 2552 669 2607 viris
726 2553 974 2606 maxime
1004 2553 1264 2621 debetur,
1298 2561 1351 2608 et
1388 2571 1488 2625 per
1518 2572 1691 2624 quam
1728 2556 1967 2610 immor-

317 2641 493 2697 talem
548 2656 741 2695 eorum
795 2641 1138 2695 memoriam
1191 2644 1428 2697 reddere
1476 2650 1805 2713 queamus),
1840 2649 1965 2698 tum

320 2729 467 2799 inqui
490 2729 704 2799 aliquid
731 2728 919 2783 facere
944 2729 1727 2802 arbitremur,majoremque
1750 2732 1968 2803 impro-

322 2818 555 2883 borum,
576 2817 675 2888 qui
696 2835 802 2873 nos
825 2819 895 2872 ad
920 2819 1166 2887 gratiam
1192 2818 1350 2890 loqui
1374 2820 1969 2891 criminantur,quam

321 2908 629 2977 bonorum,
665 2906 765 2978 qui
799 2907 1035 2961 meritas
1069 2907 1270 2962 laudes
1308 2914 1646 2979 exposcunt,
1684 2910 1967 2964 rationem

320 2994 743 3050 habeamus.Et
766 3000 941 3061 certe,
967 3011 1099 3049 cum
1124 3013 1227 3050 nos
1251 2996 1324 3050 ab
1345 3001 1670 3051 exterorum
1695 2996 1968 3052 laudibus

321 3084 711 3156 praedicandis
735 3101 801 3139 ea
822 3101 1000 3139 causa
1014 3101 1125 3139 non
1142 3086 1449 3151 deterreat,
1467 3087 1617 3157 quod
1635 3102 1837 3141 eorum
1853 3087 1964 3141 vir-

319 3178 417 3228 tus
463 3172 632 3227 nobis
683 3173 1143 3243 haudquaquam
1192 3178 1493 3245 perspecta
1544 3181 1599 3229 et
1646 3180 1858 3231 testata
1892 3176 1969 3230 sit

320 3262 684 3332 (quanquam
718 3261 773 3314 id
807 3261 992 3315 multo
1019 3262 1245 3331 aequius
1268 3262 1455 3331 foret),
1478 3263 1740 3319 amicitia
1767 3264 1963 3331 etiam,

324 3365 391 3403 ac
420 3349 738 3403 subeundae
775 3348 1091 3403 multorum
1126 3350 1351 3403 invidiae
1385 3357 1599 3420 metus,
1634 3369 1747 3407 non
1780 3353 1963 3423 impe-

2149 1940 2217 1988 B’.
2272 1933 2485 1987 Πάντων
2540 1931 2588 1987 δ’
2633 1936 2745 2007 (33)
2795 1935 3163 1999 ἀτοπώτατον,
3202 1934 3247 1989 εἷ
3280 1936 3392 2007 (34)
3419 1934 3731 2009 ἀποστερεῖν

2087 2022 2179 2093 μέν
2229 2044 2281 2076 τι
2330 2022 2454 2083 τοὺς
2506 2021 2696 2091 ἰδίους,
2831 2020 3217 2098 λοιδορεῖσθαι,
3248 2024 3282 2091 ἢ
3317 2029 3662 2099 κατηγορεῖν,
3694 2024 3731 2092 ἢ

2082 2108 2223 2165 ἄλλο
2252 2133 2302 2165 τι
2356 2109 2556 2165 ἀδικεῖν
2610 2112 2644 2179 ἢ
2700 2112 2892 2187 μικρὸν
2942 2111 2975 2180 ἢ
3014 2118 3221 2183 μεῖζον,
3254 2111 3352 2165 ούκ
3381 2111 3567 2185 εὐαγὲς
3600 2112 3735 2165 εἶναι

2082 2200 2342 2271 θήσομεν,
2390 2198 2536 2254 ἀλλά
2582 2201 2671 2254 καὶ
2715 2202 2926 2255 πάντων
2978 2202 3231 2254 κάκιστον
3287 2201 3385 2268 τὴν
3445 2200 3582 2254 κατὰ
3627 2204 3735 2253 τῶν

2083 2287 2427 2343 οἰκειοτάτων
2460 2289 2799 2364 παρανομίαν
2828 2309 2839 2319 ·
2894 2289 3065 2363 λόγου
3114 2292 3229 2362 (35)
3278 2287 3336 2343 δί
3381 2288 3741 2364 ἀποστεροῦν-

2078 2398 2167 2437 τες
2198 2376 2469 2431 ὅπάντων
2526 2377 2763 2449 μάλιστα
2806 2384 2921 2439 τοῖς
2974 2378 3196 2452 ἀγαθοῖς
3249 2377 3388 2431 ἐστιν
3444 2377 3738 2453 ὀφειλόμε-

2080 2486 2193 2531 νον,
2222 2466 2310 2518 καὶ
2341 2463 2387 2536 ᾧ
2414 2467 2513 2532 τὴν
2551 2469 2773 2537 μνήμην
2818 2467 2875 2520 ἂν
2924 2466 3104 2527 αὐτοῖς
3154 2466 3413 2520 ἀθάνατον
3459 2468 3736 2535 καταστή-

2082 2574 2290 2625 σαιμεν,
2324 2552 2507 2607 ἔπειτα
2538 2553 2741 2608 δίκαιόν
2789 2576 2842 2608 τι
2872 2561 3046 2609 ποιεῖν
3080 2554 3403 2627 οἰησόμεθα,
3440 2554 3529 2609 καί
3559 2552 3733 2609 πλείω

2083 2640 2244 2717 λόγον
2294 2641 2481 2715 ἕξομεν
2540 2648 2646 2697 τῶν
2697 2648 2951 2718 πονηρῶν
3012 2644 3073 2697 τὸ
3112 2644 3250 2717 πρὸς
3282 2645 3442 2718 χάριν
3475 2643 3733 2715 αἰτιωμέ-

2079 2732 2235 2799 νωνῆ
2266 2736 2374 2785 τῶν
2422 2731 2671 2786 ἐπιεικῶν
2725 2732 3096 2786 ἀπαιτούντων
3146 2734 3208 2786 τὸ
3261 2733 3398 2806 πρὸς
3428 2732 3591 2801 ἀξίαν.
3628 2733 3727 2785 Καὶ

2076 2818 2204 2880 τοὺς
2264 2819 2355 2890 μὲν
2413 2816 2605 2889 ἔξωθεν
2667 2820 2899 2874 ἐπαινεῖν
2964 2821 3025 2875 ού
3084 2820 3286 2875 κωλύει
3336 2823 3395 2874 τὸ
3453 2818 3723 2893 ἄγνωστον

2078 2908 2165 2960 καὶ
2222 2907 2530 2982 ἀμάρτυρον
2591 2908 2788 2980 (καίτοι
2838 2930 2901 2983 γε
2967 2908 3165 2980 πολλῷ
3224 2907 3554 2984 δικαιότερον
3614 2911 3727 2977 ἦν),

2076 2995 2203 3057 τοὺς
2250 2996 2689 3071 γινωσκομένους
2738 2998 2851 3071 (36)
2900 2996 2957 3052 δὲ
3002 3000 3036 3066 ἡ
3090 2996 3245 3075 φιλία
3292 2997 3549 3070 κωλύσει,
3580 2997 3671 3050 καὶ
3700 2997 3729 3050 ὁ

2077 3086 2221 3159 παρά
2267 3090 2373 3138 τῶν
2420 3084 2645 3140 πολλῶν
2697 3086 2911 3163 φθόνος,
2960 3087 3049 3140 καὶ
3096 3085 3302 3140 τούτων
3338 3084 3572 3158 μάλιστα
3601 3085 3727 3146 τοὺς

2078 3171 2281 3227 ἐνθένδε
2314 3174 2795 3248 ἀπηλλαγμέπους,
2828 3176 2916 3230 καὶ
2951 3176 3031 3236 οἷς
3080 3178 3191 3248 (37)
3241 3174 3415 3249 ἄωρον
3464 3176 3525 3228 τὸ
3575 3173 3736 3249 χαρί-

2081 3264 2257 3331 ζεσθαι
2287 3261 2646 3317 καταλιποῦσι
2674 3266 2807 3336 μετὰ
2826 3269 2931 3318 τῶν
2956 3262 3138 3317 ἄλλων
3174 3264 3262 3317 καὶ
3294 3263 3419 3325 τοὺς
3445 3262 3729 3317 ἐπαινοῦν-

2076 3373 2170 3412 τας
2270 3351 2549 3425 ψέγοντας.

318 3436 456 3502 diet,
490 3434 804 3503 quominus
836 3440 1005 3490 notos
1035 3435 1365 3505 laudemus,
1398 3455 1611 3510 eosque
1642 3441 2039 3510 potissimum,
2082 3440 2177 3509 qui
2231 3446 2551 3496 extremum
2587 3441 2711 3496 vitae
2745 3442 2898 3497 diem
2939 3441 3293 3508 clauserunt,
3327 3445 3382 3495 et
3429 3458 3463 3495 a
3509 3441 3728 3513 quibus

320 3525 565 3597 gratiam
601 3523 747 3579 inire
778 3525 1012 3578 studere
1046 3525 1217 3580 nimis
1241 3527 1367 3595 jam
1402 3544 1595 3581 serum
1629 3529 1741 3595 sit;
1776 3530 1991 3600 quippe
2023 3529 2144 3600 qui,
2179 3534 2241 3583 ut
2266 3528 2381 3584 alia
2409 3531 2627 3599 omnia,
2662 3529 2741 3584 ita
2772 3529 3106 3586 laudatores
3136 3530 3312 3585 etiam
3343 3534 3400 3584 et
3427 3530 3725 3601 vitupera-

318 3616 475 3669 tores
506 3612 891 3683 reliquerunt.

395 3702 492 3757 Ill.
525 3702 809 3767 Quoniam
845 3706 1039 3756 autem
1063 3703 1132 3756 de
1157 3702 1247 3757 his
1275 3704 1449 3758 rebus
1474 3706 1759 3776 purgandi
1788 3706 1970 3759 nostri

323 3807 499 3846 causa
551 3791 693 3846 satis
745 3791 930 3845 multa
963 3791 1239 3858 diximus,
1292 3793 1596 3863 nobisque,
1649 3794 1969 3849 orationem

327 3880 477 3935 hanc
510 3882 840 3937 necessario
875 3880 1204 3935 institutam
1239 3897 1366 3936 esse
1416 3883 1970 3950 demonstravimus,

326 3986 452 4040 age,
487 3971 554 4024 ad
590 3971 749 4041 ipsas
771 3972 894 4038 jam
930 3969 1131 4024 laudes
1162 3971 1810 4039 accedamus,dictionis
1842 3973 1971 4043 qui-

328 4058 460 4111 dem
492 4064 856 4113 venustatem
890 4065 943 4112 et
970 4057 1316 4129 elegantiam
1352 4065 1790 4115 contemnentes
1810 4066 1970 4128 (nam

329 4146 449 4200 haec
478 4162 731 4217 quoque,
764 4163 941 4216 quam
990 4146 1321 4213 laudamus,
1366 4150 1606 4202 minime
1656 4155 1889 4219 compta
1919 4156 1974 4205 et

328 4232 581 4303 expolita
609 4238 750 4300 erat,
787 4239 960 4303 atque
993 4240 1231 4287 ornatus
1280 4235 1609 4305 neglectum
1644 4237 1972 4307 pulchritu-

329 4321 525 4374 dinem
577 4338 704 4375 esse
756 4323 1091 4389 statuebat),
1140 4322 1401 4376 debitum
1452 4324 1684 4393 pietatis
1733 4344 1971 4392 munus,

331 4408 501 4479 quasi
533 4425 609 4462 aes
642 4409 937 4479 quoddam
973 4407 1227 4463 alienum
1261 4427 1539 4483 perquam
1575 4416 1973 4468 necessarium

331 4495 713 4563 exsolventes,
760 4495 1054 4567 simulque
1104 4498 1313 4553 multos
1344 4501 1413 4553 ad
1447 4502 1708 4568 ejusdem
1741 4503 1974 4557 virtutis

2153 3706 2223 3759 Γ’.
2272 3703 2419 3758 Ἐπεὶ
2471 3701 2527 3757 δὲ
2572 3705 2769 3766 ἱκανῶς
2821 3705 2951 3780 ὑπὲρ
2993 3706 3201 3758 τούτων
3252 3702 3730 3779 ἀπολελογήμεθα,

2081 3792 2166 3845 καὶ
2218 3792 2501 3867 ἀναγκαῖον
2554 3796 2686 3865 ἡμῖν
2737 3793 2919 3855 αὐτοῖς
2951 3791 3299 3865 ἀπεδείξαμεν
3334 3788 3460 3847 ὄντα
3487 3792 3578 3846 τὸν
3636 3792 3733 3847 λό-

2079 3902 2195 3956 γον,
2256 3882 2403 3958 φέρε,
2461 3877 2785 3955 προσϐῶμεν
2849 3880 2958 3952 ἤδη
3016 3888 3131 3942 τοῖς
3163 3881 3488 3956 ἐγκωμίοις,
3541 3881 3601 3935 τὸ
3637 3882 3730 3953 μὲν

2082 3971 2201 4044 περὶ
2247 3971 2345 4037 τὴν
2409 3970 2549 4040 λέξιν
2608 3969 2882 4048 γλαφυρον
2961 3971 3047 4024 καὶ
3124 3972 3334 4043 κομψὸν
3412 3968 3734 4024 διαπτύσαν-

2079 4079 2166 4119 τες
2207 4061 2317 4131 (38)
2375 4058 2582 4130 (ἐπειδὴ
2642 4058 2729 4113 καί
2792 4057 3211 4120 ἀκαλλώπιστος
3258 4062 3292 4128 ἡ
3344 4058 3732 4131 ἐπαινουμένη,

2080 4146 2168 4199 καὶ
2215 4152 2376 4201 τοῦτο
2424 4147 2629 4209 κάλλος
2679 4148 2812 4220 αὐτῇ
2860 4146 3145 4219 ἄκοσμον),
3199 4149 3297 4216 τὴν
3344 4146 3400 4201 δὲ
3430 4146 3729 4225 ἀφειλομέ-

2081 4257 2177 4304 νην
2208 4235 2354 4289 ὁσίαν
2412 4238 2484 4296 ὡς
2516 4234 2659 4290 ἄλλο
2706 4258 2756 4290 τι
2790 4237 2955 4312 χρέος
2984 4241 3091 4291 τῶν
3131 4237 3561 4310 ἀναγκαιοτάτων
3597 4236 3731 4289 ἀπο-

2083 4323 2442 4395 πληροῦντες,
2511 4325 2598 4377 καὶ
2666 4326 2778 4396 ἄμα
2829 4325 2952 4385 τοὺς
3003 4323 3246 4385 πολλοὺς
3296 4324 3370 4385 εἰς
3425 4323 3593 4392 ζῆλον
3643 4323 3732 4377 καὶ

2088 4411 2319 4482 μίμησιν
2375 4419 2471 4481 τῆς
2538 4412 2705 4481 αὐτῆς
2764 4413 2958 4484 ἀρετῆς
3035 4410 3464 4481 ἐκπαιδεύοντες,
3544 4409 3732 4481 ἐπειδὴ

2083 4503 2242 4552 τοῦτο
2292 4502 2425 4571 ἡμῖν
2462 4500 2511 4553 ἐν
2565 4500 2721 4554 παντὶ
2769 4500 2858 4554 καὶ
2904 4499 3053 4575 λόγῳ
3083 4500 3171 4553 καὶ
3206 4498 3345 4575 ἔργῳ
3378 4496 3732 4567 σπουδάζεται

331 4586 517 4639 zelum
552 4590 607 4640 et
639 4586 1023 4641 imitationem
1056 4588 1408 4657 erudientes,
1434 4592 1706 4659 quoniam
1734 4591 1841 4645 hoc
1876 4609 1971 4646 no-

2092 4588 2425 4663 καταρτίζειν
2478 4588 2569 4650 οὓς
2618 4562 3025 4661 ἐπισθεύθημεν.
3090 4562 3300 4650 ’Ἀλλ-ος
3352 4589 3446 4660 μὲν
3497 4587 3587 4642 οὖν
3632 4608 3732 4641 πα-

333 4675 425 4729 bis
456 4675 513 4728 in
549 4674 703 4729 omni
738 4692 1004 4730 sermone
1026 4680 1201 4747 atque
1223 4677 1448 4733 actione
1482 4679 1840 4749 propositum
1868 4685 1976 4744 est,

333 4770 397 4818 ut
425 4781 544 4827 eos,
578 4765 677 4835 qui
731 4765 861 4819 fidei
912 4770 1120 4819 υοειτω
1153 4766 1453 4821 commissi
1494 4774 1649 4831 sunt,
1695 4769 1979 4837 perfectos

332 4854 668 4909 reddamus.
692 4853 873 4925 Igitur
903 4854 1051 4908 alius
1075 4854 1309 4921 quidem
1334 4856 1617 4910 defuncta:
1642 4858 1889 4926 patriam
1915 4874 1979 4912 ac

331 4958 517 5013 genus
546 4942 765 5011 laudet,
799 4944 1197 4997 encomiorum
1231 4944 1496 4998 videlicet
1528 4944 1683 5015 leges
1712 4945 1979 5015 religiose

406 5118 517 5191 (28)
548 5116 943 5191 Ἐλλείπωμεν.
980 5119 1118 5191 Reg.
1155 5120 1256 5189 hu,
1289 5120 1382 5174 Or.
1420 5122 1471 5188 1,
1502 5118 1837 5191 ἐλλίπωμεν.

405 5189 518 5278 (ἐξ)
675 5189 812 5278 Βεε
850 5190 949 5253 hu'
980 5189 1062 5278 τίς

406 5264 517 5332 (30)
549 5262 614 5314 Ὅ
647 5262 722 5331 μή
759 5261 984 5315 δίκαιον.
1020 5261 1244 5326 Billius,
1279 5286 1305 5310 ‹‹
1342 5262 1391 5314 si
1422 5262 1696 5332 iniquum
1741 5264 1836 5317 sit.

430 5336 520 5405 31)
553 5328 723 5405 Μήτετ
760 5336 850 5405 Sic
877 5334 1021 5405 Reg.
1058 5333 1155 5387 hu.
1192 5332 1363 5405 eam,
1400 5328 1559 5402 μηδέ.

430 5340 520 5405 31)
553 5340 723 5402 Μήτε.
760 5340 850 5390 Sic
886 5340 1021 5403 Heg.
1058 5340 1155 5387 hu.
1193 5340 1363 5399 Edili,
1400 5340 1559 5402 μηδέ.

406 5340 518 5476 (32)
550 5405 643 5456 Ὧν
678 5404 729 5456 οἱ
759 5401 982 5470 πολλοί,
1018 5412 1125 5459 etc.
1162 5403 1387 5469 Billius,
1419 5428 1445 5451 ‹‹
1481 5422 1607 5474 qua:
1641 5403 1896 5475 plerique
1928 5410 1984 5460 et

336 5476 479 5531 viles
510 5477 798 5545 homines,
833 5483 941 5531 etc.

407 5548 520 5617 (33)
553 5541 865 5601 Ha'vtwvvo'.
902 5546 1119 5617 Πάντων
1155 5541 1230 5597 δέ.

407 5614 521 5686 (34)
552 5618 637 5672 Εἰ.
669 5620 844 5675 Coisl.
882 5620 929 5686 1,
961 5614 1019 5684 ἤ.

407 5686 520 5760 (35)
550 5688 753 5762 Λόγου.
782 5693 920 5761 Reg.
952 5692 1096 5755 bm.,
1130 5689 1244 5743 duo
1268 5687 1449 5759 Colb.,
1483 5686 1671 5763 λόγον.

503 5119 518 5259 i

2086 4676 2243 4753 τρίδα
2288 4685 2389 4747 τῆς
2436 4677 2777 4748 ἀπελθούσης
2833 4677 3117 4732 ἐπαινείτω
3166 4677 3253 4732 καὶ
3304 4678 3484 4752 γένος,
3533 4678 3732 4749 νόμους

2088 4766 2375 4841 ἐγκωμίων
2430 4764 2751 4839 αἰδούμενος
2990 4766 3209 4828 πάντως
3256 4765 3313 4820 δὲ
3342 4767 3439 4821 οὐκ
3468 4766 3731 4840 ἀπορήσει

2088 4854 2314 4910 πολλῶν
2360 4858 2449 4910 καὶ
2498 4857 2679 4910 καλῶν
2730 4856 2933 4930 λόγων,
2986 4856 3030 4909 εἰ
3084 4855 3343 4931 βούλοιτο
3388 4855 3585 4924 ταύτην
3636 4874 3732 4907 κο-

2090 4950 2243 5017 σμεῖν
2292 4946 2381 4998 καὶ
2410 4950 2525 5006 τοῖς
2566 4943 2779 5016 ἔξωθεν,
2832 4944 3011 5020 ὥσπερ
3065 4946 3278 5021 μορφὴν
3332 4944 3516 5018 τιμίαν
3562 4964 3619 4998 τε
3648 4943 3737 4998 καὶ

2156 5124 2269 5193 (36)
2302 5121 2762 5195 Γινωσκομένους.
2828 5124 2930 5179 Hic
3009 5146 3036 5172 ‹‹
3098 5124 3471 5195 domesticos,
3540 5147 3569 5195 γ»
3636 5139 3740 5178 seu

2099 5216 2128 5243 «
2162 5201 2452 5276 parentes,
2484 5216 2510 5247 ιι
2546 5198 2613 5250 de
2645 5196 2859 5266 quibus
2890 5195 3129 5265 quaestio
3161 5201 3269 5265 est,
3303 5194 3576 5267 intelligit
3602 5199 3739 5249 Gre—

2099 5284 2408 5407 gug‘i'lfkai
2441 5335 2541 5396 οἷς.
2577 5337 2662 5391 Ita
2696 5338 2873 5407 Regg,
2908 5338 3026 5403 bm,
3061 5336 3162 5407 hu,
3194 5342 3313 5392 tres
3345 5336 3529 5404 Colb.,
3563 5335 3736 5391 Coisl.

2093 5408 2146 5473 3,
2182 5408 2275 5463 Or.
2317 5418 2361 5479 ι,
2397 5413 2453 5463 et
2482 5409 2599 5463 Jes.
2636 5411 2810 5477 Editi,
2842 5408 2929 5461 καὶ
2964 5407 3057 5467 εἰς.

2162 5480 2274 5549 (38)
2307 5475 2720 5540 Δίαπτύσαντες.
2766 5475 2903 5552 Reg.
2964 5482 3066 5546 hu,
3125 5484 3183 5535 et
3240 5479 3335 5535 ΟΡ.
3396 5480 3451 5546 4,
3512 5475 3741 5531 διαπτυ-

2092 5562 2275 5693 ωἷὲδ)
2306 5618 2665 5692 Δίδούμενος.
2700 5621 2925 5691 Billius,
2960 5643 2986 5669 ‹‹
3033 5621 3250 5677 honore
3290 5636 3675 5693 prosequens.
3706 5641 3737 5670 »
