4146 6290
382 398 502 459 793

1009 397 1297 460 ORATIO
1340 397 1497 458 VIII.
1533 397 1716 458 -ΙΝ
1760 397 2085 459 LAUDEM
2133 399 2465 460 SOBORIS
2514 399 2691 462 SUAE
2734 399 3178 460 GORGONLE.

3683 397 3800 456 ’794

381 529 554 598 καλὴν
609 534 820 606 χρυσῷ,
876 530 964 584 καὶ
1020 528 1216 599 λίθοις,
1271 530 1361 584 καὶ
1409 534 1524 590 τοῖς
1583 529 1642 584 ἐκ
1688 531 1891 605 τέχνης
1941 530 2030 584 καὶ

2160 534 2488 604 )bservans;
2536 534 2737 588 multis
2771 538 2966 588 autem
3012 531 3391 604 pulchrisque
3432 531 3800 586 sermonibus

383 619 572 693 ’χειρὸς
624 617 1001 693 ὠραέσμασιν·
1064 618 1095 672 ἃ
1148 620 1247 687 τήν
1302 619 1396 690 μὲν
1432 617 1660 693 αἰσχρὰν
1695 616 1914 693 ἐλέγχει
1969 619 2038 692 τῇ

383 707 691 784 παραθέσει,
740 712 808 780 τῇ
863 705 1006 780 καλῇ
1061 704 1117 760 δὲ
1167 707 1228 761 οὐ
1282 708 1565 782 προσθήκη
1614 704 1858 768 κάλλους
1900 706 2037 761 ἐστὶν

383 797 691 868 ἡττώμενα.
747 797 889 871 Ἐγὼ
948 794 1006 850 δὲ
1059 795 1317 850 τοσοῦτον
1376 801 1454 867 τῷ
1502 795 1622 870 περὶ
1672 801 1838 850 ταῦτα
1868 817 2038 872 προσ-

383 884 735 961 χρησάμενος
787 884 961 958 νόμῳ,
1015 883 1139 939 ὅσον
1190 889 1295 938 τῶν
1344 889 1539 938 κοινῶν
1573 885 1772 959 γονέων
1807 884 2039 955 ἐπιμνη-

383 975 575 1042 σθῆναι
625 975 735 1047 (καὶ
783 974 883 1050 γὰρ
936 970 1060 1027 οὐδὲ
1109 971 1254 1027 ὅσιον
1314 971 1687 1049 παραδραμεῖν
1719 973 1916 1049 ἀγαθοῦ
1947 995 2037 1028 το·-

383 1062 579 1117 σούτου
608 1062 936 1138 γεννήτορας
964 1083 1022 1116 τε
1049 1061 1139 1116 καὶ
1172 1058 1574 1135 διδασκάλους),
1621 1061 1701 1116 ἐπ’
1751 1062 1915 1130 αὐτὴν
1963 1063 2037 1125 ὡς

377 1151 611 1227 τάχιστα
637 1149 821 1227 τρέψω
849 1151 940 1206 τὸν
975 1149 1166 1225 λόγον,
1196 1151 1286 1204 καὶ
1318 1149 1379 1203 οὐ
1413 1151 1678 1223 ζημιώσω
1706 1155 1812 1204 τῶν
1840 1153 1907 1206 τὰ
1925 1151 2036 1205 κεί-

379 1262 476 1308 νης
500 1239 901 1308 ἐπιζητούντων
933 1239 1024 1293 τὸν
1057 1239 1247 1294 πόθον.

2149 621 2390 675 minime
2423 638 2662 692 prorsus
2695 621 3074 686 destituetur;
3109 621 3157 675 si
3188 637 3315 675 eam
3368 637 3600 690 quoque
3630 637 3698 674 ex
3727 621 3800 674 iis

2150 727 2278 781 quae
2307 717 2446 765 sunt
2473 711 2726 765 exterius
2757 727 3037 766 exornare
3069 709 3336 778 voluerit,
3374 727 3484 763 non
3519 725 3688 764 secus
3721 713 3801 764 at-

2151 816 2260 870 que
2281 805 2648 871 prastantem
2672 801 2989 871 quamdam
3015 799 3168 855 220
3186 804 3241 853 et
3260 798 3532 853 eximiam
3553 798 3800 851 formam

2148 905 2287 943 auro
2319 895 2374 943 et
2402 890 2669 960 gemmis,
2703 896 2876 960 atque
2919 889 2992 943 ab
3024 895 3146 942 arte
3196 892 3251 941 et
3300 904 3475 941 manu
3527 885 3801 957 profectis
3872 915 3880 922 ~

2145 977 2510 1031 ornamentis
2543 995 2554 1032 :
2589 994 2714 1047 quas
2761 978 3080 1032 deformem
3112 976 3347 1046 quidem
3383 975 3622 1029 admotu
3672 974 3800 1046 ipso
3884 1043 3885 1046 η

2149 1067 2422 1137 produnt,
2451 1065 2705 1136 pulchra
2738 1070 2931 1120 autem
2966 1065 3192 1119 nullum
3230 1063 3688 1135 pulchritudinis
3720 1063 3802 1116 in-

2147 1160 2508 1209 crementum
2540 1155 2854 1215 atterendo,
2883 1154 2953 1208 ab
2985 1169 3052 1208 ea
3080 1153 3229 1207 vinci
3257 1153 3796 1224 deprehenduntur.

2147 1243 2263 1314 Ego
2295 1259 2447 1312 vero,
2474 1259 2606 1296 cum
2633 1242 2768 1297 huic
2799 1241 2932 1313 legi,
2959 1259 3086 1312 quae
3122 1250 3178 1295 in
3209 1241 3279 1296 iis
3307 1241 3480 1296 rebus
3504 1240 3799 1296 observari

383 1330 551 1398 solet,
587 1331 873 1386 hactenus
904 1347 1172 1402 paruero,
1209 1333 1272 1385 ut
1301 1330 1704 1384 communium
1755 1337 2063 1402 parentum
2113 1331 2495 1385 menttionem
2530 1331 2735 1385 faciam
2769 1332 2978 1401 (neque
3005 1331 3161 1386 enim
3195 1331 3280 1384 fas
3329 1336 3418 1384 est
3463 1328 3611 1384 tanti
3662 1327 3801 1382 boni

387 1425 661 1492 parentes
693 1437 758 1474 ac
791 1419 1105 1491 magistros
1137 1419 1471 1490 praeterire),
1496 1419 1565 1472 ad
1600 1418 1789 1490 ipsam
1817 1419 2122 1474 confestim
2155 1419 2474 1474 orationem
2507 1425 2862 1487 convertam,
2898 1436 3001 1475 nec
3032 1435 3256 1488 eorum,
3281 1418 3378 1490 qui
3413 1433 3610 1473 rerum
3643 1415 3802 1472 illius

385 1509 780 1564 narrationem
813 1525 846 1562 a
879 1524 970 1562 me
1003 1509 1331 1578 requirunt,
1365 1505 1722 1562 desiderium
1756 1508 2102 1564 frustrabor.

457 1597 525 1649 Δ”.
558 1595 646 1656 Τίς
678 1593 768 1648 οὖν
804 1593 901 1649 οὐκ
932 1591 1045 1649 οἶδε
1074 1594 1163 1648 τὸν
1192 1594 1308 1649 νέον
1343 1597 1500 1667 ἡμῶν
1534 1590 1803 1669 Ἀϐραὰμ,
1828 1595 1917 1649 καὶ
1937 1596 2036 1662 τὴν

386 1684 466 1760 ἐφ’
497 1687 656 1756 ἡμῶν
687 1682 896 1759 Σάρῥαν
925 1700 939 1752 ;
972 1683 1270 1758 Γρηγόριον
1325 1683 1471 1758 λέγω
1518 1683 1607 1737 καὶ
1659 1683 1881 1752 Νόνναν,
1936 1685 2036 1751 τὴν

383 1771 541 1827 τοῦδε
572 1773 802 1847 σύζυγον
835 1772 1024 1845 (καΛὸν
1050 1774 1151 1848 γὰρ
1187 1770 1328 1844 μηδὲ
1355 1772 1420 1826 τὰ
1449 1772 1690 1844 ὀνόματα
1726 1771 2036 1848 παρελθεῖν,

2224 1598 2314 1652 IV.
2350 1599 2563 1670 Ecquis
2592 1601 2682 1652 est
2711 1598 2910 1669 igitur,
2938 1597 3040 1668 qui
3072 1613 3286 1653 novum
3324 1600 3593 1652 nostrum
3625 1595 3806 1649 Abra"

2150 1686 2308 1751 ham,
2340 1704 2405 1741 ac
2437 1691 2648 1741 nostra:
2682 1686 2869 1741 aetatis
2909 1687 3110 1741 Saram
3156 1684 3418 1756 ignoret?
3463 1682 3804 1755 Gregorium

2149 1776 2299 1840 dico,
2333 1780 2389 1830 et
2437 1776 2614 1846 hujus
2649 1792 2885 1830 uxorem
2928 1775 3191 1829 Nonnam
3227 1776 3388 1845 (nam
3440 1789 3511 1827 ne
3563 1772 3805 1826 nomina

385 1862 461 1923 ὡς
494 1863 687 1931 ἀρετῆς
726 1859 1114 1936 παράκλησιν),
1164 1863 1254 1914 τὸν
1303 1861 1479 1914 πίστει
1535 1859 1902 1931 δικαιωθέντα,
1948 1859 2036 1914 καὶ

2160 1864 2384 1934 quidem
2427 1865 2556 1935 ipsa
2601 1865 3004 1934 prmtereunda
3050 1867 3209 1929 sunt,
3244 1868 3308 1917 ut
3358 1879 3483 1933 quae
3516 1861 3588 1916 ad
3619 1861 3802 1915 virtu-

380 1952 480 2019 τήν
507 1955 585 2021 τῷ
614 1955 791 2022 πιστῷ
821 1951 1232 2018 συνοικήσασαν·
1255 1949 1346 2003 τὸν
1381 1950 1585 2023 πατέρα
1614 1948 1839 2003 πολλῶν
1875 1949 2032 2002 ἐθνῶν

381 2041 506 2113 παρ’
537 2037 752 2105 ἐλπίδα,
783 2036 872 2092 καὶ
901 2039 1001 2107 τὴν
1033 2043 1410 2110 πνευματικῶς
1444 2035 1739 2091 ὠδίνουσαν
1768 2057 1780 2068 ·
1813 2038 1904 2092 τὸν
1938 2060 2035 2115 φυ-

382 2128 547 2204 γόντα
576 2129 844 2202 πατρῴων
879 2129 1012 2180 θεῶν
1047 2124 1320 2194 δουλείαν,
1363 2128 1451 2181 καὶ
1499 2128 1598 2196 τὴν
1637 2127 1901 2201 θυγατέρα
1950 2126 2040 2181 καὶ

387 2217 594 2292 μητέρα
656 2221 762 2271 τῶν
833 2215 1158 2291 ἐλευθέρων·
1224 2217 1315 2269 τὸν
1385 2213 1667 2286 ἐξελθόντα
1743 2215 2043 2290 συγγενείας

387 2306 474 2360 καὶ
507 2303 659 2359 οἷ’κου
686 2302 775 2359 διὰ
802 2305 900 2372 τὴν
933 2311 1035 2377 γῆν
1087 2310 1186 2373 τῆς
1236 2301 1520 2378 ἰπαγελίας
1555 2307 1688 2377 (40),
1722 2304 1808 2358 καὶ
1837 2306 1935 2372 τὴν
1967 2303 2046 2358 αἱ-

383 2393 498 2448 τίαν
529 2400 628 2462 τῆς
665 2390 932 2466 ἐκδημίας
965 2395 1145 2465 (τοῦτο
1178 2391 1278 2468 γὰρ
1333 2391 1505 2466 ἐκείνῃ
1538 2395 1650 2465 (41)
1713 2392 1899 2465 μόνον,
1955 2389 2046 2446 ’ίνα

386 2505 436 2537 τι
489 2482 777 2556 τολμήσω,
838 2480 928 2536 καὶ
990 2482 1120 2557 ὑπὲρ
1152 2484 1248 2550 τήν
1310 2481 1578 2557 Σάρῥαν)’
1629 2483 1720 2535 τὸν
1769 2483 2045 2556 παροική-

395 2593 556 2626 σαντα
583 2571 788 2641 καλῶς,
837 2571 927 2625 καὶ
977 2572 1076 2639 τὴν
1132 2571 1430 2646 προθύμως
1488 2573 2040 2644 συμπαροικήσασανο

384 2661 476 2715 τὸν
520 2663 599 2732 τῷ
647 2660 826 2736 Κυρίῳ
875 2660 1266 2734 προσθέμενον,
1317 2660 1408 2713 καὶ
1457 2661 1554 2728 τήν
1585 2659 1770 2735 κύριον
1805 2660 1897 2714 τὸν
1923 2660 2042 2713 ἑαυ-

387 2758 484 2819 τῆς
532 2747 699 2820 ἄνδρα
746 2749 834 2803 καὶ
883 2748 1392 2824 προσαγορεύουσαν
1424 2749 1513 2802 καὶ
1545 2748 1895 2820 νομίζουσαν,
1954 2747 2042 2802 καὶ

391 2839 552 2912 μέρος
609 2860 661 2892 τι
715 2835 804 2892 διὰ
848 2842 1011 2892 τοῦτο
1062 2835 1435 2891 δικαιωθεῖσαν
1464 2857 1476 2868 ·
1535 2838 1608 2891 ὧν
1641 2840 1674 2906 ἡ
1723 2836 2041 2912 ἐπαγγελία,

387 2927 476 2980 καὶ
510 2928 582 2979 ῶν
617 2928 644 2979 6
675 2927 874 2996 Ἰσαὰκ,
908 2927 1030 2980 ’ὀσον
1057 2927 1119 2980 τὸ
1152 2926 1233 2980 ἐπ’
1266 2926 1472 2998 αὑτοῖς,
1530 2925 1618 2980 καὶ
1679 2927 1752 2979 ὧν
1809 2925 1871 2980 τὸ
1929 2929 2039 2999 (42)

398 3011 548 3088 δώρη
561 3035 649 3085 μα.

2147 1956 2261 2007 tem
2296 1953 2720 2023 exhortentur),
2746 1951 2912 2007 illum
2956 1969 3058 2023 per
3097 1953 3272 2006 ﬁdem
3299 1951 3717 2020 justiﬁcatum,
3750 1953 3807 2004 et

2148 2041 2298 2096 hanc
2328 2041 2702 2096 matrimonio
2736 2058 2868 2096 cum
2904 2040 3055 2096 ﬁdeli
3086 2040 3204 2096 viro
3236 2042 3601 2111 copuialam;
3634 2038 3803 2093 illum

2152 2130 2466 2185 multarum
2538 2131 2798 2201 gentium
2864 2135 3084 2201 patrem
3156 2129 3455 2200 insperato
3512 2129 3807 2199 effectum,

2151 2217 2302 2273 hanc
2347 2219 2730 2290 spiritualiter
2779 2219 3198 2290 parturientem
3236 2235 3247 2273 :
3283 2217 3448 2272 illum
3501 2234 3569 2272 ex
3616 2220 3805 2287 pater-

2155 2323 2363 2361 norum
2396 2309 2634 2362 deorum
2667 2308 2948 2362 servitute
2983 2307 3114 2375 fuga
3143 2306 3430 2378 elapsum,
3465 2305 3614 2360 hanc
3642 2304 3805 2376 inge-

2154 2412 2406 2450 nuorum
2439 2395 2622 2450 filiam
2656 2401 2712 2450 et
2744 2401 3043 2466 parentem
3076 2411 3088 2450 :
3114 2394 3277 2450 illum
3307 2412 3379 2449 ex
3407 2395 3728 2464 cognatione
3755 2401 3808 2448 ει

2153 2484 2307 2540 domo
2336 2501 2438 2538 sua
2468 2485 2540 2539 ob
2573 2485 2982 2555 promissionis
3011 2489 3226 2540 terram
3258 2500 3529 2552 egressum
3559 2484 3621 2551 “5,
3658 2482 3806 2537 hanc

2154 2573 2531 2627 discessionis
2557 2573 2733 2642 hujus
2755 2577 3052 2627 auctorem
3075 2573 3204 2638 (hoc
3227 2573 3381 2627 enim
3409 2589 3524 2626 uno
3547 2571 3808 2636 nomine,

2155 2662 2202 2716 si
2235 2663 2316 2715 ita
2344 2661 2500 2733 loqui
2530 2662 2612 2715 fas
2639 2667 2746 2728 est,
2765 2662 2966 2716 Saram
2991 2678 3223 2732 quoque
3245 2662 3433 2732 ipsam
3457 2660 3804 2732 superavit):

2152 2751 2343 2817 illum,
2378 2751 2476 2820 qui
2537 2750 2779 2821 pulchre
2839 2750 3241 2822 peregrinatus
3289 2755 3396 2814 est,
3454 2749 3624 2815 hanc,
3678 2765 3804 2820 qua

2152 2845 2420 2912 prompto
2442 2839 2637 2894 animo
2663 2840 3146 2911 peregrinationis
3171 2839 3388 2893 sociam
3420 2855 3482 2893 se
3514 2837 3623 2909 ipsi
3658 2854 3805 2908 prai-

2151 2930 2278 2984 buit
2302 2945 2314 2982 :
2342 2927 2527 2996 illum,
2554 2929 2651 2999 qui
2691 2927 2932 2982 Domino
2986 2943 3115 2982 sese
3166 2926 3450 2997 adjuuxit,
3475 2927 3645 2996 hanc,
3680 2942 3804 2996 quae

2149 3018 2336 3071 virum
2370 3033 2544 3070 suum
2579 3015 2880 3070 dominum
2914 3020 2969 3069 et
3004 3015 3276 3087 appellat,
3317 3021 3371 3069 et
3405 3015 3714 3079 existimat,
3743 3030 3808 3068 ac

406 3104 970 3175 proptereajustitiaa
999 3105 1232 3161 laudem
1266 3106 1519 3177 quadam
1552 3123 1620 3160 ex
1650 3109 1812 3176 parte
1842 3111 2157 3161 consecuta
2200 3111 2314 3170 est;
2365 3121 2612 3175 quorum
2647 3103 3008 3175 pollicitatio,
3042 3110 3098 3159 et
3129 3121 3379 3175 quorum
3413 3104 3592 3170 Isaac,
3617 3119 3804 3174 quan-

403 3197 528 3246 tum
565 3191 800 3262 quidem
834 3193 890 3246 in
923 3193 1067 3264 ipsis
1096 3194 1226 3258 fuit,
1257 3198 1315 3249 et
1344 3211 1595 3266 quorum
1630 3194 1887 3248 donatio.

462 3279 537 3334 E'.
575 3280 675 3339 Ἧς
738 3279 764 3332 ὁ
825 3281 1030 3351 ποιμὴν
1087 3282 1255 3353 (43)ὁ
1291 3279 1460 3342 καλὸς
1517 3279 1811 3353 εὐξαμένης
1868 3301 1927 3334 τε
1956 3281 2045 3335 καὶ

2229 3283 2293 3338 V.
2328 3284 2513 3354 Atque
2547 3280 2742 3336 uxoris
2773 3282 3011 3353 quidem
3043 3282 3233 3336 bonus
3281 3280 3378 3335 ille
3427 3286 3625 3352 pastor
3652 3282 3806 3352 (cum

401 3363 774 3442 ὁδηγησάσης,
805 3368 892 3422 καὶ
940 3370 1063 3442 παρ’
1095 3372 1159 3437 ἧς
1208 3370 1235 3423 6
1284 3368 1454 3431 τύπος
1481 3374 1578 3424 τοῦ
1607 3370 1790 3431 καλῶς
1820 3369 2048 3442 ποιμαίο

391 3456 609 3509 νεσθαι·
671 3454 732 3509 οὗ
789 3457 852 3510 τὸ
911 3462 1096 3534 φυγεῖν
1137 3459 1204 3511 τὰ
1257 3455 1459 3512 εἷ’δωλα
1505 3458 1763 3531 γνησίως,
1816 3461 1929 3512 εἶτα
1959 3460 2048 3513 καὶ

396 3541 710 3620 φυγαδεύειν
745 3541 1039 3616 δαίμονας·
1071 3545 1160 3599 καὶ
1213 3549 1274 3614 ἧς
1319 3545 1382 3600 τὸ
1444 3547 1517 3618 μή
1551 3546 1696 3600 ἀλῶν
1748 3549 1860 3611 (44)
1920 3568 2050 3602 ποτε

397 3639 723 3700 κοινωνῆσαι
752 3638 868 3694 τοῖς
900 3632 949 3705 ἐξ
985 3631 1230 3689 εἰδώλων
1258 3651 1271 3666 ·
1303 3635 1400 3703 τὴν
1447 3635 1738 3708 ὁμότιμον,
1773 3635 1862 3689 καὶ
1913 3636 2048 3709 ὁμό-

395 3741 584 3796 φρονα,
616 3721 705 3774 καὶ
757 3721 1067 3796 ὁμόψυχον,
1117 3721 1205 3776 καὶ
1258 3721 1362 3798 οὐχ
1409 3726 1568 3791 ἦττον
1607 3724 1800 3797 ἀρετῆς
1832 3725 2050 3794 καὶτῆς

393 3809 526 3882 πρὸς
558 3809 682 3863 Θεὸν
735 3809 1058 3870 οἰκειώσεως
1198 3811 1392 3884 σαρκὸς
1442 3809 1732 3882 συζυγίαν·
1780 3808 1898 3864 ’ίσον
1954 3814 2046 3884 μὲν

395 3899 560 3968 μήκει
595 3897 714 3972 βίου
745 3897 832 3951 καὶ
891 3896 1113 3958 πολιαῖς
1170 3900 1306 3971 (45).
1360 3897 1479 3953 ’ίσον
1541 3896 1598 3952 δὲ
1637 3901 1899 3976 φρονήσει
1959 3901 2049 3954 καὶ

395 3984 622 4058 λάμψει,
655 3989 771 4040 κατ’
804 3983 1088 4056 ἀλλήλους
1139 3990 1248 4056 (46)
1301 3987 1746 4060 ἁμιλλωμένους,
1797 3988 1884 4042 καὶ
1941 3993 2046 4042 τῶν

395 4071 604 4128 λοιπῶν
642 4073 1025 4150 ὑπεραίροντας
1051 4096 1062 4106 ·
1099 4075 1252 4149 σαρκὶ
1286 4077 1377 4147 μὲν
1412 4075 1576 4150 ὀλίγα
1625 4075 2045 4151 κατεχομένους,

396 4159 662 4234 πνεύματι
722 4160 779 4216 δὲ
834 4163 1341 4238 μετενηνεγμένους,
1401 4164 1490 4218 καὶ
1549 4167 1653 4238 πρὸ
1708 4172 1805 4233 τῆς
1839 4163 2048 4233 διαζεύ-

395 4249 543 4319 ξεως·
579 4249 651 4303 ὧν
686 4251 793 4326 οὐχ
829 4253 855 4304 6
887 4251 1115 4323 κόσμος,
1151 4252 1239 4305 καὶ
1273 4254 1343 4305 ὧν
1380 4253 1406 4306 ὁ
1438 4252 1665 4324 κόσμος·
1701 4254 1728 4307 6
1762 4253 1856 4324 μὲν
1888 4254 2048 4330 ὑπερ-

397 4339 697 4413 ορώμενος,
758 4341 785 4393 6
837 4338 894 4394 δὲ
951 4342 1415 4415 προτιμώμενος·
1477 4343 1548 4394 ὧν
1627 4343 1689 4396 τὸ
1765 4341 2046 4396 ἀποπλου-

392 4433 500 4481 τεῖν
536 4431 668 4501 (47),
699 4429 787 4482 καὶ
819 4429 892 4482 ὧν
920 4429 982 4483 τὸ
1025 4427 1279 4483 πλουτεῖν
1314 4427 1402 4482 διὰ
1439 4431 1536 4498 τὴν
1589 4428 1762 4498 καλήν
1791 4450 2047 4506 πραγμα-

393 4513 572 4570 τείαν·
631 4517 696 4570 τὰ
757 4517 850 4589 μὲν
909 4515 1040 4590 τῇδε
1124 4515 1513 4589 διαπτυόντων,
1586 4519 1653 4571 τὰ
1737 4515 1792 4571 δὶ
1849 4518 2044 4572 ἐκεῖθεν

398 4603 854 4676 ἀντωνουμένωνο
891 4607 963 4660 ὧν
1007 4605 1185 4682 βραχὺ
1226 4607 1319 4677 μὲν
1367 4606 1428 4660 τὸ
1483 4613 1582 4675 τῆς
1645 4611 1791 4674 ζωῆς
1845 4606 2046 4678 ταύτης

471 4730 513 4763 ¹⁸
543 4729 684 4785 Gen.
719 4746 819 4797 xu,
857 4733 905 4786 1.

469 4853 582 4944 (40)
604 4853 716 4944 ξ’ῂν
746 4860 858 4944 γῆνν
896 4856 996 4944 τῇς
1046 4851 1392 4944 ἐπαγγελίας.
1433 4855 1626 4944 Schol.
1661 4856 1783 4909 Ὅτι
1953 4857 2051 4938 τῆς
2083 4863 2127 4925 1)

399 4921 784 5000 ἐπαγγελίαςῆ
808 4921 885 5000 εἷς
917 4921 1144 5000 Χριστὸν
1161 4921 1375 4996 πίστις,
1401 4951 1427 4977 ‹‹
1451 4930 1604 4998 quod
1640 4921 2051 4999 ρτοιῐιὶἐδῖοῐιίε

403 5001 577 5061 terra,
611 4997 822 5052 Christi
857 4997 1000 5054 ﬁdes
1031 5005 1138 5052 est.
1167 5021 1195 5048 »

473 5068 580 5140 (41)
616 5066 835 5140 Ἐκείνῃ.
870 5069 1165 5140 Nonnulli,
1200 5067 1358 5140 αὐτῇ.

472 5138 584 5211 (42)
617 5137 818 5212 liuida
845 5139 927 5195 τό.
960 5141 1053 5196 Sic
1101 5141 1238 5212 Reg.
1273 5137 1391 5212 bin2
1423 5143 1543 5212 tres
1575 5139 1735 5194 Colh.
1769 5142 1824 5193 et
1867 5140 1961 5212 Or.
1999 5141 2048 5193 1.

402 5208 574 5284 Deest
605 5210 678 5262 ὧν
712 5211 770 5266 in
803 5212 995 5284 editis.
1026 5208 1342 5284 Moxfpost
1373 5210 1625 5284 δῴρημα,
1660 5212 1837 5282 Regg.
1867 5227 1920 5275 a,
1948 5210 2051 5284 hu,

399 5281 571 5369 tiojsl.
618 5284 669 5346 1,
701 5283 920 5374 e't‘Jes;
975 5279 1229 5372 a‘ddunt‘,‘
1260 5279 1637 5374 βύτολογικὸν
1689 5279 1929 5374 σφήάγιον,
1963 5280 2052 5335 καί

399 5351 828 5428 ῥάντιισαχθείς
888 5354 1079 5426 ἀμνὸς,
1124 5352 1281 5428 καὶ-ὁ
1320 5351 1510 5428 τυποςί
1544 5357 1641 5406 τοῦ
1697 5351 2044 5428 κρείσσονος·

397 5423 462 5497 ἧς
488 5424 540 5490 ὁ,
571 5423 721 5480 etcf:
748 5448 776 5474 ‹‹
811 5431 866 5479 et
910 5423 1010 5497 per
1040 5443 1101 5481 se
1133 5423 1804 5497 rationalisvictima,'et
1825 5441 2050 5497 suppo-

396 5496 594 5570 sititus
624 5513 836 5570 agnus,
861 5496 920 5552 et
946 5498 1130 5570 figura
1165 5496 1602 5570 praestantioris,
1631 5519 1657 5546 »
1680 5503 1786 5553 etc.
1819 5496 1950 5551 Haec
1982 5497 2051 5561 de

398 5565 689 5638 Gregorio
708 5575 906 5623 nostro
939 5565 1078 5624 su'nt
1105 5565 1504 5638 intelligenda,
1532 5570 1654 5638 qui,
1684 5575 1747 5623 ut
1776 5570 1958 5631 Isaac,
1981 5583 2051 5622 ex

401 5637 793 5710 promissione
825 5644 1163 5710 procreatus
1187 5637 1389 5710 est,’et
1410 5662 1436 5688 ‹‹
1461 5637 1584 5710 _Deo
1614 5639 1883 5696 donatori
1916 5655 2050 5696 con-

400 5703 686 5766 secratus.
712 5735 740 5760 ιι
769 5703 944 5767 Goisl.
979 5713 1028 5781 1,
1060 5703 1424 5782 ἀντιδωρηθὶν
1457 5703 1532 5764 δέ.

2082 5081 2088 5084 ’
2162 5072 2568 5143 exemplum,«
2615 5071 2724 5138 vel,
2772 5097 2790 5120 ι

2159 3372 2380 3428 scilicet
2412 3376 2540 3426 vota
2581 3372 2832 3436 iecisset,
2857 3388 3107 3442 eumque
3148 3371 3528 3437 deduxisset),
3555 3375 3610 3424 et
3641 3371 3713 3424 ab
3744 3387 3811 3424 ea

2161 3467 2312 3515 recte
2344 3462 2618 3532 pascendi
2645 3459 3007 3531 exemplum;
3032 3459 3132 3514 viri
3159 3465 3376 3524 autem,
3400 3460 3554 3513 idola
3584 3458 3809 3512 sincero

2161 3550 2357 3604 animo
2391 3549 2630 3620 fugisse,
2665 3565 2727 3603 ac
2769 3555 2968 3620 postea
3009 3549 3183 3603 etiam
3231 3549 3524 3602 daemones
3558 3547 3759 3618 fugare
3796 3563 3807 3600 :

2162 3639 2358 3693 uxoris
2392 3654 2646 3705 rursum,
2673 3639 2824 3707 quod
2861 3653 2932 3691 ne
2963 3637 3142 3692 salem
3189 3637 3421 3707 quidem
3459 3653 3591 3690 cum
3627 3634 3807 3689 idolo-

2162 3744 2289 3781 rum
2315 3725 2639 3781 cultoribus
2660 3741 2971 3780 commune
2998 3726 3303 3780 habuerit:
3333 3725 3438 3780 hoc
3463 3724 3679 3778 honore
3709 3740 3812 3794 par

2162 3821 2216 3868 et
2248 3831 2510 3876 concors,
2535 3821 2707 3884 atque
2739 3813 3034 3882 unanime,
3063 3829 3166 3867 nec
3201 3813 3394 3866 minus
3426 3811 3656 3865 virtutis
3679 3827 3811 3865 con-

2153 3904 2597 3973 junctiunisque
2647 3919 2775 3955 cum
2829 3902 2962 3967 Deo,
2991 3918 3164 3972 quam
3201 3899 3391 3954 carnis
3418 3899 3758 3969 conjugium
3795 3916 3806 3952 :

2160 3991 2267 4045 hos
2299 3991 2557 4060 quidem,
2587 3997 2706 4044 tum
2744 3990 2870 4044 vitae
2898 3989 3266 4060 longitudine
3309 3993 3365 4044 et
3415 3987 3649 4053 canitie,
3682 3993 3807 4041 tum

2160 4079 2468 4150 prudentia
2499 4084 2554 4132 et
2584 4078 2891 4148 splendore
2923 4093 3110 4147 pares,
3144 4080 3292 4130 inter
3321 4093 3382 4130 se
3413 4080 3720 4141 certantes,
3745 4091 3811 4130 ac

2160 4167 2414 4237 reliquos
2446 4182 2650 4220 omnes
2699 4172 3073 4236 superantes;
3109 4182 3280 4220 carne
3313 4165 3550 4236 quidem
3601 4163 3808 4236 paulu-

2161 4255 2280 4309 lum
2315 4257 2606 4321 detentos,
2630 4255 2837 4325 spiritu
2870 4261 3086 4316 autem,
3109 4255 3282 4308 etiam
3311 4259 3447 4307 ante
3472 4251 3815 4322 disjunctio-

2162 4361 2314 4412 nem,
2340 4344 2474 4397 inde
2505 4344 2820 4397 translatos
2848 4360 2859 4396 :
2889 4360 3139 4413 quorum
3174 4361 3292 4397 nou
3323 4352 3414 4398 est
3447 4342 3723 4408 mundus,
3755 4346 3811 4395 et

2159 4450 2408 4504 quorum
2442 4439 2532 4486 est
2562 4433 2841 4499 mundus,
2869 4432 2966 4485 ille
2997 4431 3274 4487 nimirum
3301 4437 3690 4502 contemptus,
3717 4429 3810 4484 hic

2160 4523 2524 4592 antepositus
2558 4537 2568 4574 :
2605 4538 2853 4591 quorum
2897 4527 2986 4575 est
3023 4522 3233 4592 opibus
3286 4519 3423 4587 labi,
3450 4526 3505 4576 et
3557 4535 3806 4591 quorum

2159 4627 2260 4680 per
2318 4610 2622 4665 honestam
2665 4611 2810 4666 22]
2866 4611 3196 4676 negotiandi
3256 4612 3538 4665 rationem
3599 4608 3809 4679 opibus

2230 4857 2341 4928 (43)
2377 4857 2473 4916 Ἠς
2508 4857 2534 4910 ὁ
2566 4859 2803 4928 ποιμήν,
2836 4863 2944 4913 etc.
2984 4879 3010 4910 α
3043 4863 3226 4929 Atque
3260 4857 3454 4911 uxoris
3487 4855 3722 4928 quidem
3755 4860 3812 4910 et

2162 4929 2383 4984 orantis
2413 4935 2469 4982 et
2499 4930 2864 4994 deducentis,
2883 4950 2908 4979 η
2939 4931 2994 4984 id
3022 4935 3128 4997 est,
3158 4953 3183 4979 ‹‹
3208 4930 3381 4999 (viam
3409 4929 3810 4981 demonstran-

2161 5001 2259 5071 tis)
2294 5001 2482 5055 bonus
2530 5001 2619 5056 ille
2669 5002 2892 5063 Pastor,
2923 5006 3046 5055 tum
3109 5008 3261 5055 recte
3321 5000 3478 5071 pasci
3537 5001 3724 5054 forma
3754 5002 3812 5053 et

2844 5073 2914 5127 ab
2974 5089 3148 5126 uxore
3205 5076 3557 5126 consecutus
3611 5077 3721 5137 est,
3747 5076 3812 5124 ut

2162 5143 2726 5215 rectepasciforma
2757 5148 2811 5198 et
2841 5143 3167 5215 exemplum
3203 5149 3375 5215 esset.
3405 5166 3430 5191 »ι

2230 5211 2465 5285 (44)“Μή
2498 5211 2669 5268 ἀλῶν.
2714 5215 2849 5285 Reg.
2880 5215 2986 5285 hu,
3013 5211 3161 5285 ’μηδὲ
3193 5211 3360 5267 ἁλῶν.

2231 5286 2342 5355 (45)
2375 5283 2620 5355 Πολιαῖς,
2649 5286 2769 5355 Jes.
2798 5282 3022 5346 πολιᾶς.

2231 5351 2837 5428 (41)),ῌατίάλλήλους
2875 5357 3052 5428 Regg.
3090 5358 3206 5422 bm,
3234 5356 3357 5428 hu,
3387 5360 3505 5428 tres
3535 5351 3806 5428 Col.,_0r.

2163 5428 2213 5488 1,
2236 5426 2323 5514 καὶ
2355 5423 2733 5495 ἀλλήλοιςζῐη
2762 5423 3137 5500 quihusdam,
3160 5426 3248 5479 καὶ
3271 5423 3808 5494 ἀλλήλους,οωἱ880

2157 5516 2310 5551 κατα.

2159 5569 2340 5694 (1147)
2391 5565 2807 5624 Ἀποπλουτεῖν.
2846 5591 2871 5622 «
2926 5571 3162 5625 Divitias
3221 5569 3504 5640 abjicere,
3561 5565 3810 5638 profun-

2200 5655 2314 5694 ere.
2342 5662 2369 5688 »

2200 5655 2314 5695 ere.
2342 5662 2369 5688 »
