4146 6290
383 419 502 479 ’795

1624 423 1689 482 S.
1737 423 2112 484 .GBEGORII
2158 423 2554 484 THEOLOGI

3674 418 3796 480 796

384 550 658 614 afﬂuere;
692 566 900 620 nempe
931 551 1082 606 bona
1103 551 1280 622 hujus
1303 553 1430 607 vitae
1447 553 1917 625 despicientium,
1939 570 2029 610 eo-

2149 553 2412 626 λείψανον,
2443 554 2534 607 καὶ
2563 551 2690 607 ὅσον
2722 549 3018 626 ὑπελείφθη
3066 554 3134 623 τῇ
3178 548 3438 620 εὗσεοείᾳ,
3496 547 3685 617 πολλὴ
3735 547 3790 604 δε

385 654 633 707 rumque
671 637 796 692 loco
829 638 1084 694 cmlestia
1131 642 1450 696 ementium
1487 661 1498 697 :
1532 660 1781 712 quorum
1834 645 2033 697 breves

381 727 618 795 quidem
652 726 897 797 hujusce
928 728 1054 782 vitae
1102 729 1381 800 reliquie,
1407 738 1465 785 et
1507 733 1854 801 quantulum
1889 732 2031 787 illud

379 818 488 884 est,
511 816 664 886 quod
699 816 882 886 pietas
913 815 1205 887 reliquum
1247 820 1402 888 fecit,
1431 821 1616 876 multa
1660 838 1790 876 vero
1823 826 1878 876 et
1909 821 2034 876 lon-

384 920 536 974 gaeva
576 903 679 959 illa
708 905 848 974 vita,
881 906 955 960 ob
1011 923 1186 978 quam
1233 907 1534 964 laboribus
1581 911 1823 965 confecti
1877 914 2033 964 sunt.

389 992 577 1047 Unum
610 993 800 1048 adhuc
834 995 904 1048 ad
935 1010 1020 1060 ea,
1057 1012 1183 1066 quae
1228 997 1299 1051 de
1339 997 1485 1068 ipsis
1515 999 1656 1063 dixi,
1681 999 2033 1069 adjungam;

2142 644 2177 711 ἡ
2213 644 2324 711 ζωὴ
2357 643 2445 696 καὶ
2481 642 2754 717 μακραίων
2858 642 3322 711 προκεκμῆκασιν.
3375 640 3459 692 Ἐν
3512 636 3588 692 ἔτι
3621 657 3788 713 προσ-

2144 732 2296 800 θήσω
2325 736 2439 792 τοῖς
2498 733 2620 803 περὶ
2669 730 2842 784 αὐτῶν
2894 728 3104 804 λόγοις⁶
3155 725 3213 782 oi’
3234 725 3419 789 καλῶς
3450 727 3540 781 καὶ
3571 725 3796 788 δικαίως

2147 819 2476 895 ἀμφοτέροις
2507 823 2622 879 τοῖς
2673 817 2879 891 γένεσιν
2921 815 3312 889 ἐμερίσθησαν·
3367 815 3395 868 ὁ
3590 811 3797 889 ἀνδρῶν

2147 907 2278 960 εἶναι
2327 907 2551 979 κόσμος,
2603 910 2636 975 ἡ
2692 905 2750 961 δὲ
2793 910 3082 980 γυναικῶν,
3127 904 3218 958 καὶ
3268 903 3335 957 οὐ
3364 903 3572 976 κόσμος
3609 904 3794 976 μόνον,

2146 992 2293 1050 ἀλλὰ
2321 996 2410 1050 καὶ
2441 995 2635 1070 ἀρετῆς
2667 993 2988 1068 ὑπόδειγμα.

388 1097 595 1152 nempe
625 1084 779 1153 quod
814 1082 873 1136 hi
906 1084 1140 1155 utrique
1169 1087 1331 1140 sexui
1367 1085 1606 1158 pulchre
1637 1105 1704 1142 ac
1727 1089 1887 1158 juste
1917 1086 2086 1141 divisi
2120 1087 2267 1154 sint;
2304 1087 2399 1141 ille
2429 1088 2688 1158 quidem,
2721 1092 2786 1140 ut
2812 1102 3094 1152 Virorum,
3129 1085 3252 1140 haec
3276 1100 3409 1140 vero
3440 1083 3791 1139 feminarum

386 1177 796 1226 ornamentum
831 1179 1008 1238 esset,
1040 1190 1144 1228 nec
1174 1181 1583 1231 ornamentum
1617 1175 1832 1242 solum,
1863 1193 2065 1231 verum
2096 1175 2274 1230 etiam
2305 1177 2540 1231 virtutis
2571 1176 2887 1248 exemplar.

455 1259 548 1315 Vl.
581 1261 664 1314 Ab
699 1261 786 1316 his
817 1261 1110 1333 Gorgonia
1140 1268 1194 1317 et
1219 1265 1397 1319 vitam
1421 1270 1477 1319 et
1499 1265 1742 1335 gloriam
1781 1265 2037 1336 accepit;

385 1349 458 1402 ab
509 1347 600 1403 his
645 1350 880 1419 pietatis
939 1351 1190 1408 semina:
1225 1353 1296 1407 ab
1347 1352 1459 1422 his,
1485 1358 1540 1407 et
1588 1355 1742 1424 quod
1802 1355 2041 1409 honeste

391 1437 551 1502 vixit,
575 1443 632 1492 et
656 1439 809 1508 quod
845 1439 1070 1509 hilaris,
1094 1457 1156 1494 ac
1181 1458 1314 1495 cum
1339 1441 1578 1496 meliore
1607 1460 1710 1513 spe
1730 1443 2036 1499 abscessit.

389 1525 666 1580 Praeclara
689 1528 927 1597 quidem
953 1529 1071 1583 haec
1095 1547 1326 1600 quoque
1349 1537 1507 1600 sunt,
1529 1537 1701 1602 atque
1723 1532 2033 1602 ejusmodi,

375 1618 450 1669 ~ut
480 1614 775 1685 plerisque
805 1632 1029 1686 eorum,
1055 1618 1153 1688 qui
1185 1619 1508 1674 nobilitatis
1540 1621 1777 1675 nomine
1800 1636 2035 1692 magno-

383 1718 518 1774 pere
547 1705 892 1775 gloriantur,
917 1711 1091 1778 atque
1122 1710 1196 1762 ob
1227 1710 1507 1777 majorem
1540 1709 1909 1780 splendorem
1941 1713 2033 1763 tu-

385 1791 576 1847 midos
607 1794 835 1849 animos
869 1801 1098 1865 gerunt,
1134 1814 1247 1852 non
1299 1797 1463 1853 facile
1511 1803 1847 1870 suppetant.
1881 1801 1952 1853 At
1980 1799 2029 1853 si

2149 1800 2472 1875 ρυσωμὲνων
2503 1804 2620 1858 τοῖς
2654 1794 2851 1851 ἄνωθεν
2886 1800 2998 1869 (51)
3028 1815 3040 1829 '

385 1881 456 1937 de
495 1881 626 1953 ipsa
655 1883 981 1952 sapientius
1026 1889 1082 1939 et
1125 1885 1442 1941 sublimius
1473 1887 1881 1942 disserendum
1927 1892 2033 1955 est,

385 1970 690 2041 Gorgoniae
721 1973 909 2041 patria
952 1975 1187 2044 quidem
1223 1975 1334 2029 fuit
1365 1993 1620 2047 superna
1652 1977 2034 2048 Hierusalem,

384 2058 611 2125 civitas,
644 2059 907 2130 inquam,
940 2061 1062 2131 illa,
1089 2081 1216 2134 quae
1248 2064 1451 2119 oculus
1484 2067 1727 2120 minime
1756 2067 2033 2133 cernitur,

383 2165 582 2203 verum
615 2151 812 2205 animo
845 2156 901 2206 et
931 2158 1126 2207 mente
1157 2153 1544 2225 intelligitur:
1573 2155 1631 2208 in
1664 2171 1838 2224 quam
1882 2157 2035 2210 cives

381 2237 626 2308 ascripti
675 2256 905 2307 sumus,
939 2245 997 2295 et
1052 2243 1121 2296 ad
1181 2258 1358 2313 quam
1420 2259 1831 2315 properamus;
1867 2246 2037 2313 cujus

381 2327 524 2382 civis
554 2327 821 2383 Christus
850 2336 958 2395 est,
983 2337 1041 2384 et
1077 2331 1363 2397 concives,
1391 2333 1665 2404 frequens
1704 2333 1800 2387 ille
1832 2337 2035 2400 ccetus,

382 2419 439 2470 et
485 2415 743 2472 Ecclesia
792 2418 1248 2488 primitivorum,
1293 2421 1393 2491 qui
1443 2422 1501 2476 in
1552 2422 1710 2476 ccelis
1761 2422 2037 2493 descripti

382 2509 520 2560 sunt
543 2506 606 2572 “5,
629 2509 687 2559 et
716 2506 937 2560 circum
982 2525 1263 2579 magnum
1312 2510 1475 2564 urbis
1524 2510 1884 2566 conditorem
1935 2527 2038 2580 per

381 2593 578 2666 gloriae
623 2597 1170 2665 contemplationem
1225 2601 1401 2654 festos
1451 2599 1574 2654 dies
1623 2599 1938 2667 celebrant,
1973 2618 2036 2655 ac

382 2683 799 2754 sempiternam
841 2685 1110 2740 choream
1163 2687 1386 2758 agitant
1430 2706 1441 2742 :
1495 2687 1769 2743 nobilitas
1818 2694 2034 2758 autem,

382 2772 591 2827 divina:
622 2773 899 2845 imaginis
944 2777 1326 2841 conservatio,
1360 2782 1532 2848 atque
1575 2777 1870 2848 archetypi
1902 2778 2033 2832 imi-

384 2862 746 2936 tatio,_quam
772 2864 919 2918 ratio
942 2869 998 2918 et
1018 2864 1202 2920 virtus
1229 2867 1510 2930 efﬁciunt,
1538 2883 1869 2937 purumque
1891 2867 2039 2920 desi-

381 2950 634 3018 derium,
658 2966 778 3015 eos,
803 2953 902 3022 qui
937 2969 1324 3024 supernarum
1377 2971 1570 3009 rerum
1612 2971 1741 3010 vere
1788 2956 2035 3010 studiosi

2224 1265 2296 1318 Σ’.
2357 1264 2508 1338 Παρὰ
2561 1263 2766 1318 τούτων
2825 1262 3087 1337 Γοργονίᾳ
3141 1262 3231 1315 καὶ
3280 1261 3347 1314 τὸ
3393 1259 3546 1330 εἶναι,
3591 1257 3680 1313 καὶ
3737 1260 3800 1314 τὸ

2149 1350 2436 1425 εὐδόκιμον
2489 1354 2635 1424 (48)·
2717 1353 2950 1406 ἐντεῦθεν
3026 1349 3161 1424 αὐτῇ
3235 1351 3303 1402 τὰ
3373 1352 3473 1418 τῆς
3525 1342 3796 1409 εὐσεϐείας

2148 1441 2430 1516 σπέρματα
2453 1461 2464 1473 ·
2492 1443 2638 1515 παρᾶ
2663 1440 2868 1495 τούτων
2901 1441 2990 1494 καὶ
3038 1440 3102 1493 τὸ
3151 1445 3306 1508 ζῆσαι
3354 1436 3559 1508 καλῶς,
3612 1437 3704 1492 καὶ
3732 1438 3794 1492 τὸ

2147 1531 2398 1585 ἀπελθεῖν
2427 1529 2585 1592 ιλεως
2615 1533 2726 1602 (49)
2775 1531 2907 1602 μετὰ
2953 1533 3059 1583 τῶν
3108 1528 3496 1604 χρηστοτέρων
3529 1525 3792 1582 ἐλπίδων.

2146 1619 2298 1674 Καλὰ
2329 1621 2423 1691 μὲν
2455 1617 2520 1688 δὴ
2554 1620 2642 1673 καὶ
2685 1624 2873 1684 ταῦτα,
2903 1621 2995 1673 καὶ
3048 1621 3134 1672 οἷα
3184 1620 3259 1690 μή
3301 1615 3539 1678 πολλοῖς
3591 1613 3793 1691 ῥᾳδίως

2146 1708 2379 1783 ὑπάρχει
2412 1711 2520 1781 (50)
2552 1714 2658 1763 τῶν
2690 1708 2770 1762 ἐπ’
2833 1705 3073 1782 εὐγενείᾳ
3133 1708 3267 1782 μέγα
3325 1706 3644 1779 κομώντων,
3703 1701 3796 1758 καὶ

3086 1797 3130 1850 εί
3182 1793 3240 1850 ὃὶ
3287 1792 3370 1849 δεῖ
3417 1793 3800 1871 φιλοσοφώτε-

2149 1907 2239 1962 ρον
2273 1889 2384 1959 (52)
2416 1887 2502 1940 καὶ
2539 1887 2876 1960 ὑψηλότερον
2910 1885 3031 1961 περί
3073 1885 3241 1953 αὐτῆς
3290 1881 3543 1952 διελθεῖν,
3592 1889 3799 1957 Γοργο-

2148 1974 2236 2046 νίᾳ
2266 1976 2459 2050 πατρὶς
2495 1977 2596 2047 μὰν
2630 1977 2662 2044 ἡ
2697 1975 2806 2028 ἄνω
2836 1973 3218 2048 Ἰερουσαλήμ,
3249 1975 3284 2042 ἡ
3322 1975 3396 2045 μὴ
3454 1970 3794 2046 βλεπομένη,

2149 2063 2421 2135 νοουμὲνη
2457 2062 2514 2118 δί
2543 2063 2724 2136 πόλις,
2757 2063 2810 2118 ἐν
2905 2061 3304 2134 πολιτευόμεθα
3334 2064 3469 2134 (53),
3517 2062 3607 2115 καὶ
3657 2061 3796 2135 πρὸς

2145 2153 2207 2220 ἢν
2241 2152 2567 2226 ἐπειγόμεθα
2598 2171 2608 2184 ·
2645 2155 2712 2220 ἧς
2741 2151 2974 2220 πολίτης
3006 2153 3260 2227 Χριστὸς,
3319 2150 3407 2204 καὶ
3459 2150 3796 2220 συμπολῖται

2144 2244 2445 2318 πανήγυρις
2508 2241 2597 2296 καὶ
2649 2238 2946 2310 Ἐκκλησία
3014 2239 3376 2314 πρωτοτόκων
3451 2238 3804 2312 ἀπογεγραμο

2149 2331 2319 2403 μενων
2372 2330 2424 2385 ἐν
2485 2331 2758 2406 οὐρανοῖς,
2817 2329 2908 2384 καί
2965 2329 3087 2399 περί
3147 2330 3239 2383 τὸν
3305 2329 3466 2403 μεγαν
3524 2326 3795 2395 πολιστὴν

2147 2419 2505 2495 ἱορταζόντων
2564 2422 2631 2492 τῇ
2690 2415 2888 2495 θεωρίᾳ
2939 2426 3038 2488 τῆς
3095 2415 3278 2488 δόξης,
3319 2417 3409 2471 καὶ
3457 2416 3798 2492 χορευόντων

2147 2509 2368 2584 χορείαν
2407 2510 2506 2576 τὴν
2553 2506 2885 2563 ἀκατάλυτον
2918 2526 2933 2542 ο
2983 2507 3215 2582 εὐγένεια
3263 2502 3322 2560 δὲ
3365 2509 3398 2574 ἡ
3443 2513 3544 2573 τῆς
3591 2503 3796 2566 εἰκόνος

2145 2599 2395 2671 τήρησις,
2440 2598 2528 2650 καὶ
2559 2599 2594 2665 ἡ
2644 2597 2777 2672 πρὸς
2823 2597 2886 2650 τὸ
2929 2597 3235 2671 ἀρχέτυπον
3283 2594 3606 2668 ἐξομοίωσις
3662 2596 3792 2666 (54),

2146 2685 2213 2754 ἥν
2259 2686 2531 2760 ἐργάζεται
2592 2684 2756 2760 λόγος
2813 2685 2903 2739 καὶ
2964 2685 3150 2759 ἀρετὴ,
3205 2685 3295 2738 καὶ
3343 2683 3573 2758 καθαρὸς
3605 2683 3796 2753 πόθος,

2147 2774 2228 2829 ἀεὶ
2260 2775 2348 2828 καὶ
2385 2772 2596 2845 μᾶλλον
2631 2779 2854 2850 popech
2884 2773 2951 2828 τὰ
2979 2775 3113 2828 κατὰ
3142 2775 3268 2828 Θεὸν
3314 2776 3445 2846 (55),
3491 2768 3618 2832 τοὺς
3659 2789 3797 2844 γνη-

2146 2864 2297 2924 σίους
2507 2867 2614 2917 τῶν
2664 2864 2773 2917 ἄνω
2827 2862 3050 2936 μύστας,
3091 2862 3181 2917 καὶ
3212 2863 3274 2918 τὸ
3302 2859 3614 2937 γιγνώσκειν
3649 2859 3796 2929 ὅθεν,

2145 2952 2235 3006 καὶ
2263 2952 2423 3015 τίνες,
2446 2952 2534 3006 καὶ
2568 2951 2644 3013 εἷς
2676 2951 2706 3005 ὅ
2732 2951 3050 3027 γεγόναμεν.

381 3044 540 3106 sunt,
575 3040 839 3110 quotidie
871 3043 1059 3112 magis
1091 3059 1156 3097 ac
1189 3044 1397 3115 magis,
1431 3049 1715 3114 quantum
1767 3044 1837 3097 ad
1889 3043 2071 3098 Deum
2119 3044 2343 3110 attinet,
2377 3043 2717 3107 informans,
2753 3058 2817 3097 ac
2848 3041 3099 3112 denique
3149 3042 3448 3113 cognitum
3496 3039 3732 3105 habere,
3769 3053 3804 3093 ι

377 3145 515 3198 quo,
550 3134 606 3184 et
635 3130 899 3200 quinam,
931 3138 988 3185 et
1017 3149 1194 3202 quam
1227 3133 1300 3187 ob
1329 3150 1566 3188 causam
1602 3134 1734 3188 facti
1770 3150 1999 3188 sumus.

449 3215 572 3270 νη.
609 3224 685 3271 Ac
716 3235 844 3273 mea
867 3221 1100 3290 quidem
1126 3221 1195 3274 de
1218 3221 1309 3276 his
1334 3222 1506 3276 rebus
1529 3222 1648 3275 haec
1681 3228 1768 3276 est
1801 3228 2032 3276 senten-
2063 3222 2105 3287 C

379 3303 481 3359 tia.
508 3303 591 3359 0b
623 3321 870 3378 eamque
896 3325 1133 3363 causam
1159 3311 1455 3375 omnibus,
1476 3328 1602 3381 quae
1634 3312 1702 3365 ab
1730 3316 1858 3364 ortu
1892 3310 2034 3365 solis

379 3397 518 3448 sunt
539 3395 602 3460 ⁸⁷,
631 3395 972 3451 nobiliorem
1024 3398 1184 3452 illius
1225 3399 1483 3452 animam
1534 3415 1679 3469 esse,
1713 3407 1767 3454 et
1799 3401 1938 3467 scio,
1974 3403 2031 3454 et

381 3482 648 3553 praedico,
674 3484 1000 3540 sublimiori
1050 3487 1273 3557 utique,
1300 3505 1475 3558 quam
1519 3505 1620 3558 pro
1649 3489 1809 3558 vulgi
1846 3504 2025 3557 more,

380 3570 702 3626 nobilitatis
731 3579 788 3628 et
815 3575 1200 3644 ignobilitatis
1232 3593 1451 3630 canone
1493 3595 1558 3631 ac
1604 3576 1803 3648 regula
1834 3583 2025 3643 utens,

379 3676 482 3716 nec
510 3675 739 3731 genere,
767 3664 866 3717 sed
915 3664 1178 3718 moribus
1208 3671 1519 3734 utramque
1549 3666 1888 3737 designans,
1923 3681 2028 3719 nec

377 3765 478 3820 per
509 3751 699 3805 tribus
747 3768 812 3805 ac
865 3752 1117 3807 familias
1149 3770 1267 3818 eos,
1303 3755 1400 3824 qui
1457 3754 1773 3808 laudantur
1820 3758 1921 3808 aut
1945 3753 2027 3807 vi-

373 3844 741 3908 tuperantur,
776 3843 1130 3911 expendens,
1163 3859 1362 3896 verum
1407 3843 1717 3912 sejunctim
1766 3849 1823 3896 et
1867 3841 2027 3913 sigil-

377 3927 564 3982 latim.
599 3929 664 3982 Et
711 3930 849 3999 quia
901 3930 1042 3985 mihi
1083 3934 1236 4001 apud
1287 3947 1384 3985 eos
1436 3937 1524 3986 est
1573 3933 1776 3994 oratio,
1813 3931 2027 4001 quibus

374 4015 536 4070 illius
584 4018 828 4072 virtutes
887 4020 1127 4090 cognitae
1189 4037 1252 4073 ac
1313 4026 1623 4091 perspecta)
1682 4027 1841 4084 sunt,
1876 4019 2027 4073 alius

376 4105 619 4174 proinde
660 4105 818 4160 aliud
867 4107 1168 4178 quidpiam
1200 4111 1477 4176 conferat,
1501 4125 1566 4163 ac
1597 4108 1852 4162 sermoni
1902 4108 2027 4178 opi-

378 4190 616 4246 tuletur.
643 4194 839 4262 Neque
869 4195 1023 4248 enim
1049 4195 1171 4251 ﬁeri
1195 4203 1403 4268 potest,
1431 4203 1492 4250 ut
1521 4214 1693 4267 unus,
1717 4204 2028 4267 quantum-

376 4279 467 4335 vis
497 4281 649 4337 222
683 4283 925 4338 auribus
954 4289 1010 4338 et
1041 4291 1233 4340 mente
1265 4286 1512 4357 pollens,
1543 4287 1739 4341 omnia
1769 4286 2026 4357 comple-

379 4374 588 4426 ctatur.

454 4485 496 4520 ¹⁶
527 4485 700 4541 Hebr.
737 4505 837 4556 ιιι,
870 4491 958 4560 22,
988 4491 1076 4546 23.
1159 4493 1200 4527 ¹⁷
1229 4492 1359 4546 Job.
1397 4509 1435 4560 ι,
1468 4494 1520 4547 3.

477 4602 565 4655 48)
599 4599 921 4676 Εὐδόκιμον.
957 4607 1126 4663 Coisl.
1165 4609 1214 4674 1,
1249 4603 1572 4661 εὐδοκιμεῖν.

453 4601 566 4742 (49)
592 4673 804 4737 "nm.
858 4679 1035 4742 Regg.
1091 4681 1209 4742 bm,
1245 4679 1344 4742 hu,
1373 4659 1558 4733 ἵλεων.

375 4653 1214 4796 “21193"iiiikfﬁéﬁfiﬁiﬁ
1245 4653 1572 4747 ίιῖἱξὲἆῖᾧζξ
1594 4680 1688 4734 Or.
1727 4682 1775 4749 1,
1809 4684 1864 4734 et
1909 4681 2027 4735 Jes.

385 4763 399 4794 ι
445 4763 535 4796 εω.

592 4817 869 4892 Ὑπάρχει.
928 4826 1092 4875 Deest
1142 4821 1198 4875 in
1254 4823 1428 4894 Regg.
1464 4825 1581 4889 bm,
1619 4823 1717 4891 hu,
1769 4829 1824 4876 et
1871 4823 2027 4876 Orat.

383 5029 392 5040 .
451 4960 564 5030 (51)
595 4960 853 5022 Ἀνωθεν.
889 4963 1065 5034 Regg.
1100 4981 1152 5033 a,
1187 4964 1284 5018 hu.
1328 4965 1497 5021 Coisl.
1536 4967 1586 5032 1,
1616 4966 1871 5029 κάτωθεν,
1897 4987 1924 5012 ‹‹
1959 4965 2028 5018 ab

379 5046 518 5084 ImO.
546 5053 572 5079 ›)

596 5101 1090 5179 :17".amcocpeirintpov1
1108 5129 1150 5179 «7
1164 5107 1539 5179 Religiosius.
1569 5130 1592 5154 υ

452 5174 561 5242 (53)
596 5171 1018 5249 Πολιτευόμεθα.
1073 5171 1349 5245 ΒὶΙΙὶυεξῖι
1383 5181 1438 5232 in
1473 5195 1588 5249 qua
1635 5177 1847 5230 civium
1902 5193 2028 5229 mu-

382 5260 515 5298 nere
550 5247 870 5314 lungimur.
898 5273 924 5296 ››

449 5316 565 5391 (ἓξ)
599 5317 970 5391 Ἐξομοίωσις.
1002 5341 1026 5370 ιι
1059 5321 1199 5374 Cum
1237 5323 1544 5391 archetypo
1579 5318 1918 5372 similitudo.
1951 5341 1975 5365 ››

447 5387 562 5455 (55)
602 5389 673 5439 Τὰ
730 5393 862 5442 κατὰ
922 5391 1068 5456 Θεόν,
1123 5400 1227 5446 etc.
1290 5387 1545 5446 Combef.
1591 5414 1615 5437 ‹‹
1671 5391 1880 5444 divinis
1939 5408 2027 5443 ra-

379 5456 636 5541 tionibus
670 5477 734 5514 ac
768 5463 1001 5515 dotibus
1036 5465 1376 5517 informans.
1409 5487 1432 5510 υ
1466 5465 1522 5516 ln
1562 5463 1697 5533 Reg.
1734 5462 1832 5524 hu,
1867 5464 2030 5516 deest

376 5545 461 5581 τα.

596 5601 871 5676 [νησίοος.
904 5607 1082 5676 Οῐζηί,
1119 5603 1380 5676 γνησίως.

453 5670 566 5749 (57)
597 5673 719 5749 Ter}
776 5670 1316 5749 αφ’-ἡλίοοξοίοκκ
1381 5678 1512 5739 Quae
1568 5678 1638 5731 ab
1700 5681 1826 5731 ortu
1890 5675 2031 5749 solis

382 5745 541 5798 sunt.
567 5763 596 5790 »
623 5743 843 5802 Alludit
879 5747 1024 5802 forte
1054 5747 1366 5820 Gregorius
1416 5750 1486 5804 ad
1532 5749 1650 5804 haac
1702 5749 1876 5803 verba
1921 5748 2029 5801 Job

400 5869 466 5911 ..μ’

2215 3220 2282 3275 Ζ’.
2337 3218 2524 3279 Οὕτως
2575 3218 2680 3293 ἐγὼ
2737 3218 2858 3293 περὶ
2909 3217 3116 3272 τούτων
3171 3218 3464 3291 γινώσκω·
3539 3216 3628 3270 καὶ
3705 3213 3795 3270 διὰ

2141 3312 2302 3361 τοῦτο
2335 3306 2700 3382 εὐγενεστέραν
2730 3311 2838 3362 τῶν
2870 3309 2956 3383 ἀφ’
2996 3305 3161 3374 ἡλίου
3223 3308 3332 3376 (57)
3372 3302 3650 3360 ἀνατολῶν
3690 3305 3790 3371 τήν

2141 3395 2350 3465 ὶκείνης
2382 3399 2566 3470 ψυχὴν
2597 3397 2686 3450 καὶ
2719 3394 2837 3450 οἶδα
2867 3397 2955 3449 καὶ
2990 3395 3266 3467 ὀνομάζω,
3297 3393 3563 3468 κρείττονι
3594 3394 3629 3461 ἢ
3657 3388 3794 3448 κατᾶ

2137 3484 2263 3546 τοὺς
2333 3484 2581 3546 πολλοὺς
2623 3485 2891 3558 εὐγενείας
2949 3484 3037 3538 καὶ
3097 3481 3402 3558 δυσγενείας
3461 3482 3642 3537 κανόνι
3699 3482 3791 3536 καὶ

2139 3572 2348 3646 στάθμῃ
2394 3575 2719 3648 χρώμενος·
2781 3573 2868 3627 καί
2930 3573 3036 3648 οὐχ
3087 3570 3331 3644 α’ίμασιν,
3399 3570 3546 3626 ἀλλᾶ
3599 3570 3792 3646 τρόπῳ

2135 3663 2242 3716 τινὶ
2289 3667 2455 3716 nam
2496 3663 2913 3738 χαρακτηρίζων
2941 3682 2952 3693 ·
3005 3657 3129 3714 οὐδὲ
3176 3662 3310 3714 κατὰ
3352 3655 3615 3738 φρατρίας
3667 3660 3790 3734 κρί-

2135 3770 2240 3805 νων
2263 3749 2391 3811 τοὺς
2425 3749 2843 3822 ἰπαινουμὲνους
2875 3753 2908 3818 ἢ
2943 3749 3309 3824 ψεγομὲνους,
3343 3746 3490 3802 ἀλλὰ
3518 3749 3635 3810 καθ’
3661 3744 3790 3802 ἕκα-

2137 3860 2281 3896 στον.
2331 3846 2414 3893 Ἐν
2478 3840 2646 3893 εἰδόσι
2703 3838 2759 3893 δὲ
2815 3842 2841 3893 ό
2891 3837 3059 3914 λόγος
3110 3841 3223 3907 (58)
3275 3837 3406 3911 ὑπὲρ
3445 3842 3550 3891 τῶν
3580 3836 3790 3907 ἐκείνης

2136 3928 2337 3995 καλῶν,
2371 3928 2459 3982 καὶ
2491 3927 2660 3988 ἄλλος
2692 3927 2831 3982 ἄλλο
2862 3949 2913 3981 τι
2947 3926 3352 4004 ουνεισφερέτω,
3396 3927 3485 3980 καὶ
3521 3926 3790 3998 βοηθείτω

2134 4021 2213 4089 τῷ
2261 4017 2435 4092 λόγῳ.
2488 4015 2707 4084 Ἐπειδὴ
2755 4019 2869 4091 (59)
2920 4016 2994 4089 μή
3039 4017 3210 4070 πάντα
3240 4009 3552 4090 περιλαϐεῖν
3588 4014 3664 4068 ἒνῖ
3698 4011 3792 4069 δυο

2135 4107 2312 4175 νατὸν,
2350 4104 2491 4179 μηδὲ
2532 4112 2607 4177 τῷ
2641 4109 2748 4179 (60)
2799 4105 2916 4160 λίαν
2969 4103 3176 4159 δυνατῶ
3217 4104 3307 4158 καὶ
3347 4103 3514 4172 ἀκοὴν
3547 4103 3637 4158 καὶ
3671 4101 3788 4156 διά-

2133 4215 2303 4252 νοιαν.

2061 4610 2107 4673 D
2138 4624 2187 4662 ο.
2221 4623 2261 4670 ι,
2292 4623 2347 4661 v.
2382 4607 2438 4673 3,
2461 4630 2488 4658 «
2522 4610 2647 4661 erat
2676 4605 2762 4658 vir
2792 4603 2889 4660 ille
2928 4605 3082 4677 (Job)
3115 4620 3364 4676 magnus
3405 4604 3558 4658 inter
3586 4602 3787 4658 Orien-

2137 4677 2304 4733 tales.
2334 4701 2360 4725 ››

2212 4749 2324 4819 (58)
2383 4746 2512 4827 ξίαθ’
2564 4742 2809 4827 ἕκαστον.
2870 4745 2956 4827 :Ev
3013 4741 3179 4798 εἰδόσι
3243 4741 3300 4827 δὲ
3450 4741 3790 4827 λόγοςκβὶῃιξ

2143 4811 2318 4890 Βέςᾳί
2390 4820 2524 4890 bm,_
2562 4818 2661 4890 hu,
2723 4819 2925 4872 Comb.
2982 4834 3115 4872 vero
3166 4811 3579 4890 mettum».
3642 4811 3698 4890 E_i
3741 4811 3789 4865 δ’

2143 4889 2196 4944 ἰν
2219 4885 2416 4945 εἰδόσιν
2452 4889 2479 4942 ὁ
2512 4887 2696 4961 λόγος.
2726 4889 2888 4952 Quod
2920 4890 3121 4943 eodem
3171 4889 3398 4951 recidit,
3423 4903 3486 4961 ac
3515 4885 3790 4961 eumdem

2142 4979 2382 5018 sensum
2416 4958 2622 5024 efficit;
2671 4963 2768 5030 qui
2821 4961 3056 5030 quidem
3106 4961 3311 5014 melior
3357 4959 3602 5021 videtur,
3635 4958 3791 5028 quod

2183 5033 2522 5089 raecedentia
2576 5050 2706 5086 cum
2767 5033 3147 5100 sequentibus
3200 5032 3388 5101 magis
3445 5030 3792 5085 cohaereant.

2185 5113 2458 5176 ostquam
2509 5105 2662 5158 enim
2716 5104 3025 5174 Gregorius
3056 5102 3221 5176 dixit,
3247 5124 3274 5152 «
3308 5119 3370 5176 se
3419 5103 3489 5156 ad
3539 5101 3793 5176 eos,_qui

2139 5173 2438 5249 Gorgonise
2492 5176 2732 5249 virtutes
2780 5173 3036 5249 norunt,
3074 5175 3250 5228 verba
3308 5175 3515 5241 facere,
3550 5196 3570 5222 ι
3607 5173 3792 5249 addit,

2144 5269 2172 5298 «
2205 5245 2500 5303 auditores
2531 5246 2710 5300 alium
2745 5245 2897 5300 aliud
2933 5245 3265 5309 collaturus,
3294 5251 3350 5299 et
3381 5245 3638 5299 sermoni
3669 5245 3796 5315 opi-

2138 5320 2450 5374 tulaturos.
2483 5342 2506 5365 υ
2539 5318 2631 5371 0r.
2671 5321 2718 5378 1,
2753 5324 2870 5370 tres
2921 5316 3103 5380 Colb.,
3137 5315 3307 5370 Coisl.
3342 5319 3394 5373 2.
3431 5318 3647 5372 habent
3674 5315 3795 5376 καθ’

2140 5387 2358 5444 ἕκαστον
2417 5387 2471 5442 ἓν
2520 5386 2680 5448 εἶδος.
2730 5388 2790 5442 Εἰ
2843 5386 2898 5441 δὲ
2939 5384 3196 5461 ὁΛλ-όγος.
3241 5389 3322 5461 ita
3371 5389 3547 5442 etiam
3600 5389 3790 5461 legunt

2139 5464 2312 5517 Coisl.
2349 5464 2371 5515 1
2408 5470 2463 5516 et
2501 5464 2551 5520 3,
2589 5461 2696 5513 nisi
2746 5462 2892 5529 quod
2920 5456 3380 5530 Δνεῖδόσὶλῒιιὶὶκδιιὶ
3429 5477 3531 5530 pro
3581 5456 3733 5512 Eiet
3765 5459 3793 5512 ὁ

2139 5534 2268 5593 Par.
2302 5534 2392 5589 ed.
2455 5532 2572 5593 καθ’
2600 5527 2820 5606 ἕκαστον
2865 5527 3004 5590 εἶδος
3053 5531 3080 5582 ὁ
3131 5528 3315 5602 λόγος,
3349 5527 3457 5586 etc.
3496 5531 3622 5587 Mox
3659 5531 3795 5606 βοη-

2141 5605 2298 5666 θείτω
2309 5649 2319 5660 .
2357 5606 2482 5659 Par.
2518 5603 2850 5655 συνεισθὲτω.

2212 5678 2327 5744 (59)
2358 5672 2575 5750 Ἐπειδή
2636 5676 2814 5750 Begg.
2850 5691 2904 5741 ει,
2937 5689 3056 5750 qm.
3081 5677 3176 5727 Or.
3208 5674 3263 5750 μ,
3296 5678 3354 5750 et
3380 5672 3501 5728 Jes.
3536 5672 3708 5729 Ἐπεί.

2213 5742 2324 5820 (60)
2358 5743 2510 5815 Μηδὲ
2538 5750 2636 5816 τῷ.
2673 5742 2811 5817 Rég'.
2845 5755 2880 5800 ε
2905 5749 2961 5800 δι
2988 5745 3102 5800 les.
3135 5742 3224 5796 καὶ
3263 5742 3362 5815 τῷ.
