4146 6290
315 446 435 506 797

940 444 1230 504 ORATIO
1277 444 1434 503 VIII.
1469 477 1547 486 —-
1576 442 1655 502 IN
1701 439 2030 503 LAUDEM
2074 439 2402 502 SORORIS
2448 442 2623 502 SUAE
2668 440 3114 501 GORGONUE.

3612 435 3731 498 798

388 580 467 632 H'.
503 573 835 652 Σωφροσὺνῃ
889 575 982 646 μέν
1030 595 1091 649 γε
1136 578 1390 630 τοσοῦτον
1440 570 1711 646 διήνεγκε,
1750 571 1839 625 καὶ
1871 591 1958 624 το-

2148 572 2299 627 VIII.
2355 572 2648 627 Pudicitiae
2706 572 2945 643 quidem
3013 571 3184 626 laude
3238 570 3381 626 adeo
3438 567 3727 624 excelluit’

317 668 505 717 σοῦτον
543 663 780 738 ὑπερῆρε
826 664 921 724 τὰς
970 664 1084 717 κατ’
1132 662 1294 729 αὐτὴν
1344 665 1455 731 (61)
1506 662 1731 731 ἁπάσας,
1766 658 1857 713 ’ίνα
1892 660 1967 731 μὴ

318 751 466 827 λέγω
495 753 589 814 τὰς
622 751 881 820 παλαιὰς,
913 753 986 805 ὧν
1021 752 1048 805 6
1092 750 1263 813 πολὺς
1300 750 1384 804 ἐπὶ
1416 750 1734 827 σωφροσύνῃ
1782 748 1969 821 λόγος,

316 841 455 895 ὥστε
487 840 563 901 εἷς
596 838 695 894 δύο
724 844 891 894 ταῦτα
928 838 1257 913 διῃρημένου
1290 845 1417 893 πᾶσι
1449 842 1545 892 τοῦ
1600 838 1743 913 βίου,
1790 838 1969 912 γάμου

315 929 459 1006 λέγω
490 929 579 984 καὶ
620 928 877 1005 ἀγαμίας,
907 928 996 982 καὶ
1026 935 1124 997 τῆς
1162 928 1255 999 μὲν
1285 924 1450 997 οῦσης
1486 925 1825 1000 ὑψηλοτέρας
1855 928 1968 999 (62)

311 1040 369 1073 τε
410 1020 498 1071 καὶ
557 1017 849 1093 θειοτέρας,
912 1015 1313 1093 ἐπιπονωτέρας
1367 1015 1423 1070 δὲ
1479 1017 1567 1070 καὶ
1627 1013 1965 1090 σφαλερωτέ-

314 1127 432 1179 ρας,
462 1110 560 1160 τοῦ
593 1103 649 1160 δὲ
678 1106 1059 1181 ταπεινοτέρου
1088 1127 1147 1160 τε
1193 1105 1281 1160 καὶ
1332 1104 1753 1183 ἀσφαλεστέρου,
1792 1104 1969 1180 ἀμφο-

311 1196 479 1268 τέρων
533 1199 776 1271 φυγοῦσα
821 1197 883 1249 τὸ
931 1192 1095 1264 ἀηδὲς
1142 1195 1277 1269 (63),
1328 1193 1449 1248 ὅσον
1482 1193 1775 1249 κάλλιστόν
1824 1192 1965 1247 ἐστιν

320 1282 371 1336 ἂν
426 1283 755 1359 ἀμφοτέροις
816 1282 1148 1353 ἐκλέξασθαι,
1209 1282 1297 1337 καὶ
1350 1282 1423 1345 εἰς
1471 1279 1525 1336 ἓν
1572 1282 1808 1356 ἀγαγεῖν,
1865 1288 1967 1350 τῆς

324 1372 419 1443 μὲν
452 1372 513 1425 τὸ
543 1370 701 1444 ὕψος,
730 1376 826 1425 τοῦ
859 1369 915 1425 δέ
943 1371 1042 1439 τὴν
1079 1370 1392 1448 ἀσφάλειαν,
1427 1368 1515 1425 καί
1565 1370 1805 1444 γενέσθαι
1859 1370 1966 1423 σώ-

312 1480 460 1538 φρων
524 1461 746 1537 ἄτυφος,
804 1461 883 1531 τῷ
928 1462 1091 1536 γάμῳ
1140 1461 1200 1514 τὸ
1244 1467 1345 1529 τῆς
1394 1462 1508 1533 (64)
1542 1459 1771 1533 ἀγαμίας
1800 1456 1967 1512 καλὸν

311 1550 599 1624 κεράσασα,
649 1548 737 1602 καὶ
783 1545 1013 1621 δείξασα,
1063 1548 1146 1603 ὅτι
1204 1549 1329 1621 μήθ’
1376 1545 1557 1623 ἕτερον
1760 1548 1967 1602 τούτων

317 1638 353 1707 ἢ
387 1642 501 1708 Θεῷ
531 1638 764 1705 πάντως,
861 1638 1050 1710 κόσμῳ
1096 1635 1296 1703 συνδεῖ,
1329 1637 1416 1691 καὶ
1470 1635 1706 1707 διίστησι
1750 1635 1915 1690 πάλιν
1942 1658 1955 1670 ο

321 1726 456 1781 ὣστε
489 1727 618 1781 εἶναι
647 1726 709 1781 τὰ
744 1728 837 1799 μὶν
868 1725 1027 1781 παντῖ
1220 1727 1443 1805 φευκτὸν
1496 1728 1630 1780 κατὰ
1676 1726 1774 1793 τήν
1830 1724 1964 1780 ίδίαν

312 1813 494 1892 φύσιν,
526 1816 588 1870 τὸ
620 1808 679 1869 δὲ
700 1814 902 1877 τελέως
932 1814 1205 1870 ἰπαινετόν
1235 1835 1247 1847 ο
1282 1813 1428 1870 ἀλλά
1456 1819 1582 1875 νοῦς
1631 1814 1769 1868 ἐστιν
1803 1816 1829 1868 ὁ
1872 1815 1960 1869 καὶ

2081 662 2340 730 adeoque
2373 679 2578 716 omnes
2610 662 2794 715 aetatis
2827 678 2944 715 suae
2981 660 3270 725 mulieres,
3297 676 3369 713 ne
3401 658 3588 712 dicam
3621 656 3730 727 pri-

2080 765 2231 815 scas,
2257 767 2504 821 quarum
2555 751 2762 821 ingens
2792 750 2863 804 ob
2910 748 3249 820 pudicitiam
3304 748 3460 801 fama
3488 750 3596 813 est,
3630 763 3727 801 su-

2079 840 2325 909 peravit,
2357 844 2420 893 ut
2445 856 2579 893 cum
2621 838 2677 892 in
2714 838 2833 892 haec
2864 840 2977 893 duo
3010 838 3239 892 cunctis
3270 836 3385 891 vita
3414 835 3599 890 divisa
3630 837 3727 900 sit,

2079 943 2288 997 nempe
2339 928 2397 981 in
2446 928 2887 982 matrimonium
2932 936 2985 981 et
3023 926 3378 993 caelibatum,
3411 930 3587 995 atque
3636 924 3729 979 hic

2077 1017 2306 1086 quidem
2345 1015 2655 1070 sublimior
2676 1021 2733 1069 et
2754 1015 3001 1070 divinior
3033 1016 3127 1082 sit,
3152 1030 3352 1070 verum
3384 1012 3732 1069 laboriosior

2077 1109 2135 1158 et
2187 1103 2589 1176 periculosior,
2624 1104 2765 1158 illud
2815 1111 3008 1159 autem
3059 1104 3365 1169 humilius,
3391 1104 3491 1157 sed
3532 1108 3728 1157 tamen

2075 1193 2282 1261 tutius,
2303 1194 2498 1248 vitatis
2522 1194 2823 1263 utriusque
2848 1192 3153 1259 molestiis,
3179 1190 3459 1263 quidquid
3490 1191 3549 1246 in
3574 1196 3729 1245 utro-

2077 1298 2188 1352 que
2225 1281 2684 1352 pulcherrimum
2738 1287 2880 1349 erat,
2915 1282 3172 1353 elegerit,
3204 1286 3379 1351 atque
3428 1280 3487 1334 in
3540 1296 3725 1334 unum

2076 1370 2385 1440 cepularit,
2419 1370 2657 1426 alterius
2688 1371 2965 1425 nimirum
3008 1369 3454 1439 sublimitatem,
3487 1368 3728 1424 alterius

2075 1459 2471 1527 securitatem,
2503 1459 2790 1530 fueritque
2834 1460 2959 1514 sine
2991 1460 3143 1512 fastu
3175 1458 3406 1529 pudica,
3430 1458 3727 1512 caalibatus

2074 1547 2293 1602 bonum
2330 1548 2703 1602 matrimonio
2726 1548 3077 1612 admiscens,
3103 1546 3364 1617 illudque
3390 1546 3726 1611 ostendens,

2073 1644 2345 1693 neutrum
2384 1639 2616 1706 horum,
2644 1644 2743 1693 aut
2790 1638 2906 1694 Deo
2940 1655 3044 1693 nos
3078 1637 3331 1710 penitus,
3362 1642 3461 1692 aut
3509 1637 3728 1691 mundo

2073 1728 2415 1799 astringere,
2442 1732 2545 1783 aut
2576 1730 2646 1783 ab
2679 1744 2745 1782 eo
2796 1726 3102 1793 dirimere;
3138 1728 3219 1781 ita
3249 1730 3313 1780 ut
3345 1725 3594 1780 alterum
3626 1742 3728 1779 na-

2070 1820 2206 1871 tura
2254 1834 2362 1872 sua
2394 1834 2633 1889 prorsus
2669 1817 3009 1885 fugiendum
3052 1816 3147 1881 sit,
3190 1814 3437 1870 alterum
3470 1814 3630 1869 omni
3661 1830 3729 1869 ex

307 1906 469 1979 γάμῳ
524 1903 611 1957 καὶ
660 1900 913 1979 παρθενίᾳ
968 1903 1153 1965 καλῶς
1214 1902 1536 1970 ἐπιστατῶν,
1594 1904 1705 1968 καὶ,
1781 1902 1958 1978 ὥσπερ

313 1990 365 2007 ,ις
568 1996 671 2007 ,,....
796 1998 821 2007 ..
963 1998 987 2007 -
1176 1993 1185 2007 .
1319 1993 1375 2007 _.
1522 1992 1534 2007 .
1585 2005 1595 2007 _
1663 1992 1707 2007 ι,
1945 1993 1957 2007 .

2072 1910 2233 1977 parte
2254 1905 2615 1961 laudandum
2640 1910 2696 1961 et
2718 1904 3191 1976 amplectendum
3211 1923 3224 1971 ;
3248 1921 3447 1960 verum
3472 1908 3726 1958 mentem

311 1990 416 2062 ὕλη
450 2014 533 2055 τις
562 1996 696 2067 (67),
728 1998 895 2048 ταῦτα
922 1998 1001 2064 τῷ
1031 1993 1253 2067 τεχνίτῃ
1303 1993 1460 2068 Λόγῳ
1510 1992 1823 2067 ῥυθμίζεται
1870 1993 1961 2047 καὶ

311 2079 727 2157 δημιουργεῖται
759 2083 895 2157 πρὸς
927 2082 1145 2157 ἀρετήν.
1193 2082 1269 2139 Οὑ
1299 2082 1398 2158 γὰρ
1457 2081 1571 2136 ἐπεὶ
1630 2082 1784 2155 σαρκὶ
1843 2104 1961 2135 συν-

308 2170 483 2247 ήφθη,
531 2168 619 2224 διὰ
676 2175 835 2224 τοῦτο
896 2170 1169 2245 ἐχωρίσθη
1230 2175 1325 2224 τοῦ
1356 2169 1662 2241 πνεύματος
1688 2190 1699 2202 ’
1736 2168 1849 2225 οὐδ’
1880 2172 1964 2225 ὃτι

306 2258 548 2336 κεφαλὴν
611 2256 739 2333 ἔσχε
783 2260 874 2313 τὸν
928 2258 1110 2334 ἄνδρα,
1166 2256 1254 2312 διὰ
1293 2262 1453 2312 τοῦτο
1484 2259 1582 2326 τήν
1620 2260 1842 2332 πρώτην
1875 2280 1961 2313 κε-

308 2346 487 2424 φαλὴν
540 2347 839 2423 ἠγνόησενο
904 2346 1029 2402 ἀλλ’
1083 2345 1248 2421 ὀλίγα
1296 2344 1729 2421 λειτουργήσασα
1770 2348 1962 2420 κόσμῳ

313 2436 403 2490 καὶ
464 2437 637 2513 φύσει,
693 2436 780 2491 καὶ
832 2436 954 2491 ὅσον
1005 2437 1032 2490 6
1064 2444 1162 2505 τῆς
1212 2436 1405 2509 σαρκὸς
1455 2430 1713 2491 ἐϐούλετο
1769 2437 1961 2508 νόμος,

313 2523 525 2597 μᾶλλον
587 2522 643 2581 δέ
702 2526 729 2579 6
783 2530 852 2600 τῇ
912 2526 1067 2600 σαρκὶ
1111 2529 1277 2579 ταῦτα
1306 2525 1844 2598 νομοθετήσας,Θεῷ
1900 2526 1962 2579 τὸ

310 2616 413 2668 πᾶν
444 2616 634 2683 ἑαυτὴν
684 2616 1033 2691 καθιέρωσεν.
1095 2616 1157 2667 "0
1218 2611 1274 2668 δὲ
1322 2612 1617 2668 κάλλιστον
1647 2615 1733 2668 καὶ
1767 2617 1961 2687 σεμνό-

309 2722 489 2775 τατον,
524 2704 604 2758 ὃτι
636 2704 726 2758 καὶ
756 2705 846 2758 τὸν
882 2702 1045 2779 ἄνδρα
1075 2703 1211 2779 πρὸς
1263 2704 1456 2772 ἑαυτῆς
1498 2703 1811 2773 ἐποιήσατο,
1871 2706 1959 2759 καὶ

308 2790 369 2845 οὑ
400 2788 664 2862 δεσπότην
716 2792 937 2863 ἄτοπον,
998 2790 1125 2847 ἀλλ’
1182 2789 1489 2864 ὁμόδουλον
1548 2792 1746 2866 ἀγαθὸν
1788 2813 1960 2865 προσ-

310 2883 591 2951 εκτήσατοθ
652 2882 725 2936 Οὑ
788 2882 949 2954 μόνον
1011 2879 1086 2948 δὲ,
1136 2879 1280 2935 ἀλλά
1337 2881 1547 2935 καὶτὸν
1578 2885 1675 2935 τοῦ
1706 2884 1958 2954 σώματος

308 2970 534 3041 καρπὸν,
586 2971 653 3024 τὰ
694 2970 852 3026 τέκνα
907 2969 1077 3045 λέγω,
1135 2970 1223 3025 καὶ
1279 2971 1438 3024 τέκνα
1490 2971 1712 3038 τέκνων,
1752 2972 1955 3043 καρπὸν

310 3059 407 3109 τοῦ
438 3055 739 3129 πνεύματος
770 3057 1079 3131 ἐποιήσατο,
1114 3058 1269 3134 γένος
1298 3058 1421 3113 δκον
1453 3060 1541 3113 καὶ
1596 3058 1770 3113 οἰκίαν
1820 3059 1958 3130 ’ὀλην

312 3143 429 3198 ἀντὶ
493 3151 617 3216 μιᾶς
665 3149 846 3222 ψυχῆς
896 3152 1009 3219 Θεῷ
1068 3148 1448 3224 καθαγνίσασα,
1525 3148 1615 3202 καὶ
1684 3151 1957 3218 ποιήσασα

306 3232 485 3307 γάμον
561 3235 832 3289 ἐπαινετὸν
910 3232 997 3291 διὰ
1050 3245 1148 3307 τῆς
1208 3238 1259 3291 ἐν
1318 3237 1480 3311 γάμῳ
1533 3237 1953 3314 εὐαρεστήσεως,

304 3322 393 3376 καὶ
434 3330 532 3391 τῆς
582 3322 756 3393 καλῆς
808 3325 1035 3380 ἐντεῦθεν
1096 3326 1470 3404 καρποφορίας
1506 3345 1516 3356 ·

301 3407 407 3472 ἕως
464 3407 580 3482 ἔζη,
640 3411 946 3488 ὑπόδειγμα
1000 3414 1171 3471 καλοῦ
1229 3416 1427 3475 παντὸς
1481 3421 1599 3477 τοῖς
1658 3414 1707 3486 ἐξ
1767 3417 1956 3485 ἑαυτῆς

306 3500 694 3572 προστήσασα·
756 3503 869 3558 ἐπεὶ
930 3502 987 3558 δὲ
1042 3504 1419 3580 προσεκλήθη,
1495 3506 1555 3558 τὸ
1612 3504 1828 3577 θέλημα
1878 3510 1956 3578 τῷ

309 3585 443 3661 οἷ’κῳ
506 3592 621 3662 μετ’
692 3591 855 3660 αὐτὴν
931 3591 1363 3668 ἐγκαταλιποῦσα
1417 3598 1707 3649 σιωπῶσαν
1766 3596 1957 3670 παραί-

303 3698 460 3733 νεσιν.

376 3945 446 3998 0'.
480 3944 541 4001 Ὀ
576 3946 668 4016 μὲν
732 3943 796 4014 δὴ
858 3948 999 4008 θεῖος
1060 3945 1329 4019 Σολομὼν
1383 3947 1435 4001 ἐν
1572 3946 1950 4024 παιδαγωγικῇ

304 4031 483 4109 σοφία,
515 4038 630 4095 ταῖς
668 4035 991 4107 Παροιμίαις
1026 4033 1173 4110 λέγω
1205 4040 1339 4109 (68),
1391 4036 1595 4092 ἐπαινεῖ
1631 4039 1718 4092 καὶ
1770 4038 1950 4092 οἰκου-

304 4121 419 4193 ρίαν
480 4124 732 4196 γυναικὸς
782 4126 871 4178 καὶ
920 4122 1257 4202 φιλανδρίαν,
1306 4126 1392 4179 καὶ
1426 4126 1719 4195 ἀντιτίθησι
1750 4131 1818 4199 τῇ
1852 4123 1952 4195 ἔξω

302 4209 778 4286 περιπλανωμένῃ,
808 4214 894 4267 καὶ
951 4213 1260 4289 ἀκρατήτῳ.
1297 4215 1385 4268 καὶ
1445 4214 1624 4286 ἀτίμῳ
1674 4218 1806 4287 (69),
1862 4215 1952 4269 καὶ

301 4299 495 4371 τιμίων
556 4301 736 4375 ψυχὰς
795 4301 1091 4377 ἀγρευοόσῃ
1148 4301 1199 4356 έν
1260 4309 1543 4375 πορνικοῖς
1582 4303 1670 4357 καὶ
1703 4305 1953 4379 σχήμασι

301 4388 390 4442 καὶ
452 4382 702 4461 ὀνόμασι,
757 4391 854 4459 τήν
912 4390 1018 4445 ἔσω
1076 4389 1259 4453 καλῶς
1311 4391 1799 4469 ἀναστρεφομένην,
1860 4392 1951 4446 καὶ

302 4474 690 4551 ἂνδριζομένην
745 4480 813 4533 τὰ
868 4480 1137 4554 γυναικὸς,
1198 4480 1334 4555 πρὸς
1380 4478 1640 4547 ἄτρακτον
1683 4484 1793 4552 (70)
1854 4482 1948 4553 μέν

302 4565 382 4619 ἀεὶ
437 4566 532 4627 τὰς
593 4573 783 4643 χεῖρᾶς
844 4567 1171 4645 ἐριίδουσαν,
1229 4570 1317 4623 καὶ
1379 4566 1563 4629 δισσὰς
1642 4574 1719 4640 τῷ
1794 4568 1949 4645 ἀνδρῖ

2074 2010 2224 2063 esse,
2247 2012 2374 2065 quas
2397 2000 2485 2049 est
2509 1995 2851 2066 conjugium
2875 1999 2933 2049 et
2954 1993 3347 2065 virginitatem
3381 1992 3623 2063 pulchre
3645 2009 3730 2048 re-

2074 2088 2174 2154 gat
2202 2092 2256 2138 et
2286 2085 2637 2150 moderetur,
2662 2090 2836 2155 atque
2867 2083 3010 2151 base,
3035 2084 3221 2137 instar
3249 2081 3502 2138 materiae
3534 2082 3730 2151 cujus-

2074 2172 2232 2243 dam,
2256 2173 2327 2227 ab
2359 2173 2580 2228 artiﬁce
2616 2174 2799 2227 Verbo
2821 2171 3013 2243 dirigi,
3035 2178 3090 2225 et
3121 2172 3192 2227 ad
3225 2171 3501 2225 virtutem
3533 2170 3730 2225 elabo-

2073 2262 2209 2316 rari.
2232 2261 2353 2316 Non
2389 2262 2567 2329 enim,
2596 2262 2735 2333 quia
2778 2261 2938 2316 carni
2970 2260 3239 2331 copulata
3268 2265 3413 2326 erat,
3447 2259 3663 2315 idcirco
3694 2277 3727 2314 a

2072 2350 2281 2421 Spiritu
2306 2350 2603 2419 disjuncta
2624 2354 2739 2417 est;
2765 2366 2868 2404 nec
2892 2350 3030 2420 quia
3049 2350 3428 2420 caputvirum
3453 2348 3725 2413 habebat,

2070 2439 2200 2494 ideo
2232 2440 2488 2509 primum
2520 2444 2698 2511 caput
2740 2439 3024 2510 ignoravit
3060 2456 3072 2492 :
3109 2439 3207 2492 sed
3240 2453 3371 2492 cum
3420 2438 3638 2492 mundo
3670 2442 3727 2491 et

2073 2532 2295 2582 naturas
2330 2528 2639 2599 paululum
2680 2528 3093 2595 ministrasset,
3127 2532 3182 2581 et
3214 2532 3501 2597 quantum
3534 2526 3728 2582 carnis

2071 2614 2159 2670 lex
2207 2615 2455 2681 volebat,
2488 2616 2575 2671 vel
2626 2616 2675 2671 is
2727 2618 2945 2687 potius,
2979 2616 3078 2687 qui
3128 2617 3280 2671 hanc
3331 2616 3491 2670 carni
3540 2615 3726 2686 legem

2069 2704 2300 2774 indixit,
2341 2710 2523 2759 totam
2576 2723 2637 2761 se
2684 2705 2801 2761 Deo
2848 2705 3228 2760 consecravit.
3265 2705 3545 2775 Quodque
3597 2703 3725 2775 pul-

2070 2792 2428 2847 cherrimum
2463 2799 2521 2848 et
2560 2794 3046 2849 honestissimum
3089 2799 3196 2859 est,
3235 2793 3513 2848 maritum
3546 2794 3724 2848 etiam

2069 2881 2142 2935 ad
2174 2898 2236 2936 se
2269 2882 2565 2952 pertraxit,
2594 2898 2658 2937 ac
2684 2899 2798 2937 non
2832 2883 3237 2953 importunum
3271 2882 3599 2951 dominum,
3624 2882 3725 2936 sed

2067 2969 2287 3025 bonum
2322 2988 2667 3025 conservum
2699 2973 2924 3026 ascivit.
2954 2972 3068 3027 Nec
3096 2972 3151 3025 id
3186 2971 3490 3040 duntaxat,
3525 2987 3723 3025 verum

2067 3060 2325 3130 corporis
2360 3076 2593 3130 quoque
2626 3061 2900 3126 fructum,
2929 3060 3036 3114 hoc
3066 3063 3156 3114 est
3188 3060 3339 3113 filios
3371 3064 3427 3113 et
3460 3063 3723 3130 nepotes,

2065 3148 2311 3220 spiritus
2346 3149 2598 3204 fructum
2626 3148 2834 3213 etfacit,
2860 3154 2925 3204 ut
2946 3164 3067 3220 quae
3096 3163 3281 3220 genus
3313 3153 3525 3212 totum,
3549 3153 3604 3203 et
3629 3148 3727 3203 do-

2067 3253 2229 3292 mum
2264 3242 2445 3292 totam
2474 3237 2629 3291 haud
2654 3238 2820 3292 aliter
2845 3253 2911 3292 ac
2936 3237 3192 3292 animam
3216 3254 3394 3291 unam
3417 3236 3533 3291 Deo
3565 3238 3721 3307 puri-

1581 3327 1771 3395 ἑαυτὴν
1834 3328 1952 3399 μὶν,
1985 3300 2027 3365 C
2066 3325 2341 3395 ﬁcaverit,
2358 3343 2422 3381 ac
2446 3327 2887 3382 matrimonium
2912 3327 3105 3397 ipsum
3128 3343 3227 3397 per
3248 3327 3426 3381 vitam
3449 3326 3507 3379 in
3529 3326 3727 3381 matri-

2066 3416 2263 3471 monio
2297 3421 2406 3470 Deo
2438 3422 2663 3488 gratam
2696 3420 2753 3472 et
2790 3422 3087 3487 acceptam
3120 3415 3565 3487 pulchramque,
3596 3432 3725 3485 quae

2064 3503 2201 3559 inde
2250 3505 2487 3575 prodiit,
2520 3504 2801 3575 sobolem,
2836 3505 3129 3560 laudabile
3176 3504 3515 3570 reddiderit,
3548 3508 3723 3574 atque

2063 3592 2320 3664 seipsam
2367 3593 2626 3665 quidem,
2660 3595 2799 3648 dum
2833 3594 2993 3660 vixit,
3027 3594 3263 3649 virtutis
3307 3593 3500 3648 omnis
3529 3608 3723 3648 exem-

2063 3680 2192 3752 plar
2237 3681 2436 3738 liberis
2487 3684 2613 3737 suis
2662 3683 3057 3754 proposuerit;
3094 3687 3475 3753 posteaquam
3527 3685 3721 3735 autem

2064 3770 2248 3824 accita
2282 3775 2390 3835 est,
2424 3770 2780 3826 voluntatem
2814 3787 2982 3825 suam
3017 3771 3215 3826 domui
3248 3786 3365 3825 suas
3396 3769 3554 3823 velut
3583 3768 3722 3822 taci-

2063 3862 2184 3927 tam
2217 3859 2675 3914 cobortationem
2711 3864 2843 3929 post
2869 3875 2930 3912 se
2963 3858 3281 3927 reliquerit.

2134 3946 2221 4001 IX.
2259 3946 2566 4001 Enimvero
2616 3947 2848 4001 divinus
2906 3944 3179 4000 Salomon
3234 3944 3293 3999 in
3352 3944 3723 4015 paedagogica

2062 4035 2367 4106 sapientia,
2394 4035 2502 4089 hoc
2552 4041 2640 4089 est
2683 4035 2741 4088 in
2785 4034 3111 4089 Proverbiis
3136 4034 3200 4100 ιδ,
3233 4032 3511 4087 feminam
3562 4019 3721 4087 domi

2062 4132 2414 4192 manentem,
2434 4123 2743 4194 virumque
2767 4127 3061 4178 amantem
3093 4121 3314 4189 laudat,
3344 4138 3409 4175 ac
3443 4121 3583 4176 foris
3616 4122 3717 4177 ob-

2062 4213 2281 4267 erranti
2328 4218 2384 4267 et
2436 4211 2743 4282 petulanti,
2776 4214 2950 4282 atque
2999 4210 3228 4278 infami,
3262 4210 3721 4282 meretriciisque

2061 4302 2326 4372 gestibus
2357 4306 2413 4356 et
2453 4300 2791 4356 nominibus
2842 4302 3125 4370 pretiosas
3174 4301 3404 4356 animas
3434 4299 3716 4371 captanti,

2062 4406 2189 4445 eam
2224 4389 2485 4461 opponit,
2509 4406 2635 4461 qua:
2658 4389 2902 4445 honeste
2931 4389 3094 4445 intus
3120 4401 3383 4445 versatur
3412 4406 3479 4445 ac
3510 4388 3717 4445 mulie-

2062 4482 2187 4536 bria
2220 4481 2413 4536 ofﬁcia
2442 4480 2593 4535 virili
2638 4482 2835 4536 animo
2871 4481 3228 4552 exsequitur,
3252 4481 3405 4537 228
3452 4496 3714 4551 semper-

2062 4587 2172 4641 que
2203 4571 2275 4625 ad
2308 4570 2501 4625 fusum
2540 4587 2752 4625 manus
2794 4570 3087 4636 obﬁrmat,
3112 4575 3166 4625 et
3197 4569 3461 4641 duplices
3505 4570 3713 4624 marito

303 4652 528 4728 χλαίνας
560 4658 1063 4731 παρασκευάζουσαν
1122 4660 1237 4731 (71)
1270 4678 1281 4689 ·
1342 4656 1656 4729 ὠνουμένην
1718 4655 1773 4711 δὲ
1819 4661 1953 4713 κατὰ

2072 4664 2251 4713 vestes
2284 4658 2515 4713 coniicit
2548 4676 2561 4713 :
2597 4663 2772 4728 atque
2820 4658 3160 4730 tempestive
3209 4674 3414 4729 agrum
3466 4655 3625 4723 emit,
3659 4662 3714 4712 et

301 4743 484 4815 καιρὸν
518 4740 800 4819 γεώργιον,
833 4751 1158 4820 σιτηγοῦσαν
1193 4743 1249 4800 δὲ
1298 4744 1480 4806 καλῶς
1526 4750 1645 4806 τοῖς
1696 4745 1949 4815 οἰκέταις,

303 4829 502 4905 πλήρει
558 4830 615 4889 δὶ
670 4833 906 4908 τραπέζῃ
972 4835 1096 4897 τοὺς
1155 4834 1348 4912 φίλους
1427 4832 1802 4906 δεξιουμένην,
1861 4836 1950 4891 καὶ

300 4915 478 4973 τᾶλλα
508 4920 602 4976 ὅσα
630 4924 729 4990 τήν
765 4923 1018 5000 σώφρονα
1047 4923 1136 4978 καὶ
1169 4922 1422 5002 φιλεργὸν
1457 4922 1653 4984 ἐκεῖνος
1710 4924 1951 4998 ἀνύμνη-

372 5048 414 5082 ¹⁸
444 5048 605 5106 Prov.
637 5068 792 5118 xxxx,
830 5054 896 5107 10
925 5069 1086 5123 seqq.

298 5191 640 5313 uigili”,
688 5192 874 5263 αὐτήνο
926 5196 1103 5267 Ηθεε-
1157 5197 1276 5259 bm.
1334 5196 1435 5260 hil.
1474 5196 1569 5250 Or.
1606 5198 1656 5264 1,
1690 5197 1803 5251 Jes.
1835 5196 1951 5249 καθ’

410 5473 705 5506 :Oi.".\..2£-
765 5480 882 5506 nn...
936 5480 1028 5506 ιη...
1091 5474 1202 5506 2.-.:

368 5480 479 5547 ((33)
514 5476 723 5547 Ἀηδές.
764 5480 900 5551 Reg.
936 5480 1055 5549 bm,
1088 5476 1278 5537 ἀειδὲς.

503 5549 732 5669 ἐξὲξ-ς.
766 5552 860 5606 Sic
902 5553 1073 5623 Regg.
1112 5569 1163 5618 a,
1199 5552 1318 5617 bm,
1353 5551 1454 5619 hu,
1488 5556 1543 5606 et
1573 5552 1665 5606 Or.
1697 5554 1741 5607 1.
1786 5553 1949 5606 Deest

293 5623 377 5684 τό,
410 5623 468 5673 in
503 5623 693 5676 editis.

298 5692 481 5810 {1:62)
530 5692 669 5759 MvﬁO‘
727 5690 926 5766 ἓτερον.
990 5691 1129 5764 Reg.
1189 5692 1319 5759 bm,
1370 5697 1428 5747 et
1485 5692 1584 5747 Or.
1644 5694 1688 5761 1,
1746 5693 1820 5764 μὴ
1886 5693 1945 5747 τὸ

325 5778 499 5835 τερον.

2064 4747 2301 4803 famulis
2332 4748 2493 4803 cibos
2539 4747 2744 4803 sedulo
2793 4746 3147 4819 suppeditat,
3178 4764 3243 4801 ac
3294 4746 3459 4818 plena
3512 4763 3715 4801 mensa

2062 4838 2281 4893 amicos
2313 4837 2543 4909 excipit,
2569 4841 2890 4908 caeteraque
2936 4838 3134 4893 omnia
3178 4842 3432 4907 prastat,
3458 4852 3585 4906 qua:
3615 4835 3712 4890 ille

2063 4928 2133 4981 de
2166 4926 2412 4981 honesta
2451 4932 2507 4980 et
2552 4926 2844 4981 industria
2898 4932 3166 4980 matrona
3214 4924 3563 4995 praedicavit.
3596 4924 3711 4996 Ego

2134 5197 2245 5269 (66)
2278 5196 2433 5248 Ὠστι
2478 5196 2673 5269 εἶναι...
2723 5194 2901 5250 παντί.
2946 5196 3043 5252 Or.
3079 5198 3128 5259 1,
3158 5193 3231 5255 ὡς
3266 5193 3396 5248 εἶναι
3432 5196 3571 5267 Reg.
3606 5195 3709 5263 hu,

2060 5267 2233 5323 Coisl.
2272 5271 2294 5322 1
2332 5275 2387 5323 et
2416 5270 2472 5329 3,
2504 5268 2692 5339 πάντῃ,

2154 5341 2243 5403 67)
2275 5343 2385 5397 Τις.
2422 5339 2609 5394 Deest.
2641 5337 2697 5393 in
2733 5339 2906 5393 Coisl.
2947 5341 2990 5407 1,
3026 5344 3080 5392 et
3110 5337 3227 5391 Jes.

2150 5412 2242 5475 68)
2277 5410 2453 5481 Λέγω.
2488 5412 2659 5465 beest
2689 5411 2746 5464 in
2782 5411 2957 5479 Regg.
2994 5429 3043 5473 a,
3072 5411 3195 5481 bm,
3239 5408 3338 5476 hu,
3373 5412 3429 5462 et
3457 5408 3575 5462 Jes.

2150 5484 2239 5551 69)
2274 5478 2504 5551 Ἀτίμῳ.
2541 5481 2708 5536 Coisl.
2751 5484 2799 5548 1,
2829 5478 3169 5551 ἠτιμωμένῃ.

2150 5484 2239 5551 69)
2274 5484 2504 5551 Ἀτίμῳ.
2541 5484 2708 5536 Coisl.
2751 5484 2799 5548 1,
2829 5484 3169 5551 ἠτιμωμένῃ.

2128 5484 2241 5694 (70)
2274 5552 2590 5625 Ἀτρακτον.
2625 5554 2719 5608 Or.
2758 5555 2806 5617 1,
2841 5559 2893 5606 et
2926 5556 3063 5619 Jes.,
3094 5549 3360 5623 ἀτράκτῳ.

2128 5626 2210 5691 (71
2303 5625 2832 5694 Παρασκευάζουσαν.
2902 5624 3040 5694 Reg.
3110 5623 3212 5692 bu,
3281 5641 3360 5673 xor

2054 5714 2170 5750 σαν.

2303 5618 2832 5696 Παρασκευάζουσαν.
2902 5624 3040 5696 Reg.
3110 5618 3212 5692 hil,
3281 5618 3708 5690 κατασκευάζου-
