4146 6290
393 471 510 531 799

1629 456 1693 516 S.
1742 453 2115 515 GREGORII
2165 454 2561 516 THEOLOGI

3682 457 3802 520 800

392 618 546 668 vero,
571 600 616 654 si
651 599 722 653 ab
752 597 844 652 his
877 595 1050 651 rebus
1095 607 1352 650 sororem
1402 589 1659 652 laudem,
1682 585 1920 658 perinde
1952 585 2040 640 fa-

2176 603 2259 638 rsv'
2295 585 2436 658 Ἐγὼ
2469 581 2525 639 δὲ
2555 585 2600 639 εἰ
2631 585 2736 640 ἀπο
2765 607 2971 641 τουτων
3005 586 3282 658 ἐπαινοίην
3335 592 3446 662 (72)
3494 590 3594 657 τὴν
3645 586 3774 644 ἀδελ

395 691 646 752 ciam,ut
677 687 725 741 si
758 688 830 741 ab
862 686 1069 739 umbra
1099 687 1374 746 statuam,
1396 684 1495 734 aut
1517 679 1586 732 ab
1611 676 1908 748 unguibus
1930 674 2042 728 leo-

395 795 527 834 nem
564 777 819 840 laudem,
843 773 1059 829 relictis
1092 769 1417 840 majoribus
1447 768 1621 822 rebus
1655 770 1710 820 et
1740 763 2042 836 perfectio-

397 866 869 930 ribus.0uaanam
896 877 1150 932 unquam
1172 859 1403 930 dignior
1426 857 1683 926 luit,qua2
1711 851 2045 908 videretur?

396 958 671 1022 Quaenam
695 959 888 1008 tamen
923 952 1122 1005 minus
1145 949 1268 1002 visa
1289 954 1396 1014 est,
1417 951 1614 1016 utpote
1642 961 1768 1014 quas
1799 959 1860 997 se
1891 940 2042 996 viro-

398 1062 527 1100 rum
560 1043 861 1099 obtutibus
894 1041 1251 1094 inaccessam
1281 1034 1574 1090 servaret?
1596 1035 1868 1098 Quaenam
1901 1047 2040 1084 ma:-

397 1134 572 1190 stitize
602 1139 777 1203 atque
808 1128 1121 1185 hilaritatis
1154 1126 1390 1181 modum
1428 1122 1636 1179 melius
1667 1120 1954 1192 cognovit,
1981 1123 2045 1174 ut

399 1239 504 1278 nec
535 1220 810 1276 mmstitia
845 1219 1187 1279 inhumana,
1213 1231 1316 1268 nec
1339 1212 1612 1267 mollities
1644 1211 1860 1264 lasciva
1887 1208 2045 1262 vide-

400 1316 575 1376 retur,
601 1325 801 1364 verum
835 1307 1016 1362 altera
1048 1303 1385 1376 prudentim,
1421 1300 1602 1355 altera
1629 1298 1887 1354 lenitatis
1916 1297 2046 1352 lau-

399 1401 531 1455 dem
583 1399 890 1461 obtineret,
927 1400 1103 1466 atque
1161 1394 1268 1447 hoc
1317 1390 1611 1445 modestize
1657 1387 1812 1442 velut
1843 1402 2048 1440 norma

398 1493 573 1555 esset,
594 1487 873 1542 nimirum
899 1483 1263 1539 humanitate
1284 1497 1414 1534 cum
1440 1478 1620 1533 animi
1647 1476 2048 1547 magnitudine

399 1580 714 1648 conjuncta
737 1581 796 1630 et
820 1572 1182 1644 temperata?
1207 1569 1434 1630 Audite,
1462 1567 1756 1632 mulieres,
1783 1581 2049 1635 quaecun-

399 1683 511 1740 que
541 1665 720 1720 nimio
753 1661 1158 1719 ostentationis
1191 1659 1384 1713 studio
1417 1661 1471 1711 et
1492 1655 1717 1710 desidia
1747 1652 2046 1722 laboratis,

399 1773 466 1812 ac
497 1753 738 1826 pudoris
769 1752 962 1807 velum
995 1748 1386 1805 contemnitis.
1411 1749 1682 1811 Quaenam
1733 1742 1932 1798 oculos
1973 1742 2049 1797 ita

402 1843 690 1900 frenavit?
723 1843 994 1905 Quisnam
1059 1841 1239 1892 risum
1302 1838 1380 1889 ita
1437 1835 1639 1897 irrisit,
1674 1833 1816 1887 adeo
1858 1836 1922 1884 ut
1961 1830 2049 1884 vel

397 1933 610 1989 leniter
657 1929 988 1996 subrisisse,
1039 1928 1279 1981 nimium
1345 1940 1488 1995 pene
1548 1923 1658 1993 ipsi
1717 1920 2051 1975 videretur?

405 2025 676 2088 Quaenam
706 2019 946 2074 auribus
970 2020 1184 2086 januas
1209 2014 1394 2085 magis
1425 2011 1743 2082 imposuit?
1774 2012 2048 2074 Qumnam

406 2127 611 2166 rursus
643 2125 742 2164 eas
772 2107 966 2162 divino
997 2104 1252 2161 sermoni
1285 2103 1473 2174 magis
1517 2099 1803 2172 patefecit,
1829 2098 1915 2153 vel
1948 2115 2051 2169 po-

404 2199 541 2264 tius,
569 2215 837 2269 quaanam
888 2196 1121 2266 linguae,
1145 2194 1214 2248 ad
1248 2191 1604 2247 enarrandas
1639 2188 1734 2243 Dei
1759 2187 2049 2258 justifica-

403 2289 614 2352 tiones,
649 2290 905 2341 mentem
939 2285 1144 2338 ducem
1191 2281 1376 2351 magis
1431 2278 1725 2350 praefecit?
1774 2279 2050 2343 Quaanam

404 2377 669 2433 ordinem
700 2375 873 2430 labiis
904 2389 1063 2444 teque
1095 2369 1453 2442 praescripsit
1480 2369 1507 2421 ‘?

475 2466 540 2520 X.
572 2465 762 2519 Vultis
793 2481 858 2518 ex
890 2461 1048 2516 illius
1086 2461 1361 2514 laudibus
1402 2459 1510 2512 hoc
1555 2472 1786 2527 quoque
1818 2454 2010 2509 dicam
2037 2471 2049 2520 ;

407 2554 562 2626 quod
595 2552 694 2607 illa
721 2551 956 2622 quidem
991 2548 1134 2604 nihil
1186 2547 1528 2612 aestimabat,
1555 2544 2054 2615 quemadmodum

409 2659 514 2698 nec
547 2657 911 2714 quaecunque
960 2653 1086 2693 vere
1128 2637 1347 2707 pudicae
1380 2641 1551 2704 atque
1584 2631 1846 2687 honestis
1879 2631 2055 2684 mori-

413 2733 523 2787 bus
555 2730 802 2802 prmditze
851 2733 1017 2790 sunt;
1055 2728 1270 2781 factum
1323 2729 1410 2777 est
1458 2730 1649 2776 tamen
1687 2737 1886 2776 earum
1919 2719 2055 2773 vitio

411 2837 542 2891 quae
571 2823 812 2874 ornatus
843 2822 898 2872 et
929 2814 1225 2885 elegantiae
1275 2813 1457 2866 nimio
1506 2811 1700 2865 studio
1741 2811 2058 2875 ducuntur,

413 2926 517 2964 nec
547 2903 769 2976 eorum,
792 2906 890 2977 qui
925 2907 994 2960 ab
1031 2905 1119 2958 his
1155 2904 1326 2957 rebus
1360 2901 1652 2955 abstinere
1685 2901 1911 2962 docent,
1939 2913 2058 2950 ser-

412 3015 582 3053 mone
605 3002 950 3068 purgantur,
971 2998 1033 3046 ut
1055 2993 1162 3046 hoc
1187 3006 1465 3060 magnum
1490 2993 1546 3043 et
1571 2988 1910 3058 pmclarum
1936 3001 2060 3040 esse

409 3087 691 3141 videatur.
719 3085 843 3138 Non
877 3083 1035 3136 illam
1070 3097 1278 3135 aurum
1329 3085 1450 3133 arte
1500 3078 1566 3130 ad
1623 3077 1892 3131 eximiam
1927 3073 2063 3146 pul-

410 3174 804 3230 chritudinem
839 3170 1203 3226 elaboratum
1239 3167 1483 3233 ornavit,
1520 3183 1631 3219 non
1673 3165 1826 3219 flava:
1860 3180 2060 3230 comas,

410 3271 536 3318 tum
596 3262 972 3333 pellucentes,
1026 3265 1152 3312 tum
1186 3257 1579 3319 sublucentes,
1638 3271 1752 3308 non
1812 3253 2062 3306 crinium

2080 1959 2127 2022 B

2149 674 2278 749 φῆν,
2313 673 2417 726 ἀπὸ
2446 681 2548 742 τῆς
2581 681 2732 736 σκιᾶς
2763 678 2873 745 (73)
2921 678 2977 730 ἂν
3028 677 3306 746 ἐπαινοίην
3355 679 3444 732 τὸν
3494 675 3797 751 ἀνδριάντα,

2149 763 2183 830 ἢ
2217 761 2324 815 ἀπὸ
2372 766 2477 815 τῶν
2531 763 2744 838 ὀνύχων
2805 766 2894 818 τὸν
2945 763 3156 832 λέοντα,
3192 766 3380 841 παρεὶς
3410 767 3475 820 τὰ
3510 766 3676 838 μείζω
3710 767 3799 819 καὶ

2148 849 2469 925 τελεώτερα·
2504 851 2592 913 Τίς
2627 853 2721 924 μὲν
2770 853 2836 921 ἦν
2900 853 3176 930 φαίνεσθαι
3238 853 3447 927 μᾶλλον
3496 853 3652 927 ἀξία;
3711 856 3800 916 Τίς

2153 937 2210 994 δὲ
2239 941 2400 1006 ἧττον
2432 939 2620 1016 ἐφάνη,
2655 942 2741 995 καὶ
2779 943 3065 1015 ἀπρόσιτον
3112 947 3226 1016 (74)
3284 942 3546 1019 ἐτήρησεν
3605 944 3799 1012 ἑαυτὴν

2153 1025 2358 1102 ἀνδρῶν
2417 1024 2640 1102 ὄψεσινς
2699 1031 2788 1092 Τίς
2848 1030 3058 1103 μᾶλλον
3117 1028 3256 1106 ἔγνω
3306 1033 3472 1105 μέτρα
3513 1032 3802 1109 κατηφείας

2150 1138 2208 1171 τε
2239 1116 2325 1171 καὶ
2356 1115 2736 1194 φαιδρότητος,
2769 1119 2842 1180 ὡς
2893 1121 3030 1191 μήτε
3076 1120 3137 1173 τὸ
3186 1122 3298 1194 (75)
3342 1121 3578 1197 κατηφὶς
3637 1121 3801 1174 ἀπάν-

2153 1207 2367 1280 θρωπον
2398 1203 2596 1278 δοκεῖν,
2653 1209 2791 1277 μήτε
2838 1209 2900 1261 τὸ
2943 1209 3056 1261 καθ’
3084 1208 3289 1263 ἁπαλὸν
3324 1211 3434 1280 (76)
3480 1206 3804 1280 ἀκόλαστον,

2153 1293 2299 1349 ἀλλά
2344 1293 2406 1349 τὸ
2459 1295 2553 1366 μὲν
2609 1297 2840 1367 συνετὸν,
2883 1297 2946 1350 τὸ
2996 1293 3052 1350 δὶ
3099 1299 3325 1373 ἥμερον,
3367 1297 3455 1351 καὶ
3488 1296 3612 1371 ὅρον
3645 1303 3804 1352 τοῦτο

2155 1385 2288 1436 εἶναι
2343 1383 2726 1456 κοσμιότητος,
2785 1385 3072 1457 κραθέντος
3131 1390 3227 1438 τοῦ
3287 1384 3676 1461 φιλανθρώπου
3728 1385 3807 1457 τῷ

2155 1471 2530 1545 ἀναστήματι;
2580 1473 2828 1527 Ἀκούετε
2873 1478 2979 1527 τῶν
3007 1478 3272 1548 γυναικῶν
3328 1473 3443 1528 ὅσαι
3507 1472 3627 1528 λίαν
3699 1474 3808 1528 ἐπι-

2158 1558 2416 1615 δεικτικαὶ
2447 1562 2535 1615 καὶ
2559 1561 2790 1636 ῥᾴθυμοι
2825 1565 2958 1633 (77),
2989 1562 3080 1616 καὶ
3121 1562 3183 1616 τὸ
3242 1561 3508 1635 κάλυμμα
3563 1570 3662 1632 τῆς
3723 1564 3809 1617 αἷ-

2160 1645 2284 1709 δοῦς
2317 1650 2693 1721 ἀτιμάζουσαι,
2727 1649 2816 1710 Τίς
2854 1650 2948 1721 μὲν
2999 1649 3172 1710 οὕτως
3230 1649 3514 1726 ὅφθαλμὸν
3567 1650 3808 1729 ἐσωφρό-

2158 1758 2296 1790 νισεν
2325 1757 2338 1806 ;
2370 1737 2458 1798 Τίς
2495 1735 2550 1791 δὲ
2582 1741 2839 1791 τοσοῦτον
2870 1736 3112 1812 γέλωτος
3143 1737 3520 1812 κατεγέλασεν,
3563 1739 3638 1801 ὡς
3675 1740 3812 1815 μέγα

2160 1823 2334 1880 δοκεῖν
2369 1825 2541 1900 ἐκείνῃ
2573 1827 2659 1880 καὶ
2703 1827 2879 1898 ὁρμὴν
2913 1828 3023 1899 (78)
3085 1823 3478 1899 μειδιάματος;
3524 1827 3616 1890 Τίς
3667 1828 3809 1900 μᾶλ-

2161 1914 2254 1970 λον
2306 1915 2443 1985 ἀκοῇ
2489 1915 2648 1988 θύρας
2700 1914 2993 1993 ἐπέθηκεν;
3042 1915 3127 1977 τίς
3161 1913 3219 1969 δὲ
3247 1921 3366 1976 τοῖς
3396 1916 3561 1979 θείοις
3617 1916 3812 1991 λόγοις

2160 2003 2380 2076 ἦνέιρξε,
2417 2002 2628 2075 μᾶλλον
2663 2001 2739 2073 δὲ,
2771 2003 2852 2064 τίς
2883 2008 3006 2057 νοῦν
3047 2007 3160 2076 (79)
3219 2003 3503 2074 ἐπέστησεν
3563 2006 3811 2080 ἡγεμόνα

2158 2091 2378 2167 γλώσσῃ
2407 2090 2594 2146 λαλεῖν
2627 2095 2732 2163 (80)
2762 2095 2827 2146 τα
2857 2097 2950 2146 τοῦ
2981 2097 3115 2147 Θεοῦ
3147 2090 3521 2166 δικαιώματα;
3553 2093 3644 2155 Τίς
3663 2093 3811 2164 τάξιν

2162 2181 2333 2242 οὕτως
2367 2180 2642 2235 ἐστείλατο
2675 2179 2915 2256 χείλεσιν
2942 2201 2953 2250 ;

2235 2451 2286 2504 l"
2330 2445 2482 2502 Ei'nw
2514 2448 2600 2502 καὶ
2631 2452 2790 2502 τοῦτο
2827 2447 3086 2523 βούλεσθε
3114 2453 3222 2503 τῶν
3256 2449 3459 2519 ἐκείνης
3477 2447 3721 2504 καλῶν·ὅ
3747 2451 3818 2520 τῇ

2169 2537 2261 2609 μὶν
2292 2534 2432 2606 ἄξιον
2467 2534 2681 2598 οὐδενὸς
2712 2539 2820 2610 (81)
2853 2535 3047 2606 ἐδόκει,
3082 2536 3196 2592 οὐδ’
3228 2537 3345 2592 ὅσαι
3377 2539 3652 2613 σώφρονες
3677 2537 3816 2606 ἀληο

2167 2628 2276 2687 θῶς
2308 2627 2395 2680 καὶ
2427 2626 2648 2698 κόσμιαι
2680 2628 2770 2680 τὸν
2802 2627 3002 2702 τρόπον
3031 2648 3042 2659 ·
3083 2625 3215 2702 μέγα
3237 2625 3294 2681 δὲ
3316 2625 3490 2680 δοκεῖν
3519 2629 3820 2696 πεποιήκα-

2167 2737 2247 2768 σιν
2283 2716 2335 2768 αἱ
2368 2713 2487 2769 λίαν
2523 2713 2853 2792 φιλόκοσμοι
2887 2717 2976 2769 καὶ
3023 2713 3314 2792 φιλόκαλοι
3364 2715 3452 2769 λαὶ
3489 2713 3612 2768 οὐδὲ
3663 2715 3818 2790 λόγῳ

2166 2803 2550 2879 καθαιρόμεναι
2582 2809 2688 2857 τῶν
2714 2803 2780 2857 τά
2825 2808 3048 2858 τοιαῦτα
3097 2799 3517 2858 ἐκπαιδευόντων
3565 2805 3698 2875 (82).
3734 2802 3816 2858 Οὐ

2169 2893 2374 2968 χρυσὸς
2423 2891 2630 2962 ἐκείνην
2681 2891 2949 2964 ἐκόσμησε
2991 2893 3158 2967 τέχνῃ
3187 2891 3438 2961 πονηθεὶς
3469 2890 3543 2950 εἷς
3572 2888 3814 2952 κάλλους

2167 2980 2496 3055 περιουσίαν,
2546 2980 2606 3034 οὗ
2657 2981 2836 3050 ξανθαὶ
2884 2979 3221 3054 πλοκαμίδες
3265 2979 3672 3058 διαφαινόμεναι
3705 2982 3822 3053 (83)

2168 3090 2226 3124 τε
2254 3069 2342 3122 καὶ
2377 3067 2818 3146 ὑποφαινόμεναι,
2868 3069 2955 3122 καὶ
3010 3069 3328 3146 βοστρύχων
3375 3066 3578 3135 ἕλικες,
3609 3071 3699 3122 καὶ
3730 3089 3822 3121 σο-

2172 3159 2410 3236 φίσματα
2469 3157 2937 3228 σκηνοποιοῦντων
2998 3159 3094 3226 τήν
3165 3157 3351 3230 τιμίαν
3411 3155 3654 3234 κεφαλήν
3711 3155 3825 3209 ἀτι-

2179 3247 2403 3319 μότατα,
2457 3246 2555 3300 οῦκ
2615 3245 2835 3315 ἐσθῆτος
2911 3245 3302 3322 περιρῥεούσης
3378 3245 3469 3300 καὶ
3535 3242 3824 3320 διαφανοῦς

410 3352 570 3418 nodi,
604 3356 659 3404 et
689 3351 1046 3420 imposturae,
1089 3347 1405 3418 pretiosum
1452 3348 1626 3414 caput
1668 3359 1900 3395 summa
1930 3357 2059 3395 cum

2178 3333 2524 3407 πολυτέλεια,
2585 3335 2646 3389 οῦ
2708 3334 2876 3398 λίθων
2933 3335 3090 3410 αὐγαὶ
3117 3337 3207 3389 καὶ
3265 3336 3487 3410 χάριτες
3519 3339 3824 3410 χρωννῦσαι

412 3439 656 3495 infamia
686 3454 920 3494 scenam
955 3435 1356 3496 efficientium,
1384 3449 1497 3486 non
1523 3429 1986 3484 circumfluentis
2017 3432 2072 3482 et

413 3527 715 3600 pellucidae
747 3527 924 3580 vestis
955 3522 1409 3594 magnificentia,
1437 3538 1550 3574 non
1584 3519 1845 3589 lapidum
1879 3517 2073 3588 splen-

415 3619 586 3672 dores
617 3621 673 3670 et
702 3614 922 3686 gratiae,
961 3611 1351 3682 propinquum
1387 3626 1579 3663 aerem
1627 3608 1971 3675 colorantes,
2005 3623 2070 3660 ac

415 3708 660 3761 formam
676 3704 898 3758 lumine
913 3701 1467 3757 circumlundentes;
1486 3715 1595 3751 non
1615 3698 1899 3768 pictarum
1917 3700 2071 3749 artes

415 3801 471 3851 et
503 3793 812 3866 prestigize,
849 3792 1002 3847 2‘24
1036 3806 1099 3843 ac
1133 3787 1264 3842 vilis
1306 3793 1362 3842 et
1409 3803 1581 3857 parvo
1615 3791 1889 3839 constans
1938 3783 2070 3849 pul-

415 3883 709 3947 chritudo,
744 3888 1123 3949 terrenusque
1160 3879 1341 3942 lictor,
1378 3877 1433 3928 in
1485 3875 1840 3928 contrarium
1896 3872 2069 3927 fabri-

418 3990 578 4037 cans,
615 3970 1034 4037 insidiosisque
1066 3967 1356 4022 coloribus
1388 3965 1479 4018 Dei
1517 3966 1857 4030 ﬁgmentum
1890 3963 2073 4016 obdu-

421 4077 578 4127 cens,
603 4068 657 4114 et
681 4076 779 4128 per
812 4060 1089 4112 honorem
1119 4054 1420 4110 infamiam
1447 4055 1708 4114 inurens,
1727 4069 1790 4104 ac
1813 4051 2070 4104 divinam

423 4149 668 4204 formam
704 4145 1097 4199 meretricium
1124 4143 1464 4214 procacibus
1487 4140 1670 4195 oculis
1695 4140 1913 4192 idolum
1942 4157 2071 4210 pro-

422 4252 663 4308 ponens,
684 4241 749 4288 ut
775 4232 1102 4288 adulterina
1125 4231 1499 4304 pulchritudo
1524 4228 1847 4283 naturalem
1873 4227 2069 4298 imagi-

423 4341 728 4394 nem,quaa
765 4325 875 4377 Deo
922 4339 986 4376 ac
1041 4323 1234 4375 futuro
1293 4335 1407 4372 aevo
1453 4323 1734 4383 servatur,
1761 4317 2069 4386 subripiat.

422 4413 634 4467 Verum
669 4428 800 4466 cum
849 4417 1116 4466 externos
1159 4408 1376 4462 multos
1421 4413 1477 4460 et
1521 4405 1709 4459 varios
1756 4405 2069 4458 mulierum

423 4506 665 4558 ornatus
696 4501 958 4571 cognitos
1012 4494 1518 4563 haberet,nullum
1572 4501 1764 4548 tamen
1811 4493 2071 4547 moribus

2177 3426 2267 3479 τὸν
2301 3423 2532 3493 πλησίον
2569 3423 2716 3498 ἀέρα,
2749 3425 2834 3478 καὶ
2868 3425 2961 3485 τὰς
3008 3425 3217 3501 μορφὰς
3279 3425 3391 3496 (84)
3444 3424 3828 3499 περιλάμπου-

2181 3534 2302 3567 σαι·
2340 3512 2402 3566 οῦ
2459 3512 2756 3589 ζωγράφων
2810 3511 2992 3586 τέχναι
3027 3515 3133 3584 (85)
3166 3512 3254 3565 καὶ
3303 3511 3674 3585 γοητεύματα,
3732 3511 3826 3564 καὶ

2176 3607 2238 3656 τὸ
2271 3601 2468 3655 εὔωνον
2500 3600 2707 3663 κάλλος
2739 3601 2825 3655 καὶ
2859 3603 2886 3655 ὁ
2917 3602 3150 3655 κάτωθεν
3201 3599 3450 3668 πλάστης
3507 3603 3622 3673 (86)
3678 3600 3830 3652 ἀντι-

2181 3688 2673 3765 δημιουργῶν,καὶ
2717 3689 3103 3764 κατακρῦπτων
3129 3688 3192 3743 τὸ
3257 3692 3353 3742 τοῦ
3411 3693 3544 3742 Θεοῦ
3602 3687 3832 3760 πλάσμα

2182 3775 2496 3839 ἐπιϐούλοις
2530 3780 2808 3853 χρώμασι,
2841 3778 2930 3832 καὶ
2963 3775 3049 3832 διά
3078 3785 3179 3846 τῆς
3208 3779 3374 3850 τιμῆς
3417 3777 3710 3851 αἰσχύνων,
3743 3775 3834 3829 καὶ

2181 3868 2456 3943 προτιθεὶς
2509 3869 2625 3940 (87)
2681 3867 2779 3932 τὴν
2841 3866 2979 3918 θείαν
3043 3866 3258 3942 μορφὴν
3317 3861 3546 3918 ε’ἰδωλον
3575 3863 3834 3936 πορνικὸν

2183 3956 2394 4032 λίχνοις
2428 3951 2688 4027 ὄμμασιν,
2717 3951 2808 4007 ⁹ίνα
2849 3953 3025 4026 κλέψῃ
3070 3953 3131 4006 τὸ
3175 3952 3326 4006 νόθον
3379 3951 3583 4013 κάλλος
3612 3952 3711 4019 τὴν
3737 3973 3837 4029 φυ-

2183 4046 2336 4111 σικὴν
2369 4044 2548 4098 εἰκόνα
2577 4043 2920 4114 τηρουμένην
2951 4046 3065 4111 Θεῷ
3094 4041 3182 4094 καὶ
3210 4046 3287 4112 τῷ
3321 4038 3602 4113 μέλλοντι.
3658 4038 3838 4095 Ἀλλά

2181 4131 2430 4193 πολλοὺς
2491 4133 2582 4204 μὲν
2628 4127 2746 4204 ᾔδει
2790 4131 2878 4184 καὶ
2939 4129 3224 4190 παντοίους
3275 4133 3537 4204 γυναικῶν
3593 4129 3835 4202 κόσμους

2179 4223 2304 4283 τοὺς
2364 4220 2572 4290 ἔξωθεν,
2629 4220 2956 4294 τιμιώτερον
3012 4215 3067 4273 δὲ
3127 4221 3236 4292 (88)
3293 4215 3480 4273 οὐδένα
3507 4222 3606 4272 τοῦ
3638 4219 3834 4286 ἑαυτῆς

2179 4312 2405 4386 τρόπου,
2466 4309 2554 4362 καὶ
2610 4316 2710 4376 τῆς
2769 4304 2916 4361 ἔνδον
2977 4307 3342 4379 ἀποκειμένης
3418 4306 3834 4381 λαμπρότητος.

2181 4404 2277 4456 ’Ἐν
2331 4401 2423 4470 μὲν
2485 4396 2700 4474 ἔρευθος
2757 4396 2930 4470 ἐκείνῃ
2987 4395 3170 4473 φίλον,
3222 4397 3284 4450 τὸ
3337 4399 3438 4464 τῆς
3481 4393 3705 4457 αἰδοῦς·
3739 4395 3838 4467 μία

2183 4487 2238 4543 δὲ
2297 4483 2580 4557 λευκότης,
2641 4488 2675 4554 ἡ
2725 4487 2870 4561 παρά
2926 4492 3027 4554 τῆς
3086 4484 3417 4560 ἐγκρατείας,
3463 4484 3567 4547 Τὰς
3617 4481 3674 4538 δὲ
3703 4505 3837 4559 γρα-

494 4648 607 4720 (72)
640 4644 971 4720 Ἐπαινοίην.
1029 4646 1132 4720 lta‘
1157 4648 1333 4713 Regg.
1369 4642 1487 4709 brn,
1532 4640 1632 4709 hu,
1666 4646 1782 4693 tres
1825 4639 1979 4694 Colb.
2016 4643 2059 4693 ei

2180 4640 2304 4720 Jes.;
2319 4635 2578 4720 unt,
2609 4629 2902 4720 καῖδκλεῖν,
2921 4655 2965 4720 ξ
3001 4631 3403 4720 celebrandas;
3430 4654 3458 4681 ››

421 4712 516 4779 Ol“.
554 4712 600 4773 ii
637 4720 761 4774 Par.
796 4719 886 4772 ed.
911 4712 1268 4783 έπαινοίμην.

495 4793 606 4864 (73)
642 4795 821 4864 Σκιᾶς.
858 4788 996 4864 Reg.
1033 4804 1084 4853 8.,
1121 4779 1176 4864 et
1207 4779 1377 4864 qusl.
1415 4785 1478 4864 1,.
1497 4779 1909 4864 αόιξμηῑ,1ἐπεί.

495 4852 607 4932 (74)
638 4865 734 4914 Καὶ
767 4852 1081 4932 ἀπρόσῖξον,
1117 4855 1387 4932 etc.__Hcec
1430 4856 1501 4908 ab
1530 4853 1862 4932 editoribus
1894 4852 2073 4905 omis-

425 4924 511 4998 sa,
545 4924 814 5004 quamvis
845 4924 878 5004 ιι
909 4930 1091 5004 Billio_
1107 4929 1333 5004 reddita
1365 4927 1421 5004 in
1458 4927 1644 5004 prima
1675 4924 1946 5004 editione.

428 5079 438 5089 '
497 4991 609 5089 (75)
639 5005 788 5071 Μήτε
817 5002 897 5055 τὸ.
937 5004 1030 5055 Sic
1065 5001 1202 5072 Reg.
1237 5000 1338 5068 hu,
1373 4991 1471 5052 Or:
1506 5001 1553 5066 t,
1588 5003 1643 5050 et
1672 5001 1788 5049 Jes.
1823 4996 1994 5048 Deest
2014 4991 2076 5045 τό

426 5077 609 5217 mag)
641 5145 762 5217 Καθ’
796 5141 1023 5217 ἁπαλόν.
1059 5143 1229 5217 Deest
1259 5140 1372 5201 καθ’
1409 5141 1463 5192 in
1516 5139 1693 5209 Regg.
1730 5138 1847 5205 bm,
1882 5137 1982 5199 hu,
2017 5136 2076 5189 in

425 5214 616 5276 tribus
647 5215 830 5284 Colb.,
865 5216 960 5270 Or.
1000 5217 1047 5279 1,
1081 5220 1137 5269 et
1164 5214 1282 5268 Jes.

637 5277 912 5360 Ῥᾴθυμοι,
970 5277 1108 5356 Reg.
1156 5287 1271 5351 lim,
1305 5287 1360 5335 et
1409 5282 1525 5335 Jes.
1560 5277 1851 5350 πρόθυμοι,
1886 5300 1913 5326 ‹‹
1950 5278 2076 5331 ala—

424 5368 877 5505 crigaStfo'Oppvﬁi.
933 5428 1026 5482 Sic
1085 5427 1224 5497 Reg.
1286 5424 1387 5491 hu,
1448 5427 1503 5477 et
1561 5421 1731 5476 Coisl.
1794 5423 1842 5476 1.
1903 5420 2075 5490 Editi,

426 5506 608 5647 ὁρξξιτίί)
641 5564 1251 5647 ξΠνὲῳξεημᾶλλονιδὲῑ,
1289 5564 1571 5647 οτίςῇνοῦν.
1611 5565 1785 5647 Regg.
1821 5564 1942 5647 bm'1
1973 5563 2075 5647 hu,

429 5635 525 5701 Or‘.
554 5635 603 5715 1,
625 5646 743 5715 Jes.
768 5635 969 5715 ξςεῑοιξξ.
1000 5645 1167 5715 Deest
1287 5637 1516 5715 in_Reg.
1547 5638 1666 5701 bm,
1699 5635 1799 5704 hu,
1822 5641 1874 5690 et
1904 5637 1995 5690 Or.
2025 5635 2075 5688 Ι.

430 5717 561 5786 Alii,
590 5706 800 5786 ἦνέῳξέ
819 5706 1032 5786 μᾶλλον
1058 5729 1070 5777 ;
1098 5709 1179 5770 τίς
1209 5706 1265 5762 δὲ
1293 5711 1436 5786 νοῦν.

502 5777 628 5859 (80)
650 5777 868 5840 Λάὶξεῖν.
903 5784 1108 5841 Billius
1138 5802 1150 5839 ε
1183 5802 1203 5830 ι
1240 5782 1310 5837 ad
1343 5781 1787 5852 exponendas.»
1814 5777 1908 5832 Or.
1945 5777 1996 5845 1,
2025 5779 2083 5830 et

2185 4707 2364 4830 $5083.)
2396 4695 2574 4776 Ἄξιον
2628 4700 2866 4764 οὐδενός.
2891 4695 2897 4698 ⁷
2921 4703 3060 4776 Reg.
3111 4703 3213 4773 hu,
3249 4703 3344 4758 Or.
3385 4704 3436 4770 1,
3469 4703 3587 4758 Jes.
3621 4695 3830 4758 οὐδενὸς

2398 4843 2878 4902 Ἐκπαίδευόντων.
2922 4869 2950 4895 ‹‹
3001 4845 3108 4910 Qui
3157 4845 3280 4899 haec
3333 4859 3505 4916 parva
3551 4857 3678 4898 esse
3729 4842 3835 4897 d0-

2185 4925 2833 5064 ce?§8)».kt_acaivdpevai.
2869 4987 3144 5064 BilliusL-
3181 4990 3552 5064 apparentes.
3573 5004 3599 5035 η

2257 5055 2368 5131 (84)
2399 5055 2521 5119 Τὰς’
2555 5055 2787 5136 μορφάς,
2847 5066 2956 5114 etc.
2997 5082 3023 5108 ‹‹
3079 5055 3319 5114 Formas
3376 5057 3604 5112 lumine
3659 5055 3840 5112 collu-

2188 5137 2461 5187 strantes.
2496 5153 2516 5180 υ

2402 5204 2615 5284 Ῑέχναι.
2653 5202 2804 5284 ΗΘΒ..
2829 5201 2928 5270 bu,
2961 5207 3017 5255 et
3047 5200 3158 5284 ρι’..
3181 5201 3230 5267 1,
3261 5197 3454 5272 τέχνη.

2259 5269 2371 5346 (86)
2405 5269 2648 5335 Kai-Ewesv
2698 5269 2967 5340 πλάστης.
2993 5294 3031 5346 «_
3053 5271 3158 5346 Qui
3189 5269 3385 5346 novos
3416 5269 3638 5346 colores
3670 5269 3839 5324 indu-

2188 5341 2314 5402 cere
2356 5341 2484 5401 'non
2545 5350 2835 5409 verentur,
2866 5349 2921 5398 et
2949 5342 3128 5398 veluti
3184 5341 3500 5414 θεομαχεῖν,
3535 5341 3687 5414 dum
3737 5357 3839 5394 su-

2191 5417 2350 5488 perni
2403 5417 2619 5472 lictoris
2679 5423 2869 5486 partes
2926 5419 3258 5482 assumunt,
3308 5412 3606 5483 novasque
3667 5412 3840 5467 facies

2189 5491 2463 5559 effingere
2497 5488 2835 5559 moliuntur.
2866 5508 2892 5533 ››

2259 5551 2372 5645 (87:)
2403 5556 2706 5632 Ηροτιθείς,
2735 5564 2848 5612 etc.
2885 5559 2942 5612 In
2975 5555 3068 5611 Or.
3099 5556 3146 5621 1,
3169 5571 3252 5628 γρ.
3285 5551 3597 5626 προστιθεῖς
3627 5556 3695 5624 τῇ
3729 5552 3845 5622 θείᾳ

2193 5651 2737 5784 ιῘθξῗΒιὲἓῖῐςιμιοῦτερον
2790 5695 2867 5752 δέ.
2917 5697 3010 5784 §ic
3060 5697 3237 5770 Regg.
3287 5697 3409 5764 bm,
3460 5696 3562 5766 hu,
3595 5695 3691 5751 0r.
3728 5697 3750 5749 1
3790 5701 3850 5750 et

2189 5765 2307 5830 Jes.
2342 5765 2513 5841 Editi,
2553 5765 2880 5845 τιμιώτερον
2918 5765 2985 5822 δ’.
