4146 6290
345 278 458 337 801

963 274 1254 335 ORATIO
1302 272 1459 332 Vlll.
1494 302 1570 314 —
1610 270 1684 329 IN
1733 268 2057 329 LAUDEM
2104 267 2435 327 SUHOltIS
2486 268 2663 329 SUAE
2709 270 3157 331 GORGUleE.

3642 275 3760 337 802

345 409 443 485 φὰς
494 407 582 462 καὶ
644 407 979 483 ὑπογραφάς,
1029 408 1119 462 καὶ
1168 404 1296 466 τοὺς
1356 407 1557 472 ζῶντας
1617 400 1863 470 πίνακας,
1904 398 1993 454 καὶ

2133 401 2253 466 tuis,
2279 406 2452 470 atque
2486 403 2642 456 intus
2674 404 2904 458 condito
2937 404 3265 477 splendore,
3292 409 3758 480 praestantiorem

342 498 440 564 τὴν
478 496 696 570 ῥέουσαν
728 495 1047 573 εὐμορφίαν,
1081 500 1201 555 ταῖς
1237 493 1323 547 ἐπὶ
1372 490 1605 566 θεάτρων
1652 492 1863 563 παρῆκε
1908 490 1996 542 καὶ

342 589 448 639 τῶν
481 581 738 660 τριόδων,
769 584 858 638 καὶ
889 584 1038 645 ὃσαις
1071 582 1304 656 αἰσχύνη
1335 580 1424 634 καὶ
1455 575 1663 639 ὄνειδος
1691 578 1754 632 τὸ
1803 576 1995 651 αἰσχύ-

347 685 549 736 νεσθαι.

2109 491 2476 561 agnoscebat.
2514 490 2674 546 Unus
2707 492 2789 545 illi
2824 493 3002 547 rubor
3044 494 3328 564 placebat,
3363 512 3537 566 quem
3573 499 3762 568 pudor

2108 579 2314 633 affert:
2349 596 2503 632 unus
2535 582 2772 649 candor,
2806 597 2982 651 quem
3017 583 3169 651 parit
3200 585 3580 638 continentia.
3615 587 3756 641 Nam

2107 667 2425 737 pigmenta,
2452 672 2510 722 et
2541 669 2724 732 fucos,
2751 686 2816 723 ac
2850 671 3004 724 vivas
3037 671 3289 737 tabulas,
3315 678 3368 726 et
3405 673 3620 728 fluxam
3646 675 3764 729 for-

352 781 456 819 mze
503 768 866 821 venustatem
899 762 1147 819 scenicis
1179 766 1234 816 et
1263 758 1592 814 trivialibus
1625 757 2011 828 relinquebat,
2045 757 2377 828 quibusque
2412 757 2685 828 probrum
2723 775 2786 812 ac
2819 759 3070 814 dedecus
3100 767 3189 814 est
3219 764 3578 818 erubescere.

421 880 525 935 IA'.
556 882 730 932 Ταῦτα
764 878 859 950 μὲν
893 874 960 945 δὴ
991 880 1214 930 τοιαῦτα
1238 892 1248 904 ⁸
1296 876 1393 942 τῆς
1444 871 1500 927 δὲ
1549 874 1864 949 φρονήσεως
1912 871 2002 924 καὶ

346 974 445 1036 τῆς
478 961 746 1028 εὐσεϐείας
780 966 880 1020 οὐκ
901 964 1039 1019 ἔστιν
1074 966 1187 1037 (89)
1229 962 1373 1023 ὅστις
1409 961 1466 1016 ἂν
1500 961 1738 1038 ἐφίκοιτο
1771 959 2001 1034 λόγος,ἢ

348 1055 535 1110 πολλὰ
566 1057 626 1108 ἂν
657 1054 893 1130 εὑρεθείη
927 1055 993 1108 τὰ
1039 1050 1476 1126 παραδείγματα,
1510 1050 1656 1116 πλὴν
1712 1054 1818 1103 τῶν
1875 1046 2006 1102 ἐκείο

350 1167 450 1214 νης
505 1144 596 1198 καὶ
642 1144 778 1199 κατὰ
825 1145 994 1218 σάρκα
1042 1141 1297 1196 καὶκατὰ
1326 1144 1537 1213 πνεῦμα
1567 1139 1833 1214 πατέρων,
1867 1138 2004 1212 πρὸς

354 1231 446 1294 οὕς
515 1232 708 1306 μόνους
759 1234 963 1308 ὁρῶσα,
1013 1231 1101 1286 καὶ
1153 1231 1226 1283 ὧν
1279 1226 1430 1283 οὐδὲν
1491 1227 1853 1299 ἐλαττουμὲνη
1906 1227 2003 1294 τήν

355 1323 571 1395 ἀρετὴν,
635 1321 710 1376 ἐνὶ
766 1321 946 1393 τούτῳ
1004 1321 1095 1374 καὶ
1153 1319 1316 1391 μόνον
1362 1321 1562 1386 ἡττᾶτο
1592 1317 1681 1371 καὶ
1712 1316 1847 1370 πάνυ
1877 1336 2008 1391 προ-

355 1411 561 1484 θύμως,
649 1410 731 1464 ὅτι
818 1411 944 1485 παρ’
1032 1408 1247 1463 ἐκείνων
1320 1409 1382 1461 τὸ
1460 1407 1674 1481 ἀγαθὸν,
1733 1405 2007 1466 κάκείνους

358 1499 508 1575 ῥίζαν
541 1500 629 1554 καὶ
662 1496 784 1573 ᾔδει
815 1499 904 1553 καὶ
959 1495 1242 1571 ὡμολόγει
1283 1503 1382 1564 τῆς
1413 1495 1608 1556 εἰκείας
1657 1493 2006 1566 ἐλλάμψεως.

355 1588 416 1643 Τί
454 1590 546 1662 μὲν
587 1596 689 1657 τῆς
723 1586 960 1648 διανοίας
1005 1585 1206 1651 ἐκείνης
1254 1584 1524 1659 ὀξύτερον,
1572 1585 1633 1651 ἣν
1678 1584 1851 1659 γεκαὶ
1899 1603 2012 1637 κοι-

354 1678 452 1746 νήν
478 1671 790 1749 σύμϐουλον
825 1675 934 1751 οὐχ
964 1676 1014 1729 οἱ
1055 1673 1111 1728 ἐκ
1159 1675 1346 1750 γὲνους
1402 1672 1582 1744 μόνον,
1635 1670 1748 1727 οὐδ’
1798 1674 1851 1726 οἱ
1899 1673 2010 1743 (90)

357 1766 418 1820 ἐκ
445 1732 736 1820 τοῦιαῦτοῦ
768 1732 934 1837 λαοῦῒ
956 1763 1044 1818 καὶ
1074 1732 1184 1833 τῆς.
1220 1769 1344 1834 μιᾶς
1396 1765 1506 1834 (91)
1558 1758 1818 1836 μάνδρας,
1869 1759 2012 1815 ἀλλά
2039 1732 2087 1796 Β

355 1856 446 1910 καὶ
479 1856 530 1908 οἱ
560 1852 750 1927 κύκλῳ
799 1853 856 1909 δὲ
902 1855 1096 1915 πάντες
1142 1852 1457 1926 ἐγίνωσκον,
1490 1851 1578 1904 καὶ
1609 1850 1778 1923 νόμον
1811 1847 2008 1904 ἄλυτον

357 1945 453 2006 τὰς
504 1943 713 2014 ἰκείθης
774 1942 1054 1997 ἐποιοῦντο
1113 1943 1225 2015 (92)
1286 1942 1560 2010 ὑποθήκας
1619 1939 1707 1993 καὶ
1757 1939 2008 2014 παραινὲ-

362 2052 511 2101 σεις;
545 2031 614 2089 Τί
647 2029 704 2086 δὲ
752 2034 864 2105 (93)
911 2037 1018 2086 τῶν
1072 2031 1252 2104 λόγων
1303 2029 1518 2083 ἐκείνων
1572 2028 2006 2104 εὐστοχώτερον;

355 2120 410 2176 τί
437 2118 494 2175 δὲ
523 2128 622 2189 τῆς
653 2127 864 2189 σιωπῆς
900 2121 1294 2194 συνετώτερον;
1347 2115 1499 2173 Ἀλλ’
1541 2114 1725 2186 ἐπειδή
1773 2138 1833 2192 γε
1881 2137 2008 2170 σιω-

349 2217 461 2279 πῆς
496 2209 792 2282 ἐμνήσθην,
825 2211 1120 2284 προσθήσω
1163 2208 1224 2262 τὸ
1277 2205 1606 2261 οἰκειότατον
1635 2209 1747 2280 (94)
1778 2205 2008 2276 ἐκείνης,

347 2299 439 2352 καὶ
495 2299 696 2373 γυναιξὶ
749 2296 1214 2373 πρεπωδέστατον,
1273 2297 1362 2351 καὶ
1411 2301 1490 2367 τῷ
1554 2296 1779 2370 παρόντι
1839 2300 2012 2370 καιρῷ

354 2388 801 2461 χρησιμώτατον.
851 2387 939 2448 Τίς
989 2386 1084 2458 μὲν
1144 2384 1280 2460 ἔγνω
1329 2385 1396 2439 τὰ
1450 2385 1573 2459 περὶ
1623 2391 1753 2438 Θεου
1801 2381 2012 2456 μᾶλλον

358 2472 419 2530 ἔκ
461 2496 518 2529 τε
559 2480 663 2528 τῶν
718 2474 874 2529 θείων
939 2474 1142 2549 λογίων
1188 2475 1278 2527 καὶ
1333 2480 1433 2541 τῆς
1467 2473 1669 2533 οἰκείας
1717 2472 2010 2538 συνέσεως

357 2563 456 2625 Τίς
491 2562 545 2618 δὲ
575 2565 735 2631 ἦττον
769 2563 1058 2640 ἐφθέγξατο
1110 2562 1160 2617 ἐν
1199 2567 1316 2623 τοῖς
1370 2561 1694 2637 γυναικείοις
1723 2564 1834 2633 (95)
1865 2559 2014 2634 ὅροις

355 2660 454 2720 τῆς
515 2649 782 2713 εὐσεϐείας
845 2653 1106 2725 μείνασα;
1167 2654 1230 2705 ’Ὀ
1291 2649 1337 2705 δ’
1377 2649 1467 2705 οὖν
1529 2650 1797 2728 ὠφείλετο
1857 2649 1924 2723 τῇ
1955 2669 2015 2724 γε

360 2741 580 2811 ἀληθῶς
652 2737 885 2796 εὐσεϐεῖν
957 2740 1242 2816 ἐγνωκυίᾳ,
1303 2740 1392 2794 καὶ
1437 2740 1498 2793 οὗ
1552 2739 1694 2809 καλή
1759 2738 1923 2811 μόνον
1976 2740 2010 2806 ἡ

362 2829 660 2900 ἀπληστία,
708 2831 791 2891 τίς
844 2831 937 2902 μὶν
985 2831 1316 2902 ἀναθήμασιν
1384 2829 1525 2882 οὕτω
1583 2827 1745 2889 ναοὺς
1792 2822 2013 2882 κατεκό-

363 2939 587 2991 σμησεν,
622 2917 828 2980 ἄλλους
873 2940 934 2972 τε
988 2919 1078 2972 καὶ
1125 2919 1216 2972 τὸν
1267 2920 1378 2990 (96)
1417 2917 1517 2972 οὐκ
1546 2915 1647 2970 οἶδ’
1681 2917 1724 2970 εἰ
1757 2919 1866 2990 (97)
1902 2917 2016 2988 μετ’

372 3005 580 3073 ἐκείνην
611 3006 1138 3078 κοσμηθησόμενονς
1191 3006 1416 3061 Μᾶλλον
1473 3003 1549 3074 δὲ,
1599 3005 1681 3067 τίς
1718 3005 1860 3059 οὕτω
1889 3005 2013 3059 ναὸν

2184 872 2272 926 XI.
2313 876 2491 942 Atque
2527 873 2647 927 haec
2681 874 2915 945 quidem
2964 875 3122 931 talia.
3161 877 3534 933 Prudentiam
3567 882 3762 934 autem

2113 962 2299 1033 ipsius
2323 979 2388 1015 ac
2415 963 2686 1032 pietatem
2713 981 2882 1018 nemo
2907 969 2993 1018 est
3025 966 3121 1035 qui
3149 966 3341 1022 verbis
3372 966 3505 1022 ullis
3528 969 3763 1039 assequi

2117 1051 2341 1122 possit;
2378 1068 2481 1104 nec
2513 1051 2696 1106 multa
2720 1053 2982 1123 exempla
3016 1055 3250 1125 reperiri
3284 1062 3518 1126 queant,
3559 1063 3767 1128 printer

2115 1139 2295 1205 illius,
2322 1145 2446 1193 tum
2475 1141 2794 1194 secundum
2821 1158 3050 1212 corpus,
3084 1148 3207 1196 tum
3243 1145 3563 1199 secundum
3596 1146 3770 1217 spiris

2116 1233 2263 1294 tum,
2303 1233 2590 1299 parentes,
2645 1231 2699 1283 in
2753 1248 2900 1300 quos
2951 1232 3104 1286 solos
3160 1233 3408 1302 intuens,
3461 1239 3516 1289 et
3545 1235 3760 1306 quibus

2116 1317 2326 1372 virtute
2347 1318 2687 1388 neutiquam
2714 1321 2950 1373 inferior
2969 1338 3098 1374 cum
3121 1327 3295 1387 esset,
3314 1323 3420 1378 hoc
3443 1341 3554 1378 uno
3574 1329 3768 1378 tamen

2117 1407 2354 1460 nomine
2387 1423 2662 1478 perquam
2701 1408 2946 1462 libenter
2967 1411 3224 1479 cedebat,
3252 1413 3404 1481 quod
3433 1414 3502 1466 ab
3536 1413 3628 1466 his
3662 1412 3771 1468 hoc

2119 1497 2336 1551 bonum
2371 1497 2708 1566 accepisset,
2734 1515 2945 1568 eosque
2980 1499 3431 1556 illuminationis
3463 1518 3581 1556 suae
3613 1501 3772 1557 radi-

2119 1601 2243 1640 cem
2268 1589 2323 1640 et
2347 1591 2691 1656 agnosceret
2720 1591 2774 1640 et
2806 1589 3100 1642 fateretur.
3127 1589 3255 1644 Jam
3278 1607 3409 1644 vero
3443 1591 3575 1660 quid
3611 1590 3768 1646 illius

2119 1673 2354 1745 ingenio
2387 1675 2636 1738 acutius,
2672 1675 2885 1746 quippe
2917 1677 3085 1745 cujus
3120 1677 3361 1732 consilio
3399 1696 3510 1732 non
3544 1680 3582 1732 ii
3635 1685 3772 1734 tan-

2120 1767 2244 1817 tum
2274 1763 2371 1834 qui
2397 1779 2604 1834 genere
2639 1765 2825 1835 ipsam
2852 1765 3236 1837 attingebant,
3263 1774 3318 1821 et
3348 1767 3445 1837 qui
3472 1784 3538 1822 ex
3567 1768 3770 1825 eadem

2119 1851 2287 1923 plebe
2338 1858 2513 1924 atque
2563 1853 2763 1908 eadem
2817 1854 2985 1909 caula
3033 1860 3218 1923 erant,
3257 1856 3357 1910 sed
3398 1856 3563 1911 vicini
3597 1857 3772 1912 etiam

2121 1957 2324 1995 omnes
2352 1942 2743 1996 communiter
2767 1944 3103 2011 utebantur,
3126 1946 3369 2014 ejusque
3401 1949 3688 2017 praecepta
3717 1948 3775 2001 et

2120 2030 2550 2085 exhortationes
2568 2049 2669 2102 pro
2690 2033 2858 2085 firma
2876 2038 2932 2086 et
2955 2032 3270 2087 inviolabili
3296 2031 3420 2104 lege
3438 2033 3774 2089 ducebant?

2120 2119 2267 2183 Quid
2318 2118 2474 2172 illius
2527 2121 2899 2174 sermonibus
2950 2120 3271 2174 solertius?
3323 2122 3467 2185 Quid
3537 2121 3770 2178 silentio

2122 2207 2470 2279 prudentius
2492 2208 2518 2261 ?
2552 2209 2617 2262 Et
2649 2209 2924 2278 quoniam
2958 2209 3015 2262 in
3049 2209 3264 2264 silentii
3290 2211 3648 2266 mentionem
3677 2211 3767 2266 in-

2122 2297 2258 2368 cidi,
2291 2298 2502 2352 addam
2553 2297 2632 2357 id,
2667 2299 2819 2367 quod
2875 2299 3122 2351 maxime
3156 2300 3454 2369 proprium
3488 2299 3596 2370 ipsi
3632 2299 3766 2366 fuit,

2123 2387 2395 2456 quodque
2421 2386 2764 2440 mulieribus
2789 2388 3107 2440 admodum
3133 2387 3418 2457 congruit,
3436 2392 3610 2458 atque
3632 2387 3768 2442 huic

2123 2476 2370 2544 tempori
2425 2491 2797 2545 permagnam
2837 2474 3147 2529 utilitatem
3181 2475 3461 2530 attulerit.
3495 2476 3770 2538 Quaenam

2124 2579 2216 2617 res
2239 2564 2488 2626 divinas,
2511 2568 2638 2617 tum
2662 2580 2729 2618 ex
2752 2563 2961 2617 divinis
2987 2562 3257 2627 oraculis,
3285 2569 3413 2616 tum
3440 2580 3505 2618 ex
3540 2564 3776 2635 propria

2123 2651 2510 2723 intelligentia
2529 2657 2585 2706 et
2606 2652 2943 2721 sagacitate,
2961 2651 3148 2724 magis
3171 2651 3477 2723 cognovit?
3500 2654 3777 2717 Quaenam

2123 2758 2330 2794 rursus
2349 2743 2545 2794 minus
2563 2739 2761 2794 locuta
2779 2746 2885 2806 est,
2902 2739 3290 2795 muliebribus
3309 2740 3542 2810 pietatis
3561 2740 3779 2796 ﬁnibus

2126 2846 2252 2885 sese
2283 2829 2586 2884 continens
2610 2833 2632 2884 Ρ
2662 2829 2815 2899 Jam,
2842 2831 2996 2900 quod
3031 2828 3295 2883 mulieris
3320 2833 3461 2898 erat,
3489 2845 3611 2899 qua:
3645 2845 3776 2884 vere

2124 2918 2325 2988 pietati
2359 2919 2591 2972 studere
2621 2917 2881 2972 animum
2916 2917 3262 2981 induxisset,
3296 2921 3351 2971 et
3395 2917 3452 2969 in
3505 2934 3618 2988 quo
3652 2916 3774 2972 solo

2128 3007 2457 3061 satietatem
2493 3007 2713 3061 nescire
2737 3005 3078 3076 praeclarum
3112 3011 3223 3071 est,
3255 3021 3524 3076 quaenam
3556 3008 3641 3059 tot
3671 3006 3774 3060 do-

365 3094 551 3148 ἒαυτὸν
603 3096 715 3166 (98)
760 3099 839 3165 τῷ
887 3100 1002 3166 Θεῴ
1056 3099 1224 3163 ζῶντα
1271 3094 1639 3170 παρὲστησεν;
1689 3095 1776 3155 Τίς
1825 3091 1881 3148 δὲ
1927 3114 2011 3147 το-

2133 3096 2333 3162 nariis,
2363 3111 2494 3149 cum
2528 3095 2641 3149 alia
2671 3094 2910 3165 templa,
2944 3100 3068 3148 tum
3102 3094 3209 3149 hoc
3249 3111 3481 3166 quoque
3530 3095 3778 3160 ornavit,

361 3188 552 3236 σοῦτον
602 3180 843 3252 ἐδόξασεν
894 3183 1092 3258 ἱερέας,
1141 3179 1344 3245 ἄλλους
1389 3205 1448 3238 τε
1486 3184 1574 3237 καὶ
1615 3183 1705 3237 τὸν
1738 3185 1850 3256 (99)
1880 3183 2013 3236 ὲκεί-

361 3293 423 3343 νῃ
454 3273 550 3340 τῆς
586 3267 855 3332 εὐσεϐείας
901 3273 1303 3346 συναγωνιστὴν
1355 3272 1445 3326 καὶ
1479 3269 1826 3341 διδάσκαλον,
1861 3270 1922 3325 οὗ
1950 3271 2017 3325 τὰ

359 3359 504 3414 καλά
527 3358 808 3434 σπέρματα
837 3360 926 3414 καὶ
956 3363 990 3429 ἡ
1023 3362 1396 3436 καθιερωμένη
1429 3365 1536 3415 τῶν
1563 3361 1762 3414 τέκνων
1794 3365 1871 3431 τῷ
1903 3365 2017 3432 Θεῷ

367 3448 592 3523 συζυγία
619 3450 696 3522 (1)
724 3468 736 3517 ;

2128 3184 2280 3238 haud
2308 3184 2425 3237 scio
2449 3200 2520 3238 an
2549 3189 2679 3254 post
2705 3199 2831 3237 eam
2855 3183 3185 3237 ornandum
3209 3187 3264 3238 et
3296 3183 3730 3238 honestandum
3752 3183 3782 3237 ?

2124 3273 2257 3328 Jam
2289 3289 2422 3327 vero
2453 3289 2721 3343 quaenam
2758 3272 2997 3343 perinde
3021 3273 3169 3328 225
3207 3273 3461 3344 seipsam
3493 3273 3779 3344 templum

2125 3362 2318 3415 vivum
2351 3361 2466 3416 Deo
2497 3361 2805 3416 exhibuit?
2859 3366 3134 3426 Quaenam
3185 3362 3308 3431 pari
3341 3361 3560 3416 honore
3587 3378 3778 3416 sacer-

2127 3451 2292 3504 dotes
2324 3449 2623 3520 complexa
2653 3455 2759 3514 est,
2785 3466 3037 3519 eumque
3072 3449 3416 3521 praesertim,
3448 3466 3623 3520 quem
3655 3449 3776 3520 pie-

363 3541 501 3594 tatis
552 3540 1013 3595 commilitonem
1063 3543 1122 3594 et
1175 3539 1525 3612 magistrum
1579 3539 1805 3607 habuit,
1856 3539 2047 3606 illum,
2104 3538 2369 3609 inquam,
2423 3539 2592 3609 cujus
2642 3538 2887 3610 pulchra
2938 3540 3166 3593 semina
3213 3544 3372 3604 sunt,
3407 3546 3456 3592 et
3490 3555 3593 3608 par
3623 3536 3778 3591 filio-

364 3646 494 3684 rum
525 3629 640 3684 Deo
685 3637 1112 3686 consecratum.

436 3745 532 3799 lB’.
568 3742 666 3804 Τίς
699 3740 755 3796 δὲ
782 3742 874 3797 τὸν
925 3744 1078 3797 οἷκον
1124 3744 1317 3811 ἑαυτῆς
1355 3740 1566 3814 μᾶλλον
1596 3740 1876 3816 προῦθηκε
1904 3747 2023 3803 τοῖς

370 3836 499 3899 ζῶσι
531 3832 666 3885 κατὰ
711 3832 838 3886 Θεὸν
885 3834 988 3905 (2),
1036 3833 1135 3900 την
1186 3829 1360 3898 καλὴν
1402 3829 1643 3900 δεξίωσιν
1676 3832 1764 3885 καὶ
1796 3830 2023 3886 πλουτί-

371 3926 562 3989 ζουσαν
621 3922 746 3994 (3)ε
803 3920 900 3974 Καὶ
951 3919 981 3973 δ
1027 3919 1221 3974 τούτου
1277 3919 1460 3993 μεῖζόν
1522 3920 1654 3986 ἐστι,
1707 3919 1788 3981 τίς
1849 3919 2021 3980 οὕτως

365 4006 634 4078 ἐδεξιοῦτο
692 4012 761 4082 τῇ
810 4006 958 4063 αἰδοῖ
1003 4008 1090 4062 καὶ
1139 4014 1255 4070 τοῖς
1299 4009 1436 4063 κατὰ
1473 4010 1600 4064 Θεὸν
1654 4003 2018 4079 διαδήμασιν;

365 4099 462 4151 Καὶ
493 4097 560 4150 τὰ
607 4096 694 4151 ἐπὶ
742 4096 980 4168 τούτοις,
1034 4097 1116 4159 τίς
1174 4098 1268 4169 μὲν
1314 4102 1433 4151 νοῦν
1487 4093 1680 4167 ἔδειξεν
1734 4099 2020 4150 ἀπαθέστε-

367 4206 456 4260 ρον
482 4184 532 4238 ἐν
564 4190 680 4246 τοῖς
710 4187 897 4240 πάθεσι
932 4187 1044 4259 (4);
1107 4184 1189 4248 τίς
1241 4183 1297 4241 δὲ
1350 4185 1786 4261 συμπαθεστέραν
1837 4187 2022 4259 ψυχὴν

362 4277 484 4333 τοῖς
531 4272 834 4345 κάμνουσι;
877 4277 962 4335 τίς
1004 4280 1166 4349 χεῖρα
1214 4271 1597 4348 δαψιλεστέραν
1650 4281 1766 4336 τοῖς
1832 4272 2018 4345 δεομέ-

2203 3744 2320 3799 Xll.
2342 3747 2617 3810 Quaenam
2638 3745 2878 3798 domum
2900 3760 3066 3798 suam
3092 3744 3203 3814 piis
3227 3742 3567 3796 hominibus
3591 3740 3786 3811 magis

2135 3833 2460 3903 proposuit,
2521 3831 2849 3903 pulchram,
2912 3831 3174 3902 inquam,
3235 3830 3656 3900 exceptionem,
3717 3845 3784 3882 ac

2133 3921 2369 3975 divitias
2423 3910 2880 3975 conciliantem?
2927 3921 3015 3981 Et.
3068 3920 3220 3990 quod
3258 3923 3346 3972 est
3389 3917 3784 3989 praetentius,

2133 4025 2404 4080 quaenam
2437 4009 2678 4079 pudore,
2715 4026 2778 4062 ac
2830 4010 2938 4062 Deo
2988 4007 3171 4079 gratis
3222 4007 3549 4061 incessibus
3582 4021 3783 4060 occur-

2132 4098 2331 4165 rendo,
2357 4112 2454 4151 eos
2484 4097 2566 4150 ita
2597 4096 2966 4166 excipiebat?
2998 4099 3270 4161 Quaenam
3307 4099 3582 4165 praeterea
3612 4100 3776 4149 tran-

2131 4184 2461 4256 quilliorem
2486 4184 2543 4238 in
2566 4183 2998 4238 calamitatibus
3021 4189 3272 4238 mentem
3301 4181 3594 4254 pratulit?
3613 4182 3776 4246 Quae-

2133 4291 2268 4328 nam
2318 4289 2524 4328 rursus
2574 4274 2836 4328 animum
2889 4274 2957 4327 ad
3008 4289 3231 4342 eorum,
3275 4271 3377 4342 qui
3408 4270 3780 4337 laborabant,

440 4459 552 4527 (89)
585 4451 869 4530 Εὐσεϐείας
898 4457 997 4512 οὐκ
1027 4456 1191 4512 ἔστιν.
1227 4458 1401 4514 Deest
1433 4455 1531 4510 οὐκ
1562 4460 1618 4513 in
1657 4463 1792 4530 Reg.
1824 4461 1923 4529 hu,
1961 4459 2011 4513 iu

2133 4455 2328 4530 habita
2357 4459 2465 4521 est,
2501 4472 2613 4530 non
2647 4460 2799 4510 certe
2829 4456 3256 4530 Nazianzenum
3292 4454 3574 4526 templum
3606 4451 3780 4508 intel-

368 4531 597 4582 duobus
624 4529 810 4601 _Co|b.,
845 4547 926 4584 or.
962 4533 1014 4600 1,
1067 4537 1123 4586 et
1169 4530 1286 4585 Jes.
1321 4530 1669 4584 Seholiastes
1701 4529 1886 4601 Golb.,
1920 4533 2022 4586 de-

366 4605 550 4672 tracto
583 4598 698 4668 οὐκ,
734 4607 935 4657 monet
980 4598 1064 4657 sic
1104 4601 1514 4672 interrogative
1546 4598 2022 4672 legendum'esse

366 4671 521 4725 hunc
543 4672 758 4745 locum,
793 4696 821 4722 κ
847 4673 1220 4745 prudentiam
1244 4671 1438 4745 autem
1461 4677 1518 4727 et
1540 4671 1811 4745 pietatem
1835 4675 2018 4742 illius,

366 4748 528 4830 estne
561 4743 799 4830 aliquis,
832 4743 929 4816 qui
965 4744 1325 4830 verbisnulli‘s
1356 4744 1808 4830 assequ,i“possi‘t
1830 4746 1858 4799 ?
1885 4770 1910 4795 ››

438 4815 550 4888 (90)
582 4810 711 4888 963'
744 4815 814 4868 οἱ.
849 4810 985 4888 Reg.
1018 4816 1121 4885 hu,
1153 4815 1248 4871 Or.
1285 4818 1336 4883 1,
1367 4810 1648 4888 Jes.—058E
1680 4815 1751 4870 οἳ.

439 4885 692 5007 ςέἐὲὶΤῆς
727 4892 874 4957 μιᾶς.
908 4885 1045 4959 Heg.
1080 4888 1179 4955 hu,
1211 4891 1310 4953 τῆς
1341 4885 1508 4954 αὐτῆς
1555 4891 1700 4958 μιᾶς,
1745 4911 1772 4937 α
1804 4904 1871 4943 ex
1902 4906 2020 4944 una

439 5000 441 5004 ,
585 4996 597 5007 .
631 4979 652 5005 ι

375 4969 597 5009 eadem.
631 4979 652 5005 ι

441 5024 918 5100 (92)-Ἐποιοῦντα
976 5031 1143 5085 Deest
1191 5029 1248 5083 in
1303 5029 1442 5100 Reg.
1486 5028 1605 5095 bm,
1640 5029 1734 5084 Or.
1770 5032 1820 5098 1,
1855 5030 2016 5086 aliis-

370 5112 485 5165 que
517 5095 784 5166 pluribus
814 5101 1134 5156 codicibus.

440 5165 551 5239 (93)
581 5167 640 5244 Τί
677 5166 764 5244 δέ.
819 5173 957 5244 Reg.
1009 5173 1112 5241 hu,
1144 5177 1198 5226 et
1230 5171 1322 5226 0r.
1379 5168 1438 5222 Τί
1471 5165 1576 5225 δαί.
1614 5171 1743 5225 Mox
1773 5169 2010 5226 ἐκείνων.

371 5237 540 5294 Forte
578 5237 805 5308 ἀκείνης.

575 5311 940 5386 Οἰκειότατον.
977 5315 1154 5386 Regg.
1189 5314 1309 5386 bni,
1352 5313 1454 5381 hu,
1488 5312 1668 5386 0131,
1705 5309 2010 5370 ἰδιώτατον.

579 5383 908 5460 Γυναικείοις
993 5382 1412 5460 ὃίᾶ-’ρίθΐὶᾳηεξ
1469 5385 1831 5460 ᾳοάἱϐϐεηει
1892 5389 2013 5460 ipse

363 5451 590 5532 Billius.
650 5457 802 5513 Editi
835 5464 1030 5512 tamen
1089 5451 1331 5512 habent—
1365 5453 1608 5526 οἰκείοις,
1679 5479 1704 5509 α
1733 5451 2010 5514 domesti-

365 5539 470 5579 018.
509 5547 537 5574 ))

435 5595 548 5668 (96)
577 5595 673 5650 Καὶ
702 5598 816 5653 τόν.
869 5621 899 5650 ‹‹
930 5599 1000 5654 Et
1045 5598 1203 5654 istud
1238 5618 1266 5646 ››
1314 5595 1369 5649 Si
1420 5594 1541 5650 haec
1571 5599 1754 5655 oratio
1782 5600 2013 5657 Arianxi

2133 4526 2627 4612 ligihtiregori‘us,
2663 4533 2726 4612 ut
2759 4527 2882 4612 vult
2914 4528 3086 4612 Elinas.

2203 4592 2315 4670 (97)
2345 4592 2478 4652 013’.
2515 4598 2651 4670 Reg.
2690 4600 2805 4665 bm,
2843 4600 2940 4665 hu,
2975 4599 3070 4654 Οτι.
3106 4601 3156 4663 1,
3191 4599 3304 4652 Jes.
3337 4592 3477 4670 οἴδα.

2202 4665 2312 4795 (ῗὸ)
2342 4667 2577 4723 Ἑαυτόν.
2601 4665 2949 4740 Ἰιοεθιιιὶυαι
2984 4672 3230 4737 videtur,
3263 4669 3480 4736 ἑαυτήν.
3515 4666 3607 4720 Sic
3639 4665 3780 4737 legit

2251 4758 2362 4795 ius.

2132 4742 2362 4797 Billius.

2201 4813 2311 4882 (99)
2346 4809 2584 4884 Kent-rev,
2619 4817 2727 4867 etc.
2764 4813 2816 4867 Is
2853 4811 3173 4884 spiritualis
3209 4812 3373 4866 Pater
3394 4805 3776 4884 acmagister

2129 4879 2236 4938 fuit
2268 4882 2601 4950 Faustinus,
2642 4889 2780 4938 tunc
2823 4879 2999 4939 Iconii
3033 4885 3362 4955 episcopus.
3394 4880 3539 4934 Vide
3569 4879 3772 4934 Monit.

2130 4957 2188 5010 in
2222 4956 2373 5009 hanc
2405 4960 2575 5023 orat.,
2612 4973 2668 5009 n.
2702 4972 2787 5009 ιιι.

2198 5028 2273 5098 (1)
2307 5021 2568 5098 Συζυγίαζ
2602 5049 2620 5073 α
2653 5031 2763 5079 Par
2794 5042 3028 5098 sacrum
3061 5026 3336 5098 filiorum,
3369 5021 3484 5098 »_i_d_
3519 5021 3778 5098 est,_d_uo

2127 5091 2426 5170 Go‘rgoniae
2461 5091 2582 5164 lilii,
2608 5098 2706 5167 qui
2728 5097 2984 5168 episcopi
3006 5097 3372 5166 fuere,juxta
3406 5093 3608 5148 Etiam.
3637 5091 3781 5148 Vide

2126 5175 2277 5224 Mon.
2314 5187 2368 5223 n.
2410 5186 2465 5222 ll.

2197 5244 2274 5309 (2)
2303 5243 2427 5299 Τοῖς
2465 5241 2591 5306 ζῶσι
2625 5239 2758 5290 κατᾶ
2786 5236 2934 5290 Θεόν.
2987 5239 3079 5293 Sic
3128 5239 3266 5309 Reg.
3318 5237 3420 5299 hu,
3472 5234 3568 5289 Or.
3624 5235 3672 5303 1,
3723 5237 3781 5288 et

2126 5313 2244 5369 Jes.
2282 5312 2355 5366 Ed
2370 5311 2451 5364 iti.
2484 5315 2599 5368 τοῖς
2631 5310 2764 5362 κατὰ
2796 5310 2921 5363 Θεὸν
2949 5313 3098 5376 ζῶσι.

2201 5384 2270 5454 (3)
2307 5379 2723 5454 mactato-mia.
2750 5381 3184 5454 Gregoriushic
3216 5379 3354 5454 mihi
3389 5377 3633 5454 Videluh
3660 5390 3772 5429 "0“

2219 5401 2270 5448 ό)
2308 5401 2723 5448 υκιουτιςουσαν.
2750 5401 3061 5452 urcgorlus
3092 5401 3184 5434 mc
3216 5401 3354 5433 mini
3389 5401 3633 5440 Viueiur,
3661 5401 3771 5429 uuu

2123 5479 2150 5506 ‹‹
2187 5401 2490 5516 ὸὶῐιιιιιεω,
2527 5476 2554 5501 ››
2594 5453 2692 5507 sed
2735 5477 2762 5502 ‹‹
2799 5453 3043 5524 largam,
3077 5451 3396 5518 liberalem,
3430 5446 3771 5502 muniﬁcam

2123 5525 2523 5596 exceptionem
2563 5546 2581 5596 ig
2640 5525 2988 5596 significare.

2196 5593 2283 5668 (4)
2307 5593 2521 5657 Πάθεσι.
2554 5593 2730 5650 ΟοὶεῘ.
2767 5597 2819 5665 1,
2862 5597 3168 5668 παθήμασι.
