4146 6290
336 319 452 381 805

950 314 1244 375 ORATIO
1288 313 1449 373 VIII.
1481 311 1660 371 -ΙΝ
1705 306 2034 371 LAUDEM
2079 308 2409 389 SORUBIS
2457 309 2632 370 SUIE
2677 310 3122 371 GOllGONlAE.

3620 316 3738 375 806

333 457 440 508 τῶν
471 450 679 518 καλῶν,
707 453 805 504 τοῦ
836 445 895 501 δὶ
921 450 986 515 ἦν
1022 445 1192 516 ζῆλος
1223 465 1234 480 '
1267 447 1357 500 καὶ
1384 445 1445 498 τὸ
1493 446 1584 516 μὶν
1626 444 1766 519 εὗρε,
1814 442 1877 496 τὸ
1924 437 1984 494 δὶ

2118 446 2377 514 ναεαοίθ;
2432 443 2522 498 his
2571 444 2809 514 inquam
2861 445 3134 500 omnibus
3167 447 3362 516 rebus,
3397 452 3497 501 aut
3526 448 3736 503 harum

334 542 591 611 ἐνίκησεν.
627 537 722 592 Καὶ
749 537 794 592 εί
825 538 943 600 καθ’
988 533 1042 590 ἓν
1088 557 1141 590 τι
1188 534 1392 590 τούτων
1445 529 1572 608 ἔσχε
1616 533 1678 586 τὸ
1728 529 1982 604 ἁμιλλώ-

341 651 496 703 μενον
531 631 666 702 (20),
699 626 844 682 ἀλλὰ
862 630 941 696 τῷ
971 646 1033 699 γε
1069 624 1163 697 μία
1196 626 1308 696 (21)
1334 624 1401 678 τὰ
1448 624 1619 676 πάντα
1664 613 1980 689 συλλαϐεῖν,

330 719 544 773 πάντων
612 714 922 792 ἐκράτησεν.
985 714 1142 771 Οὕτω
1197 714 1288 785 μὶν
1351 714 1418 766 τὰ
1471 713 1644 766 πάντα
1701 709 1982 783 κατορθώ-

331 827 483 876 σασα,
518 807 592 867 dic
624 803 800 865 οὐδεὶς
831 806 944 876 (22)
974 801 1145 862 ἄλλος
1177 798 1230 855 ἕν
1276 801 1362 855 καὶ
1416 799 1648 875 μετρίως
1677 819 1688 831 ·
1742 797 1884 851 οὕτω
1936 793 1982 848 δ’

332 897 406 959 εἰς
440 897 606 970 ἄκρον
655 891 901 961 ἕκαστον,
953 890 1090 946 ὥστε
1140 890 1226 945 καὶ
1266 890 1382 944 ἀντὶ
1412 891 1625 943 πάντων
1656 885 1709 942 ἓν
1745 886 1982 960 ἐξαρκεῖν

331 985 422 1039 καὶ
458 983 617 1056 μόνον
628 1026 639 1038 .

2094 530 2307 601 aliqua,
2327 533 2596 602 quisnam
2621 533 2877 588 virorum
2903 539 3002 588 aut
3025 533 3335 589 mulierum
3359 541 3465 605 est,
3489 538 3586 608 qui
3611 554 3738 592 eam

2095 637 2128 675 a
2156 636 2219 674 se
2245 628 2579 691 superatam
2606 639 2734 676 esse
2757 622 2988 693 gloriari
3015 624 3230 693 queat?
3259 627 3338 679 Ac
3367 627 3437 680 de
3469 626 3594 697 ipsa
3627 645 3739 682 non

2095 708 2294 763 minus
2317 726 2444 764 vere
2465 727 2639 781 quam
2673 712 2979 781 magnifice
3013 713 3308 782 praedicari
3342 719 3551 785 potest,
3587 717 3742 789 quod

2094 796 2375 851 virtutum
2410 798 2554 853 alias
2589 799 2815 855 imitata
2847 801 2942 871 sit,
2966 801 3214 856 aliarum
3249 803 3577 875 exemplum
3613 805 3740 861 fue-

2097 885 2173 939 rit
2202 901 2215 938 :
2249 891 2422 957 atque
2453 887 2595 943 alias
2627 889 2859 959 quidem
2895 890 3200 956 invenerit,
3234 891 3378 946 alias
3411 897 3600 948 autem
3636 911 3702 952 su
3727 927 3741 937 -

2097 975 2400 1044 peravcrit.
2434 977 2504 1030 Et
2556 981 2620 1031 ut
2669 978 2954 1048 quosdam
3010 979 3191 1034 fuisse
3231 979 3460 1049 demus,
3493 982 3592 1054 qui
3627 998 3744 1038 una

335 1075 534 1147 aliqua
561 1073 775 1130 virtute
806 1088 936 1126 cum
969 1071 1099 1142 ipsa
1141 1070 1577 1134 contenderent,
1623 1073 1683 1123 at
1730 1068 1839 1122 hoc
1871 1067 2024 1120 certe
2056 1063 2292 1117 nomine
2321 1080 2524 1119 omnes
2557 1065 2710 1130 vicit,
2745 1067 2896 1137 quod
2930 1084 3048 1122 una
3076 1067 3319 1124 virtutes
3350 1085 3551 1125 omnes
3582 1088 3741 1127 com-

334 1165 502 1238 plexa
531 1163 626 1218 sit.
661 1162 755 1218 Sic
785 1159 940 1215 enim
973 1159 1170 1214 omnia
1200 1159 1488 1230 praestitit,
1522 1163 1583 1212 ut
1631 1174 1703 1212 ne
1745 1151 2113 1210 mediocriter
2151 1152 2387 1222 quidem
2431 1171 2614 1208 unum
2675 1155 2986 1227 quisquam
3046 1156 3194 1212 alius
3228 1174 3241 1211 :
3297 1159 3380 1213 sic
3427 1165 3621 1216 autem
3671 1162 3741 1216 ad

338 1268 637 1311 summum
672 1249 927 1320 singula,
962 1252 1026 1303 ut
1053 1247 1139 1302 vel
1173 1264 1355 1302 unum
1389 1248 1580 1302 solum
1623 1263 1723 1316 pro
1754 1242 2030 1299 omnibus
2062 1240 2294 1294 abunde
2324 1242 2637 1297 sufficeret.

411 1343 603 1395 ΙΔ’.”Ω
672 1341 902 1409 πιναροῦ
974 1335 1227 1406 σώματος
1297 1335 1387 1387 καὶ
1445 1331 1764 1405 ἐνδύματος,
1819 1331 1982 1404 ἀρετῇ

345 1429 505 1503 μόνον
539 1428 828 1486 ἀνθοῦντος
865 1426 876 1480 ί
929 1425 993 1477 Ὤ
1036 1426 1220 1498 ψυχῆς
1272 1419 1666 1497 διακρατούσης
1708 1422 1771 1475 τὸ
1802 1425 1983 1492 σῶμα,

340 1519 428 1572 καὶ
480 1514 610 1590 δίχα
649 1520 857 1591 τροφῆς
907 1509 1126 1588 σχεδὸν,
1184 1509 1362 1586 ὣσπερ
1410 1508 1610 1566 ἄϋλονί
1667 1511 1876 1583 μᾶλλον
1930 1509 1988 1564 δὲ

341 1607 596 1677 σώματος
633 1602 960 1678 βιασαμένου
991 1602 1324 1676 νεκρωθῆναι
1353 1600 1442 1653 καὶ
1483 1601 1588 1676 πρὸ
1627 1602 1725 1668 τῆς
1777 1597 1985 1667 διαζεύ-

342 1690 594 1765 ξεως,’ίν’
624 1694 730 1765 (33)
771 1689 1074 1763 ἐλευθερίαν
1128 1684 1270 1762 λάϐῃ
1316 1690 1491 1764 ψυχή,
1542 1691 1631 1744 καὶ
1685 1691 1756 1762 μὴ
1813 1708 1985 1764 παρα-

339 1780 630 1850 ποδίζηται
675 1785 793 1841 ταῖς
845 1778 1187 1848 αἰσθήσεσινί
1239 1781 1305 1832 ’Ὠ
1353 1783 1556 1832 νυκτῶν
1599 1779 1840 1848 ἀύπνων,
1897 1777 1986 1831 καὶ

2166 1329 2305 1383 XIV.
2339 1330 2383 1384 0
2413 1331 2750 1401 squalidum
2794 1351 3026 1406 corpus,
3079 1341 3136 1390 et
3185 1338 3594 1393 indumentum
3627 1340 3740 1395 vir-

2097 1422 2218 1472 tute
2241 1418 2366 1473 sola
2389 1421 2627 1476 ﬂorens!
2649 1424 2695 1477 0
2712 1425 2990 1491 animam,
3016 1442 3226 1497 corpus
3251 1444 3394 1496 pene
3417 1429 3590 1482 etiam
3616 1429 3742 1484 sine

2098 1509 2244 1579 cibo,
2298 1511 2456 1566 velut
2513 1514 2766 1568 materiae
2815 1531 3038 1586 expers,
3092 1517 3478 1573 retinentem!
3525 1519 3635 1587 vel,
3681 1525 3747 1576 ut

2099 1598 2312 1655 rectius
2341 1599 2566 1671 loquar,
2592 1619 2622 1656 ο
2655 1618 2885 1674 corpus,
2912 1604 3084 1658 etiam
3111 1611 3244 1660 ante
3266 1607 3743 1678 disjunctionem,

2098 1688 2245 1741 mori
2282 1693 2571 1754 coactum,
2605 1695 2667 1745 ut
2697 1692 2896 1746 anima
2928 1691 3254 1749 libertatem
3290 1697 3746 1768 nancisceretur,

2098 1793 2204 1830 nec
2248 1794 2281 1832 a
2323 1780 2598 1833 sensibus
2630 1779 3031 1852 impedimenti
3065 1784 3387 1854 quidquam
3422 1786 3746 1859 acciperet!

341 1867 691 1946 ψαλμῳδίας,
731 1867 820 1922 καὶ
854 1869 1086 1929 στάσεως
1128 1867 1176 1939 ἐξ
1209 1866 1420 1944 ἡμέρας
1471 1868 1546 1929 εἷς
1595 1866 1801 1944 ἡμέραν
1853 1868 1990 1922 ἀπο-

2118 1865 2144 1920 )
2175 1872 2373 1921 noctes
2398 1867 2720 1936 insomnes,
2744 1878 2800 1924 et
2830 1871 3192 1942 psalmorum
3218 1879 3446 1940 cantus,
3469 1879 3526 1929 et
3546 1877 3749 1932 statio-

344 1959 629 2034 ληγούσης
662 1960 672 2014 !
706 1963 773 2011 ’Ώ
803 1952 989 2025 Δαϐὶδ,
1032 1963 1151 2017 ταῖς
1193 1962 1410 2018 πισταῖς
1463 1957 1624 2029 μόνον
1673 1961 1876 2032 ψυχαῖς
1926 1955 1988 2010 οὖ

351 2050 530 2125 μακρὰ
580 2043 938 2120 μελῳδήσαςί
991 2052 1056 2099 Ὤ
1116 2045 1296 2117 μελῶν
1356 2043 1700 2116 ἁπαλότητος
1759 2045 1844 2100 ἐπὶ
1887 2052 1988 2120 γῆς

350 2138 713 2214 ἐρριμμένων,
742 2135 832 2190 καὶ
863 2136 1007 2208 παρά
1032 2135 1131 2200 τὴν
1161 2133 1316 2211 φύσιν
1365 2136 1785 2210 τραχυνομένων
1838 2137 1950 2206 (24)
1975 2135 1988 2190 !

351 2235 417 2282 Ὤ
464 2227 634 2301 πηγαὶ
685 2223 929 2299 δακρύων
978 2222 1348 2299 σπειρομένων
1399 2225 1458 2278 ἐκ
1505 2223 1766 2297 θλίψεως,
1807 2223 1880 2277 ’ίν’
1938 2223 1990 2277 ἐν

353 2317 668 2394 ἀγαλλιάσει
716 2316 976 2390 θερίσαιεν
1023 2317 1182 2388 (25)!
1237 2316 1301 2369 Ὦ
1351 2316 1486 2390 βοῆς
1541 2322 1850 2391 νυκτερινῆς
1914 2335 1993 2368 νε-

352 2406 518 2483 φέλας
567 2403 953 2481 διερχομένης,
1008 2402 1098 2456 καὶ
1157 2403 1462 2480 φθανούσης
1519 2405 1657 2479 πρὸς
1711 2404 1802 2458 τὸν
1832 2402 1998 2481 οὖρά-

357 2516 469 2549 νιον
503 2497 615 2566 (26)
641 2496 658 2548 1Δ
682 2496 748 2549 Ὤ
789 2492 1128 2568 θερμότητος
1174 2494 1288 2563 (27)
1340 2492 1666 2567 πνεύματος,
1697 2497 1866 2548 κυνῶν
1897 2512 1994 2547 κα-

353 2581 718 2656 τατολμώσης
775 2581 1098 2656 νυκτερινῶν
1158 2578 1227 2633 δι’
1304 2579 1588 2656 ἐπιθυμίαν
1648 2583 1840 2658 εὐχῆς,
1907 2582 1996 2638 καὶ

353 2678 599 2749 κρυμῶν,
642 2672 731 2726 καὶ
781 2671 969 2739 ὑετῶν,
1025 2670 1112 2724 καὶ
1148 2670 1411 2745 βροντῶν,
1457 2673 1548 2726 καὶ
1579 2672 1850 2748 χαλάζης,
1907 2673 1996 2728 καὶ

357 2761 589 2837 ἀωρίαςί
640 2763 706 2814 ’Ὠ
747 2759 1021 2832 γυναικεία
1073 2757 1230 2835 φύσις
1275 2762 1375 2828 τὴν
1439 2758 1681 2837 ἀνδρείαν
1739 2765 1999 2832 νικήσασα

358 2849 446 2905 διὰ
493 2851 580 2904 τὸν
639 2850 820 2904 κοινὸν
876 2846 1056 2923 ἀγῶνα
1109 2854 1209 2917 τῆς
1268 2850 1563 2924 σωτηρίας,
1623 2851 1710 2906 καὶ
1746 2853 1998 2924 σώματος

359 2937 614 3012 διαφορὰν
651 2936 711 2989 ού
758 2939 943 3010 ψυχῆς
991 2938 1050 2990 τὸ
1100 2935 1240 3005 θῆλυ
1287 2938 1372 2991 καὶ
1419 2939 1481 2992 τὸ
1513 2937 1666 3014 eam
1701 2939 1996 3016 ἐΛὲγξασαῙ

362 3027 428 3078 Ὦ
473 3031 570 3091 τῆς
625 3024 756 3094 μετὰ
802 3022 1027 3099 λουτρὸν
1069 3028 1176 3096 (28)
1225 3026 1455 3101 ἆγνείας,
1507 3028 1596 3082 καί
1639 3035 1736 3097 τῆς
1782 3030 1999 3108 νύμφης

366 3116 595 3185 Χριστοῦ
644 3114 826 3186 ψυχῆς
877 3112 926 3165 ἐν
971 3119 1186 3187 καθαρῷ
1232 3120 1475 3191 νυμφῶνι
1520 3122 1599 3189 τῷ
1648 3119 1858 3192 σώματι
1891 3121 1903 3174 !
1937 3119 2002 3173 Ὠ

2102 1972 2235 2009 nem
2267 1972 2333 2011 ex
2362 1957 2454 2010 die
2488 1956 2544 2011 in
2573 1957 2721 2012 diem
2760 1960 3100 2029 productam
3130 1963 3138 2015 !
3176 1962 3220 2016 0
3256 1963 3450 2032 David,
3475 1981 3651 2035 quam
3686 1970 3749 2020 tu

2103 2043 2216 2114 piis
2247 2046 2529 2101 duntaxat
2560 2047 2869 2102 animabus
2903 2048 3058 2103 haud
3106 2050 3324 2120 prolixe
3354 2052 3612 2108 cecinisti
3641 2053 3652 2107 l
3706 2054 3750 2108 Ο

2103 2136 2305 2188 tenera
2327 2135 2590 2189 membra
2622 2135 2785 2190 humi
2820 2141 3128 2206 prostrata,
3154 2155 3219 2192 ac
3251 2144 3456 2210 praeter
3479 2145 3750 2196 naturam

2108 2238 2234 2277 sese
2263 2224 2704 2294 exasperantia!
2756 2224 2798 2279 Ο
2832 2224 3222 2297 lacrymarum
3257 2226 3467 2293 fontes,
3504 2245 3634 2300 quae
3681 2246 3753 2284 ex

2107 2309 2421 2364 afﬂictione
2452 2311 2914 2381 seminabantur,
2948 2318 3014 2366 ut
3055 2311 3114 2366 in
3146 2313 3533 2370 exsultatione
3565 2318 3748 2371 mete—

2108 2397 2321 2453 rent”!
2347 2400 2390 2453 0
2409 2404 2761 2455 nocturnum
2785 2399 3100 2455 clamorem
3121 2402 3305 2457 nubes
3328 2408 3748 2476 penetrantem,

2109 2497 2280 2558 atque
2303 2488 2372 2542 ad
2399 2493 2577 2542 Deum
2613 2489 3057 2560 pervadentem!
3095 2490 3138 2544 0
3167 2490 3410 2563 spiritus
3445 2491 3748 2559 fervorem,

2110 2577 2181 2631 ob
2213 2577 2493 2632 orationis
2523 2578 2900 2642 desiderium,
2942 2594 3047 2632 nec
3078 2595 3248 2634 canes
3279 2585 3616 2646 nocturnos,
3651 2598 3755 2637 nec

2110 2665 2344 2736 frigora,
2383 2683 2484 2721 nec
2513 2667 2752 2732 imbres,
2789 2683 2892 2721 nec
2944 2667 3216 2732 ‘onitrua,
3253 2685 3355 2723 nec
3386 2670 3755 2740 grandinem,

2111 2770 2215 2808 nec
2246 2756 2513 2810 tenebras
2561 2755 3012 2810 formidantem!
3067 2756 3109 2811 0
3160 2757 3475 2812 femineum
3527 2775 3753 2825 sexum,

2112 2843 2210 2914 qui
2250 2848 2481 2914 propter
2511 2860 2820 2899 commune
2858 2845 3004 2900 227
3059 2843 3265 2900 salutis
3295 2850 3586 2902 certamen
3620 2847 3756 2901 viri-

2110 2930 2223 2987 lem
2249 2949 2452 2987 sexum
2475 2933 2972 3004 superasti,atque
2994 2933 3134 2988 illud
3164 2935 3546 3006 conspicuum
3570 2936 3757 2990 fecisti

2113 3022 2445 3076 masculum
2477 3028 2533 3077 et
2564 3023 2862 3090 feminam,
2890 3022 3166 3093 corporis,
3203 3039 3316 3078 non
3352 3023 3488 3078 item
3524 3024 3755 3087 animae,

2114 3111 2427 3166 discrimen
2461 3109 2625 3164 esse!
2678 3115 2723 3165 Ο
2775 3115 2906 3180 post
2936 3111 3294 3182 baptismum
3327 3111 3676 3177 castitatem,
3709 3118 3767 3168 et

361 3203 528 3273 πικρά
568 3204 772 3273 γεῦσις,
822 3200 910 3253 καὶ
962 3197 1066 3254 Εὕα
1126 3209 1296 3275 μῆτερ
1345 3205 1433 3258 καὶ
1477 3207 1666 3281 γένους
1715 3208 1805 3261 καὶ
1833 3209 2000 3283 ἁμαρ-

2118 3217 2394 3272 sponsam
2413 3199 2629 3254 Christi
2651 3199 2910 3253 animam
2937 3199 2994 3252 in
3019 3216 3162 3270 puro
3187 3201 3447 3271 corporis
3470 3201 3762 3258 thalamo!

357 3289 496 3357 τίας,
547 3289 635 3342 καὶ
688 3284 779 3366 ὄφι
833 3287 1003 3343 πλάνε
1057 3292 1146 3345 καὶ
1193 3291 1398 3362 θάνατε,
1443 3299 1511 3368 τῇ
1563 3295 1769 3366 ἐκείνης
1819 3297 2009 3373 ἐγκραιι

357 3378 475 3448 τείᾳ
523 3380 634 3451 (29)
682 3377 1038 3451 νενικημέναί
1087 3382 1150 3434 Ὦ
1203 3383 1436 3457 Χριστοῦ
1484 3384 1724 3457 κένωσις,
1756 3388 1844 3442 καὶ
1878 3386 2008 3443 δού-

358 3469 456 3522 λου
511 3468 717 3544 μορφή,
771 3473 861 3521 καί
909 3471 1222 3542 παθήματα,
1254 3474 1321 3545 τῇ
1354 3471 1562 3544 ἐκείνης
1591 3477 1849 3550 νεκρώσεί
1878 3500 2013 3533 τετι-

365 3578 438 3629 μη
451 3557 584 3628 μένα
609 3558 620 3612 ί

435 3735 665 3791 IE'."Q!
719 3739 839 3796 πῶς
885 3736 920 3804 ἢ
973 3737 1455 3811 καταγιθμήσομαι
1509 3743 1621 3810 (30)
1678 3743 1744 3796 τὰ
1801 3743 2011 3814 ἐκείνης

366 3824 590 3892 ἅπαντα,
709 3825 776 3876 τὰ
819 3822 879 3876 π)
899 3824 991 3878 εἷω
1038 3831 1226 3900 παρεῖς
1280 3835 1354 3897 μή
1401 3829 1666 3899 ζημιώσω
1694 3830 1822 3894 τοὺς
1853 3834 2013 3908 ἀγνο-

367 3917 592 3980 οὖντας;
646 3911 821 3967 Ἀλλά
882 3933 972 3985 μοι
1027 3914 1190 3969 καλὸν
1237 3913 1346 3986 ἤδη
1394 3924 1708 3992 προσθεῖναι
1756 3923 1866 3994 (31)
1913 3929 2013 3992 τῆς

371 3997 635 4062 εὐσεϐείας
666 4001 756 4055 καὶ
803 4003 869 4056 τα
918 4003 1204 4080 ἐπίχειρα·
1264 4005 1352 4058 καὶ
1400 4005 1500 4081 γάρ
1550 4029 1641 4079 μοι
1690 4012 1876 4064 ποθεῖν
1908 4010 2014 4064 πά-

372 4089 458 4144 λαι
522 4088 730 4145 δοκεῖτε
779 4091 866 4144 καὶ
928 4096 1105 4161 ζητεῖν
1159 4091 1209 4146 ἐν
1261 4098 1340 4165 τῷ
1390 4093 1558 4170 λόγῳ,
1610 4098 1661 4150 οἱ
1709 4099 1774 4152 τὰ
1805 4098 2014 4169 ἐκείνης

370 4177 552 4240 καλῶς
605 4176 827 4251 εἰδότες,
880 4179 940 4233 ού
991 4181 1058 4234 τὰ
1106 4182 1348 4254 παρόντα
1401 4183 1584 4255 μόνον,
1639 4181 1763 4239 οὐδὲ
1811 4189 1892 4249 οἷς
1924 4192 2013 4241 νῦν

368 4267 562 4321 ἐκεῖθεν
604 4265 924 4341 ἀγάλλεται,
985 4268 1014 4322 ἂ
1043 4270 1270 4342 κρείττω
1316 4273 1404 4326 καὶ
1439 4269 1694 4344 διανοίας,
1723 4275 1811 4329 καὶ
1844 4275 2016 4346 ἀκοῆς

371 4353 736 4428 ἀνθρωπίνης,
785 4355 873 4408 καὶ
925 4350 1122 4428 ὅψεως,
1171 4356 1317 4412 ἀλλὰ
1353 4360 1442 4412 καὶ
1475 4366 1556 4422 οἷς
1583 4359 1815 4416 ἐντεῦθεν
1848 4363 2014 4432 αὐτὴν

369 4444 395 4495 ὁ
447 4440 654 4504 δίκαιος
716 4443 1121 4516 μισθαποδότης
1181 4447 1494 4519 ἠμείψατο·
1554 4448 1666 4502 ἐπεὶ
1725 4450 2016 4506 καὶτοῦτο

369 4537 513 4584 ποιεῖ
540 4531 812 4594 πολλάκις
862 4533 937 4595 εἷς
970 4532 1269 4608 οἰκοδομὴν
1297 4541 1404 4591 τῶν
1447 4538 1706 4607 ἀπίστων,
1755 4545 1873 4602 τοῖς
1926 4564 2014 4615 μι-

369 4625 521 4693 κροῖς
548 4621 616 4674 τὲ
649 4619 860 4695 μεγάλα
888 4622 1272 4696 πιστούμενος,
1300 4626 1389 4679 καὶ
1437 4632 1555 4688 τοῖς
1603 4627 1902 4702 ὁρωμένοις
1950 4631 2017 4686 τὰ

439 4729 484 4762 ²²
515 4727 667 4785 Psal.
699 4745 862 4802 cxxv,
894 4732 948 4787 5.

443 4841 1319 4925 (20)τδέιιιᾏλῴμεῖρν-,Ηεεεο
1371 4849 1492 4925 bm.
1543 4851 1643 4921 hu.
1701 4852 1792 4905 τὸν
1846 4852 2020 4925 ἀμιλ-

377 4913 556 4992 Λῴμεν
566 4935 638 4970 ον.
654 4913 847 4992 peis},
885 4913 1071 4992 1τῶν
1107 4913 1513 4992 ἁμιλλωμένων
1527 4965 1538 4976 .

445 4984 554 5066 (21)
594 4985 718 5042 Μία.
779 4989 870 5044 Sic
924 4984 1069 5062 Reg.
1132 4984 1233 5059 bu,
1282 4984 1375 5048 0r.
1428 4998 1486 5048 et
1533 4993 1792 5050 Combef.
1843 4995 2018 5068 Editi,

716 5126 913 5192 οὐδεὶς.
963 5131 1055 5188 sic
1087 5133 1225 5207 Heg.
1273 5136 1374 5207 bu,
1425 5141 1484 5193 et
1528 5135 1699 5193 Coisl.
1736 5139 1787 5192 1.
1821 5137 1926 5194 Ed.
1960 5135 2019 5197 ὅς

445 5272 553 5344 (23)
586 5271 696 5344 ’,Ινξ
737 5272 880 5344 Reg.
916 5275 1014 5342 hu,
1056 5272 1167 5330 τίνα.

447 5343 551 5415 (24)
598 5343 1054 5415 Τραχυνομένων,
1106 5372 1133 5399 (ι
1169 5349 1497 5404 Horrentia.
1535 5372 1560 5398 υ

446 5414 554 5483 (25)
585 5413 879 5486 Θερίσαιεν.
942 5418 1114 5475 Cois].
1172 5422 1223 5487 1,
1285 5421 1594 5494 θερισθιῖεν,
1659 5444 1685 5471 ‹‹
1733 5427 2024 5478 meteren—

591 5554 727 5633 ΤὸνΔ
747 5555 1026 5633 οᾷράνιον.
1088 5562 1228 5633 Reg.
1279 5562 1360 5620 hu
1409 5562 1582 5620 Goisl.
1635 5565 1686 5631 1,
1735 5562 1894 5619 αὐτὸν
1939 5562 2027 5617 ού-

375 5625 580 5698 ράνιον,
627 5650 654 5678 ‹‹
689 5625 914 5687 Caelum
946 5625 1227 5704 ἱρωωᾶ

2119 3289 2162 3344 0
2212 3305 2477 3344 amarum
2509 3294 2773 3359 gustum,
2808 3294 2865 3343 et
2915 3292 3106 3352 Evam,
3140 3293 3264 3342 tum
3297 3289 3528 3361 generis
3559 3292 3765 3358 nostri,

2119 3385 2243 3434 tum
2279 3377 2497 3450 peccati
2528 3383 2798 3442 matrem,
2833 3382 2890 3430 et
2920 3376 3298 3448 impostorem
3332 3384 3680 3448 serpentem,
3715 3384 3764 3432 et

2123 3473 2388 3535 mortem,
2419 3466 2581 3521 illius
2613 3464 2974 3520 continentia
3002 3466 3313 3536 superata!
3349 3465 3393 3521 0
3423 3467 3636 3522 Christi
3669 3485 3770 3522 ex-

2120 3558 2527 3623 inanitionem,
2555 3560 2612 3610 et
2643 3554 2792 3608 servi
2832 3555 3103 3624 formam,
3136 3560 3191 3609 et
3224 3554 3546 3626 passiones,
3580 3555 3768 3628 ipsius

2123 3645 2570 3701 mortiﬁcatione
2599 3643 2914 3698 honoratas
2939 3641 2951 3695 Ι

2193 3735 2307 3791 XV.
2343 3733 2423 3789 0!
2467 3748 2723 3804 quonam
2771 3736 2956 3802 pacto,
2992 3731 3077 3786 vel
3110 3734 3307 3786 omnia
3337 3731 3493 3787 illius
3524 3748 3770 3787 enume-

2124 3826 2284 3889 rabo,
2336 3823 2421 3877 vel
2478 3821 2758 3893 majorem
2807 3835 3006 3874 eorum
3041 3827 3263 3892 partem
3298 3820 3770 3891 praetermittens,

2123 3931 2242 3978 eos,
2258 3913 2474 3983 quibus
2496 3927 2562 3965 ea
2584 3909 2780 3980 ignota
2802 3914 2960 3972 sunt,
2977 3908 3322 3963 detrimento
3347 3925 3460 3962 non
3479 3908 3731 3962 afﬁciam
3747 3910 3772 3961 2’

2126 4003 2235 4058 Sed
2277 4002 2404 4070 jam
2457 3997 2764 4069 pulchrum
2805 3995 2976 4050 fuerit
3009 3996 3241 4066 pietatis
3273 4012 3505 4066 quoque
3537 3997 3774 4068 praemia

2125 4106 2282 4146 nunc
2313 4089 2582 4157 adjicere.
2617 4085 2732 4140 Vos
2781 4085 2956 4152 enim,
3008 4085 3106 4154 qui
3158 4084 3330 4138 vitam
3384 4084 3544 4139 illius
3598 4086 3775 4156 probe

2127 4180 2333 4243 nostis,
2369 4176 2509 4230 mihi
2537 4171 2892 4245 jampridem
2925 4189 3154 4244 cupere,
3189 4181 3362 4244 atque
3409 4175 3465 4227 in
3519 4176 3776 4229 oratione

2129 4286 2255 4324 mea
2288 4267 2578 4336 requirere
2608 4262 2910 4328 videmini,
2947 4279 3059 4315 non
3115 4263 3421 4332 prazsentia
3469 4263 3776 4325 duntaxat,

2128 4366 2182 4414 et
2213 4359 2284 4412 ob
2318 4373 2443 4427 quae
2477 4369 2631 4407 nunc
2662 4351 2780 4405 illic
2814 4349 3084 4421 exsultat,
3136 4368 3259 4420 quea
3313 4357 3369 4406 et
3417 4353 3669 4418 aurium,
3724 4358 3780 4405 et

2128 4449 2398 4502 humanae
2451 4442 2682 4510 mentis,
2735 4445 2790 4493 et
2839 4439 3138 4494 oculorum
3191 4446 3426 4511 captum
3469 4442 3775 4506 excedunt,

2128 4538 2228 4593 sed
2263 4534 2436 4590 etiam
2468 4549 2553 4597 ea,
2581 4547 2708 4601 quae
2730 4530 2933 4602 justus
2967 4528 3059 4583 ille
3093 4529 3409 4583 retributor
3439 4530 3495 4583 in
3533 4529 3637 4584 hac
3663 4529 3779 4584 vita

2127 4626 2240 4700 ipsi
2293 4621 2598 4694 rependit;
2653 4635 2788 4673 nam
2839 4617 2949 4672 hoc
3003 4633 3232 4689 quoque
3275 4634 3673 4689 saepenumero
3705 4619 3774 4673 ad

2205 4849 2314 4920 (27)
2345 4849 2412 4897 Ὢ
2458 4839 2817 4918 θερμότητος.
2880 4841 2974 4896 Sic
3023 4841 3142 4895 Jes.
3198 4839 3345 4894 Editi
3376 4854 3533 4903 vero,
3580 4834 3624 4888 ὥ
3655 4837 3777 4907 θερ-

2135 4921 2414 5065 μόῖὲεῗνο
2468 4987 2565 5052 τῆς
2629 4984 2760 5056 μετά
2787 4979 3073 5065 Αλσυτρόχ,
3112 4987 3228 5065 ῥίς.
3291 5004 3318 5030 ‹‹
3353 4985 3407 5065 9.
3450 4980 3777 5065 castitatem

2132 5051 2260 5137 post
2294 5051 2677 5137 baptismum.
2714 5076 2754 5136 »~
2787 5051 2977 5137 Schol.
3011 5054 3148 5137 Cod.
3186 5058 3320 5137 βεεν,
3358 5051 3564 5106 Medic.
3599 5055 3780 5137 ",anxf

2134 5121 2208 5208 μὴ
2263 5121 2634 5208 προσελθοῦσα
2681 5124 2762 5197 τῷ
2806 5123 2957 5208 ἀνδρὶ
2997 5123 3217 5208 μετάυτὸ
3252 5121 3549 5208 βάπτισμα,
3585 5121 3780 5208 ούήπρὸ

2130 5191 2348 5261 iram-3
2392 5208 2490 5269 τῆς
2522 5191 2834 5268 κοιμήσεως
2870 5191 3261 5270 βαπτισθεῖσα.’
3297 5220 3315 5243 ι
3357 5191 3778 5270 νίάβῐιιΓ-(Θοικ

2133 5280 2327 5354 genia)
2377 5265 2457 5330 ad.
2481 5265 2767 5354 maritum.
2807 5265 2920 5324 non
2954 5267 3273 5354 accessisse
3305 5272 3436 5336 post
3466 5265 3777 5354 baptisma.

2135 5340 2438 5423 quod'non
2475 5345 2643 5423 longe
2677 5345 2821 5423 ante.
2842 5345 3084 5422 mortem
3126 5345 3407 5423 tempore.
3438 5340 3717 5406 suscepit.
3755 5358 3781 5382 ››

2205 5422 2313 5491 (29)
2353 5409 2690 5491 Ἐγκρατείιξ,
2749 5431 2770 5458 α
2798 5413 3050 5491 jejunio,
3096 5409 3468 5491 abstinentia.
3507 5430 3534 5455 ››

2347 5480 2989 5560 Καταριθμήσο-μσὶιξοτ.
3020 5485 3079 5560 ξ,
3111 5480 3601 5554 καταριθμήσαιμι.

2207 5553 2320 5634 (31⁷)
2351 5553 2688 5630 Ιιροσθεῖναι.
2721 5556 2839 5610 Jes.
2873 5553 3194 5628 προσϐῆναι.
