4146 6290
398 287 514 345 807

1638 290 1700 346 S.
1753 284 2124 345 GREGORII
2171 285 2566 346 THEOLOGI

3691 291 3810 352 808

399 436 600 474 eorum
633 418 731 488 qui
764 419 942 472 dubia
972 420 1084 471 ﬁde
1114 424 1272 483 sunt,
1302 417 1740 472 zediticationem
1776 415 1912 470 facit
1942 431 2035 486 per

2159 416 2234 486 μὴ
2295 417 2546 488 ὁρώμενα
2789 419 2930 491 Ἐρῶ
2991 416 3046 471 δὲ
3111 419 3177 472 τὰ
3239 425 3330 490 μὲν
3380 421 3637 496 γνώριμα
3691 428 3809 483 τοῖς

399 507 607 576 exigua
638 505 854 559 scilicet
886 511 943 558 et
974 506 1028 558 in
1064 511 1362 576 aspectum
1399 506 1683 570 cadentia,
1720 504 2042 573 majoribus

395 599 450 648 et
482 592 875 647 invisibilibus
899 594 1068 647 tidem
1096 600 1387 648 astruens.
1413 595 1670 648 Narrabo
1692 598 1884 646 autem
1914 609 2041 662 par-

393 682 496 736 tim
558 681 831 735 omnibus
890 687 1045 744 nota,
1103 683 1311 751 partim
1372 682 1664 753 plerisque
1723 697 1932 736 arcana
1988 685 2045 734 et

393 771 625 840 ignota;
666 770 943 823 nimirum
976 770 1082 824 hoc
1114 787 1345 840 quoque
1381 772 1511 841 ipsa
1541 771 1734 824 studio
1757 757 2041 835 habebat,

393 859 463 912 de
482 858 800 928 gratiarum
824 857 990 912 donis
1016 860 1255 912 minime
1279 861 1574 929 sejactare
1594 865 1761 928 atque
1783 857 2039 928 gloriari.

392 946 580 1001 Mulas
626 946 757 1001 illas
783 948 975 1001 furore
1009 949 1256 1017 percitae
1282 952 1489 1013 nostis,
1517 955 1571 1002 et
1604 947 1854 1002 vehiculi
1880 948 2041 1000 abre-

393 1035 671 1106 ptionem,
698 1035 1132 1106 infaustamque
1157 1036 1314 1090 illam
1340 1038 1801 1103 subversionem,
1827 1039 1882 1089 et
1914 1036 2040 1089 hor-

392 1125 633 1178 rendam
657 1125 1064 1194 raptationem,
1096 1142 1159 1179 ac
1190 1126 1371 1179 malas
1401 1126 1844 1193 confractiones,
1871 1129 2042 1193 atque

390 1212 528 1268 hinc
561 1219 744 1267 ortam
781 1214 1119 1267 hominibus
1169 1233 1200 1268 a
1251 1215 1364 1268 lide
1398 1214 1605 1268 alienis
1638 1214 2038 1278 offensionem,

390 1302 539 1371 quod
584 1318 791 1372 nempe
833 1303 980 1372 justi
1031 1304 1100 1356 ad
1158 1303 1311 1356 hunc
1348 1305 1584 1357 modum
1621 1303 1941 1367 tradantur,
1977 1317 2042 1355 ac

390 1390 635 1445 celerem
686 1391 1053 1445 infidelitatis
1103 1393 1516 1446 correctionem
1558 1410 1568 1455 ;
1629 1391 1908 1460 quoniam
1944 1389 2044 1443 illa

389 1479 623 1534 ossibus
647 1480 921 1533 omnibus
944 1485 1001 1532 et
1025 1481 1325 1546 membris,
1346 1486 1462 1533 tam
1490 1479 1843 1550 conspicuis,
1866 1494 2040 1547 quam

387 1568 458 1622 ab
491 1573 728 1639 aspectu
761 1568 1020 1631 remotis,
1056 1570 1303 1624 contrita
1334 1573 1388 1622 et
1433 1567 1686 1636 concisa,
1740 1584 1811 1621 ne
1861 1567 2040 1620 medi-

389 1673 522 1712 cum
549 1658 784 1728 quidem
815 1657 992 1710 alium
1021 1665 1225 1727 praeter
1247 1674 1401 1722 eum,
1425 1657 1522 1727 qui
1546 1674 1672 1710 eam
1698 1656 2040 1721 tradiderat,

2152 509 2304 571 πᾶσι,
2331 505 2396 557 τὰ
2428 501 2483 557 δὲ
2513 504 2796 578 ἀπόρρητα
2837 511 2950 566 τοῖς
3002 506 3272 568 πολλοῖς·
3326 508 3412 561 καὶ
3462 514 3622 562 τοῦτο
3673 509 3810 563 ὲκεί-

2152 614 2249 661 νης
2299 592 2748 668 ιριλοσοφησάσης
2799 597 2934 666 (33),
2984 596 3045 648 τὸ
3095 597 3167 666 μή
3219 594 3658 664 καλλωπίζεσθαι
3689 603 3807 659 τοῖς

2153 681 2503 755 χαρίσμασιν.
2557 684 2696 735 Ἵστε
2751 685 2845 743 τὰς
2911 684 3161 754 μανείσας
3218 684 3505 756 ἡμιόνους,
3567 686 3654 738 καὶ
3704 688 3802 754 τὴν

2151 771 2492 844 συναρπαγήν
2542 775 2640 822 τοῦ
2689 770 2996 844 ὀχήματος,
3056 773 3143 825 καὶ
3196 774 3292 839 τήν
3351 774 3618 841 ἀπευκτὴν
3668 774 3804 829 ἐκεί-

2151 880 2246 926 νην
2297 861 2655 932 περιτροπήν,
2705 861 2791 912 καὶ
2848 861 2944 927 τήν
3006 859 3202 914 ἄτοπον
3261 859 3425 930 ἕλξιν,
3477 864 3564 915 καὶ
3606 864 3671 917 τὰ
3701 885 3803 917 πο-

2150 947 2286 1020 νηρὰ
2330 947 2718 1018 συντρίμματα,
2772 948 2857 1000 καί
2906 949 2968 1001 τὸ
3016 945 3310 1022 γενόμενον
3358 950 3590 1004 ἐντεῦθεν
3646 954 3803 1006 σκάν-

2154 1031 2315 1088 δαλον
2359 1041 2474 1096 τοῖς
2529 1036 2798 1103 ἀπίστοις,
2851 1036 2894 1089 εἰ
2945 1038 3087 1090 οὕτω
3148 1035 3345 1092 δίκαιοι
3391 1037 3802 1115 παραδίδονται,

2149 1122 2238 1175 καὶ
2285 1125 2382 1190 τὴν
2443 1130 2662 1198 ταχεῖαν
2721 1127 2817 1192 τῆς
2868 1125 3117 1187 ἀπιστίας
3159 1125 3442 1200 διόρθωσιν
3472 1149 3484 1160 ·
3521 1127 3603 1182 ὅτι
3635 1129 3806 1185 πάντα

2153 1208 2492 1286 συντριϐεῖσα
2531 1214 2618 1266 καὶ
2660 1221 2988 1287 συγκοπεῖσα
3039 1216 3126 1268 καὶ
3175 1216 3306 1269 ὀστᾶ
3352 1217 3441 1270 καὶ
3491 1216 3631 1288 μέλη
3666 1221 3804 1291 (34),

2150 1301 2238 1353 καὶ
2269 1301 2441 1376 ἀφανῆ
2477 1303 2562 1354 καὶ
2597 1303 2910 1378 ραινόμενα,
2944 1303 3032 1356 καὶ
3068 1303 3188 1357 οὕτε
3222 1304 3402 1379 ἷατρὸν
3439 1305 3609 1360 ἄλλον
3656 1304 3801 1375 πλὴν

2149 1392 2244 1441 τοῦ
2276 1387 2609 1462 παραδόντος
2643 1390 2902 1464 ἠνέσχετο
2929 1411 2939 1420 ·
2979 1392 3118 1462 ὁμοῦ
3152 1393 3244 1462 μὲν
3279 1392 3365 1446 καὶ
3416 1390 3536 1464 ὄψιν
3591 1391 3800 1470 ἀνδρῶν

2153 1474 2448 1547 αἰδουμένη
2498 1478 2584 1530 καὶ
2627 1484 2815 1552 χεῖρας
2869 1480 2949 1550 (τὸ
2998 1480 3100 1553 γὰρ
3144 1476 3372 1552 κόσμιον
3419 1482 3514 1535 κάν
3545 1487 3661 1542 τοῖς
3699 1482 3801 1536 πά-

2151 1568 2262 1619 θεσι
2295 1563 2635 1639 διεσώσατο)·
2673 1569 2812 1638 ὁμοῦ
2847 1565 2901 1620 δὲ
2943 1568 3029 1620 καὶ
3064 1571 3160 1638 τὴν
3214 1567 3516 1643 ἀπολογίαν
3572 1576 3807 1641 ζητοῦσα

2151 1656 2296 1729 παρά
2345 1654 2439 1708 τοῦ
2489 1660 2652 1708 ταῦτα
2709 1658 2892 1708 παθεῖν
2956 1660 3433 1730 συγχωρήσαντος,
3494 1659 3615 1714 οὕτε
3677 1661 3804 1734 παρ’

388 1744 605 1800 habere
629 1745 949 1811 sustinuit;
985 1751 1106 1799 tum
1135 1747 1287 1815 quod
1320 1745 1575 1799 virorum
1603 1745 1800 1798 oculos
1832 1749 1885 1798 et
1918 1761 2035 1798 ma-

2159 1741 2334 1796 ἅλλου
2363 1745 2508 1804 τινὸς
2611 1744 2811 1797 ἐκείνου
2843 1752 2939 1813 τῆς
2974 1746 3245 1820 σωτηρίας
3297 1745 3483 1822 ἔτυχεν
3512 1766 3523 1778 ·
3573 1748 3646 1808 ὡς
3724 1750 3800 1820 μὴ

2196 1831 2286 1846 ευ
2709 1834 2731 1842 ν
2828 1834 2861 1846 ,κ
3001 1831 3016 1846 ς
3119 1833 3236 1846 _.
3764 1841 3791 1846 _

390 1851 503 1888 nus
536 1835 904 1888 erubesceret
949 1835 1316 1900 (modestiam
1353 1836 1506 1888 enim
1541 1839 1593 1888 et
1625 1834 2034 1888 verecundiam

392 1924 452 1978 in
485 1923 629 1993 ipsis
664 1940 894 1994 quoque
928 1923 1225 1976 doloribus
1261 1925 1540 1994 retinuit),
1591 1929 1714 1977 tum
1769 1924 1918 1993 quod
1970 1925 2038 1976 ab

392 2029 457 2067 eo
492 2013 886 2066 defensionem
925 2018 1226 2081 quaereret,
1257 2015 1425 2081 cujus
1473 2015 1763 2082 permissu
1801 2013 1856 2065 in
1891 2013 2040 2065 hanc

388 2101 778 2155 calamitatem
816 2102 1117 2164 inciderat,
1171 2118 1273 2152 nec
1322 2103 1391 2153 ab
1440 2102 1556 2156 ullo
1591 2102 1722 2164 alio,
1758 2118 1930 2171 quam
1969 2101 2039 2153 ab

384 2206 450 2244 eo
483 2189 729 2243 salutem
765 2195 852 2242 est
883 2199 1218 2243 consecuta.
1256 2193 1376 2253 Quo
1415 2191 1627 2244 factum
1661 2195 1768 2254 est,
1820 2195 1881 2241 ut
1912 2187 2039 2258 qui-

385 2278 518 2332 dam
550 2295 663 2331 non
700 2277 886 2347 magis
932 2279 1034 2331 bac
1083 2279 1411 2332 calamitate
1446 2279 1728 2348 Percussi,
1764 2294 1936 2346 quam
1973 2294 2039 2330 ex

386 2366 683 2437 insperato
709 2366 979 2420 sanitatis
1010 2367 1290 2420 restitutae
1325 2367 1606 2420 miraculo
1639 2371 1877 2437 stupore
1913 2384 2034 2435 per-

386 2454 532 2510 culsi
566 2455 804 2519 fuerint,
839 2460 1017 2526 atque
1056 2457 1127 2508 ob
1171 2473 1296 2510 eam
1333 2474 1568 2510 causam
1605 2457 1725 2510 haec
1756 2455 2039 2525 tragoedia

385 2543 702 2613 contigisse
732 2543 856 2596 visa
891 2543 984 2605 sit,
1040 2549 1102 2596 ut
1150 2544 1394 2614 gloriam
1457 2550 1511 2597 et
1570 2545 1939 2615 splendorem
1973 2561 2038 2596 ex

388 2632 540 2688 228
577 2631 1011 2686 calamitatibus
1064 2639 1554 2702 consequeretur;
1611 2633 1886 2686 nimirum
1938 2632 2038 2686 illa

387 2721 625 2791 quidem
650 2720 846 2773 dolore
870 2721 1072 2773 affecta
1103 2728 1164 2772 ut
1199 2720 1389 2783 homo,
1422 2722 1790 2790 prmstantius
1815 2726 2032 2785 autem,

386 2827 561 2881 quam
625 2810 883 2863 humana
941 2810 1195 2863 conditio
1255 2814 1401 2865 ferre
1463 2812 1773 2877 videretur,
1838 2816 2038 2865 sanata

384 2899 752 2970 posterisque
778 2901 1168 2952 narrationem
1207 2902 1505 2969 pra‘beret,
1536 2901 1841 2953 maximam
1877 2900 2034 2954 illam

386 2986 621 3057 quidem
659 2987 728 3039 ad
783 2986 913 3039 ﬁdei
958 2987 1014 3039 in
1049 2987 1486 3053 afﬂictionibus,
1521 2993 1575 3041 et
1607 2989 1943 3042 constantiae
1976 2989 2033 3041 in

383 3075 660 3144 gravibus
693 3078 748 3127 et
792 3074 1132 3144 periculosis
1178 3078 1351 3130 rebus
1383 3083 1815 3146 argumentum,
1851 3078 2034 3145 majo-

2155 1831 2364 1904 μᾶλλον
2400 1835 2510 1905 (35)
2543 1832 2626 1886 ἐπὶ
2658 1834 2737 1903 τῷ
2769 1834 2926 1897 πάθει
2957 1831 3236 1908 πληγῆναί
3281 1857 3450 1903 τινας,
3586 1835 3671 1889 ἐπὶ
3723 1841 3804 1908 τῷ

2150 1919 2438 1995 παραδόξῳ
2485 1929 2582 1988 τῆς
2638 1921 2840 1995 ὑγιείας
2889 1921 3324 1996 καταπλαγῆναι,
3384 1924 3473 1977 καὶ
3525 1922 3612 1977 διὰ
3640 1924 3801 1979 τοῦτο

2152 2008 2295 2078 δόξαι
2347 2005 2614 2081 συμϐῆναι
2676 2011 2772 2077 τὴν
2827 2009 3154 2084 τραγῳδίαν,
3203 2009 3274 2066 ’ἶν’
3336 2010 3623 2082 ἐνδοξασθῆ
3684 2019 3803 2076 τοῖς

2150 2101 2376 2152 πάθεσι·
2438 2102 2678 2152 παθοῦσα
2742 2100 2832 2171 μὲν
2877 2101 2952 2160 ὡς
2984 2101 3290 2174 ἄνθρωπος,
3327 2102 3531 2164 ἰαθεῖσα
3580 2100 3636 2156 δὲ
3672 2104 3803 2176 ὑπὲρ

2151 2185 2452 2262 ἄνθρωπον,
2487 2188 2574 2240 καὶ
2608 2185 2859 2261 διήγημα
2893 2186 3056 2242 δοῦσα
3100 2195 3211 2250 τοῖς
3261 2190 3498 2264 ὕστερον,
3556 2193 3806 2267 μέγιστον

2153 2279 2246 2348 μὲν
2308 2277 2382 2337 είς
2441 2274 2711 2345 ἀπόδειξιν
2771 2285 2870 2344 τῆς
2933 2277 2983 2330 ἐν
3030 2284 3146 2338 τοῖς
3193 2278 3381 2332 πάθεσι
3434 2279 3668 2341 πίστεως
3715 2282 3803 2334 καὶ

2147 2374 2244 2434 τῆς
2279 2368 2413 2438 πρὸς
2446 2368 2509 2418 τὰ
2541 2363 2686 2418 δεινά
2717 2366 3020 2440 καρτερίας,
3060 2372 3241 2438 μεῖζον
3276 2366 3331 2420 δὲ
3377 2375 3476 2437 τῆς
3520 2374 3616 2422 τοῦ
3667 2374 3800 2424 Θεοῦ

2147 2456 2270 2527 περὶ
2319 2454 2443 2514 τοὺς
2495 2454 2774 2513 τοιούτους
2809 2454 3237 2531 φιλανθρωπίας.
3298 2455 3385 2528 Τῷ
3432 2459 3560 2532 γὰρ,
3600 2460 3712 2510 ”Οτ’
3745 2458 3802 2511 ἂν

2146 2543 2279 2616 πέσῃ
2337 2543 2396 2595 οὐ
2445 2543 2968 2618 καταρῥαχθήσεται,
3018 2544 3138 2617 περῖ
3198 2543 3293 2598 τοῦ
3353 2543 3563 2600 δικαίου
3615 2545 3799 2608 καλῶς

2148 2632 2444 2707 εὶρημένῳ,
2493 2633 2786 2706 προσετέθη
2838 2631 3170 2706 καινότερον,
3218 2635 3278 2686 τὸ
3326 2634 3419 2687 κᾶν
3465 2634 3797 2710 καταρῥαγῇ,

2147 2721 2377 2794 τάχιστα
2429 2720 2796 2791 ὀρθωθήσεται
2842 2724 2975 2789 (36),
3028 2722 3116 2773 καὶ
3168 2719 3567 2790 δοξασθήσεται.
3602 2722 3663 2775 Εἰ
3695 2724 3796 2797 γὰρ

2146 2810 2290 2884 παρὰ
2339 2809 2398 2862 τὸ
2450 2809 2588 2869 εἷ’κὸς
2648 2807 2835 2862 ἔπαθεν
2892 2811 3024 2881 (37),
3078 2809 3221 2863 ἀλλὰ
3271 2810 3359 2863 καὶ
3401 2811 3527 2884 ὑπὲρ
3557 2810 3617 2863 τὸ
3651 2810 3794 2870 εἷκὸς

2147 2896 2420 2964 ἐπανῆλθε
2466 2899 2600 2970 πρὸς
2653 2897 2869 2965 ἑαυτὴν,
2919 2898 2992 2957 ὡς
3041 2902 3236 2969 μικροῦ
3283 2901 3391 2969 (38)
3422 2897 3696 2965 κλαπῆναι
3725 2901 3793 2970 τῇ

2148 2987 2317 3061 ὑγιείᾳ
2347 2987 2408 3040 τὸ
2453 2988 2642 3052 πάθος,
2694 2985 2781 3038 καὶ
2823 2990 3272 3063 περιφανεστὲραν
3307 2988 3545 3060 γενέσθαι
3579 2989 3676 3054 τὴν
3712 2998 3795 3050 θε-

2147 3076 2365 3151 ραπείαν
2391 3077 2424 3142 ἢ
2447 3076 2543 3142 τήν
2579 3073 2824 3148 πληγήν.

383 3179 504 3218 rem
557 3168 747 3216 autem
809 3167 874 3216 ad
928 3164 1129 3216 divinae
1184 3181 1320 3236 erga
1369 3166 1708 3235 hujusmodi
1761 3166 2027 3220 homines
2077 3166 2458 3236 benignitatis
2493 3163 3073 3220 demonstrationem.
3108 3165 3194 3218 Ad
3238 3165 3295 3218 id
3328 3165 3507 3231 enim,
3542 3167 3697 3236 quod
3732 3167 3800 3220 de

377 3251 540 3319 justo
591 3250 709 3303 viro
759 3255 912 3304 recte
963 3251 1182 3304 dictum
1239 3258 1365 3306 est:
1409 3253 1556 3306 Cum
1603 3253 1878 3315 ceciderit,
1934 3269 2042 3307 non
2089 3254 2378 3308 «:ollidetur
2406 3254 2470 3322 ³³,
2526 3252 2710 3322 magis
2744 3269 2955 3306 novum
3009 3252 3227 3322 aliquid
3262 3253 3609 3322 adjunctum
3661 3261 3793 3307 est:

384 3337 623 3391 Etiamsi
684 3338 922 3391 collisus
982 3339 1176 3406 fuerit,
1236 3340 1535 3395 celerrime
1595 3342 1918 3407 sanabitur,
1980 3342 2277 3413 gloriaque
2333 3343 2619 3396 afﬁcietur
2651 3343 2716 3396 Ἡ.

2781 3342 2924 3394 Nam
2985 3341 3055 3406 si,
3117 3349 3501 3411 praeterquam
3562 3359 3793 3412 aequum

384 3442 512 3481 esse
544 3425 865 3490 videbatur,
901 3429 1222 3497 aegrotavit,
1273 3437 1327 3482 at
1374 3430 1549 3483 etiam
1605 3435 1990 3500 prasterquam
2043 3431 2162 3486 ﬁeri
2215 3448 2384 3501 posse
2432 3431 2754 3498 videbatur,
2802 3431 2870 3484 ad
2905 3446 2965 3484 se
2999 3430 3186 3499 rediit,
3221 3431 3364 3485 adeo
3395 3436 3461 3486 ut
3491 3431 3734 3486 morbus
3765 3448 3798 3486 a

386 3515 637 3569 sanitate
671 3517 1090 3584 propemodum
1126 3519 1441 3587 subreptus
1475 3520 1567 3585 sit,
1602 3519 1926 3589 clariorque
1958 3521 2200 3589 curatio,
2235 3537 2411 3591 quam
2460 3520 2630 3591 plaga
2678 3519 2868 3573 fuerit.

450 3605 592 3658 XVI.
631 3605 672 3659 Ο
705 3605 1059 3660 laudabilem
1092 3615 1146 3660 et
1170 3609 1572 3662 admirandam
1599 3611 2028 3665 calamitatem!
2065 3613 2106 3677 C

377 3694 419 3750 0
452 3694 783 3764 passionem
822 3695 1224 3750 incailumitate
1259 3697 1659 3752 sublimiorem
1698 3699 1707 3751 Σ
1762 3700 1803 3753 0
1856 3716 2030 3769 quam

379 3784 497 3837 meo
527 3783 722 3846 verba,
760 3787 1032 3838 Pcrcutiet
1081 3790 1125 3838 et
1181 3787 1480 3839 turundam
1530 3789 1824 3850 adhibebit,
1861 3797 1910 3842 et
1941 3806 2025 3842 sa-

368 3872 553 3938 nabil,
579 3879 629 3926 at
660 3876 824 3927 tertia
854 3873 939 3927 die
972 3876 1264 3928 suscitabit
1289 3877 1351 3938 ⁸⁸,
1387 3875 1520 3930 licet
1556 3877 1624 3930 ad
1660 3877 1831 3930 altius
1859 3877 2028 3947 quid-

372 3961 507 4014 dam
544 3962 844 4032 magisque
878 3963 1188 4032 mysticum
1223 3966 1549 4027 tenderent,
1586 3971 1647 4018 ut
1679 3983 1818 4019 sane
1851 3971 2030 4019 teten-

373 4051 605 4114 derunt,
637 4051 1018 4106 nihilosecius
1045 4057 1232 4106 tamen
1263 4054 1436 4123 hujus
1461 4071 1687 4124 quoque
1709 4055 2025 4109 calamitati

379 4137 622 4208 pulchre
654 4140 1043 4193 conveniunt!
1078 4143 1184 4194 Sed
1224 4143 1326 4196 hoc
1359 4144 1653 4211 omnibus,
1688 4145 1861 4197 etiam
1899 4162 2026 4213 pro-

377 4227 467 4280 cul
501 4244 532 4278 a
568 4225 733 4278 nobis
768 4227 1011 4295 dissitis,
1049 4235 1247 4282 notum
1277 4248 1288 4290 ;
1325 4232 1392 4283 ad
1429 4248 1631 4284 omnes
1661 4233 1814 4285 enim
1850 4232 2027 4303 hujus

373 4312 641 4367 miraculi
686 4313 842 4367 fama
878 4317 1256 4384 permanavit,
1289 4325 1463 4387 atque
1497 4319 1614 4372 haec
1637 4320 1880 4374 historia
1913 4339 2028 4375 una

374 4418 507 4455 cum
546 4402 908 4456 admirandis
940 4403 1069 4457 aliis
1103 4405 1201 4457 Dei
1234 4407 1529 4476 operibus,
1555 4415 1609 4461 et
1641 4410 1931 4478 potentiis,
1967 4410 2023 4464 in

373 4489 638 4543 omnium
671 4489 891 4560 linguis
922 4492 1283 4563 auribusque
1316 4502 1599 4549 versatur.
1635 4499 1794 4560 Quod
1829 4504 2023 4551 autem

372 4578 432 4632 in
465 4578 675 4647 vulgus
701 4579 893 4632 adhuc
923 4580 992 4633 ob
1027 4598 1174 4643 eam,
1201 4600 1378 4652 quam
1411 4584 1547 4649 dixi,
1576 4585 1945 4654 sapientiam,
1971 4594 2026 4640 et

371 4666 647 4737 pietatem
681 4684 713 4720 a
745 4666 892 4721 fastu
930 4675 1100 4739 atque
1135 4673 1521 4725 ostentatione
1557 4673 1827 4740 alienam,
1866 4674 2023 4744 igno-

369 4761 495 4807 tum
529 4760 585 4807 et
616 4755 932 4809 obscurum
966 4764 1074 4823 est,
1109 4759 1270 4813 visne
1295 4761 1417 4829 jam
1453 4762 1509 4813 in
1548 4762 1804 4815 medium
1841 4764 2023 4832 profe-

439 4892 484 4924 ²³
520 4890 664 4945 Psal.
700 4909 886 4958 xxxvx,
922 4895 1009 4945 24.
1091 4896 1135 4926 ²⁴
1167 4895 1319 4949 Psal.
1354 4913 1514 4960 CXLV,
1547 4898 1599 4951 8.

582 5033 883 5111 '0p‘dipev1.
924 5037 1096 5111 Coisl.
1141 5045 1182 5105 ι,
1222 5038 1552 5111 βλεπόμενα.

441 5104 552 5227 (32ῗ)
587 5103 1067 5181 Φιλοσοφησάστβ.
1147 5103 1176 5159 ‹‹“
1222 5103 1366 5166 Cum
1405 5103 1538 5167 'hoc
1601 5112 1870 5182 religiose
1929 5130 2020 5167 ca-

445 5192 502 5227 re
537 5217 548 5227 .
586 5198 611 5223 ν

373 5192 548 5230 νϐΓθὶ.
586 5198 611 5223 ))

441 5248 546 5316 (34)
582 5243 681 5298 Καὶ
719 5245 880 5315 μέλη.
922 5251 1058 5321 Reg.
1112 5253 1210 5316 hu,
1264 5253 1436 5307 Coisl.
1494 5256 1539 5312 1,
1601 5253 1689 5303 καὶ
1737 5251 2019 5323 ἁρμονίας,

377 5340 397 5366 ε
435 5336 765 5389 compages.
809 5341 830 5370 ι

441 5393 549 5460 (35)
581 5395 663 5447 Ὡς
718 5391 790 5458 μή
851 5390 1081 5460 μᾶλλον,
1137 5401 1244 5449 etc.
1300 5420 1323 5442 ‹‹
1365 5397 1434 5449 Ut
1486 5411 1598 5446 non
1635 5394 1819 5461 magis
1851 5412 2020 5451 casus

370 5463 690 5536 acerbitate
716 5465 1183 5536 percellerentur,
1221 5484 1395 5536 quam
1448 5466 1708 5519 inaudito
1743 5468 2020 5524 restituta:

371 5533 894 5609 salutismiraculo
934 5533 1254 5609 stuperent:
1294 5562 1312 5586 ι

443 5604 553 5674 (36)
585 5603 1002 5677 Ὀρθωθήσεται.
1033 5603 1083 5659 ’‹‹
1119 5610 1406 5680 Erigstur.
1444 5630 1471 5656 »

1680 4897 1723 4929 ²⁵
1750 4901 1877 4952 Ose.
1912 4916 1990 4968 vr,
2023 4900 2077 4953 2.

2219 3616 2304 3677 Ιζ’.
2338 3613 2402 3662 ’Ὠ
2443 3614 2722 3685 συμφοράς
2757 3607 3149 3680 ἐπαινουμένης
3196 3608 3283 3662 καὶ
3335 3607 3634 3681 Θαυμασίας
3669 3610 3679 3664 ί
3733 3610 3797 3663 Ὠ

2142 3699 2342 3757 πάθους
2401 3696 2653 3756 ἀπαθείας
2716 3696 3098 3770 ὑψηλοτέρουί
3159 3697 3223 3748 Ὦ
3279 3702 3396 3766 τοῦ,
3451 3696 3673 3766 [Ιατάξει
3705 3696 3795 3751 καὶ

2143 3788 2398 3859 μοτώοει,
2489 3785 2573 3838 καί
2663 3786 2887 3860 ὑγιάσει,
2970 3786 3058 3838 καὶ
3148 3785 3280 3857 μετὰ
3355 3791 3499 3861 τρεῖς
3587 3785 3796 3861 ἡμέρας

2507 3873 2766 3950 φέροντος
2805 3875 2897 3945 μὲν
2931 3876 3043 3946 (39)
3105 3873 3179 3935 είς
3236 3879 3418 3946 μεῖζον
3463 3874 3551 3928 καὶ
3604 3896 3794 3947 μυστι-

2663 3786 2887 3860 ὑγιάσει,
2970 3786 3058 3838 καὶ

2140 3877 2336 3944 άναστή
2348 3896 2446 3945 σει,

2137 3966 2394 4036 κώτερον,
2429 3963 2607 4037 ὥσπερ
2650 3961 2739 4015 οὖν
2773 3965 3011 4037 ἤνεγκεν,
3046 3963 3151 4037 οὐχ
3180 3966 3339 4031 ἧττον
3394 3961 3451 4016 δὲ
3505 3969 3622 4025 τοῖς
3665 3963 3795 4018 ταύ-

2139 4075 2234 4121 της
2282 4057 2392 4125 (40)
2437 4052 2770 4124 ἁρμόζοντος
2822 4053 3050 4106 πάθεσιί
3107 4056 3274 4106 Τοῦτο
3334 4052 3425 4125 μὲν
3459 4053 3578 4117 οὖν,
3607 4052 3635 4105 ὕ
3664 4058 3791 4106 πᾶσι

2137 4140 2418 4217 πρόδηλον
2452 4142 2538 4194 καὶ
2571 4146 2684 4200 τοῖς
2725 4140 3025 4214 πορρωθεν,
3060 4139 3172 4194 ἐπεὶ
3205 4142 3293 4194 καὶ
3344 4140 3420 4201 εἷς
3471 4143 3674 4202 πάντας
3731 4142 3793 4194 τὸ

2137 4233 2315 4302 θαῦμα
2344 4227 2555 4297 διῆλθε,
2588 4229 2675 4282 καὶ
2709 4229 2758 4282 ἐν
2791 4234 2910 4289 ταῖς
2959 4231 3174 4284 πάντων
3217 4234 3389 4283 κεῖται
3439 4232 3554 4302 (lii)
3613 4228 3793 4303 γλώσ-

2138 4340 2252 4379 σαις
2282 4319 2370 4372 καὶ
2406 4319 2590 4378 ἀκοαῖς
2620 4319 2680 4372 τὸ
2714 4315 2968 4391 διήγημα
3003 4320 3135 4390 μετᾶ
3164 4322 3269 4371 τῶν
3312 4316 3498 4372 ἄλλων
3527 4323 3623 4372 τοῦ
3656 4323 3790 4373 Θεοῦ

2135 4407 2444 4480 θαυμασίων
2497 4428 2552 4460 τε
2597 4408 2683 4460 καί
2736 4404 3036 4479 δυνάμεων.
3086 4408 3155 4461 Τὸ
3206 4404 3262 4460 δὲ
3307 4409 3469 4481 μέχρι
3503 4411 3592 4460 νῦν
3627 4408 3791 4481 ἀγνο-

2137 4499 2359 4569 οὐμενον
2394 4502 2514 4557 τοῖς
2561 4494 2796 4556 πολλοῖς
2857 4495 2944 4549 καὶ
2995 4495 3365 4570 κρυπτόμενον
3424 4494 3494 4548 δι’
3642 4496 3790 4549 εἶπον

2136 4586 2480 4663 φιλοσοφίαν,
2537 4588 2623 4638 καὶ
2683 4586 2745 4638 τὸ
2803 4592 2902 4652 τῆς
2964 4581 3232 4646 εὐσεϐείας
3294 4583 3491 4661 ἄτυφόν
3564 4605 3620 4638 τε
3702 4584 3789 4638 καὶ

2133 4673 2575 4742 ἀκαλλώπιστον,
2650 4672 2783 4727 εἷίπω
2849 4673 3112 4741 κελεύεις,
3174 4677 3216 4727 ὦ
3275 4674 3549 4747 ποιμένων
3610 4671 3786 4746 ἄριστε

2133 4764 2220 4816 καὶ
2269 4763 2586 4830 τελεώτατε,
2651 4763 2678 4814 ὁ
2732 4766 2827 4816 τοῦ
2883 4763 3030 4836 ἱεροῦ
3087 4758 3364 4834 προϐάτου
3407 4761 3601 4816 ἐκείνου
3653 4779 3783 4811 ποι-

2204 5046 2313 5114 (37)
2347 5044 2598 5104 Ἔπαθεν.
2653 5066 2679 5090 ‹‹
2716 5044 2895 5098 Passa
2923 5059 3031 5098 eat.
3068 5068 3093 5093 ››

2206 5113 2316 5184 (38)
2347 5119 2432 5174 Ὡς
2486 5117 2704 5187 μικροῦ,
2739 5120 2847 5169 etc.
2903 5139 2927 5162 ‹‹
2966 5115 3037 5170 Ut
3086 5115 3224 5170 mali
3269 5115 3354 5170 vis
3399 5114 3597 5170 subita
3628 5113 3786 5170 sani-

2133 5192 2249 5242 tate
2284 5204 2459 5258 prope
2492 5189 2771 5258 subrepta
2810 5187 2904 5242 sit.
2943 5209 2968 5234 »

2207 5254 2313 5325 (30)
2350 5254 2617 5330 (Ῐῖἑροντος
2673 5254 2790 5327 μιν.
2852 5259 2944 5313 Sic
3005 5258 3181 5329 Regg.
3243 5259 3363 5325 bm,
3424 5256 3525 5324 bu,
3578 5259 3635 5310 et
3691 5254 3785 5310 0r.

2133 5336 2301 5384 Deest
2338 5330 2453 5398 μὲν,
2491 5331 2546 5382 in
2588 5330 2676 5398 ed.

2205 5396 2472 5489 (110)21‘02;
2524 5396 2742 5466 ταύτης.
2797 5400 2888 5454 Sic
2949 5400 3206 5455 melioris
3258 5405 3404 5454 notes
3455 5399 3625 5453 codd.
3683 5397 3782 5451 Ed.

2130 5491 2230 5531 της
2274 5491 2511 5530 ταυτοις.

2187 5509 2550 5615 ¹ῖ4ίῖίςὶέὲέμ
2584 5543 2756 5598 Deest
2786 5543 2844 5596 in
2876 5541 3147 5614 pluribus
3175 5541 3503 5598 codicibus.
