  <div class='ocr_page' id='page_1' title='image "/cluster/home/n/w/nwhite01/storage/ocr_20150623/35/mdp.39015012934389/410.png"; bbox 0 0 4146 6290; ppageno 0'>
   <div class='ocr_carea' id='block_1_1' title="bbox 373 418 492 483">
    <p class='ocr_par' dir='ltr' id='par_1_1' title="bbox 373 418 492 483">
     <span class='ocr_line' id='line_1_1' title="bbox 373 418 492 483; baseline 0.017 -2"><span class='ocrx_word' id='word_1_1' title='bbox 373 418 492 483; x_wconf 83' lang='grc'><strong>809</strong></span> 
     </span>
    </p>
   </div>
   <div class='ocr_carea' id='block_1_2' title="bbox 985 418 3165 487">
    <p class='ocr_par' dir='ltr' id='par_1_2' title="bbox 985 418 3165 487">
     <span class='ocr_line' id='line_1_2' title="bbox 985 418 3165 487; baseline 0.002 -6"><span class='ocrx_word' id='word_1_2' title='bbox 985 420 1279 482; x_wconf 83' lang='lat' dir='ltr'><strong>ORATIO</strong></span> <span class='ocrx_word' id='word_1_3' title='bbox 1324 422 1484 482; x_wconf 85' lang='lat' dir='ltr'>VIII.</span> <span class='ocrx_word' id='word_1_4' title='bbox 1520 418 1702 481; x_wconf 88' lang='grc' dir='ltr'><strong>-ΙΝ</strong></span> <span class='ocrx_word' id='word_1_5' title='bbox 1754 419 2079 482; x_wconf 82' lang='lat' dir='ltr'><strong>LAUDEM</strong></span> <span class='ocrx_word' id='word_1_6' title='bbox 2124 422 2453 485; x_wconf 82' lang='lat' dir='ltr'><strong>SOBORlS</strong></span> <span class='ocrx_word' id='word_1_7' title='bbox 2499 424 2674 487; x_wconf 59' lang='lat' dir='ltr'><strong>SUZE</strong></span> <span class='ocrx_word' id='word_1_8' title='bbox 2720 426 3165 487; x_wconf 78' lang='lat' dir='ltr'><strong>GORGONUE.</strong></span> 
     </span>
    </p>
   </div>
   <div class='ocr_carea' id='block_1_3' title="bbox 3661 430 3782 492">
    <p class='ocr_par' dir='ltr' id='par_1_3' title="bbox 3661 430 3782 492">
     <span class='ocr_line' id='line_1_3' title="bbox 3661 430 3782 492; baseline 0.017 -2"><span class='ocrx_word' id='word_1_9' title='bbox 3661 430 3782 492; x_wconf 75' lang='lat'><strong>810</strong></span> 
     </span>
    </p>
   </div>
   <div class='ocr_carea' id='block_1_4' title="bbox 377 550 2041 631">
    <p class='ocr_par' dir='ltr' id='par_1_4' title="bbox 377 550 2024 627">
     <span class='ocr_line' id='line_1_4' title="bbox 377 550 2024 627; baseline -0.001 -20"><span class='ocrx_word' id='word_1_10' title='bbox 377 554 483 627; x_wconf 76' lang='grc' dir='ltr'>μὴν</span> <span class='ocrx_word' id='word_1_11' title='bbox 519 554 655 627; x_wconf 82' lang='grc'>(42),</span> <span class='ocrx_word' id='word_1_12' title='bbox 684 552 774 607; x_wconf 87' lang='grc' dir='ltr'><strong>καὶ</strong></span> <span class='ocrx_word' id='word_1_13' title='bbox 805 557 965 607; x_wconf 87' lang='grc' dir='ltr'>τοῦτο</span> <span class='ocrx_word' id='word_1_14' title='bbox 994 552 1164 614; x_wconf 81' lang='grc' dir='ltr'>νεύεις</span> <span class='ocrx_word' id='word_1_15' title='bbox 1205 551 1396 606; x_wconf 85' lang='grc' dir='ltr'>λοιπόν</span> <span class='ocrx_word' id='word_1_16' title='bbox 1425 571 1438 620; x_wconf 90' lang='grc'>;</span> <span class='ocrx_word' id='word_1_17' title='bbox 1472 550 1691 620; x_wconf 81' lang='grc' dir='ltr'>Ἐπειδὴ</span> <span class='ocrx_word' id='word_1_18' title='bbox 1725 553 1814 606; x_wconf 88' lang='lat' dir='ltr'><strong>xui</strong></span> <span class='ocrx_word' id='word_1_19' title='bbox 1869 552 2024 624; x_wconf 89' lang='grc' dir='ltr'>μόνοι</span> 
     </span>
    </p>
   </div>
   <div class='ocr_carea' id='block_1_5' title="bbox 2161 550 3784 631">
    <p class='ocr_par' dir='ltr' id='par_1_5' title="bbox 2161 558 3784 631">
     <span class='ocr_line' id='line_1_5' title="bbox 2161 558 3784 631; baseline 0.006 -21"><span class='ocrx_word' id='word_1_20' title='bbox 2161 573 2283 622; x_wconf 66' lang='lat' dir='ltr'><strong>&#39;am,</strong></span> <span class='ocrx_word' id='word_1_21' title='bbox 2318 574 2349 611; x_wconf 91' lang='lat'><strong>0</strong></span> <span class='ocrx_word' id='word_1_22' title='bbox 2390 562 2691 629; x_wconf 83' lang='lat' dir='ltr'><strong>pastorum</strong></span> <span class='ocrx_word' id='word_1_23' title='bbox 2726 558 2944 629; x_wconf 88' lang='lat' dir='ltr'><strong>optime</strong></span> <span class='ocrx_word' id='word_1_24' title='bbox 2975 563 3031 613; x_wconf 90' lang='lat' dir='ltr'><strong>et</strong></span> <span class='ocrx_word' id='word_1_25' title='bbox 3060 560 3506 631; x_wconf 79' lang='lat' dir='ltr'><strong>perfectissime,</strong></span> <span class='ocrx_word' id='word_1_26' title='bbox 3530 567 3586 617; x_wconf 91' lang='lat' dir='ltr'><strong>et</strong></span> <span class='ocrx_word' id='word_1_27' title='bbox 3606 579 3784 619; x_wconf 68' lang='lat' dir='ltr'><strong>sacra:</strong></span> 
     </span>
    </p>
   </div>
   <div class='ocr_carea' id='block_1_6' title="bbox 373 638 2027 717">
    <p class='ocr_par' dir='ltr' id='par_1_6' title="bbox 373 638 2027 717">
     <span class='ocr_line' id='line_1_6' title="bbox 373 638 2027 717; baseline -0.002 -20"><span class='ocrx_word' id='word_1_28' title='bbox 373 643 435 697; x_wconf 91' lang='grc' dir='ltr'>τὸ</span> <span class='ocrx_word' id='word_1_29' title='bbox 470 644 766 716; x_wconf 86' lang='grc' dir='ltr'>μυστήριον</span> <span class='ocrx_word' id='word_1_30' title='bbox 815 640 1225 713; x_wconf 71' lang='grc' dir='ltr'>ἐπιστεύθημεν,</span> <span class='ocrx_word' id='word_1_31' title='bbox 1285 641 1374 695; x_wconf 81' lang='grc' dir='ltr'>καὶ</span> <span class='ocrx_word' id='word_1_32' title='bbox 1438 640 1702 717; x_wconf 85' lang='grc' dir='ltr'>μάρτυρες</span> <span class='ocrx_word' id='word_1_33' title='bbox 1755 638 2027 711; x_wconf 90' lang='grc' dir='ltr'>ἀλλήλοις</span> 
     </span>
    </p>
   </div>
   <div class='ocr_carea' id='block_1_7' title="bbox 378 728 2027 804">
    <p class='ocr_par' dir='ltr' id='par_1_7' title="bbox 378 728 2027 804">
     <span class='ocr_line' id='line_1_7' title="bbox 378 728 2027 804; baseline -0.001 -19"><span class='ocrx_word' id='word_1_34' title='bbox 378 730 535 804; x_wconf 70' lang='grc' dir='ltr'>ἐσμὲν</span> <span class='ocrx_word' id='word_1_35' title='bbox 594 734 708 804; x_wconf 77' lang='grc'>(43)</span> <span class='ocrx_word' id='word_1_36' title='bbox 762 735 859 785; x_wconf 91' lang='grc' dir='ltr'><strong>τοῦ</strong></span> <span class='ocrx_word' id='word_1_37' title='bbox 920 731 1229 802; x_wconf 80' lang='grc' dir='ltr'>θαύματος’</span> <span class='ocrx_word' id='word_1_38' title='bbox 1279 731 1312 797; x_wconf 81' lang='grc' dir='ltr'>ἣ</span> <span class='ocrx_word' id='word_1_39' title='bbox 1362 728 1439 784; x_wconf 76' lang='grc' dir='ltr'>ἔτι</span> <span class='ocrx_word' id='word_1_40' title='bbox 1490 734 1558 803; x_wconf 80' lang='grc' dir='ltr'><strong>τῇ</strong></span> <span class='ocrx_word' id='word_1_41' title='bbox 1590 728 1901 803; x_wconf 68' lang='grc' dir='ltr'>ἀπελθούσῃ</span> <span class='ocrx_word' id='word_1_42' title='bbox 1929 732 2027 799; x_wconf 72' lang='grc' dir='ltr'>τὴν</span> 
     </span>
    </p>
   </div>
   <div class='ocr_carea' id='block_1_8' title="bbox 377 816 2033 898">
    <p class='ocr_par' dir='ltr' id='par_1_8' title="bbox 377 816 2033 898">
     <span class='ocr_line' id='line_1_8' title="bbox 377 816 2033 898; baseline -0.001 -23"><span class='ocrx_word' id='word_1_43' title='bbox 377 821 557 875; x_wconf 83' lang='grc' dir='ltr'>πίστιν</span> <span class='ocrx_word' id='word_1_44' title='bbox 591 818 913 898; x_wconf 78' lang='grc' dir='ltr'>φυλάξωμεν</span> <span class='ocrx_word' id='word_1_45' title='bbox 944 821 1059 893; x_wconf 85' lang='grc'>(44)</span> <span class='ocrx_word' id='word_1_46' title='bbox 1089 838 1102 888; x_wconf 88' lang='grc'>;</span> <span class='ocrx_word' id='word_1_47' title='bbox 1134 816 1313 873; x_wconf 86' lang='grc' dir='ltr'>Ἀλλά</span> <span class='ocrx_word' id='word_1_48' title='bbox 1345 840 1439 891; x_wconf 90' lang='grc' dir='ltr'><strong>μοι</strong></span> <span class='ocrx_word' id='word_1_49' title='bbox 1471 817 1639 889; x_wconf 85' lang='grc' dir='ltr'>δοκεῖ,</span> <span class='ocrx_word' id='word_1_50' title='bbox 1689 818 1867 892; x_wconf 84' lang='grc' dir='ltr'>ὥσπερ</span> <span class='ocrx_word' id='word_1_51' title='bbox 1909 818 2033 873; x_wconf 78' lang='grc' dir='ltr'>τότε</span> 
     </span>
    </p>
   </div>
   <div class='ocr_carea' id='block_1_9' title="bbox 378 907 2032 984">
    <p class='ocr_par' dir='ltr' id='par_1_9' title="bbox 378 907 2032 984">
     <span class='ocr_line' id='line_1_9' title="bbox 378 907 2032 984; baseline -0.002 -19"><span class='ocrx_word' id='word_1_52' title='bbox 378 910 566 983; x_wconf 81' lang='grc' dir='ltr'>καιρὸς</span> <span class='ocrx_word' id='word_1_53' title='bbox 598 911 708 983; x_wconf 91' lang='grc'>(45)</span> <span class='ocrx_word' id='word_1_54' title='bbox 742 910 874 964; x_wconf 84' lang='grc' dir='ltr'>εἶναι</span> <span class='ocrx_word' id='word_1_55' title='bbox 905 915 1003 977; x_wconf 83' lang='grc' dir='ltr'><strong>τῆς</strong></span> <span class='ocrx_word' id='word_1_56' title='bbox 1034 910 1266 976; x_wconf 72' lang='grc' dir='ltr'>σιωπῆς,</span> <span class='ocrx_word' id='word_1_57' title='bbox 1302 907 1444 963; x_wconf 73' lang='grc' dir='ltr'>οὕτω</span> <span class='ocrx_word' id='word_1_58' title='bbox 1474 912 1561 962; x_wconf 91' lang='grc' dir='ltr'><strong>νῦν</strong></span> <span class='ocrx_word' id='word_1_59' title='bbox 1606 915 1707 977; x_wconf 82' lang='grc' dir='ltr'>τῆς</span> <span class='ocrx_word' id='word_1_60' title='bbox 1757 907 2032 984; x_wconf 70' lang='grc' dir='ltr'>ἐξαγορεύ-</span> 
     </span>
    </p>
   </div>
   <div class='ocr_carea' id='block_1_10' title="bbox 381 994 2031 1072">
    <p class='ocr_par' dir='ltr' id='par_1_10' title="bbox 381 994 2031 1072">
     <span class='ocr_line' id='line_1_10' title="bbox 381 994 2031 1072; baseline -0.002 -18"><span class='ocrx_word' id='word_1_61' title='bbox 381 1021 539 1070; x_wconf 90' lang='grc' dir='ltr'>σεως,</span> <span class='ocrx_word' id='word_1_62' title='bbox 574 998 634 1054; x_wconf 81' lang='grc' dir='ltr'>οὐ</span> <span class='ocrx_word' id='word_1_63' title='bbox 671 998 833 1072; x_wconf 87' lang='grc' dir='ltr'>μόνον</span> <span class='ocrx_word' id='word_1_64' title='bbox 868 996 944 1059; x_wconf 83' lang='grc' dir='ltr'>εἷς</span> <span class='ocrx_word' id='word_1_65' title='bbox 975 998 1072 1066; x_wconf 73' lang='grc' dir='ltr'>τὴν</span> <span class='ocrx_word' id='word_1_66' title='bbox 1106 1000 1202 1051; x_wconf 92' lang='grc' dir='ltr'><strong>τοῦ</strong></span> <span class='ocrx_word' id='word_1_67' title='bbox 1234 1002 1367 1052; x_wconf 86' lang='grc' dir='ltr'>Θεοῦ</span> <span class='ocrx_word' id='word_1_68' title='bbox 1399 995 1572 1071; x_wconf 76' lang='grc' dir='ltr'>δόξαν,</span> <span class='ocrx_word' id='word_1_69' title='bbox 1624 994 1770 1052; x_wconf 87' lang='grc' dir='ltr'><strong>ἀλλά</strong></span> <span class='ocrx_word' id='word_1_70' title='bbox 1817 995 1904 1051; x_wconf 83' lang='lat' dir='ltr'><strong>xui</strong></span> <span class='ocrx_word' id='word_1_71' title='bbox 1956 994 2031 1059; x_wconf 82' lang='grc' dir='ltr'>εἷς</span> 
     </span>
    </p>
   </div>
   <div class='ocr_carea' id='block_1_11' title="bbox 379 1085 1254 1167">
    <p class='ocr_par' dir='ltr' id='par_1_11' title="bbox 379 1085 1254 1167">
     <span class='ocr_line' id='line_1_11' title="bbox 379 1085 1254 1167; baseline -0.002 -22"><span class='ocrx_word' id='word_1_72' title='bbox 379 1086 723 1167; x_wconf 87' lang='grc' dir='ltr'>παράκλησιν</span> <span class='ocrx_word' id='word_1_73' title='bbox 754 1092 861 1143; x_wconf 80' lang='grc' dir='ltr'><strong>τῶν</strong></span> <span class='ocrx_word' id='word_1_74' title='bbox 895 1086 947 1143; x_wconf 71' lang='grc' dir='ltr'>ἓν</span> <span class='ocrx_word' id='word_1_75' title='bbox 978 1085 1254 1160; x_wconf 79' lang='grc' dir='ltr'>θλίψεσιν.</span> 
     </span>
    </p>
   </div>
   <div class='ocr_carea' id='block_1_12' title="bbox 457 1352 2033 1429">
    <p class='ocr_par' dir='ltr' id='par_1_12' title="bbox 457 1352 2033 1429">
     <span class='ocr_line' id='line_1_12' title="bbox 457 1352 2033 1429; baseline -0.004 -16"><span class='ocrx_word' id='word_1_76' title='bbox 457 1358 550 1413; x_wconf 90' lang='grc' dir='ltr'><strong>1Ζ’.</strong></span> <span class='ocrx_word' id='word_1_77' title='bbox 590 1358 852 1429; x_wconf 87' lang='grc' dir='ltr'>’Έκαμνεν</span> <span class='ocrx_word' id='word_1_78' title='bbox 912 1353 1048 1420; x_wconf 78' lang='grc' dir='ltr'>αὐτῇ</span> <span class='ocrx_word' id='word_1_79' title='bbox 1094 1354 1157 1409; x_wconf 87' lang='grc' dir='ltr'>τὸ</span> <span class='ocrx_word' id='word_1_80' title='bbox 1206 1358 1383 1426; x_wconf 74' lang='grc' dir='ltr'>σῶμα,</span> <span class='ocrx_word' id='word_1_81' title='bbox 1432 1353 1521 1408; x_wconf 86' lang='grc' dir='ltr'><strong>καὶ</strong></span> <span class='ocrx_word' id='word_1_82' title='bbox 1588 1352 1816 1409; x_wconf 74' lang='grc' dir='ltr'>διέκειτο</span> <span class='ocrx_word' id='word_1_83' title='bbox 1864 1355 2033 1423; x_wconf 85' lang='grc' dir='ltr'>πονή-</span> 
     </span>
    </p>
   </div>
   <div class='ocr_carea' id='block_1_13' title="bbox 387 1441 2039 1524">
    <p class='ocr_par' dir='ltr' id='par_1_13' title="bbox 387 1441 2039 1524">
     <span class='ocr_line' id='line_1_13' title="bbox 387 1441 2039 1524; baseline -0.003 -24"><span class='ocrx_word' id='word_1_84' title='bbox 387 1466 516 1524; x_wconf 91' lang='grc' dir='ltr'>ρως,</span> <span class='ocrx_word' id='word_1_85' title='bbox 547 1446 637 1499; x_wconf 82' lang='grc' dir='ltr'><strong>καὶ</strong></span> <span class='ocrx_word' id='word_1_86' title='bbox 667 1447 702 1513; x_wconf 76' lang='grc' dir='ltr'>ἡ</span> <span class='ocrx_word' id='word_1_87' title='bbox 734 1443 891 1506; x_wconf 84' lang='grc' dir='ltr'><strong>νόσος</strong></span> <span class='ocrx_word' id='word_1_88' title='bbox 920 1446 984 1512; x_wconf 71' lang='grc' dir='ltr'><strong>ἦν</strong></span> <span class='ocrx_word' id='word_1_89' title='bbox 1013 1446 1120 1497; x_wconf 82' lang='grc' dir='ltr'><strong>τῶν</strong></span> <span class='ocrx_word' id='word_1_90' title='bbox 1172 1443 1350 1513; x_wconf 84' lang='grc' dir='ltr'>ἀήθων</span> <span class='ocrx_word' id='word_1_91' title='bbox 1400 1443 1489 1497; x_wconf 88' lang='grc' dir='ltr'><strong>καὶ</strong></span> <span class='ocrx_word' id='word_1_92' title='bbox 1547 1441 1865 1497; x_wconf 78' lang='grc' dir='ltr'>ἀλλοκότων</span> <span class='ocrx_word' id='word_1_93' title='bbox 1889 1462 1901 1476; x_wconf 79' lang='grc'><em>’</em></span> <span class='ocrx_word' id='word_1_94' title='bbox 1943 1442 2039 1496; x_wconf 79' lang='grc' dir='ltr'>πό-</span> 
     </span>
    </p>
   </div>
   <div class='ocr_carea' id='block_1_14' title="bbox 389 1531 2034 1610">
    <p class='ocr_par' dir='ltr' id='par_1_14' title="bbox 389 1531 2034 1610">
     <span class='ocr_line' id='line_1_14' title="bbox 389 1531 2034 1610; baseline -0.003 -21"><span class='ocrx_word' id='word_1_95' title='bbox 389 1555 550 1610; x_wconf 92' lang='grc' dir='ltr'>ρωσις</span> <span class='ocrx_word' id='word_1_96' title='bbox 611 1534 705 1607; x_wconf 76' lang='grc' dir='ltr'>μὶν</span> <span class='ocrx_word' id='word_1_97' title='bbox 762 1532 931 1604; x_wconf 87' lang='grc' dir='ltr'>ἀθρόα</span> <span class='ocrx_word' id='word_1_98' title='bbox 986 1532 1183 1592; x_wconf 89' lang='grc' dir='ltr'>παντὸς</span> <span class='ocrx_word' id='word_1_99' title='bbox 1241 1535 1339 1586; x_wconf 89' lang='grc' dir='ltr'><strong>τοῦ</strong></span> <span class='ocrx_word' id='word_1_100' title='bbox 1397 1532 1674 1604; x_wconf 83' lang='grc' dir='ltr'>σώματος,</span> <span class='ocrx_word' id='word_1_101' title='bbox 1752 1531 1842 1585; x_wconf 80' lang='grc' dir='ltr'>καὶ</span> <span class='ocrx_word' id='word_1_102' title='bbox 1921 1534 2034 1585; x_wconf 78' lang='grc' dir='ltr'>οῖον</span> 
     </span>
    </p>
   </div>
   <div class='ocr_carea' id='block_1_15' title="bbox 391 1618 2035 1699">
    <p class='ocr_par' dir='ltr' id='par_1_15' title="bbox 391 1618 2035 1699">
     <span class='ocr_line' id='line_1_15' title="bbox 391 1618 2035 1699; baseline -0.003 -21"><span class='ocrx_word' id='word_1_103' title='bbox 391 1622 634 1699; x_wconf 85' lang='grc' dir='ltr'>βρασμός</span> <span class='ocrx_word' id='word_1_104' title='bbox 688 1642 792 1690; x_wconf 88' lang='grc' dir='ltr'>τις,</span> <span class='ocrx_word' id='word_1_105' title='bbox 842 1621 931 1676; x_wconf 86' lang='lat' dir='ltr'><strong>xui</strong></span> <span class='ocrx_word' id='word_1_106' title='bbox 982 1620 1123 1689; x_wconf 75' lang='grc' dir='ltr'>ζὲσις</span> <span class='ocrx_word' id='word_1_107' title='bbox 1176 1618 1423 1693; x_wconf 53' lang='grc' dir='ltr'>αἵματος,</span> <span class='ocrx_word' id='word_1_108' title='bbox 1472 1620 1583 1674; x_wconf 78' lang='grc' dir='ltr'>εἶτα</span> <span class='ocrx_word' id='word_1_109' title='bbox 1630 1620 1789 1690; x_wconf 80' lang='grc' dir='ltr'>πῆξις</span> <span class='ocrx_word' id='word_1_110' title='bbox 1819 1619 2035 1689; x_wconf 77' lang='grc' dir='ltr'>τούτου,</span> 
     </span>
    </p>
   </div>
   <div class='ocr_carea' id='block_1_16' title="bbox 385 1708 2041 1787">
    <p class='ocr_par' dir='ltr' id='par_1_16' title="bbox 385 1708 2041 1787">
     <span class='ocr_line' id='line_1_16' title="bbox 385 1708 2041 1787; baseline -0.002 -21"><span class='ocrx_word' id='word_1_111' title='bbox 385 1713 475 1767; x_wconf 85' lang='grc' dir='ltr'><strong>καὶ</strong></span> <span class='ocrx_word' id='word_1_112' title='bbox 505 1710 700 1787; x_wconf 76' lang='grc' dir='ltr'>νάρκη,</span> <span class='ocrx_word' id='word_1_113' title='bbox 732 1710 822 1765; x_wconf 81' lang='grc' dir='ltr'><strong>καὶ</strong></span> <span class='ocrx_word' id='word_1_114' title='bbox 876 1708 1138 1785; x_wconf 84' lang='grc' dir='ltr'>ὠχρίασις</span> <span class='ocrx_word' id='word_1_115' title='bbox 1194 1708 1436 1777; x_wconf 74' lang='grc' dir='ltr'>ἄπιστος,</span> <span class='ocrx_word' id='word_1_116' title='bbox 1485 1709 1574 1763; x_wconf 83' lang='grc' dir='ltr'><strong>καὶ</strong></span> <span class='ocrx_word' id='word_1_117' title='bbox 1612 1713 1706 1764; x_wconf 92' lang='grc' dir='ltr'><strong>νοῦ</strong></span> <span class='ocrx_word' id='word_1_118' title='bbox 1735 1710 1824 1763; x_wconf 84' lang='grc' dir='ltr'><strong>καὶ</strong></span> <span class='ocrx_word' id='word_1_119' title='bbox 1860 1708 2041 1782; x_wconf 78' lang='grc' dir='ltr'>μελῶν</span> 
     </span>
    </p>
   </div>
   <div class='ocr_carea' id='block_1_17' title="bbox 388 1796 2040 1877">
    <p class='ocr_par' dir='ltr' id='par_1_17' title="bbox 388 1796 2040 1877">
     <span class='ocr_line' id='line_1_17' title="bbox 388 1796 2040 1877; baseline -0.002 -21"><span class='ocrx_word' id='word_1_120' title='bbox 388 1799 727 1877; x_wconf 85' lang='grc' dir='ltr'>παράλυσις·</span> <span class='ocrx_word' id='word_1_121' title='bbox 789 1800 877 1854; x_wconf 74' lang='grc' dir='ltr'><strong>καὶ</strong></span> <span class='ocrx_word' id='word_1_122' title='bbox 925 1797 1085 1854; x_wconf 86' lang='grc' dir='ltr'>τοῦτο</span> <span class='ocrx_word' id='word_1_123' title='bbox 1136 1797 1233 1853; x_wconf 72' lang='grc' dir='ltr'><strong>οὐκ</strong></span> <span class='ocrx_word' id='word_1_124' title='bbox 1278 1796 1337 1853; x_wconf 73' lang='grc' dir='ltr'>ἐκ</span> <span class='ocrx_word' id='word_1_125' title='bbox 1392 1803 1609 1875; x_wconf 77' lang='grc' dir='ltr'><strong>μακρῶν</strong></span> <span class='ocrx_word' id='word_1_126' title='bbox 1660 1803 1767 1854; x_wconf 84' lang='grc' dir='ltr'>τῶν</span> <span class='ocrx_word' id='word_1_127' title='bbox 1821 1796 2040 1870; x_wconf 87' lang='grc' dir='ltr'>διαστη-</span> 
     </span>
    </p>
   </div>
   <div class='ocr_carea' id='block_1_18' title="bbox 2139 644 3788 719">
    <p class='ocr_par' dir='ltr' id='par_1_18' title="bbox 2139 644 3788 719">
     <span class='ocr_line' id='line_1_18' title="bbox 2139 644 3788 719; baseline 0.005 -22"><span class='ocrx_word' id='word_1_128' title='bbox 2139 644 2295 699; x_wconf 90' lang='lat' dir='ltr'><strong>illius</strong></span> <span class='ocrx_word' id='word_1_129' title='bbox 2327 645 2448 700; x_wconf 90' lang='lat' dir='ltr'><strong>ovis</strong></span> <span class='ocrx_word' id='word_1_130' title='bbox 2470 652 2687 717; x_wconf 81' lang='lat' dir='ltr'><strong>pastor,</strong></span> <span class='ocrx_word' id='word_1_131' title='bbox 2710 647 2887 719; x_wconf 88' lang='lat' dir='ltr'><strong>idque</strong></span> <span class='ocrx_word' id='word_1_132' title='bbox 2909 664 3065 702; x_wconf 91' lang='lat' dir='ltr'><strong>nunc</strong></span> <span class='ocrx_word' id='word_1_133' title='bbox 3086 649 3323 703; x_wconf 89' lang='lat' dir='ltr'><strong>demum</strong></span> <span class='ocrx_word' id='word_1_134' title='bbox 3347 649 3788 715; x_wconf 81' lang='lat' dir='ltr'><strong>annuis?Quan-</strong></span> 
     </span>
    </p>
   </div>
   <div class='ocr_carea' id='block_1_19' title="bbox 2141 734 3865 810">
    <p class='ocr_par' dir='ltr' id='par_1_19' title="bbox 2141 734 3865 810">
     <span class='ocr_line' id='line_1_19' title="bbox 2141 734 3865 810; baseline 0.006 -23"><span class='ocrx_word' id='word_1_135' title='bbox 2141 734 2457 805; x_wconf 89' lang='lat' dir='ltr'><strong>doquidem</strong></span> <span class='ocrx_word' id='word_1_136' title='bbox 2489 736 2657 791; x_wconf 89' lang='lat' dir='ltr'><strong>nobis</strong></span> <span class='ocrx_word' id='word_1_137' title='bbox 2685 735 2824 791; x_wconf 90' lang='lat' dir='ltr'><strong>solis</strong></span> <span class='ocrx_word' id='word_1_138' title='bbox 2847 736 2955 791; x_wconf 90' lang='lat' dir='ltr'><strong>hoc</strong></span> <span class='ocrx_word' id='word_1_139' title='bbox 2974 753 3251 792; x_wconf 87' lang='lat' dir='ltr'><strong>arcanum</strong></span> <span class='ocrx_word' id='word_1_140' title='bbox 3271 738 3654 796; x_wconf 88' lang='lat' dir='ltr'><strong>commissum</strong></span> <span class='ocrx_word' id='word_1_141' title='bbox 3678 746 3787 810; x_wconf 89' lang='lat' dir='ltr'><strong>est,</strong></span> <span class='ocrx_word' id='word_1_142' title='bbox 3857 742 3865 749; x_wconf 90' lang='grc'><em>’</em></span> 
     </span>
    </p>
   </div>
   <div class='ocr_carea' id='block_1_20' title="bbox 2142 822 3790 897">
    <p class='ocr_par' dir='ltr' id='par_1_20' title="bbox 2142 822 3790 897">
     <span class='ocr_line' id='line_1_20' title="bbox 2142 822 3790 897; baseline 0.006 -21"><span class='ocrx_word' id='word_1_143' title='bbox 2142 827 2318 893; x_wconf 88' lang='lat' dir='ltr'><strong>atque</strong></span> <span class='ocrx_word' id='word_1_144' title='bbox 2336 822 2515 895; x_wconf 88' lang='lat' dir='ltr'><strong>hujus</strong></span> <span class='ocrx_word' id='word_1_145' title='bbox 2537 824 3331 897; x_wconf 87' lang='lat' dir='ltr'><strong>miraculitestesnobisipsis</strong></span> <span class='ocrx_word' id='word_1_146' title='bbox 3354 832 3559 884; x_wconf 91' lang='lat' dir='ltr'><strong>mutuo</strong></span> <span class='ocrx_word' id='word_1_147' title='bbox 3582 846 3790 886; x_wconf 92' lang='lat' dir='ltr'><strong>sumus</strong></span> 
     </span>
    </p>
   </div>
   <div class='ocr_carea' id='block_1_21' title="bbox 2143 912 3790 975">
    <p class='ocr_par' dir='ltr' id='par_1_21' title="bbox 2143 912 3790 975">
     <span class='ocr_line' id='line_1_21' title="bbox 2143 912 3790 975; baseline 0.005 -10"><span class='ocrx_word' id='word_1_148' title='bbox 2143 927 2213 965; x_wconf 92' lang='lat' dir='ltr'><strong>an</strong></span> <span class='ocrx_word' id='word_1_149' title='bbox 2242 912 2414 967; x_wconf 78' lang='lat' dir='ltr'><strong>fidem</strong></span> <span class='ocrx_word' id='word_1_150' title='bbox 2447 913 2730 969; x_wconf 72' lang='lat' dir='ltr'><strong>defunctae</strong></span> <span class='ocrx_word' id='word_1_151' title='bbox 2754 914 2952 969; x_wconf 81' lang='lat' dir='ltr'>datam</span> <span class='ocrx_word' id='word_1_152' title='bbox 2976 914 3203 971; x_wconf 79' lang='lat' dir='ltr'><strong>diutius</strong></span> <span class='ocrx_word' id='word_1_153' title='bbox 3230 915 3597 974; x_wconf 80' lang='lat' dir='ltr'><strong>servabimus</strong></span> <span class='ocrx_word' id='word_1_154' title='bbox 3622 919 3790 975; x_wconf 80' lang='lat' dir='ltr'><strong>?Mihi</strong></span> 
     </span>
    </p>
   </div>
   <div class='ocr_carea' id='block_1_22' title="bbox 2142 1001 3789 1074">
    <p class='ocr_par' dir='ltr' id='par_1_22' title="bbox 2142 1001 3789 1074">
     <span class='ocr_line' id='line_1_22' title="bbox 2142 1001 3789 1074; baseline 0.005 -18"><span class='ocrx_word' id='word_1_155' title='bbox 2142 1017 2295 1068; x_wconf 90' lang='lat' dir='ltr'><strong>vero,</strong></span> <span class='ocrx_word' id='word_1_156' title='bbox 2330 1006 2392 1056; x_wconf 91' lang='lat' dir='ltr'><strong>ut</strong></span> <span class='ocrx_word' id='word_1_157' title='bbox 2440 1001 2671 1058; x_wconf 90' lang='lat' dir='ltr'><strong>silentio</strong></span> <span class='ocrx_word' id='word_1_158' title='bbox 2730 1004 3083 1074; x_wconf 60' lang='lat' dir='ltr'><strong>premendae,</strong></span> <span class='ocrx_word' id='word_1_159' title='bbox 3136 1003 3220 1059; x_wconf 90' lang='lat' dir='ltr'><strong>ita</strong></span> <span class='ocrx_word' id='word_1_160' title='bbox 3278 1022 3435 1060; x_wconf 88' lang='lat' dir='ltr'><strong>nunc</strong></span> <span class='ocrx_word' id='word_1_161' title='bbox 3484 1006 3789 1064; x_wconf 62' lang='lat' dir='ltr'><strong>efferendae</strong></span> 
     </span>
    </p>
   </div>
   <div class='ocr_carea' id='block_1_23' title="bbox 2143 1090 3790 1167">
    <p class='ocr_par' dir='ltr' id='par_1_23' title="bbox 2143 1090 3790 1167">
     <span class='ocr_line' id='line_1_23' title="bbox 2143 1090 3790 1167; baseline 0.005 -22"><span class='ocrx_word' id='word_1_162' title='bbox 2143 1106 2208 1145; x_wconf 88' lang='lat' dir='ltr'><strong>ac</strong></span> <span class='ocrx_word' id='word_1_163' title='bbox 2239 1090 2616 1162; x_wconf 60' lang='lat' dir='ltr'><strong>praedicanda;</strong></span> <span class='ocrx_word' id='word_1_164' title='bbox 2642 1092 2821 1162; x_wconf 82' lang='lat' dir='ltr'><strong>hujus</strong></span> <span class='ocrx_word' id='word_1_165' title='bbox 2851 1092 2932 1147; x_wconf 88' lang='lat' dir='ltr'><strong>rei</strong></span> <span class='ocrx_word' id='word_1_166' title='bbox 2963 1097 3197 1165; x_wconf 83' lang='lat' dir='ltr'><strong>tempus</strong></span> <span class='ocrx_word' id='word_1_167' title='bbox 3228 1109 3356 1150; x_wconf 91' lang='lat' dir='ltr'><strong>esse</strong></span> <span class='ocrx_word' id='word_1_168' title='bbox 3388 1094 3638 1167; x_wconf 90' lang='lat' dir='ltr'><strong>videtur,</strong></span> <span class='ocrx_word' id='word_1_169' title='bbox 3672 1114 3790 1154; x_wconf 92' lang='lat' dir='ltr'><strong>non</strong></span> 
     </span>
    </p>
   </div>
   <div class='ocr_carea' id='block_1_24' title="bbox 2144 1178 3790 1257">
    <p class='ocr_par' dir='ltr' id='par_1_24' title="bbox 2144 1178 3790 1257">
     <span class='ocr_line' id='line_1_24' title="bbox 2144 1178 3790 1257; baseline 0.005 -23"><span class='ocrx_word' id='word_1_170' title='bbox 2144 1178 2335 1235; x_wconf 90' lang='lat' dir='ltr'><strong>solum</strong></span> <span class='ocrx_word' id='word_1_171' title='bbox 2368 1197 2401 1236; x_wconf 92' lang='lat' dir='ltr'><strong>a</strong></span> <span class='ocrx_word' id='word_1_172' title='bbox 2430 1179 2531 1235; x_wconf 90' lang='lat' dir='ltr'><strong>Dei</strong></span> <span class='ocrx_word' id='word_1_173' title='bbox 2562 1179 2829 1251; x_wconf 84' lang='lat' dir='ltr'><strong>gloriam,</strong></span> <span class='ocrx_word' id='word_1_174' title='bbox 2858 1181 2959 1237; x_wconf 90' lang='lat' dir='ltr'><strong>sed</strong></span> <span class='ocrx_word' id='word_1_175' title='bbox 2991 1180 3063 1236; x_wconf 90' lang='lat' dir='ltr'><strong>ad</strong></span> <span class='ocrx_word' id='word_1_176' title='bbox 3097 1198 3298 1238; x_wconf 90' lang='lat' dir='ltr'><strong>eorum</strong></span> <span class='ocrx_word' id='word_1_177' title='bbox 3329 1183 3528 1251; x_wconf 86' lang='lat' dir='ltr'><strong>etiam,</strong></span> <span class='ocrx_word' id='word_1_178' title='bbox 3560 1185 3664 1257; x_wconf 88' lang='lat' dir='ltr'><strong>qui</strong></span> <span class='ocrx_word' id='word_1_179' title='bbox 3694 1201 3790 1242; x_wconf 88' lang='lat' dir='ltr'><strong>ca-</strong></span> 
     </span>
    </p>
   </div>
   <div class='ocr_carea' id='block_1_25' title="bbox 2142 1267 3413 1340">
    <p class='ocr_par' dir='ltr' id='par_1_25' title="bbox 2142 1267 3413 1340">
     <span class='ocr_line' id='line_1_25' title="bbox 2142 1267 3413 1340; baseline 0.005 -18"><span class='ocrx_word' id='word_1_180' title='bbox 2142 1267 2504 1324; x_wconf 89' lang='lat' dir='ltr'><strong>lamitatibus</strong></span> <span class='ocrx_word' id='word_1_181' title='bbox 2527 1273 2893 1340; x_wconf 87' lang='lat' dir='ltr'><strong>premuntur,</strong></span> <span class='ocrx_word' id='word_1_182' title='bbox 2927 1268 3413 1328; x_wconf 81' lang='lat' dir='ltr'><strong>consolationem.</strong></span> 
     </span>
    </p>
   </div>
   <div class='ocr_carea' id='block_1_26' title="bbox 2217 1356 3787 1433">
    <p class='ocr_par' dir='ltr' id='par_1_26' title="bbox 2217 1356 3787 1433">
     <span class='ocr_line' id='line_1_26' title="bbox 2217 1356 3787 1433; baseline 0.006 -23"><span class='ocrx_word' id='word_1_183' title='bbox 2217 1356 2385 1411; x_wconf 85' lang='lat' dir='ltr'><strong>XVII.</strong></span> <span class='ocrx_word' id='word_1_184' title='bbox 2415 1358 2669 1413; x_wconf 89' lang='lat' dir='ltr'><strong>Adversa</strong></span> <span class='ocrx_word' id='word_1_185' title='bbox 2728 1359 2984 1430; x_wconf 90' lang='lat' dir='ltr'><strong>corporis</strong></span> <span class='ocrx_word' id='word_1_186' title='bbox 3061 1358 3390 1417; x_wconf 85' lang='lat' dir='ltr'><strong>valetudine</strong></span> <span class='ocrx_word' id='word_1_187' title='bbox 3456 1363 3787 1433; x_wconf 86' lang='lat' dir='ltr'><strong>tenebatur,</strong></span> 
     </span>
    </p>
   </div>
   <div class='ocr_carea' id='block_1_27' title="bbox 2146 1445 3789 1522">
    <p class='ocr_par' dir='ltr' id='par_1_27' title="bbox 2146 1445 3789 1522">
     <span class='ocr_line' id='line_1_27' title="bbox 2146 1445 3789 1522; baseline 0.005 -22"><span class='ocrx_word' id='word_1_188' title='bbox 2146 1446 2515 1519; x_wconf 85' lang='lat' dir='ltr'><strong>graviterque</strong></span> <span class='ocrx_word' id='word_1_189' title='bbox 2544 1445 3115 1519; x_wconf 87' lang='lat' dir='ltr'><strong>laborabat,eratque</strong></span> <span class='ocrx_word' id='word_1_190' title='bbox 3132 1448 3391 1506; x_wconf 88' lang='lat' dir='ltr'><strong>insolens</strong></span> <span class='ocrx_word' id='word_1_191' title='bbox 3413 1452 3706 1522; x_wconf 87' lang='lat' dir='ltr'><strong>quoddam</strong></span> <span class='ocrx_word' id='word_1_192' title='bbox 3732 1456 3789 1509; x_wconf 89' lang='lat' dir='ltr'><strong>et</strong></span> 
     </span>
    </p>
   </div>
   <div class='ocr_carea' id='block_1_28' title="bbox 2147 1534 3793 1608">
    <p class='ocr_par' dir='ltr' id='par_1_28' title="bbox 2147 1534 3793 1608">
     <span class='ocr_line' id='line_1_28' title="bbox 2147 1534 3793 1608; baseline 0.005 -18"><span class='ocrx_word' id='word_1_193' title='bbox 2147 1534 2548 1608; x_wconf 85' lang='lat' dir='ltr'><strong>prodigiosum</strong></span> <span class='ocrx_word' id='word_1_194' title='bbox 2572 1536 2759 1590; x_wconf 88' lang='lat' dir='ltr'><strong>morbi</strong></span> <span class='ocrx_word' id='word_1_195' title='bbox 2789 1552 2975 1608; x_wconf 88' lang='lat' dir='ltr'><strong>genus</strong></span> <span class='ocrx_word' id='word_1_196' title='bbox 3001 1553 3014 1591; x_wconf 89' lang='lat'><strong>:</strong></span> <span class='ocrx_word' id='word_1_197' title='bbox 3054 1537 3253 1593; x_wconf 90' lang='lat' dir='ltr'><strong>subitu</strong></span> <span class='ocrx_word' id='word_1_198' title='bbox 3282 1538 3563 1596; x_wconf 86' lang='lat' dir='ltr'><strong>nimirum</strong></span> <span class='ocrx_word' id='word_1_199' title='bbox 3610 1541 3793 1598; x_wconf 87' lang='lat' dir='ltr'><strong>totius</strong></span> 
     </span>
    </p>
   </div>
   <div class='ocr_carea' id='block_1_29' title="bbox 2148 1623 3791 1701">
    <p class='ocr_par' dir='ltr' id='par_1_29' title="bbox 2148 1623 3791 1701">
     <span class='ocr_line' id='line_1_29' title="bbox 2148 1623 3791 1701; baseline 0.004 -22"><span class='ocrx_word' id='word_1_200' title='bbox 2148 1625 2405 1697; x_wconf 84' lang='lat' dir='ltr'><strong>corporis</strong></span> <span class='ocrx_word' id='word_1_201' title='bbox 2428 1623 2837 1693; x_wconf 87' lang='lat' dir='ltr'><strong>inﬂammatio,</strong></span> <span class='ocrx_word' id='word_1_202' title='bbox 2872 1642 2937 1679; x_wconf 90' lang='lat' dir='ltr'><strong>ac</strong></span> <span class='ocrx_word' id='word_1_203' title='bbox 2972 1626 3130 1681; x_wconf 91' lang='lat' dir='ltr'><strong>velut</strong></span> <span class='ocrx_word' id='word_1_204' title='bbox 3177 1626 3457 1684; x_wconf 78' lang='lat' dir='ltr'><strong>ebullitio</strong></span> <span class='ocrx_word' id='word_1_205' title='bbox 3497 1631 3791 1701; x_wconf 76' lang='lat' dir='ltr'><strong>quaedam,</strong></span> 
     </span>
    </p>
   </div>
   <div class='ocr_carea' id='block_1_30' title="bbox 2150 1713 3791 1788">
    <p class='ocr_par' dir='ltr' id='par_1_30' title="bbox 2150 1713 3791 1788">
     <span class='ocr_line' id='line_1_30' title="bbox 2150 1713 3791 1788; baseline 0.004 -19"><span class='ocrx_word' id='word_1_206' title='bbox 2150 1720 2205 1770; x_wconf 90' lang='lat' dir='ltr'><strong>et</strong></span> <span class='ocrx_word' id='word_1_207' title='bbox 2238 1715 2425 1769; x_wconf 79' lang='lat' dir='ltr'><strong>fervor</strong></span> <span class='ocrx_word' id='word_1_208' title='bbox 2454 1714 2784 1785; x_wconf 88' lang='lat' dir='ltr'><strong>sanguinis,</strong></span> <span class='ocrx_word' id='word_1_209' title='bbox 2812 1731 2876 1770; x_wconf 91' lang='lat' dir='ltr'><strong>ac</strong></span> <span class='ocrx_word' id='word_1_210' title='bbox 2910 1713 3118 1771; x_wconf 89' lang='lat' dir='ltr'><strong>deinde</strong></span> <span class='ocrx_word' id='word_1_211' title='bbox 3151 1717 3418 1787; x_wconf 88' lang='lat' dir='ltr'><strong>ejusdem</strong></span> <span class='ocrx_word' id='word_1_212' title='bbox 3478 1720 3791 1788; x_wconf 86' lang='lat' dir='ltr'><strong>concretio,</strong></span> 
     </span>
    </p>
   </div>
   <div class='ocr_carea' id='block_1_31' title="bbox 2149 1802 3796 1876">
    <p class='ocr_par' dir='ltr' id='par_1_31' title="bbox 2149 1802 3796 1876">
     <span class='ocr_line' id='line_1_31' title="bbox 2149 1802 3796 1876; baseline 0.004 -18"><span class='ocrx_word' id='word_1_213' title='bbox 2149 1807 2206 1859; x_wconf 89' lang='lat' dir='ltr'><strong>et</strong></span> <span class='ocrx_word' id='word_1_214' title='bbox 2234 1806 2453 1874; x_wconf 84' lang='lat' dir='ltr'><strong>torpor,</strong></span> <span class='ocrx_word' id='word_1_215' title='bbox 2485 1802 2789 1875; x_wconf 86' lang='lat' dir='ltr'><strong>pallorque</strong></span> <span class='ocrx_word' id='word_1_216' title='bbox 2811 1803 3261 1876; x_wconf 88' lang='lat' dir='ltr'><strong>incredibilis,et</strong></span> <span class='ocrx_word' id='word_1_217' title='bbox 3278 1807 3492 1863; x_wconf 89' lang='lat' dir='ltr'><strong>mentis</strong></span> <span class='ocrx_word' id='word_1_218' title='bbox 3523 1824 3589 1862; x_wconf 89' lang='lat' dir='ltr'><strong>ac</strong></span> <span class='ocrx_word' id='word_1_219' title='bbox 3612 1823 3796 1864; x_wconf 88' lang='lat' dir='ltr'><strong>mem-</strong></span> 
     </span>
    </p>
   </div>
   <div class='ocr_carea' id='block_1_32' title="bbox 393 1885 2041 1994">
    <p class='ocr_par' dir='ltr' id='par_1_32' title="bbox 393 1885 2039 1994">
     <span class='ocr_line' id='line_1_32' title="bbox 393 1885 2039 1964; baseline -0.001 -20"><span class='ocrx_word' id='word_1_220' title='bbox 393 1892 597 1964; x_wconf 86' lang='grc' dir='ltr'>μάτων,</span> <span class='ocrx_word' id='word_1_221' title='bbox 656 1885 781 1943; x_wconf 91' lang='grc' dir='ltr'>ἀλλ’</span> <span class='ocrx_word' id='word_1_222' title='bbox 838 1890 903 1956; x_wconf 73' lang='grc' dir='ltr'><strong>ἦν</strong></span> <span class='ocrx_word' id='word_1_223' title='bbox 957 1886 1045 1941; x_wconf 79' lang='grc' dir='ltr'>ὅτε</span> <span class='ocrx_word' id='word_1_224' title='bbox 1090 1888 1177 1942; x_wconf 86' lang='lat' dir='ltr'><strong>xui</strong></span> <span class='ocrx_word' id='word_1_225' title='bbox 1229 1885 1347 1943; x_wconf 89' lang='grc' dir='ltr'>λίαν</span> <span class='ocrx_word' id='word_1_226' title='bbox 1390 1892 1626 1963; x_wconf 79' lang='grc' dir='ltr'>συνεχῶς</span> <span class='ocrx_word' id='word_1_227' title='bbox 1660 1890 1807 1963; x_wconf 86' lang='grc'>(46)·</span> <span class='ocrx_word' id='word_1_228' title='bbox 1841 1888 1929 1943; x_wconf 87' lang='grc' dir='ltr'><strong>καὶ</strong></span> <span class='ocrx_word' id='word_1_229' title='bbox 1977 1888 2039 1942; x_wconf 89' lang='grc' dir='ltr'>τὸ</span> 
     </span>
     <span class='ocr_line' id='line_1_33' title="bbox 499 1975 1995 1994; baseline -0.001 -1"><span class='ocrx_word' id='word_1_230' title='bbox 499 1981 509 1993; x_wconf 82' lang='lat'><strong>.</strong></span> <span class='ocrx_word' id='word_1_231' title='bbox 649 1977 662 1994; x_wconf 84' lang='grc'><em>,</em></span> <span class='ocrx_word' id='word_1_232' title='bbox 774 1977 788 1994; x_wconf 76' lang='grc'>,</span> <span class='ocrx_word' id='word_1_233' title='bbox 831 1978 855 1994; x_wconf 70' lang='grc' dir='ltr'>η</span> <span class='ocrx_word' id='word_1_234' title='bbox 921 1978 930 1994; x_wconf 73' lang='grc' dir='ltr'><strong>ι</strong></span> <span class='ocrx_word' id='word_1_235' title='bbox 1159 1975 1171 1994; x_wconf 69' lang='grc' dir='ltr'><strong><em>τ</em></strong></span> <span class='ocrx_word' id='word_1_236' title='bbox 1298 1978 1343 1994; x_wconf 52' lang='grc' dir='ltr'>..ι</span> <span class='ocrx_word' id='word_1_237' title='bbox 1586 1977 1599 1994; x_wconf 77' lang='grc'><strong>.</strong></span> <span class='ocrx_word' id='word_1_238' title='bbox 1696 1977 1722 1994; x_wconf 74' lang='grc' dir='ltr'><strong>ρ,</strong></span> <span class='ocrx_word' id='word_1_239' title='bbox 1839 1979 1851 1994; x_wconf 92' lang='grc'><strong>.</strong></span> <span class='ocrx_word' id='word_1_240' title='bbox 1969 1982 1995 1991; x_wconf 63' lang='grc' dir='ltr'><em>η</em></span> 
     </span>
    </p>
   </div>
   <div class='ocr_carea' id='block_1_33' title="bbox 2161 1885 3794 1994">
    <p class='ocr_par' dir='ltr' id='par_1_33' title="bbox 2161 1892 3794 1967">
     <span class='ocr_line' id='line_1_34' title="bbox 2161 1892 3794 1967; baseline 0.003 -20"><span class='ocrx_word' id='word_1_241' title='bbox 2161 1896 2390 1947; x_wconf 85' lang='lat' dir='ltr'><strong>brorum</strong></span> <span class='ocrx_word' id='word_1_242' title='bbox 2422 1892 2730 1948; x_wconf 89' lang='lat' dir='ltr'><strong>dissolutio</strong></span> <span class='ocrx_word' id='word_1_243' title='bbox 2760 1911 2771 1948; x_wconf 91' lang='lat'><strong>:</strong></span> <span class='ocrx_word' id='word_1_244' title='bbox 2797 1893 2975 1964; x_wconf 92' lang='lat' dir='ltr'><strong>idque</strong></span> <span class='ocrx_word' id='word_1_245' title='bbox 2998 1910 3112 1949; x_wconf 91' lang='lat' dir='ltr'><strong>non</strong></span> <span class='ocrx_word' id='word_1_246' title='bbox 3145 1911 3248 1966; x_wconf 89' lang='lat' dir='ltr'><strong>per</strong></span> <span class='ocrx_word' id='word_1_247' title='bbox 3276 1895 3451 1967; x_wconf 91' lang='lat' dir='ltr'><strong>longa</strong></span> <span class='ocrx_word' id='word_1_248' title='bbox 3471 1896 3794 1963; x_wconf 89' lang='lat' dir='ltr'><strong>intervalla,</strong></span> 
     </span>
    </p>
   </div>
   <div class='ocr_carea' id='block_1_34' title="bbox 386 1975 2035 2052">
    <p class='ocr_par' dir='ltr' id='par_1_34' title="bbox 386 1975 2035 2052">
     <span class='ocr_line' id='line_1_35' title="bbox 386 1975 2035 2052; baseline -0.002 -18"><span class='ocrx_word' id='word_1_249' title='bbox 386 1981 549 2034; x_wconf 84' lang='grc' dir='ltr'>κακὸν</span> <span class='ocrx_word' id='word_1_250' title='bbox 609 1977 708 2033; x_wconf 82' lang='grc' dir='ltr'><strong>οὐκ</strong></span> <span class='ocrx_word' id='word_1_251' title='bbox 764 1977 1096 2052; x_wconf 84' lang='grc' dir='ltr'>ἀνθρώπινον</span> <span class='ocrx_word' id='word_1_252' title='bbox 1155 1975 1456 2050; x_wconf 82' lang='grc' dir='ltr'><strong>ἐνομίζετο,</strong></span> <span class='ocrx_word' id='word_1_253' title='bbox 1513 1977 1602 2032; x_wconf 83' lang='grc' dir='ltr'><strong>καὶ</strong></span> <span class='ocrx_word' id='word_1_254' title='bbox 1662 1977 1783 2033; x_wconf 74' lang='grc' dir='ltr'>οὕτε</span> <span class='ocrx_word' id='word_1_255' title='bbox 1839 1979 2035 2051; x_wconf 74' lang='grc' dir='ltr'>ἱατρῶν</span> 
     </span>
    </p>
   </div>
   <div class='ocr_carea' id='block_1_35' title="bbox 388 2064 2036 2145">
    <p class='ocr_par' dir='ltr' id='par_1_35' title="bbox 388 2064 2036 2145">
     <span class='ocr_line' id='line_1_36' title="bbox 388 2064 2036 2145; baseline -0.001 -22"><span class='ocrx_word' id='word_1_256' title='bbox 388 2068 591 2145; x_wconf 70' lang='grc' dir='ltr'>ἤρκουν</span> <span class='ocrx_word' id='word_1_257' title='bbox 646 2068 836 2144; x_wconf 81' lang='grc' dir='ltr'>τὲχναι</span> <span class='ocrx_word' id='word_1_258' title='bbox 895 2064 1014 2120; x_wconf 83' lang='grc' dir='ltr'>λίαν</span> <span class='ocrx_word' id='word_1_259' title='bbox 1074 2066 1347 2139; x_wconf 77' lang='grc' dir='ltr'>ἐπιμελῶς</span> <span class='ocrx_word' id='word_1_260' title='bbox 1405 2064 1868 2140; x_wconf 64' lang='grc' dir='ltr'>διασκεπτομένων</span> <span class='ocrx_word' id='word_1_261' title='bbox 1914 2068 2036 2143; x_wconf 81' lang='grc' dir='ltr'>περὶ</span> 
     </span>
    </p>
   </div>
   <div class='ocr_carea' id='block_1_36' title="bbox 395 2154 2040 2229">
    <p class='ocr_par' dir='ltr' id='par_1_36' title="bbox 395 2154 2040 2229">
     <span class='ocr_line' id='line_1_37' title="bbox 395 2154 2040 2229; baseline -0.002 -16"><span class='ocrx_word' id='word_1_262' title='bbox 395 2163 493 2214; x_wconf 88' lang='grc' dir='ltr'><strong>τοῦ</strong></span> <span class='ocrx_word' id='word_1_263' title='bbox 524 2159 749 2229; x_wconf 80' lang='grc' dir='ltr'>πάθους,</span> <span class='ocrx_word' id='word_1_264' title='bbox 781 2156 871 2211; x_wconf 87' lang='grc' dir='ltr'><strong>καὶ</strong></span> <span class='ocrx_word' id='word_1_265' title='bbox 898 2157 1014 2211; x_wconf 86' lang='grc' dir='ltr'>καθ’</span> <span class='ocrx_word' id='word_1_266' title='bbox 1045 2156 1232 2210; x_wconf 73' lang='grc' dir='ltr'>ἑαυτὸν</span> <span class='ocrx_word' id='word_1_267' title='bbox 1274 2156 1517 2225; x_wconf 71' lang='grc' dir='ltr'>ἑκάστου,</span> <span class='ocrx_word' id='word_1_268' title='bbox 1566 2158 1656 2210; x_wconf 88' lang='grc' dir='ltr'><strong>καὶ</strong></span> <span class='ocrx_word' id='word_1_269' title='bbox 1715 2156 1806 2210; x_wconf 82' lang='grc' dir='ltr'>σὺν</span> <span class='ocrx_word' id='word_1_270' title='bbox 1865 2154 2040 2227; x_wconf 87' lang='grc' dir='ltr'>ἀλλή-</span> 
     </span>
    </p>
   </div>
   <div class='ocr_carea' id='block_1_37' title="bbox 392 2242 2035 2322">
    <p class='ocr_par' dir='ltr' id='par_1_37' title="bbox 392 2242 2035 2322">
     <span class='ocr_line' id='line_1_38' title="bbox 392 2242 2035 2322; baseline -0.002 -20"><span class='ocrx_word' id='word_1_271' title='bbox 392 2248 533 2317; x_wconf 90' lang='grc' dir='ltr'>λοις,</span> <span class='ocrx_word' id='word_1_272' title='bbox 568 2246 690 2302; x_wconf 84' lang='grc' dir='ltr'>οῦτε</span> <span class='ocrx_word' id='word_1_273' title='bbox 711 2247 910 2322; x_wconf 75' lang='grc' dir='ltr'>γονέων</span> <span class='ocrx_word' id='word_1_274' title='bbox 944 2242 1356 2321; x_wconf 84' lang='grc' dir='ltr'>δάκρυα,πολλά</span> <span class='ocrx_word' id='word_1_275' title='bbox 1380 2243 1650 2307; x_wconf 81' lang='grc' dir='ltr'>πολλάκις</span> <span class='ocrx_word' id='word_1_276' title='bbox 1682 2242 2035 2318; x_wconf 82' lang='grc' dir='ltr'>δεδυνημὲνα,</span> 
     </span>
    </p>
   </div>
   <div class='ocr_carea' id='block_1_38' title="bbox 392 2332 2037 2411">
    <p class='ocr_par' dir='ltr' id='par_1_38' title="bbox 392 2332 2037 2411">
     <span class='ocr_line' id='line_1_39' title="bbox 392 2332 2037 2411; baseline -0.002 -20"><span class='ocrx_word' id='word_1_277' title='bbox 392 2334 516 2391; x_wconf 77' lang='grc' dir='ltr'>οῦτε</span> <span class='ocrx_word' id='word_1_278' title='bbox 568 2333 850 2408; x_wconf 87' lang='grc' dir='ltr'>πάνδημοι</span> <span class='ocrx_word' id='word_1_279' title='bbox 909 2332 1055 2389; x_wconf 85' lang='grc' dir='ltr'>λιταὶ</span> <span class='ocrx_word' id='word_1_280' title='bbox 1113 2333 1202 2388; x_wconf 81' lang='grc' dir='ltr'><strong>καὶ</strong></span> <span class='ocrx_word' id='word_1_281' title='bbox 1254 2332 1502 2403; x_wconf 83' lang='grc' dir='ltr'>ἰσκεσίαι,</span> <span class='ocrx_word' id='word_1_282' title='bbox 1554 2333 1637 2401; x_wconf 77' lang='grc' dir='ltr'>ἂς,</span> <span class='ocrx_word' id='word_1_283' title='bbox 1670 2334 1743 2395; x_wconf 87' lang='grc' dir='ltr'>ὡς</span> <span class='ocrx_word' id='word_1_284' title='bbox 1776 2335 1906 2411; x_wconf 72' lang='grc' dir='ltr'>ὑπὲρ</span> <span class='ocrx_word' id='word_1_285' title='bbox 1938 2341 2037 2402; x_wconf 78' lang='grc' dir='ltr'><strong>τῆς</strong></span> 
     </span>
    </p>
   </div>
   <div class='ocr_carea' id='block_1_39' title="bbox 391 2420 2038 2499">
    <p class='ocr_par' dir='ltr' id='par_1_39' title="bbox 391 2420 2038 2499">
     <span class='ocr_line' id='line_1_40' title="bbox 391 2420 2038 2499; baseline -0.002 -19"><span class='ocrx_word' id='word_1_286' title='bbox 391 2424 579 2480; x_wconf 69' lang='grc' dir='ltr'>ἑαυτοῦ</span> <span class='ocrx_word' id='word_1_287' title='bbox 607 2423 877 2499; x_wconf 83' lang='grc' dir='ltr'>σωτηρίας</span> <span class='ocrx_word' id='word_1_288' title='bbox 906 2420 1150 2493; x_wconf 72' lang='grc' dir='ltr'>ἕκαστος,</span> <span class='ocrx_word' id='word_1_289' title='bbox 1184 2423 1462 2477; x_wconf 81' lang='grc' dir='ltr'>ἐποιοῦντο</span> <span class='ocrx_word' id='word_1_290' title='bbox 1505 2428 1609 2484; x_wconf 82' lang='grc' dir='ltr'><strong>πᾶς</strong></span> <span class='ocrx_word' id='word_1_291' title='bbox 1666 2425 1692 2477; x_wconf 86' lang='grc' dir='ltr'>ὁ</span> <span class='ocrx_word' id='word_1_292' title='bbox 1742 2423 1894 2485; x_wconf 88' lang='grc' dir='ltr'>λαός·</span> <span class='ocrx_word' id='word_1_293' title='bbox 1949 2423 2038 2478; x_wconf 85' lang='grc' dir='ltr'><strong>καὶ</strong></span> 
     </span>
    </p>
   </div>
   <div class='ocr_carea' id='block_1_40' title="bbox 388 2510 2037 2591">
    <p class='ocr_par' dir='ltr' id='par_1_40' title="bbox 388 2510 2037 2591">
     <span class='ocr_line' id='line_1_41' title="bbox 388 2510 2037 2591; baseline -0.001 -23"><span class='ocrx_word' id='word_1_294' title='bbox 388 2515 490 2591; x_wconf 76' lang='grc' dir='ltr'>γὰρ</span> <span class='ocrx_word' id='word_1_295' title='bbox 549 2514 616 2583; x_wconf 79' lang='grc' dir='ltr'><strong>ἦν</strong></span> <span class='ocrx_word' id='word_1_296' title='bbox 673 2513 833 2567; x_wconf 74' lang='grc' dir='ltr'>ἅπασι</span> <span class='ocrx_word' id='word_1_297' title='bbox 894 2511 1137 2586; x_wconf 82' lang='grc' dir='ltr'>σωτηρία</span> <span class='ocrx_word' id='word_1_298' title='bbox 1191 2512 1253 2566; x_wconf 86' lang='grc' dir='ltr'>τὸ</span> <span class='ocrx_word' id='word_1_299' title='bbox 1314 2510 1521 2582; x_wconf 79' lang='grc' dir='ltr'>ἐκείνην</span> <span class='ocrx_word' id='word_1_300' title='bbox 1589 2513 1870 2586; x_wconf 81' lang='grc' dir='ltr'>σώζεσθαι,</span> <span class='ocrx_word' id='word_1_301' title='bbox 1932 2511 2037 2566; x_wconf 81' lang='grc' dir='ltr'><strong>ὥσ-</strong></span> 
     </span>
    </p>
   </div>
   <div class='ocr_carea' id='block_1_41' title="bbox 388 2600 2037 2678">
    <p class='ocr_par' dir='ltr' id='par_1_41' title="bbox 388 2600 2037 2678">
     <span class='ocr_line' id='line_1_42' title="bbox 388 2600 2037 2678; baseline -0.001 -20"><span class='ocrx_word' id='word_1_302' title='bbox 388 2623 488 2677; x_wconf 84' lang='grc' dir='ltr'><strong>περ</strong></span> <span class='ocrx_word' id='word_1_303' title='bbox 519 2601 851 2672; x_wconf 67' lang='grc' dir='ltr'>τούναντίον,</span> <span class='ocrx_word' id='word_1_304' title='bbox 902 2600 1072 2666; x_wconf 81' lang='grc' dir='ltr'>πάθος</span> <span class='ocrx_word' id='word_1_305' title='bbox 1119 2600 1295 2656; x_wconf 83' lang='grc' dir='ltr'>κοινὸν</span> <span class='ocrx_word' id='word_1_306' title='bbox 1346 2601 1409 2655; x_wconf 87' lang='grc' dir='ltr'>τὸ</span> <span class='ocrx_word' id='word_1_307' title='bbox 1454 2605 1524 2675; x_wconf 75' lang='grc' dir='ltr'><strong>τῇ</strong></span> <span class='ocrx_word' id='word_1_308' title='bbox 1572 2601 1845 2678; x_wconf 72' lang='grc' dir='ltr'>ἀῤῥωστίᾳ</span> <span class='ocrx_word' id='word_1_309' title='bbox 1874 2623 2037 2657; x_wconf 85' lang='grc' dir='ltr'>κακο-</span> 
     </span>
    </p>
   </div>
   <div class='ocr_carea' id='block_1_42' title="bbox 388 2697 600 2758">
    <p class='ocr_par' dir='ltr' id='par_1_42' title="bbox 388 2697 600 2758">
     <span class='ocr_line' id='line_1_43' title="bbox 388 2697 600 2758; baseline 0.005 -9"><span class='ocrx_word' id='word_1_310' title='bbox 388 2697 600 2758; x_wconf 86' lang='grc' dir='ltr'>παθεῖν.</span> 
     </span>
    </p>
   </div>
   <div class='ocr_carea' id='block_1_43' title="bbox 462 2954 2040 3033">
    <p class='ocr_par' dir='ltr' id='par_1_43' title="bbox 462 2954 2040 3033">
     <span class='ocr_line' id='line_1_44' title="bbox 462 2954 2040 3033; baseline -0.001 -18"><span class='ocrx_word' id='word_1_311' title='bbox 462 2959 568 3015; x_wconf 83' lang='grc' dir='ltr'><strong>ΙΗ’.</strong></span> <span class='ocrx_word' id='word_1_312' title='bbox 597 2958 665 3014; x_wconf 88' lang='grc' dir='ltr'>Τί</span> <span class='ocrx_word' id='word_1_313' title='bbox 697 2957 787 3011; x_wconf 82' lang='grc' dir='ltr'><strong>οῦν</strong></span> <span class='ocrx_word' id='word_1_314' title='bbox 819 2959 854 3025; x_wconf 81' lang='grc' dir='ltr'>ἡ</span> <span class='ocrx_word' id='word_1_315' title='bbox 892 2954 1103 3031; x_wconf 82' lang='grc' dir='ltr'>μεγάλη</span> <span class='ocrx_word' id='word_1_316' title='bbox 1155 2956 1245 3010; x_wconf 79' lang='grc' dir='ltr'>καὶ</span> <span class='ocrx_word' id='word_1_317' title='bbox 1301 2962 1407 3011; x_wconf 80' lang='grc' dir='ltr'>τῶν</span> <span class='ocrx_word' id='word_1_318' title='bbox 1464 2957 1731 3033; x_wconf 83' lang='grc' dir='ltr'>μεγίστων</span> <span class='ocrx_word' id='word_1_319' title='bbox 1778 2960 1889 3032; x_wconf 87' lang='grc'>(47)</span> <span class='ocrx_word' id='word_1_320' title='bbox 1923 2958 2040 3032; x_wconf 82' lang='grc' dir='ltr'>ἀξία</span> 
     </span>
    </p>
   </div>
   <div class='ocr_carea' id='block_1_44' title="bbox 394 3043 2037 3124">
    <p class='ocr_par' dir='ltr' id='par_1_44' title="bbox 394 3043 2037 3124">
     <span class='ocr_line' id='line_1_45' title="bbox 394 3043 2037 3124; baseline 0.001 -25"><span class='ocrx_word' id='word_1_321' title='bbox 394 3046 572 3120; x_wconf 79' lang='grc' dir='ltr'>ψυχὴ,</span> <span class='ocrx_word' id='word_1_322' title='bbox 630 3044 720 3099; x_wconf 82' lang='grc' dir='ltr'><strong>καὶ</strong></span> <span class='ocrx_word' id='word_1_323' title='bbox 767 3044 848 3107; x_wconf 85' lang='grc' dir='ltr'><strong>τίς</strong></span> <span class='ocrx_word' id='word_1_324' title='bbox 897 3047 932 3112; x_wconf 76' lang='grc' dir='ltr'>ἡ</span> <span class='ocrx_word' id='word_1_325' title='bbox 979 3043 1182 3119; x_wconf 77' lang='grc' dir='ltr'>ἰατρεία</span> <span class='ocrx_word' id='word_1_326' title='bbox 1218 3049 1314 3099; x_wconf 91' lang='grc' dir='ltr'><strong>τοῦ</strong></span> <span class='ocrx_word' id='word_1_327' title='bbox 1363 3045 1598 3115; x_wconf 86' lang='grc' dir='ltr'>πάθους;</span> <span class='ocrx_word' id='word_1_328' title='bbox 1650 3049 1909 3101; x_wconf 82' lang='grc' dir='ltr'>Ἐνταῦθα</span> <span class='ocrx_word' id='word_1_329' title='bbox 1935 3049 2037 3124; x_wconf 81' lang='grc' dir='ltr'>γὰρ</span> 
     </span>
    </p>
   </div>
   <div class='ocr_carea' id='block_1_45' title="bbox 394 3131 2035 3211">
    <p class='ocr_par' dir='ltr' id='par_1_45' title="bbox 394 3131 2035 3211">
     <span class='ocr_line' id='line_1_46' title="bbox 394 3131 2035 3211; baseline 0.002 -24"><span class='ocrx_word' id='word_1_330' title='bbox 394 3131 505 3203; x_wconf 72' lang='grc' dir='ltr'><strong>ἤδη</strong></span> <span class='ocrx_word' id='word_1_331' title='bbox 565 3132 655 3186; x_wconf 86' lang='grc' dir='ltr'>καὶ</span> <span class='ocrx_word' id='word_1_332' title='bbox 711 3132 773 3188; x_wconf 88' lang='grc' dir='ltr'>τὸ</span> <span class='ocrx_word' id='word_1_333' title='bbox 848 3131 1175 3208; x_wconf 75' lang='grc' dir='ltr'>ἀπόῤῥητον.</span> <span class='ocrx_word' id='word_1_334' title='bbox 1252 3135 1472 3189; x_wconf 82' lang='grc' dir='ltr'>Πάντων</span> <span class='ocrx_word' id='word_1_335' title='bbox 1551 3136 1858 3211; x_wconf 72' lang='grc' dir='ltr'>ἀπογνοῦσα</span> <span class='ocrx_word' id='word_1_336' title='bbox 1929 3141 2035 3190; x_wconf 82' lang='grc' dir='ltr'><strong>τῶν</strong></span> 
     </span>
    </p>
   </div>
   <div class='ocr_carea' id='block_1_46' title="bbox 395 3221 2039 3301">
    <p class='ocr_par' dir='ltr' id='par_1_46' title="bbox 395 3221 2039 3301">
     <span class='ocr_line' id='line_1_47' title="bbox 395 3221 2039 3301; baseline 0.002 -24"><span class='ocrx_word' id='word_1_337' title='bbox 395 3221 606 3291; x_wconf 75' lang='grc' dir='ltr'>ἄλλων,</span> <span class='ocrx_word' id='word_1_338' title='bbox 634 3221 720 3276; x_wconf 80' lang='grc' dir='ltr'>ἐπὶ</span> <span class='ocrx_word' id='word_1_339' title='bbox 748 3221 840 3276; x_wconf 85' lang='grc' dir='ltr'>τὸν</span> <span class='ocrx_word' id='word_1_340' title='bbox 871 3221 1083 3276; x_wconf 87' lang='grc' dir='ltr'>πάντων</span> <span class='ocrx_word' id='word_1_341' title='bbox 1113 3222 1292 3299; x_wconf 79' lang='grc' dir='ltr'>ἰατρὸν</span> <span class='ocrx_word' id='word_1_342' title='bbox 1318 3222 1661 3301; x_wconf 76' lang='grc' dir='ltr'>καταφεύγει,</span> <span class='ocrx_word' id='word_1_343' title='bbox 1710 3226 1798 3279; x_wconf 80' lang='grc' dir='ltr'><strong>καὶ</strong></span> <span class='ocrx_word' id='word_1_344' title='bbox 1846 3225 2039 3287; x_wconf 83' lang='grc' dir='ltr'>νυκτὸς</span> 
     </span>
    </p>
   </div>
   <div class='ocr_carea' id='block_1_47' title="bbox 2146 1983 3788 2053">
    <p class='ocr_par' dir='ltr' id='par_1_47' title="bbox 2146 1983 3788 2053">
     <span class='ocr_line' id='line_1_48' title="bbox 2146 1983 3788 2053; baseline 0.004 -17"><span class='ocrx_word' id='word_1_345' title='bbox 2146 1983 2246 2037; x_wconf 85' lang='lat' dir='ltr'><strong>sed</strong></span> <span class='ocrx_word' id='word_1_346' title='bbox 2263 1998 2690 2052; x_wconf 89' lang='lat' dir='ltr'><strong>nonnunquam</strong></span> <span class='ocrx_word' id='word_1_347' title='bbox 2703 1983 2881 2038; x_wconf 87' lang='lat' dir='ltr'><strong>etiam</strong></span> <span class='ocrx_word' id='word_1_348' title='bbox 2899 1984 3219 2039; x_wconf 89' lang='lat' dir='ltr'><strong>admodum</strong></span> <span class='ocrx_word' id='word_1_349' title='bbox 3241 1985 3444 2040; x_wconf 89' lang='lat' dir='ltr'><strong>crebra</strong></span> <span class='ocrx_word' id='word_1_350' title='bbox 3457 1990 3514 2040; x_wconf 92' lang='lat' dir='ltr'><strong>et</strong></span> <span class='ocrx_word' id='word_1_351' title='bbox 3526 1985 3788 2053; x_wconf 87' lang='lat' dir='ltr'><strong>assidua;</strong></span> 
     </span>
    </p>
   </div>
   <div class='ocr_carea' id='block_1_48' title="bbox 2148 2071 3795 2145">
    <p class='ocr_par' dir='ltr' id='par_1_48' title="bbox 2148 2071 3795 2145">
     <span class='ocr_line' id='line_1_49' title="bbox 2148 2071 3795 2145; baseline 0.002 -19"><span class='ocrx_word' id='word_1_352' title='bbox 2148 2071 2488 2142; x_wconf 91' lang='lat' dir='ltr'><strong>malumque</strong></span> <span class='ocrx_word' id='word_1_353' title='bbox 2518 2071 2669 2127; x_wconf 73' lang='lat'><strong>229</strong></span> <span class='ocrx_word' id='word_1_354' title='bbox 2704 2072 2859 2126; x_wconf 90' lang='lat' dir='ltr'><strong>istud</strong></span> <span class='ocrx_word' id='word_1_355' title='bbox 2891 2071 3045 2127; x_wconf 89' lang='lat' dir='ltr'><strong>haud</strong></span> <span class='ocrx_word' id='word_1_356' title='bbox 3078 2072 3407 2127; x_wconf 91' lang='lat' dir='ltr'><strong>humanum</strong></span> <span class='ocrx_word' id='word_1_357' title='bbox 3424 2075 3795 2145; x_wconf 86' lang='lat' dir='ltr'><strong>essejudica-</strong></span> 
     </span>
    </p>
   </div>
   <div class='ocr_carea' id='block_1_49' title="bbox 2147 2160 3790 2233">
    <p class='ocr_par' dir='ltr' id='par_1_49' title="bbox 2147 2160 3790 2233">
     <span class='ocr_line' id='line_1_50' title="bbox 2147 2160 3790 2233; baseline 0.002 -18"><span class='ocrx_word' id='word_1_358' title='bbox 2147 2162 2339 2227; x_wconf 88' lang='lat' dir='ltr'><strong>batur,</strong></span> <span class='ocrx_word' id='word_1_359' title='bbox 2374 2175 2479 2214; x_wconf 92' lang='lat' dir='ltr'><strong>nec</strong></span> <span class='ocrx_word' id='word_1_360' title='bbox 2509 2160 2893 2225; x_wconf 89' lang='lat' dir='ltr'><strong>medicorum,</strong></span> <span class='ocrx_word' id='word_1_361' title='bbox 2925 2164 3050 2214; x_wconf 89' lang='lat' dir='ltr'><strong>tum</strong></span> <span class='ocrx_word' id='word_1_362' title='bbox 3085 2162 3423 2233; x_wconf 87' lang='lat' dir='ltr'><strong>separatim,</strong></span> <span class='ocrx_word' id='word_1_363' title='bbox 3457 2167 3583 2217; x_wconf 87' lang='lat' dir='ltr'><strong>tum</strong></span> <span class='ocrx_word' id='word_1_364' title='bbox 3614 2161 3790 2219; x_wconf 87' lang='lat' dir='ltr'><strong>etiam</strong></span> 
     </span>
    </p>
   </div>
   <div class='ocr_carea' id='block_1_50' title="bbox 2144 2248 3790 2321">
    <p class='ocr_par' dir='ltr' id='par_1_50' title="bbox 2144 2248 3790 2321">
     <span class='ocr_line' id='line_1_51' title="bbox 2144 2248 3790 2321; baseline 0.002 -18"><span class='ocrx_word' id='word_1_365' title='bbox 2144 2249 2298 2303; x_wconf 89' lang='lat' dir='ltr'><strong>inter</strong></span> <span class='ocrx_word' id='word_1_366' title='bbox 2329 2266 2391 2304; x_wconf 92' lang='lat' dir='ltr'><strong>se</strong></span> <span class='ocrx_word' id='word_1_367' title='bbox 2422 2249 2492 2303; x_wconf 91' lang='lat' dir='ltr'><strong>de</strong></span> <span class='ocrx_word' id='word_1_368' title='bbox 2523 2249 2726 2304; x_wconf 90' lang='lat' dir='ltr'><strong>morbo</strong></span> <span class='ocrx_word' id='word_1_369' title='bbox 2758 2248 2960 2303; x_wconf 91' lang='lat' dir='ltr'><strong>sedulo</strong></span> <span class='ocrx_word' id='word_1_370' title='bbox 2992 2248 3475 2318; x_wconf 86' lang='lat' dir='ltr'><strong>consultantium,</strong></span> <span class='ocrx_word' id='word_1_371' title='bbox 3507 2254 3683 2321; x_wconf 89' lang='lat' dir='ltr'><strong>artes,</strong></span> <span class='ocrx_word' id='word_1_372' title='bbox 3717 2252 3790 2307; x_wconf 89' lang='lat' dir='ltr'><strong>ad</strong></span> 
     </span>
    </p>
   </div>
   <div class='ocr_carea' id='block_1_51' title="bbox 2148 2335 3787 2410">
    <p class='ocr_par' dir='ltr' id='par_1_51' title="bbox 2148 2335 3787 2410">
     <span class='ocr_line' id='line_1_52' title="bbox 2148 2335 3787 2410; baseline 0.003 -19"><span class='ocrx_word' id='word_1_373' title='bbox 2148 2336 2612 2408; x_wconf 88' lang='lat' dir='ltr'><strong>propulsandum</strong></span> <span class='ocrx_word' id='word_1_374' title='bbox 2668 2335 2946 2406; x_wconf 86' lang='lat' dir='ltr'><strong>dolorem,</strong></span> <span class='ocrx_word' id='word_1_375' title='bbox 2988 2353 3156 2409; x_wconf 89' lang='lat' dir='ltr'><strong>pares</strong></span> <span class='ocrx_word' id='word_1_376' title='bbox 3188 2353 3317 2394; x_wconf 90' lang='lat' dir='ltr'><strong>esse</strong></span> <span class='ocrx_word' id='word_1_377' title='bbox 3339 2342 3623 2410; x_wconf 89' lang='lat' dir='ltr'><strong>poterant,</strong></span> <span class='ocrx_word' id='word_1_378' title='bbox 3683 2356 3787 2396; x_wconf 90' lang='lat' dir='ltr'><strong>nec</strong></span> 
     </span>
    </p>
   </div>
   <div class='ocr_carea' id='block_1_52' title="bbox 2147 2425 3791 2499">
    <p class='ocr_par' dir='ltr' id='par_1_52' title="bbox 2147 2425 3791 2499">
     <span class='ocr_line' id='line_1_53' title="bbox 2147 2425 3791 2499; baseline 0.002 -18"><span class='ocrx_word' id='word_1_379' title='bbox 2147 2430 2454 2499; x_wconf 89' lang='lat' dir='ltr'><strong>parentum</strong></span> <span class='ocrx_word' id='word_1_380' title='bbox 2469 2425 2894 2497; x_wconf 70' lang='lat' dir='ltr'><strong>lacrymae,quae</strong></span> <span class='ocrx_word' id='word_1_381' title='bbox 2913 2425 3165 2481; x_wconf 90' lang='lat' dir='ltr'><strong>multum</strong></span> <span class='ocrx_word' id='word_1_382' title='bbox 3185 2443 3336 2499; x_wconf 77' lang='lat' dir='ltr'><strong>saepe</strong></span> <span class='ocrx_word' id='word_1_383' title='bbox 3354 2426 3791 2499; x_wconf 88' lang='lat' dir='ltr'><strong>valuerant,nec</strong></span> 
     </span>
    </p>
   </div>
   <div class='ocr_carea' id='block_1_53' title="bbox 2147 2512 3796 2589">
    <p class='ocr_par' dir='ltr' id='par_1_53' title="bbox 2147 2512 3796 2589">
     <span class='ocr_line' id='line_1_54' title="bbox 2147 2512 3796 2589; baseline 0.003 -20"><span class='ocrx_word' id='word_1_384' title='bbox 2147 2514 2390 2587; x_wconf 67' lang='lat' dir='ltr'><strong>publicae</strong></span> <span class='ocrx_word' id='word_1_385' title='bbox 2408 2530 2607 2586; x_wconf 85' lang='lat' dir='ltr'><strong>preces</strong></span> <span class='ocrx_word' id='word_1_386' title='bbox 2619 2516 2674 2569; x_wconf 83' lang='lat' dir='ltr'><strong>et</strong></span> <span class='ocrx_word' id='word_1_387' title='bbox 2694 2512 2987 2586; x_wconf 79' lang='lat' dir='ltr'><strong>supplices</strong></span> <span class='ocrx_word' id='word_1_388' title='bbox 2999 2514 3557 2587; x_wconf 89' lang='lat' dir='ltr'><strong>orationes,quas,ut</strong></span> <span class='ocrx_word' id='word_1_389' title='bbox 3568 2534 3671 2589; x_wconf 91' lang='lat' dir='ltr'><strong>pro</strong></span> <span class='ocrx_word' id='word_1_390' title='bbox 3685 2534 3796 2574; x_wconf 85' lang='lat' dir='ltr'><strong>sua</strong></span> 
     </span>
    </p>
   </div>
   <div class='ocr_carea' id='block_1_54' title="bbox 2147 2602 3797 2676">
    <p class='ocr_par' dir='ltr' id='par_1_54' title="bbox 2147 2602 3797 2676">
     <span class='ocr_line' id='line_1_55' title="bbox 2147 2602 3797 2676; baseline 0.002 -17"><span class='ocrx_word' id='word_1_391' title='bbox 2147 2604 2398 2676; x_wconf 78' lang='lat' dir='ltr'><strong>quisque</strong></span> <span class='ocrx_word' id='word_1_392' title='bbox 2424 2602 2634 2669; x_wconf 90' lang='lat' dir='ltr'><strong>salute,</strong></span> <span class='ocrx_word' id='word_1_393' title='bbox 2658 2602 2910 2674; x_wconf 88' lang='lat' dir='ltr'><strong>populus</strong></span> <span class='ocrx_word' id='word_1_394' title='bbox 2945 2602 3252 2660; x_wconf 90' lang='lat' dir='ltr'><strong>universus</strong></span> <span class='ocrx_word' id='word_1_395' title='bbox 3289 2604 3559 2661; x_wconf 80' lang='lat' dir='ltr'><strong>faciebat.</strong></span> <span class='ocrx_word' id='word_1_396' title='bbox 3582 2606 3797 2664; x_wconf 88' lang='lat' dir='ltr'><strong>Omnes</strong></span> 
     </span>
    </p>
   </div>
   <div class='ocr_carea' id='block_1_55' title="bbox 2154 2691 3803 2762">
    <p class='ocr_par' dir='ltr' id='par_1_55' title="bbox 2154 2691 3803 2762">
     <span class='ocr_line' id='line_1_56' title="bbox 2154 2691 3803 2762; baseline 0.002 -12"><span class='ocrx_word' id='word_1_397' title='bbox 2154 2694 2309 2750; x_wconf 88' lang='lat' dir='ltr'><strong>enim</strong></span> <span class='ocrx_word' id='word_1_398' title='bbox 2325 2710 2389 2748; x_wconf 91' lang='lat' dir='ltr'><strong>eo</strong></span> <span class='ocrx_word' id='word_1_399' title='bbox 2402 2692 2597 2747; x_wconf 90' lang='lat' dir='ltr'><strong>animo</strong></span> <span class='ocrx_word' id='word_1_400' title='bbox 2608 2696 2865 2762; x_wconf 88' lang='lat' dir='ltr'><strong>erant,ut</strong></span> <span class='ocrx_word' id='word_1_401' title='bbox 2877 2691 3037 2747; x_wconf 88' lang='lat' dir='ltr'><strong>illius</strong></span> <span class='ocrx_word' id='word_1_402' title='bbox 3051 2692 3299 2749; x_wconf 85' lang='lat' dir='ltr'><strong>salutem</strong></span> <span class='ocrx_word' id='word_1_403' title='bbox 3315 2711 3483 2749; x_wconf 90' lang='lat' dir='ltr'><strong>suam</strong></span> <span class='ocrx_word' id='word_1_404' title='bbox 3497 2712 3626 2751; x_wconf 92' lang='lat' dir='ltr'><strong>esse</strong></span> <span class='ocrx_word' id='word_1_405' title='bbox 3647 2698 3729 2752; x_wconf 87' lang='lat' dir='ltr'><strong>sal</strong></span> <span class='ocrx_word' id='word_1_406' title='bbox 3741 2714 3803 2753; x_wconf 88' lang='lat' dir='ltr'><strong>u-</strong></span> 
     </span>
    </p>
   </div>
   <div class='ocr_carea' id='block_1_56' title="bbox 2146 2782 3803 2852">
    <p class='ocr_par' dir='ltr' id='par_1_56' title="bbox 2146 2782 3803 2852">
     <span class='ocr_line' id='line_1_57' title="bbox 2146 2782 3803 2852; baseline 0.001 -13"><span class='ocrx_word' id='word_1_407' title='bbox 2146 2788 2263 2840; x_wconf 90' lang='lat' dir='ltr'><strong>tem</strong></span> <span class='ocrx_word' id='word_1_408' title='bbox 2315 2784 2610 2850; x_wconf 89' lang='lat' dir='ltr'><strong>ducerent,</strong></span> <span class='ocrx_word' id='word_1_409' title='bbox 2664 2782 3161 2852; x_wconf 86' lang='lat' dir='ltr'><strong>quemadmodum</strong></span> <span class='ocrx_word' id='word_1_410' title='bbox 3204 2787 3407 2838; x_wconf 91' lang='lat' dir='ltr'><strong>contra</strong></span> <span class='ocrx_word' id='word_1_411' title='bbox 3454 2783 3613 2839; x_wconf 91' lang='lat' dir='ltr'><strong>illius</strong></span> <span class='ocrx_word' id='word_1_412' title='bbox 3648 2802 3803 2841; x_wconf 88' lang='lat' dir='ltr'><strong>mar-</strong></span> 
     </span>
    </p>
   </div>
   <div class='ocr_carea' id='block_1_57' title="bbox 2148 2869 3796 2940">
    <p class='ocr_par' dir='ltr' id='par_1_57' title="bbox 2148 2869 3796 2940">
     <span class='ocr_line' id='line_1_58' title="bbox 2148 2869 3796 2940; baseline 0.001 -13"><span class='ocrx_word' id='word_1_413' title='bbox 2148 2873 2688 2940; x_wconf 89' lang='lat' dir='ltr'><strong>bum,communem</strong></span> <span class='ocrx_word' id='word_1_414' title='bbox 2721 2869 2984 2924; x_wconf 90' lang='lat' dir='ltr'><strong>cmnium</strong></span> <span class='ocrx_word' id='word_1_415' title='bbox 3000 2870 3271 2925; x_wconf 89' lang='lat' dir='ltr'><strong>morbum</strong></span> <span class='ocrx_word' id='word_1_416' title='bbox 3303 2875 3360 2925; x_wconf 92' lang='lat' dir='ltr'><strong>et</strong></span> <span class='ocrx_word' id='word_1_417' title='bbox 3381 2870 3796 2929; x_wconf 86' lang='lat' dir='ltr'><strong>calamitatem.</strong></span> 
     </span>
    </p>
   </div>
   <div class='ocr_carea' id='block_1_58' title="bbox 2220 2956 3799 3030">
    <p class='ocr_par' dir='ltr' id='par_1_58' title="bbox 2220 2956 3799 3030">
     <span class='ocr_line' id='line_1_59' title="bbox 2220 2956 3799 3030; baseline 0.003 -17"><span class='ocrx_word' id='word_1_418' title='bbox 2220 2959 2415 3013; x_wconf 85' lang='lat' dir='ltr'><strong>XVIII.</strong></span> <span class='ocrx_word' id='word_1_419' title='bbox 2450 2958 2597 3021; x_wconf 88' lang='lat' dir='ltr'><strong>Quid</strong></span> <span class='ocrx_word' id='word_1_420' title='bbox 2628 2957 2807 3029; x_wconf 87' lang='lat' dir='ltr'><strong>igitur</strong></span> <span class='ocrx_word' id='word_1_421' title='bbox 2833 2974 3047 3028; x_wconf 88' lang='lat' dir='ltr'><strong>magna</strong></span> <span class='ocrx_word' id='word_1_422' title='bbox 3066 2956 3187 3023; x_wconf 91' lang='lat' dir='ltr'><strong>illa,</strong></span> <span class='ocrx_word' id='word_1_423' title='bbox 3212 2960 3597 3030; x_wconf 87' lang='lat' dir='ltr'><strong>maximisque</strong></span> <span class='ocrx_word' id='word_1_424' title='bbox 3622 2961 3799 3018; x_wconf 79' lang='lat' dir='ltr'><strong>rebus</strong></span> 
     </span>
    </p>
   </div>
   <div class='ocr_carea' id='block_1_59' title="bbox 2149 3045 3794 3119">
    <p class='ocr_par' dir='ltr' id='par_1_59' title="bbox 2149 3045 3794 3119">
     <span class='ocr_line' id='line_1_60' title="bbox 2149 3045 3794 3119; baseline 0.001 -17"><span class='ocrx_word' id='word_1_425' title='bbox 2149 3049 2324 3119; x_wconf 89' lang='lat' dir='ltr'><strong>digno</strong></span> <span class='ocrx_word' id='word_1_426' title='bbox 2356 3046 2553 3101; x_wconf 88' lang='lat' dir='ltr'><strong>anima</strong></span> <span class='ocrx_word' id='word_1_427' title='bbox 2575 3045 2731 3113; x_wconf 85' lang='lat' dir='ltr'><strong>facit,</strong></span> <span class='ocrx_word' id='word_1_428' title='bbox 2756 3050 2813 3099; x_wconf 90' lang='lat' dir='ltr'><strong>et</strong></span> <span class='ocrx_word' id='word_1_429' title='bbox 2852 3061 3029 3115; x_wconf 86' lang='lat' dir='ltr'><strong>quam</strong></span> <span class='ocrx_word' id='word_1_430' title='bbox 3061 3045 3245 3101; x_wconf 90' lang='lat' dir='ltr'><strong>dolori</strong></span> <span class='ocrx_word' id='word_1_431' title='bbox 3288 3047 3639 3103; x_wconf 89' lang='lat' dir='ltr'><strong>medicinam</strong></span> <span class='ocrx_word' id='word_1_432' title='bbox 3685 3049 3794 3104; x_wconf 88' lang='lat' dir='ltr'><strong>ad-</strong></span> 
     </span>
    </p>
   </div>
   <div class='ocr_carea' id='block_1_60' title="bbox 2149 3134 3793 3209">
    <p class='ocr_par' dir='ltr' id='par_1_60' title="bbox 2149 3134 3793 3209">
     <span class='ocr_line' id='line_1_61' title="bbox 2149 3134 3793 3209; baseline 0.002 -18"><span class='ocrx_word' id='word_1_433' title='bbox 2149 3135 2351 3191; x_wconf 86' lang='lat' dir='ltr'><strong>hibet?</strong></span> <span class='ocrx_word' id='word_1_434' title='bbox 2368 3136 2469 3189; x_wconf 88' lang='lat' dir='ltr'><strong>Hic</strong></span> <span class='ocrx_word' id='word_1_435' title='bbox 2492 3134 2647 3190; x_wconf 89' lang='lat' dir='ltr'><strong>enim</strong></span> <span class='ocrx_word' id='word_1_436' title='bbox 2674 3135 2797 3205; x_wconf 91' lang='lat' dir='ltr'><strong>jam</strong></span> <span class='ocrx_word' id='word_1_437' title='bbox 2822 3150 3100 3189; x_wconf 89' lang='lat' dir='ltr'><strong>arcanum</strong></span> <span class='ocrx_word' id='word_1_438' title='bbox 3123 3135 3302 3190; x_wconf 87' lang='lat' dir='ltr'><strong>situm</strong></span> <span class='ocrx_word' id='word_1_439' title='bbox 3325 3140 3432 3191; x_wconf 91' lang='lat' dir='ltr'><strong>est.</strong></span> <span class='ocrx_word' id='word_1_440' title='bbox 3458 3137 3793 3209; x_wconf 86' lang='lat' dir='ltr'><strong>Desperatis</strong></span> 
     </span>
    </p>
   </div>
   <div class='ocr_carea' id='block_1_61' title="bbox 2148 3220 3793 3293">
    <p class='ocr_par' dir='ltr' id='par_1_61' title="bbox 2148 3220 3793 3293">
     <span class='ocr_line' id='line_1_62' title="bbox 2148 3220 3793 3293; baseline 0 -12"><span class='ocrx_word' id='word_1_441' title='bbox 2148 3224 2420 3281; x_wconf 87' lang='lat' dir='ltr'><strong>omnibus</strong></span> <span class='ocrx_word' id='word_1_442' title='bbox 2446 3222 2577 3277; x_wconf 89' lang='lat' dir='ltr'><strong>aliis</strong></span> <span class='ocrx_word' id='word_1_443' title='bbox 2599 3220 2853 3293; x_wconf 82' lang='lat' dir='ltr'><strong>auxiliis,</strong></span> <span class='ocrx_word' id='word_1_444' title='bbox 2877 3223 2949 3277; x_wconf 91' lang='lat' dir='ltr'><strong>ad</strong></span> <span class='ocrx_word' id='word_1_445' title='bbox 2972 3222 3310 3279; x_wconf 88' lang='lat' dir='ltr'><strong>mortalium</strong></span> <span class='ocrx_word' id='word_1_446' title='bbox 3324 3225 3589 3281; x_wconf 91' lang='lat' dir='ltr'><strong>omnium</strong></span> <span class='ocrx_word' id='word_1_447' title='bbox 3610 3226 3793 3282; x_wconf 86' lang='lat' dir='ltr'><strong>medi-</strong></span> 
     </span>
    </p>
   </div>
   <div class='ocr_carea' id='block_1_62' title="bbox 396 3291 2041 3389">
    <p class='ocr_par' dir='ltr' id='par_1_62' title="bbox 396 3291 2035 3389">
     <span class='ocr_line' id='line_1_63' title="bbox 396 3291 2035 3389; baseline 0.002 -24"><span class='ocrx_word' id='word_1_448' title='bbox 396 3310 599 3387; x_wconf 87' lang='grc' dir='ltr'>ἀωρίαν</span> <span class='ocrx_word' id='word_1_449' title='bbox 655 3312 957 3386; x_wconf 80' lang='grc' dir='ltr'>τηρήσασα,</span> <span class='ocrx_word' id='word_1_450' title='bbox 1016 3291 1210 3387; x_wconf 78' lang='grc' dir='ltr'>μικρὸν</span> <span class='ocrx_word' id='word_1_451' title='bbox 1253 3291 1511 3384; x_wconf 74' lang='grc' dir='ltr'>ἐνδούσης</span> <span class='ocrx_word' id='word_1_452' title='bbox 1562 3291 1695 3387; x_wconf 80' lang='grc' dir='ltr'>αὐτῇ</span> <span class='ocrx_word' id='word_1_453' title='bbox 1734 3320 1833 3383; x_wconf 85' lang='grc' dir='ltr'><strong>τῆς</strong></span> <span class='ocrx_word' id='word_1_454' title='bbox 1858 3314 2035 3389; x_wconf 78' lang='grc' dir='ltr'>νόσου,</span> 
     </span>
    </p>
   </div>
   <div class='ocr_carea' id='block_1_63' title="bbox 2161 3291 3793 3389">
    <p class='ocr_par' dir='ltr' id='par_1_63' title="bbox 2161 3291 3793 3388">
     <span class='ocr_line' id='line_1_64' title="bbox 2161 3291 3793 3388; baseline 0.002 -19"><span class='ocrx_word' id='word_1_455' title='bbox 2161 3329 2282 3369; x_wconf 78' lang='lat' dir='ltr'><strong>:um</strong></span> <span class='ocrx_word' id='word_1_456' title='bbox 2315 3311 2597 3382; x_wconf 81' lang='lat' dir='ltr'><strong>confugit,</strong></span> <span class='ocrx_word' id='word_1_457' title='bbox 2630 3314 2804 3382; x_wconf 85' lang='lat' dir='ltr'><strong>atque</strong></span> <span class='ocrx_word' id='word_1_458' title='bbox 2832 3291 3184 3383; x_wconf 87' lang='lat' dir='ltr'><strong>intempesta</strong></span> <span class='ocrx_word' id='word_1_459' title='bbox 3213 3318 3379 3369; x_wconf 90' lang='lat' dir='ltr'><strong>nocte</strong></span> <span class='ocrx_word' id='word_1_460' title='bbox 3399 3319 3793 3388; x_wconf 88' lang='lat' dir='ltr'><strong>captata,cum</strong></span> 
     </span>
    </p>
   </div>
   <div class='ocr_carea' id='block_1_64' title="bbox 393 3400 2037 3478">
    <p class='ocr_par' dir='ltr' id='par_1_64' title="bbox 393 3400 2037 3478">
     <span class='ocr_line' id='line_1_65' title="bbox 393 3400 2037 3478; baseline 0.001 -22"><span class='ocrx_word' id='word_1_461' title='bbox 393 3405 473 3473; x_wconf 76' lang='grc' dir='ltr'><strong>τῷ</strong></span> <span class='ocrx_word' id='word_1_462' title='bbox 510 3400 877 3476; x_wconf 79' lang='grc' dir='ltr'>θυσιαστηρίῳ</span> <span class='ocrx_word' id='word_1_463' title='bbox 924 3401 1249 3478; x_wconf 85' lang='grc' dir='ltr'>προσπίπτει</span> <span class='ocrx_word' id='word_1_464' title='bbox 1300 3402 1434 3475; x_wconf 86' lang='grc' dir='ltr'><strong>μετά</strong></span> <span class='ocrx_word' id='word_1_465' title='bbox 1496 3409 1594 3472; x_wconf 81' lang='grc' dir='ltr'><strong>τῆς</strong></span> <span class='ocrx_word' id='word_1_466' title='bbox 1639 3401 1891 3475; x_wconf 83' lang='grc' dir='ltr'>πίστεως,</span> <span class='ocrx_word' id='word_1_467' title='bbox 1949 3404 2037 3458; x_wconf 81' lang='grc' dir='ltr'><strong>καὶ</strong></span> 
     </span>
    </p>
   </div>
   <div class='ocr_carea' id='block_1_65' title="bbox 393 3488 2039 3569">
    <p class='ocr_par' dir='ltr' id='par_1_65' title="bbox 393 3488 2039 3569">
     <span class='ocr_line' id='line_1_66' title="bbox 393 3488 2039 3569; baseline 0.002 -24"><span class='ocrx_word' id='word_1_468' title='bbox 393 3491 484 3546; x_wconf 87' lang='grc' dir='ltr'>τὸν</span> <span class='ocrx_word' id='word_1_469' title='bbox 519 3488 601 3545; x_wconf 69' lang='grc' dir='ltr'><strong>ἔπ’</strong></span> <span class='ocrx_word' id='word_1_470' title='bbox 631 3488 777 3562; x_wconf 80' lang='grc' dir='ltr'><strong>αὖτῷ</strong></span> <span class='ocrx_word' id='word_1_471' title='bbox 805 3491 1118 3563; x_wconf 81' lang='grc' dir='ltr'>τιμώμενον</span> <span class='ocrx_word' id='word_1_472' title='bbox 1144 3493 1253 3564; x_wconf 88' lang='grc'>(48)</span> <span class='ocrx_word' id='word_1_473' title='bbox 1285 3488 1697 3564; x_wconf 70' lang='grc' dir='ltr'>ἀνακαλουμένη</span> <span class='ocrx_word' id='word_1_474' title='bbox 1736 3492 1943 3569; x_wconf 83' lang='grc' dir='ltr'>μεγαλῃ</span> <span class='ocrx_word' id='word_1_475' title='bbox 1970 3498 2039 3567; x_wconf 79' lang='grc' dir='ltr'><strong>τῇ</strong></span> 
     </span>
    </p>
   </div>
   <div class='ocr_carea' id='block_1_66' title="bbox 401 3576 2038 3655">
    <p class='ocr_par' dir='ltr' id='par_1_66' title="bbox 401 3576 2038 3655">
     <span class='ocr_line' id='line_1_67' title="bbox 401 3576 2038 3655; baseline 0.001 -22"><span class='ocrx_word' id='word_1_476' title='bbox 401 3580 527 3655; x_wconf 81' lang='grc' dir='ltr'>βοῇ,</span> <span class='ocrx_word' id='word_1_477' title='bbox 560 3578 648 3633; x_wconf 83' lang='grc' dir='ltr'><strong>καὶ</strong></span> <span class='ocrx_word' id='word_1_478' title='bbox 678 3576 871 3641; x_wconf 86' lang='grc' dir='ltr'>πάσαις</span> <span class='ocrx_word' id='word_1_479' title='bbox 903 3585 1021 3641; x_wconf 84' lang='grc' dir='ltr'>ταῖς</span> <span class='ocrx_word' id='word_1_480' title='bbox 1060 3578 1309 3649; x_wconf 80' lang='grc' dir='ltr'>κλήσεσι,</span> <span class='ocrx_word' id='word_1_481' title='bbox 1357 3580 1446 3634; x_wconf 87' lang='lat' dir='ltr'><strong>xui</strong></span> <span class='ocrx_word' id='word_1_482' title='bbox 1495 3586 1676 3635; x_wconf 74' lang='grc' dir='ltr'>πασῶν</span> <span class='ocrx_word' id='word_1_483' title='bbox 1727 3581 1883 3637; x_wconf 78' lang='grc' dir='ltr'>αὐτὸν</span> <span class='ocrx_word' id='word_1_484' title='bbox 1932 3586 2038 3636; x_wconf 80' lang='grc' dir='ltr'>τῶν</span> 
     </span>
    </p>
   </div>
   <div class='ocr_carea' id='block_1_67' title="bbox 396 3665 2037 3747">
    <p class='ocr_par' dir='ltr' id='par_1_67' title="bbox 396 3665 2037 3747">
     <span class='ocr_line' id='line_1_68' title="bbox 396 3665 2037 3747; baseline 0.001 -24"><span class='ocrx_word' id='word_1_485' title='bbox 396 3670 621 3723; x_wconf 78' lang='grc' dir='ltr'>πώποτε</span> <span class='ocrx_word' id='word_1_486' title='bbox 650 3671 763 3741; x_wconf 85' lang='grc'>(49)</span> <span class='ocrx_word' id='word_1_487' title='bbox 796 3665 1071 3740; x_wconf 85' lang='grc' dir='ltr'>δυνάμεων</span> <span class='ocrx_word' id='word_1_488' title='bbox 1108 3668 1465 3739; x_wconf 84' lang='grc' dir='ltr'>ὑπομνήσασα</span> <span class='ocrx_word' id='word_1_489' title='bbox 1502 3671 1665 3747; x_wconf 76' lang='grc' dir='ltr'>(σοφή</span> <span class='ocrx_word' id='word_1_490' title='bbox 1716 3672 1815 3747; x_wconf 80' lang='grc' dir='ltr'><strong>γὰρ</strong></span> <span class='ocrx_word' id='word_1_491' title='bbox 1866 3670 2037 3741; x_wconf 78' lang='grc' dir='ltr'>ἐκείνη</span> 
     </span>
    </p>
   </div>
   <div class='ocr_carea' id='block_1_68' title="bbox 396 3754 2043 3828">
    <p class='ocr_par' dir='ltr' id='par_1_68' title="bbox 396 3754 2043 3828">
     <span class='ocr_line' id='line_1_69' title="bbox 396 3754 2043 3828; baseline 0.001 -16"><span class='ocrx_word' id='word_1_492' title='bbox 396 3758 485 3812; x_wconf 86' lang='lat' dir='ltr'><strong>xui</strong></span> <span class='ocrx_word' id='word_1_493' title='bbox 540 3758 608 3812; x_wconf 81' lang='grc' dir='ltr'>τὰ</span> <span class='ocrx_word' id='word_1_494' title='bbox 664 3756 872 3810; x_wconf 75' lang='grc' dir='ltr'>παλαιά</span> <span class='ocrx_word' id='word_1_495' title='bbox 926 3756 1015 3810; x_wconf 85' lang='lat' dir='ltr'><strong>xui</strong></span> <span class='ocrx_word' id='word_1_496' title='bbox 1071 3757 1139 3810; x_wconf 76' lang='grc' dir='ltr'>τὰ</span> <span class='ocrx_word' id='word_1_497' title='bbox 1184 3758 1317 3828; x_wconf 78' lang='grc' dir='ltr'>νέα),</span> <span class='ocrx_word' id='word_1_498' title='bbox 1368 3755 1526 3819; x_wconf 74' lang='grc' dir='ltr'>τέλος</span> <span class='ocrx_word' id='word_1_499' title='bbox 1578 3754 1768 3828; x_wconf 74' lang='grc' dir='ltr'>εὐσεϐῆ</span> <span class='ocrx_word' id='word_1_500' title='bbox 1809 3781 1927 3813; x_wconf 91' lang='grc' dir='ltr'>τινα</span> <span class='ocrx_word' id='word_1_501' title='bbox 1954 3760 2043 3813; x_wconf 89' lang='lat' dir='ltr'><strong>xui</strong></span> 
     </span>
    </p>
   </div>
   <div class='ocr_carea' id='block_1_69' title="bbox 397 3843 2042 3918">
    <p class='ocr_par' dir='ltr' id='par_1_69' title="bbox 397 3843 2042 3918">
     <span class='ocr_line' id='line_1_70' title="bbox 397 3843 2042 3918; baseline 0.001 -17"><span class='ocrx_word' id='word_1_502' title='bbox 397 3844 572 3915; x_wconf 80' lang='grc' dir='ltr'>καλὴν</span> <span class='ocrx_word' id='word_1_503' title='bbox 626 3843 1005 3918; x_wconf 71' lang='grc' dir='ltr'>ἀναισχυντίαν</span> <span class='ocrx_word' id='word_1_504' title='bbox 1054 3844 1433 3917; x_wconf 84' lang='grc' dir='ltr'>ἀναισχυντεῖ’</span> <span class='ocrx_word' id='word_1_505' title='bbox 1490 3851 1734 3917; x_wconf 81' lang='grc' dir='ltr'>μιμεῖται</span> <span class='ocrx_word' id='word_1_506' title='bbox 1776 3848 1874 3915; x_wconf 77' lang='grc' dir='ltr'>τὴν</span> <span class='ocrx_word' id='word_1_507' title='bbox 1926 3854 2042 3910; x_wconf 83' lang='grc' dir='ltr'>τοῖς</span> 
     </span>
    </p>
   </div>
   <div class='ocr_carea' id='block_1_70' title="bbox 398 3931 2044 4010">
    <p class='ocr_par' dir='ltr' id='par_1_70' title="bbox 398 3931 2044 4010">
     <span class='ocr_line' id='line_1_71' title="bbox 398 3931 2044 4010; baseline -0.001 -19"><span class='ocrx_word' id='word_1_508' title='bbox 398 3931 721 4010; x_wconf 70' lang='grc' dir='ltr'>κρασπέδοις</span> <span class='ocrx_word' id='word_1_509' title='bbox 779 3934 1012 4006; x_wconf 80' lang='grc' dir='ltr'>Χριστοῦ</span> <span class='ocrx_word' id='word_1_510' title='bbox 1070 3931 1362 4005; x_wconf 83' lang='grc' dir='ltr'>ξηράνασαν</span> <span class='ocrx_word' id='word_1_511' title='bbox 1420 3935 1602 4007; x_wconf 74' lang='grc' dir='ltr'>πηγὴν</span> <span class='ocrx_word' id='word_1_512' title='bbox 1640 3931 1885 4007; x_wconf 58' lang='grc' dir='ltr'>αἵματος.</span> <span class='ocrx_word' id='word_1_513' title='bbox 1945 3938 2044 3992; x_wconf 82' lang='grc' dir='ltr'><strong>Καὶ</strong></span> 
     </span>
    </p>
   </div>
   <div class='ocr_carea' id='block_1_71' title="bbox 400 4020 2048 4100">
    <p class='ocr_par' dir='ltr' id='par_1_71' title="bbox 400 4020 2048 4100">
     <span class='ocr_line' id='line_1_72' title="bbox 400 4020 2048 4100; baseline -0.007 -21"><span class='ocrx_word' id='word_1_514' title='bbox 400 4025 451 4079; x_wconf 87' lang='grc' dir='ltr'><strong>τί</strong></span> <span class='ocrx_word' id='word_1_515' title='bbox 480 4028 665 4092; x_wconf 87' lang='grc' dir='ltr'>ποιεῖ;</span> <span class='ocrx_word' id='word_1_516' title='bbox 698 4024 776 4093; x_wconf 78' lang='grc' dir='ltr'>τῷ</span> <span class='ocrx_word' id='word_1_517' title='bbox 807 4020 1171 4096; x_wconf 83' lang='grc' dir='ltr'>θυσιαστηρίῳ</span> <span class='ocrx_word' id='word_1_518' title='bbox 1217 4022 1317 4090; x_wconf 79' lang='grc' dir='ltr'><strong>τήν</strong></span> <span class='ocrx_word' id='word_1_519' title='bbox 1364 4020 1605 4099; x_wconf 72' lang='grc' dir='ltr'>κεφαλὴν</span> <span class='ocrx_word' id='word_1_520' title='bbox 1653 4023 1844 4093; x_wconf 70' lang='grc' dir='ltr'>ἑαυτῆς</span> <span class='ocrx_word' id='word_1_521' title='bbox 1883 4045 2048 4100; x_wconf 83' lang='grc' dir='ltr'>προσ-</span> 
     </span>
    </p>
   </div>
   <div class='ocr_carea' id='block_1_72' title="bbox 402 4107 2044 4188">
    <p class='ocr_par' dir='ltr' id='par_1_72' title="bbox 402 4107 2044 4188">
     <span class='ocr_line' id='line_1_73' title="bbox 402 4107 2044 4188; baseline 0.002 -22"><span class='ocrx_word' id='word_1_522' title='bbox 402 4115 551 4168; x_wconf 88' lang='grc' dir='ltr'>θεῖσα</span> <span class='ocrx_word' id='word_1_523' title='bbox 606 4113 717 4185; x_wconf 85' lang='grc'>(50)</span> <span class='ocrx_word' id='word_1_524' title='bbox 774 4110 907 4183; x_wconf 84' lang='grc' dir='ltr'>μετὰ</span> <span class='ocrx_word' id='word_1_525' title='bbox 963 4116 1061 4179; x_wconf 81' lang='grc' dir='ltr'><strong>τῆς</strong></span> <span class='ocrx_word' id='word_1_526' title='bbox 1112 4107 1233 4180; x_wconf 68' lang='grc' dir='ltr'>ἴσης</span> <span class='ocrx_word' id='word_1_527' title='bbox 1286 4111 1443 4186; x_wconf 78' lang='grc' dir='ltr'>βοῆς,</span> <span class='ocrx_word' id='word_1_528' title='bbox 1494 4113 1581 4165; x_wconf 79' lang='grc' dir='ltr'><strong>καὶ</strong></span> <span class='ocrx_word' id='word_1_529' title='bbox 1615 4109 1835 4188; x_wconf 74' lang='grc' dir='ltr'>δάκρυσι</span> <span class='ocrx_word' id='word_1_530' title='bbox 1884 4119 2044 4170; x_wconf 85' lang='grc' dir='ltr'>τοῦτο</span> 
     </span>
    </p>
   </div>
   <div class='ocr_carea' id='block_1_73' title="bbox 400 4196 2048 4278">
    <p class='ocr_par' dir='ltr' id='par_1_73' title="bbox 400 4196 2048 4278">
     <span class='ocr_line' id='line_1_74' title="bbox 400 4196 2048 4278; baseline 0.002 -22"><span class='ocrx_word' id='word_1_531' title='bbox 400 4200 705 4269; x_wconf 89' lang='grc' dir='ltr'>πλουσίοις,</span> <span class='ocrx_word' id='word_1_532' title='bbox 738 4198 915 4275; x_wconf 78' lang='grc' dir='ltr'>ὥσπερ</span> <span class='ocrx_word' id='word_1_533' title='bbox 944 4220 1027 4261; x_wconf 91' lang='grc' dir='ltr'><strong>τις</strong></span> <span class='ocrx_word' id='word_1_534' title='bbox 1058 4196 1227 4253; x_wconf 86' lang='grc' dir='ltr'>πάλαι</span> <span class='ocrx_word' id='word_1_535' title='bbox 1255 4199 1382 4262; x_wconf 79' lang='grc' dir='ltr'>τοὺς</span> <span class='ocrx_word' id='word_1_536' title='bbox 1429 4198 1598 4262; x_wconf 88' lang='grc' dir='ltr'>πόδας</span> <span class='ocrx_word' id='word_1_537' title='bbox 1651 4207 1887 4278; x_wconf 82' lang='grc' dir='ltr'>Χριστοῦ</span> <span class='ocrx_word' id='word_1_538' title='bbox 1936 4206 2048 4278; x_wconf 71' lang='grc'>(51)</span> 
     </span>
    </p>
   </div>
   <div class='ocr_carea' id='block_1_74' title="bbox 401 4284 2049 4368">
    <p class='ocr_par' dir='ltr' id='par_1_74' title="bbox 401 4284 2049 4368">
     <span class='ocr_line' id='line_1_75' title="bbox 401 4284 2049 4368; baseline 0.001 -23"><span class='ocrx_word' id='word_1_539' title='bbox 401 4284 833 4366; x_wconf 71' lang='grc' dir='ltr'>καταϐρέχουσα,</span> <span class='ocrx_word' id='word_1_540' title='bbox 863 4287 952 4343; x_wconf 81' lang='grc' dir='ltr'>καὶ</span> <span class='ocrx_word' id='word_1_541' title='bbox 989 4288 1063 4361; x_wconf 75' lang='grc' dir='ltr'>μὴ</span> <span class='ocrx_word' id='word_1_542' title='bbox 1097 4287 1356 4365; x_wconf 87' lang='grc' dir='ltr'>πρότερον</span> <span class='ocrx_word' id='word_1_543' title='bbox 1398 4288 1613 4360; x_wconf 85' lang='grc' dir='ltr'>ἀνήσειν</span> <span class='ocrx_word' id='word_1_544' title='bbox 1642 4291 1676 4359; x_wconf 76' lang='grc' dir='ltr'>ἢ</span> <span class='ocrx_word' id='word_1_545' title='bbox 1702 4297 1802 4360; x_wconf 78' lang='grc' dir='ltr'><strong>τῆς</strong></span> <span class='ocrx_word' id='word_1_546' title='bbox 1850 4292 2049 4368; x_wconf 85' lang='grc' dir='ltr'>ὑγιείας</span> 
     </span>
    </p>
   </div>
   <div class='ocr_carea' id='block_1_75' title="bbox 401 4378 2048 4457">
    <p class='ocr_par' dir='ltr' id='par_1_75' title="bbox 401 4378 2048 4457">
     <span class='ocr_line' id='line_1_76' title="bbox 401 4378 2048 4457; baseline 0.002 -24"><span class='ocrx_word' id='word_1_547' title='bbox 401 4385 588 4454; x_wconf 79' lang='grc' dir='ltr'>τυχεῖν</span> <span class='ocrx_word' id='word_1_548' title='bbox 621 4378 915 4433; x_wconf 74' lang='grc' dir='ltr'>ἀπειλοῦσα</span> <span class='ocrx_word' id='word_1_549' title='bbox 944 4380 1076 4451; x_wconf 84' lang='grc'>(52)’</span> <span class='ocrx_word' id='word_1_550' title='bbox 1111 4378 1225 4433; x_wconf 77' lang='grc' dir='ltr'>εἶτα</span> <span class='ocrx_word' id='word_1_551' title='bbox 1253 4400 1332 4451; x_wconf 83' lang='grc' dir='ltr'>τῳ</span> <span class='ocrx_word' id='word_1_552' title='bbox 1361 4380 1486 4453; x_wconf 88' lang='grc' dir='ltr'>παρ’</span> <span class='ocrx_word' id='word_1_553' title='bbox 1536 4380 1730 4449; x_wconf 72' lang='grc' dir='ltr'>ἑαυτῆς</span> <span class='ocrx_word' id='word_1_554' title='bbox 1780 4381 2048 4457; x_wconf 81' lang='grc' dir='ltr'>φαρμάκῳ</span> 
     </span>
    </p>
   </div>
   <div class='ocr_carea' id='block_1_76' title="bbox 401 4464 2047 4544">
    <p class='ocr_par' dir='ltr' id='par_1_76' title="bbox 401 4464 2047 4544">
     <span class='ocr_line' id='line_1_77' title="bbox 401 4464 2047 4544; baseline 0.001 -20"><span class='ocrx_word' id='word_1_555' title='bbox 401 4467 580 4541; x_wconf 81' lang='grc' dir='ltr'>τούτῳ</span> <span class='ocrx_word' id='word_1_556' title='bbox 609 4466 671 4523; x_wconf 75' lang='grc' dir='ltr'>τὸ</span> <span class='ocrx_word' id='word_1_557' title='bbox 703 4471 862 4541; x_wconf 79' lang='grc' dir='ltr'>σῶμα</span> <span class='ocrx_word' id='word_1_558' title='bbox 890 4472 993 4521; x_wconf 82' lang='grc' dir='ltr'><strong>πᾶν</strong></span> <span class='ocrx_word' id='word_1_559' title='bbox 1036 4464 1421 4544; x_wconf 76' lang='grc' dir='ltr'>ἐπαλείφουσα,</span> <span class='ocrx_word' id='word_1_560' title='bbox 1460 4467 1549 4523; x_wconf 86' lang='grc' dir='ltr'><strong>καὶ</strong></span> <span class='ocrx_word' id='word_1_561' title='bbox 1581 4466 1634 4522; x_wconf 79' lang='grc' dir='ltr'><strong>εἷ’</strong></span> <span class='ocrx_word' id='word_1_562' title='bbox 1682 4467 1787 4523; x_wconf 79' lang='grc' dir='ltr'><strong>πού</strong></span> <span class='ocrx_word' id='word_1_563' title='bbox 1840 4491 1889 4523; x_wconf 92' lang='grc' dir='ltr'><strong>τι</strong></span> <span class='ocrx_word' id='word_1_564' title='bbox 1940 4475 2047 4525; x_wconf 82' lang='grc' dir='ltr'>τῶν</span> 
     </span>
    </p>
   </div>
   <div class='ocr_carea' id='block_1_77' title="bbox 403 4554 2046 4630">
    <p class='ocr_par' dir='ltr' id='par_1_77' title="bbox 403 4554 2046 4630">
     <span class='ocr_line' id='line_1_78' title="bbox 403 4554 2046 4630; baseline 0.001 -19"><span class='ocrx_word' id='word_1_565' title='bbox 403 4554 704 4611; x_wconf 82' lang='grc' dir='ltr'>ἀντιτύπων</span> <span class='ocrx_word' id='word_1_566' title='bbox 737 4556 851 4629; x_wconf 86' lang='grc'>(53)</span> <span class='ocrx_word' id='word_1_567' title='bbox 878 4559 975 4609; x_wconf 87' lang='grc' dir='ltr'><strong>τοῦ</strong></span> <span class='ocrx_word' id='word_1_568' title='bbox 1002 4554 1189 4627; x_wconf 87' lang='grc' dir='ltr'>τιμίου</span> <span class='ocrx_word' id='word_1_569' title='bbox 1222 4557 1478 4628; x_wconf 85' lang='grc' dir='ltr'>σώματος</span> <span class='ocrx_word' id='word_1_570' title='bbox 1528 4557 1561 4625; x_wconf 78' lang='grc' dir='ltr'><strong>ἢ</strong></span> <span class='ocrx_word' id='word_1_571' title='bbox 1591 4561 1687 4611; x_wconf 88' lang='grc' dir='ltr'><strong>τοῦ</strong></span> <span class='ocrx_word' id='word_1_572' title='bbox 1745 4554 1981 4630; x_wconf 75' lang='grc' dir='ltr'>αἶ’ματος</span> <span class='ocrx_word' id='word_1_573' title='bbox 2012 4562 2046 4630; x_wconf 76' lang='grc' dir='ltr'>ἡ</span> 
     </span>
    </p>
   </div>
   <div class='ocr_carea' id='block_1_78' title="bbox 2149 3398 3791 3472">
    <p class='ocr_par' dir='ltr' id='par_1_78' title="bbox 2149 3398 3791 3472">
     <span class='ocr_line' id='line_1_79' title="bbox 2149 3398 3791 3472; baseline 0.001 -14"><span class='ocrx_word' id='word_1_574' title='bbox 2149 3403 2389 3458; x_wconf 86' lang='lat' dir='ltr'><strong>morbus</strong></span> <span class='ocrx_word' id='word_1_575' title='bbox 2422 3398 2691 3455; x_wconf 72' lang='lat' dir='ltr'><strong>nonnihil</strong></span> <span class='ocrx_word' id='word_1_576' title='bbox 2742 3400 3086 3472; x_wconf 87' lang='lat' dir='ltr'><strong>remisisset,</strong></span> <span class='ocrx_word' id='word_1_577' title='bbox 3119 3402 3189 3457; x_wconf 94' lang='lat' dir='ltr'><strong>ad</strong></span> <span class='ocrx_word' id='word_1_578' title='bbox 3244 3402 3423 3459; x_wconf 90' lang='lat' dir='ltr'><strong>altare</strong></span> <span class='ocrx_word' id='word_1_579' title='bbox 3483 3420 3615 3459; x_wconf 89' lang='lat' dir='ltr'><strong>cum</strong></span> <span class='ocrx_word' id='word_1_580' title='bbox 3676 3405 3791 3460; x_wconf 86' lang='lat' dir='ltr'><strong>ﬁde</strong></span> 
     </span>
    </p>
   </div>
   <div class='ocr_carea' id='block_1_79' title="bbox 2152 3490 3791 3565">
    <p class='ocr_par' dir='ltr' id='par_1_79' title="bbox 2152 3490 3791 3565">
     <span class='ocr_line' id='line_1_80' title="bbox 2152 3490 3791 3565; baseline -0.001 -17"><span class='ocrx_word' id='word_1_581' title='bbox 2152 3490 2500 3565; x_wconf 88' lang='lat' dir='ltr'><strong>procumbit,</strong></span> <span class='ocrx_word' id='word_1_582' title='bbox 2533 3506 2787 3561; x_wconf 88' lang='lat' dir='ltr'><strong>eumque</strong></span> <span class='ocrx_word' id='word_1_583' title='bbox 2817 3490 2916 3562; x_wconf 92' lang='lat' dir='ltr'><strong>qui</strong></span> <span class='ocrx_word' id='word_1_584' title='bbox 2949 3506 3125 3562; x_wconf 89' lang='lat' dir='ltr'><strong>super</strong></span> <span class='ocrx_word' id='word_1_585' title='bbox 3154 3491 3281 3563; x_wconf 90' lang='lat' dir='ltr'><strong>ipso</strong></span> <span class='ocrx_word' id='word_1_586' title='bbox 3311 3491 3634 3548; x_wconf 85' lang='lat' dir='ltr'><strong>honoratur</strong></span> <span class='ocrx_word' id='word_1_587' title='bbox 3656 3508 3791 3547; x_wconf 89' lang='lat' dir='ltr'><strong>cum</strong></span> 
     </span>
    </p>
   </div>
   <div class='ocr_carea' id='block_1_80' title="bbox 2152 3579 3794 3653">
    <p class='ocr_par' dir='ltr' id='par_1_80' title="bbox 2152 3579 3794 3653">
     <span class='ocr_line' id='line_1_81' title="bbox 2152 3579 3794 3653; baseline 0 -18"><span class='ocrx_word' id='word_1_588' title='bbox 2152 3580 2374 3653; x_wconf 87' lang='lat' dir='ltr'><strong>ingenti</strong></span> <span class='ocrx_word' id='word_1_589' title='bbox 2405 3579 2656 3635; x_wconf 89' lang='lat' dir='ltr'><strong>clamore</strong></span> <span class='ocrx_word' id='word_1_590' title='bbox 2688 3580 2983 3649; x_wconf 88' lang='lat' dir='ltr'><strong>invocans,</strong></span> <span class='ocrx_word' id='word_1_591' title='bbox 3034 3581 3425 3650; x_wconf 89' lang='lat' dir='ltr'><strong>omnibusque</strong></span> <span class='ocrx_word' id='word_1_592' title='bbox 3456 3580 3794 3637; x_wconf 89' lang='lat' dir='ltr'><strong>nominibus</strong></span> 
     </span>
    </p>
   </div>
   <div class='ocr_carea' id='block_1_81' title="bbox 2152 3668 3799 3742">
    <p class='ocr_par' dir='ltr' id='par_1_81' title="bbox 2152 3668 3799 3742">
     <span class='ocr_line' id='line_1_82' title="bbox 2152 3668 3799 3742; baseline 0.001 -19"><span class='ocrx_word' id='word_1_593' title='bbox 2152 3669 2476 3742; x_wconf 85' lang='lat' dir='ltr'><strong>appellans,</strong></span> <span class='ocrx_word' id='word_1_594' title='bbox 2508 3672 2681 3738; x_wconf 87' lang='lat' dir='ltr'><strong>atque</strong></span> <span class='ocrx_word' id='word_1_595' title='bbox 2710 3668 2907 3722; x_wconf 87' lang='lat' dir='ltr'><strong>omnia</strong></span> <span class='ocrx_word' id='word_1_596' title='bbox 2955 3684 3040 3735; x_wconf 91' lang='lat' dir='ltr'><strong>ea,</strong></span> <span class='ocrx_word' id='word_1_597' title='bbox 3074 3686 3198 3740; x_wconf 67' lang='lat' dir='ltr'><strong>quae</strong></span> <span class='ocrx_word' id='word_1_598' title='bbox 3232 3686 3494 3740; x_wconf 89' lang='lat' dir='ltr'><strong>unquam</strong></span> <span class='ocrx_word' id='word_1_599' title='bbox 3554 3668 3799 3724; x_wconf 81' lang='lat' dir='ltr'><strong>mirifice</strong></span> 
     </span>
    </p>
   </div>
   <div class='ocr_carea' id='block_1_82' title="bbox 2152 3755 3802 3829">
    <p class='ocr_par' dir='ltr' id='par_1_82' title="bbox 2152 3755 3802 3829">
     <span class='ocr_line' id='line_1_83' title="bbox 2152 3755 3802 3829; baseline -0.001 -17"><span class='ocrx_word' id='word_1_600' title='bbox 2152 3764 2432 3829; x_wconf 88' lang='lat' dir='ltr'><strong>gesserat,</strong></span> <span class='ocrx_word' id='word_1_601' title='bbox 2462 3755 2620 3810; x_wconf 88' lang='lat' dir='ltr'><strong>velut</strong></span> <span class='ocrx_word' id='word_1_602' title='bbox 2648 3755 2708 3809; x_wconf 90' lang='lat' dir='ltr'><strong>in</strong></span> <span class='ocrx_word' id='word_1_603' title='bbox 2742 3755 3085 3811; x_wconf 88' lang='lat' dir='ltr'><strong>memoriam</strong></span> <span class='ocrx_word' id='word_1_604' title='bbox 3114 3756 3165 3811; x_wconf 90' lang='lat' dir='ltr'><strong>ei</strong></span> <span class='ocrx_word' id='word_1_605' title='bbox 3197 3774 3473 3812; x_wconf 89' lang='lat' dir='ltr'><strong>revocans</strong></span> <span class='ocrx_word' id='word_1_606' title='bbox 3517 3762 3701 3825; x_wconf 92' lang='lat' dir='ltr'><strong>(nam,</strong></span> <span class='ocrx_word' id='word_1_607' title='bbox 3743 3762 3802 3812; x_wconf 88' lang='lat' dir='ltr'><strong>et</strong></span> 
     </span>
    </p>
   </div>
   <div class='ocr_carea' id='block_1_83' title="bbox 2152 3843 3803 3916">
    <p class='ocr_par' dir='ltr' id='par_1_83' title="bbox 2152 3843 3803 3916">
     <span class='ocr_line' id='line_1_84' title="bbox 2152 3843 3803 3916; baseline 0.001 -16"><span class='ocrx_word' id='word_1_608' title='bbox 2152 3850 2399 3912; x_wconf 87' lang='lat' dir='ltr'><strong>veteres,</strong></span> <span class='ocrx_word' id='word_1_609' title='bbox 2427 3850 2483 3898; x_wconf 90' lang='lat' dir='ltr'><strong>et</strong></span> <span class='ocrx_word' id='word_1_610' title='bbox 2510 3860 2688 3898; x_wconf 89' lang='lat' dir='ltr'><strong>novas</strong></span> <span class='ocrx_word' id='word_1_611' title='bbox 2719 3843 2995 3897; x_wconf 90' lang='lat' dir='ltr'><strong>historias</strong></span> <span class='ocrx_word' id='word_1_612' title='bbox 3025 3844 3312 3911; x_wconf 88' lang='lat' dir='ltr'><strong>callebat),</strong></span> <span class='ocrx_word' id='word_1_613' title='bbox 3346 3845 3584 3900; x_wconf 87' lang='lat' dir='ltr'><strong>tandem</strong></span> <span class='ocrx_word' id='word_1_614' title='bbox 3620 3844 3715 3916; x_wconf 86' lang='lat' dir='ltr'><strong>pia</strong></span> <span class='ocrx_word' id='word_1_615' title='bbox 3746 3850 3803 3901; x_wconf 87' lang='lat' dir='ltr'><strong>et</strong></span> 
     </span>
    </p>
   </div>
   <div class='ocr_carea' id='block_1_84' title="bbox 2154 3930 3801 4006">
    <p class='ocr_par' dir='ltr' id='par_1_84' title="bbox 2154 3930 3801 4006">
     <span class='ocr_line' id='line_1_85' title="bbox 2154 3930 3801 4006; baseline -0.001 -18"><span class='ocrx_word' id='word_1_616' title='bbox 2154 3933 2427 4006; x_wconf 80' lang='lat' dir='ltr'><strong>praeclara</strong></span> <span class='ocrx_word' id='word_1_617' title='bbox 2460 3931 2713 4002; x_wconf 89' lang='lat' dir='ltr'><strong>quadam</strong></span> <span class='ocrx_word' id='word_1_618' title='bbox 2748 3930 3112 4001; x_wconf 89' lang='lat' dir='ltr'><strong>impudentia</strong></span> <span class='ocrx_word' id='word_1_619' title='bbox 3164 3932 3417 3986; x_wconf 77' lang='lat' dir='ltr'><strong>effertur.</strong></span> <span class='ocrx_word' id='word_1_620' title='bbox 3478 3934 3641 4000; x_wconf 90' lang='lat' dir='ltr'><strong>Eam,</strong></span> <span class='ocrx_word' id='word_1_621' title='bbox 3675 3949 3801 4004; x_wconf 67' lang='lat' dir='ltr'><strong>quas</strong></span> 
     </span>
    </p>
   </div>
   <div class='ocr_carea' id='block_1_85' title="bbox 2155 4017 3803 4092">
    <p class='ocr_par' dir='ltr' id='par_1_85' title="bbox 2155 4017 3803 4092">
     <span class='ocr_line' id='line_1_86' title="bbox 2155 4017 3803 4092; baseline -0.001 -15"><span class='ocrx_word' id='word_1_622' title='bbox 2155 4021 2372 4078; x_wconf 89' lang='lat' dir='ltr'><strong>Christi</strong></span> <span class='ocrx_word' id='word_1_623' title='bbox 2405 4019 2638 4073; x_wconf 82' lang='lat' dir='ltr'><strong>fimbria</strong></span> <span class='ocrx_word' id='word_1_624' title='bbox 2664 4017 2972 4090; x_wconf 86' lang='lat' dir='ltr'><strong>sanguinis</strong></span> <span class='ocrx_word' id='word_1_625' title='bbox 3023 4018 3375 4089; x_wconf 84' lang='lat' dir='ltr'><strong>proﬂuvium</strong></span> <span class='ocrx_word' id='word_1_626' title='bbox 3432 4037 3803 4092; x_wconf 87' lang='lat' dir='ltr'><strong>compresse-</strong></span> 
     </span>
    </p>
   </div>
   <div class='ocr_carea' id='block_1_86' title="bbox 2157 4106 3800 4182">
    <p class='ocr_par' dir='ltr' id='par_1_86' title="bbox 2157 4106 3800 4182">
     <span class='ocr_line' id='line_1_87' title="bbox 2157 4106 3800 4182; baseline -0.001 -15"><span class='ocrx_word' id='word_1_627' title='bbox 2157 4115 2247 4167; x_wconf 87' lang='lat' dir='ltr'><strong>rat</strong></span> <span class='ocrx_word' id='word_1_628' title='bbox 2274 4110 2337 4178; x_wconf 67' lang='grc'><strong>⁵⁸⁸,</strong></span> <span class='ocrx_word' id='word_1_629' title='bbox 2364 4108 2648 4162; x_wconf 82' lang='lat' dir='ltr'><strong>imitatur.</strong></span> <span class='ocrx_word' id='word_1_630' title='bbox 2681 4106 2829 4170; x_wconf 88' lang='lat' dir='ltr'><strong>Quid</strong></span> <span class='ocrx_word' id='word_1_631' title='bbox 2863 4106 3018 4161; x_wconf 90' lang='lat' dir='ltr'><strong>enim</strong></span> <span class='ocrx_word' id='word_1_632' title='bbox 3041 4107 3208 4179; x_wconf 84' lang='lat' dir='ltr'><strong>agit?</strong></span> <span class='ocrx_word' id='word_1_633' title='bbox 3239 4112 3381 4164; x_wconf 89' lang='lat' dir='ltr'><strong>Cum</strong></span> <span class='ocrx_word' id='word_1_634' title='bbox 3422 4114 3597 4182; x_wconf 88' lang='lat' dir='ltr'><strong>caput</strong></span> <span class='ocrx_word' id='word_1_635' title='bbox 3623 4126 3800 4166; x_wconf 90' lang='lat' dir='ltr'><strong>suum</strong></span> 
     </span>
    </p>
   </div>
   <div class='ocr_carea' id='block_1_87' title="bbox 2158 4194 3799 4274">
    <p class='ocr_par' dir='ltr' id='par_1_87' title="bbox 2158 4194 3799 4274">
     <span class='ocr_line' id='line_1_88' title="bbox 2158 4194 3799 4274; baseline 0.001 -19"><span class='ocrx_word' id='word_1_636' title='bbox 2158 4200 2283 4274; x_wconf 89' lang='lat' dir='ltr'><strong>pari</strong></span> <span class='ocrx_word' id='word_1_637' title='bbox 2314 4214 2447 4254; x_wconf 88' lang='lat' dir='ltr'><strong>cum</strong></span> <span class='ocrx_word' id='word_1_638' title='bbox 2470 4195 2741 4265; x_wconf 87' lang='lat' dir='ltr'><strong>clamore,</strong></span> <span class='ocrx_word' id='word_1_639' title='bbox 2767 4194 3175 4268; x_wconf 82' lang='lat' dir='ltr'><strong>lacrymisque,</strong></span> <span class='ocrx_word' id='word_1_640' title='bbox 3201 4197 3416 4269; x_wconf 91' lang='lat' dir='ltr'><strong>quibus</strong></span> <span class='ocrx_word' id='word_1_641' title='bbox 3438 4199 3799 4269; x_wconf 90' lang='lat' dir='ltr'><strong>abundabat,</strong></span> 
     </span>
    </p>
   </div>
   <div class='ocr_carea' id='block_1_88' title="bbox 2160 4284 3801 4360">
    <p class='ocr_par' dir='ltr' id='par_1_88' title="bbox 2160 4284 3801 4360">
     <span class='ocr_line' id='line_1_89' title="bbox 2160 4284 3801 4360; baseline -0.002 -13"><span class='ocrx_word' id='word_1_642' title='bbox 2160 4288 2424 4347; x_wconf 88' lang='lat' dir='ltr'><strong>mulieris</strong></span> <span class='ocrx_word' id='word_1_643' title='bbox 2471 4285 2630 4340; x_wconf 91' lang='lat' dir='ltr'><strong>illius</strong></span> <span class='ocrx_word' id='word_1_644' title='bbox 2680 4284 2885 4351; x_wconf 87' lang='lat' dir='ltr'><strong>instar,</strong></span> <span class='ocrx_word' id='word_1_645' title='bbox 2919 4302 3043 4356; x_wconf 60' lang='lat' dir='ltr'><strong>quae</strong></span> <span class='ocrx_word' id='word_1_646' title='bbox 3075 4285 3215 4341; x_wconf 91' lang='lat' dir='ltr'><strong>olim</strong></span> <span class='ocrx_word' id='word_1_647' title='bbox 3245 4285 3459 4343; x_wconf 90' lang='lat' dir='ltr'><strong>Christi</strong></span> <span class='ocrx_word' id='word_1_648' title='bbox 3493 4289 3669 4360; x_wconf 89' lang='lat' dir='ltr'><strong>pedes</strong></span> <span class='ocrx_word' id='word_1_649' title='bbox 3717 4289 3801 4344; x_wconf 88' lang='lat' dir='ltr'><strong>ri-</strong></span> 
     </span>
    </p>
   </div>
   <div class='ocr_carea' id='block_1_89' title="bbox 2158 4373 3803 4453">
    <p class='ocr_par' dir='ltr' id='par_1_89' title="bbox 2158 4373 3803 4453">
     <span class='ocr_line' id='line_1_90' title="bbox 2158 4373 3803 4453; baseline -0.001 -19"><span class='ocrx_word' id='word_1_650' title='bbox 2158 4380 2315 4453; x_wconf 91' lang='lat' dir='ltr'><strong>gavit</strong></span> <span class='ocrx_word' id='word_1_651' title='bbox 2360 4378 2427 4444; x_wconf 63' lang='lat'><strong>9&quot;,</strong></span> <span class='ocrx_word' id='word_1_652' title='bbox 2458 4373 2627 4431; x_wconf 88' lang='lat' dir='ltr'><strong>altari</strong></span> <span class='ocrx_word' id='word_1_653' title='bbox 2683 4373 3057 4441; x_wconf 87' lang='lat' dir='ltr'><strong>admovisset,</strong></span> <span class='ocrx_word' id='word_1_654' title='bbox 3107 4391 3213 4429; x_wconf 90' lang='lat' dir='ltr'><strong>nec</strong></span> <span class='ocrx_word' id='word_1_655' title='bbox 3249 4392 3310 4431; x_wconf 88' lang='lat' dir='ltr'><strong>se</strong></span> <span class='ocrx_word' id='word_1_656' title='bbox 3342 4376 3503 4447; x_wconf 87' lang='lat' dir='ltr'><strong>prius</strong></span> <span class='ocrx_word' id='word_1_657' title='bbox 3533 4376 3690 4433; x_wconf 88' lang='lat' dir='ltr'><strong>istud</strong></span> <span class='ocrx_word' id='word_1_658' title='bbox 3713 4379 3803 4433; x_wconf 87' lang='lat' dir='ltr'><strong>di-</strong></span> 
     </span>
    </p>
   </div>
   <div class='ocr_carea' id='block_1_90' title="bbox 2161 4462 3805 4535">
    <p class='ocr_par' dir='ltr' id='par_1_90' title="bbox 2161 4462 3805 4535">
     <span class='ocr_line' id='line_1_91' title="bbox 2161 4462 3805 4535; baseline -0.002 -11"><span class='ocrx_word' id='word_1_659' title='bbox 2161 4469 2476 4524; x_wconf 87' lang='lat' dir='ltr'><strong>missuram</strong></span> <span class='ocrx_word' id='word_1_660' title='bbox 2507 4479 2635 4518; x_wconf 89' lang='lat' dir='ltr'><strong>esse</strong></span> <span class='ocrx_word' id='word_1_661' title='bbox 2659 4462 3085 4527; x_wconf 88' lang='lat' dir='ltr'><strong>denuntiasset,</strong></span> <span class='ocrx_word' id='word_1_662' title='bbox 3120 4480 3297 4535; x_wconf 90' lang='lat' dir='ltr'><strong>quam</strong></span> <span class='ocrx_word' id='word_1_663' title='bbox 3315 4465 3629 4521; x_wconf 84' lang='lat' dir='ltr'><strong>sanitatem</strong></span> <span class='ocrx_word' id='word_1_664' title='bbox 3651 4468 3805 4522; x_wconf 88' lang='lat' dir='ltr'><strong>obti-</strong></span> 
     </span>
    </p>
   </div>
   <div class='ocr_carea' id='block_1_91' title="bbox 2159 4550 3806 4626">
    <p class='ocr_par' dir='ltr' id='par_1_91' title="bbox 2159 4550 3806 4626">
     <span class='ocr_line' id='line_1_92' title="bbox 2159 4550 3806 4626; baseline -0.003 -12"><span class='ocrx_word' id='word_1_665' title='bbox 2159 4558 2386 4614; x_wconf 90' lang='lat' dir='ltr'><strong>nuisset</strong></span> <span class='ocrx_word' id='word_1_666' title='bbox 2410 4573 2423 4624; x_wconf 88' lang='lat'><strong>;</strong></span> <span class='ocrx_word' id='word_1_667' title='bbox 2443 4570 2509 4608; x_wconf 89' lang='lat' dir='ltr'><strong>ac</strong></span> <span class='ocrx_word' id='word_1_668' title='bbox 2538 4550 2746 4607; x_wconf 88' lang='lat' dir='ltr'><strong>deinde</strong></span> <span class='ocrx_word' id='word_1_669' title='bbox 2775 4552 2883 4607; x_wconf 90' lang='lat' dir='ltr'><strong>hoc</strong></span> <span class='ocrx_word' id='word_1_670' title='bbox 2900 4569 3005 4607; x_wconf 92' lang='lat' dir='ltr'><strong>suo</strong></span> <span class='ocrx_word' id='word_1_671' title='bbox 3037 4552 3353 4623; x_wconf 87' lang='lat' dir='ltr'><strong>pharmaco</strong></span> <span class='ocrx_word' id='word_1_672' title='bbox 3374 4570 3585 4626; x_wconf 88' lang='lat' dir='ltr'><strong>corpus</strong></span> <span class='ocrx_word' id='word_1_673' title='bbox 3615 4558 3806 4610; x_wconf 91' lang='lat' dir='ltr'><strong>totum</strong></span> 
     </span>
    </p>
   </div>
   <div class='ocr_carea' id='block_1_92' title="bbox 405 4639 2041 4722">
    <p class='ocr_par' dir='ltr' id='par_1_92' title="bbox 405 4642 2041 4722">
     <span class='ocr_line' id='line_1_93' title="bbox 405 4642 2041 4722; baseline 0.003 -23"><span class='ocrx_word' id='word_1_674' title='bbox 405 4645 531 4722; x_wconf 82' lang='grc' dir='ltr'>χεὶρ</span> <span class='ocrx_word' id='word_1_675' title='bbox 570 4642 939 4721; x_wconf 75' lang='grc' dir='ltr'>ἐθησαύρισεν,</span> <span class='ocrx_word' id='word_1_676' title='bbox 990 4647 1152 4699; x_wconf 91' lang='grc' dir='ltr'>τοῦτο</span> <span class='ocrx_word' id='word_1_677' title='bbox 1208 4648 1578 4721; x_wconf 81' lang='grc' dir='ltr'>καταμιγνῦσο.</span> <span class='ocrx_word' id='word_1_678' title='bbox 1631 4648 1743 4720; x_wconf 87' lang='grc'>(54)</span> <span class='ocrx_word' id='word_1_679' title='bbox 1790 4652 1908 4711; x_wconf 87' lang='grc' dir='ltr'>τοῖς</span> <span class='ocrx_word' id='word_1_680' title='bbox 1957 4645 2041 4704; x_wconf 87' lang='grc' dir='ltr'>δά-</span> 
     </span>
    </p>
   </div>
   <div class='ocr_carea' id='block_1_93' title="bbox 2161 4639 3811 4722">
    <p class='ocr_par' dir='ltr' id='par_1_93' title="bbox 2161 4639 3811 4721">
     <span class='ocr_line' id='line_1_94' title="bbox 2161 4639 3811 4721; baseline -0.003 -18"><span class='ocrx_word' id='word_1_681' title='bbox 2161 4644 2539 4721; x_wconf 85' lang='lat' dir='ltr'><strong>perfudisset;</strong></span> <span class='ocrx_word' id='word_1_682' title='bbox 2571 4640 2619 4695; x_wconf 91' lang='lat' dir='ltr'><strong>ei</strong></span> <span class='ocrx_word' id='word_1_683' title='bbox 2655 4639 2865 4711; x_wconf 89' lang='lat' dir='ltr'><strong>siquid</strong></span> <span class='ocrx_word' id='word_1_684' title='bbox 2896 4640 3129 4713; x_wconf 88' lang='lat' dir='ltr'><strong>uspiam</strong></span> <span class='ocrx_word' id='word_1_685' title='bbox 3153 4642 3549 4715; x_wconf 85' lang='lat' dir='ltr'><strong>autityporum</strong></span> <span class='ocrx_word' id='word_1_686' title='bbox 3569 4644 3811 4715; x_wconf 86' lang='lat' dir='ltr'><strong>pretiosi</strong></span> 
     </span>
    </p>
   </div>
   <div class='ocr_carea' id='block_1_94' title="bbox 475 4751 1478 4823">
    <p class='ocr_par' dir='ltr' id='par_1_94' title="bbox 475 4751 1478 4823">
     <span class='ocr_line' id='line_1_95' title="bbox 475 4751 1478 4823; baseline 0.001 -17"><span class='ocrx_word' id='word_1_687' title='bbox 475 4752 522 4787; x_wconf 83' lang='grc'><strong>²⁶</strong></span> <span class='ocrx_word' id='word_1_688' title='bbox 552 4751 757 4807; x_wconf 86' lang='lat' dir='ltr'><strong>Matth.</strong></span> <span class='ocrx_word' id='word_1_689' title='bbox 790 4768 867 4820; x_wconf 84' lang='lat' dir='ltr'><strong>Ix,</strong></span> <span class='ocrx_word' id='word_1_690' title='bbox 898 4753 988 4807; x_wconf 87' lang='lat'><strong>20.</strong></span> <span class='ocrx_word' id='word_1_691' title='bbox 1020 4753 1064 4786; x_wconf 74' lang='lat'><strong>’7</strong></span> <span class='ocrx_word' id='word_1_692' title='bbox 1095 4752 1232 4809; x_wconf 91' lang='lat' dir='ltr'><strong>Luc.</strong></span> <span class='ocrx_word' id='word_1_693' title='bbox 1258 4768 1359 4823; x_wconf 87' lang='lat' dir='ltr'><strong>vn,</strong></span> <span class='ocrx_word' id='word_1_694' title='bbox 1389 4753 1478 4808; x_wconf 89' lang='lat'><strong>38.</strong></span> 
     </span>
    </p>
   </div>
   <div class='ocr_carea' id='block_1_95' title="bbox 481 4853 2052 4929">
    <p class='ocr_par' dir='ltr' id='par_1_95' title="bbox 481 4853 2052 4929">
     <span class='ocr_line' id='line_1_96' title="bbox 481 4853 2052 4929; baseline 0.004 -19"><span class='ocrx_word' id='word_1_695' title='bbox 481 4856 593 4929; x_wconf 67' lang='lat'><strong>(42)</strong></span> <span class='ocrx_word' id='word_1_696' title='bbox 622 4853 857 4929; x_wconf 81' lang='grc' dir='ltr'>Έκείνου</span> <span class='ocrx_word' id='word_1_697' title='bbox 906 4864 1137 4927; x_wconf 80' lang='grc' dir='ltr'>ποιμήν.</span> <span class='ocrx_word' id='word_1_698' title='bbox 1201 4857 1343 4929; x_wconf 81' lang='lat' dir='ltr'><strong>Reg.</strong></span> <span class='ocrx_word' id='word_1_699' title='bbox 1394 4856 1497 4929; x_wconf 90' lang='lat' dir='ltr'><strong>hu,</strong></span> <span class='ocrx_word' id='word_1_700' title='bbox 1558 4857 1653 4914; x_wconf 71' lang='grc' dir='ltr'>ΟΡ.</span> <span class='ocrx_word' id='word_1_701' title='bbox 1693 4861 1882 4917; x_wconf 85' lang='lat' dir='ltr'><strong>etJes.</strong></span> <span class='ocrx_word' id='word_1_702' title='bbox 1932 4882 2052 4917; x_wconf 86' lang='grc' dir='ltr'>ποι-</span> 
     </span>
    </p>
   </div>
   <div class='ocr_carea' id='block_1_96' title="bbox 418 4924 771 4999">
    <p class='ocr_par' dir='ltr' id='par_1_96' title="bbox 418 4924 771 4999">
     <span class='ocr_line' id='line_1_97' title="bbox 418 4924 771 4999; baseline 0.006 -19"><span class='ocrx_word' id='word_1_703' title='bbox 418 4924 525 4999; x_wconf 61' lang='grc' dir='ltr'>μὴν</span> <span class='ocrx_word' id='word_1_704' title='bbox 546 4924 771 4982; x_wconf 72' lang='grc' dir='ltr'>ἐκείνου.</span> 
     </span>
    </p>
   </div>
   <div class='ocr_carea' id='block_1_97' title="bbox 506 4998 2048 5071">
    <p class='ocr_par' dir='ltr' id='par_1_97' title="bbox 506 4998 2048 5071">
     <span class='ocr_line' id='line_1_98' title="bbox 506 4998 2048 5071; baseline 0.008 -20"><span class='ocrx_word' id='word_1_705' title='bbox 506 4998 595 5071; x_wconf 65' lang='grc'>43)</span> <span class='ocrx_word' id='word_1_706' title='bbox 624 4998 837 5071; x_wconf 65' lang='grc' dir='ltr'>Ἐσμέν.</span> <span class='ocrx_word' id='word_1_707' title='bbox 873 5002 1043 5054; x_wconf 89' lang='lat' dir='ltr'><strong>Deest</strong></span> <span class='ocrx_word' id='word_1_708' title='bbox 1069 4998 1128 5053; x_wconf 90' lang='lat' dir='ltr'><strong>in</strong></span> <span class='ocrx_word' id='word_1_709' title='bbox 1160 5003 1338 5071; x_wconf 86' lang='lat' dir='ltr'><strong>Regg.</strong></span> <span class='ocrx_word' id='word_1_710' title='bbox 1375 5016 1430 5071; x_wconf 88' lang='lat' dir='ltr'><strong>a_,</strong></span> <span class='ocrx_word' id='word_1_711' title='bbox 1460 5000 1579 5071; x_wconf 87' lang='lat' dir='ltr'><strong>bm.</strong></span> <span class='ocrx_word' id='word_1_712' title='bbox 1611 5000 1713 5070; x_wconf 91' lang='lat' dir='ltr'><strong>hu,</strong></span> <span class='ocrx_word' id='word_1_713' title='bbox 1774 5003 1868 5060; x_wconf 90' lang='lat' dir='ltr'><strong>Or.</strong></span> <span class='ocrx_word' id='word_1_714' title='bbox 1928 5005 2048 5063; x_wconf 90' lang='lat' dir='ltr'><strong>Jes.</strong></span> 
     </span>
    </p>
   </div>
   <div class='ocr_carea' id='block_1_98' title="bbox 406 5020 1659 5149">
    <p class='ocr_par' dir='ltr' id='par_1_98' title="bbox 406 5020 1659 5149">
     <span class='ocr_line' id='line_1_99' title="bbox 506 5020 1659 5071; baseline 0.004 -20"><span class='ocrx_word' id='word_1_715' title='bbox 506 5020 713 5065; x_wconf 64' lang='lat'><strong>‘10)130&#39;</strong></span> <span class='ocrx_word' id='word_1_716' title='bbox 762 5020 837 5053; x_wconf 79' lang='grc' dir='ltr'><strong>εν.</strong></span> <span class='ocrx_word' id='word_1_717' title='bbox 873 5020 1043 5054; x_wconf 66' lang='grc' dir='ltr'><strong>υϐθει</strong></span> <span class='ocrx_word' id='word_1_718' title='bbox 1070 5020 1128 5053; x_wconf 82' lang='grc'>111</span> <span class='ocrx_word' id='word_1_719' title='bbox 1160 5020 1338 5071; x_wconf 76' lang='lat' dir='ltr'><strong>negg.</strong></span> <span class='ocrx_word' id='word_1_720' title='bbox 1375 5020 1430 5064; x_wconf 71' lang='lat' dir='ltr'><strong>ﬂ,</strong></span> <span class='ocrx_word' id='word_1_721' title='bbox 1462 5020 1579 5055; x_wconf 79' lang='lat' dir='ltr'><strong>Din.</strong></span> <span class='ocrx_word' id='word_1_722' title='bbox 1612 5020 1659 5056; x_wconf 76' lang='lat' dir='ltr'><strong>n‘</strong></span> 
     </span>
     <span class='ocr_line' id='line_1_100' title="bbox 406 5020 1659 5149; baseline 0 0"><span class='ocrx_word' id='word_1_723' title='bbox 406 5139 418 5149; x_wconf 91' lang='lat'><strong>.</strong></span> <span class='ocrx_word' id='word_1_724' title='bbox 486 5020 599 5149; x_wconf 55' lang='lat' dir='ltr'><strong>iit)</strong></span> <span class='ocrx_word' id='word_1_725' title='bbox 632 5020 989 5149; x_wconf 48' lang='grc' dir='ltr'><strong>ῗυδῗοὲξωιέεν·</strong></span> <span class='ocrx_word' id='word_1_726' title='bbox 1024 5071 1165 5149; x_wconf 68' lang='lat' dir='ltr'><strong>Pses-</strong></span> <span class='ocrx_word' id='word_1_727' title='bbox 1198 5071 1302 5149; x_wconf 55' lang='lat'><strong>119,</strong></span> <span class='ocrx_word' id='word_1_728' title='bbox 1327 5068 1659 5149; x_wconf 47' lang='grc' dir='ltr'>,φυλάξομεν</span> 
     </span>
    </p>
   </div>
   <div class='ocr_carea' id='block_1_99' title="bbox 486 5141 1695 5216">
    <p class='ocr_par' dir='ltr' id='par_1_99' title="bbox 486 5141 1695 5216">
     <span class='ocr_line' id='line_1_101' title="bbox 486 5141 1695 5216; baseline 0.006 -24"><span class='ocrx_word' id='word_1_729' title='bbox 630 5141 844 5215; x_wconf 83' lang='grc' dir='ltr'>Καιρός.</span> <span class='ocrx_word' id='word_1_730' title='bbox 878 5141 1019 5213; x_wconf 82' lang='lat' dir='ltr'><strong>Reg.</strong></span> <span class='ocrx_word' id='word_1_731' title='bbox 1055 5141 1161 5216; x_wconf 82' lang='lat' dir='ltr'><strong>hu,</strong></span> <span class='ocrx_word' id='word_1_732' title='bbox 1190 5141 1366 5216; x_wconf 69' lang='lat' dir='ltr'><strong>Coisl&#39;.</strong></span> <span class='ocrx_word' id='word_1_733' title='bbox 1407 5144 1457 5208; x_wconf 82' lang='lat'><strong>1,</strong></span> <span class='ocrx_word' id='word_1_734' title='bbox 1489 5142 1695 5216; x_wconf 83' lang='grc' dir='ltr'>καιρόν.</span> 
     </span>
    </p>
   </div>
   <div class='ocr_carea' id='block_1_100' title="bbox 484 5212 2056 5295">
    <p class='ocr_par' dir='ltr' id='par_1_100' title="bbox 484 5212 2056 5295">
     <span class='ocr_line' id='line_1_102' title="bbox 484 5212 2056 5295; baseline 0.006 -31"><span class='ocrx_word' id='word_1_735' title='bbox 484 5212 597 5295; x_wconf 68' lang='grc'>(46)</span> <span class='ocrx_word' id='word_1_736' title='bbox 630 5212 905 5287; x_wconf 72' lang='grc' dir='ltr'>Συνέχῶς.</span> <span class='ocrx_word' id='word_1_737' title='bbox 939 5212 1117 5285; x_wconf 85' lang='lat' dir='ltr'><strong>Regg.</strong></span> <span class='ocrx_word' id='word_1_738' title='bbox 1152 5215 1273 5285; x_wconf 87' lang='lat' dir='ltr'><strong>bm,</strong></span> <span class='ocrx_word' id='word_1_739' title='bbox 1306 5214 1409 5282; x_wconf 91' lang='lat' dir='ltr'><strong>hu,</strong></span> <span class='ocrx_word' id='word_1_740' title='bbox 1442 5220 1559 5270; x_wconf 89' lang='lat' dir='ltr'><strong>tres</strong></span> <span class='ocrx_word' id='word_1_741' title='bbox 1587 5212 1750 5287; x_wconf 80' lang='lat' dir='ltr'><strong>Colb.</strong></span> <span class='ocrx_word' id='word_1_742' title='bbox 1786 5216 1880 5272; x_wconf 92' lang='lat' dir='ltr'><strong>0r.</strong></span> <span class='ocrx_word' id='word_1_743' title='bbox 1936 5239 2056 5273; x_wconf 88' lang='grc' dir='ltr'>συν-</span> 
     </span>
    </p>
   </div>
   <div class='ocr_carea' id='block_1_101' title="bbox 416 5303 580 5339">
    <p class='ocr_par' dir='ltr' id='par_1_101' title="bbox 416 5303 580 5339">
     <span class='ocr_line' id='line_1_103' title="bbox 416 5303 580 5339; baseline 0.012 -2"><span class='ocrx_word' id='word_1_744' title='bbox 416 5303 479 5339; x_wconf 84' lang='grc' dir='ltr'><strong>εγ</strong></span> <span class='ocrx_word' id='word_1_745' title='bbox 489 5304 580 5339; x_wconf 87' lang='grc' dir='ltr'><strong>ων.</strong></span> 
     </span>
    </p>
   </div>
   <div class='ocr_carea' id='block_1_102' title="bbox 445 5302 2059 5434">
    <p class='ocr_par' dir='ltr' id='par_1_102' title="bbox 445 5302 2059 5434">
     <span class='ocr_line' id='line_1_104' title="bbox 445 5302 2059 5434; baseline 0.016 -1"><span class='ocrx_word' id='word_1_746' title='bbox 445 5302 593 5434; x_wconf 39' lang='grc' dir='ltr'><strong>Ἐξ)</strong></span> <span class='ocrx_word' id='word_1_747' title='bbox 623 5357 739 5408; x_wconf 83' lang='grc' dir='ltr'><strong>Τῶν</strong></span> <span class='ocrx_word' id='word_1_748' title='bbox 803 5353 1066 5434; x_wconf 41' lang='lat' dir='ltr'><strong>mea»</strong></span> <span class='ocrx_word' id='word_1_749' title='bbox 1121 5360 1253 5412; x_wconf 70' lang='grc' dir='ltr'>Ηίθο</span> <span class='ocrx_word' id='word_1_750' title='bbox 1311 5357 1381 5412; x_wconf 73' lang='lat' dir='ltr'><strong>de</strong></span> <span class='ocrx_word' id='word_1_751' title='bbox 1436 5358 1780 5429; x_wconf 62' lang='lat' dir='ltr'><strong>Parentibus</strong></span> <span class='ocrx_word' id='word_1_752' title='bbox 1840 5360 2059 5434; x_wconf 62' lang='lat' dir='ltr'><strong>Gorgo&#39;</strong></span> 
     </span>
    </p>
   </div>
   <div class='ocr_carea' id='block_1_103' title="bbox 415 5426 1092 5515">
    <p class='ocr_par' dir='ltr' id='par_1_103' title="bbox 415 5426 1092 5515">
     <span class='ocr_line' id='line_1_105' title="bbox 415 5426 1092 5515; baseline -0.001 -32"><span class='ocrx_word' id='word_1_753' title='bbox 415 5426 799 5515; x_wconf 45' lang='lat' dir='ltr'><strong>niaanpo&#39;s&#39;suut</strong></span> <span class='ocrx_word' id='word_1_754' title='bbox 824 5426 1092 5515; x_wconf 70' lang='lat' dir='ltr'><strong>intelligi.</strong></span> 
     </span>
    </p>
   </div>
   <div class='ocr_carea' id='block_1_104' title="bbox 482 5497 2063 5573">
    <p class='ocr_par' dir='ltr' id='par_1_104' title="bbox 482 5497 2063 5573">
     <span class='ocr_line' id='line_1_106' title="bbox 482 5497 2063 5573; baseline 0.003 -20"><span class='ocrx_word' id='word_1_755' title='bbox 482 5497 595 5571; x_wconf 84' lang='grc'>(48)</span> <span class='ocrx_word' id='word_1_756' title='bbox 617 5498 714 5573; x_wconf 78' lang='grc' dir='ltr'>Καὶ</span> <span class='ocrx_word' id='word_1_757' title='bbox 744 5499 835 5573; x_wconf 81' lang='grc' dir='ltr'>τὸν</span> <span class='ocrx_word' id='word_1_758' title='bbox 869 5498 949 5554; x_wconf 76' lang='grc' dir='ltr'><strong>ἐπ’</strong></span> <span class='ocrx_word' id='word_1_759' title='bbox 979 5497 1126 5573; x_wconf 67' lang='grc' dir='ltr'>αὐτῷ</span> <span class='ocrx_word' id='word_1_760' title='bbox 1172 5497 1505 5569; x_wconf 86' lang='grc' dir='ltr'>τιμώμενον.</span> <span class='ocrx_word' id='word_1_761' title='bbox 1574 5501 1870 5573; x_wconf 77' lang='lat' dir='ltr'><strong>Chrysost.</strong></span> <span class='ocrx_word' id='word_1_762' title='bbox 1932 5522 2063 5573; x_wconf 87' lang='lat' dir='ltr'><strong>pas-</strong></span> 
     </span>
    </p>
   </div>
   <div class='ocr_carea' id='block_1_105' title="bbox 412 5569 1860 5643">
    <p class='ocr_par' dir='ltr' id='par_1_105' title="bbox 412 5569 1860 5643">
     <span class='ocr_line' id='line_1_107' title="bbox 412 5569 1860 5643; baseline 0.003 -19"><span class='ocrx_word' id='word_1_763' title='bbox 412 5569 527 5628; x_wconf 88' lang='lat' dir='ltr'><strong>sim</strong></span> <span class='ocrx_word' id='word_1_764' title='bbox 559 5569 745 5627; x_wconf 87' lang='lat' dir='ltr'><strong>utitur</strong></span> <span class='ocrx_word' id='word_1_765' title='bbox 765 5572 857 5627; x_wconf 89' lang='lat' dir='ltr'><strong>his</strong></span> <span class='ocrx_word' id='word_1_766' title='bbox 896 5571 1159 5637; x_wconf 90' lang='lat' dir='ltr'><strong>vocibus,</strong></span> <span class='ocrx_word' id='word_1_767' title='bbox 1217 5573 1421 5643; x_wconf 77' lang='grc' dir='ltr'>κεῖσθαι</span> <span class='ocrx_word' id='word_1_768' title='bbox 1452 5641 1459 5643; x_wconf 81' lang='lat'><strong><em>_</em></strong></span> <span class='ocrx_word' id='word_1_769' title='bbox 1472 5574 1533 5643; x_wconf 89' lang='lat' dir='ltr'><strong>et</strong></span> <span class='ocrx_word' id='word_1_770' title='bbox 1590 5569 1860 5643; x_wconf 69' lang='grc' dir='ltr'>κείμενον.</span> 
     </span>
    </p>
   </div>
   <div class='ocr_carea' id='block_1_106' title="bbox 413 5784 755 5861">
    <p class='ocr_par' dir='ltr' id='par_1_106' title="bbox 413 5784 755 5861">
     <span class='ocr_line' id='line_1_108' title="bbox 413 5784 755 5861; baseline 0.006 -17"><span class='ocrx_word' id='word_1_771' title='bbox 413 5784 755 5861; x_wconf 75' lang='lat' dir='ltr'><strong>gniﬁcatur.</strong></span> 
     </span>
    </p>
   </div>
   <div class='ocr_carea' id='block_1_107' title="bbox 740 5912 1454 5978">
    <p class='ocr_par' dir='ltr' id='par_1_107' title="bbox 740 5912 1454 5978">
     <span class='ocr_line' id='line_1_109' title="bbox 740 5912 1454 5978; baseline -0.001 -2"><span class='ocrx_word' id='word_1_772' title='bbox 740 5917 999 5978; x_wconf 75' lang='lat' dir='ltr'><strong>PATBOL.</strong></span> <span class='ocrx_word' id='word_1_773' title='bbox 1049 5916 1160 5978; x_wconf 77' lang='lat' dir='ltr'><strong>Gn.</strong></span> <span class='ocrx_word' id='word_1_774' title='bbox 1208 5912 1454 5977; x_wconf 81' lang='lat' dir='ltr'><strong>XXXV.</strong></span> 
     </span>
    </p>
   </div>
   <div class='ocr_carea' id='block_1_108' title="bbox 2050 5594 2066 5630">
    <p class='ocr_par' dir='ltr' id='par_1_108' title="bbox 2050 5594 2066 5630">
     <span class='ocr_line' id='line_1_110' title="bbox 2050 5594 2066 5630; baseline 0 0"><span class='ocrx_word' id='word_1_775' title='bbox 2050 5594 2066 5630; x_wconf 90' lang='lat' dir='ltr'><strong>l</strong></span> 
     </span>
    </p>
   </div>
   <div class='ocr_carea' id='block_1_109' title="bbox 410 5576 2067 5716">
    <p class='ocr_par' dir='ltr' id='par_1_109' title="bbox 410 5576 2067 5716">
     <span class='ocr_line' id='line_1_111' title="bbox 412 5576 2066 5643; baseline 0.001 -15"><span class='ocrx_word' id='word_1_776' title='bbox 412 5576 527 5628; x_wconf 85' lang='lat' dir='ltr'><strong>sim</strong></span> <span class='ocrx_word' id='word_1_777' title='bbox 559 5576 745 5627; x_wconf 83' lang='lat' dir='ltr'><strong>utitur</strong></span> <span class='ocrx_word' id='word_1_778' title='bbox 765 5576 857 5627; x_wconf 88' lang='lat' dir='ltr'><strong>his</strong></span> <span class='ocrx_word' id='word_1_779' title='bbox 896 5576 1159 5637; x_wconf 82' lang='lat' dir='ltr'><strong>vocibus,</strong></span> <span class='ocrx_word' id='word_1_780' title='bbox 1217 5576 1421 5632; x_wconf 86' lang='grc' dir='ltr'>κεῖσθαι</span> <span class='ocrx_word' id='word_1_781' title='bbox 1475 5576 1533 5626; x_wconf 84' lang='lat' dir='ltr'><strong>et</strong></span> <span class='ocrx_word' id='word_1_782' title='bbox 1590 5576 1860 5643; x_wconf 82' lang='grc' dir='ltr'>κείμενον.</span> <span class='ocrx_word' id='word_1_783' title='bbox 1918 5576 2066 5632; x_wconf 83' lang='lat' dir='ltr'><strong>Galli</strong></span> 
     </span>
     <span class='ocr_line' id='line_1_112' title="bbox 410 5641 2067 5716; baseline 0.006 -21"><span class='ocrx_word' id='word_1_784' title='bbox 410 5657 568 5716; x_wconf 83' lang='lat' dir='ltr'><strong>vero,</strong></span> <span class='ocrx_word' id='word_1_785' title='bbox 596 5659 881 5716; x_wconf 67' lang='lat' dir='ltr'><strong>«_reposer</strong></span> <span class='ocrx_word' id='word_1_786' title='bbox 911 5661 1013 5701; x_wconf 89' lang='lat' dir='ltr'><strong>sur</strong></span> <span class='ocrx_word' id='word_1_787' title='bbox 1040 5641 1260 5716; x_wconf 67' lang='lat' dir='ltr'><strong>l’autel2</strong></span> <span class='ocrx_word' id='word_1_788' title='bbox 1297 5663 1326 5691; x_wconf 87' lang='lat'><strong>»</strong></span> <span class='ocrx_word' id='word_1_789' title='bbox 1358 5641 1581 5716; x_wconf 80' lang='lat' dir='ltr'><strong>Quibus</strong></span> <span class='ocrx_word' id='word_1_790' title='bbox 1630 5646 1843 5715; x_wconf 90' lang='lat' dir='ltr'><strong>verbis,</strong></span> <span class='ocrx_word' id='word_1_791' title='bbox 1903 5647 2067 5705; x_wconf 88' lang='lat' dir='ltr'><strong>Chri-</strong></span> 
     </span>
    </p>
   </div>
   <div class='ocr_carea' id='block_1_110' title="bbox 412 5712 2068 5789">
    <p class='ocr_par' dir='ltr' id='par_1_110' title="bbox 412 5712 2068 5789">
     <span class='ocr_line' id='line_1_113' title="bbox 412 5712 2068 5789; baseline 0.003 -18"><span class='ocrx_word' id='word_1_792' title='bbox 412 5712 579 5789; x_wconf 80' lang='lat' dir='ltr'><strong>sti_i_n</strong></span> <span class='ocrx_word' id='word_1_793' title='bbox 608 5712 982 5774; x_wconf 75' lang='lat' dir='ltr'><strong>Eucharistia</strong></span> <span class='ocrx_word' id='word_1_794' title='bbox 1010 5731 1192 5788; x_wconf 78' lang='lat' dir='ltr'><strong>supra</strong></span> <span class='ocrx_word' id='word_1_795' title='bbox 1211 5712 1395 5771; x_wconf 86' lang='lat' dir='ltr'><strong>altare</strong></span> <span class='ocrx_word' id='word_1_796' title='bbox 1422 5713 1597 5772; x_wconf 81' lang='lat' dir='ltr'><strong>realis</strong></span> <span class='ocrx_word' id='word_1_797' title='bbox 1644 5712 1954 5789; x_wconf 77' lang='lat' dir='ltr'><strong>praesentia</strong></span> <span class='ocrx_word' id='word_1_798' title='bbox 1989 5719 2068 5779; x_wconf 89' lang='lat' dir='ltr'><strong>si-</strong></span> 
     </span>
    </p>
   </div>
   <div class='ocr_carea' id='block_1_111' title="bbox 2232 4849 3408 4932">
    <p class='ocr_par' dir='ltr' id='par_1_111' title="bbox 2232 4849 3408 4932">
     <span class='ocr_line' id='line_1_114' title="bbox 2232 4849 3408 4932; baseline 0.003 -28"><span class='ocrx_word' id='word_1_799' title='bbox 2374 4850 2628 4932; x_wconf 55' lang='grc' dir='ltr'>ἓώποτξ.</span> <span class='ocrx_word' id='word_1_800' title='bbox 2663 4849 2842 4932; x_wconf 54' lang='grc' dir='ltr'>Ηεὶεε.</span> <span class='ocrx_word' id='word_1_801' title='bbox 2861 4850 3063 4932; x_wconf 40' lang='lat' dir='ltr'><strong>‘a,-hu,</strong></span> <span class='ocrx_word' id='word_1_802' title='bbox 3093 4852 3408 4932; x_wconf 70' lang='lat' dir='ltr'><strong>Je§._7to&#39;re.</strong></span> 
     </span>
    </p>
   </div>
   <div class='ocr_carea' id='block_1_112' title="bbox 2234 4857 3813 5005">
    <p class='ocr_par' dir='ltr' id='par_1_112' title="bbox 2234 4857 3813 5005">
     <span class='ocr_line' id='line_1_115' title="bbox 2234 4857 3408 4932; baseline -0.023 -3"><span class='ocrx_word' id='word_1_803' title='bbox 2234 4857 2323 4929; x_wconf 72' lang='grc'>(49</span> <span class='ocrx_word' id='word_1_804' title='bbox 2378 4857 2628 4905; x_wconf 74' lang='grc' dir='ltr'><strong>Πώποτε·</strong></span> <span class='ocrx_word' id='word_1_805' title='bbox 2663 4857 2842 4932; x_wconf 74' lang='lat' dir='ltr'><strong>Hegg.</strong></span> <span class='ocrx_word' id='word_1_806' title='bbox 2878 4868 2931 4919; x_wconf 80' lang='grc' dir='ltr'>ει,</span> <span class='ocrx_word' id='word_1_807' title='bbox 2964 4857 3063 4918; x_wconf 71' lang='lat' dir='ltr'><strong>hil,</strong></span> <span class='ocrx_word' id='word_1_808' title='bbox 3093 4857 3213 4908; x_wconf 88' lang='lat' dir='ltr'><strong>Jes.</strong></span> <span class='ocrx_word' id='word_1_809' title='bbox 3255 4870 3408 4907; x_wconf 87' lang='grc' dir='ltr'>ποτε.</span> 
     </span>
     <span class='ocr_line' id='line_1_116' title="bbox 2234 4857 3813 5005; baseline -0.004 -22"><span class='ocrx_word' id='word_1_810' title='bbox 2234 4857 2346 5000; x_wconf 60' lang='grc'>(50)</span> <span class='ocrx_word' id='word_1_811' title='bbox 2374 4920 2900 5005; x_wconf 35' lang='grc' dir='ltr'>ΙΙροσθεῖσαηΟοιιεΙ.</span> <span class='ocrx_word' id='word_1_812' title='bbox 2935 4924 3333 5005; x_wconf 47' lang='grc' dir='ltr'>1.ηπροφθεῖσα.</span> <span class='ocrx_word' id='word_1_813' title='bbox 3366 4944 3396 4973; x_wconf 88' lang='grc'><strong>‹‹</strong></span> <span class='ocrx_word' id='word_1_814' title='bbox 3440 4926 3584 4979; x_wconf 88' lang='lat' dir='ltr'><strong>Cum</strong></span> <span class='ocrx_word' id='word_1_815' title='bbox 3642 4922 3813 5005; x_wconf 79' lang='lat' dir='ltr'><strong>altari</strong></span> 
     </span>
    </p>
   </div>
   <div class='ocr_carea' id='block_1_113' title="bbox 2163 4994 3809 5130">
    <p class='ocr_par' dir='ltr' id='par_1_113' title="bbox 2163 4994 3809 5130">
     <span class='ocr_line' id='line_1_117' title="bbox 2163 4994 3809 5127; baseline -0.002 -70"><span class='ocrx_word' id='word_1_816' title='bbox 2163 4994 2340 5127; x_wconf 68' lang='lat' dir='ltr'><strong>caput</strong></span> <span class='ocrx_word' id='word_1_817' title='bbox 2368 4994 2743 5075; x_wconf 73' lang='lat' dir='ltr'><strong>admovisset,</strong></span> <span class='ocrx_word' id='word_1_818' title='bbox 2779 4998 2954 5077; x_wconf 80' lang='lat' dir='ltr'><strong>atque</strong></span> <span class='ocrx_word' id='word_1_819' title='bbox 2985 4994 3573 5078; x_wconf 38' lang='lat' dir='ltr'><strong>illud&quot;la.cr3&#39;marum</strong></span> <span class='ocrx_word' id='word_1_820' title='bbox 3622 4997 3809 5080; x_wconf 82' lang='lat' dir='ltr'><strong>copia,</strong></span> 
     </span>
     <span class='ocr_line' id='line_1_118' title="bbox 2163 5064 3809 5130; baseline -0.003 0"><span class='ocrx_word' id='word_1_821' title='bbox 2163 5092 2229 5130; x_wconf 91' lang='lat' dir='ltr'><strong>ve</strong></span> <span class='ocrx_word' id='word_1_822' title='bbox 2260 5076 2321 5127; x_wconf 92' lang='lat' dir='ltr'><strong>ut</strong></span> <span class='ocrx_word' id='word_1_823' title='bbox 2350 5067 2617 5130; x_wconf 77' lang='lat' dir='ltr'><strong>quaedam</strong></span> <span class='ocrx_word' id='word_1_824' title='bbox 2651 5064 2789 5121; x_wconf 81' lang='lat' dir='ltr'><strong>olim</strong></span> <span class='ocrx_word' id='word_1_825' title='bbox 2809 5066 3021 5122; x_wconf 78' lang='lat' dir='ltr'><strong>mulier</strong></span> <span class='ocrx_word' id='word_1_826' title='bbox 3040 5066 3253 5122; x_wconf 74' lang='lat' dir='ltr'><strong>Christi</strong></span> <span class='ocrx_word' id='word_1_827' title='bbox 3280 5068 3455 5130; x_wconf 86' lang='lat' dir='ltr'><strong>pedes</strong></span> <span class='ocrx_word' id='word_1_828' title='bbox 3488 5068 3711 5126; x_wconf 72' lang='lat' dir='ltr'><strong>affatim</strong></span> <span class='ocrx_word' id='word_1_829' title='bbox 3736 5071 3809 5126; x_wconf 83' lang='lat' dir='ltr'><strong>ri-</strong></span> 
     </span>
    </p>
   </div>
   <div class='ocr_carea' id='block_1_114' title="bbox 2260 5064 3810 5140">
    <p class='ocr_par' dir='ltr' id='par_1_114' title="bbox 2260 5064 3810 5140">
     <span class='ocr_line' id='line_1_119' title="bbox 2260 5064 3810 5140; baseline -0.001 -13"><span class='ocrx_word' id='word_1_830' title='bbox 2260 5076 2321 5127; x_wconf 92' lang='lat' dir='ltr'><strong>ut</strong></span> <span class='ocrx_word' id='word_1_831' title='bbox 2350 5067 2617 5140; x_wconf 77' lang='lat' dir='ltr'><strong>quaedam</strong></span> <span class='ocrx_word' id='word_1_832' title='bbox 2651 5064 2789 5121; x_wconf 91' lang='lat' dir='ltr'><strong>olim</strong></span> <span class='ocrx_word' id='word_1_833' title='bbox 2809 5066 3021 5122; x_wconf 88' lang='lat' dir='ltr'><strong>mulier</strong></span> <span class='ocrx_word' id='word_1_834' title='bbox 3040 5066 3253 5122; x_wconf 87' lang='lat' dir='ltr'><strong>Christi</strong></span> <span class='ocrx_word' id='word_1_835' title='bbox 3278 5064 3455 5139; x_wconf 80' lang='lat' dir='ltr'><strong>pedes</strong></span> <span class='ocrx_word' id='word_1_836' title='bbox 3488 5064 3711 5126; x_wconf 72' lang='lat' dir='ltr'><strong>affatim</strong></span> <span class='ocrx_word' id='word_1_837' title='bbox 3736 5064 3810 5126; x_wconf 81' lang='lat' dir='ltr'><strong>ri-</strong></span> 
     </span>
    </p>
   </div>
   <div class='ocr_carea' id='block_1_115' title="bbox 2166 5136 2801 5219">
    <p class='ocr_par' dir='ltr' id='par_1_115' title="bbox 2166 5136 2801 5219">
     <span class='ocr_line' id='line_1_120' title="bbox 2166 5136 2801 5219; baseline -0.008 -27"><span class='ocrx_word' id='word_1_838' title='bbox 2166 5161 2339 5219; x_wconf 63' lang='lat' dir='ltr'><strong>gans,</strong></span> <span class='ocrx_word' id='word_1_839' title='bbox 2368 5136 2743 5219; x_wconf 62' lang='lat' dir='ltr'><strong>perfudisset.</strong></span> <span class='ocrx_word' id='word_1_840' title='bbox 2775 5156 2801 5186; x_wconf 71' lang='grc' dir='ltr'><strong>ιι</strong></span> 
     </span>
    </p>
   </div>
   <div class='ocr_carea' id='block_1_116' title="bbox 2239 5208 3378 5285">
    <p class='ocr_par' dir='ltr' id='par_1_116' title="bbox 2239 5208 3378 5285">
     <span class='ocr_line' id='line_1_121' title="bbox 2239 5208 3378 5285; baseline 0 -22"><span class='ocrx_word' id='word_1_841' title='bbox 2239 5214 2346 5283; x_wconf 90' lang='grc'>(51)</span> <span class='ocrx_word' id='word_1_842' title='bbox 2370 5208 3093 5285; x_wconf 36' lang='grc' dir='ltr'>Χριστοῦ.νΗθξζ8.Λὶ1ι1,.τορ</span> <span class='ocrx_word' id='word_1_843' title='bbox 3119 5212 3378 5285; x_wconf 76' lang='grc' dir='ltr'>Χριστοῦ.</span> 
     </span>
    </p>
   </div>
   <div class='ocr_carea' id='block_1_117' title="bbox 2242 5276 3811 5359">
    <p class='ocr_par' dir='ltr' id='par_1_117' title="bbox 2242 5276 3811 5359">
     <span class='ocr_line' id='line_1_122' title="bbox 2242 5276 3811 5359; baseline 0.009 -30"><span class='ocrx_word' id='word_1_844' title='bbox 2242 5276 3010 5359; x_wconf 42' lang='lat' dir='ltr'><strong>(52&#39;)_’A_7rem_050u.wCois].</strong></span> <span class='ocrx_word' id='word_1_845' title='bbox 3076 5282 3126 5347; x_wconf 88' lang='grc'><strong>1,</strong></span> <span class='ocrx_word' id='word_1_846' title='bbox 3174 5276 3584 5359; x_wconf 24' lang='grc' dir='ltr'>’ἐπαπιειλοῦᾳαεη</span> <span class='ocrx_word' id='word_1_847' title='bbox 3630 5282 3811 5359; x_wconf 59' lang='grc' dir='ltr'><strong>ρρᾶεί</strong></span> 
     </span>
    </p>
   </div>
   <div class='ocr_carea' id='block_1_118' title="bbox 2172 5350 3807 5423">
    <p class='ocr_par' dir='ltr' id='par_1_118' title="bbox 2172 5350 3807 5423">
     <span class='ocr_line' id='line_1_123' title="bbox 2172 5350 3807 5423; baseline -0.001 -14"><span class='ocrx_word' id='word_1_848' title='bbox 2172 5382 2200 5409; x_wconf 87' lang='grc'><strong>‹‹</strong></span> <span class='ocrx_word' id='word_1_849' title='bbox 2238 5350 2673 5423; x_wconf 76' lang='lat' dir='ltr'><strong>minitabunda,</strong></span> <span class='ocrx_word' id='word_1_850' title='bbox 2708 5374 2736 5400; x_wconf 84' lang='lat'>»</span> <span class='ocrx_word' id='word_1_851' title='bbox 2770 5350 2855 5406; x_wconf 91' lang='lat' dir='ltr'><strong>vel</strong></span> <span class='ocrx_word' id='word_1_852' title='bbox 2883 5374 2909 5400; x_wconf 93' lang='grc'><strong>‹‹</strong></span> <span class='ocrx_word' id='word_1_853' title='bbox 2934 5368 3208 5423; x_wconf 82' lang='lat' dir='ltr'><strong>vovens»</strong></span> <span class='ocrx_word' id='word_1_854' title='bbox 3239 5350 3594 5423; x_wconf 82' lang='lat' dir='ltr'><strong>utintelligit</strong></span> <span class='ocrx_word' id='word_1_855' title='bbox 3630 5353 3807 5408; x_wconf 90' lang='lat' dir='ltr'><strong>Elias.</strong></span> 
     </span>
    </p>
   </div>
   <div class='ocr_carea' id='block_1_119' title="bbox 2244 5420 3820 5499">
    <p class='ocr_par' dir='ltr' id='par_1_119' title="bbox 2244 5420 3820 5499">
     <span class='ocr_line' id='line_1_124' title="bbox 2244 5420 3820 5499; baseline 0.003 -24"><span class='ocrx_word' id='word_1_856' title='bbox 2244 5430 2357 5499; x_wconf 83' lang='lat'><strong>(53)</strong></span> <span class='ocrx_word' id='word_1_857' title='bbox 2417 5420 3273 5499; x_wconf 46' lang='lat' dir='ltr'><strong>’Av&#39;cijr&#39;ﬁirwv._Pel:__uvtt161ru,</strong></span> <span class='ocrx_word' id='word_1_858' title='bbox 3328 5432 3480 5478; x_wconf 87' lang='lat' dir='ltr'><strong>recte</strong></span> <span class='ocrx_word' id='word_1_859' title='bbox 3514 5420 3685 5480; x_wconf 34' lang='lat' dir='ltr'><strong>‘Elias</strong></span> <span class='ocrx_word' id='word_1_860' title='bbox 3734 5426 3820 5497; x_wconf 83' lang='lat' dir='ltr'><strong>ip-</strong></span> 
     </span>
    </p>
   </div>
   <div class='ocr_carea' id='block_1_120' title="bbox 2175 5493 3822 5570">
    <p class='ocr_par' dir='ltr' id='par_1_120' title="bbox 2175 5493 3822 5570">
     <span class='ocr_line' id='line_1_125' title="bbox 2175 5493 3822 5570; baseline -0.002 -13"><span class='ocrx_word' id='word_1_861' title='bbox 2175 5493 2301 5557; x_wconf 82' lang='lat' dir='ltr'><strong>sam</strong></span> <span class='ocrx_word' id='word_1_862' title='bbox 2334 5493 2760 5570; x_wconf 79' lang='lat' dir='ltr'><strong>Eucharistiam</strong></span> <span class='ocrx_word' id='word_1_863' title='bbox 2792 5493 3089 5566; x_wconf 85' lang='lat' dir='ltr'><strong>intelligit,</strong></span> <span class='ocrx_word' id='word_1_864' title='bbox 3121 5499 3176 5550; x_wconf 91' lang='lat' dir='ltr'><strong>et</strong></span> <span class='ocrx_word' id='word_1_865' title='bbox 3214 5496 3410 5567; x_wconf 89' lang='lat' dir='ltr'><strong>ipsum</strong></span> <span class='ocrx_word' id='word_1_866' title='bbox 3446 5511 3577 5552; x_wconf 86' lang='lat' dir='ltr'><strong>vere</strong></span> <span class='ocrx_word' id='word_1_867' title='bbox 3607 5493 3822 5570; x_wconf 77' lang='lat' dir='ltr'><strong>corpus</strong></span> 
     </span>
    </p>
   </div>
   <div class='ocr_carea' id='block_1_121' title="bbox 2177 5566 2679 5638">
    <p class='ocr_par' dir='ltr' id='par_1_121' title="bbox 2177 5566 2679 5638">
     <span class='ocr_line' id='line_1_126' title="bbox 2177 5566 2679 5638; baseline -0.016 -10"><span class='ocrx_word' id='word_1_868' title='bbox 2177 5568 2394 5628; x_wconf 86' lang='lat' dir='ltr'><strong>Christi</strong></span> <span class='ocrx_word' id='word_1_869' title='bbox 2426 5566 2679 5638; x_wconf 81' lang='lat' dir='ltr'><strong>exponit.</strong></span> 
     </span>
    </p>
   </div>
   <div class='ocr_carea' id='block_1_122' title="bbox 2249 5634 3825 5715">
    <p class='ocr_par' dir='ltr' id='par_1_122' title="bbox 2249 5634 3825 5715">
     <span class='ocr_line' id='line_1_127' title="bbox 2249 5634 3825 5715; baseline 0.007 -25"><span class='ocrx_word' id='word_1_870' title='bbox 2249 5643 2361 5715; x_wconf 82' lang='grc'>(54)</span> <span class='ocrx_word' id='word_1_871' title='bbox 2416 5634 2584 5715; x_wconf 55' lang='grc' dir='ltr'>Τρῦτο</span> <span class='ocrx_word' id='word_1_872' title='bbox 2615 5639 3025 5715; x_wconf 40' lang='grc' dir='ltr'>’καταμιγνῦσοι</span> <span class='ocrx_word' id='word_1_873' title='bbox 3066 5634 3502 5715; x_wconf 30' lang='grc' dir='ltr'>τ-οῖςᾳδάκρυσιν.</span> <span class='ocrx_word' id='word_1_874' title='bbox 3561 5639 3693 5700; x_wconf 63' lang='lat' dir='ltr'><strong>Haec</strong></span> <span class='ocrx_word' id='word_1_875' title='bbox 3724 5642 3825 5700; x_wconf 78' lang='lat' dir='ltr'><strong>d6-</strong></span> 
     </span>
    </p>
   </div>
   <div class='ocr_carea' id='block_1_123' title="bbox 2179 5709 3428 5785">
    <p class='ocr_par' dir='ltr' id='par_1_123' title="bbox 2179 5709 3428 5785">
     <span class='ocr_line' id='line_1_128' title="bbox 2179 5709 3428 5785; baseline -0.002 -9"><span class='ocrx_word' id='word_1_876' title='bbox 2179 5709 2322 5776; x_wconf 78' lang='lat' dir='ltr'><strong>suut</strong></span> <span class='ocrx_word' id='word_1_877' title='bbox 2345 5709 2410 5772; x_wconf 87' lang='lat' dir='ltr'><strong>in</strong></span> <span class='ocrx_word' id='word_1_878' title='bbox 2440 5711 2583 5785; x_wconf 83' lang='lat' dir='ltr'><strong>Reg.</strong></span> <span class='ocrx_word' id='word_1_879' title='bbox 2615 5709 2738 5779; x_wconf 89' lang='lat' dir='ltr'><strong>bm,</strong></span> <span class='ocrx_word' id='word_1_880' title='bbox 2768 5709 2960 5769; x_wconf 81' lang='lat' dir='ltr'><strong>tribus</strong></span> <span class='ocrx_word' id='word_1_881' title='bbox 2988 5709 3149 5769; x_wconf 86' lang='lat' dir='ltr'><strong>Colb.</strong></span> <span class='ocrx_word' id='word_1_882' title='bbox 3181 5710 3278 5770; x_wconf 90' lang='lat' dir='ltr'><strong>0r.</strong></span> <span class='ocrx_word' id='word_1_883' title='bbox 3309 5709 3428 5774; x_wconf 85' lang='lat' dir='ltr'><strong>Jes.</strong></span> 
     </span>
    </p>
   </div>
   <div class='ocr_carea' id='block_1_124' title="bbox 3430 5918 3510 5980">
    <p class='ocr_par' dir='ltr' id='par_1_124' title="bbox 3430 5918 3510 5980">
     <span class='ocr_line' id='line_1_129' title="bbox 3430 5918 3510 5980; baseline 0.038 -3"><span class='ocrx_word' id='word_1_884' title='bbox 3430 5918 3510 5980; x_wconf 75' lang='grc'><strong>26</strong></span> 
     </span>
    </p>
   </div>
  </div>
