4146 6290
386 400 503 463 813

989 395 1279 459 ORATIO
1323 393 1481 457 Vlll.
1530 429 1607 441 —
1654 390 1731 457 IN
1777 390 2102 457 LAUDEM
2148 395 2482 461 SORORIS
2528 394 2704 459 SU/E
2748 395 3193 459 GORGUNIIE.

3677 397 3796 457 8H

384 536 479 586 Ἕν
514 531 571 586 δὲ
590 537 707 593 τοῖς
738 535 867 585 πᾶσι
898 531 1252 605 προστεθῆναι
1283 532 1519 597 ζητοῦσα
1554 528 1654 595 τὴν
1701 526 1798 580 τοῦ
1846 523 2037 600 ἀνδρὸς

2168 528 2249 583 sed
2283 527 2542 600 sigillum
2571 534 2712 585 erat.
2747 530 2922 585 Porro
2955 546 3088 584 cum
3135 546 3321 585 unum
3350 530 3461 585 hoc
3493 529 3564 583 ad
3596 528 3795 583 omnia

381 620 662 676 τελείωσιν
696 618 983 695 (βούλεσθε
1011 620 1201 694 γράψω
1248 618 1338 672 τὸν
1399 614 1565 690 ἄνδρα
1594 614 1915 687 συντόμως;
1948 614 2040 668 ἆν-

384 709 509 783 δρὸί
543 710 772 782 ἐκείνης)
804 709 895 763 καὶ
927 707 1026 761 οὐκ
1058 704 1160 760 οἷδ’
1189 707 1216 761 ’ὁ
1246 727 1298 760 τι
1329 706 1440 781 χρὴ
1491 704 1660 760 πλέον
1714 704 1922 777 εἰπεῖν),
1972 697 2042 757 ἶν’

385 800 502 871 ὅλῳ
532 803 610 870 τῷ
640 800 851 871 σώματι
886 801 1001 867 Θεῷ
1039 798 1367 871 καθιερωθῇ,
1420 796 1508 848 καὶ
1563 796 1637 867 μὴ
1690 794 1739 863 ἐξ
1788 792 2040 864 ἡμισείας

386 888 591 961 ἀπέλθῃ
621 885 1000 958 τετελεσμένη,
1041 882 1169 957 μηδ’
1203 882 1566 951 ὑπολείπηταί
1595 903 1646 936 τι
1686 886 1793 935 τῶν
1845 881 2037 949 ἑαυτῆς

388 976 596 1050 ἀτελὲς,
653 974 777 1031 οὐδὲ
820 976 1023 1044 ταύτης
1071 971 1419 1049 διαμαρτάνει
1460 979 1559 1041 τῆς
1608 969 1841 1040 δεήσεως
1896 970 2042 1045 παρὰ

384 1071 484 1122 τοῦ
517 1064 733 1138 θέλημα
758 1070 864 1118 τῶν
900 1059 1250 1141 φοϐουμένων
1286 1060 1442 1115 αὐτὸν
1485 1064 1789 1131 ποιοῦντος,
1821 1058 1909 1113 καὶ
1963 1058 2039 1121 είς

389 1156 558 1232 πέρας
588 1156 814 1231 ἄγοντος
843 1153 910 1209 τὰ
939 1154 1061 1223 αἷτή
1074 1172 1237 1225 ματα.

460 1425 587 1481 KA'.
641 1428 727 1483 Ὡς
779 1420 837 1476 δὲ
892 1420 1100 1475 ’ἅπαντα
1154 1420 1296 1494 εἶχεν
1367 1416 1504 1488 αὐτῇ
1558 1416 1695 1471 κατὰ
1748 1419 1894 1485 νοῦν,
1950 1414 2040 1469 καὶ

391 1512 548 1569 οὐδὲν
577 1510 740 1567 ἐνέδει
762 1515 869 1565 τῶν
891 1508 1265 1581 ποθουμὲνων,
1289 1506 1378 1560 καὶ
1400 1509 1433 1575 ἡ
1456 1506 1615 1580 κυρία
1644 1506 1757 1577 (66)
1782 1503 2040 1577 πλησίον,

392 1603 562 1663 οὕτως
610 1599 719 1671 ἤδη
768 1604 847 1671 τῷ
894 1599 1105 1670 θανάτῳ
1150 1596 1526 1664 συσκευάζεται
1575 1594 1664 1648 καὶ
1693 1597 1761 1667 τῇ
1786 1591 2039 1665 ἐκδημίᾳ,

390 1692 479 1747 καὶ
511 1690 721 1766 πληροῖ
767 1691 857 1744 τὸν
904 1688 1028 1763 περὶ
1074 1692 1239 1741 ταῦτα
1290 1685 1459 1757 νόμον
1512 1681 1599 1737 διὰ
1639 1690 1737 1753 τῆς
1781 1680 2040 1739 κατακλί-

395 1802 529 1843 σεως
571 1781 704 1853 (67).
758 1776 1139 1849 Ἐπισκῄψασα
1181 1777 1293 1847 (68)
1352 1770 1408 1826 δὲ
1457 1771 1545 1827 καὶ
1596 1768 1770 1847 ἀνδρὶ,
1821 1770 1909 1825 xui
1954 1772 2040 1825 τέ-

394 1891 561 1939 κνοις,
592 1867 681 1922 καὶ
717 1866 921 1944 φίλοις,
950 1865 1047 1919 ὅσα
1080 1863 1222 1925 εἰκὸς
1251 1863 1350 1930 τὴν
1386 1857 1702 1938 φίλανδρον,
1750 1860 1838 1914 xui
1886 1858 2043 1938 φιλό-
2073 1902 2123 1967 Β

695 1956 707 1967 ·
816 1954 833 1967 κ
869 1953 915 1967 ’λ
951 1954 969 1967 κ
1214 1952 1225 1967 \
1261 1952 1281 1967 ἰ
1462 1955 1487 1963 ~
1691 1950 1702 1965 κ
1793 1954 1818 1963 ~
1914 1949 1927 1967 τι
1997 1948 2022 1967 ν

393 1979 597 2030 τεκνον,
623 1956 712 2011 καὶ
754 1953 1109 2034 φιλάδελφον,
1141 1952 1229 2007 καὶ
1261 1952 1532 2025 λαμπρῶς
1584 1950 1706 2024 περὶ
1753 1954 1861 2003 τῶν
1911 1948 2044 2003 ἐκεῖ·

399 2050 484 2102 θεν
536 2044 969 2124 φιλοσοφήσασα,
1019 2042 1109 2095 καὶ
1158 2038 1511 2115 πανηγύρεως
1558 2038 1766 2113 ἡμέραν
1816 2058 2046 2108 ποιησα-

402 2139 533 2210 μένη
564 2138 664 2204 τήν
691 2132 1025 2198 τελευταίαν,
1073 2136 1355 2202 κοιμᾶται,
1403 2127 1628 2201 πλήρης
1682 2128 1774 2199 μὲν
1826 2126 1888 2181 ού
1934 2130 2042 2181 τῶν

394 2225 532 2281 κατὰ
578 2225 859 2299 ἄνθρωπον
909 2223 1157 2295 ἡμερῶν,
1213 2216 1241 2271 δ
1289 2239 1339 2271 τι
1396 2214 1537 2290 μηδὲ
1575 2215 1878 2291 συνηύχετο
1910 2217 2043 2289 (69),

394 2314 591 2375 ταύτας
649 2313 812 2385 ἑαυτῇ
870 2307 1109 2382 πονηρὰς
1170 2304 1363 2377 εἰδυῖα,
1414 2306 1503 2360 xui
1561 2305 1627 2359 τὰ
1669 2303 1855 2359 πολλὰ
1915 2305 2048 2377 μετὰ

393 2408 490 2459 τοῦ
523 2404 656 2478 χοὸς
688 2402 801 2475 (70)
828 2398 916 2453 καὶ
963 2404 1064 2465 τῆς
1111 2395 1345 2465 πλάνης,
1393 2399 1499 2449 τῶν
1547 2391 1604 2448 δὲ
1632 2394 1768 2449 κατὰ
1798 2393 1926 2449 Θεὸν
1957 2393 2047 2448 καὶ

400 2491 517 2547 λίαν
552 2488 796 2566 πλήρης,
823 2488 897 2549 ὡς
930 2486 1029 2541 οὐκ
1060 2483 1161 2539 οἷδ’
1193 2481 1245 2538 εἶ’
1267 2505 1350 2545 τις
1386 2481 1586 2559 ῥᾳδίως
1615 2488 1721 2538 τῶν
1771 2483 1821 2537 έν
1872 2482 2047 2537 πλου-

399 2580 487 2653 σίᾳ
530 2580 598 2654 τῇ
650 2578 820 2650 πολίᾳ
869 2573 1308 2643 καταλυσάντων,
1365 2572 1455 2627 xui
1503 2572 1716 2635 πολλὰς
1762 2572 1891 2627 ἐτῶν
1952 2593 2046 2626 πε-

405 2667 619 2745 ριόδους
695 2667 1133 2743 ἀριθμησάντων.
1214 2660 1395 2723 Οὕτως
1473 2661 1645 2731 έκείνη
1726 2660 1930 2733 λύεται,
2009 2661 2045 2729 ἢ

401 2751 903 2835 προσλαμϐάνεται,
979 2757 1226 2829 κρεῖσσον
1300 2750 1491 2819 εἰπεῖν,
1546 2752 1581 2819 ἢ
1643 2751 1953 2827 ἀφίπταται,
2013 2750 2048 2818 ἢ

408 2848 789 2922 μετοικίζεται,
866 2844 900 2912 ἢ
982 2843 1172 2917 μικρὸν
1241 2836 1630 2915 προαποδημεῖ
1700 2844 1797 2894 τοῦ
1873 2840 2054 2911 σώμα-

402 2958 495 2998 τος
527 2939 663 3008 (τι).

480 3200 594 3255 ΚΒ’.
647 3194 804 3253 Ἀλλ’
854 3194 966 3250 οἷόν
1017 3217 1083 3268 με
1132 3196 1321 3272 μικρὸν
1370 3198 1480 3269 (72)
1526 3198 1633 3249 τῶν
1672 3194 1878 3263 ἐκείνης
1911 3215 2053 3271 παρ-

2148 618 2416 673 accedere
2463 623 2719 690 cuperet,
2754 625 2818 673 ut
2859 619 3106 675 maritus
3138 636 3371 691 quoque
3422 618 3796 691 perﬁceretur

2150 706 2350 777 (vultis
2411 724 2526 762 uno
2566 709 2741 763 verbo
2785 707 2978 764 virum
3025 708 3395 765 describam?
3440 708 3529 763 vir
3582 707 3789 765 illius:

2150 811 2255 850 nec
2284 795 2441 850 enim
2470 796 2610 864 scio,
2639 796 2778 868 quid
2812 797 3066 869 amplius
3088 796 3277 853 dicere
3308 813 3544 853 necesse
3573 798 3691 869 sit),
3728 800 3793 852 ut

2150 884 2235 938 sic
2265 888 2384 940 toto
2415 902 2653 957 corpore
2684 885 2797 942 Deo
2823 892 3281 957 consecraretur,
3306 904 3372 942 ac
3402 905 3518 942 non
3548 886 3795 943 dimidia

2150 977 2381 1029 tantum
2435 991 2504 1030 ex
2560 983 2720 1046 parte
2772 973 3026 1045 perfecta
3078 977 3434 1041 discederet,
3486 976 3794 1047 ipsiusque

2151 1060 2373 1134 aliquid
2432 1063 2841 1135 imperfectum
2899 1064 3343 1136 relinqueretur,
3396 1065 3504 1120 hoc
3560 1079 3795 1136 quoque

2150 1152 2422 1222 precibus
2452 1153 2525 1208 ab
2572 1169 2658 1221 eo,
2694 1153 2795 1223 qui
2824 1153 3185 1210 voluntatem
3214 1154 3549 1209 timentium
3597 1170 3659 1209 se
3706 1154 3792 1209 fa-

2151 1240 2229 1295 cit
2248 1242 2313 1310 2°,
2340 1257 2405 1296 ac
2438 1240 2742 1313 petitiones
2760 1258 2962 1299 eorum
2995 1243 3066 1298 ad
3094 1242 3271 1299 ﬁnem
3293 1243 3579 1315 perducit,
3610 1243 3795 1315 impe-

2148 1330 2339 1385 travit.

2222 1419 2323 1475 23
2339 1422 2365 1474 I
2399 1419 2538 1474 XXI.
2563 1420 2707 1476 Cum
2730 1425 2928 1476 autem
2949 1420 3148 1476 omnia
3165 1438 3234 1477 ex
3255 1420 3440 1492 ipsius
3464 1420 3642 1477 animi
3663 1436 3796 1477 sen-

2149 1508 2331 1563 tentia
2362 1525 2488 1564 sese
2513 1508 2814 1581 haberent,
2836 1526 2941 1566 nec
2963 1509 3284 1582 quidquam
3305 1527 3527 1577 eorum,
3552 1527 3679 1583 quas
3701 1528 3797 1567 cu-

2152 1596 2365 1668 piebat,
2381 1598 2629 1668 abesset,
2648 1600 2889 1670 jamque
2911 1599 3274 1671 praestitutus
3291 1599 3416 1655 dies
3438 1600 3794 1671 immineret,

2150 1685 2231 1741 ita
2253 1687 2377 1755 jam
2410 1689 2479 1741 ad
2514 1691 2762 1743 mortem
2793 1691 2850 1742 et
2877 1689 3098 1744 exitum
3147 1704 3209 1744 se
3258 1693 3797 1760 comparat,etque,

2151 1780 2218 1830 ut
2238 1773 2449 1847 legem,
2464 1793 2589 1848 quae
2611 1776 2670 1831 in
2694 1776 3036 1847 hujusmodi
3058 1777 3234 1833 rebus
3254 1778 3427 1849 viget,
3447 1776 3720 1848 expleret,
3735 1777 3793 1832 in

2151 1863 2369 1920 lectum
2407 1881 2469 1922 se
2517 1866 2768 1936 conjicit.
2799 1866 3063 1938 Cumque
3111 1867 3182 1922 ad
3213 1866 3425 1934 virum,
3454 1872 3512 1922 et
3545 1867 3716 1938 ﬁlios,
3739 1870 3799 1923 et

2154 1953 2397 2023 amicos,
2432 1970 2732 2010 sermones
2778 1954 3107 2021 habuisset,
3134 1972 3282 2025 quos
3314 1956 3641 2024 mulierem,
3666 1956 3798 2024 viri,

2155 2048 2213 2099 et
2243 2043 2522 2111 ﬁliorum,
2546 2047 2602 2097 et
2624 2043 2869 2098 fratrum
2900 2060 3097 2099 amore
3119 2044 3420 2115 praeditam
3452 2046 3665 2101 habere
3696 2062 3803 2118 par

2156 2136 2301 2201 erat,
2334 2149 2397 2187 ac
2430 2132 2500 2187 de
2533 2131 2715 2187 altera
2740 2132 2858 2187 vita
2886 2131 3161 2203 praclare
3192 2133 3589 2205 disseruisset,
3621 2135 3802 2192 diem-

2156 2238 2266 2292 que
2310 2225 2633 2275 extremum
2680 2219 2896 2276 festum
2927 2220 3082 2276 diem
3141 2221 3393 2290 fecisset,
3426 2222 3506 2278 ita
3561 2224 3802 2279 demum

2157 2308 2553 2377 obdormiscit,
2588 2308 2777 2381 plena,
2811 2326 2925 2365 non
2956 2310 3350 2367 humanorum
3381 2311 3631 2383 dierum,
3654 2328 3805 2383 quos

2157 2417 2229 2456 ne
2258 2399 2388 2471 ipsa
2413 2399 2651 2470 quidem
2682 2400 3010 2471 exoptabat,
3040 2404 3237 2472 utpote
3268 2417 3416 2473 quos
3447 2402 3559 2457 sibi
3591 2402 3802 2471 malos,

2158 2493 2215 2545 et
2246 2494 2309 2544 ut
2340 2488 2660 2560 plurimum
2693 2504 2827 2543 cum
2872 2489 3107 2558 pulvere
3136 2492 3195 2544 et
3223 2505 3417 2545 errore
3459 2492 3804 2562 conjunctos

2160 2594 2289 2633 esse
2319 2594 2434 2633 non
2464 2576 2787 2648 ignoraret;
2829 2576 2930 2632 sed
2971 2576 3201 2632 dierum
3246 2579 3573 2634 secundum
3624 2584 3805 2635 Deum

2159 2666 2240 2721 ita
2269 2666 2459 2738 plena,
2494 2669 2559 2719 ut
2590 2664 2747 2720 haud
2797 2664 2918 2721 scio
2968 2682 3040 2721 an
3090 2666 3331 2737 perinde
3360 2669 3676 2739 quisquam
3708 2685 3803 2725 eo-

2162 2773 2317 2823 rum,
2349 2754 2450 2825 qui
2482 2754 2542 2808 in
2573 2753 2867 2809 ditissima
2906 2759 3200 2810 senectute
3233 2761 3481 2811 mortem
3514 2758 3804 2828 obierunt,

2163 2862 2229 2899 ac
2262 2842 2478 2899 multos
2521 2858 2808 2898 annorum
2842 2842 3011 2898 orbes
3062 2849 3466 2915 numerarunt,
3498 2846 3807 2901 exstiterit.

2161 2933 2256 2989 Sic
2286 2931 2387 2987 illa
2416 2930 2677 3000 solvitur,
2710 2934 2833 2997 aut,
2866 2935 2932 2986 ut
2963 2930 3171 2987 melius
3203 2931 3430 3004 loquar,
3462 2935 3806 3005 assumitur,

2164 3027 2266 3077 aut
2295 3021 2502 3087 avolat,
2527 3022 2627 3074 aut
2651 3019 3056 3091 transmigrat,
3079 3024 3182 3076 aut
3203 3020 3509 3092 paululum
3532 3028 3667 3079 ante
3692 3039 3812 3079 cor-

2163 3127 2274 3182 pus
2306 3107 2587 3164 abscedit.

2233 3198 2402 3253 XXlI.
2433 3196 2649 3252 Verum
2691 3196 2985 3252 enimvero
3016 3196 3209 3269 qualis
3255 3198 3443 3270 ipsius
3490 3200 3619 3256 laus
3668 3201 3814 3257 mihi

406 3288 676 3364 ἐδραμενί
728 3288 871 3363 τάχα
919 3283 963 3339 δ’
1013 3284 1072 3340 ἂν
1128 3285 1188 3339 οὐ
1237 3286 1644 3360 συνεχώρησας,
1686 3285 1730 3336 ὧ
1762 3284 1823 3337 σὺ
1881 3282 2045 3359 πάτερ

2168 3287 2608 3361 promemodum
2643 3284 2878 3341 excidit!
2909 3287 3155 3342 fortasse
3175 3292 3371 3344 autem
3396 3306 3467 3345 ne
3488 3294 3549 3345 tu
3573 3290 3812 3361 quidem

402 3378 613 3449 ἐκείνης
661 3375 1009 3449 πνευματικὶ,
1061 3376 1088 3429 ὁ
1134 3376 1223 3430 καὶ
1266 3375 1509 3450 τηρήσας
1554 3368 1792 3448 ἀκριϐῶς
1825 3374 1885 3427 τὸ
1918 3378 2047 3437 eui}-

410 3490 504 3543 μα,
562 3468 652 3522 καὶ
708 3469 843 3539 ἡμῖν
894 3463 1200 3542 γνωρίσας·
1267 3462 1404 3537 μέγα
1455 3464 1547 3536 μὲν
1600 3462 1674 3523 εἰς
1736 3461 2050 3539 φιλοτιμίαν

405 3557 602 3630 ἐκείνῃ,
666 3557 806 3630 μέγα
864 3552 921 3609 δὲ
989 3557 1124 3627 ἡμῖν
1185 3552 1260 3613 εἷς
1318 3551 1622 3624 ὑπόμνησιν
1688 3552 1906 3627 ἀρετῆς,
1964 3550 2054 3605 καὶ

406 3647 573 3710 πόθον
602 3652 701 3713 τῆς
745 3643 913 3711 αὐτῆς
965 3642 1291 3702 ἀναλύσεως.
1345 3641 1446 3697 Καί
1497 3661 1562 3713 με
1611 3640 1775 3715 φρίκη
1809 3662 1889 3702 τις
1924 3641 2054 3694 ὑπο-

406 3735 615 3811 τρέχει,
668 3733 756 3788 καὶ
807 3730 1040 3805 δάκρυον
1088 3732 1248 3803 ὁμοῦ,
1304 3729 1648 3801 μεμνημένον
1692 3734 1788 3783 τοῦ
1850 3729 2057 3803 θαύμα-

408 3846 524 3886 τος.
576 3821 799 3877 Ἐλύετο
852 3821 944 3891 μὲν
998 3817 1106 3887 ἤδη
1158 3818 1247 3871 καὶ
1298 3819 1508 3871 ἀνέπνει
1544 3818 1610 3871 τὰ
1636 3817 1940 3887 τελευταῖα,
1971 3818 2060 3872 καὶ

412 3914 582 3990 χορὸς
614 3908 737 3984 περὶ
784 3906 947 3974 αὐτὴν
1001 3905 1212 3960 οἰκείων
1262 3926 1321 3959 τε
1366 3905 1455 3959 καὶ
1488 3905 1647 3975 ξένων
1681 3905 2059 3979 χαριζομένων

413 4003 482 4056 τά
511 3997 959 4075 προπεμπτήρια·
992 3994 1081 4047 καὶ
1116 3994 1324 4065 μητρὸς
1353 3999 1582 4068 γηραιᾶς
1615 3991 1881 4055 ἐπίνευσις
1929 3996 2061 4067 (73),

415 4090 505 4145 καὶ
554 4092 741 4163 ψυχῆς
803 4083 1119 4160 σπαραγμὸς
1180 4079 1594 4152 ζηλοτυπούσης
1649 4082 1747 4151 τὴν
1778 4080 2065 4154 ἐκδημίαν,

416 4180 506 4234 xui
556 4176 784 4255 φίλτρον
837 4172 1084 4228 ἀπάντων
1147 4170 1351 4246 ἀγωνία
1421 4170 1737 4246 σύγκρατον,
1806 4175 1911 4225 τῶν
1969 4172 2064 4244 μὲν

417 4266 447 4323 δ
494 4288 545 4320 τι
585 4264 858 4320 ἀκούσωσι
916 4264 1030 4335 (74)
1087 4262 1421 4327 ποθοῦντων,
1468 4262 1691 4332 μνήμης
1723 4258 2065 4334 ἐμπύρευμα,

415 4361 521 4411 τῶν
556 4353 612 4409 δὲ
637 4353 667 4407 ὅ
694 4375 745 4408 τι
771 4352 1082 4429 φθέγξονται
1115 4348 1576 4424 (75),τολμῶντος
1611 4346 1667 4403 δὲ
1692 4352 1801 4423 (76)
1830 4347 2068 4411 οὐδενός.

416 4445 515 4500 Καὶ
543 4443 701 4520 κωφὰ
748 4443 814 4496 τά
867 4438 1088 4515 δάκρυα,
1140 4439 1229 4494 xui
1282 4441 1318 4508 ἡ
1364 4445 1465 4507 τῆς
1514 4438 1691 4507 Λύπης
1724 4436 1853 4492 ὠδῖν
1885 4438 2072 4513 ἀθερα-

416 4554 613 4595 πευτος
670 4529 819 4605 (οὐδὲ
866 4529 970 4605 γὰρ
1028 4529 1176 4583 ὃσιον
1238 4526 1413 4582 ἐδόκει
1473 4530 1694 4603 θρήνοις
1750 4533 1914 4601 τιμᾷν
1968 4529 2068 4598 τὴν

2160 3379 2219 3433 id
2244 3394 2455 3450 passus
2477 3375 2758 3439 fuisses,o
2777 3374 3101 3446 spiritualis
3122 3375 3280 3433 illius
3304 3383 3488 3449 pater,
3512 3380 3613 3450 qui
3634 3379 3810 3435 etiam

2164 3465 2516 3522 miraculum
2574 3463 2734 3519 istud
2794 3468 3060 3520 accurate
3116 3466 3471 3534 observasti,
3522 3467 3811 3538 nobisque

2164 3554 2437 3611 indicasti
2470 3570 2484 3609 :
2518 3568 2799 3625 magnum
2845 3570 3006 3619 sane,
3040 3558 3106 3609 ut
3148 3555 3260 3626 ipsi
3308 3556 3378 3610 ad
3428 3556 3694 3627 gloriam,
3727 3556 3810 3611 ita

2167 3645 2338 3700 nobis
2368 3644 2436 3699 ad
2470 3642 2702 3698 virtutis
2749 3642 3156 3698 moninentum
3187 3647 3362 3715 atque
3391 3646 3651 3715 ejusdem
3687 3645 3809 3701 dis-

2170 3732 2477 3789 solutionis
2503 3730 2881 3786 desiderium.
2904 3732 2982 3785 Ac
3004 3731 3150 3785 mihi
3182 3732 3387 3787 horror
3407 3734 3644 3803 quidam
3676 3736 3811 3789 sub-

2171 3824 2234 3892 it,
2269 3822 2653 3893 lacrymesque
2698 3818 2896 3887 simul,
2927 3819 3037 3875 hoc
3069 3819 3419 3875 miraculum
3460 3824 3810 3878 recordanti.

2171 3911 2303 3966 Jam
2336 3907 2686 3977 solvebatur,
2710 3911 2888 3977 atque
2929 3911 3219 3962 extremos
3267 3908 3509 3979 spiritus
3556 3910 3814 3977 efﬂabat,

2174 4016 2239 4054 ac
2269 3996 2488 4051 circum
2511 4011 2639 4050 eam
2671 3998 2795 4049 tum
2828 3994 3313 4065 propinquorum,
3336 4002 3463 4053 tum
3485 4004 3817 4055 exterorum

2175 4087 2391 4143 chorus
2420 4088 2564 4151 erat,
2589 4082 3013 4153 prosecutionis
3033 4083 3225 4139 ofﬁcia
3246 4085 3357 4156 ipsi
3388 4089 3817 4158 praestantium;

2176 4180 2235 4231 et
2272 4172 2474 4229 vetulae
2530 4170 2735 4226 matris
2793 4171 3137 4237 observatio,
3173 4174 3500 4245 animaeque
3553 4177 3821 4234 distortio

2178 4263 2397 4320 exitum
2444 4259 2729 4331 zelotypia
2777 4261 3205 4332 prosequentis,
3236 4268 3295 4318 et
3323 4265 3509 4321 mirus
3562 4268 3826 4323 omnium

2181 4368 2345 4409 amor
2374 4349 2661 4406 anxietate
2710 4348 3047 4418 permistus,
3080 4366 3331 4421 quorum
3363 4354 3481 4423 alii,
3518 4357 3587 4410 ad
3620 4372 3828 4411 exsus-

2180 4441 2472 4498 citandam
2504 4439 2562 4494 in
2602 4454 2803 4493 eorum
2840 4437 3052 4494 animis
3103 4438 3290 4511 ipsius
3322 4445 3689 4515 memoriam,
3720 4445 3826 4500 ali-

2180 4530 2318 4602 quid
2351 4528 2553 4585 audire
2591 4525 2938 4597 gestiebant,
2970 4527 3068 4582 alii
3099 4544 3233 4584 vero
3282 4529 3441 4602 loqui
3491 4534 3825 4605 cupiebant,

420 4621 564 4678 οὕτω
613 4620 1044 4697 χωριζομένην),
1103 4618 1230 4693 σιγή
1281 4614 1338 4672 δὲ
1392 4618 1601 4692 βαθεῖα,
1629 4616 1718 4671 καὶ
1746 4615 1938 4689 τελετή
1986 4638 2054 4673 τις

2178 4635 2285 4676 nec
2322 4622 2517 4674 tamen
2566 4614 2878 4672 audebant.
2912 4616 2992 4671 Ac
3039 4622 3214 4673 mutae
3262 4618 3551 4693 lacrymae,
3586 4639 3825 4679 moeror-

492 4757 537 4792 ²⁹
569 4753 720 4812 Psal.
752 4769 935 4819 cxuv,
969 4754 1055 4807 19.

494 4887 606 4958 (66)
649 4886 713 4941 Ἠ
770 4883 948 4958 κυρία.
1006 4884 1225 4953 Schol.,
1261 4884 1310 4958 fi)
1355 4883 1636 4958 ῥρισθεῖσα
1689 4887 1788 4937 τοῦ
1845 4881 2073 4939 θανάτου

423 4955 624 5030 ἡμέρα,
653 4979 680 5007 ‹‹
715 4955 1070 5030 constitutus
1103 4955 1308 5030 mortis
1338 4956 1481 5030 dies.
1509 4976 1536 5005 »

499 4975 535 5010 ιε
574 4977 624 5024 α,
653 4979 680 5007 α
715 4975 1070 5013 ΟΟΠΒιιῑυιΠΒ
1103 4975 1308 5012 morus
1338 4975 1481 5010 (1188.
1509 4976 1536 5005 ))

499 4975 611 5099 (6³7)
640 5030 744 5096 Τῆς
793 5026 1180 5090 κατακλίσεως.
1213 5027 1487 5099 Οοὶείηι,
1539 5027 1639 5092 τῆς
1689 5023 1925 5099 ἐσχάτης
1978 5048 2073 5081 κα-

424 5098 744 5168 τακλίσεως,
778 5123 804 5149 ‹‹
844 5099 1116 5156 ultimum
1151 5117 1213 5155 se
1244 5098 1455 5155 lectulo
1490 5098 1806 5168 componit.
1834 5121 1862 5147 »

502 5172 612 5241 (68)
646 5171 1036 5243 Ἐπισκήψασα.
1088 5171 1284 5227 Malim
1332 5187 1400 5226 τι
1434 5186 1566 5243 cum
1629 5170 1896 5241 pluribus
1955 5188 2075 5226 ser-

428 5243 702 5300 monibus
735 5242 1022 5299 obtestata
1050 5249 1223 5306 esset,
1258 5242 1636 5312 injunxisset,
1671 5243 2074 5310 mandasset,»

427 5322 535 5373 etc.

497 5386 611 5459 (69)
645 5384 980 5459 Στνηύχετο.
1016 5386 1154 5459 Reg.
1189 5380 1656 5459 meo’pvsi'th'ro.

497 5455 612 5531 (70)
642 5457 788 5509 Μετᾶ
825 5455 930 5531 eos
978 5455 1133 5531 χοόςζ
1178 5462 1288 5513 etc.
1322 5455 1537 5511 Billius'
1562 5476 1589 5505 «
1622 5471 1755 5510 cum
1806 5455 2079 5527 pulverea

429 5529 580 5587 mele
612 5532 789 5600 atque
822 5529 1170 5601 impostura.
1199 5551 1219 5578 ι

473 5600 611 5686 ,(71)
638 5597 1037 5675 Προαποδὴμεῖ
1073 5603 1169 5655 τοῦ
1210 5598 1485 5670 σώματος.
1520 5618 1547 5647 ‹‹
1579 5601 1827 5670 Corpore
1875 5600 2078 5656 absce-

527 5693 587 5727 ,)>

432 5674 615 5821 ὼίθὲ)
644 5741 871 5821 Μικρόν.
905 5743 1046 5817 Reg.
1080 5762 1137 5815 a,
1180 5740 1357 5799 Coisl.
1409 5741 1462 5798 1.
1511 5739 1631 5796 Jes.
1691 5743 1750 5796 et
1796 5739 2078 5816 Combef.,

2235 4905 2428 4938 ικοου..

2189 4906 2715 5039 ξιιῗςὲἴξίέπίνευσις.
2749 4975 2778 5005 ‹‹
2809 4954 3169 5039 observatio,
3204 4959 3537 5039 propensio.
3558 4979 3585 5012 ιι
3620 4960 3829 5039 Adsta-

2184 5029 2283 5084 bat
2300 5026 2475 5103 enim
2501 5026 2759 5099 longaeva
2789 5031 2996 5103 mater,
3020 5026 3596 5103 inclinato—corpore,
3632 5034 3831 5103 pronis

2185 5099 2762 5176 oculis,_observans,
2796 5102 2859 5152 ut
2909 5099 3248 5176 fierisolet,
3282 5099 3829 5176 extre-mosGorgo-

2186 5172 2293 5227 nise
2326 5172 2565 5248 halitus.
2603 5168 2772 5248 Elius,
2807 5186 2980 5240 quem
3012 5171 3215 5248 Billius
3255 5176 3550 5248 sequitur,
3583 5193 3683 5248 pro
3714 5168 3831 5228 Etl-

2184 5243 2625 5318 veuetc,_habet_
2651 5237 2975 5318 ἐπίπνέυσις,
3002 5264 3030 5292 (ί
3064 5237 3361 5318 Spiratiof
3385 5270 3410 5295 ››
3459 5237 3599 5318 ῳ]ὶέ
3643 5264 3832 5313 voces,

2179 5318 2348 5387 juxta
2378 5313 2816 5387 Gombefisium,
2850 5314 2942 5387 hic
2977 5313 3181 5385 parum
3215 5313 3510 5387 differunt.

2257 5388 2368 5457 (74)
2494 5404 2544 5457 τι
2577 5381 2867 5457 ἀκούσωσι.
2902 5381 3184 5457 Οοὶϊὼθίη
3217 5386 3247 5440 ὅ
3274 5409 3325 5441 τι
3360 5390 3668 5457 6124007000}-

2227 5453 2372 5582 8(7?)
2405 5454 2469 5507 Δὶ
2508 5453 2538 5507 ὅ
2574 5474 2627 5508 τι
2676 5454 3009 5531 φθέγξονται.
3059 5453 3234 5515 Coisl.
3288 5463 3313 5514 1
3366 5469 3424 5517 et
3468 5465 3585 5517 Jes.
3619 5455 3665 5512 δ’
3704 5457 3734 5513 δ
3780 5476 3835 5514 τι

2284 5548 2316 5582 γ
2349 5546 2534 5580 ωνται.

2349 5546 2534 5580 ωνται.

2188 5548 2534 5655 φῠεγὲωνται.

2258 5603 2310 5673 (7
2353 5600 2370 5671 )
2399 5595 2726 5675 Τολμῶντος
2759 5593 2836 5675 δέ,
2870 5603 2980 5654 etc.
3010 5600 3067 5656 Si
3101 5604 3389 5673 praecedat
3436 5606 3723 5675 punctum
3754 5604 3837 5661 ita

2185 5669 2528 5750 vertendum
2560 5685 2574 5723 :
2600 5692 2629 5750 ς(
2662 5669 2893 5729 nemine
2920 5688 3054 5731 vero
3080 5669 3351 5750 audente,
3374 5669 3547 5735 mutes
3574 5675 3837 5736 ﬂuebant

2186 5744 2477 5821 lacrymas,
2504 5763 2533 5793 »
2563 5744 2672 5798 etc.
