4146 6290
346 393 458 456 8H

1587 387 1654 445 S.
1697 375 2067 443 GREGORll
2114 373 2510 436 THEOLOGI

3637 370 3756 435 812

352 528 611 601 corporis
638 531 739 583 aut
766 523 1072 598 sanguinis
1103 539 1315 578 manus
1346 518 1776 582 recondiderat,
1809 513 1866 566 id
1916 509 1997 564 la-

2120 526 2318 580 κρυσιν,
2353 502 2545 601 (ὥ.τοῦ
2577 503 2852 601 θαύματος
2877 505 2916 577 ί)
2966 502 3207 574 ἀπῆλθεν
3256 503 3409 567 εὐθὺς
3461 506 3756 580 αἰσθομένη

353 619 568 692 crymis
599 615 1031 680 admiscuisset,
1064 616 1118 685 (o
1147 628 1266 667 rem
1297 606 1764 675 admirandam!)
1796 601 1995 656 statim

350 709 660 764 liberatam
707 722 768 761 se
817 704 1019 760 morbo
1048 702 1245 765 sentit,
1307 706 1483 770 atque
1534 704 1591 752 et
1649 707 1908 764 corpore,
1943 694 1999 743 et

350 798 571 866 animo,
604 798 660 850 et
688 798 884 848 mente
915 791 1057 846 levis
1077 788 1455 857 discedit,pro
1479 785 1601 856 spei
1623 779 1996 844 mercede,id,

353 885 511 958 quod
560 887 918 956 speraverat,
979 881 1311 943 consecuta,
1342 882 1398 930 et
1431 891 1532 939 per
1563 875 1771 926 animae
1821 867 2000 922 robur

353 973 614 1047 corporis
645 973 795 1027 vires
825 969 1138 1040 accipiens.
1169 966 1378 1036 Magna
1415 963 1650 1034 quidem
1686 961 1804 1013 bzec
1837 961 1998 1022 sunt,

355 1081 472 1121 non
503 1069 700 1119 tamen
734 1061 896 1116 falsa.
933 1058 1032 1112 His
1063 1072 1289 1124 omnes,
1319 1058 1438 1107 tam
1465 1051 1612 1116 sani,
1639 1063 1814 1120 quam
1839 1043 1997 1114 aagri,

355 1153 535 1209 ﬁdem
567 1150 856 1207 adhibete:
895 1152 959 1202 ut
991 1141 1434 1210 sanitatem,alii
1465 1138 1753 1201 habeatis,
1782 1133 1877 1189 alii
1910 1149 1999 1187 re-

354 1241 606 1315 cipiatis.
629 1239 912 1308 Quodque
943 1252 1058 1290 non
1078 1233 1374 1304 jactantia:
1398 1229 1694 1301 specimen
1723 1227 1839 1279 hinc
1863 1239 2001 1277 nar-

355 1331 506 1388 ratio
538 1329 636 1394 sit,
695 1327 831 1382 hinc
890 1325 1109 1395 liquido
1168 1325 1420 1383 constat,
1483 1317 1638 1388 quod
1672 1315 1820 1369 hanc
1854 1327 2000 1378 rem,

357 1418 620 1492 quandiu
653 1417 784 1488 ipsa
804 1413 964 1481 vixit,
997 1417 1216 1468 tectam
1249 1415 1304 1465 et
1321 1407 1551 1463 silentio
1581 1415 2002 1473 compressam,

355 1526 514 1567 nunc
571 1508 810 1562 demum
859 1502 1123 1575 patefeci.
1190 1501 1260 1554 Ac
1317 1514 1389 1552 ne
1431 1511 1585 1550 nunc
1609 1493 1843 1563 quidem
1874 1503 2003 1544 eam

2104 601 2204 664 τῆς
2239 593 2532 668 σωτηρίας,
2566 593 2742 671 κούφη
2775 595 2865 648 καὶ
2899 598 3076 666 σῶμα,
3106 593 3197 648 καὶ
3245 596 3455 669 ψυχὴν,
3505 593 3596 649 καί
3645 593 3761 650 διά-

2105 705 2277 752 νοιαν,
2327 684 2513 755 μισθὸν
2565 681 2787 744 ἐλπίδος
2833 678 3074 738 λαϐοῦσα
3119 685 3182 738 τὸ
3231 683 3612 757 ἐλπιζόμενον,
3669 684 3759 739 καὶ

2105 777 2172 846 τῇ
2204 779 2304 841 τῆς
2334 775 2519 846 ψυχῆς
2571 771 2834 847 εὐρωστίᾳ
2882 773 3228 844 κομισαμένη
3281 773 3377 842 τὴν
3428 778 3524 826 τοῦ
3567 774 3762 844 σώμα-

2107 882 2219 922 τος.
2269 865 2442 914 Ταῦτα
2487 859 2691 936 λεγάλα
2738 861 2852 934 μὲν,
2908 860 2968 915 οὐ
3019 857 3194 934 ψευδῆ
3255 858 3332 916 δέ.
3391 861 3612 923 Τούτοις
3669 883 3762 916 πι-

2110 949 2318 1004 στεύετε
2349 951 2596 1020 ἅπαντες,
2627 950 2717 1004 καὶ
2770 953 3070 1019 νοσοῦντες,
3128 949 3217 1004 καὶ
3272 949 3646 1024 ὑγιαίνοντες⁶
3693 949 3766 1006 ἵν’

2109 1040 2160 1093 oi
2190 1039 2284 1111 μὲν
2319 1035 2485 1113 ἔχητε
2539 1039 2639 1106 τὴν
2699 1038 2901 1112 ὑγίειαν
2939 1042 3076 1109 (55),
3109 1039 3162 1094 o't
3193 1037 3249 1093 δὲ
3279 1035 3599 1110 ἀπολάϐητε

2111 1128 2206 1181 Καὶ
2239 1127 2319 1181 ὅτι
2356 1129 2430 1200 μή
2463 1127 2678 1200 κόμπος
2708 1127 2770 1182 τὸ
2812 1125 3086 1203 διήγημα,
3141 1125 3310 1196 δῆλον
3361 1127 3412 1200 ἐξ
3457 1129 3530 1183 ὧν
3585 1130 3766 1199 ζώσης

2109 1219 2502 1292 κατπσιγὴσας,
2564 1215 2654 1272 νῦν
2718 1215 3056 1291 ἐξεκάλυψα·
3102 1218 3192 1272 καὶ
3249 1215 3364 1273 οὐδ’
3412 1217 3472 1272 ἂν
3515 1219 3606 1273 νῦν
3637 1217 3769 1290 ἐδη-

2115 1305 2390 1378 μοσίευσα,
2425 1303 2480 1359 εὖ
2513 1303 2644 1375 ἴστε,
2680 1305 2724 1360 εἰ
2762 1309 2835 1379 μή
2869 1327 2951 1369 τις
2978 1325 3104 1381 εσχε
3137 1327 3202 1378 με
3226 1301 3397 1385 φόϐος
3447 1311 3627 1381 θαῦμα
3673 1328 3768 1363 το-

2112 1399 2300 1449 σοῦτον
2334 1396 2446 1467 (57)
2477 1394 2813 1471 κατακρύψαι
2843 1394 2933 1450 καὶ
2977 1400 3192 1457 πιστοῖς
3238 1395 3329 1450 καὶ
3375 1394 3650 1468 ἀπίστοις,
3678 1397 3768 1452 καὶ

2112 1488 2227 1546 τοῖς
2262 1488 2350 1537 νῦν
2382 1484 2472 1538 καὶ
2500 1490 2620 1546 τοῖς
2649 1483 2891 1560 ὕστερον.

357 1597 747 1669 evulgassem,
781 1592 894 1646 nisi
926 1590 1102 1644 timor
1124 1587 1366 1659 quidam
1394 1584 1653 1639 animum
1676 1578 2035 1645 incessisset,
2069 1575 2119 1630 si
2151 1579 2381 1631 tantum
2413 1575 2789 1644 miraculum,
2815 1580 2872 1632 et
2909 1575 3204 1647 ﬁdelibus,
3237 1583 3291 1632 et
3320 1576 3682 1646 inﬁdelibus,
3714 1582 3773 1635 et

358 1687 434 1743 iis
464 1685 564 1757 qui
595 1698 753 1738 nunc
782 1683 941 1746 sunt,
974 1682 1030 1732 et
1063 1675 1311 1748 posteris
1352 1671 1757 1729 occultassem.

432 1749 588 1832 τξεο
616 1771 760 1826 ΧΙΧ.
786 1774 972 1839 Atque
1014 1764 1350 1835 hujusmodi
1383 1762 1621 1832 quidem
1665 1758 1852 1829 ipsius
1882 1757 2000 1809 vita

2178 1756 2274 1839 16".
2301 1753 2374 1839 Τὰ
2407 1751 2502 1823 μὶν
2535 1749 2602 1839 δὴ
2633 1753 2730 1804 τοῦ
2757 1749 2880 1826 βίου
2907 1755 3127 1806 τοιοῦτα
3151 1793 3164 1805 .
3195 1752 3285 1806 καὶ
3322 1752 3392 1806 τὰ
3440 1751 3616 1807 πλείω
3660 1773 3768 1808 πα-

359 1865 507 1921 fuit:
542 1859 961 1932 compluraque
995 1856 1191 1919 etiam,
1227 1871 1296 1907 ne
1329 1852 1567 1906 modum
1603 1848 1784 1903 oratio
1837 1860 2007 1900 exce-

359 1953 540 2016 deret,
574 1965 796 2020 nosque
822 1943 1154 2016 inexplebili
1188 1942 1439 2013 quadam
1475 1939 1661 2010 ipsius
1700 1935 2007 1989 laudandae

363 2041 638 2098 aviditate
689 2036 871 2092 teneri
922 2034 1276 2099 videremur,
1329 2027 1834 2098 praetermisimus.
1896 2023 2005 2075 Pim

363 2134 561 2186 autem
592 2132 648 2183 et
677 2124 888 2182 celebri
922 2123 1110 2194 ipsius
1141 2120 1313 2174 morti
1348 2120 1594 2172 fortasse
1627 2113 1905 2183 injuriam
1924 2112 2007 2165 fe-

363 2219 640 2282 cerimus,
675 2215 788 2270 nisi
819 2213 1005 2284 ipsius
1039 2226 1270 2282 quoque
1320 2208 1523 2262 laudes
1587 2216 2007 2258 commemore-

361 2326 498 2366 mus
533 2325 546 2375 ;
581 2322 714 2361 cum
740 2302 1062 2375 praesertim
1082 2316 1208 2355 eam
1225 2300 1308 2352 ita
1330 2299 1565 2366 cuperet
1583 2310 1646 2347 ac
1667 2292 2009 2362 requireret,

364 2394 846 2454 Commemorabo
877 2395 1092 2456 autem,
1128 2404 1304 2457 quam
1363 2384 1486 2438 ﬁeri
1544 2383 1752 2452 poterit
1792 2378 2008 2434 brevis-

367 2487 536 2542 sime.
572 2480 820 2538 Dissolvi
877 2479 1150 2548 cupiebat
1177 2477 1220 2509 ²⁸
1257 2473 1522 2540 (multam
1585 2472 1799 2540 quippe
1855 2468 2010 2538 apud

369 2591 529 2640 eum,
566 2590 599 2628 a
628 2587 742 2643 quo
762 2569 1097 2634 vocabatur,
1122 2564 1396 2618 fiduciam
1421 2561 1758 2623 obtinebat),
1794 2574 1857 2611 ac
1880 2573 2012 2612 cum

370 2662 599 2718 Christo
631 2676 782 2724 esse,
810 2657 1085 2714 omnibus
1119 2659 1284 2708 terrae
1346 2649 1671 2705 commodis
1719 2661 2012 2717 praepone-

376 2753 508 2808 bat:
537 2767 641 2806 nec
673 2750 984 2821 quisquam
1017 2759 1239 2809 eorum,
1274 2742 1372 2811 qui
1407 2740 1475 2792 ad
1535 2751 1792 2791 amorem
1852 2734 2016 2788 valde

371 2840 649 2914 propensi
683 2842 842 2905 sunt,
874 2840 1049 2906 atque
1080 2847 1224 2902 aegre
1248 2829 1480 2884 retineri
1501 2831 1768 2898 possunt,
1792 2824 1871 2878 ita
1894 2841 2017 2877 cor-

372 2947 484 3004 pus
515 2931 776 2993 adamat,
809 2930 873 2980 ut
898 2924 1016 2992 illa,
1038 2921 1296 2977 excussis
1321 2919 1411 2974 his
1434 2915 2018 2987 compedibus,atque

370 3021 481 3077 hac
511 3020 666 3084 fasce,
700 3032 832 3072 cum
866 3031 982 3084 qua
1004 3011 1270 3074 vivimus,
1297 3011 1588 3077 superata,
1615 3020 1748 3058 cum
1774 3001 2017 3072 pulchro

2118 1838 2520 1914 ραλελοίπαμεν
2551 1837 2640 1894 διὰ
2665 1843 2765 1909 τὴν
2799 1840 3130 1914 συμμετρίαν
3158 1845 3255 1896 τοῦ
3301 1839 3488 1916 λόγου,
3535 1842 3625 1896 καὶ
3669 1846 3769 1897 τοῦ

2121 1930 2195 2002 μὴ
2229 1926 2404 1983 δοκεῖν
2439 1928 2733 1999 ἀπλήστως
2765 1928 2910 2004 ἔχειν
2940 1930 3064 2003 περί
3116 1929 3216 1997 τὴν
3269 1929 3536 2008 εὐφημίαν
3565 1949 3577 1962 ·
3625 1930 3773 1986 τάχα

2118 2015 2163 2071 δ’
2198 2019 2254 2071 ἂν
2307 2015 2628 2089 ἀδικοίημεν
2689 2017 2947 2087 τελευτὴν
3005 2017 3150 2073 ὁσίαν
3207 2019 3298 2072 καὶ
3337 2013 3690 2092 περιϐόητον,
3726 2018 3773 2073 εἰ

2123 2107 2198 2178 μὴ
2269 2106 2358 2161 καὶ
2430 2110 2535 2160 τῶν
2609 2105 2812 2177 ταύτης
2887 2103 3069 2161 καλῶν
3132 2105 3630 2181 ἐπιμνησθείημεν’
3684 2106 3776 2162 καὶ

2117 2199 2284 2249 ταῦτα
2332 2193 2503 2256 οὕτως
2551 2193 2757 2261 ἐκείνης
2797 2195 3143 2268 ποθουμένης
3175 2217 3234 2251 τε
3261 2195 3350 2251 καὶ
3413 2195 3774 2270 ζητουμένης.

2122 2285 2519 2356 Μνησθήσομαι
2577 2280 2653 2350 δὲ,
2715 2283 2790 2345 ὡς
2837 2282 2896 2338 ἂν
2962 2283 3077 2338 οἷόν
3149 2305 3208 2339 τε
3262 2283 3300 2358 ᾖ
3365 2286 3776 2358 συντομώτατα.

2125 2373 2339 2436 Ἐπόθει
2377 2373 2469 2445 μὲν
2503 2374 2601 2441 τὴν
2633 2370 2888 2427 ἀνάλυσιν
2919 2373 3028 2446 (καὶ
3058 2373 3160 2448 γὰρ
3209 2373 3326 2449 εἶχε
3371 2371 3592 2442 πολλὴν
3642 2375 3780 2450 πρὸς

2123 2463 2213 2517 τὸν
2263 2466 2532 2516 καλοῦντα
2584 2463 2682 2529 τὴν
2738 2460 3088 2536 παρρησίαν),
3143 2463 3233 2516 καὶ
3289 2463 3352 2517 τὸ
3410 2461 3503 2517 σὺν
3561 2464 3779 2538 Χριστῷ

2125 2549 2499 2606 εἶναιπάντων
2536 2550 2808 2624 προετίθει
2838 2553 2951 2621 (58)
2998 2555 3106 2605 τῶν
3158 2551 3290 2626 ὑπὲρ
3338 2558 3483 2626 γῆς’
3533 2552 3623 2606 καὶ
3681 2553 3775 2607 ού-

2126 2637 2236 2701 δεὶς
2269 2638 2442 2700 οὕτως
2473 2638 2566 2712 ἐρᾷ
2605 2639 2860 2711 σώματος
2914 2643 3017 2694 τῶν
3077 2637 3197 2694 λίαν
3252 2638 3525 2714 ἐρωτικῶν
3575 2661 3632 2696 τε
3682 2642 3774 2696 καὶ

2127 2726 2514 2795 δυσκαθέκτων,
2573 2727 2647 2788 ὡς
2705 2726 2881 2796 ἐκείνη
2939 2728 3036 2790 τὰς
3083 2726 3250 2790 πέδας
3279 2727 3619 2805 ἀπορρίψασα
3641 2728 3772 2785 ταύ-

2125 2840 2242 2890 τας,
2275 2818 2364 2871 καὶ
2410 2817 2508 2884 τὴν
2546 2813 2664 2869 ἰλὺν
2701 2811 2996 2889 ὑπερϐᾶσα,
3029 2817 3144 2888 μεθ’
3172 2820 3238 2887 ἧς
3274 2816 3600 2893 βιωτεύομεν
3633 2819 3774 2890 (59),

2133 2908 2264 2980 μετά
2283 2909 2379 2960 τοῦ
2409 2903 2580 2959 καλοῦ
2627 2905 2877 2978 καθαρῶς
2923 2904 3186 2979 γενέσθαι,
3234 2907 3322 2960 καὶ
3367 2906 3459 2961 τὸν
3499 2905 3772 2982 ἐρώμενον

2129 2990 2427 3050 ἀπολαϐεῖν
2461 2993 2613 3064 ὅλον,
2674 2995 2972 3065 προσθήσω
3034 2991 3080 3048 δ’
3140 2993 3224 3049 ὅτι
3275 2995 3365 3049 καὶ
3404 2995 3494 3050 τὸν
3527 2993 3779 3071 ἐραστὴν.

367 3109 469 3165 illo
501 3125 645 3180 pure
674 3103 971 3175 conjungi,
1006 3114 1257 3170 eumque
1288 3101 1498 3159 totum,
1531 3109 1704 3164 quem
1756 3093 2005 3159 amabat,

2131 3086 2190 3141 οὗ
2239 3089 2328 3138 νῦν
2389 3088 2606 3158 μικραῖς
2661 3081 3058 3155 ἐλλαμπόμεθα
3089 3088 3208 3145 ταῖς
3255 3082 3471 3158 αὐγαῖς,
3523 3084 3613 3138 καὶ
3657 3083 3781 3139 ὅσον

2237 3175 2246 3188 ,
2500 3172 2521 3188 μ
2764 3171 2775 3188 ι
2891 3183 2906 3188 -
2986 3174 3091 3188 mm
3182 3180 3190 3188 .
3432 3174 3443 3188 .
3576 3169 3619 3188 ι..
3702 3170 3774 3188 ,με

369 3179 583 3254 addam
615 3196 789 3250 etiam
818 3210 852 3247 a
880 3208 994 3262 quo
1016 3189 1341 3251 amabatur,
1368 3182 1673 3253 complecti
1706 3179 2012 3252 gestiebat,

362 3287 533 3356 cujus
566 3300 720 3338 nunc
748 3280 1015 3336 videlicet
1047 3276 1272 3346 exiguis
1302 3273 1480 3327 radiis
1514 3271 2016 3331 collustramur,et

360 3391 396 3430 a
427 3390 564 3445 quo,
597 3374 887 3443 quatenus
917 3365 1184 3436 cognosci
1233 3367 1440 3434 potest,
1477 3358 1726 3427 sejuncti
1786 3374 2012 3412 sumus.

360 3463 480 3521 Nec
501 3478 634 3516 vero
655 3463 774 3514 tam
798 3456 1036 3513 sublimi
1061 3471 1124 3510 ac
1144 3451 1336 3507 divino
1361 3448 1648 3504 desiderio
1686 3447 2009 3501 fraudatur:

365 3551 638 3624 quodque
667 3565 733 3603 eo
767 3547 957 3615 majus
980 3548 1084 3611 est,
1120 3558 1221 3613 per
1252 3538 1665 3611 praenotionem
1690 3552 1752 3588 ac
1777 3534 2010 3605 longam

364 3623 628 3714 vigiliam
659 3639 877 3693 bonum
910 3633 1052 3687 illud
1089 3627 1364 3701 praecipit.
1396 3626 1553 3680 Hanc
1587 3623 1738 3678 enim
1769 3638 2012 3676 somnus

369 3747 525 3786 unus
556 3726 944 3784 suavissimus
975 3720 1208 3790 excipit,
1238 3716 1501 3785 visioque
1534 3731 1650 3766 una
1683 3712 2011 3783 praestituto

365 3827 630 3893 tempore
675 3817 969 3872 dicessum
1028 3828 1057 3865 e
1101 3810 1222 3864 vita
1273 3806 1688 3876 complectens,
1741 3800 2012 3870 diemque

367 3911 511 3966 adeo
542 3909 738 3979 ipsum
786 3904 1053 3959 indicans
1087 3917 1099 3966 ;
1133 3899 1247 3954 Deo
1307 3894 1586 3949 nimirum
1637 3891 1744 3945 hoc
1793 3889 2010 3944 consti-

363 4003 585 4064 tuente,
620 4001 683 4050 ut
717 3996 1012 4066 parata,et
1035 4006 1149 4043 non
1185 3986 1417 4041 turbata
1443 3986 1618 4036 esset.

434 4091 559 4140 XX.
593 4085 737 4140 Nam
767 4083 922 4152 quod
955 4079 1027 4132 ad
1059 4073 1422 4148 purgationis
1450 4077 1506 4124 et
1540 4067 1881 4122 initiationis
1915 4068 2010 4121 bo-

362 4190 503 4229 num
537 4173 765 4235 attinet,
799 4170 954 4239 quod
987 4180 1298 4219 commune
1331 4163 1572 4221 donum,
1627 4164 1678 4210 et
1740 4157 2009 4210 secundae

357 4262 487 4317 vitae
521 4260 967 4315 fundamentum
1020 4271 1052 4307 a
1083 4253 1196 4306 Deo
1227 4266 1430 4304 omnes
1466 4251 1768 4314 acceptum
1831 4244 2006 4297 habe-

359 4367 514 4420 mus,
539 4364 738 4404 recens
771 4347 827 4400 id
863 4347 1181 4410 acneperat.
1220 4340 1337 4392 Imo
1364 4353 1495 4390 vero
1526 4340 1647 4389 tota
1680 4335 1797 4387 vita
1859 4331 2005 4386 nihil

359 4437 445 4494 illi
476 4436 633 4492 aliud
655 4437 798 4502 erat,
831 4447 1005 4503 quam
1041 4425 1329 4499 purgatio,
1367 4430 1422 4478 et
1460 4423 1732 4494 perfectio
1761 4437 1771 4474 :
1806 4437 1871 4474 ac
1924 4437 2006 4474 re-

2123 3175 2426 3249 γινώσκειν,
2461 3172 2522 3226 οὗ
2567 3171 2950 3245 κεχωρίσμεθα
2979 3174 3118 3246 (60).
3169 3174 3528 3247 Διαμαρτάνει
3572 3169 3630 3228 δὲ
3659 3170 3787 3228 οὐδὲ

2122 3261 2324 3331 ταύτης
2353 3264 2449 3330 τῆς
2500 3259 2808 3332 ἐπιθυμίας,
2860 3260 3031 3322 οὕτως
3086 3260 3252 3332 οὕσης
3301 3261 3482 3316 ἐνθέου
3523 3263 3612 3316 καὶ
3645 3263 3786 3336 ὑψη-

2127 3351 2249 3420 λῆς,
2308 3351 2398 3404 καὶ
2455 3350 2482 3403 ὃ
2535 3349 2731 3404 τούτου
2796 3348 2979 3420 μεῖζόν
3041 3348 3174 3418 ἐστι,
3233 3350 3607 3423 προαπολαύει
3667 3353 3782 3425 (61)

2120 3443 2217 3493 τοῦ
2247 3438 2419 3492 καλοῦ
2451 3435 2538 3492 διὰ
2566 3444 2666 3506 τῆς
2696 3438 3051 3513 προγνώσεως
3080 3437 3169 3493 καὶ
3197 3445 3298 3508 τῆς
3335 3437 3556 3509 πολλῆς
3606 3441 3778 3514 ἀγρυ-

2121 3527 2297 3588 πνίας.
2357 3526 2564 3596 Ταύτην
2627 3527 2701 3588 εἷς
2761 3525 2925 3589 ὕπνος
2978 3531 3085 3581 τῶν
3164 3524 3401 3596 ἡδίστων
3471 3524 3776 3602 ἀμείϐεται,

2120 3616 2208 3670 καὶ
2262 3618 2392 3689 ’ὀψις
2452 3615 2547 3688 μία
2604 3615 2909 3688 προθεσμίᾳ
2974 3611 3388 3694 περιλαφϐοῦσα
3453 3617 3554 3686 τὴν
3614 3616 3778 3689 ἐκδη-

2125 3706 2248 3778 μίαν
2283 3708 2414 3779 (62),
2449 3705 2536 3758 καὶ
2561 3707 2662 3774 τὴν
2699 3705 2908 3778 ἡμέραν
2958 3704 3157 3775 ταύτην
3209 3704 3540 3782 γνωρίσασα,
3589 3707 3662 3770 ὡς
3711 3705 3770 3762 ἃν

2117 3795 2179 3848 τὸ
2210 3794 2591 3868 ἐτοιμασθῆναι
2637 3791 2726 3848 καὶ
2781 3793 2857 3866 μή
2905 3796 3245 3871 ταραχθῆναι
3274 3799 3371 3850 τοῦ
3401 3799 3534 3850 Θεοῦ
3564 3815 3775 3871 πρυτα-

2118 3904 2383 3944 νευοντος.

2189 4063 2267 4118 Κ’.
2299 4060 2446 4134 Αὐτῇ
2482 4081 2574 4132 μεν
2610 4081 2700 4114 ουν
2735 4080 2996 4134 υπογυιον
3050 4061 3160 4132 (63)
3207 4061 3268 4114 τὸ
3316 4067 3417 4130 τῆς
3465 4061 3774 4135 καθαρσεως

2115 4150 2203 4205 καὶ
2261 4148 2594 4210 τελειώσεως
2641 4151 2704 4216 ἦν
2757 4147 2976 4223 ἀγαθὸν,
3034 4149 3094 4216 ἢν
3151 4150 3340 4218 κοινὴν
3393 4147 3621 4224 δωρεὰν,
3680 4150 3772 4205 καὶ

2118 4237 2368 4315 δευτέρου
2414 4237 2530 4312 βίου
2561 4234 2803 4311 κρηπῖδα
2862 4238 3007 4310 παρὰ
3054 4241 3187 4292 Θεοῦ
3239 4239 3429 4301 πάντες
3501 4241 3612 4312 (64)
3669 4237 3772 4294 λα-

2116 4323 2300 4389 ϐόντες
2361 4325 2582 4402 ἔχομεν·
2639 4323 2861 4380 Μᾶλλον
2913 4323 2970 4380 δὲ
3016 4331 3120 4388 πᾶς
3170 4326 3198 4379 ὁ
3251 4326 3368 4402 βίος
3415 4328 3674 4401 κάθαρσις
3701 4328 3769 4396 ἦν

2115 4417 2251 4489 αὐτῇ
2299 4417 2388 4470 καὶ
2435 4415 2756 4476 τελείωσις·
2807 4415 2896 4469 καὶ
2954 4415 3016 4469 τὸ
3074 4415 3167 4488 μὲν
3223 4416 3324 4485 τῆς
3369 4415 3772 4492 ἀναγεννησεως

358 4525 793 4600 generationem
849 4501 1088 4592 quidem
1131 4535 1162 4570 a
1193 4515 1413 4586 Spiritu
1451 4517 1651 4567 sancto
1712 4511 2000 4575 habebat;

2120 4506 2258 4600 εἶχεν
2293 4506 2404 4576 (65)
2461 4503 2552 4600 Exn
2569 4508 2664 4558 τοῦ
2715 4503 3049 4576 Πνεύματος,
3094 4505 3157 4558 τὸ
3204 4501 3273 4558 δι’
3305 4503 3541 4582 ἀσφαλὲς
3571 4503 3775 4576 ταύτης

358 4616 548 4689 ipsius
578 4617 775 4669 autem
805 4609 1090 4665 securitas
1119 4623 1186 4661 ex
1214 4607 1477 4659 anteacta
1510 4603 1644 4656 vita.
1671 4604 1860 4669 Atque
1892 4598 2000 4652 soli

359 4688 413 4762 ei
437 4719 605 4776 pene,
638 4707 703 4757 ut
726 4701 999 4757 audacter
1029 4697 1254 4766 loquar,
1273 4693 1622 4763 baptismus,
1650 4705 1762 4743 non
1787 4688 2004 4760 gratia,

432 4804 476 4837 π
511 4800 758 4872 Philipp.
785 4817 825 4865 ι,
855 4798 944 4851 23.

433 4901 542 4971 (55)
568 4895 815 4971 Ὑγίειανλ
853 4896 1029 4971 Regg.
1053 4893 1186 4971 _b-m,
1217 4888 1418 4971 ύγειέιινΖ

429 4951 542 5038 (56)
573 4951 1140 5038 Ἀπολάϐτλτε.υὸοἱ8).
1169 4951 1575 5038 Ῐ.ἀπολοὶϐοιτε.

449 5029 540 5108 57)
570 5029 858 5093 Τοσοῦτον.
894 5043 1068 5108 Regg.
1107 5036 1206 5108 hu,
1239 5036 1327 5084 0r.
1359 5029 1742 5108 J__es.'r00'0310.

446 5103 538 5184 58)
568 5111 864 5185 ῌροετίθει.
899 5103 1072 5185 Οοῖεἷὶ.
1113 5107 1162 5173 1,
1195 5103 1476 5185 προετὶςξγν

442 5165 534 5250 59)
567 5165 928 5252 Βίωτευομεν.
964 5165 1219 5252 Ββξζξζ.ἠ,
1241 5165 1355 5252 .hll,
1381 5165 1476 5230 Or,
1516 5165 1861 5252 βιωτεύομεν,

417 5238 529 5329 (60)
591 5255 684 5306 Καὶ
737 5238 862 5306 ὅσον
915 5238 1219 5324 γινώῖκειν,
1284 5242 1344 5296 οὗ
1430 5238 1830 5313 κεχιυρίσμεθα.
1895 5238 2003 5291 Bil-

345 5312 481 5396 lius,
513 5312 545 5377 lu
582 5334 755 5398 atque
790 5312 1092 5387 hactenus,
1121 5312 1214 5387 ut,
1236 5336 1266 5371 ιι
1298 5334 1411 5388 quo
1439 5312 1715 5382 iiiiSjuiicti
1769 5326 1995 5377 sumus,

343 5417 697 5474 agnoscamu
711 5416 771 5474 S.‘
794 5419 821 5446 ))

414 5455 528 5543 (61)
561 5466 931 5543 Πραπολαύει.
969 5489 994 5514 ‹‹
1031 5463 1315 5532 Praacipit,
1366 5460 1423 5512 in
1477 5459 1844 5511 antecessum
1899 5455 1995 5508 bo~

346 5559 420 5598 no
451 5543 683 5598 fruitur.
711 5564 737 5590 ››

414 5595 874 5684 (ϐξῖἚκδημίαν.
910 5607 1426 5684 Quiesequuntpr.
1453 5615 1669 5684 ‘usque
1728 5597 1823 5684 ad.
1859 5595 1993 5668 αὐτῇ

349 5671 798 5758 μένμᾷθευῐιῐίῖῐι
833 5671 1010 5758 Regg.
1041 5671 1176 5758 bm;
1197 5677 1297 5758 hi1,
1320 5671 1491 5758 Coisl:
1527 5671 1742 5757 2,‘les.,
1778 5672 1884 5754 etc;

415 5737 1161 5831 (63)η⁶ί“πόγυιον.ωὲοὶ101ί
1210 5737 1491 5802 τδνεωστὶ
1523 5737 1612 5796 καὶ
1669 5737 1992 5816 προσφάτως

2112 4594 2300 4649 ἐκτῶν
2347 4587 2828 4667 προϐεϐιωμένων.
2879 4592 2985 4648 Καὶ
3049 4591 3186 4666 μόνῃ
3242 4590 3464 4668 σχεδὸν.
3505 4593 3578 4647 ἳν⁹
3633 4591 3772 4648 εἷ’πω

2111 4683 2420 4756 τολμήσας,
2454 4681 2704 4760 σφραγὶς,
2738 4679 2865 4736 αλλ’
2893 4681 2955 4736 οὗ
2983 4680 3232 4757 χάρισμα
3260 4683 3328 4753 ἦν
3352 4682 3415 4738 τὸ
3445 4683 3765 4756 μυστήριον.

2108 4877 2356 4960 γενόεμὸ,
2392 4902 2419 4927 ‹‹
2469 4878 2632 4960 Quod
2689 4894 2877 4960 nuper
2932 4894 2999 4960 ac
3049 4882 3314 4960 recente}:
3388 4875 3658 4960 contigit,
3707 4876 3768 4960 id

2116 4949 2223 5032 est,
2249 4952 2547 5032 gorgonia
2578 4949 2787 5031 recens
2809 4950 3127 5032 baptizata:
3159 4972 3187 5000 ››
3233 4949 3452 5032 .Mirum
3514 4949 3770 5021 profecto

2115 5020 2425 5106 videbitur,
2457 5021 2807 5106 Go‘rgoniam
2839 5020 3130 5106 singulari
3188 5021 3425 5106 pietate_
3463 5020 3768 5106 praeditam

2115 5093 2455 5176 sanctisqne
2485 5091 2712 5176 editam.
2736 5091 3165 5176 parentibus,‘<f
3189 5091 3566 5176 purgationis
3583 5097 3640 5148 et
3656 5093 3769 5148 ini-

2116 5163 2374 5248 tiatniopis
2393 5167 2613 5220 bonum
2649 5163 2923 5248 »_tamdi_u
2952 5163 3765 5247 distulisse.Copstattamen,

2115 5237 2170 5291 ni
2206 5238 2393 5305 fallor,
2427 5253 2555 5319 eam
2589 5241 2739 5319 certe
2763 5235 3128 5316 baptismum
3159 5235 3512 5319 suscepisse,
3575 5235 3767 5306 prius-

2113 5327 2288 5381 quam
2327 5306 3230 5381 sanitatem,_deAqua_superius,
3276 5306 3351 5361 n.’
3385 5308 3450 5381 l_8
3511 5306 3768 5381 mirabili

2111 5377 2283 5460 modo
2307 5379 2639 5460 recepisset.
2665 5377 3174 5460 Undeenimjlomi
3199 5378 3499 5460 recondita
3527 5378 3765 5434 habuis-

2110 5458 2196 5508 set
2229 5476 2255 5500 ‹‹
2291 5450 2554 5523 corporis
2577 5450 2965 5517 et,sanguinis
2999 5450 3230 5523 Domini
3264 5450 3554 5523 antitypa,
3592 5473 3615 5501 ι
3637 5466 3763 5522 quis

2109 5521 2548 5578 catechumenis
2581 5526 2889 5578 attrectare
2918 5538 3033 5577 non
3067 5521 3327 5578 licebat?

2322 5593 2583 5676 ligvres.“
2609 5593 2779 5676 Deest
2837 5595 2896 5676 in
2931 5593 3290 5676 quibusdam
3319 5593 3503 5676 βόες.
3539 5596 3598 5648 et
3641 5593 3761 5649 Jes.

2199 5664 2290 5737 65)
2324 5665 2510 5741 Εἷχεν.
2537 5666 2718 5722 Deest
2740 5665 2800 5721 in
2831 5664 3124 5740 plerisque
3145 5664 3472 5724 codicibus:
