2073 3145
207 169 268 199 815

828 163 860 196 S.
885 163 1070 195 GREGORII
1092 160 1290 194 THEOLOGI
1850 160 1910 194 818

207 244 263 272 que
278 234 448 263 incurabilis
464 235 528 270 (nec
552 233 630 261 enim
657 233 738 269 pium
762 232 925 266 videbatur,
950 240 1011 259 eam

1085 231 1098 257 ὁ
1113 229 1236 260 Θάνατος.
1253 230 1282 257 Ἠ
1299 227 1327 256 δὲ
1349 229 1450 259 ἄπνους
1478 239 1507 256 τε
1530 228 1574 256 καὶ
1594 229 1732 264 ἀκίνητος,
1745 228 1791 256 καί
1805 230 1909 268 ἄφθογ-

205 288 269 316 ιιιιεο
283 280 325 307 ita
348 279 521 312 discederet,
537 278 617 306 luctu
640 277 797 313 prosequi),
813 276 966 312 altumque
987 275 1030 303 si—

203 324 328 352 lentium
344 325 416 358 erat,
432 331 465 351 ac
480 331 560 350 mors
576 322 654 350 illius
670 329 758 350 sacrm
774 321 929 356 cujusdam
946 328 1029 347 caere-

204 368 309 396 moniea
325 367 451 403 speciem
467 367 604 395 habebat.
618 366 669 394 Illa
684 368 792 400 autem,
805 367 949 401 quantum
965 364 1028 400 qui-

204 413 271 441 dem
287 421 322 440 ex
336 414 455 447 aspectu
479 411 584 446 conjici
601 413 724 446 poterat,
741 418 794 438 nec
818 410 958 446 spirabat,
975 417 1027 437 nec

203 457 384 491 movebatur,
395 464 449 484 nec
463 464 568 484 sonum
585 455 677 482 ullum
691 455 806 488 edebat,
817 454 1027 489 silentiumque

202 501 276 529 illud
291 501 374 529 fracti
385 502 413 528 et
423 499 557 528 dissoluti
569 500 699 535 corporis
709 499 877 535 opinionem
888 498 1025 526 omnibus

202 545 356 579 aﬁ‘erebat;
372 545 491 581 perinde
506 544 639 572 videlicet
656 546 743 579 atque
753 543 831 571 vocis
845 543 1025 570 instrumen-

199 592 242 623 ta,
257 590 294 618 ob
308 589 423 622 animae,
437 597 495 625 qua
510 589 712 622 movebantur,
723 596 886 622 excessum,
898 587 961 622 jam
977 595 1025 622 op-

198 642 302 670 pressa
316 634 393 662 πυ
408 636 436 661 et
451 633 593 661 exstincta
603 634 710 661 essent.
722 633 757 660 At
769 640 835 659 cum
852 633 952 667 pastor
964 631 1022 666 ille,

198 678 248 713 qui
264 680 382 715 propter
405 677 591 711 miraculum,
607 677 684 713 quod
700 677 839 705 omnibus
858 676 945 704 rebus
960 675 1022 703 elu-

196 723 292 757 cebat,
308 723 386 751 facta
409 722 546 757 dictaque
569 721 649 749 illius
674 721 773 749 omnia
792 720 947 757 diligenter
970 720 1021 748 ob-

195 768 340 802 servabat,
356 767 435 795 labia
449 766 542 802 ipsius
557 766 661 794 leniter
676 765 784 794 moveri
800 765 951 798 sensisset,
968 773 1019 792 au-

195 820 315 847 remque
339 811 460 847 propius
483 811 660 839 admovisset
675 811 824 845 (ﬁdentem
840 809 918 837 enim
940 818 1018 844 eum,

195 864 261 884 cum
277 856 322 883 sui
342 864 450 889 mores,
466 858 529 883 tum
545 855 760 883 commiseratio
784 855 849 890 ipsa
875 854 1020 889 faciebat,)

195 900 265 936 quin
276 902 307 928 tu
324 900 387 936 ipse
401 900 491 935 hujus
502 900 609 927 silentii
625 899 795 935 mysterium
812 899 954 935 exponis?
968 899 1020 926 Ne-

195 953 242 972 mo
258 944 368 980 quippe
382 944 436 972 tibi
460 944 590 972 narranti
607 944 693 971 ﬁdem
710 943 873 979 abrogabit.
885 943 1016 971 Psalmo-

193 988 241 1016 dia
256 990 327 1022 erat,
338 988 367 1016 id
383 989 460 1023 quod
473 988 716 1020 submussitabat,
728 996 761 1015 ac
774 987 944 1023 psalmodias
955 995 1015 1014 ver-

191 1033 229 1061 ba
243 1033 279 1061 ad
295 1033 405 1060 exitum
425 1032 601 1068 pertinentia
617 1040 623 1059 :
641 1034 680 1065 et,
697 1032 720 1060 si
745 1040 811 1060 vere
833 1031 1013 1066 loquendum

189 1079 243 1112 est,
255 1077 398 1105 libertatis
413 1076 494 1105 illius
509 1085 542 1104 ac
559 1076 681 1111 fiduciae,
694 1085 759 1104 cum
776 1085 834 1112 qua
850 1076 916 1103 hinc
931 1084 1013 1103 exce-

188 1122 285 1156 debat,
302 1121 517 1150 testimonium.
528 1122 568 1149 Ac
584 1121 686 1149 beatus
700 1121 759 1155 ille,
775 1121 822 1156 qui
834 1129 900 1148 cum
918 1120 1013 1148 verbis

186 1166 245 1194 illis
260 1168 423 1194 extremum
447 1166 511 1193 vitae
536 1166 673 1202 spiritum
689 1165 821 1193 claudet:
837 1168 869 1193 In
891 1173 958 1201 pace
982 1166 1013 1193 in

187 1210 311 1247 idipsum
333 1211 469 1238 dormiam
492 1215 519 1238 et
542 1211 716 1246 requiescam
724 1211 755 1236 ³ο.
775 1210 849 1243 Haec,
866 1212 895 1238 et
911 1218 926 1237 a
942 1213 978 1243 te,
995 1218 1011 1237 ο

1082 285 1141 312 γος,
1155 275 1186 302 τὸ
1202 273 1376 313 φαινόμενον,
1399 272 1443 300 καὶ
1468 273 1485 307 ἡ
1512 274 1602 307 σιωπὴ
1617 275 1666 301 τοῦ
1679 274 1806 309 σώματος
1821 273 1907 302 ἐδόκει

1082 318 1245 357 παράλυσις,
1272 319 1327 345 οἷον
1352 316 1407 353 ἤδη
1431 320 1485 345 τῶν
1508 320 1668 357 φωνητικῶν
1694 318 1817 356 ὀργάνων
1835 330 1908 347 νινε-

1081 364 1241 400 κρωμένων,
1270 361 1314 389 διὰ
1340 363 1389 397 τὴν
1414 364 1462 389 τοῦ
1485 365 1625 394 κινοῦντος
1654 362 1808 401 έγχώρησιν
1837 364 1904 400 (77).

1081 407 1185 446 Ἠρέμα
1214 406 1242 435 δὲ
1278 409 1331 434 τῶν
1357 405 1474 445 χειλέων
1503 407 1671 443 κινουμένων
1701 407 1862 444 αἰσθόμενος
1891 409 1906 436 ὁ

1080 453 1166 480 πάντα
1189 454 1281 490 τηρῶν
1305 452 1339 479 τὰ
1362 450 1465 487 ἐκείνης
1489 451 1627 488 έπιμελῶς
1643 452 1748 488 ποιμὴν
1763 454 1831 490 (78),
1862 452 1907 480 διὰ

1078 498 1110 525 τὸ
1135 497 1161 525 ἰν
1191 500 1255 524 πᾶσι
1281 499 1381 534 θαῦμα,
1403 497 1448 524 καὶ
1464 497 1594 535 παραθεὶς
1609 497 1642 524 τὰ
1656 496 1713 525 ὦτα
1725 499 1783 529 τοῖς
1800 497 1906 535 χείλεσι

1078 542 1120 577 (τὸ
1135 542 1185 579 γὰς
1209 541 1315 579 Θαῤῥεῖν
1341 542 1399 579 εἶχε
1422 540 1466 568 καὶ
1491 541 1564 577 παρὰ
1585 543 1634 568 τοῦ
1656 541 1759 578 τρόπου
1772 542 1818 569 καὶ
1833 542 1906 581 παρὰ

1077 590 1127 625 τῆς
1155 585 1344 622 συμπαθείας),
1370 585 1450 616 αὐτὸς
1475 584 1606 622 διήγησαι
1637 586 1669 613 τὸ
1700 589 1751 621 τῆς
1785 587 1903 625 ἡσυχίας

1081 631 1241 668 μυστήριον,
1258 630 1273 656 δ
1287 629 1313 657 τί
1333 640 1399 657 ποτε
1413 631 1445 664 ῆν
1460 629 1505 657 καὶ
1521 630 1576 657 οἷον
1594 630 1652 667 (79)
1665 641 1671 647 ·
1684 629 1772 662 οὐδεὶς
1787 632 1903 667 ἀπιστή-

1076 686 1116 702 σει
1133 677 1180 702 acii
1208 675 1346 712 Λέγοντος,
1370 672 1528 710 Ψαλμῳὸία
1550 674 1581 702 τὸ
1604 674 1830 712 ὁποΛαλούμενον
1857 677 1903 712 ἧν,

1075 719 1120 746 καὶ
1148 718 1312 756 ψαλμῳδίας
1340 718 1373 745 τὰ
1401 717 1488 753 ἐξόδια
1517 719 1574 753 (80)
1605 718 1732 756 ῥήματα·
1762 719 1784 747 εἷ
1801 719 1829 748 δὶ
1844 721 1900 759 χρὴ

1074 763 1191 799 τάληθὲς
1221 764 1316 798 εἰπεῖν,
1342 762 1474 801 μαρτυρία
1497 765 1548 797 τῆς
1571 762 1736 802 παρῥησίας,
1763 765 1867 801 μεθ’-ἧς
1882 767 1900 801 ἡ

1075 807 1176 845 ἔξοδος.
1204 808 1253 835 Καὶ
1290 807 1421 845 μακάριος
1451 808 1526 839 ’ὸστις
1560 808 1617 844 μετ’
1641 808 1748 836 ἐκείνων
1771 809 1901 838 ἀναπαύε-

1072 863 1117 880 ται
1146 854 1201 888 (Si)
1229 855 1283 880 τῶν
1315 852 1462 890 ῥημάτων·
1493 853 1533 882 Ἐν
1563 852 1657 890 εἰρήνῃ
1693 852 1737 881 ἰπὶ
1773 854 1805 882 τὸ
1834 854 1900 883 αὕτὸ

1073 898 1282 934 κοιμηθήσομσιι
1308 898 1354 924 καὶ
1393 897 1519 926 ὑπνώσω,
1558 899 1645 925 Ταῦτα
1682 898 1727 925 καὶ
1764 898 1899 934 ἐψάλλετό

1072 953 1125 975 σοι,
1140 941 1273 977 καλλίστη
1303 945 1449 979 γυναικῶν,
1472 942 1517 969 καὶ
1541 939 1709 971 συνέϐαινεν·
1732 943 1778 970 καὶ
1792 945 1810 978 ἡ
1826 945 1897 981 ψαλ-

1071 985 1160 1022 μῳδία
1182 986 1214 1013 τὸ
1238 986 1381 1023 γινόμενον
1407 988 1451 1022 ἦν,
1481 985 1526 1013 καί
1552 987 1619 1023 μετὰ
1651 990 1702 1021 τῆς
1726 986 1858 1024 ἐκδημίας
1883 989 1898 1017 ὁ

1069 1030 1209 1070 ἐπιτάφιος
1219 1040 1226 1047 °
1244 1031 1266 1058 ὦ
1281 1030 1373 1061 καλῶς
1397 1031 1449 1058 ἀπὸ
1463 1032 1517 1058 τῶν
1539 1033 1631 1062 παθῶν
1648 1031 1835 1069 εἷρηνεύσασα,
1850 1032 1893 1070 σὺ,

1067 1075 1111 1102 καὶ
1127 1075 1172 1102 τὸν
1190 1075 1367 1114 ὀφειλόμενον
1380 1078 1440 1106 τοῖς
1454 1075 1606 1112 ἀγαπητοῖς
1618 1075 1701 1103 ὖπνον
1717 1074 1895 1105 ἀπολαϐοῦσα

1067 1119 1135 1157 πρὸς
1158 1121 1198 1155 τῷ
1226 1122 1311 1155 κοινῷ
1339 1122 1390 1154 τῆς
1418 1120 1585 1156 κοιμήσεως,
1609 1119 1647 1150 ὡς
1674 1119 1747 1151 εἷκὸς
1775 1122 1824 1156 τὴν
1849 1121 1895 1149 καὶ

1069 1165 1184 1199 ζήσασαν
1212 1164 1257 1192 καὶ
1279 1163 1446 1192 ἀπελθοῦσαν
1472 1164 1497 1192 ἐν
1520 1166 1580 1195 τοῖς
1603 1165 1652 1198 τῆς
1684 1162 1819 1197 εὐσεϐείας
1848 1166 1895 1204 ῥή-

1069 1219 1161 1244 μασιν.

187 1255 346 1283 mulierum
362 1255 617 1291 praestantissima,
633 1255 823 1290 canebantur,
836 1256 864 1282 et
878 1254 930 1282 tibi
946 1254 1168 1290 contingebant;
1185 1262 1217 1282 ac
1233 1253 1408 1290 psalmodia,
1424 1254 1453 1282 id
1470 1256 1541 1288 erat,
1558 1254 1635 1290 quod
1651 1255 1751 1290 ﬁebat,
1767 1257 1893 1292 conjun-

187 1301 325 1336 ctumque
339 1307 406 1327 cum
422 1299 554 1327 discessu
578 1299 760 1335 epitaphium
777 1301 838 1327 erat
855 1307 861 1326 ι
878 1299 986 1334 quippe
1008 1307 1072 1334 quas
1097 1301 1225 1326 mentem
1242 1307 1258 1326 a
1272 1299 1385 1327 vitiosis
1414 1298 1647 1334 permotionibus
1675 1300 1730 1328 rite
1758 1303 1891 1336 pacatam

185 1343 335 1379 habueris,
350 1352 384 1371 ac
399 1346 503 1379 printer
527 1352 714 1371 communem
739 1351 884 1379 soporem,
901 1343 1033 1370 debitum
1050 1351 1167 1379 quoque
1187 1346 1242 1371 Deo
1257 1343 1353 1371 charis
1369 1343 1540 1372 hominibus
1567 1351 1705 1372 somnum
1732 1346 1890 1381 acceperis,

185 1388 434 1423 quemadmodum
449 1396 513 1416 eam
526 1396 579 1423 par
593 1390 665 1420 erat,
682 1396 746 1423 quae
761 1388 790 1415 in
807 1387 924 1423 pietatis
939 1388 1045 1421 verbis,
1061 1390 1090 1415 et
1104 1387 1223 1422 vixerat,
1239 1391 1267 1415 et
1283 1388 1476 1416 abscesserat.

219 1432 312 1461 XXIII.
325 1433 468 1469 Equidem
490 1441 548 1460 non
564 1432 676 1467 dubito,
689 1432 759 1468 quin
776 1433 824 1465 iis,
837 1441 898 1468 qua
914 1432 1007 1460 oculis

182 1479 355 1511 cernuntur,
387 1477 479 1505 multo
508 1477 709 1513 praestantiora
738 1477 797 1504 sint
825 1485 869 1509 ea,
898 1477 1006 1512 quibus

182 1530 260 1550 nunc
276 1522 392 1557 frueris,
409 1530 515 1557 nempe
536 1530 627 1549 sonus
642 1521 824 1557 epulantium
835 1521 869 1555 δι,
886 1521 1004 1557 angelo-

1097 1435 1145 1458 KI"
1184 1431 1306 1459 Κοείσσω
1357 1432 1365 1441 ‘
1429 1431 1441 1440 ”
1494 1430 1508 1441 τ
1548 1430 1575 1458 Ἱδ
1654 1432 1661 1440 “
1752 1434 1766 1439 ’⁸
1859 1434 1865 1444 ’

1148 1454 1154 1459 ,
1210 1458 1213 1468 ι
1337 1442 1383 1467 μεν
1410 1441 1455 1458 ουν
1481 1442 1509 1458 ευ
1533 1442 1558 1458 ο.
1579 1442 1594 1459 α
1617 1442 1662 1459 και
1679 1442 1773 1470 μακρῳ
1785 1443 1887 1469 τιμιω-

1060 1486 1123 1514 τερα
1150 1476 1183 1503 τὰ
1206 1475 1325 1514 παρόντα
1346 1486 1388 1503 σοι
1412 1478 1455 1503 νῦν
1479 1476 1496 1510 ἣ
1519 1476 1586 1503 κατὰ
1608 1476 1641 1504 τὰ
1663 1477 1798 1514 ὁρώμενα,
1814 1478 1887 1517 ἦχος

1061 1519 1252 1556 ἑορταζόντων,
1273 1520 1396 1558 ἀγγέλων
1420 1519 1528 1557 χορεία,
1550 1519 1624 1555 τάξις
1652 1520 1774 1559 οὐρανία⁷
1805 1520 1887 1559 δόξης

181 1574 248 1593 rum
274 1566 389 1601 chorea,
405 1566 530 1594 scelestis
558 1566 639 1599 ordo,
658 1565 757 1601 gloria;
785 1566 1003 1601 contemplatio,

1067 1565 1169 1603 ὶεωρία,
1191 1568 1241 1599 τῆς
1265 1575 1293 1591 τε
1318 1563 1408 1599 ἄλλης
1432 1564 1477 1592 καὶ
1498 1568 1549 1599 τῆς
1567 1564 1695 1593 ἀνωτάτω
1710 1565 1825 1603 Τριάὸος
1839 1566 1887 1595 ἔλ-

182 1618 251 1638 eum
275 1610 408 1645 alterius,
423 1613 486 1638 tum
516 1619 659 1646 supremae
675 1610 826 1638 Trinitatis
853 1610 954 1646 purior
978 1613 1006 1638 et

1067 1610 1165 1646 Καμψις
1193 1609 1368 1647 καθαρωτέρα
1394 1620 1424 1636 τε
1451 1608 1496 1637 καὶ
1524 1608 1686 1647 τελεωτέρα,
1709 1612 1806 1647 μηκέτι
1823 1612 1888 1640 ὑπο-

181 1655 336 1691 perfectior
359 1654 545 1687 illuminatio,
562 1664 619 1682 non
641 1656 704 1690 jam
723 1655 852 1682 vinctam
877 1657 1004 1682 mentem

181 1707 216 1728 ac
230 1707 282 1735 per
296 1708 400 1727 sensus
412 1699 548 1727 diffusam
564 1699 760 1735 suffugientis,
773 1700 823 1726 sed
835 1702 924 1726 totam
940 1707 1005 1727 sese

180 1743 233 1771 toti
250 1744 339 1771 menti
354 1744 608 1779 contemplandam
624 1746 652 1770 et
666 1743 823 1770 tenendam
839 1744 1002 1779 praebentis,

180 1789 301 1824 totoque
316 1788 477 1816 divinitatis
491 1787 601 1815 lumine
617 1788 723 1815 animis
739 1788 847 1815 nostris
862 1788 1002 1823 aii'ulgen-

179 1832 230 1861 tis.
246 1831 381 1867 Omnino,
407 1833 538 1868 inquam,
558 1832 605 1859 his
630 1832 735 1859 fruaris
761 1840 895 1867 quorum,
913 1833 999 1859 etiam

177 1876 249 1905 dum
264 1877 360 1905 adhuc
375 1877 405 1904 in
420 1879 497 1905 terra
510 1884 600 1910 esses,
611 1877 647 1904 ob
663 1876 806 1904 sinceram
823 1877 858 1904 ad
876 1884 909 1904 ea
925 1885 1001 1904 men-

176 1921 216 1950 tis
231 1922 417 1955 erectionem,
434 1921 542 1949 rivulos
564 1921 701 1948 habebas.
714 1921 793 1953 Quod
816 1921 839 1948 si
864 1921 932 1956 quid
951 1930 1000 1949 eos

175 1974 300 2001 quoque,
317 1966 367 2001 qui
387 1966 440 1993 tibi
457 1974 473 1993 a
489 1966 572 1993 nobis
595 1965 747 1998 habentur,
761 1965 885 1993 honores
902 1974 997 1999 curas,

174 2012 262 2045 atque
271 2010 327 2038 hoc
336 2011 446 2046 praemii
458 2011 567 2038 sanctis
577 2010 683 2037 animis
695 2010 833 2037 divinitus
843 2010 997 2045 contingit,

173 2056 207 2082 ut
222 2054 278 2082 ista
306 2055 443 2089 sentiant,
462 2057 590 2081 nostram
614 2063 731 2090 quoque
755 2055 915 2082 orationem
946 2064 996 2090 pro

171 2098 284 2133 multis,
300 2107 333 2126 ac
358 2108 414 2134 prae
439 2098 539 2126 multis
563 2099 736 2126 funebribus
761 2098 846 2126 donis
870 2100 996 2134 accipias

169 2142 269 2178 velim,
286 2151 375 2178 quam
396 2143 520 2170 Caesario
546 2145 613 2170 ante
638 2145 674 2176 te,
691 2145 719 2170 et
743 2143 793 2170 tibi
821 2146 885 2178 post
911 2143 993 2171 illum

167 2186 373 2223 persolvimus,
384 2186 621 2223 quandoquidem
634 2187 756 2214 fratrum
769 2187 921 2215 funeribus
932 2197 994 2215 ora-

1060 1653 1214 1693 φευγούσης
1243 1654 1288 1681 τὸν
1317 1652 1426 1690 δέσμιον
1456 1655 1518 1681 νοῦν
1547 1654 1592 1682 καὶ
1621 1652 1799 1692 διαχεόμενον
1827 1659 1887 1689 ταῖς

1059 1699 1227 1733 αἰσθήσεσιν,
1251 1697 1313 1726 ἀλλ’
1336 1697 1406 1733 ὅλης
1432 1697 1492 1734 ὅλῳ
1515 1697 1558 1726 νοΐ
1582 1700 1773 1737 θεωρουμένης
1797 1711 1826 1728 τε
1840 1702 1885 1729 καὶ

1058 1742 1254 1780 κρατουμένης,
1278 1742 1322 1770 καὶ
1346 1743 1624 1781 προσαστραπτούσης
1652 1747 1711 1775 ταῖς
1738 1745 1885 1783 ἡμετέραις

1058 1789 1158 1825 ψυχαῖς
1182 1787 1241 1823 ὅλῳ
1268 1789 1308 1822 τῷ
1341 1788 1411 1825 φωτὶ
1439 1789 1488 1822 τῆς
1517 1787 1645 1823 θεότητος
1673 1788 1784 1817 Πάντων
1814 1791 1884 1818 ἀπο-

1058 1831 1151 1862 λαύοις
1180 1832 1246 1867 (82),
1269 1832 1306 1858 ὧν
1332 1831 1371 1859 ἔτι
1397 1832 1462 1870 ὑπὲρ
1487 1835 1540 1870 γῆς
1566 1833 1639 1870 εἶχες
1664 1834 1711 1864 τὰς
1733 1834 1883 1872 ἀπορροίας

1056 1874 1100 1902 διὰ
1114 1876 1145 1903 τὸ
1159 1877 1268 1914 γνήσιον
1283 1879 1334 1911 τῆς
1356 1876 1425 1914 πρὸς
1448 1876 1516 1904 αὐτὰ
1535 1876 1650 1908 νεύσεως
1665 1878 1732 1914 (83).
1749 1878 1780 1905 Εἴ
1796 1877 1824 1906 δέ
1838 1879 1882 1911 τίς

1056 1930 1097 1947 σοι
1114 1922 1171 1957 (84)
1185 1920 1230 1948 καί
1245 1923 1299 1948 τῶν
1317 1921 1459 1959 ἡμετέρων
1490 1920 1544 1948 ἐστὶ
1559 1922 1615 1958 (85)
1631 1920 1723 1959 λόγος,
1739 1923 1785 1950 καὶ
1800 1926 1882 1952 τοῦτο

1053 1967 1111 1995 ταῖς
1142 1964 1229 1995 ὁσίαις
1255 1967 1357 2002 ψυχαῖς
1385 1965 1415 1992 ἐκ
1443 1964 1510 1993 Θεοῦ
1538 1966 1629 2003 γέρας,
1665 1968 1719 1993 τῶν
1748 1967 1880 1996 τοιούτων

1053 2008 1265 2045 ὲπαισθάνεσθαι⁷
1292 2008 1385 2047 δέχοιο
1411 2009 1456 2037 καὶ
1484 2010 1530 2037 τὸν
1556 2010 1691 2048 ἡμέτερον
1716 2010 1798 2050 λόγον

1052 2054 1108 2081 ἀντὶ
1124 2053 1236 2081 πολλῶν
1253 2054 1296 2081 καὶ
1313 2055 1366 2092 πρὸ
1385 2053 1499 2082 πολλῶν
1516 2054 1658 2093 ἐνταφίων,
1683 2055 1712 2083 ὅν
1741 2057 1880 2095 Καισαρίῳ

1053 2099 1100 2135 μὶν
1117 2100 1173 2135 (87)
1195 2099 1248 2136 πρὸ
1270 2101 1329 2133 σοῦ,
1354 2099 1399 2126 καὶ
1423 2099 1465 2126 σοὶ
1492 2100 1549 2135 μετ’
1577 2099 1678 2127 ἐκεῖνον
1703 2100 1879 2129 ἀποδεδώκα-

1052 2153 1110 2179 μεν,
1149 2142 1241 2179 ἐπειδή
1271 2154 1301 2181 γε
1329 2142 1453 2182 ἀδελφῶν
1485 2143 1637 2182 ἐπιταφίοις
1667 2144 1876 2182 ἐταμιεύθημεν.

1048 2187 1080 2215 Εἰ
1097 2186 1125 2215 δὲ
1141 2187 1184 2214 καὶ
1200 2189 1274 2224 ἡμᾶς
1289 2189 1416 2224 τιμήσειέ
1431 2190 1486 2224 (88)
1500 2199 1541 2219 τις
1560 2192 1617 2226 μεθ’
1633 2189 1703 2225 ὑμᾶς
1715 2192 1773 2221 τοῖς
1797 2188 1878 2225 ἴσοις,

166 2231 247 2259 tione
272 2231 483 2267 prosequendis
498 2239 601 2259 sumus
627 2231 773 2259 reservati.
791 2233 832 2259 An
855 2240 922 2259 vero
938 2240 991 2260 nos

1067 2231 1098 2259 ὖκ
1112 2230 1170 2269 ἔχω
1197 2231 1286 2269 λέγειν
1300 2242 1306 2248 ⁸
1330 2231 1404 2267 πλὴν
1428 2233 1611 2269 τιμηθείημέν
1636 2243 1668 2271 γε
1685 2234 1767 2270 μόνον
1781 2235 1830 2269 την
1848 2234 1875 2262 έν

166 2283 282 2311 quoque
303 2278 370 2312 post
382 2284 433 2303 vos
458 2276 519 2312 pari
544 2275 653 2303 honore
669 2275 817 2312 quispiam
833 2276 990 2304 aii'ecturus
1008 2275 1011 2283 ⁴

1068 2275 1104 2312 εῷ
1131 2277 1227 2313 τιμήν,
1252 2277 1297 2304 καὶ
1317 2279 1511 2314 παροικοῦντες
1537 2278 1593 2314 (89)
1616 2277 1661 2306 καὶ
1686 2281 1874 2311 κατοικοῦντες

199 2336 222 2355 ³ο
235 2337 312 2365 Psal.
329 2346 367 2373 1v,
385 2338 427 2365 10.
467 2338 488 2355 ³¹
504 2336 581 2365 Psal.
598 2346 654 2370 xm,
671 2338 698 2365 5.

194 2403 254 2448 Ι(77)
270 2403 454 2442 Ἐγχώρησιν.
471 2404 533 2432 Duo
556 2403 653 2438 Coisl.,
671 2406 730 2433 tres
745 2405 838 2440 Golb.,
853 2405 925 2440 Jes.,
943 2405 986 2432 εὐ-

1149 2404 1430 2448 ζᾼπολαύοιςκοοξρΙ.
1443 2407 1474 2448 ¹1,
1491 2405 1668 2448 ἀπολαύσοιῆ

246 2440 338 2468 unum
367 2440 370 2441 ν
572 2475 577 2478 _

1077 2440 1132 2478 (83)
1149 2440 1280 2478 N§6_6§wc.
1301 2453 1314 2468 α
1328 2442 1560 2478 Inclinationem,
1577 2442 1780 2470 intentionem.
1794 2453 1809 2467 η

160 2447 387 2519 χῗᾷέἷῖῐοιμῄν,
405 2478 459 2519 (μοι.
485 2476 520 2519 119.
534 2475 861 2519 spiritual‘is‘Gorgon'its
887 2479 986 2519 pastor

1077 2447 1122 2476 (δὸ
1149 2447 1280 2472 Νευσεως.
1301 2453 1314 2468 α
1328 2447 1560 2478 Inclinationem,
1577 2447 1780 2470 intentionem.
1794 2453 1809 2467 δ)

1075 2447 1133 2513 (84)
1196 2475 1280 2518 δέ-τίς
1306 2487 1359 2519 σοι,
1376 2480 1430 2506 etc.
1448 2479 1507 2519 «
1534 2487 1592 2519 qua
1616 2482 1787 2519 nostrorum
1814 2479 1870 2519 tibi

159 2512 310 2556 erathM
335 2511 570 2556 ‘Ampbilocbius',
590 2514 620 2556 ut
635 2512 794 2556 arbitratur
819 2511 907 2556 Elias,
934 2514 983 2554 sed
1040 2511 1424 2556 cura‘est;si_nost1;orulm
1454 2511 1566 2556 aliquid
1592 2514 1628 2556 ad
1645 2515 1869 2556 vtenpertinet.»

159 2545 403 2584 Faustinusrtunc
419 2547 507 2575 Iconii
524 2547 689 2584 episcopus.
710 2547 776 2574 Vide
793 2549 934 2584 monitum
954 2550 983 2576 in
1039 2548 1125 2576 Coisl.
1144 2549 1170 2581 1,
1185 2545 1266 2576 addit
1281 2551 1378 2584 τιμῶν.
1394 2550 1442 2577 Sic
1457 2545 1545 2577 etiam
1559 2549 1630 2584 legit
1644 2545 1760 2579 Billius.

157 2582 234 2621 hanc
258 2583 429 2621 orationem,
451 2592 480 2621 _n.
497 2584 523 2610 3.
551 2583 660 2610 Idcirco
686 2585 784 2621 pastor
809 2583 856 2610 ille
882 2593 983 2612 omnes
1074 2585 1130 2620 (85)
1145 2582 1318 2621 Ἐᾳτί.[)οθεέ
1334 2586 1363 2613 in
1381 2585 1453 2621 Reg.
1471 2586 1531 2618 bm,
1548 2588 1576 2613 et
1588 2582 1649 2613 Jes.

156 2619 319 2657 morientis
332 2619 482 2657 gorgonia:
511 2621 608 2645 motus
638 2619 773 2657 studiose
799 2620 981 2654 observabat,
1074 2621 1127 2657 (86)
1145 2619 1243 2657 Λάγον.
1259 2621 1345 2648 Deest
1357 2621 1387 2648 in
1404 2619 1472 2657 Reg.
1490 2622 1550 2649 bm.

1124 2405 1133 2513 ξ

1118 2656 1128 2762 ξ

158 2663 172 2680 α
188 2655 354 2693 ᾳῗιιᾲοᾴνῃὶζλὶὶ
370 2653 404 2682 in
417 2654 477 2693 illis
493 2662 549 2693 non
563 2656 645 2693 esset
662 2653 837 2693 mirandum.
851 2666 864 2680 ››
927 2692 932 2693 7
976 2653 979 2654 ⁷
1074 2653 1128 2693 (87)
1144 2653 1213 2693 Μὲντ
1224 2656 1313 2693 Deest
1326 2656 1356 2684 in
1373 2653 1520 2693 Regfhm,
1537 2658 1567 2684 et
1580 2657 1640 2684 Jes.

208 2663 265 2683 uou
281 2663 354 2683 mnu
370 2664 399 2682 in
417 2663 477 2682 nus
493 2663 549 2681 non
567 2663 645 2681 esset.
662 2663 837 2682 mirandum.
851 2666 864 2680 ))

185 2663 245 2758 E79)
260 2691 320 2718 ’Ότί
339 2700 405 2717 ποτε
428 2691 460 2724 ἦν
485 2690 529 2731 καὶ
547 2689 612 2716 οἷον.
630 2690 758 2730 μοῐηὺβίὶ
784 2690 864 2727 legit,
890 2692 978 2721 ποῖον.

210 2727 259 2754 ιιιά
275 2727 404 2758 tandem.
419 2735 452 2754 ac
467 2726 636 2758 cu_]usmod1
654 2726 751 2758 fuerit,
769 2734 887 2758 expone.
903 2740 913 2752 υ

1074 2663 1115 2692 (ei
1144 2663 1208 2683 Μεν.
1225 2663 1311 2684 Deest
1326 2665 1356 2684 1n
1373 2663 1443 2693 tteg.
1460 2663 1520 2690 om,
1537 2663 1567 2684 et
1580 2663 1640 2684 Jes.

1071 2663 1128 2758 (88)
1143 2692 1279 2734 Τιμήσειε,
1298 2691 1367 2734 Reg.
1384 2693 1446 2726 bm,
1462 2694 1490 2720 et
1505 2693 1577 2726 Jes.,
1592 2692 1715 2728 τιμήσει.

1071 2728 1116 2758 (89
1143 2730 1192 2753 Και
1216 2736 1422 2758 παροικουντες.
1435 2731 1490 2756 etc.
1503 2729 1534 2756 Id
1550 2730 1604 2758 est.
1624 2738 1635 2752 ι
1650 2737 1710 2757 ωνο

153 2735 169 2750 ‹‹
185 2726 406 2765 Q_uid_tandem,
419 2735 452 2754 ac
467 2726 636 2765 cuiusmodi
654 2726 751 2759 fuerit,
769 2726 887 2763 expone.
903 2740 913 2752 υ

1071 2726 1126 2765 ($9)
1143 2727 1192 2753 Καὶ
1216 2726 1422 2765 παροικοξῦντες,
1435 2731 1490 2765 etc.
1503 2729 1534 2756 Id
1550 2730 1604 2763 est,
1624 2726 1635 2752 ἰ
1650 2726 1710 2757 aavo
1725 2728 1865 2765 praesenti

1035 2770 1068 2801 ac
1078 2763 1220 2801 futuro.)
1234 2763 1286 2791 Hic
1297 2764 1383 2801 nobis
1394 2764 1551 2800 incolatus,
1568 2764 1615 2793 hic
1628 2763 1865 2801 peregrinamur.

199 2762 244 2798 80)
259 2761 376 2798 Ἐξόδια,
391 2759 450 2791 Jes.
468 2759 575 2796 ἐξώδια.

185 2762 244 2833 (80)
261 2762 376 2798 Ἐξόδια.
391 2763 450 2791 Jes.
468 2762 575 2796 ἐξώδια.
693 2796 699 2802 _
1035 2770 1068 2789 ac
1083 2763 1193 2790 futuro.
1206 2773 1220 2788 n
1234 2762 1286 2791 Hic
1297 2764 1404 2792 nobisi

196 2797 230 2836 §1
258 2797 447 2827 ’Δναπαύεται.
477 2798 547 2834 Reg.
575 2797 636 2831 bm,
652 2796 740 2825 Celsi.
766 2798 791 2832 1,
816 2799 889 2835 Jes.,
917 2798 946 2826 ἀν
1034 2797 1179 2826 Habitatio
1194 2799 1224 2827 in
1240 2799 1336 2836 patria
1351 2802 1407 2829 est.

197 2796 242 2835 81)
258 2796 447 2827 Ἀναπαύεται.
477 2798 547 2834 Reg.
575 2797 636 2831 bm,
652 2796 740 2825 Coisl.
766 2798 791 2832 1,
816 2799 889 2835 Jes.,
917 2798 946 2826 ἀν

150 2830 280 2860 scissim
285 2854 294 2865 .
