4146 6290
322 413 445 477 819
1566 410 1632 471 S.
1680 409 2055 472 GREGORII
2107 409 2504 472 THEOLOGI
3626 410 3744 477 820

323 548 407 611 iis
463 565 607 628 quas
661 546 974 620 diximus,
1056 550 1153 628 sat
1208 562 1521 628 superque
1577 544 1961 605 confutatus.
2019 543 2246 628 Aliam__
2278 543 2395 604 init
2459 543 2626 628 viam
2701 543 3116 628 doctissimus
3171 543 3538 628 Petitdidier
3610 541 3730 624 (96)

325 624 684 687 vult—enim
745 627 1203 688 Sasimensibus
1261 624 1558 705 scriptam
1616 630 1907 696 tantum,
1985 643 2137 705 non,
2188 624 2417 685 dictam
2495 626 2685 685 fuisse
2762 625 2927 683 hanc
2987 624 3291 685 decimam
3366 626 3739 686 orationem.

326 718 408 771 At
465 713 643 769 tanta
699 713 792 768 est
850 707 1075 767 harum
1132 709 1297 767 inter
1355 704 1421 766 se
1471 705 1827 765 orationum
1878 704 2317 765 convenientia
2374 710 2436 765 et
2491 705 2819 779 connexio,
2875 711 2966 776 ut,
3017 705 3068 765 si
3126 723 3316 764 unam
3373 724 3496 765 non
3555 707 3743 767 fuisse

329 789 564 849 dictam
641 788 1061 861 concesseris,
1142 788 1379 848 nullam
1458 786 1715 847 omnino
1794 785 2027 845 dictam
2105 786 2446 847 concedere
2514 785 2781 863 cogaris.
2842 787 2908 847 Id
2977 792 3186 845 autem
3244 793 3555 863 repugnat
3611 788 3744 847 istis

333 868 615 947 Gregorii
673 868 880 929 verbis
931 869 1051 948 (97)
1105 888 1118 929 :
1205 892 1235 924 «
1285 869 1378 928 En
1436 884 1788 927 sermonem
1844 866 2294 948 ipsumgquem
2353 866 2465 926 tibi
2512 865 2801 948 (Basilio)
2868 866 3189 948 cognitum
3250 867 3654 948 exposcebas.
3706 891 3737 923 »

328 952 411 1011 Et
464 945 615 1011 alibi
665 949 792 1029 (98)
843 966 889 1029 :7
935 945 963 1003 ἐ(
1016 952 1104 1008 Ne
1162 947 1260 1008 his
1318 948 1571 1029 quidem
1636 948 1788 1029 meis
1848 945 2292 1029 amantissimis
2351 946 2646 1006 fratribus
2699 965 3022 1029 sermones
3064 946 3415 1029 impertire
3474 947 3740 1009 sustine-

328 1030 529 1103 bam;
567 1051 594 1087 ι)
658 1026 731 1090 ex
770 1026 1019 1108 quibus
1077 1029 1193 1089 has
1250 1026 1533 1106 Gregorii
1589 1027 1906 1089 orationes
1965 1045 2110 1088 vere
2169 1026 2356 1088 fuisse
2414 1028 2855 1105 pronuntiatas
2908 1026 3311 1088 manifestum
3368 1032 3482 1088 est.

424 1153 516 1217 96)
543 1153 710 1207 Tom.
743 1151 839 1219 III,
873 1155 993 1207 not.
1026 1153 1086 1207 in
1116 1152 1262 1208 Bibl.
1294 1151 1460 1221 Each,
1490 1166 1621 1223 pag.
1653 1151 1743 1205 24.

421 1226 510 1297 97)
543 1225 641 1280 0r.
675 1240 754 1294 Ix,
787 1240 844 1278 n.
880 1225 932 1278 4.

778 1459 1243 1554 ORATIO
1317 1459 1448 1552 IX
1477 1474 1533 1551 ⁸.

334 1605 708 1677 Apologeticus
756 1602 826 1658 ad
875 1610 1092 1676 patrem
1133 1618 1296 1658 suum
1344 1600 1665 1677 Gregorium
1720 1604 1988 1677 praesente

410 1673 617 1803 quilio
646 1673 891 1746 magno;
904 1691 1031 1730 cum
1073 1677 1358 1746 episcopus
1385 1673 1721 1730 Sasimorum
1768 1676 1988 1729 creatus

410 1764 467 1804 es
497 1790 509 1802 .

415 1872 457 1926 Ι.
494 1871 751 1927 Rursum
782 1885 957 1942 super
985 1886 1079 1925 me
1121 1869 1318 1925 unctio
1348 1873 1404 1924 et
1433 1868 1689 1940 Spiritus
1723 1884 1736 1924 :
1769 1872 1825 1924 et
1854 1884 1987 1923 rur-

344 1977 477 2017 sum
512 1975 639 2029 ego,
660 1958 869 2031 lugens
890 1962 947 2013 et
974 1958 1160 2014 tristis
1187 1958 1390 2013 incedo
1412 1958 1479 2011 3’.
1506 1957 1620 2012 Nec
1649 1974 1781 2012 vero
1811 1957 1870 2011 id
1891 1973 1987 2011 vo-

344 2050 436 2105 bis
467 2049 679 2103 mirum
701 2047 887 2102 videri
909 2048 1112 2113 debet;
1146 2062 1283 2101 nam
1312 2046 1439 2117 ipse
1460 2060 1693 2117 quoque
1716 2046 1896 2101 Isaias
1920 2046 1986 2115 ³³,

342 2139 693 2210 priusquam
727 2135 953 2191 Domini
980 2134 1249 2207 gloriam,
1270 2135 1670 2207 thronumque
1697 2134 1866 2190 illum
1899 2151 1990 2190 su-

342 2226 580 2284 blimem
614 2224 762 2281 285
814 2228 871 2280 et
912 2223 1230 2293 excelsum,
1280 2227 1337 2279 et
1393 2223 1735 2294 seraphinos
1791 2224 1987 2295 ipsum

341 2316 641 2387 cingentes
688 2313 1105 2385 conspexisset,
1138 2312 1285 2370 nihil
1316 2313 1657 2385 hujusmodi
1706 2313 1987 2386 loquitur,

341 2421 448 2461 nec
506 2402 801 2473 renititur,
844 2420 948 2458 nec
1005 2405 1165 2458 metu
1224 2403 1556 2459 concutitur
1604 2418 1618 2457 :
1668 2420 1870 2458 verum
1929 2402 1989 2457 in

345 2492 637 2551 Israelitas
681 2492 921 2563 quidem
970 2508 1184 2564 magno
1234 2492 1488 2547 clamore
1533 2491 1846 2560 invehitur,
1879 2491 1990 2548 sibi

342 2586 541 2638 autem
574 2579 781 2651 parcit,
814 2584 991 2650 atque
1023 2597 1057 2634 a
1088 2596 1149 2634 se
1180 2585 1465 2651 tanquam
1498 2580 1568 2635 ab
1598 2580 1829 2636 insonte
1859 2582 1992 2636 abs-

344 2672 513 2727 tinet.
537 2668 743 2723 Postea
770 2684 905 2723 vero
937 2684 1113 2738 quam
1147 2668 1267 2723 haec
1304 2668 1469 2735 vidit,
1504 2684 1570 2723 ac
1601 2685 1797 2724 vocem
1829 2668 1991 2723 illam

347 2762 611 2816 sanctam
645 2761 702 2812 et
730 2772 1006 2811 arcanam
1056 2756 1297 2811 auribus
1348 2757 1670 2827 usurpavit,
1716 2762 1845 2812 tum
1893 2758 1992 2812 de-

2010 1457 2068 1525 A

2167 1150 2278 1221 (98)
2309 1149 2405 1205 Or.
2438 1167 2494 1215 x,
2532 1167 2589 1205 n.
2625 1152 2678 1207 1.

2605 1480 3009 1577 ΛΟΓΟΣ
3093 1480 3232 1577 (θ’.

2097 1615 2536 1693 Ἀπολογητικὸς
2567 1615 2760 1693 εἰς-τὸν
2783 1616 3220 1693 ⁸ἑαυτοῐὶχπατέροι
3250 1617 3569 1693 Γρηγόριον,
3610 1639 3749 1690 συμ-

2167 1687 2436 1765 παρόντος
2466 1688 2613 1765 αὐτῷ
2642 1687 2955 1765 Βασιλείου,
2987 1687 3162 1757 ἡνίκα
3198 1687 3488 1752 ἐπίσκοπος
3534 1687 3752 1765 ἐχειρο-

2168 1760 2296 1830 τονή
2308 1772 2372 1829 θη
2409 1760 2663 1833 Σασίμων
2697 1762 2830 1833 (99).

2171 1867 2248 1921 A'.
2283 1864 2453 1920 Πάλιν
2488 1868 2563 1939 (1)
2595 1864 2678 1919 ἰπ’
2723 1864 2820 1938 ἐμὲ
2865 1863 3078 1940 ’χρίσμα
3120 1865 3212 1920 καὶ
3244 1870 3463 1940 Πνεῦμα
3487 1887 3500 1901 ο
3532 1865 3622 1920 καὶ
3654 1867 3757 1920 πά-

2099 1952 2184 2008 λιν
2236 1954 2345 2029 ἐγὼ
2393 1956 2598 2008 πενθῶν
2641 1954 2731 2008 καὶ
2780 1954 3182 2027 σκυθρωπάζων
3232 1956 3560 2029 πορεύομαι.
3617 1962 3756 2011 Θαυ-

2104 2043 2295 2117 μάζετε
2346 2046 2423 2117 (2)
2463 2041 2638 2104 ’ίσως·
2688 2041 2778 2097 καί
2826 2041 3069 2113 Ἠσαίας,
3127 2044 3253 2120 πρὶν
3313 2046 3405 2117 μὲν
3474 2042 3605 2099 ἰδεῖν
3652 2046 3754 2113 τὴν

2100 2130 2253 2202 δόξαν
2288 2132 2506 2207 Κυρίου,
2538 2132 2628 2186 καὶ
2655 2132 2746 2186 τὸν
2780 2132 2965 2207 θρόνον
2995 2131 3087 2187 τὸν
3124 2131 3335 2207 ὑψηλόν
3376 2155 3434 2188 τε
3463 2134 3551 2189 καὶ
3584 2134 3758 2206 ἐπηρ-

2104 2222 2286 2295 μένον,
2338 2222 2428 2276 καὶ
2474 2223 2542 2277 τὰ
2599 2220 2722 2297 περὶ
2780 2221 2937 2275 αὐτὸν
2991 2222 3245 2299 σεραιρέμ,
3300 2221 3451 2277 οὐδὲν
3507 2228 3755 2277 τοιοῦτον

2101 2310 2402 2389 φθέγγεται,
2435 2306 2557 2365 οὔτε
2604 2308 2964 2365 ἀποδυσπετεῖ
3001 2313 3099 2384 (3),
3134 2310 3256 2366 οὕτε
3297 2309 3533 2367 δέδοικεν
3563 2332 3573 2343 ·
3608 2310 3755 2367 ἀλλὰ

2098 2404 2195 2454 τοῖ’)
2256 2400 2349 2472 μὲν
2410 2399 2631 2475 Ἰσραὴλ
2684 2395 2944 2470 καταϐοᾷ,
2997 2399 3186 2454 ἑαυτοῦ
3247 2398 3303 2455 δὲ
3370 2398 3606 2479 φείδεται
3662 2402 3753 2455 καὶ

2100 2488 2383 2564 ἀπέχεται,
2434 2489 2508 2551 ὡς
2569 2488 2721 2543 οὐδὲν
2780 2489 3045 2544 ὑπαιτίου.
3108 2490 3253 2545 Ἐπεὶ
3315 2488 3372 2545 δὲ
3426 2492 3573 2545 ταῦτ’
3620 2488 3754 2559 εἶδε,

2099 2578 2318 2647 καὶτῆς
2352 2580 2534 2655 φωνῆς
2562 2576 2762 2645 ἤκουσε
2805 2581 2905 2646 τῆς
2957 2578 3111 2652 ἁγίας
3161 2580 3249 2633 καὶ
3303 2586 3589 2651 μυστικῆς,
3641 2579 3753 2633 ὣσ-

2100 2686 2200 2741 περ
2231 2686 2282 2719 τι
2337 2665 2548 2738 μᾶλλον
2600 2666 2791 2720 ἑαυτοῦ
2833 2667 3251 2739 συναισθόμενος
3448 2674 3513 2721 ’Ὠ
3560 2668 3751 2737 τάλας,

2102 2754 2286 2832 φησὶν,
2345 2753 2475 2828 ἐγὼ,
2545 2753 2625 2808 ὅτι
2700 2757 3122 2829 κατανένυγμαι,
3179 2757 3269 2809 καὶ
3327 2756 3423 2810 ὅσα
3480 2756 3597 2828 ἑξῆς
3654 2761 3753 2811 τοῦ

350 2863 515 2904 mum
546 2845 707 2901 velut
752 2845 1014 2916 seipsum
1065 2844 1253 2916 magis
1285 2861 1607 2917 agnoscens
1643 2862 1655 2900 :
1688 2848 1774 2899 Me
1824 2846 2000 2900 mise-

2129 2844 2294 2918 .éyoo,
2348 2841 2440 2897 'ivaz
2497 2842 2652 2921 φύγω
2701 2846 2777 2916 (5)
2832 2846 2931 2912 τὴν
2988 2846 3360 2923 βλασφημίαν.
3411 2844 3653 2921 Εὑρίσκω
3695 2843 3754 2898 δὲ

350 2953 507 3003 rum,
536 2934 752 3007 inquit,
785 2934 925 3007 quia
973 2937 1360 3005 compunctus
1402 2950 1556 3001 sum,
1590 2937 1647 2989 et
1677 2950 1804 3006 quae
1835 2934 1997 2989 dein-

353 3042 489 3099 ceps
539 3026 901 3096 sequuntur;
938 3039 1008 3077 ne
1039 3022 1179 3094 quid
1233 3022 1482 3079 ominosi
1532 3022 1745 3078 habeat
1790 3024 1997 3079 oratio.

347 3114 674 3170 Occurrunt
703 3112 881 3167 etiam
929 3111 1068 3167 hinc
1099 3111 1378 3183 antiquus
1409 3110 1509 3167 ille
1547 3111 1733 3182 judex
1765 3113 1996 3181 Manus,

347 3203 488 3261 hinc
517 3202 730 3257 deinde
760 3204 987 3271 Petrus,
1012 3200 1276 3257 Ecclesiae
1300 3201 1566 3257 columen
1598 3217 1609 3257 :
1639 3218 1888 3273 quorum
1921 3202 1999 3257 a1-

346 3294 457 3358 ter,
482 3307 617 3345 cum
650 3289 1109 3361 praestantiorem
1145 3307 1319 3362 quam
1355 3296 1567 3346 natura
1597 3291 1782 3362 ipsius
1816 3292 1997 3347 vires-

349 3395 465 3450 que
515 3378 752 3447 ferrent,
783 3378 1067 3433 visionem
1120 3378 1421 3446 sensisset,
1454 3382 1748 3449 Periimus,
1782 3380 1996 3451 inquit,

346 3467 571 3535 mulier,
594 3469 766 3523 Deum
814 3468 1053 3523 vidimus
1071 3468 1153 3523 “z
1187 3468 1333 3523 alter
1380 3467 1696 3525 Salvatoris
1748 3486 2000 3541 praesen-

346 3556 488 3612 tiam
522 3556 758 3626 vimque
807 3555 968 3611 illam
1015 3561 1075 3611 et
1119 3555 1673 3625 facultatem,cujus
1704 3558 1999 3629 specimen

347 3644 489 3714 illis,
521 3645 622 3717 qui
667 3644 845 3699 simul
886 3643 1261 3715 navigabant,
1294 3644 1353 3698 in
1387 3644 1704 3715 piscatione
1736 3648 2001 3717 praebue-

350 3738 462 3804 rat,
497 3734 645 3789 ferre
693 3750 807 3789 non
859 3737 1105 3805 poterat,
1137 3748 1203 3787 ac
1250 3731 1513 3804 proinde,
1563 3733 1699 3789 licet
1746 3734 1999 3790 admira-

2108 2934 2199 2987 καὶ
2272 2933 2465 2986 Math
2530 2932 2622 2987 τὸν
2687 2930 2917 2987 παλαιὸν
2970 2933 3170 2988 ἐκεῖνον
3231 2934 3281 2988 ἐν
3349 2939 3464 2996 τοῖς
3522 2938 3754 3007 κριταῖς,

2108 3020 2196 3075 καὶ
2255 3022 2454 3096 Πέτρον
2515 3020 2761 3095 ὕστερον,
2822 3022 2883 3075 τὸ
2943 3029 3040 3091 τῆς
3093 3021 3419 3093 Ἐκκλησίας
3500 3022 3758 3095 ἔρεισμα⁶

2108 3110 2197 3164 τὸν
2236 3110 2352 3183 μὶν,
2388 3109 2813 3183 Ἀπολώλαμεν,
2872 3112 2917 3164 ὧ
2973 3112 3125 3187 γύναι
3186 3114 3281 3185 (6),
3330 3111 3576 3187 λέγοντα,
3636 3112 3763 3167 Θεὸν

2110 3198 2441 3275 ἑωράκαμεν,
2501 3197 2685 3268 ἐπειδή
2744 3200 3051 3274 κρείττονος
3110 3196 3286 3275 ὅψεως
3318 3200 3580 3275 ᾗσθετοῆ
3632 3202 3768 3255 κατὰ

2106 3290 2205 3359 τὴν
2242 3290 2432 3343 ἑαυτοῦ
2465 3287 2618 3364 φύσιν
2654 3288 2743 3341 καὶ
2776 3286 3033 3361 δύναμιν·
3076 3289 3167 3343 τὸν
3220 3288 3276 3344 δὲ
3335 3290 3433 3344 οὐκ
3482 3289 3767 3363 ἐνεγκόντα

2107 3379 2207 3446 τήν
2258 3381 2354 3432 τοῦ
2415 3380 2672 3453 Σωτῆρος
2731 3378 3036 3433 ἐπιστασίαν
3084 3399 3143 3432 τε
3201 3380 3289 3433 καὶ
3349 3377 3633 3454 ἐνέργειαν,
3697 3380 3759 3447 ἣν

2110 3466 2160 3521 ὲν
2183 3470 2251 3539 τῇ
2284 3464 2441 3537 ἀλείᾳ
2468 3467 2584 3527 τοῖς
2617 3465 2982 3539 συμπλέουσιν
3015 3465 3339 3539 ἐπεδείξατο,
3370 3469 3459 3522 καὶ
3489 3465 3576 3522 διὰ
3603 3473 3765 3522 τοῦτο

2111 3554 2450 3623 θαυμάζοντα
2486 3555 2600 3627 μὶν,
2633 3553 3025 3628 ἀποπέμποντα
3056 3554 3113 3610 δὲ
3149 3561 3245 3611 τοῦ
3276 3555 3497 3625 πλοίου,
3529 3556 3619 3610 καὶ
3666 3558 3765 3625 τήν

2111 3642 2287 3698 αῗτίαν
2318 3643 2694 3718 προστεθέντα,
2727 3644 2809 3698 ὅτι
2846 3646 2919 3717 μὴ
2956 3641 3036 3715 εἷίη
3072 3645 3217 3715 ἄξιος
3268 3644 3409 3707 θείας
3462 3645 3770 3721 ἐπιφανείας

2112 3734 2189 3805 (7)
2221 3731 2311 3786 καὶ
2348 3731 2592 3804 ὁμιλίας.

348 3814 513 3879 ὶίοηο
539 3827 863 3895 correptus,
894 3822 1089 3895 ipsum
1119 3825 1317 3878 tamen
1349 3839 1383 3877 a
1412 3822 1543 3878 navi
1575 3824 1948 3891 amandabat,
1981 3839 2221 3880 causam
2253 3822 2403 3878 hanc
2436 3824 2703 3895 efferens,
2744 3824 2897 3895 quod
2931 3823 3125 3879 divino
3148 3827 3463 3895 conspectu
3495 3841 3561 3880 ac
3593 3823 3776 3880 collo-

360 3912 497 3984 quio
528 3926 655 3968 sese
684 3911 991 3985 indignum
1026 3913 1303 3968 fateretur
1320 3912 1385 3967 ⁸⁸.

436 4001 503 4057 ΙΙ.
524 4001 655 4057 Jam
673 4018 807 4057 vero
830 4018 964 4057 cum
987 4003 1044 4057 in
1064 4001 1375 4075 Evangelio
1390 4001 1795 4057 centurionem
1813 4001 2006 4070 audio,
2041 4006 2084 4075 α

365 4089 581 4146 Christi
629 4090 869 4161 quidem
924 4090 1246 4162 potentiam
1307 4090 1722 4163 requirentem,
1764 4108 2015 4163 praesen-

365 4179 508 4234 tiam
542 4182 738 4233 autem
769 4180 1200 4251 deprecantem,
1228 4184 1427 4252 utpote
1459 4182 1629 4251 cujus
1657 4184 1878 4236 tectum
1910 4198 2012 4236 an-

368 4265 602 4338 gustius
632 4271 998 4337 esset,quam
1046 4272 1109 4322 ut
1157 4268 1416 4323 divinam
1448 4270 1915 4340 magnitudinem
1949 4286 2014 4325 ac

368 4354 715 4426 dignitatem
738 4371 941 4425 capere
963 4360 1158 4425 posset
1176 4356 1242 4423 3°,
1259 4356 1531 4427 equidem
1558 4357 1891 4413 timiditatis
1912 4358 2017 4413 hu-

2194 4001 2246 4055 B'
2302 4002 2345 4057 K
2387 3999 2402 4022 ‘
2524 4004 2552 4015 ”’
2609 4000 2631 4054 ἐ
2843 3999 2853 4018 ’
3058 3998 3105 4055 8‘
3173 3998 3202 4053 ὅ
3358 4000 3389 4054 ἀ
3463 4000 3485 4039 ν’
3572 3999 3611 4055 ἐκ
3727 4007 3748 4016 “

2254 4044 2265 4057 .
2350 4021 2403 4054 αι
2460 4021 2555 4054 του
2634 4020 3004 4076 κατονταρχου
3092 4021 3115 4054 ε
3204 4021 3296 4054 ταν
3393 4022 3539 4055 κο)ω
3610 4021 3778 4062 ιτοις

2123 4088 2495 4164 Εὐαγγελίοις,
2554 4089 2649 4157 τήν
2706 4090 2801 4161 μὲν
2862 4086 3085 4162 δύναμιν
3141 4087 3514 4157 ἀπαιτοῦντος,
3569 4091 3668 4159 τήν
3722 4087 3779 4144 δὲ

2122 4178 2417 4252 παρουσίαν
2478 4178 2935 4253 παραιτουμένου,
2996 4178 3069 4239 ὡς
3128 4176 3189 4231 οὐ
3246 4180 3543 4253 χωρούσης
3616 4178 3778 4233 αὐτοῦ

2122 4274 2222 4337 τῆς
2279 4270 2469 4343 στέγης
2530 4272 2671 4331 θεῖον
2732 4267 2941 4339 ἀξίωμά
2998 4286 3055 4321 τε
3104 4267 3192 4320 καὶ
3257 4267 3504 4341 μέγεθος,
3538 4267 3637 4322 οὐκ
3665 4263 3778 4343 ἔχω

2132 4356 2431 4433 μέμφεσθαι
2462 4364 2559 4425 τῆς
2594 4354 2797 4418 δειλίας
2856 4355 3084 4429 ἐμαυτὸν
3141 4354 3343 4426 ταύτης
3392 4358 3481 4411 καὶ
3528 4364 3629 4426 τῆς
3662 4378 3781 4410 σκυ-

442 4480 489 4515 ³²
520 4478 671 4536 Psal.
704 4497 894 4551 xxxrv,
930 4481 1015 4536 14.
1088 4481 1133 4515 ³³
1163 4482 1274 4537 Isa.
1309 4499 1384 4547 v1,
1421 4483 1445 4537 1
1481 4499 1611 4554 sqq.
1690 4484 1735 4518 3‘
1761 4483 1953 4540 Judic.
1989 4501 2113 4553 xm,
2147 4488 2239 4554 22,
2272 4502 2400 4556 sqq.
2478 4486 2523 4520 ³⁵
2554 4484 2693 4540 Luc.
2725 4502 2779 4555 v,
2811 4486 2845 4539 8
2875 4501 3008 4557 sqq.
3086 4485 3129 4519 ³⁵
3162 4484 3365 4541 Matth.
3398 4502 3520 4556 vui,
3550 4487 3603 4542 8.

447 4607 522 4678 (a)
551 4606 709 4663 Alias
739 4606 866 4673 Vl],
899 4624 1029 4679 qua;
1058 4612 1252 4664 autem
1284 4609 1318 4662 9
1347 4614 1492 4675 erat,
1527 4626 1682 4665 nunc
1713 4611 1888 4666 19,—
1912 4610 2026 4667 Ha-

376 4679 500 4737 bita
528 4679 721 4735 medio
751 4679 982 4735 circiter
1012 4697 1164 4736 anno
1194 4681 1318 4735 372.

449 4752 562 4823 (99)
594 4750 871 4822 Σασίμων.
902 4752 1321 4823 Amplissimus
1368 4753 1568 4819 codex,
1602 4751 1742 4807 olim
1790 4752 2029 4809 Colber-

379 4821 562 4893 tinus,
618 4821 848 4880 erudita
896 4821 1070 4896 manu
1102 4828 1415 4896 (exaratus,
1449 4823 1545 4879 Or.
1576 4824 1632 4892 2,
1661 4824 1882 4896 aliique
1925 4825 2027 4896 ad-

381 4896 530 4970 dunt
560 4897 907 4970 :‘Nattotvﬁoii
956 4894 1055 4970 γὰρ
1092 4894 1120 4947 ὁ
1159 4895 1533 4970 πατὴρλαύτοῦ
1571 4895 1761 4970 ⁸ηιῖνλῆς
1785 4894 1907 4970 ’καὶ-
1931 4894 2028 4970 αὖ·

379 4965 471 5054 ξξς
663 4966 794 5040 μετὰ
825 4963 1048 5054 θανατον
1079 4969 1174 5052 τοῦ
1204 4963 1405 5054 πατρὸς
1440 4963 1778 5054 Ἐἰκκλρσίαῆ
1816 4964 2028 5053 μᾶλλον

386 5035 443 5123 §§
472 5034 560 5121 καὶ
588 5034 681 5121 ήὲτι
731 5038 1013 5123 περιόντος
1042 5042 1138 5092 τοῦ
1166 5034 1390 5123 πατρός
1425 5062 1452 5089 ‹‹
1486 5034 1649 5123 Nam.
1692 5034 1855 5123 pater
1875 5041 2030 5123 ‘ejus

385 5108 656 5165 Nazianzi
690 5108 811 5165 erat
841 5113 1183 5185 episcopus:
1217 5108 1307 5168 cui
1346 5111 1473 5185 ipse
1504 5108 1735 5185 prazfuit
1766 5108 2033 5185 Ecclesiae

386 5186 521 5308 plost
574 5186 817 5237 mortem
874 5183 1086 5255 patris,
1136 5183 1253 5238 imo
1303 5183 1442 5239 dum
1504 5184 1695 5239 adhuc
1741 5183 2027 5237 viveret.»

439 5269 516 5307 sec
549 5258 611 5307 ut
644 5252 787 5308 falsa
818 5257 1041 5308 resnuit
1084 5256 1377 5308 variarum
1416 5255 1730 5308 lectionum
1759 5254 2027 5308 collector

439 5269 516 5307 sec
549 5258 611 5307 ut
644 5252 787 5308 falsa
818 5252 1041 5311 respuit
1084 5256 1377 5311 variarum
1416 5255 1730 5311 lectionum
1759 5254 2033 5310 collector

386 5326 587 5399 dicens
622 5340 683 5378 :«
719 5325 851 5381 Fuit
880 5325 1239 5399 (Gregorius)
1269 5328 1675 5397 sufi‘raganeus
1706 5326 1944 5399 quidam
1977 5332 2034 5382 et

386 5398 895 5479 coadju_tor_patri._
926 5398 1043 5455 non
1085 5399 1471 5479 episcopus.»
1502 5402 1881 5479 Ineptansane
1912 5398 2034 5479 hac

2135 4613 2414 4683 scepisse,
2447 4613 2629 4667 donec
2659 4611 2768 4682 ipsi
2804 4610 3191 4682 praeficeretur
3218 4610 3546 4683 episcopus.

2207 4681 2287 4755 (1)
2320 4681 2513 4749 Πάλιν,
2546 4688 2652 4739 etc.
2680 4681 2707 4732 ἆ
2743 4681 2996 4739 Rursum
3044 4700 3221 4754 super
3256 4681 3357 4738 Ome
3389 4681 3603 4738 unctio.
3633 4704 3653 4730 ι»
3687 4681 3779 4735 Sic

2137 4755 2398 4826 loquitur
2429 4755 2764 4827 Gregorius,
2798 4755 2937 4826 quia
2959 4756 3084 4825 jam
3118 4771 3221 4826 per
3252 4756 3582 4811 unctionem
3614 4768 3778 4807 crea—

2140 4832 2236 4883 tus
2266 4827 2453 4881 fuerat
2482 4827 2775 4881 sacerdos.

2211 4899 2286 4968 (2)
2316 4898 2642 4969 Θαυμάζετε.
2677 4898 2818 4969 Reg.
2851 4897 2952 4966 hu,
2987 4896 3335 4969 θαυμάζεται.

2212 4964 2287 5040 (3)
2321 4964 2453 5022 Οὔτε
2482 4964 2858 5023 ἀποδυσπετεῖ.
2893 4992 2919 5017 ‹‹
2941 4964 3180 5037 ΒΙΙΙῙίη,
3207 4991 3235 5019 (ί
3270 4983 3372 5024 nec
3416 4964 3611 5022 animo
3654 4964 3785 5023 lan-

2185 5047 2295 5097 uet.
2326 5063 2350 5089 »
2932 5041 2938 5052 “

2284 5063 2350 5095 ,))

2140 5057 2286 5184 Sag)
2336 5110 2778 5184 Συναισθόμενος.
2825 5132 2854 5160 ‹‹
2912 5112 2989 5165 Ac
3047 5109 3222 5167 veluti
3281 5109 3544 5182 seipsum
3601 5108 3788 5182 magis

2142 5184 2422 5240 sentiens.
2459 5207 2486 5233 υ

2214 5257 2303 5339 (5)¹
2321 5258 2435 5309 Ἵνα
2478 5253 2650 5339 φύγω,
2697 5258 2803 5339 etc.
2840 5253 2973 5339 «"Ut
2998 5253 3130 5339 sine
3179 5252 3497 5308 offensione
3549 5252 3789 5325 loquar;

2145 5325 2404 5382 ut'vitem
2431 5325 2580 5398 quod
2610 5326 2796 5397 possit
2825 5325 3146 5392 offendere;
3179 5341 3252 5379 ne
3277 5341 3635 5397 quamquam
3664 5342 3795 5381 con-

2142 5400 2403 5455 tumeliis
2436 5399 2737 5455 lacessam.
2768 5420 2793 5446 ››

383 5466 555 5545 ratio.
589 5466 960 5545 Verba_eni_m
992 5466 1137 5545 quae
1164 5466 1301 5524 falsi
1331 5468 1655 5545 insimulat,
1689 5469 2009 5545 Gregoriun

2211 5474 2288 5545 (6)
2318 5472 2383 5545 fu
2414 5469 2591 5545 γύναιἶ
2626 5470 2808 5545 0122,
2840 5466 3016 5545 γύγαι.

384 5540 755 5596 Nazianzense
786 5513 1052 5598 Ecclesiice
1087 5558 1215 5597 vere
1260 5541 1594 5611 episcopum
1631 5513 2030 5597 fuisscanulla~

383 5615 557 5687 tenus
587 5613 941 5687 signiﬁcant,
967 5616 1065 5670 sed
1098 5618 1328 5670 tantum
1363 5612 1508 5687 patri
1540 5628 1647 5687 suo
1678 5614 1806 5684 ejus
1838 5614 2028 5669 Eccle-

385 5683 786 5757 simrepiscopo
818 5703 1053 5757 operam
1104 5683 1537 5757 navasse’dum
1582 5683 1813 5754 viveret,
1848 5702 2031 5757 eoque

383 5753 688 5824 exstincto,
714 5753 984 5826 ejusdem
1029 5756 1297 5815 Ecclesiae
1327 5772 1527 5815 curam
1560 5753 1899 5829 aliquandiu
1929 5753 2028 5813 iu-

2212 5536 2284 5612 (7')
2320 5536 2865 5617 Ὲπῖνανξίᾳς-,Νὸτέ
2919 5539 3061 5593 bene
3098 5536 3348 5617 ,ΒίΠίυδν
3381 5560 3406 5587 “
3438 5540 3731 5617 -adventu'
3758 5561 3786 5589 ”

2139 5610 2338 5684 Neque
2370 5610 2522 5669 enim
2560 5614 2651 5666 hic
2682 5612 2753 5666 de
2784 5634 2809 5661 ‹‹
2846 5610 3323 5684 Incarnatione,»
3353 5611 3454 5666 sed
3480 5612 3551 5667 de
3580 5636 3606 5661 α
3643 5630 3787 5683 ρηο-

2141 5681 2327 5742 sentia
2355 5704 2382 5739 ι
2421 5691 2473 5742 et
2504 5687 2821 5756 conspectu
2850 5681 3163 5740 Salvatoris
3193 5681 3404 5755 agitur.
