4146 6290
422 347 538 415 821

1272 358 1562 419 ORATIO
1605 359 1711 419 1X.
1745 388 1824 403 —
1860 359 2456 420 APOLOGE'I‘ICUS
2503 359 2608 417 AD
2652 356 3001 418 PATREM.

3722 345 3844 414 822

423 483 804 562 θρωπότητος.
845 485 1168 564 Ὀφθαλμοῦ
1202 487 1296 559 μὶν
1326 489 1430 562 γὰρ
1477 487 1690 542 ἀτονίαν
1736 487 1915 559 ἣλιος,
1974 492 2074 561 ψυ-

2198 489 2663 560 iustristitiaeque
2676 489 2910 544 nomine
2925 487 3068 542 mihi
3083 500 3425 542 succensere
3438 484 3838 556 nequeo.Nam

424 578 533 650 χῆς
563 573 621 630 δὲ
677 575 981 652 ἀρρωστίαν
1033 579 1111 650 (8)
1161 575 1379 652 ἐλέγχει
1436 577 1565 639 Θεὸς
1608 575 1891 649 ἰπιδημῶν
1923 620 1936 634 .
1994 577 2084 630 καὶ

422 669 542 725 τοῖς
605 665 698 738 μὲν
756 662 864 720 ἔστι
925 669 1061 742 φῶς,
1119 670 1237 727 τοῖς
1297 663 1355 720 δὲ
1400 671 1531 741 πῦρ,
1592 666 1794 738 ἑκάστῳ
1823 667 1958 720 κατᾶ
1988 667 2086 735 τὴν

427 753 790 827 ὑποκειμένην
824 751 963 823 ὓλην
1004 775 1064 808 τε
1109 755 1198 808 καὶ
1245 754 1534 825 ποιότητα.
1587 755 1654 812 Τί
1704 750 2088 828 ὑπολαμϐάνο-

428 864 522 916 μεν
551 842 675 918 περῖ
706 846 805 898 τοῦ
837 841 1056 913 Σαούλ;
1088 843 1355 920 Ἐχρίσθη
1395 844 1488 917 μὶν
1539 844 1665 919 γὰρ,
1714 845 1802 899 καὶ
1858 847 2087 919 μετέσχε

419 938 518 989 τοῦ
577 933 914 1006 Πνεύματος,
977 933 1066 988 καὶ
1125 935 1190 1002 ἦν
1251 933 1371 988 τότε
1422 933 1810 1007 πνευματικὸς,
1862 932 1977 987 οὐδ’
2024 933 2082 988 ἂν

423 1021 535 1098 ἰγὼ
563 1022 886 1099 περὶαύτοῦ
939 1022 1103 1100 φαίην
1155 1021 1374 1098 ἑτέρως,
1420 1021 1567 1077 ἀλλὰ
1611 1025 1703 1078 καὶ
1753 1025 2088 1101 προεφήτευ-

425 1133 483 1166 σε
514 1115 588 1185 (9)
615 1111 708 1167 καὶ
739 1111 885 1167 οὕτω
914 1113 1041 1188 παρ’
1091 1111 1289 1167 ἆλπίδα
1335 1112 1424 1166 καὶ
1473 1113 1536 1166 τὸ
1583 1112 1724 1173 εἰκὸς
1770 1116 1904 1185 (10),
1949 1112 2086 1166 ὣστε

422 1201 513 1256 καὶ
580 1199 879 1276 παροιμίαν
935 1199 1175 1275 γενέσθαι
1249 1201 1312 1255 τὸ
1367 1203 1547 1273 θαῦμα
1606 1201 1817 1257 ἐκεῖνοο
1878 1201 1938 1256 Εἰ
1993 1202 2082 1255 καὶ

428 1287 609 1344 Σαοὺλ
668 1289 720 1343 ἐν
777 1291 1126 1366 προφήταις;
1179 1288 1255 1351 εἷς
1311 1288 1386 1343 ἔτι
1459 1289 1548 1344 καὶ
1623 1294 1712 1343 νῦν
1786 1287 2084 1364 λεγόμενόν

427 1377 599 1432 τεκαὶ
663 1377 1015 1451 ἀκουόμενον.
1067 1377 1218 1432 Ἐπεὶ
1270 1375 1327 1432 δὲ
1378 1377 1486 1453 οὐχ
1534 1375 1667 1432 ὅλον
1729 1380 1841 1452 (11)
1893 1377 2078 1432 ἑαυτὸν

429 1466 743 1542 ἐμπαρὲσχε
791 1470 870 1538 τῷ
927 1465 1222 1540 Πνεύματι,
1278 1464 1403 1522 οὐδὲ
1449 1466 1682 1544 ἐστράφη
1722 1472 1970 1543 καθαρῶς
2004 1468 2078 1530 εἰς

428 1552 595 1632 ἄνδρα
625 1555 820 1625 ἀλλον,
853 1557 927 1618 ὡς
959 1555 1394 1632 κεχρημάτιστο,
1443 1554 1571 1610 ἀλλ’
1621 1555 1854 1629 ἐνέμεινέ
1894 1578 1948 1611 τι
1984 1554 2081 1610 τοῦ

428 1643 665 1700 παλαιοῦ
716 1651 816 1716 τῆς
873 1645 1062 1708 κακίας
1141 1647 1457 1720 σπινθῆρος,
1507 1646 1597 1700 καὶ
1670 1650 1767 1700 τοῦ
1840 1649 2080 1721 πονηροῦ

428 1733 754 1810 σπέρματος,
811 1734 900 1789 καὶ
959 1735 1024 1804 ἦν
1083 1733 1134 1788 ἰν
1195 1733 1341 1806 αὐτῷ
1401 1734 1553 1808 μάχη
1629 1733 1934 1807 πνεύματος
1991 1734 2080 1788 καὶ

2193 579 2690 650 quemadmodum
2711 577 2796 632 sol
2827 574 3600 632 oculorumimbecillitatem
3624 575 3837 644 prodit,

2194 667 2395 722 eodem
2428 668 2597 722 modo
2629 667 2784 722 Deus
2815 667 3020 722 anima:
3070 666 3473 720 inﬁrmitatem
3533 661 3844 735 praesentia

2195 772 2302 811 sua
2333 756 2635 827 coarguit;
2663 760 2837 826 atque
2867 754 3000 810 aliis
3032 754 3267 826 quidem
3323 752 3442 821 lux,
3503 751 3631 806 aliis
3689 750 3844 821 ignis

2195 851 2304 911 est,
2334 845 2652 916 unicuique
2683 844 2951 899 videlicet
2981 843 3203 898 ratione
3259 843 3532 912 subjectae
3583 840 3846 896 materiae

2196 940 2368 1006 atque
2399 935 2718 1004 qualitatis.
2747 934 2894 997 Quid
2931 934 2999 987 de
3031 931 3205 988 Saule
3221 932 3629 986 existimamus
3649 930 3676 984 ‘?
3696 928 3842 984 Nam

2197 1029 2254 1079 et
2275 1027 2490 1078 unctus
2511 1029 2620 1089 est,
2645 1029 2701 1078 et
2721 1022 3002 1094 Spiritum
3029 1021 3304 1093 percepit,
3329 1036 3395 1075 ac
3424 1023 3550 1074 tum
3572 1019 3847 1089 spiritua-

2203 1114 2277 1168 lis
2310 1117 2456 1180 erat,
2491 1129 2606 1167 non
2640 1112 2796 1167 enim
2818 1113 2888 1166 de
2907 1127 2972 1166 eo
2995 1127 3164 1166 secus
3181 1109 3448 1176 dixerim,
3474 1109 3649 1180 atque
3665 1108 3843 1163 etiam

2194 1202 2579 1276 prophetavit,
2635 1202 2811 1272 idque
2868 1202 3009 1256 adeo
3059 1204 3268 1271 praeter
3311 1199 3621 1254 hominum
3678 1213 3844 1268 spem

2192 1295 2366 1362 atque
2397 1291 2753 1362 opinionem,
2791 1295 2855 1344 ut
2885 1308 2951 1344 ex
2996 1288 3096 1344 illo
3137 1287 3418 1343 miraculo
3467 1286 3841 1358 proverbium

2191 1379 2298 1435 hoc
2329 1379 2581 1443 ﬂuxerit,
2613 1380 2763 1449 quod
2800 1395 2953 1433 nunc
2986 1375 3427 1449 quoquereferri
3451 1380 3627 1447 atque
3648 1375 3843 1432 audiri

2191 1469 2374 1525 solet:
2417 1471 2557 1524 Num
2602 1473 2651 1522 et
2709 1469 2841 1522 Saul
2898 1470 3045 1522 inter
3096 1467 3384 1536 prophetas
3404 1464 3496 1519 3"?
3551 1465 3839 1530 Quoniam

2191 1563 2384 1613 autem
2417 1573 2478 1612 se
2507 1561 2693 1612 totum
2715 1556 2955 1628 Spiritui
2978 1556 3264 1610 utendum
3296 1571 3412 1609 non
3444 1555 3712 1626 praebuit,
3734 1569 3840 1610 nec

2192 1661 2334 1718 pure
2367 1650 2540 1717 atque
2569 1644 2816 1716 integre,
2841 1648 2906 1699 ut
2938 1643 3239 1699 oraculum
3272 1643 3511 1711 ferebat,
3553 1643 3610 1697 in
3651 1643 3837 1699 alium

2189 1735 2380 1790 virum
2404 1739 2667 1790 mutatus
2696 1739 2817 1801 est;
2843 1735 2944 1790 sed
2977 1733 3209 1805 pristini
3241 1731 3637 1804 improbitatis
3669 1732 3841 1787 fomi-

429 1821 626 1897 σαρκός
651 1840 663 1854 ’
712 1821 767 1877 τί
823 1823 936 1897 χρή
985 1823 1158 1877 πάντα
1206 1819 1567 1896 ἐκτραγῳδεῖν
1599 1823 1665 1877 τὰ
1694 1822 1938 1891 ἐκείνου;
1975 1821 2083 1877 ἴστε

2198 1823 2272 1878 tis
2303 1824 2582 1895 pravique
2600 1823 2843 1878 seminis
2870 1821 3138 1877 nonnihil
3161 1824 3485 1892 supererat,
3506 1821 3751 1891 atquein
3774 1837 3838 1876 eo

426 1911 492 1967 τὸ
547 1911 782 1966 ἐναντίον
840 1915 1074 1984 πνεῦμα,
1132 1911 1222 1966 καὶ
1279 1912 1371 1965 τὸν
1430 1910 1668 1984 ψάλτην,
1715 1911 2087 1985 ᾦκατεπῄδε-

427 2022 491 2056 το
523 2003 657 2074 (12).
718 2000 871 2068 Πλὴν
932 1999 1100 2054 ἐκεῖνο
1159 1998 1440 2062 κάντεῦθεν
1498 2000 1799 2074 γνώριμον,
1857 2000 2086 2068 ὃτι,κᾶν

411 2091 511 2162 ,μὴ
568 2093 678 2143 τῶν
725 2089 950 2159 ἀναξίων
1186 2091 1220 2158 ἡ
1284 2089 1446 2163 χάρις
1505 2085 1738 2158 ἅπτηται
1781 2091 1912 2161 (14),
1949 2087 2090 2162 μηδὲ

435 2181 672 2253 πονηροῦ
701 2177 792 2232 καὶ
823 2177 1166 2252 ἀναρμόστου
1213 2175 1494 2238 παντελῶς
1547 2181 1646 2232 τοῦ
1702 2176 1931 2253 ὀργάνου
1989 2178 2088 2250 (εἷς

429 2265 534 2342 γὰρ
559 2265 892 2341 κακότεχνον
953 2267 1140 2342 ψυχὴν
1203 2267 1278 2339 μὴ
1340 2263 1729 2320 εἰσελεύσεσθαι
1788 2266 1974 2344 σοφίαν
2022 2264 2091 2320 sif-

431 2375 590 2432 ρηται
620 2354 828 2425 καλῶς,
861 2356 1012 2432 κάγὼ
1057 2353 1359 2428 πείθομαι),
1415 2354 1562 2410 ἀλλά
1609 2353 1839 2433 φυλάξαι
1883 2377 1943 2432 γε
1987 2357 2086 2424 τήν

427 2444 599 2518 ἀξίαν,
629 2444 720 2499 καὶ
749 2445 850 2514 τήν
884 2443 1177 2521 ἁρμονίαν,
1213 2443 1288 2506 ὡς
1322 2444 1348 2496 ὁ
1381 2441 1512 2516 ἐμὸς
1551 2441 1736 2520 λόγος,
1787 2442 1943 2520 ἔργον
1994 2445 2092 2499 οὐκ

426 2532 673 2606 ἔλαττον,
723 2534 758 2603 ἢ
806 2534 1061 2610 ἀπαρχῆς
1113 2535 1455 2610 ἁρμοσθῆναι
1505 2531 1689 2594 καλῶς
1734 2532 1823 2587 καί
1853 2533 2090 2604 ἀξιωθῆ-

425 2644 536 2693 ναι,
571 2620 750 2678 διὰτὸ
806 2623 1034 2699 τρεπτὸν
1092 2621 1178 2676 καὶ
1232 2619 1543 2677 ἀλλοιωτὸν
1603 2627 1702 2690 τῆς
1743 2621 2088 2697 ἀνθρωπίνης

425 2710 585 2782 ἕξεώς
641 2732 700 2766 τε
748 2714 839 2766 καὶ
892 2710 1103 2786 φύσεως
1131 2731 1142 2743 ·
1195 2712 1242 2783 ᾧ
1290 2731 1354 2785 γε
1403 2711 1514 2783 (15)
1562 2708 1651 2763 καὶ
1692 2712 1727 2778 ἡ
1760 2712 1921 2786 χάρις
1952 2711 2086 2780 αὐτὴ

427 2799 726 2869 πολλάκις,
754 2797 828 2854 τίν’
859 2800 996 2855 εἷ’πω
1025 2805 1135 2855 κῶν
1187 2800 1471 2872 ἡμετέρων
1511 2803 1691 2853 κακῶν
1724 2799 1786 2853 τὸ
1819 2799 2089 2875 σχετλιώ-

429 2889 591 2943 τατόν
624 2908 684 2941 τε
735 2889 825 2942 καὶ
874 2885 1335 2963 παραδοξότατον,
1391 2888 1558 2964 τῦφον
1619 2886 1962 2960 ὲμποιήσασα
1999 2888 2089 2942 καὶ

441 2975 830 3049 μετεωρίσασα,
887 2979 1207 3051 κατήνεγκεν
1266 2976 1373 3030 απὸ
1433 2980 1566 3030 Θεοῦ
1622 2975 1746 3037 τοὺς
1787 2975 1848 3029 οὐ
1903 2974 2087 3040 καλῶς

435 3061 908 3137 προσεγγίσαντας,
941 3062 1029 3116 καὶ
1066 3059 1484 3137 κατεϐλήθημεν
1539 3065 1651 3137 (16)
1701 3064 1752 3118 ἰν
1801 3063 1880 3137 τῷ
1925 3064 2087 3141 ἐπαρ-

427 3151 610 3222 θῆναι,
668 3149 759 3205 ’ίνα
815 3150 1036 3227 γένηται
1102 3153 1221 3216 καθ’
1279 3148 1588 3229 ὑπερϐολὴν
1669 3155 1994 3229 ἁμαρτωλὸς
2049 3157 2084 3224 ἡ

2197 1929 2329 1967 cum
2364 1912 2570 1984 spiritu
2607 1930 2738 1967 caro
2771 1911 3120 1983 conﬂigebat
3143 1911 3313 1982 ;quid
3335 1926 3540 1965 omnes
3561 1908 3721 1966 illius
3749 1925 3846 1964 ca-

2197 2001 2492 2056 lamitates
2509 2001 2729 2072 tragica
2750 1999 3010 2054 oratione
3032 1997 3304 2069 prosequi
3325 2012 3564 2052 necesse
3582 1995 3720 2052 est?
3737 1995 3847 2052 No-

2199 2089 2305 2144 stis
2336 2089 2735 2142 adversarium
2757 2088 2922 2142 illum
2956 2087 3330 2157 spiritum,et
3349 2084 3627 2152 Psaltem,
3672 2085 3844 2156 cujus

2199 2184 2371 2234 cantu
2404 2177 2849 2232 demulcebatur
2869 2178 2932 2231 ³⁸.
2999 2178 3196 2246 Itaque
3227 2175 3362 2229 hinc
3419 2189 3653 2244 quoque
3695 2173 3843 2229 illud

2200 2267 2505 2339 perspicue
2533 2266 2881 2332 ostenditur,
2920 2266 3151 2320 tametsi
3179 2263 3376 2318 divina
3392 2263 3580 2334 gratia
3600 2263 3661 2316 in
3693 2261 3844 2318 indi-

2198 2373 2341 2427 gnos
2373 2356 2615 2410 minime
2649 2356 2799 2410 236
2826 2355 3054 2418 inﬂuat,
3089 2369 3194 2407 nec
3228 2353 3284 2406 in
3309 2351 3531 2406 malum
3563 2351 3845 2422 omnique

2201 2463 2442 2518 prorsus
2475 2443 2783 2499 harmonia
2826 2443 3176 2498 destitutum
3226 2456 3509 2512 organum
3560 2441 3641 2510 (in
3675 2439 3846 2496 mali-

2199 2550 2374 2606 gnam
2397 2535 2551 2589 enim
2582 2533 2838 2588 animam
2873 2549 2987 2586 non
3049 2532 3448 2602 ingressuram
3494 2529 3844 2600 sapientiam

2199 2628 2352 2678 recte
2383 2623 2605 2677 dictum
2639 2627 2725 2677 est
2746 2623 2810 2690 3°,
2867 2626 3042 2691 atque
3073 2619 3158 2674 ita
3203 2633 3552 2692 persuasum
3611 2617 3841 2690 habeo),

2197 2717 2391 2768 tamen
2425 2713 2496 2767 ob
2523 2712 2792 2766 humanae
2816 2709 3181 2764 habitudinis
3203 2713 3258 2763 et
3295 2711 3514 2762 natura
3547 2706 3848 2763 mutabili-

2197 2805 2377 2858 tatem
2401 2805 2457 2856 et
2484 2801 2956 2869 inconstantiam,
3010 2815 3124 2852 non
3176 2797 3441 2862 minoris,
3487 2799 3552 2851 ut
3605 2797 3846 2868 quidem

2197 2890 2321 2961 ipse
2352 2889 2644 2953 existimo,
2665 2887 2875 2957 negotii
2899 2892 2986 2941 est
3017 2887 3362 2957 dignitatem
3394 2901 3565 2940 suam
3607 2901 3846 2942 concor-

2198 2979 2475 3049 diamque
2497 2977 2643 3032 tueri
2668 2982 2722 3031 et
2746 2992 3109 3043 conservare,
3148 2989 3326 3045 quam
3364 2990 3396 3026 a
3427 2972 3714 3044 principio
3769 2973 3846 3030 ad

2199 3067 2569 3122 concordiam
2591 3071 2743 3121 recte
2774 3063 3033 3136 perduci,
3058 3079 3123 3118 ac
3147 3062 3492 3134 dignitatem
3525 3061 3841 3134 consequi:

2198 3157 2412 3228 quippe
2445 3173 2578 3210 cum
2621 3171 2771 3225 sche
2822 3153 3011 3225 gratia
3067 3153 3195 3223 ipsa
3233 3152 3319 3222 (ut
3364 3151 3520 3221 quod
3577 3149 3846 3206 omnium

435 3239 694 3314 ἁμαρτία,
771 3239 861 3295 δια
919 3244 1022 3296 τοῦ
1081 3242 1284 3316 ἀγαθοῦ
1344 3263 1438 3316 μοι
1493 3244 1930 3319 κατεργαζομένη
1992 3245 2083 3307 θά-

2201 3245 2488 3300 malorum
2514 3248 2847 3298 nostrorum
2889 3242 3286 3296 miserrimum
3331 3243 3421 3295 est
3475 3239 3850 3311 maximeque

436 3349 597 3383 νατον
609 3372 621 3384 .

2206 3334 2561 3402 mirandum,
2596 3333 2830 3402 dicam),
2865 3332 3080 3386 fastum
3117 3329 3284 3384 nobis
3317 3333 3371 3383 et
3393 3328 3704 3385 elationem
3748 3345 3848 3401 pa-

429 3419 566 3488 riat,
597 3419 818 3491 sicque,
853 3438 888 3477 a
930 3421 1071 3490 Deo,
1104 3423 1176 3478 ad
1225 3439 1399 3494 quem
1449 3440 1586 3494 non,
1619 3429 1685 3479 ut
1732 3425 1947 3490 decuit,
1982 3425 2360 3492 accessimus,
2391 3424 2656 3479 exturbet
2689 3440 2752 3477 ac
2796 3421 3048 3491 dejiciat,
3082 3425 3252 3488 atque
3301 3419 3382 3473 ita
3429 3419 3569 3473 dum
3618 3417 3846 3474 extolli-

430 3528 584 3581 mur,
617 3528 980 3583 corruamus,
1014 3519 1081 3570 ut
1124 3515 1228 3570 ﬁat
1275 3531 1457 3586 supra
1488 3517 1730 3572 modum
1779 3532 2026 3588 peccans
2079 3521 2403 3588 peccatum,
2436 3515 2715 3570 nimirum
2767 3531 2868 3585 per
2917 3513 2975 3566 id
3023 3511 3180 3582 quod
3233 3512 3450 3565 bonum
3499 3513 3608 3578 est,
3641 3525 3842 3566 necem

430 3599 578 3656 mihi
609 3601 857 3658 aﬂ‘erens
880 3602 946 3658 ‘°.

498 3693 570 3744 I".
627 3686 804 3742 Ταῦτά
860 3687 1025 3756 ἐστιν,
1089 3687 1122 3741 ἃ
1177 3687 1284 3763 ἐγὼ
1343 3685 1625 3762 δεδοικὼς,
1706 3692 1927 3769 πικρίας
1999 3692 2080 3746 ἒν-

427 3773 707 3844 επλήσθην
739 3775 829 3829 καὶ
861 3775 1180 3850 κατηφείας,
1206 3776 1295 3829 καί
1326 3798 1379 3831 τι
1409 3782 1654 3832 τοιοῦτον
1702 3778 1915 3850 ἔπαθον,
1968 3780 2080 3834 οἷον

425 3864 562 3939 πρὸς
591 3862 684 3923 τὰς
743 3863 1016 3936 ἀστραπὰς
1066 3863 1118 3916 οἱ
1166 3861 1377 3936 παῖδες,
1431 3863 1631 3934 ἡδονὴν
1687 3867 1942 3938 ἐκπλήξει
1994 3891 2083 3942 μι-

425 3950 645 4028 γνύντες
705 3949 765 4005 ἐκ
817 3955 913 4005 τοῦ
971 3951 1276 4024 θεάματος’
1337 3953 1598 4028 ἠγάπησά
1670 3977 1728 4010 τε
1807 3958 1947 4026 ὁμοῦ
2021 3958 2084 4010 τὸ

427 4044 672 4113 Πνεῦμα,
727 4040 816 4094 καὶ
863 4035 1175 4117 ἐφοϐήθην
1225 4040 1313 4094 καὶ
1364 4042 1570 4117 χρόνου
1621 4045 1762 4104 τινὸς
1829 4041 2080 4114 ἐδεήθην,

429 4127 506 4192 εἷς
565 4129 794 4202 ἐμαυτὸν
856 4126 1192 4206 συστραφεὶς,
1249 4129 1476 4204 ἐκνῆψαι
1527 4134 1639 4205 (17)
1696 4133 1785 4186 καὶ
1843 4131 2082 4205 γενέσθαι

427 4224 526 4288 τῆς
582 4217 982 4295 ἀσφαλεστέρας
1045 4217 1240 4292 μοίρας
1294 4219 1384 4273 καὶ
1443 4220 1769 4296 κρείττονος,
1822 4220 1934 4288 ἵνα,
1987 4224 2083 4275 τοῦ

429 4305 734 4370 λυποῦντος
767 4305 1171 4376 ὑπεξελθόντος,
1206 4306 1386 4382 ὥσπερ
1440 4309 1686 4378 ζιζανίων
1739 4308 1790 4364 ἐν
1841 4309 2085 4383 σπέρμα-

429 4418 502 4464 τι,
561 4395 651 4451 καὶ
705 4400 814 4452 τῶν
872 4394 1093 4473 φαύλων
1157 4395 1437 4472 λογισμῶν
1497 4398 1742 4468 εἰξάντων
1773 4404 1892 4460 τοῖς
1925 4398 2081 4471 ἀμεί-

428 4506 570 4555 νοσι,
589 4487 786 4558 νικήσῃ
813 4487 1063 4560 καθαρῶς
1092 4485 1155 4538 τὸ
1187 4485 1425 4559 Πνεῦμα,
1457 4486 1545 4541 καί
1580 4483 1814 4560 μελαϐὸν
1847 4491 1960 4559 (18)
1982 4485 2084 4561 ἔχῃ

427 4575 561 4648 πρὸς
587 4574 687 4641 τὴν
716 4573 906 4627 ἑαυτοῦ
939 4569 1209 4626 διακοίναν
1255 4573 1344 4628 καὶ
1396 4573 1756 4650 λειτουργίαν,
1807 4577 1942 4651 πρὸς
1991 4575 2081 4631 τὸν

425 4663 787 4737 καταρτισμὸν
820 4663 933 4735 (19)
964 4665 1063 4716 τοῦ
1095 4660 1231 4717 λαοῦ
1259 4663 1478 4738 τούτου,
1510 4664 1648 4741 πρὸς
1678 4668 1870 4738 ψυχῶν
1895 4660 2085 4742 κυϐέρ-

2266 3695 2364 3750 III.
2399 3693 2529 3748 Haec
2561 3697 2719 3762 sunt,
2754 3709 2881 3763 quae
2931 3706 3035 3763 ego
3082 3693 3370 3755 metuens,
3404 3687 3719 3744 acerbitate
3773 3701 3841 3742 ac

2195 3783 2474 3838 mmstitia
2516 3781 2794 3852 impletus
2836 3797 2990 3846 sum,
3025 3780 3340 3847 eodemque
3372 3777 3545 3830 modo
3572 3773 3838 3843 aifectus,

2193 3889 2308 3942 quo
2342 3871 2503 3942 pueri
2532 3872 2601 3924 ad
2639 3869 2901 3937 fulgetra,
2936 3885 3001 3922 ex
3024 3883 3274 3937 quorum
3322 3863 3653 3935 spectaculo
3701 3879 3839 3918 con-

2184 3961 2455 4030 junctam
2487 3975 2617 4012 cum
2679 3956 3064 4011 admiratione
3097 3971 3162 4009 ac
3195 3958 3432 4024 stupore
3479 3950 3840 4022 voluptatem

2194 4044 2449 4116 capiunt.
2479 4044 2760 4114 Spiritum
2785 4043 2938 4096 enim
2984 4039 3160 4094 simul
3220 4045 3277 4094 et
3326 4039 3536 4107 amavi,
3583 4049 3640 4093 et
3694 4039 3840 4094 exti-

2195 4134 2316 4187 mui
2342 4150 2354 4187 :
2382 4131 2779 4201 nonnulloque
2805 4130 3080 4200 temporis
3114 4129 3303 4200 spatio
3343 4146 3491 4200 opus
3541 4128 3740 4196 habui,
3774 4132 3841 4183 ut

2194 4239 2287 4277 me
2319 4223 2440 4293 ipse
2487 4221 2814 4290 colligerem
2842 4225 2896 4273 et
2927 4219 3260 4288 excitarem,
3296 4235 3360 4272 ac
3410 4216 3639 4272 meliori
3671 4217 3845 4273 tutio-

2193 4311 2358 4381 rique
2391 4310 2538 4381 parti
2566 4311 2946 4380 adjungerem
2979 4333 2992 4373 ;
3028 4313 3106 4374 ut,
3157 4307 3517 4362 subducente
3551 4322 3678 4362 sese
3708 4323 3846 4361 ma:-

2193 4416 2342 4464 rore,
2378 4416 2491 4454 non
2525 4414 2693 4453 secus
2741 4414 2805 4452 ac
2866 4395 3103 4451 zizaniis
3133 4395 3188 4449 in
3247 4395 3491 4462 semine,
3554 4394 3843 4467 malisque

2193 4489 2645 4561 cogitationibus
2677 4485 2900 4541 meliori
2924 4484 3166 4540 consilio
3197 4484 3562 4550 cedentibus,
3589 4483 3842 4555 Spiritus

2186 4580 2312 4649 jam
2346 4577 2515 4650 plane
2538 4577 2812 4644 vinceret,
2848 4591 3055 4645 meque
3077 4575 3148 4629 ad
3201 4572 3546 4628 famulatum
3577 4589 3752 4628 suum
3782 4582 3842 4628 et

2193 4665 2587 4722 ministerium
2605 4663 2964 4730 uteretur,ad
2985 4661 3183 4734 populi
3205 4662 3382 4732 hujus
3401 4659 3842 4729 perfectionem,

496 4789 540 4824 ³⁷
570 4789 594 4845 Ι
619 4791 758 4861 Reg.
790 4805 848 4856 x,
881 4789 968 4844 12.
1046 4789 1091 4823 ³³
1120 4789 1142 4844 Ι
1171 4790 1309 4863 Reg.
1339 4807 1460 4859 XVI,
1491 4792 1558 4847 14
1589 4807 1722 4863 sqq.
1798 4793 1843 4826 3°
1875 4792 2010 4864 Sap.
2047 4810 2083 4864 1,

2246 4793 2290 4827 ιο
2322 4791 2490 4846 Rom.
2522 4805 2622 4858 vn,
2657 4789 2743 4844 13.

499 4905 576 4976 (8)
618 4901 971 4980 ’Δῤῥωστίαν,
1021 4909 1130 4962 etc.
1180 4906 1411 4978 Billius,
1466 4931 1486 4958 ι
1543 4909 1750 4964 animm
1803 4910 2075 4965 morbum

430 4977 695 5032 adventu
713 4977 821 5033 auo
849 4977 1088 5033 indicat.
1121 5002 1144 5031 ι

499 5046 998 5190 (ῗέῐῖροεφήτευσε.
1033 5049 1129 5105 Οιδ·
1161 5052 1217 5117 2,
1249 5046 1636 5126 ἐπροφήτευσε.
1922 5124 1934 5136 '
1970 5124 1980 5135 ο

597 5118 738 5187 )Καὶ
782 5138 844 5173 το
889 5118 1106 5180 είκός.‹‹
1156 5121 1367 5178 Prmler
1423 5139 1588 5190 spem
1649 5139 1715 5180 ac
1774 5123 1980 5190 probili

432 5121 844 5246 t“(110)”Kai":c‘3
889 5121 1106 5180 εἰκός.‹‹
1156 5121 1367 5178 Prteler
1399 5121 1588 5196 'spem
1649 5139 1715 5180 ac
1774 5123 2070 5194 probilita-

497 5262 617 5343 (11_)_
809 5258 961 5317 ὅλον.
990 5263 1254 5343 Sicmtres
1295 5263 1479 5333 Colb.,
1513 5265 1689 5322 Cois].
1726 5267 1775 5336 1,
1808 5266 1903 5322 Or.
1941 5269 1990 5333 1,
2023 5271 2082 5321 et

425 5332 544 5390 Jes.
577 5330 918 5402 Editi'vero,
950 5331 1056 5402 οὐχ
1087 5330 1241 5395 ὅλος.

494 5407 608 5477 (12)
645 5403 1173 5478 ΚατεπῄδετοίΒὶΙΙ.
1209 5428 1237 5456 ‹‹
1269 5407 1597 5476 fugabatur.
1624 5431 1652 5457 »
1683 5409 1885 5464 Comb.
1920 5431 1946 5458 «
1983 5425 2075 5462 ex-

426 5478 795 5534 cantabatur.
824 5501 852 5528 »

492 5552 606 5615 (13)
641 5548 748 5632 Κᾶν
800 5550 876 5632 μὴ
934 5551 1041 5632 τῶν
1079 5544 1348 5632 ἀναξίων,
1403 5554 1516 5630 eto.
1575 5550 1678 5605 Hic
1730 5552 1799 5606 de
1821 5571 1864 5632 ,α
1894 5551 2081 5632 gratia

492 5569 606 5615 (ιδ)
641 5569 747 5604 ιιαν
798 5569 876 5675 μη
935 5569 1041 5600 των
1079 5569 1348 5629 μναςιων,
1403 5569 1516 5630 etc.
1575 5569 1678 5605 nlo
1730 5569 1799 5606 oe
1838 5569 2078 5632 «gratia

423 5628 838 5678 sacramental
867 5642 890 5693 ρ
934 5619 1196 5691 loquitur
1254 5619 1592 5692 Gregorius,
1651 5637 1718 5678 ea
1779 5623 2078 5693 nimirum,

425 5705 554 5762 qua
585 5693 644 5750 in
673 5692 912 5754 Ordinis
955 5695 1325 5752 sacramento
1355 5693 1592 5750 nonnisi
1624 5694 1730 5750 rite
1780 5692 2080 5767 dispositis

2185 4909 2502 4965 confertur.
2530 4907 2724 4962 Potest
2744 4906 2920 4961 etiam
2952 4901 3200 4971 intelligi
3229 4901 3392 4957 locus
3421 4900 3532 4955 iste
3552 4899 3622 4954 de
3643 4920 3673 4949 «
3707 4913 3838 4971 gra-

2184 4985 2265 5036 tia
2298 4980 2681 5051 justifioante,
2711 5002 2736 5028 ››
2768 4995 2890 5047 quae
2936 4976 2993 5029 in
3045 4971 3261 5029 adultis
3310 4972 3552 5044 praevias
3582 4971 3837 5043 disposi-

2183 5053 2372 5109 tiones
2404 5051 2668 5121 requirit.

2258 5125 2369 5196 (14)
2394 5120 2703 5196 ’ίΑπτηταιη
2724 5121 2842 5196 ιῙ-ΘΒ.
2989 5135 3122 5171 εται.

2259 5187 2370 5266 (15)
2403 5193 2469 5270 ’ῼ
2498 5187 2784 5270 γειᾷοὶει.
2824 5193 2874 5244 1.
2909 5187 2980 5270 ὣς
3011 5207 3093 5270 γξε

2258 5255 2370 5337 (16)
2405 5255 2852 5337 statuentia»,
2901 5255 3304 5337 etcfyidetun
3333 5256 3590 5337 alludere
3621 5255 3834 5337 Grego-

2187 5326 2309 5392 rius
2355 5326 2429 5392 ad
2486 5326 2662 5389 verba
2702 5326 2793 5390 Ps.
2830 5326 3000 5393 Lxxn.
3036 5333 3122 5401 18,
3155 5353 3182 5379 ‹‹
3217 5328 3482 5398 dejecisti
3537 5342 3637 5382 eos
3694 5326 3836 5381 dum

2188 5409 2594 5464 allevarentur.
2625 5429 2650 5454 n

2258 5481 2370 5546 (17)
2402 5480 2684 5548 ’Exymai.
2727 5499 2745 5522 α
2787 5474 2856 5528 Ut
2887 5475 3114 5528 animos
3147 5472 3497 5548 reciperem,
3521 5488 3544 5516 ο

2404 5532 2602 5604 Auﬁdi}.
2638 5551 2754 5621 Jes.
2789 5549 2878 5600 ed.
2914 5547 3129 5621 aliique
3160 5532 3446 5621 non‘nulli,
3483 5532 3688 5621 λαᾷών.

2260 5569 2347 5621 (ιδ
2404 5569 2602 5604 Λαοον.
2638 5569 2754 5601 .Jcs.
2789 5569 2878 5600 eu.
2914 5569 3129 5615 nmque
3162 5569 3446 5606 uuuuum,
3483 5569 3688 5593 nuuwv.

2260 5569 2372 5697 (19$
2405 5617 2799 5697 Καταρτισμὸν.
2840 5617 3378 5697 «diminutionem,
3426 5635 3453 5662 ››
3501 5611 3614 5695 vel,
3639 5627 3833 5697 fi‘p‘er-

2190 5683 2520 5766 fectio'nem,
2548 5683 2574 5745 )3
2611 5683 2762 5751 ut'in
2806 5688 3062 5763 vulgata.
3095 5689 3291 5746 Minus
3339 5684 3576 5760 propria
3601 5683 3834 5743 videtur

3747 6067 3750 6070 ,
3795 5865 3862 6037 1
