4146 6290
266 276 389 340 823

1509 282 1577 342 S.
1626 278 2001 341 GREGORII
2046 278 2446 343 THEOLOGI

3567 280 3687 341 824

270 413 342 468 ad
375 411 709 469 animarum
739 412 1244 484 gubernationem,
1269 413 1339 469 ad
1360 416 1679 485 utrumque
1710 411 1915 467 doctri-

2050 432 2204 482 ιησιν,
2232 413 2367 486 πρὸς
2402 409 2751 467 διδασκαλίαν
2784 412 2880 481 τὴν
2914 410 2966 466 ἐν
2999 408 3270 487 λόγῳ,καὶ
3298 411 3397 479 τὴν
3430 410 3481 465 ἐν
3516 408 3687 488 ἔργῳ.

271 519 360 557 nas
390 517 599 574 genus,
632 511 751 557 tam
781 502 932 572 quod
967 502 1025 555 in
1071 519 1360 569 sermone,
1416 519 1593 575 quam
1644 503 1798 574 quod
1856 502 1916 556 in

274 607 447 662 opere
494 590 739 661 vitaeque
774 590 1031 661 exemplo
1060 592 1345 658 consistit,
1366 607 1467 664 per
1487 590 1914 661 armajustitiaa

272 696 308 735 a
338 678 556 734 dextris
586 683 643 733 et
700 696 734 733 a
788 680 1043 734 sinistris
1074 682 1142 745 “,
1202 682 1270 734 ad
1331 682 1601 735 idoneam
1646 679 1919 751 pascendi

269 768 463 839 gregis
499 767 803 837 rationem,
827 785 953 839 quae
974 786 1006 823 a
1037 770 1259 823 mundo
1282 769 1605 835 abstrahat,
1631 771 1700 823 ad
1736 769 1919 824 Deum

268 856 543 922 adducat,
578 856 882 912 exhauriat
913 872 1148 929 corpus,
1179 861 1451 929 spiritum
1476 863 1707 931 augeat,
1756 864 1921 913 tene-

270 948 405 1000 bras
438 945 697 1015 effugiat,
734 946 861 1001 luce
907 948 1174 1019 gaudeat,
1234 948 1519 1020 propellat
1576 949 1749 1016 feras,
1781 946 1925 1002 ovile

268 1033 526 1105 colligat,
558 1034 875 1106 praecipitia
906 1040 963 1090 et
994 1037 1256 1093 desertas
1302 1037 1649 1092 solitudines
1705 1041 1923 1105 caveat,

270 1123 409 1177 dum
446 1122 515 1177 ad
568 1127 799 1179 montes
855 1129 911 1179 et
950 1125 1107 1179 edita
1136 1125 1263 1181 loca
1293 1142 1497 1199 greges
1546 1125 1813 1198 impellit.
1846 1125 1927 1180 De

268 1211 487 1285 quibus
514 1210 660 1267 mihi
692 1210 925 1269 locutus
946 1214 1178 1269 videtur
1207 1215 1456 1271 eximius
1471 1214 1761 1282 Michaeas,
1789 1231 1925 1270 cum

269 1318 375 1358 nos
403 1300 495 1357 his
518 1302 713 1358 verbis
752 1318 821 1359 ex
849 1302 1030 1359 humo
1054 1304 1124 1359 ad
1160 1304 1394 1373 fastigia
1442 1309 1644 1360 nostra
1700 1308 1926 1375 pertra-

268 1390 466 1448 heret:
497 1391 981 1464 Appropinquate
1038 1393 1339 1448 montibus
1390 1394 1642 1449 azternis.
1668 1395 1926 1465 Exsurge

277 1485 333 1537 et
365 1480 626 1549 ambula,
658 1481 935 1550 quoniam
957 1480 1052 1536 hic
1084 1482 1212 1548 tibi,
1244 1482 1355 1537 hoc
1384 1487 1491 1552 est,
1511 1482 1582 1537 .in
1615 1483 1790 1538 rebus
1824 1482 1925 1537 ab-

262 1570 461 1641 jectis,
484 1574 541 1625 et
563 1586 689 1639 qua)
712 1570 989 1625 deorsum
1008 1570 1337 1641 volvuntur,
1357 1588 1473 1626 non
1497 1577 1585 1627 est
1605 1570 1838 1642 requies
1858 1571 1929 1639 ‘2,

270 1658 409 1714 licet
442 1658 609 1713 aliter
640 1658 997 1727 quibusdam
1019 1659 1305 1714 videatur.

2025 499 2115 553 καὶ
2150 498 2532 577 ὑποδείγματι,
2568 500 2657 556 διὰ
2684 506 2788 556 τῶν
2822 500 3009 555 ὅπλων
3040 503 3138 569 τῆς
3190 498 3544 570 δικαιοσύνης
3575 505 3683 555 τῶν

2030 585 2215 660 δεξιῶν
2271 590 2359 645 καὶ
2415 591 2727 665 ἀριστερῶν,
2790 592 2927 666 πρὸς
3001 591 3364 663 ποιμαντικήν
3446 587 3681 646 εὔθετον,

2028 677 2355 733 ἀποσπῶσαν
2430 676 2665 752 κόσμου,
2732 684 2847 751 Θεῴ
2904 681 3304 755 προσάγουσαν,
3366 676 3682 733 δαπανῶσαν

2031 772 2209 839 σῶμα,
2288 770 2553 841 πνεύματι
2625 771 3022 845 προστιθεῖσαν,
3098 768 3289 831 σκότος
3360 768 3684 845 φεύγουσαν,

2032 857 2171 932 φωτὶ
2228 857 2549 931 χαίρουσαν,
2606 860 2778 933 Θῆρας
2840 856 3190 927 ἐλαύνουσαν,
3256 854 3490 932 μάνδραν
3572 859 3685 929 (20)

2034 947 2381 1021 συνάγουσαν,
2431 947 2710 1023 κρημνοὺς
2783 946 3199 1024 φυλασσομᾶνην
3259 947 3347 1001 καὶ
3431 945 3687 1021 ἐρημίας,

2034 1032 2180 1107 δρεσι
2236 1035 2324 1089 καὶ
2383 1035 2537 1109 ὕψεσι
2597 1038 2708 1108 (21)
2766 1034 3256 1111 προσελαύνουσαν.
3318 1036 3553 1110 Περίῶν
3595 1054 3687 1107 μοι

2036 1120 2185 1177 δοκεῖ
2212 1123 2300 1177 καὶ
2344 1126 2371 1179 ό
2422 1126 2866 1198 θαυμασιώτατος
2911 1122 3153 1200 Μιχαίας
3204 1122 3402 1200 λέγειν,
3447 1122 3690 1199 χαμόθεν

2034 1214 2181 1285 ἡμᾶς
2233 1213 2471 1269 ἀνέλκων
2535 1217 2644 1289 (22)
2701 1214 2787 1269 ἐπὶ
2844 1213 2911 1268 τὰ
2966 1214 3208 1287 ἡμέτερα
3238 1213 3369 1287 ὕψη.
3411 1212 3692 1287 Ἐγγίσατε

2036 1298 2213 1379 ὄρεσιν
2247 1302 2510 1366 αἰωνίοις.
2547 1303 2771 1358 Ἀνάστα
2799 1301 2887 1358 καὶ
2916 1301 3177 1379 πορεύου,
3209 1303 3291 1357 ’ὁτι
3334 1301 3435 1356 οὐκ
3462 1298 3575 1355 ἔστι
3604 1322 3689 1355 σοι

2036 1392 2170 1462 αὕτη
2200 1391 2516 1461 ἀνάπαυσις,
2546 1394 2640 1447 κᾶν
2676 1390 2810 1467 δοκῄ
2857 1413 2994 1446 τισιν
3058 1391 3191 1446 εἶναι
3246 1391 3315 1447 τὰ
3368 1397 3687 1466 χαμαιπετῆ

2036 1481 2125 1536 καὶ
2155 1481 2302 1536 κάτω
2335 1481 2692 1559 στρεφόμενα.

344 1746 436 1801 IV.
474 1746 633 1800 Hanc
667 1746 1114 1819 regendigregis
1135 1752 1321 1803 artem
1354 1748 1500 1803 mihi
1521 1748 1924 1815 tradite,237

2111 1753 2180 1805 A'.
2212 1749 2420 1819 Ταύτην
2460 1770 2525 1821 με
2555 1745 2801 1818 διδάξατε
2829 1748 2928 1816 τὴν
2978 1747 3364 1820 ποιμαντικήν,
3414 1747 3460 1800 ὧ
3507 1743 3691 1822 φίλοι,

2050 1840 2056 1851 .
2181 1838 2193 1851 .
2283 1837 2296 1851 ς
2388 1838 2400 1851 .
2605 1838 2615 1851 .
2829 1837 2843 1851 ι
3157 1835 3166 1851 .
3312 1838 3415 1851 mm
3481 1840 3519 1851 ...
3570 1834 3582 1851 ι

276 1824 474 1899 ainici,
507 1836 625 1905 jam
656 1834 933 1907 deinceps
964 1836 1107 1890 mihi
1143 1840 1405 1908 pastores
1436 1841 1492 1891 et
1522 1836 1774 1909 collegae.
1807 1841 1925 1892 Hu-

270 1923 372 1994 jus
401 1922 544 1977 mihi
576 1927 830 1979 tesseras
860 1924 1013 1986 date,
1046 1928 1103 1979 et
1133 1929 1215 1993 tu,
1244 1926 1578 1981 communis
1610 1926 1796 1994 Pater,
1827 1927 1926 1999 qui

279 2011 497 2066 multos
530 2015 792 2083 pastores
823 2011 881 2067 in
915 2016 1033 2067 tam
1064 2012 1239 2086 longa
1285 2018 1449 2070 aetate
1484 2014 1835 2083 instruxisti,
1861 2033 1927 2071 ac

276 2102 675 2170 commutasti,
710 2105 768 2158 et
798 2106 861 2158 tu
892 2102 1276 2176 phi1030phia3
1318 2121 1456 2160 mea:
1488 2104 1831 2176 explorator,
1872 2110 1928 2160 et

264 2190 470 2261 judex.
504 2194 590 2244 An
623 2206 755 2246 vero
786 2190 1079 2263 (benigne,
1129 2208 1345 2263 quaiso,
1400 2192 1556 2263 quod
1587 2192 1777 2247 dicam
1833 2208 1925 2248 ac-

270 2279 419 2350 cipe)
468 2279 594 2334 ﬁeri
654 2283 846 2351 potest
894 2285 977 2347 ut,
1030 2296 1165 2335 cum
1223 2280 1282 2334 in
1338 2280 1531 2335 media
1580 2285 1927 2352 tempestate

260 2368 578 2439 jactemur,
603 2367 1011 2439 ﬂuctuumque
1056 2369 1304 2441 strepitu
1340 2370 1601 2441 undique
1635 2370 1929 2425 obtunda-

270 2472 425 2523 mur,
450 2456 634 2527 perite
664 2472 898 2528 gregem
932 2473 1207 2512 curemus
1239 2462 1296 2511 et
1330 2474 1645 2528 pascamus
1674 2458 1701 2512 ?
1733 2459 1832 2528 Te,
1866 2458 1923 2511 in

272 2560 471 2616 quam,
506 2544 761 2615 appello,
796 2545 897 2615 qui
932 2545 1244 2599 humanior
1279 2562 1409 2600 eras
1444 2546 1593 2601 inter
1623 2563 1760 2601 oves
1790 2546 1925 2617 (nisi

273 2632 414 2705 quid
444 2636 501 2687 te
533 2632 775 2687 offendit
806 2633 925 2687 bzec
957 2632 1185 2704 oratio),
1220 2650 1353 2688 cum
1388 2635 1588 2705 pascui
1612 2634 1768 2689 bruti
1795 2652 1924 2705 par-

272 2720 481 2793 ticipes
512 2736 631 2775 una
662 2736 950 2784 essemus,
1000 2738 1176 2793 quam
1238 2739 1394 2777 nunc
1440 2723 1591 2777 inter
1642 2728 1925 2795 pastores,

275 2814 661 2884 posteaquam
688 2810 883 2866 divino
904 2810 1187 2866 beneficio
1219 2811 1289 2865 ad
1310 2811 1615 2883 spirituale
1639 2829 1923 2884 pascuum

278 2899 445 2956 acciti
481 2916 711 2955 sumus.
746 2898 828 2954 En
862 2900 1019 2972 quod
1052 2899 1156 2955 tibi
1190 2900 1249 2955 in
1285 2900 1429 2956 votis
1461 2906 1606 2969 erat,
1639 2901 1697 2956 in
1730 2906 1925 2974 potes-

278 2988 539 3059 tatejam
566 3006 657 3045 me
676 2988 877 3059 habes,
912 2993 1087 3061 atque
1126 2988 1585 3061 insuperabilem
1609 2992 1921 3063 superasti.

280 3077 363 3134 En
398 3081 605 3148 praeter
633 3076 749 3134 alia
778 3078 977 3134 omnia
1024 3094 1355 3135 sermonem
1415 3096 1647 3151 quoque
1704 3082 1922 3153 ipsum,

280 3184 456 3237 quem
480 3167 585 3224 tibi
612 3167 913 3239 cognitum
947 3169 1322 3238 exposcebas,
1349 3174 1407 3224 et
1436 3186 1633 3240 quem,
1658 3169 1931 3226 laudibus

279 3255 501 3325 alioqui
532 3256 799 3323 eﬂ‘erens,
830 3262 1157 3312 cessantem
1190 3266 1408 3325 tamen,
1439 3258 1658 3313 crebris
1706 3260 1932 3315 densis-

285 3358 403 3414 que
423 3343 733 3399 verborum
768 3344 1002 3399 nivibus
1033 3345 1379 3417 impetebas.

354 3432 421 3485 V.
456 3431 673 3487 Verum
706 3433 970 3487 nonnihil
996 3434 1204 3501 habeo,
1229 3435 1382 3505 quod
1416 3434 1605 3490 amico
1636 3436 1931 3505 obiiciam.

284 3520 426 3585 Quis
458 3537 526 3576 ex
548 3521 965 3575 communibus
997 3522 1201 3579 amicis
1233 3540 1471 3579 causam
1501 3538 1689 3579 meam
1750 3525 1934 3581 disce-

284 3609 473 3683 ptabit
492 3609 519 3664 ?
550 3612 664 3665 Aut
687 3610 820 3682 quis
852 3610 1079 3684 integer
1100 3612 1424 3683 eritjudex,
1458 3618 1521 3667 ut
1548 3614 1777 3683 justam
1802 3632 1931 3670 sen-

285 3699 530 3755 tentiam
566 3699 730 3768 ferat,
764 3716 829 3756 ac
861 3717 1002 3770 non,
1029 3701 1181 3773 quod
1217 3701 1480 3774 plerique
1512 3702 1693 3758 facere
1723 3703 1932 3776 solent,

286 3787 421 3862 plus
454 3788 651 3861 gratiis
674 3806 851 3861 quam
884 3790 1111 3846 veritati
1142 3790 1406 3847 tribuat?
1434 3791 1535 3848 Vis
1561 3792 1779 3847 crimen
1810 3810 1935 3864 pro-

284 3878 507 3947 feram;
534 3894 639 3933 nec
666 3884 970 3952 propterea
1002 3880 1281 3937 orationis
1307 3886 1419 3935 tuae
1450 3880 1719 3937 aculeum
1752 3884 1809 3937 in
1843 3900 1936 3939 me

284 3982 493 4022 rursus
514 3966 837 4023 immittas?
852 3969 986 4023 Fuit
1004 3971 1301 4040 quoddam
1325 3969 1429 4025 tibi
1444 3970 1751 4026 nobiscum
1774 3988 1934 4027 arca-

286 4071 453 4122 num,
484 4054 571 4109 vir
591 4056 954 4123 admirande,
1000 4074 1282 4113 arcanum
1311 4074 1443 4113 vere
1474 4063 1648 4130 atque
1676 4061 1928 4116 incredi-

358 4151 400 4184 “
434 4151 480 4205 ll
510 4152 637 4206 Cor.
667 4168 744 4222 v1,
776 4154 831 4208 7.
909 4156 953 4188 ⁴²
984 4155 1154 4210 Mich.
1190 4172 1251 4225 η,
1287 4157 1373 4209 10.

288 4264 398 4329 vo;
430 4246 1005 4331 «.instaurationem_
1033 4274 1058 4301 ››
1110 4269 1225 4331 qua
1266 4252 1487 4331 _Billius
1512 4328 1518 4331 Δ
1545 4254 1751 4310 utitur.
1811 4256 1939 4331 Non

289 4323 447 4375 enim
478 4323 861 4406 instauratur,
896 4323 1014 4406 nisi.
1050 4323 1631 4406 quodudepravatum
1660 4328 1939 4406 est._Quis

289 4405 422 4445 vero
485 4391 1121 4470 dixerit_depravatam
1190 4391 1618 4470 Nazianzenam
1688 4391 1937 4470 plebem,

292 4475 465 4532 quam
490 4462 799 4541 Gregorius
822 4462 1015 4541 senior
1038 4471 1156 4521 tam
1190 4466 1361 4538 longo
1390 4474 1653 4541 tempore
1678 4462 1852 4527 verbo
1882 4462 1939 4527 et
1968 4474 2016 4539 D

293 4530 555 4591 exemplo
588 4530 937 4591 {armaverat
954 4538 981 4591 ‘I

365 4550 455 4587 em
501 4550 555 4588 ιυ
588 4550 981 4591 lormavorat'!

364 4550 773 4744 (20))Mdv89av.
806 4607 946 4693 Reg;
978 4607 1078 4674 hu,
1115 4603 1285 4681 μάνδρ

364 4674 449 4744 (21
532 4679 712 4744 ’Όρεσι
770 4677 859 4729 καὶ
918 4676 1092 4744 ὕψεσι.
1154 4679 1285 4735 Schr

364 4627 454 4675 (ω
502 4627 773 4679 ινιανοραν.
806 4627 946 4678 neg.
979 4627 1078 4674 nu,
1115 4627 1285 4681 μανορ
1330 4650 1344 4665 .

363 4627 1344 4770 ξύμ-’ἶρρεσι-ὶκαὶ,διικξσιὶεϐὴῡῗ.
1401 4680 1586 4770 C'Olb.,
1643 4684 1777 4770 πρὸς
1836 4678 1938 4770 ὅρη

2037 1834 2231 1893 λοιπὸν
2279 1837 2403 1911 ἐμοὶ
2452 1838 2709 1911 ποιμένες
2756 1837 2846 1892 καὶ
2894 1835 3260 1911 συμποιμὲνες
3308 1838 3442 1909 (23).
3481 1834 3693 1904 Ταύτης

2038 1924 2159 1982 δότε
2221 1949 2313 2001 μοι
2361 1930 2428 1982 τὰ
2477 1930 2815 2001 συνθήματα,
2866 1926 2929 1981 σύ
2975 1948 3034 1982 τε
3064 1927 3092 1981 ὁ
3130 1927 3309 1987 κοινὸς
3345 1928 3550 2001 Πατὴρ,
3590 1924 3680 1980 καὶ

2034 2016 2279 2079 πολλοὺς
2312 2022 2387 2089 τῷ
2437 2018 2623 2093 χρόνῳ
2669 2015 2993 2093 καταρτίσας
3041 2015 3131 2070 καὶ
3180 2014 3526 2091 παραμείψας
3576 2016 3689 2089 (24)

2034 2106 2320 2180 ποιμένας,
2372 2106 2434 2161 σύ
2482 2128 2540 2161 τε
2592 2107 2619 2160 ὁ
2665 2112 2765 2175 τῆς
2822 2105 2960 2179 ἐμῆς
3004 2102 3329 2182 φιλοσοφίας
3366 2105 3691 2177 βασανιστὴς

2035 2197 2124 2251 καὶ
2171 2198 2391 2271 κριτής.
2462 2196 2617 2251 Ἀλλ’
2670 2194 2842 2267 (ὅπως
2906 2214 2999 2266 μοι
3059 2192 3373 2271 φιλοσόφως
3424 2191 3544 2266 δέξῃ
3597 2194 3689 2247 τὸν

2039 2285 2201 2360 λόγον
2235 2288 2393 2359 [25]),
2425 2285 2459 2353 ἢ
2494 2282 2779 2356 δυνάμεθα,
2813 2283 2901 2337 καὶ
2932 2283 2986 2337 ἰν
3020 2282 3153 2355 μέσῃ
3204 2280 3339 2356 ζάλῃ
3388 2282 3690 2359 στρεφόμε-

2035 2397 2118 2429 νοι
2157 2374 2246 2428 καὶ
2295 2373 2745 2449 περιηχούμενοι,
2802 2372 3110 2445 ποιμαίνειν
3162 2370 3565 2444 ἐπιστημόνως,
3596 2370 3688 2427 καὶ

2037 2453 2307 2530 ἐκτρέφειν
2353 2456 2415 2508 τὸ
2466 2453 2762 2526 ποίμνιον;
2823 2455 2879 2504 '0
2926 2451 3438 2528 φιλανθρωπότερος
3486 2454 3604 2524 (26)
3634 2451 3687 2505 ἐν

2034 2538 2331 2619 προϐάτοις
2388 2542 2456 2615 (εί
2521 2544 2592 2614 μή
2658 2563 2752 2615 μοι
2812 2539 3163 2616 δυσχεραίνῃς
3205 2543 3362 2613 [27]),
3395 2539 3557 2609 ἡνίκα
3586 2542 3682 2608 τῆς

2035 2629 2237 2708 ἀλόγου
2267 2638 2438 2704 νομῆς
2487 2633 2598 2703 (28)
2655 2628 3005 2704 μετείχομεν,
3056 2630 3090 2699 ἢ
3134 2626 3186 2683 ἓν
3217 2627 3492 2702 ποιμέσιν,
3525 2628 3685 2697 ἡνίκα

2032 2728 2132 2791 τῆς
2180 2728 2548 2794 πνευματικῆς
2598 2719 2932 2793 ἠξιώθημεν.
2979 2720 3163 2796 Ἔχεις
3216 2720 3331 2791 μὲν,
3380 2716 3511 2793 δπερ
3557 2716 3681 2771 ἐπό-

2036 2822 2169 2881 θεις,
2203 2811 2303 2865 ὑπὸ
2336 2815 2523 2886 χεῖρας
2554 2812 2725 2883 ἡμᾶς,
2768 2807 2857 2863 καὶ
2901 2808 3183 2877 νενίκηκας
3233 2809 3322 2863 τὸν
3372 2806 3638 2877 ἀήττητον
3665 2824 3679 2838 ·

2033 2899 2121 2955 καὶ
2184 2897 2301 2955 ἰδού
2360 2921 2441 2954 σοι
2495 2900 2629 2971 μετά
2678 2897 2767 2952 καὶ
2816 2898 2927 2971 (29)
2974 2902 3081 2952 τῶν
3136 2895 3319 2951 ἄλλων
3355 2897 3381 2950 ὁ
3415 2894 3599 2971 λόγος,
3629 2895 3688 2949 ’ὀν

1978 3055 1984 3060 ι
2034 2986 2192 3051 εἰδὼς
2252 2987 2551 3059 ἐπεζήτεις,
2608 2986 2697 3041 καὶ
2756 2986 2812 3041 ὅν
2865 2985 3118 3058 ἰπαινῶν,
3164 2980 3393 3047 ἔῦαλλες
3424 2986 3694 3061 ἀργοῦντα

2031 3074 2268 3138 πολλαῖς
2327 3081 2431 3130 τῶν
2494 3079 2600 3129 σῶν
2659 3074 2847 3149 λόγων
2908 3074 2998 3129 καὶ
3054 3079 3282 3135 πυκναῖς
3348 3078 3469 3135 ταῖς
3540 3071 3693 3150 νιφά-

1963 3154 2007 3222 C
2044 3186 2124 3220 σιν
2158 3167 2293 3238 (30).

2111 3433 2191 3487 Ε’.
2223 3429 2361 3487 Αλλ⁹
2392 3427 2507 3505 ἔχω
2535 3450 2587 3484 τι
2717 3426 2874 3508 φιλίᾳ
2902 3428 2993 3483 καὶ
3045 3428 3396 3502 μέμψασθαι·
3428 3428 3511 3491 τίς
3545 3428 3693 3484 δικά-

2042 3543 2119 3577 σει
2183 3542 2277 3593 μοι
2322 3522 2429 3575 τῶν
2477 3522 2671 3573 κοινῶν
2725 3515 2943 3596 φίλωνς
2993 3516 3027 3585 ἢ
3076 3515 3158 3577 τίς
3206 3514 3498 3579 ἀδέκαστος
3548 3515 3693 3572 ἔσται

2040 3617 2255 3687 κριτῆς,
2309 3606 2397 3663 ’ίνα
2447 3609 2544 3675 τὴν
2592 3605 2798 3662 δικαίαν
2854 3605 3035 3683 ἐνέγκῃ
3083 3607 3283 3681 ψῆφον,
3336 3605 3482 3661 ἆλλά
3524 3608 3600 3679 μὴ
3632 3606 3694 3661 τὸ

2040 3704 2147 3755 τῶν
2181 3696 2406 3754 πολλῶν
2434 3698 2598 3772 πάθῃ,
2629 3696 2717 3751 καὶ
2750 3691 2892 3769 λάϐῃ
2930 3698 3039 3768 (31)
3072 3694 3121 3749 ἐν
3154 3693 3325 3771 κρίσει
3358 3695 3651 3769 πρόσωπον
3678 3715 3693 3766 ;

2042 3788 2197 3845 Εἴπω
2252 3785 2491 3849 κελεύεις
2548 3787 2646 3855 την
2703 3786 2931 3859 μέμψιν,
2984 3784 3073 3839 καὶ
3122 3784 3222 3839 οὐνκ
3268 3783 3564 3859 ἐπαφήσεις
3603 3806 3694 3858 μοι

2042 3877 2206 3933 πάλιν
2263 3876 2355 3932 τὸν
2416 3874 2619 3951 λόγον;
2680 3869 2919 3951 Ἐγὲνετό
2968 3895 3021 3928 τι
3080 3872 3169 3927 καὶ
3227 3874 3310 3928 σοὶ
3367 3874 3505 3948 πρὸς
3547 3877 3696 3947 ἡμᾶς

2044 3966 2373 4042 ἀπόρρητον,
2422 3966 2467 4018 ὦ
2521 3966 2804 4036 Θαυμάσιε,
2855 3968 3084 4039 πρᾶγμα
3112 3959 3281 4023 ὅντως
3309 3964 3423 4034 (32)
3452 3962 3699 4039 ἀπόρρη-

2041 4058 2134 4113 τόν
2190 4076 2248 4111 τε
2304 4053 2393 4109 καὶ
2447 4051 2693 4125 ἄπιστον,
2750 4053 2839 4107 καὶ
2898 4052 3051 4106 οὔπω
3081 4054 3194 4124 (33)
3252 4050 3519 4127 πρότερον
3576 4053 3698 4127 περὶ

2143 4252 2234 4324 25)
2266 4248 2466 4324 Λόγον,
2496 4247 2554 4319 ἤ.
2588 4251 2731 4324 Tres
2764 4249 2944 4323 Regg.
2973 4252 3037 4324 _et_
3066 4248 3161 4324 0r.
3193 4251 3247 4317 2,
3280 4246 3467 4324 λόγον,
3501 4247 3569 4305 εί.

2143 4318 2234 4397 26)
2292 4318 3063 4398 Φιλανϐρωπότεροςδῖἒοὶώ.
3128 4322 3185 4393 1,
3246 4318 3699 4398 φιλανθρωπότα-

2047 4417 2159 4450 τος.

2116 4416 2229 4539 (27)
2286 4463 2669 4541 ᾼυσχεραίνῃς.
2728 4468 2905 4537 Regg.
2968 4464 3089 4533 bm,
3149 4464 3251 4519 hu.
3310 4465 3408 4520 Or.
3466 4465 3525 4537 2,
3580 4467 3694 4521 Jes.

2052 4535 2441 4611 δυσχεραίνειξ.

2120 4606 2234 4677 (28)
2266 4607 2498 4683 Ἀλόγολυ
2540 4613 2736 4679 νομῆς.
2771 4606 3085 4683 Gregorius
3114 4629 3143 4657 ‹‹
3177 4606 3539 4683 irrationalia
3589 4623 3693 4678 pa-

2053 4698 2195 4737 scua
2217 4678 2542 4762 gappellat
2586 4696 2791 4762 omnes
2839 4678 3114 4762 profanas
3162 4678 3534 4762 disciplinas;
3564 4692 3687 4747 qua

295 4744 654 4824 πνευματικὰ,
708 4748 807 4824 τὴν
870 4744 1043 4822 ὀρθῶς
1103 4744 1331 4824 ἔχουσαν
1373 4744 1593 4824 πίστιν,
1650 4744 1716 4808 τδ.
1772 4744 1928 4823 νοητό

2050 4770 2181 4809 vero
2212 4744 2554 4824 Christianae
2585 4756 2743 4824 sunt,
2767 4773 2795 4801 ‹‹
2828 4744 3159 4824 spiritualia
3189 4771 3219 4800 »
3249 4744 3528 4824 nominat.

293 4808 539 4895 πρόϐατα
587 4808 1039 4895 συνελαύνουσανξ
1079 4808 1227 4895 «Α’Ᾰό
1294 4808 1628 4895 spirituales
1686 4808 1939 4895 ωοοιὲεζ

289 4888 511 5011 ﬁgam
544 4889 767 4945 scilicet
811 4891 1007 4959 ﬁdem,
1041 4888 1377 4965 spiritualés
1409 4913 1541 4953 oves
1585 4888 1938 4972 compellenl

420 4997 432 5009 .
456 4980 477 5005 ι

506 5025 803 5104 ᾎΔνίλικων.
840 5033 980 5104 Reg.
1015 5033 1117 5104 bu,
1148 5030 1347 5091 ἶλκων.

323 5165 335 5177 .
359 5098 471 5165 (23)
505 5099 763 5178 Ποιμένες
791 5098 1296 5181 καὶῇἆυμποιμὲνες.
1332 5110 1457 5175 Hic,
1490 5114 1697 5181 praeter
1727 5110 1939 5181 Grego-

290 5182 445 5252 rium
475 5177 764 5252 seniorem
792 5181 851 5252 et
883 5177 1179 5252 Basilium,
1207 5182 1305 5250 qui
1334 5177 1702 5252 certe’ipsius
1736 5177 1937 5237 conse-

292 5241 534 5293 crationi
565 5241 826 5311 aderant,
858 5246 1001 5302 alios
1042 5241 1240 5303 etiam.
1268 5241 1581 5306 nonnullds
1629 5269 1937 5309 consecra-

290 5310 750 5385 torespraasules
781 5316 1180 5385 intelligimus.
1211 5321 1356 5375 Vide
1388 5322 1587 5377 Monit.
1623 5340 1680 5377 n.
1717 5340 1791 5377 ιν.

288 5382 472 5464 m(2{n_)
534 5385 905 5464 H‘a‘paysiitac.
950 5382 1057 5464 _Sic
1125 5391 1375 5464 Basilius
1434 5399 1862 5464 commentatur
1920 5414 1932 5451 :

312 5446 357 5537 Ῑξ
389 5453 463 5537 τῷ
494 5446 699 5537 πολλῷ
720 5446 901 5529 χρόνῳ
926 5457 1217 5537 ,ἀρχιερεξς
1241 5460 1700 5537 ’ἀποθνήσκοντας
1733 5463 1936 5537 ἦμειψε

292 5513 575 5612 πλειίρίτους
606 5513 1065 5612 ἐνζμῗτριοξπόλδείᾪ·
1097 5513 1121 5579 ἀ
1147 5513 1291 5595 Quia
1321 5513 1417 5605 plvu

294 5587 571 5682 Bglifau‘gd
584 5587 722 5682 sede
753 5587 880 5682 sibi
930 5587 1306 5682 succedentes
1321 5587 1339 5605 ⁸
1356 5587 1932 5682 episcopos-viderat,

297 5661 398 5712 aut
428 5662 705 5737 suffragio
735 5671 1068 5730 collocarat.
1102 5693 1130 5722 ι)

2050 4895 2094 4951 0
2122 4824 2231 4950 (292)
2265 4823 2386 4881 Καί.
2428 4827 2599 4879 Deest
2645 4823 2704 4878 in
2733 4818 2909 4894 Regg.
2944 4822 3064 4891 bm,
3098 4822 3200 4892 hu,
3232 4822 3416 4878 tribus
3442 4818 3605 4877 Colb.
3637 4821 3696 4875 et

2100 4913 2147 4949 r.
2226 4937 2238 4949 .

2100 4913 2147 4949 r.
2185 4900 2238 4950 2.

2122 4967 2233 5040 (30)
2265 4969 2499 5040 Πυκναξς
2536 4966 2655 5025 ταῖς
2686 4961 2917 5040 νιφάσιν.
2954 4963 3294 5040 Metaphora
3331 4977 3399 5019 ex
3426 4961 3698 5028 Homero,

2049 5035 2429 5109 II.V'L,'petita.
2453 5037 2571 5091 Hac
2595 5053 2731 5092 voce
2754 5035 3011 5090 'utuntur
3040 5035 3241 5109 Grieci,
3265 5051 3399 5092 cum
3422 5050 3701 5109 magnam

2051 5108 2131 5163 rei
2165 5108 2413 5180 alicujus
2445 5109 2672 5180 copiam
2706 5109 3037 5180 signiﬁcare
3066 5108 3288 5180 volunt.

2120 5180 2232 5251 (31)
2265 5175 2360 5232 Καὶ
2390 5175 2551 5251 λάϐῃ,
2583 5187 2690 5236 etc.
2727 5175 2923 5235 Malim
2969 5196 3102 5234 cum
3142 5179 3416 5251 Vulgata,
3447 5197 3470 5227 ε
3505 5194 3703 5251 perso-

2049 5268 2183 5305 nam
2218 5252 2275 5306 in
2302 5252 2528 5321 judicio
2560 5252 2829 5321 accipiat.
2861 5272 2886 5299 η

2119 5324 2230 5393 (32)
2265 5324 2485 5389 Ὄντως,
2519 5329 2628 5378 etc.
2654 5346 2680 5372 ‹‹
2716 5323 2826 5377 Res
2878 5322 3045 5390 plane
3076 5337 3290 5393 arcana
3334 5327 3391 5377 et
3443 5321 3704 5377 incredi-

2047 5392 2253 5448 bilis.»
2292 5394 2419 5447 Vim
2456 5393 2613 5465 illam
2645 5394 2940 5465 intelligit,
2964 5396 3131 5463 juxta
3160 5392 3367 5465 Eliam,
3393 5409 3511 5463 qua
3543 5394 3702 5449 Sasi-

2048 5481 2307 5519 mensem
2344 5464 2660 5537 Ecclesiam
2694 5464 2990 5537 suscipere
3020 5468 3252 5520 coactus
3288 5464 3415 5537 fuit.

2118 5536 2230 5606 (33)
2264 5535 2363 5589 Καὶ
2397 5533 2569 5589 οὔπω.
2601 5538 2695 5591 Sic
2749 5533 2873 5608 duo
2914 5541 3113 5608 Regg.,
3146 5540 3262 5593 tres
3295 5536 3481 5604 Colb.,
3514 5534 3610 5592 Or.
3644 5536 3697 5603 2,

2050 5607 2289 5679 llervag.
2324 5612 2436 5665 etc.
2468 5608 2643 5680 Editi,
2676 5607 2764 5661 καὶ
2798 5606 2959 5663 οὕτω.
