4146 6290
316 436 440 500 825

1179 428 1475 491 ORATIO
1517 423 1620 488 IX.
1648 422 2342 487 -APOLOGETICUS
2387 420 2494 483 AD
2537 413 2882 479 PATREM.

3619 399 3739 462 826

317 572 481 643 ἡμῶν
531 562 811 629 ἀκουσθέν.
873 563 983 618 Ούκ
1039 559 1389 634 ἰπείσθημεν,
1449 555 1575 613 ἀλλ’
1624 551 1970 629 ἐϐιάσθημεν.
2003 578 2019 625 λ

2115 555 2202 612 pile
2226 553 2549 626 negotium,
2578 566 2684 606 nec
2713 546 2961 604 antehac
2981 545 3052 600 de
3083 540 3253 597 nobis
3283 550 3546 609 unquam
3559 533 3735 590 fando

320 665 388 713 ’Ὠ
436 660 535 712 τοῦ
593 654 905 727 θαύματοςὲ
986 658 1073 713 Ὠς
1148 652 1339 726 γέγονε
1395 649 1568 703 πάντα
1619 645 1812 701 καινάὲ
1874 643 1978 701 Καὶ

320 750 445 804 ὅσον
480 743 757 815 διέστησεν
789 746 938 815 ἡμᾶς
966 743 977 797 l
1008 741 1061 795 τί
1095 739 1281 816 βούλει
1312 739 1402 793 καὶ
1435 735 1595 806 clamo,
1625 736 1717 790 τὸν
1765 733 1979 810 θρόνον,

321 837 357 907 ἢ
418 837 482 890 τὸ
528 840 632 904 τῆς
678 834 909 909 χάριτος
953 830 1213 905 μέγεθος;
1270 825 1423 896 Πλὴν
1473 827 1632 901 ἡγοῦ,
1672 824 1763 879 καὶ
1790 843 1980 878 κατευ-

323 924 476 990 οδοῢ,
503 922 593 978 καὶ
631 920 903 999 βασίλευε,
935 919 1025 974 καὶ
1072 917 1332 991 ποίμαινε
1376 918 1526 989 ἡμᾶς
1570 913 1976 987 ποιμαίνοντας.

321 1017 410 1077 Ὠς
441 1009 655 1085 ἕτοιμοί
699 1032 761 1087 γε
811 1012 977 1083 ἡμεῖς
1027 1004 1269 1076 ἕπεσθαι,
1314 1004 1403 1060 καὶ
1456 1004 1558 1059 ὑπὸ
1594 1009 1696 1073 τῆς
1728 1008 1827 1073 σῆς
1857 1022 1980 1057 ποι-

329 1105 593 1179 μαντικῆς
649 1104 836 1175 ψυχῆς
897 1099 1010 1172 (34)
1069 1095 1283 1173 ἄγεσθαι
1341 1100 1441 1164 τῆς
1490 1090 1711 1168 ὑψηλῆς
1749 1090 1839 1147 καὶ
1893 1089 1981 1146 έν-

322 1178 446 1250 θέου
473 1211 486 1225 ·
518 1191 792 1269 εἰρήσεται
823 1190 928 1264 γὰρ
957 1186 1213 1258 τάληθὲς,
1246 1183 1300 1240 εἷ’
1320 1205 1372 1239 τι
1422 1182 1535 1269 καὶ,
1560 1182 1707 1257 παρὰ
1751 1181 1841 1235 τὸν
1898 1178 1984 1234 νό-

329 1305 429 1357 μον
460 1281 510 1356 έξ
540 1268 752 1358 ἀγάπης
798 1275 1218 1352 τετολμήκαμεν
1457 1268 1675 1344 Δίδαξον
1883 1270 1982 1337 τὴν

326 1373 426 1442 σὴν
457 1370 670 1447 ἀγάπην
700 1367 825 1442 περὶ
854 1367 924 1423 τὰ
952 1364 1203 1438 ποίμνια,
1231 1364 1296 1418 τὸ
1328 1363 1416 1417 σὸν
1450 1358 1705 1434 ἐπιμελές
1736 1379 1796 1415 τε
1843 1359 1985 1431 ὁμοῦ

325 1463 416 1518 καὶ
474 1458 770 1530 εύσύνετον,
823 1457 921 1525 τὴν
982 1452 1315 1522 έπιστασίαν,
1364 1450 1462 1513 τὰς
1520 1449 1837 1527 ἀγρυπνίας,
1884 1450 1985 1517 την

325 1553 436 1606 τῶν
469 1552 575 1602 σῶν
602 1550 815 1623 σαρκῶν
877 1544 1259 1618 ὑποχώρησιν,
1317 1542 1378 1609 ἣν
1436 1543 1516 1611 τῷ
1568 1537 1835 1611 πνεύματι
1891 1535 1989 1591 ὐπ-

330 1637 644 1714 ιχώρησαν,
700 1636 765 1690 τὸ
818 1637 918 1689 τοῦ
966 1636 1063 1687 σοῦ
1110 1632 1411 1707 χρώματος
1460 1628 1616 1690 ἄνθος
1668 1630 1737 1701 τῇ
1785 1626 1990 1700 ποίμνῃ

328 1726 660 1800 κάμνοντος,
711 1724 773 1778 τὸ
830 1723 882 1777 ἐν
960 1721 1225 1795 πραΰτητι
1305 1718 1581 1785 σύντονον,
1656 1717 1718 1771 τὸ
1790 1715 1841 1770 έν
1909 1719 1991 1787 τῷ

330 1818 614 1893 πρακτικῷ
669 1806 908 1890 γαληνόν
964 1832 1023 1867 τε
1077 1810 1168 1866 καὶ
1225 1811 1432 1884 ἥμερον
1490 1810 1741 1882 (πρᾶγμα
1795 1804 1896 1861 οὐκ
1935 1803 1987 1859 έν

331 1891 573 2006 πολλοῖς
606 1900 1005 2006 εύριοίκόὶμενον,
1038 1896 1164 2006 οὐδε
1193 1897 1379 1954 πολλὰ
1428 1894 1556 2006 ἔχον
1610 1897 1678 1951 τά
1732 1891 1988 1971 παραδεί-
2018 1939 2067 2006 Β

331 1995 558 2070 γματα),
583 1992 711 2054 τοὺς
744 1991 876 2065 ὑπὲρ
923 1994 1023 2060 τῆς
1071 1988 1313 2063 ποίμνης
1359 1984 1662 2060 πολέμους,
1706 1983 1801 2048 τὰς
1846 1983 1991 2047 νίκας

328 2086 388 2148 ἃς
420 2083 470 2141 έν
503 2085 718 2159 Χριστῷ
750 2079 815 2136 σὺ
843 2078 1142 2147 νενίκηκας.

411 2264 473 2332 ζ’.
533 2260 668 2317 Εΐπὶ
716 2259 829 2316 τίσι
881 2262 990 2315 τῶν
1041 2260 1223 2331 νομῶν
1284 2252 1640 2332 προσακτέον,
1700 2251 1787 2307 ἐπὶ
1838 2251 1999 2313 ποίας

339 2353 522 2429 πηγὰς
553 2351 713 2420 ἰτέον,
756 2348 846 2405 καὶ
896 2347 1044 2409 τίνας
1087 2345 1362 2425 φευκτέον,
1407 2344 1443 2413 ἢ
1493 2344 1685 2416 νομὰς,
1734 2341 1770 2411 ἢ
1819 2342 1998 2414 νάμα-

341 2458 445 2498 τα·
506 2438 653 2502 τίνας
710 2438 1038 2511 ποιμαντέον
1086 2434 1156 2510 τῇ
1218 2432 1505 2509 βακτηρίᾳ,
1563 2431 1709 2493 τίνας
1778 2434 1848 2504 τῇ
1908 2428 1998 2484 σύ-

348 2548 528 2607 ριγγι⁶
589 2523 722 2584 πότε
775 2526 963 2583 ἀκτέον
1024 2525 1112 2580 ἐπὶ
1169 2524 1365 2597 νομὰς,
1433 2521 1522 2576 καὶ
1579 2519 1711 2576 πότε
1765 2516 2003 2590 ἀνακλη-

350 2618 468 2674 τέον
665 2616 771 2672 ἀπὸ
812 2619 998 2690 νομῶν
1025 2633 1037 2648 ⁶
1095 2617 1213 2675 πῶς
1265 2610 1610 2684 πολεμητέον
1640 2614 1757 2671 τοῖς
1790 2607 2002 2677 λύκοις,

349 2707 440 2763 καὶ
485 2711 603 2770 πῶς
648 2711 765 2770 τοῖς
822 2704 1074 2779 ποιμέσιν
1131 2702 1193 2759 ού
1226 2700 1572 2776 πολεμητέον
1603 2720 1615 2732 ’
1646 2700 1736 2755 καὶ
1771 2698 2007 2775 μάλιστα

351 2796 402 2853 έν
432 2801 511 2870 τῷ
539 2800 631 2851 νῦν
662 2800 856 2872 καιρῷ,
888 2792 980 2850 ὅτε
1017 2794 1276 2867 ποιμένες
1316 2789 1741 2870 ἠφρονεύσαντο,
1794 2787 1884 2844 καὶ
1930 2786 2008 2845 δι-

352 2887 601 2962 έσπειραν
654 2885 724 2940 τὰ
768 2878 1014 2960 πρόϐατα
1064 2889 1165 2953 τῆς
1221 2888 1422 2955 νομῆς,
1475 2879 1569 2934 ’ίνα
1620 2884 1737 2941 τοῖς
1778 2879 2009 2954 ἁγιωτά-

352 2994 468 3034 τοις
500 2974 807 3049 προφήταις
837 2973 905 3025 τὰ
934 2971 1068 3026 αὐτὰ
1103 2967 1503 3045 συνέδύρωμαι.
1553 2971 1679 3030 Πῶς
1724 2967 1788 3022 τὸ
1854 2968 2007 3022 ἀσθε-

356 3061 444 3121 τὶς
494 3059 780 3133 ένισχύσω,
828 3060 917 3113 καὶ
969 3059 1032 3114 τὸ
1091 3060 1377 3122 πεπτωκὸς
1435 3060 1741 3129 ἀναστήσω,
1798 3055 1888 3111 καὶ
1944 3055 2009 3110 τὸ

357 3148 717 3221 πλανώμενον
750 3146 1075 3225 ἐπιστρέψω,
1108 3148 1197 3202 καὶ
1245 3149 1306 3202 τὸ
1358 3145 1651 3208 ἀπολωλὸς
1703 3145 2008 3216 έκζητήσω,

357 3237 448 3292 καὶ
483 3235 704 3314 φυλάξω
733 3237 796 3291 τὸ
829 3235 1096 3312 ἰσχυρόνς
1145 3239 1270 3298 Πῶς
1324 3240 1492 3291 ταῦτα
1540 3234 1630 3290 καὶ
1693 3236 1869 3309 μάθω,
1918 3233 2009 3288 καὶ

2088 625 2381 701 auditum.
2418 642 2543 699 Non
2568 639 2839 697 suasione
2876 632 3119 699 inducti,
3153 630 3254 686 sed
3286 625 3471 684 coacti
3504 641 3733 680 sumus.

2088 734 2132 790 Ο
2163 750 2282 788 rem
2315 731 2524 787 miram
2556 729 2567 783 l
2607 732 2791 795 Quam
2824 740 2974 781 nova
3004 724 3154 777 facta
3174 722 3313 774 sunt
3341 713 3595 769 omnia‘3
3622 712 3634 766 Ι
3670 712 3739 765 Et

2090 826 2377 895 quantum
2410 837 2516 876 nos
2538 817 2826 889 disjunxit
2850 807 3447 880 lthronus,dicam,an
3470 800 3668 875 gratias
3691 800 3739 837 ἰδ

2088 892 2432 984 magnitudo
2451 908 2478 964 ?
2499 907 2608 964 Sed
2641 910 2838 961 tamen
2886 900 3046 975 praei,
3077 910 3352 971 prospere
3382 892 3651 984 procede,
3681 892 3739 945 et

2090 981 2267 1073 regna
2295 1001 2359 1069 ‘5,
2392 1012 2615 1068 nosque
2646 997 2909 1068 pastores
2926 1004 3118 1063 pasce.
3142 984 3336 1043 Parati
3353 981 3591 1056 quidem
3608 997 3736 1048 nos,

2092 1094 2158 1147 ut
2184 1094 2288 1146 tua
2316 1104 2631 1160 sequamur
2654 1083 2920 1155 vestigia,
2959 1084 3135 1152 atque
3173 1073 3484 1149 pastoralis
3513 1086 3737 1127 necnon

2091 1178 2365 1236 sublimis
2395 1182 2451 1234 et
2480 1176 2689 1233 divinas
2720 1172 2927 1230 animae
2966 1174 3078 1227 tum
3138 1165 3379 1223 nutibus
3431 1163 3738 1219 ducamur.

2090 1267 2414 1324 Veraenim
2447 1266 2708 1336 eloquar,
2753 1259 2981 1318 etiamsi
3040 1274 3153 1330 praa
3211 1269 3409 1311 amore
3459 1248 3741 1307 audacius

2094 1356 2396 1429 quidpiam
2412 1352 2815 1427 praeterlegem
2843 1343 3402 1421 protulerimus.Nos
3414 1341 3555 1396 doce
3576 1342 3741 1395 tuam

2094 1462 2233 1518 erga
2263 1460 2499 1517 gregem
2530 1440 2898 1505 charitatem,
2944 1442 3108 1493 tuam
3153 1432 3333 1489 simul
3362 1435 3421 1486 et
3455 1443 3656 1485 curam
3687 1431 3746 1482 et

2096 1516 2418 1603 solertiam,
2436 1530 2913 1598 sollicitudinem,
2942 1525 3195 1598 vigilias,
3217 1521 3362 1577 illud
3393 1516 3744 1583 obsequium

2098 1643 2133 1682 a
2162 1640 2334 1680 carne
2364 1627 2466 1678 tua
2522 1618 2754 1693 spiritui
2795 1615 3145 1689 praestitum,
3202 1610 3371 1667 illum
3420 1606 3626 1664 coleris
3655 1603 3745 1693 tui

2099 1715 2321 1781 ﬂorem,
2355 1711 2456 1783 qui
2496 1691 2597 1782 pro
2656 1721 2829 1781 grege
2887 1700 3264 1768 contabescit,
3323 1697 3470 1753 illud
3524 1691 3746 1767 ingenii

2101 1818 2349 1861 acumen
2380 1800 2622 1857 lenitate
2644 1799 3056 1870 temperatum,
3079 1791 3242 1848 illam
3266 1788 3329 1845 in
3353 1786 3529 1845 rebus
3549 1799 3750 1859 geren-

2101 1894 2192 1950 dis
2224 1891 2598 1949 serenitatem
2619 1891 2677 1945 et
2706 1883 3220 1944 mansuetudinem
3252 1880 3403 1953 (quis
3432 1893 3526 1933 res
3563 1872 3750 1931 haud-

2105 1998 2404 2056 quaquam
2434 1979 2587 2037 288
2628 1977 2689 2034 in
2749 1975 2955 2033 multis
3012 1972 3321 2045 reperitur,
3377 1965 3612 2038 rarique
3661 1968 3755 2022 est

2104 2052 2396 2144 exempli),
2430 2069 2582 2126 bella
2610 2066 2710 2123 illa
2740 2082 2842 2137 pro
2874 2064 3067 2137 gregis
3098 2061 3286 2118 salute
3314 2060 3609 2128 suscepta,
3635 2052 3755 2111 vio-

2104 2162 2287 2219 torias
2306 2161 2438 2216 illas
2470 2175 2617 2231 quas
2650 2158 2711 2212 in
2736 2156 2963 2211 Christo
2995 2149 3270 2209 retulisti.

2178 2251 2271 2306 VI.
2303 2249 2425 2317 Dic,
2459 2264 2585 2320 qua
2615 2262 2835 2318 pascua
2850 2242 3121 2320 petenda,
3144 2238 3246 2310 qui
3277 2230 3754 2320 fontesadeundi,

2109 2357 2177 2396 ac
2231 2318 2491 2394 rursum_
2517 2352 2645 2408 quas
2677 2350 2896 2406 pascua
2941 2318 3199 2398 vitanda,
3239 2325 3340 2398 qui
3369 2324 3573 2380 latices
3605 2337 3619 2377 :
3653 2319 3757 2392 qui

2109 2428 2317 2485 baculo
2347 2426 2605 2499 regendi,
2635 2423 2735 2495 qui
2756 2420 2994 2477 ﬁstula:
3027 2434 3140 2490 quo
3160 2421 3421 2488 tempore
3450 2412 3522 2468 ad
3542 2424 3761 2483 pascua

2111 2517 2416 2573 ducendus
2446 2532 2604 2589 grex,
2638 2517 2694 2569 et
2724 2529 2839 2585 quo
2870 2525 3105 2567 rursum
3139 2525 3173 2563 a
3218 2502 3454 2578 pascuis
3483 2515 3757 2557 revocan-

2112 2608 2225 2664 dus
2251 2624 2263 2663 :
2297 2623 2413 2678 quo
2445 2587 2613 2660 modo
2640 2602 2857 2659 bellum
2886 2595 3571 2672 lupisinferendum.quo
3587 2587 3762 2645 modo

2114 2716 2229 2755 non
2259 2693 2585 2753 lacessendi
2603 2697 2865 2766 pastores
2889 2708 2904 2759 ;
2926 2690 3035 2745 hac
3049 2684 3372 2760 praesertim
3394 2680 3761 2753 tempestate,

2116 2803 2232 2858 qua
2280 2788 2543 2856 pastores
2592 2780 2767 2838 stulte
2825 2794 2953 2836 sese
3002 2776 3332 2849 gesserunt,
3409 2772 3584 2841 atque
3631 2782 3767 2823 oves

2116 2892 2344 2948 pascuae
2367 2873 2770 2944 disperserunt
2796 2871 2861 2936 ‘5,
2895 2872 2961 2922 ut
2988 2866 3216 2930 eadem,
3247 2877 3374 2934 quae
3404 2853 3765 2915 sanctissimi

2117 2943 2433 3036 prophetas,
2464 2943 2675 3017 iisdem
2704 2954 3229 3027 verbisdeplorem.
3253 2952 3376 3015 Quo
3406 2943 3766 3036 modo,quod

2116 3034 2419 3109 inﬁrmum
2451 3056 2557 3120 est,
2591 3048 2897 3112 roborabo,
2941 3045 3096 3115 quod
3136 3040 3371 3113 lapsum
3400 3041 3491 3093 est
3520 3034 3763 3106 erigam,

2118 3142 2272 3214 quod
2306 3142 2536 3196 oberrat
2563 3138 2621 3192 in
2652 3137 2807 3191 viam
2830 3134 3126 3197 reducam,
3157 3128 3311 3200 quod
3335 3124 3508 3198 periit
3522 3120 3766 3193 conqui-

2120 3211 2267 3299 ram,
2298 3230 2449 3302 quod
2484 3225 2727 3298 integris
2783 3223 3005 3278 viribus
3066 3223 3156 3274 est
3192 3211 3592 3273 conservabo?
3620 3213 3764 3281 Quo,

360 3304 583 3401 φυλάξω
636 3304 773 3379 κατὰ
814 3304 925 3379 ’τὸν⁷
963 3304 1126 3401 ’ὀρθὸν
1169 3331 1272 3395 τῆς
1299 3331 1665 3399 ποιμαντικῆς
1695 3304 1887 3399 λόγον,
1922 3322 2011 3378 καὶ

2124 3323 2389 3393 inquam,
2414 3318 2586 3373 modo
2618 3316 2737 3371 haec
2769 3312 3088 3375 addiscam,
3152 3312 3324 3378 atque
3378 3304 3480 3375 ita,
3513 3305 3580 3358 ut
3609 3304 3770 3357 recta

352 3415 445 3470 τὸν
484 3414 741 3489 ὑμέτερον
776 3415 924 3488 (38)·
961 3413 1107 3470 ἀλλὰ
1142 3415 1218 3489 μὴ
1260 3413 1505 3491 γένωμαι
1554 3413 1720 3477 κακὸς
1771 3413 2007 3487 ποιμὴν,

353 3505 418 3559 τὸ
445 3502 588 3579 γάλα
614 3502 926 3577 κατεσθίων,
957 3503 1048 3560 καὶ
1080 3506 1146 3559 τὰ
1197 3502 1314 3581 ἔρια
1368 3498 1862 3578 περιϐαλλόμενος,
1918 3500 2007 3557 καὶ

352 3591 421 3647 τὰ
448 3592 732 3668 παχύτερα
776 3595 1129 3671 καταςφάζων
1179 3596 1291 3667 (39)
1322 3595 1356 3662 ἣ
1384 3590 1745 3665 ἀπεμπολῶν,
1803 3591 1893 3647 καὶ
1942 3593 2011 3647 τὰ

354 3678 504 3736 ἄλλα
533 3683 723 3755 παρεὶς
750 3687 869 3744 τοῖς
894 3681 1108 3756 θηρίοις
1147 3682 1238 3737 καὶ
1283 3688 1400 3744 τοῖς
1447 3687 1739 3757 κρημνοῖς,
1787 3681 2012 3755 ποιμαί-

353 3790 462 3825 νων
493 3769 749 3842 έμαυτὸν,
783 3769 845 3823 ού
875 3771 941 3825 τὸ.
968 3764 1236 3844 πρόϐατα,
1268 3768 1400 3844 ὅπερ
1433 3767 1776 3837 ώνειδίζοντο
1808 3771 1859 3823 οἱ
1906 3770 2009 3824 πά-

354 3857 447 3916 λαι
504 3862 841 3933 προεστῶτες
899 3862 998 3911 τοῦ
1044 3856 1287 3931 Ἰσραήλ.
1345 3862 1520 3911 Ταῦτα
1560 3855 1865 3912 διδάσκοιτέ
1921 3878 2007 3929 με,

351 3946 441 4002 καὶ
474 3946 694 4005 τούτοις
743 3943 1056 4017 στηρίζοιτι
1100 3950 1223 4005 τοῖς
1273 3942 1485 4021 λόγοις,
1516 3946 1606 3999 καὶ
1643 3945 1776 4018 μετά
1802 3944 2009 3999 τούτων

352 4033 699 4109 ποιμαίνοιτε
745 4032 836 4087 καὶ
886 4032 1346 4106 συμποιμαίνοιτε
1405 4036 1518 4107 (40)
1564 4037 1672 4089 τῶν
1701 4033 2011 4109 παραγγελ-

358 4124 563 4196 μάτων,
594 4122 685 4177 καὶ
727 4122 980 4191 σώζοιτε,
1013 4120 1192 4200 ὥσπερ
1222 4125 1291 4196 τῇ
1342 4119 1680 4195 διδασκαλίᾳ,
1731 4120 1874 4177 οὕτω
1922 4120 2011 4177 καί

352 4219 473 4269 ταῖς
507 4212 720 4289 εὐχαῖς,
771 4209 871 4285 έμέ
916 4232 976 4267 τε
1018 4211 1108 4267 καὶ
1155 4213 1218 4267 τὸ
1249 4210 1394 4285 ἱερὰν
1426 4216 1589 4268 τοῦτο
1621 4211 1901 4286 ποίμνιον,
1935 4211 2011 4274 εἷς

356 4302 651 4381 ἀσφάλειαν
703 4301 850 4375 ἐμοὶ,
903 4299 981 4363 εἷς
1030 4300 1297 4379 καύχημα
1344 4302 1471 4375 ὑμῖν
1519 4301 1572 4357 έν
1620 4302 1803 4378 ἡμέρᾳ
1827 4301 2014 4379 ἰπιφα-

355 4390 494 4454 νείας
526 4389 615 4446 καὶ
646 4389 1046 4465 ἀποκαλύψεως
1094 4396 1190 4445 τοῖ’)
1242 4388 1488 4468 μεγάλου
1538 4397 1691 4462 Θεοῦ,
1738 4391 1826 4447 καὶ
1856 4392 2015 4467 ἀρχι-

356 4482 619 4554 ποιμένος
673 4482 834 4554 ἡμῶν
888 4481 1069 4552 Ἰησοῦ
1116 4486 1371 4558 Χριστοῦ,
1422 4479 1493 4536 δι’
1523 4481 1584 4537 οὗ
1616 4482 1704 4537 καὶ
1739 4482 1852 4555 μεθ’
1884 4479 1945 4536 οὗ
1976 4483 2010 4552 ἠ

363 4567 489 4641 δόξα
519 4571 688 4646 Πατρὶ
718 4568 1113 4646 παντοκράτορι
1140 4568 1232 4624 σὺν
1281 4574 1361 4642 τῷ
1413 4569 1553 4646 ἁγίῳ
1610 4568 1699 4625 καί
1760 4575 2014 4643 ζωοποιῷ

2118 3391 2433 3485 pastoralis
2456 3408 2598 3464 artis
2628 3408 2937 3475 vestraque
2950 3400 3095 3456 ratio
3127 3391 3765 3471 postulat,custodiam;

2119 3482 2184 3558 ac
2215 3518 2351 3567 non,
2371 3499 2525 3571 quod
2554 3494 2818 3552 scelerati
2852 3490 3105 3564 pastoris
3134 3485 3336 3555 est,lac
3362 3482 3687 3550 comedam,
3712 3482 3772 3536 et

2118 3590 2257 3647 lana
2286 3591 2496 3645 induar
2525 3588 2590 3656 ‘7,
2621 3590 2679 3641 et
2700 3581 3093 3657 pinguissima
3120 3571 3643 3649 quisquejugulem
3664 3573 3770 3627 aut

2117 3681 2387 3746 vendam,
2422 3677 2647 3747 reliqua
2675 3678 2869 3731 autem
2904 3667 3107 3725 bestiis
3138 3671 3195 3722 et
3223 3661 3560 3735 praecipitiis
3589 3659 3766 3714 relin-

2120 3784 2418 3841 quam,me
2455 3768 2651 3838 ipsum
2682 3777 2949 3835 pascens,
2980 3775 3096 3813 non
3114 3749 3767 3827 gregem,quemadmo-

2118 3837 2260 3912 dum
2292 3856 2431 3911 olim
2466 3837 3180 3919 Iisraelitarumlpraafeotis
3203 3841 3606 3912 objiciebatur.
3638 3837 3769 3892 Haec

2120 3961 2233 4013 me,
2267 3959 2484 4015 quaeso,
2546 3942 2766 3999 docete.
2826 3938 2918 3991 his
2978 3931 3350 3989 sermonibus
3406 3924 3629 3994 fulcite,
3672 3924 3768 3980 his

2119 4032 2444 4106 praeceptis,
2478 4034 2665 4095 etme,
2699 4032 2755 4082 et
2778 4040 3007 4079 mecum
3055 4035 3286 4077 sacrum
3326 4017 3485 4072 hunc
3530 4029 3765 4088 gregem

2121 4122 2364 4195 pascite,
2398 4123 2590 4190 atque,
2623 4120 2687 4171 ut
2716 4113 3003 4177 doctrina,
3027 4111 3109 4166 ita
3138 4107 3407 4182 precibus
3436 4106 3609 4162 etiam
3641 4119 3765 4160 ser-

2120 4194 2272 4279 vate,
2307 4209 2451 4264 mihi
2474 4208 2707 4281 quidem
2741 4206 2811 4261 ad
2844 4201 3241 4270 securitatem,
3272 4196 3438 4255 vobis
3459 4199 3655 4252 autem
3692 4194 3765 4250 ad

2120 4302 2526 4376 gloriationem
2558 4301 2618 4355 in
2640 4300 2733 4355 die
2765 4298 3051 4353 adventus
3079 4309 3145 4349 ac
3167 4287 3537 4348 revelationis
3569 4283 3766 4358 magni

2122 4394 2223 4449 Dei
2252 4396 2310 4448 et
2337 4391 2621 4464 principis
2653 4387 2904 4463 pastoris
2937 4386 3123 4442 nostri
3166 4384 3304 4439 Jesu
3334 4377 3549 4435 Christi
3577 4376 3643 4443 ⁸⁸,
3666 4392 3771 4449 per

2122 4498 2297 4554 quem
2329 4486 2384 4537 et
2405 4498 2537 4536 cum
2570 4496 2686 4551 quo
2734 4477 2919 4550 gloria
2970 4474 3121 4531 Patri
3179 4467 3585 4542 omnipotenti,
3634 4480 3769 4521 cum

2122 4552 2324 4626 sancto
2356 4573 2413 4625 et
2449 4568 2674 4623 vivifico
2724 4565 2939 4639 Spiritu
2998 4569 3057 4620 et
3105 4577 3283 4632 nunc,
3341 4564 3399 4615 et
3452 4559 3511 4613 in
3559 4552 3774 4612 secula

360 4662 472 4733 (41)
504 4658 777 4733 Ηνεύματι
806 4658 898 4715 καὶ
926 4662 1020 4716 νῦν
1050 4658 1141 4715 καὶ
1172 4658 1250 4722 εἰς
1279 4659 1405 4723 τοὺς
1428 4659 1628 4723 αἰῶνας
1648 4664 1756 4715 τῶν
1777 4659 2012 4727 αἰώνων,

2127 4659 2499 4716 saeculorum.
2529 4659 2734 4712 Amen.

360 4748 569 4821 ’Δμήν.

435 4928 486 5003 ιε
510 4929 626 5003 lea1
653 4943 811 5003 ann,
888 4928 1282 5003 19._“Hebr,
1344 4945 1423 4998 IV,
1467 4930 1554 4985 16.
1606 4931 1653 4967 ⁴⁸
1682 4929 1834 4987 Psal.
1909 4947 2057 5003 xmv,
2114 4930 2169 4985 5⁸
2227 4928 2417 4986 “Jer.
2473 4946 2531 4999 κ,
2583 4926 2674 4983 51.
2751 4924 3027 4982 "Ezech.
3086 4938 3275 4991 xxxxv,
3335 4920 3389 4977 4.
3448 4919 3492 4965 ιθ
3524 4915 3778 4990 Philipp.

368 5013 433 5068 Π,
467 5000 574 5068 16,
605 5000 628 5055 Ι
654 5000 855 5069 Comi,
887 5001 962 5064 8;
984 5000 1134 5057 Petr.
1166 5018 1222 5072 ν,
1256 5002 1289 5056 4

436 5192 550 5277 (Βᾷ)
571 5195 796 5277 Ψυχῆς.
822 5198 990 5253 Deest
1019 5196 1079 5253 in
1111 5197 1343 5255 duobus
1374 5196 1578 5271 Regg.,
1611 5197 1801 5255 tribus
1832 5196 1994 5255 Colb.

363 5243 548 5323 Coislf
574 5266 625 5333 1,
659 5243 990 5333 ἒιέᾶέζω
1019 5243 1079 5253 ’⁸⁸
1112 5243 1343 5255 “"""“
1374 5243 1578 5271 -ννοοιι
1615 5243 1811 5314 νυν-ί
1836 5243 2018 5270 νυ..,.,

434 5311 1037 5414 ξέέλῖεξόλᾙτξκαμεν.
1095 5340 1239 5414 Tres
1287 5341 1492 5414 Re_gg.,
1546 5344 1643 5414 0r.
1698 5340 1753 5412 2,
1807 5311 1869 5397 et
1899 5340 2019 5399 Jes.

434 5358 550 5409 (σο)
582 5358 1037 5466 “ι·ετοΛμηκαέιεν.
1095 5358 1241 5423 ires
1288 5358 1492 5425 negg,
1546 5358 1643 5398 ur.
1698 5358 1753 5412 κ,
1812 5358 1869 5397 et
1899 5358 2019 5399 aes.

359 5407 867 5537 ῗμέετρὶὲμϐησαμεν.
946 5410 1071 5481 llas,
1133 5434 1163 5462 «
1195 5429 1245 5467 ει
1276 5415 1414 5484 qmd
1449 5430 1551 5486 per
1604 5413 1788 5487 legem
1820 5413 2021 5469 amici-

436 5553 548 5627 (Σᾷβ)
579 5549 821 5627 Δίδαξον.
849 5554 1077 5627 Regna,
1102 5553 1488 5627 addit,_i)p&'g.

579 5620 963 5753 ’φακλητέονῖ
998 5626 1138 5698 Reg.
1173 5642 1222 5680 θ..
1267 5620 1559 5709 ξάνακτέον.

498 5767 508 5769 _
665 5696 911 5769 μέτερον.
972 5696 1359 5769 Combeﬂsius
1408 5696 1559 5769 legit,

604 5696 911 5780 Ὑμέτερον.
972 5695 1375 5780 Οοῑιξξθίίβίιιξ-
1408 5696 1571 5770 legit,

363 5767 583 5825 vertit:
618 5767 1003 5843 «nostraque
1031 5769 1204 5829 ratio.
1253 5788 1284 5821 ι)
1333 5767 1495 5827 ῦιωῐ
1507 5767 1688 5829 οηιω·
1712 5767 2024 5844 Gregorius

1628 5695 1947 5774 ﬁpé'cspovL
1969 5700 2027 5755 et

2120 5200 2247 5271 jam
2279 5198 2404 5271 ipse
2432 5201 2631 5269 pastor
2659 5198 2831 5263 esset,
2855 5193 2999 5249 ratio
3021 5191 3214 5266 gregis
3236 5190 3474 5263 regendi
3502 5188 3617 5262 ipsi
3644 5202 3781 5244 cum

2131 5271 2259 5327 aliis
2294 5270 2629 5327 pastoribus
2662 5266 2995 5324 communis
3024 5271 3167 5327 erat,

2370 5282 2629 5327 SlOI‘lDUS
2662 5285 2787 5324 COD]
2799 5283 2995 5323 munis
3024 5282 3123 5321 era

2202 5307 2259 5326 ,ιο
2333 5307 2629 5327 ασυυιιυυσ
2662 5307 2995 5324 summa“...
3025 5307 3149 5321 νη..

2344 5339 2722 5417 Ιξατασφάζων.
2760 5339 2898 5417 Reg.
2930 5338 3033 5406 hu,
3058 5307 3167 5417 “et,
3195 5334 3313 5417 J88:
3371 5331 3770 5417 κατασφάγξξυν.

2201 5403 2310 5484 (4οδ
2363 5412 2474 5497 Ilia?
2530 5403 3230 5497 συμποιμαίνῖοιτείθοςῦι
3283 5407 3344 5462 in
3400 5403 3771 5497 Je§._'(<'H08

2130 5479 2435 5566 preceptis
2466 5501 2530 5539 ac
2562 5479 2929 5566 documentis
2982 5481 3231 5566 pascite,‘
3254 5479 3650 5566 pascendique
3682 5490 3773 5533 so-

2131 5550 2279 5639 ciam
2312 5550 2807 5639 operampavate,
2840 5550 3037 5639 atque,
3085 5558 3149 5607 ut
3200 5550 3485 5619 doctrina,
3535 5550 3620 5606 ita
3651 5561 3778 5623 pre-

2131 5626 2420 5713 cibus‘me
2454 5628 2754 5713 pariterget
2772 5626 3445 5713 sacrum'hunctgre'gem
3480 5628 3777 5680 servate.»

2132 5695 2632 5845 ἆγξιίόἓοΖωόποιῷ.
2668 5702 2847 5774 Regg.
2900 5717 2953 5771 a,
3012 5698 3115 5769 hu,
3174 5695 3347 5755 Coisl.
3399 5698 3452 5767 1,
3508 5701 3692 5756 διον.
3725 5700 3778 5768 1,

3816 5848 3897 6023 ,λ
