4146 6290
387 351 504 413 829

1583 343 1877 406 ORATIO
1919 344 1998 405 X.
2033 344 2217 406 -ΙΝ
2263 343 2628 408 SEIPSUM.

3688 343 3810 406 830

388 485 523 560 χοὸς
549 481 637 537 καὶ
694 501 1028 559 φυράματος,
1085 479 1174 535 καὶ
1230 482 1327 535 τοῦ
1385 478 1548 535 αὐτοῦ
1597 475 1761 548 ξύλου
1791 479 1888 546 τῆς
1945 497 2041 532 κα-

2157 479 2362 536 eadem
2390 483 2548 536 terra
2578 483 2635 536 et
2664 495 2862 536 massa
2877 478 3266 552 coagmentati
3284 477 3494 548 simus,
3513 477 3811 534 eamdem-

387 573 505 634 κίας
555 569 856 648 γεγεύμεθα
1105 571 1308 638 σκηνὴν
1345 566 1402 623 δὲ
1434 566 1604 630 ἄλλος
1646 565 1824 637 ἄλλην
1859 566 2046 642 εὐπρε-

388 660 644 735 πεστέραν
679 655 1092 736 προϐέϐληταις
1123 659 1211 713 καὶ
1242 658 1293 713 τί
1329 679 1420 730 μοι
1454 665 1555 727 τῆς
1588 655 1774 734 φιλίας
1836 655 2045 725 ἐκείνης

397 747 616 829 ὄφελος,
648 746 862 824 ἔλεγον,
916 756 1019 818 τῆς
1081 747 1334 816 ζηλωτῆς
1394 749 1507 818 (51)
1564 745 1654 800 καὶ
1685 740 2043 820 περιϐοήτου,

388 839 688 916 ἀρξαμένης
734 837 837 892 ἀπὸ
883 837 1114 908 κόσμου,
1167 835 1256 890 καὶ
1314 833 1694 910 προελθούσης
1753 833 1830 896 εἰς
1887 837 2044 887 πνεῦ-

391 948 496 1001 μα;
528 927 590 982 Τί
641 925 727 982 δαὶ
776 930 892 999 (52)
939 933 1040 994 τῆς
1094 930 1219 997 μιᾶς
1271 926 1466 1000 στέγης
1515 945 1573 978 τε
1609 924 1699 978 καὶ
1729 921 2040 998 τραπέζης;

384 1019 419 1088 ἢ
453 1017 506 1072 τί
544 1021 649 1071 τῶν
698 1020 894 1070 κοινῶν
944 1011 1246 1070 παιδευτῶν
1295 1035 1355 1067 τε
1405 1015 1494 1068 καὶ
1538 1011 1918 1086 παιδευμάτων
1946 1031 1960 1081 ;
1991 1011 2042 1066 τί

385 1105 474 1162 δαὶ
526 1112 625 1176 τῆς
688 1105 819 1180 ὑπὲρ
869 1102 1139 1182 ἀδελφοὺς
1201 1102 1562 1180 ἀνακράσεως,
1613 1103 1648 1172 ἢ
1690 1109 1791 1172 τῆς
1819 1099 2043 1178 γνησίας

384 1194 688 1270 συμπνοίας
719 1193 962 1270 ὕστερον,
998 1193 1041 1248 εἷ
1077 1189 1217 1266 μηδὲ
1245 1196 1502 1247 τοσοῦτον
1545 1192 1749 1268 ὑπῆρξέ
1803 1213 1895 1265 μοι
1941 1192 2038 1246 κά-

383 1306 463 1340 τω
497 1282 668 1359 μένειν
729 1283 780 1337 έν
831 1286 1005 1358 καιρῷ
1052 1279 1359 1344 δυναστείας
1419 1280 1508 1336 καὶ
1557 1278 1750 1355 ὕψους,
1783 1279 1947 1335 ὁπότε
1974 1280 2038 1334 τὸ

385 1376 499 1448 (53)
529 1370 766 1428 ἐναντίον
792 1371 910 1433 τοίς
939 1370 1174 1433 πολλοῖς
1209 1368 1565 1439 σπουδάζεται
1605 1369 1696 1424 καὶ
1742 1368 2036 1445 ἐπιτυγχά-

385 1483 552 1533 νεται,
584 1463 646 1516 τὸ
676 1459 1159 1537 παραδυναστεύειν
1192 1457 1361 1536 λέγω,
1395 1460 1484 1514 καὶ
1532 1465 1634 1529 τῆς
1690 1462 1797 1512 τῶν
1857 1457 2032 1536 φίλων

391 1553 637 1627 μετέχειν
672 1550 964 1624 εὐημερίας
997 1551 1140 1623 (54);

455 1822 528 1878 Γ’.
555 1818 616 1874 Τί
669 1837 761 1893 μοι
820 1818 994 1871 πάντα
1052 1813 1231 1891 λέγειν
1282 1815 1348 1870 τὰ
1401 1822 1501 1886 τῆς
1553 1814 1735 1885 λῦπης
1790 1814 1878 1870 καὶ
1931 1821 2032 1886 τῆς
2064 1851 2112 1916 Β

384 1907 632 1981 ἄκηδίας,
660 1909 725 1976 ἣν
762 1907 922 1986 ζόφον
955 1906 1063 1981 ἐγὼ
1093 1903 1269 1978 καλῶ,
1298 1909 1395 1960 τοῦ
1424 1909 1523 1958 νοῦ
1556 1904 1837 1978 εὑρήματα
1881 1906 2031 1979 (55);

384 2001 488 2056 Καὶ
517 1998 616 2074 γὰρ
647 2001 834 2068 ταῦτα,
872 1996 962 2050 καὶ
1008 1993 1215 2048 τούτων
1265 1995 1330 2064 ἦν
1387 1993 1740 2070 ἀτοπώτερα·
1800 2014 2038 2069 κατηγο-

387 2091 538 2165 ρήσω
594 2087 695 2163 γὰρ
739 2085 896 2147 αὐτὸς
956 2083 1061 2160 ἐγὼ
1117 2091 1217 2153 τῆς
1277 2083 1414 2157 ἐμῆς
1475 2081 1581 2138 εἴτε
1625 2083 1880 2145 ἀπονοίας
1932 2081 2037 2137 ε’ίτε

383 2178 591 2239 ἀνοίας.
643 2173 820 2230 Ἀλλὰ
882 2178 973 2228 νῦν
1030 2167 1432 2246 μεταλαμϐάνω
1480 2173 1569 2226 καὶ
1623 2171 2037 2245 μεθαρμόζομαι

383 2268 457 2329 ὡς
487 2264 631 2321 πολὺ
659 2265 866 2320 τούτων
899 2263 988 2318 καὶ
1037 2260 1391 2337 ἀληθέστερα,
1436 2262 1524 2315 καὶ
1569 2262 1704 2333 ἡμῖν
1754 2259 2036 2336 πρεπωδέ-

382 2376 563 2432 στερα.
622 2355 718 2409 Καὶ
761 2351 853 2407 *ίνα
902 2349 1052 2426 εἰδῇς
1099 2354 1210 2424 (56)
1259 2353 1321 2405 τὸ
1368 2352 1588 2426 γνήσιον
1636 2357 1734 2420 τῆς
1765 2351 2036 2427 ἡμετέρας

383 2442 717 2518 μεταϐολῆς,
770 2443 816 2496 ὦ
868 2443 1133 2515 θαυμάσιε
1189 2442 1250 2494 οὗ
1299 2438 1448 2501 λύεις
1501 2439 1666 2512 μόνον
1697 2440 1793 2507 τήν
1823 2441 2033 2508 σιωπὴν

377 2535 436 2602 ἣν
471 2532 723 2606 ἐμέμψω,
755 2532 844 2586 καὶ
878 2533 941 2599 ἧς
972 2529 1159 2586 πολλὰ
1187 2523 1544 2598 κατεϐόησας,
1581 2526 1726 2584 ἀλλὰ
1771 2529 1861 2583 καὶ
1918 2550 2037 2584 συν-

379 2620 618 2698 ηγόρους
649 2616 796 2695 ἔχεις
824 2617 951 2680 τοὺς
975 2613 1373 2693 λόγους.Τοῦτο
1402 2618 1493 2691 μὲν
1516 2615 1626 2686 ἤδη
1645 2623 1744 2686 τῆς
1767 2617 2035 2694 ἡμετέρας

381 2710 565 2789 φιλίας
592 2713 863 2786 καθαρῶς,
898 2706 987 2763 καὶ
1017 2712 1114 2763 τοῦ
1147 2707 1198 2761 έν
1231 2711 1367 2780 ἡμῖν
1394 2706 1726 2780 Πνεύματος.
1760 2705 1935 2762 Ἀλλὰ
1954 2707 2037 2770 τίς

381 2802 418 2870 ἡ
451 2798 786 2874 συνηγορία;
820 2795 907 2852 καὶ
941 2795 994 2850 si’
1017 2817 1068 2850 τι
1102 2798 1392 2873 ἁμαρτάνω
1424 2798 1558 2870 (57),
1600 2795 1758 2858 αὐτὸς
1806 2792 2034 2873 ἐπανόρ-

387 2890 505 2958 θου,
538 2887 716 2956 ὣσπερ
748 2885 837 2940 καὶ
867 2883 1047 2941 τᾶλλα
1078 2884 1295 2950 εἴωθας.
1353 2886 1463 2940 Οὐκ
1490 2883 1724 2960 ’ἤνεγκας
1768 2885 1831 2940 τὸ
1878 2891 2037 2941 πνεῦ-

396 2995 470 3046 μα
495 2977 593 3042 τῆς
625 2973 810 3051 φιλίας
837 2981 1064 3042 ποιῆσαι
1095 2973 1338 3049 δεύτερον
1363 2995 1374 3006 ·
1411 2975 1525 3030 ἐπεὶ
1563 2979 1670 3028 τῶν
1709 2975 1802 3048 μὲν
1850 2973 2033 3031 ἄλλων

386 3059 523 3123 θίσως
555 3064 740 3133 ἡμεῖς,
773 3064 931 3133 ἡμῶν
968 3058 1024 3114 δὲ
1052 3061 1112 3115 τὸ
1161 3064 1374 3134 Ηνεῦμά
1411 3084 1494 3117 σοι
1543 3067 1656 3136 (58)
1703 3061 1902 3135 πολλῷ
1956 3086 2038 3119 τι-

392 3150 679 3224 μιώτερον.
728 3148 843 3206 Ούκ
884 3148 1112 3223 ἤνεγκας
1162 3148 1212 3202 έν
1261 3153 1328 3220 τῇ
1369 3154 1440 3224 γῇ
1472 3151 1899 3230 κατακεκρύφθαι
1946 3153 2035 3208 καὶ

385 3237 737 3313 κατωρύχθαι
788 3240 897 3310 (59)
939 3238 1002 3292 τὸ
1044 3238 1308 3291 τάλαντον
1336 3256 1348 3270 '
1385 3237 1482 3292 ούκ
1509 3236 1742 3314 ἤνεγκας
1774 3241 1860 3296 ἐπὶ
1889 3239 2034 3296 πολὺ
2066 3218 2108 3284 C

380 3328 472 3382 τὸν
509 3326 712 3402 λύχνον
742 3331 822 3398 τῷ
858 3324 1038 3399 μυδίῳ
1064 3325 1579 3402 περικαλύπτεσθαι,
1632 3329 1714 3383 ὅτι
1756 3328 1821 3399 δὴ
1877 3334 2039 3386 τοῦτο

380 3419 442 3470 τὸ
474 3415 606 3490 ἐμὸν
639 3420 777 3493 φῶς,
827 3416 916 3470 καὶ
962 3417 1062 3483 τήν
1116 3415 1253 3490 έμήν
1307 3415 1554 3493 ἐργασίαν
1607 3414 2037 3493 ὑπολαμϐάνεις.

382 3507 681 3576 Ἐζήτησας
756 3508 836 3576 τῷ
915 3503 1116 3578 Παύλῳ
1193 3526 1276 3560 σοι
1349 3507 1708 3582 προστεθῆναι
1781 3513 1871 3563 καὶ
1947 3511 2038 3565 τὸν

381 3588 696 3670 Βαρνάϐανθ
759 3592 1024 3664 ἰζῆτησας
1100 3591 1380 3667 Σιλουανῷ
1437 3595 1525 3651 καὶ
1582 3598 1831 3671 Τιμοθέῳ
1878 3618 2043 3672 προσ-

383 3684 626 3759 γενέσθαι
659 3681 748 3736 καὶ
780 3682 932 3737 Τίτον
968 3685 1106 3757 (60),
1134 3683 1223 3737 ἳνα
1255 3705 1343 3737 σοι
1370 3683 1542 3759 τρέχῃ
1581 3685 1643 3739 τὸ
1675 3687 1924 3761 χάρισμα
1955 3685 2043 3741 διὰ

383 3775 489 3827 τῶν
523 3770 763 3847 γνησίως
800 3770 930 3845 ὑπὲρ
963 3775 1058 3825 σοῦ
1103 3773 1520 3845 μεριμνώντων,
1552 3772 1642 3826 καὶ
1689 3771 1880 3846 κύκλῳ
1939 3775 2043 3830 ἀπὸ

384 3858 752 3936 Ἰερουσαλὴμ
801 3859 966 3933 μέχρι
1016 3862 1111 3911 τοῦ
1166 3856 1478 3934 Ἰλλυρικοῦ
1518 3859 1817 3935 πληρώσῃς
1847 3864 1910 3916 τὸ
1937 3862 2044 3917 Εὐ-

388 3947 556 4025 αγγέλ
567 3969 646 4003 ιον
658 3993 669 4004 .

2156 585 2270 640 que
2298 570 2424 624 vitii
2483 571 2751 625 arborem
2801 568 3274 642 gustaverimus:
3309 571 3608 639 utcunque
3655 567 3808 623 alius

2159 658 2270 712 alio
2322 658 2736 729 speciosiorem
2795 659 3018 714 larvam
3075 657 3388 729 praeferat?
3442 657 3590 721 Quid
3649 673 3803 727 vero,

2156 747 2610 814 dicebam,mihi
2639 749 2826 802 fructu
2862 747 3120 803 attulerit
3139 745 3419 818 praeclara
3447 745 3548 801 illa
3577 750 3632 801 et
3657 744 3806 801 cele-

2152 837 2274 892 bris
2308 838 2585 906 amicitia,
2620 856 2750 910 quae
2781 857 2815 894 a
2861 839 3082 894 mundo
3133 853 3358 905 exorsa,
3414 837 3486 893 ad
3531 836 3804 908 spiritum

2157 942 2466 998 progressa
2488 933 2577 982 est
2592 929 2620 983 ?
2640 928 2786 994 Quid
2809 928 2967 983 idem
2982 931 3224 996 tectum,
3249 927 3512 983 eamdem
3540 941 3804 982 mensam

2153 1014 2432 1071 habuisse
2450 1016 2478 1070 ?
2508 1016 2656 1080 Quid
2689 1017 2925 1072 eosdem
2958 1020 3369 1090 praceptores,
3395 1016 3630 1072 easdem
3650 1018 3806 1071 artes

2152 1106 2209 1158 et
2241 1104 2585 1177 disciplinas
2607 1106 2635 1161 ‘I
2660 1106 2807 1173 Quid
2832 1107 3085 1178 denique
3117 1105 3216 1163 illa
3247 1109 3452 1162 nostra
3480 1106 3803 1161 fraternum

2150 1209 2414 1250 amorem
2443 1211 2732 1266 superans
2763 1197 3130 1269 temperatio,
3170 1201 3274 1252 aut
3303 1196 3424 1252 haec
3453 1195 3652 1265 etiam,
3685 1211 3809 1265 quae

2151 1287 2354 1355 postea
2383 1289 2587 1340 secuta
2617 1290 2727 1353 est,
2753 1286 2983 1342 sincera
3026 1286 3362 1342 animorum
3396 1285 3728 1350 consensio,
3760 1285 3811 1341 si

2147 1388 2219 1427 ne
2241 1373 2350 1428 hoc
2382 1373 2620 1444 quidem
2657 1374 2799 1429 mihi
2829 1374 3016 1443 licuit,
3052 1381 3113 1431 ut
3134 1375 3366 1447 imperii
3396 1373 3807 1431 sublimitatis-

2144 1475 2258 1530 que
2289 1465 2548 1531 tempore
2571 1461 2782 1516 humili
2805 1462 2930 1518 loco
2950 1479 3247 1519 manerem
3274 1479 3441 1531 ;oum
3483 1461 3806 1533 praesertim

2144 1548 2206 1603 in
2228 1550 2584 1605 contrarium
2609 1551 2778 1605 multi
2795 1552 3184 1619 incumbamt,
3203 1553 3442 1624 votique
3465 1551 3556 1607 sui
3578 1563 3813 1622 compo‘

2144 1639 2230 1692 tes
2262 1638 2426 1707 ﬁant,
2460 1637 2569 1694 hoc
2599 1643 2708 1710 est,
2739 1643 2802 1695 ut
2825 1640 3150 1712 proximam
3174 1644 3525 1713 potestatem
3547 1640 3807 1697 habeant

2142 1729 2318 1796 atque
2349 1727 2409 1781 in
2441 1729 2765 1784 amicorum
2791 1729 3088 1786 felicitatis
3119 1734 3348 1802 partem
3368 1728 3652 1786 veniant?

2216 1816 2311 1870 III.
2347 1817 2493 1883 Quid
2553 1822 2765 1874 cuncta
2812 1836 2878 1875 ea
2908 1820 3122 1875 referre
3151 1821 3381 1890 attinet,
3433 1835 3560 1891 quae
3591 1831 3808 1874 mceror

2144 1904 2444 1976 animique
2466 1907 2879 1977 consternatio,
2915 1925 3090 1980 quam
3124 1926 3228 1982 ego
3269 1909 3484 1964 mentis
3532 1907 3804 1963 tenebras

2145 1993 2393 2065 appello,
2427 1996 2829 2069 excogitabat?
2858 2002 2989 2053 Haec
3011 1999 3166 2053 enim
3191 2001 3376 2065 erant,
3410 2000 3587 2068 atque
3625 1995 3802 2053 etiam

2145 2083 2238 2138 his
2265 2085 2649 2144 absurdiora:
2673 2104 2860 2142 meam
2884 2087 3039 2142 enim
3072 2088 3320 2158 ipsemet
3341 2086 3651 2154 accusabo,
3684 2084 3806 2141 sive

2146 2174 2575 2229 contumaciam
2607 2192 2735 2230 eam
2770 2177 2958 2232 dicere
2990 2180 3237 2248 oportet,
3263 2176 3384 2232 sive
3421 2173 3803 2230 dementiam.
3835 2248 3838 2250 γ

2145 2262 2310 2317 Nunc
2342 2279 2475 2319 vero
2507 2265 2832 2319 orationem
2859 2270 3075 2333 retexo,
3105 2281 3172 2319 ac
3217 2263 3590 2333 reconcinno,
3621 2276 3802 2332 eaque

2146 2350 2357 2418 dicam,
2418 2369 2546 2422 quae
2601 2357 2658 2407 et
2687 2353 2779 2408 his
2831 2353 3016 2408 multo
3044 2354 3272 2408 veriora
3320 2356 3480 2420 sunt,
3530 2355 3588 2407 et
3625 2350 3798 2407 nobis

2147 2440 2429 2510 digniora.
2464 2445 2656 2512 Atque
2686 2447 2750 2496 ut
2781 2441 3094 2514 intelligas,
3153 2441 3243 2496 vir
3281 2440 3574 2514 praeclare,
3616 2455 3797 2512 quam

2146 2528 2378 2583 sincera
2412 2530 2489 2584 sit
2518 2530 2639 2585 haec
2670 2535 2871 2586 nostra
2915 2531 3196 2599 mutatio;
3250 2547 3365 2586 non
3413 2530 3472 2585 id
3516 2530 3799 2585 duntaxat

2145 2622 2494 2674 consecutus
2508 2636 2591 2685 es,
2610 2623 2674 2674 ut
2695 2620 2992 2675 silentium
3017 2623 3281 2676 nostrum
3320 2618 3590 2684 solveres,
3629 2619 3797 2688 cujus

2146 2707 2384 2763 nomine
2416 2709 2644 2780 magnis
2669 2725 2762 2765 me
2784 2708 3141 2764 clamoribus
3180 2708 3551 2781 exagitabas:
3592 2723 3793 2764 verum

2145 2813 2443 2853 sermones
2471 2814 2700 2870 quoque
2731 2798 2889 2870 ipsos
2927 2799 3261 2854 defensores
3309 2797 3514 2853 habes.
3546 2795 3606 2852 ld
3641 2795 3796 2868 quod

2147 2886 2415 2942 amicitiae
2449 2892 2679 2942 nostrae.
2741 2887 3115 2960 Spiritusque
3145 2888 3205 2942 in
3237 2887 3408 2943 nobis
3451 2885 3794 2954 habitantis,

2146 2977 2541 3031 certissimum
2564 2981 2651 3032 est
2667 2983 3102 3048 argumentum.
3128 2976 3470 3048 Cujusmodi
3489 2980 3687 3032 autem
3709 2980 3800 3032 est

2147 3065 2255 3120 hoc
2287 3065 2727 3136 patrocinium?
2783 3072 2864 3121 Ac
2910 3067 2958 3121 si
2991 3067 3134 3121 forte
3192 3081 3478 3132 erravero,
3537 3068 3796 3120 erratum

2145 3153 2276 3224 hoc,
2311 3159 2373 3208 ut
2421 3159 2628 3209 caetera
2683 3154 2854 3221 soles,
2890 3155 3135 3227 corrige.
3181 3155 3466 3226 Spiritum
3525 3152 3798 3209 amicitia

2150 3243 2494 3314 posthabere
2523 3243 2761 3298 minime
2802 3244 3170 3299 sustinuisti:
3218 3243 3696 3315 quandoquidem
3735 3246 3802 3299 ut

2152 3349 2258 3386 nos
2291 3331 2476 3402 pluris
2535 3333 2805 3396 fortasse,
2855 3349 3030 3404 quam
3063 3332 3207 3388 alios
3260 3348 3465 3388 omnes
3497 3330 3685 3398 ducis,
3717 3329 3802 3387 ita

2151 3437 2356 3475 rursus
2383 3420 2669 3492 Spiritum
2701 3421 2870 3477 nobis
2896 3422 3062 3494 longe
3093 3420 3422 3492 anteponis.
3445 3420 3571 3476 Non
3588 3434 3802 3493 passus

2151 3526 2211 3565 es
2237 3509 2522 3565 talentum
2545 3511 2603 3566 in
2628 3516 2785 3566 terra
2811 3512 2880 3566 de
2905 3512 3126 3566 fossum
3150 3515 3324 3582 atque
3354 3510 3631 3565 obrutum
3653 3507 3798 3565 late-

2152 3615 2216 3654 re
2237 3599 2299 3651 ⁸³.
2334 3600 2459 3656 Non
2497 3617 2707 3672 passus
2736 3617 2798 3656 es
2830 3600 3127 3656 lucernam
3154 3601 3325 3656 modo
3356 3599 3579 3655 diutius
3615 3599 3803 3654 obdu-

2153 3689 2205 3742 ci
2229 3689 2273 3722 δ”
2298 3707 2309 3744 :
2343 3689 2450 3745 hoc
2475 3691 2631 3744 enim
2678 3689 2877 3745 lumen
2911 3707 3106 3746 meum
3131 3704 3442 3760 meamquc
3463 3686 3803 3759 negotiatio-

2154 3794 2287 3832 nem
2321 3792 2449 3833 esse
2483 3779 2808 3834 existimas.
2833 3780 2898 3834 Id
2930 3778 3233 3845 studuisti,
3256 3782 3319 3832 ut
3349 3776 3455 3832 tibi
3481 3775 3658 3832 Paulo
3672 3776 3803 3832 Bar-

2153 3867 2338 3921 nabas
2369 3868 2869 3938 adiungeretur“.
2932 3868 2994 3922 Id
3026 3865 3332 3931 studuisti,
3385 3870 3450 3920 ut
3477 3863 3710 3921 Silvano
3740 3868 3798 3920 et

2155 3954 2456 4009 Timotheo
2474 3955 2682 4010 tertius
2698 3957 2997 4010 accederet
3015 3955 3500 4020 Titus,nimirum
3517 3958 3800 4010 uteorum

386 4057 582 4113 opera,
618 4038 718 4110 qui
750 4042 854 4093 tua
903 4053 1081 4092 causa
1137 4035 1598 4093 sollicitudinem
1657 4055 1774 4095 non
1825 4041 2021 4097 ﬁctam
2065 4043 2415 4114 suscipiunt,
2448 4043 2645 4098 divina
2694 4044 2881 4115 gratia
2911 4044 3143 4114 longius
3185 4044 3480 4116 latiusque
3511 4045 3624 4099 ate
3645 4045 3794 4102 241

386 4133 776 4202 propagetur:
814 4131 989 4198 atque
1021 4126 1092 4181 ab
1127 4125 1545 4198 Hierosolymis
1575 4128 1646 4183 ad
1677 4128 1967 4200 Illyricum
2000 4148 2185 4203 usque
2239 4147 2339 4202 per
2369 4132 2682 4187 circuitum
2715 4133 3088 4204 Evangelium
3120 4133 3367 4205 impleas
3393 4134 3458 4189 ⁵⁵.

462 4219 530 4271 Δ’.
585 4216 682 4270 Διὰ
736 4219 898 4270 τοῦτο
959 4213 1034 4276 εἷς
1095 4212 1254 4287 μέσον
1316 4210 1484 4290 ἄγεις,
1539 4215 1628 4269 καὶ
1690 4217 2041 4293 ὑποχωροῦν.

2234 4222 2324 4276 IV.
2353 4221 2569 4278 Idcirco
2589 4239 2679 4278 me
2697 4223 2755 4277 in
2781 4222 3036 4277 medium
3059 4223 3356 4294 producis,
3375 4227 3432 4279 et
3462 4223 3797 4297 suifugienti

385 4326 478 4368 τος
509 4301 765 4378 λαμϐάνῃ
795 4307 927 4376 (61),
959 4303 1048 4358 καὶ
1087 4303 1234 4380 παρὰ
1281 4305 1500 4359 σεαυτὸν
1550 4305 1786 4375 καθίζεις
1817 4327 1829 4339 °
1889 4312 2049 4363 τοῦτο

385 4397 448 4450 τὸ
494 4394 622 4468 ἐμὸν
677 4391 946 4466 ἀδίκημα,
990 4391 1154 4469 φαίης
1205 4392 1287 4464 ἂν,
1338 4391 1427 4447 καί
1472 4395 1732 4450 κοινωνὸν
1776 4400 1910 4471 ποιῇ
1939 4400 2046 4452 τῶν

393 4481 695 4562 φροντίδων
735 4483 826 4536 καὶ
878 4486 984 4536 τῶν
1038 4483 1335 4560 στεφάνων.
1388 4485 1486 4538 Διὰ
1527 4488 1688 4539 τοῦτο
1719 4485 1895 4562 χρίεις
1949 4486 2049 4562 ἀρ-

392 4571 579 4650 χιερέα
635 4574 769 4647 (62),
828 4571 917 4626 καὶ
975 4566 1330 4648 περιϐάλλεις
1388 4573 1479 4628 τὸν
1533 4571 1754 4650 ποδήρη
1805 4575 1894 4630 καὶ
1924 4596 2047 4652 περι

390 4663 547 4730 τίθης
594 4664 708 4738 (63)
755 4662 854 4730 τὴν
904 4658 1134 4736 κίδαριν,
1187 4661 1276 4716 καὶ
1321 4664 1611 4737 προσάγεις
1660 4667 1739 4736 τῷ
1767 4665 2050 4737 θυσιαστη-

395 4752 497 4828 ρίῳ
545 4757 645 4821 τῆς
688 4752 1060 4824 πνευματικῆς
1109 4749 1553 4823 ὁλοκαυτώσεως,
1603 4752 1693 4807 καὶ
1754 4753 1900 4817 θύεις
1952 4755 2044 4811 τὸν

2162 4326 2404 4366 manum
2439 4311 2693 4382 indjicis,
2728 4328 2793 4366 ac
2819 4313 2981 4383 juxta
2998 4315 3053 4368 te
3083 4311 3332 4368 collocas
3357 4331 3368 4367 :
3393 4312 3514 4369 haec
3537 4312 3803 4370 videlicet

2159 4404 2248 4456 est
2279 4400 2380 4455 illa
2427 4401 2531 4456 tibi
2564 4418 2597 4457 a
2629 4418 2722 4457 me
2753 4401 3007 4474 irrogata
3037 4401 3279 4473 injuria,
3325 4402 3579 4474 inquies,
3628 4407 3804 4474 atque

2158 4507 2435 4546 curarum
2496 4491 2676 4546 simul
2734 4495 2792 4546 et
2850 4508 3198 4548 coronarum
3259 4493 3483 4549 socium
3542 4493 3802 4548 asciscis.

2161 4580 2346 4635 Idciro
2381 4597 2471 4635 me
2501 4580 2836 4652 pontificem
2874 4582 3072 4653 ungis,
3104 4598 3170 4638 ac
3205 4582 3416 4653 pedere
3445 4580 3634 4654 cingis
3653 4581 3807 4653 capi-

2156 4669 2318 4739 tique
2364 4670 2610 4725 cidarim
2669 4670 3009 4741 imponis”,
3045 4675 3220 4741 atque
3250 4669 3580 4727 holocausti
3628 4670 3802 4742 spiri-

2156 4757 2334 4814 tualie
2351 4757 2520 4814 altari
2537 4760 2832 4825 admoves,
2850 4763 2907 4814 et
2923 4759 3271 4814 initiationis
3284 4758 3537 4815 vitulum
3555 4763 3802 4828 mactas,

467 4869 512 4903 ⁸³
545 4867 744 4925 Matth.
776 4884 910 4936 xxv,
939 4868 1023 4923 18.
1057 4867 1103 4902 ⁵³
1149 4868 1280 4923 Luc.
1311 4885 1392 4934 x1,
1421 4869 1512 4924 33.
1546 4869 1589 4907 ⁵⁸
1620 4869 1746 4927 Gal.
1779 4887 1844 4941 ιι,
1881 4873 1932 4929 1.
1965 4873 2008 4909 ⁵⁸
2036 4872 2041 4928 ἶ

2155 4888 2204 4928 n.
2227 4889 2316 4942 xv,
2354 4874 2440 4928 19.
2465 4874 2506 4908 ⁸⁷
2540 4875 2715 4929 Exod.
2738 4890 2892 4945 xxxx,
2926 4874 2950 4928 1
2987 4889 3152 4945 seqq.

604 4979 927 5056 Γεγεύμεθα.
951 4979 1428 5056 ὖθε.γεγιύσμεθα.

478 5052 592 5124 (51)
618 5052 724 5124 Τῆς
760 5052 1039 5124 ζηλωτῆς.
1073 5052 1101 5104 (ἱ
1131 5052 1470 5124 Ιηνὶἁθηάβ..

493 5122 583 5198 52)
615 5123 675 5177 Ti
707 5122 819 5198 δαί.
844 5126 984 5198 Reg.
1017 5126 1140 5198 bm,
1169 5126 1288 5183 Jes.
1323 5125 1383 5179 Τί
1417 5123 1492 5182 δέ.

491 5195 838 5282 63).,03515.
860 5195 956 5282 τᾴῖ
1003 5197 1092 5282 Sic
1121 5195 1272 5282 "tres
1324 5203 1503 5272 Regg.
1555 5202 1612 5255 et
1640 5200 1758 5255 Jes.
1790 5199 1962 5258 Coisl.
1991 5201 2046 5270 1,

402 5265 573 5321 ὁπότε
595 5265 644 5323 ὅ.
675 5268 738 5324 In
772 5270 861 5324 ed.
895 5270 1060 5325 deest
1079 5265 1160 5322 τό.

607 5338 943 5432 μερίας.
973 5341 1216 5432 Siqtres
1247 5340 1427 5432 Regg.
1460 5342 1693 5398 sublato
1714 5347 1836 5411 τῆς.

467 5410 573 5487 (55)
607 5410 751 5487 Εὐρῆ
765 5410 930 5487 essm
956 5412 1114 5487 ﬁes-
1150 5411 1252 5487 ΙΨ,
1301 5410 1585 5487 eiet-sm:

604 5481 720 5560 Ἵνα
744 5481 916 5560 εξδῇς.
936 5483 1038 5560 _lta
1064 5481 1182 5560 Jes.
1216 5485 1280 5538 In
1299 5481 1402 5560 _ed.
1429 5481 1505 5560 Ϊἶν’
1537 5483 1700 5560 εΐδῇς.

466 5555 578 5624 (57)
610 5555 707 5630 Καὶ
762 5555 810 5609 εἷ’
838 5575 890 5609 τι
925 5553 1241 5626 ἁμαρτάνω.
1297 5557 1436 5629 Reg.
1471 5557 1573 5630 hu,
1604 5553 1695 5613 καὶ
1749 5555 1785 5626 ἤ
1815 5578 1888 5614 τι.
1919 5559 2039 5617 Jes.

398 5620 770 5683 διαμαρτάνω.

470 5645 914 5772 ίὲἔξ..ἣθε.
947 5695 1051 5768 hu,
1083 5714 1200 5753 σου.

2375 4985 2761 5063 Κατωρύχθαι.
2797 4988 2937 5063 Reg.
2969 4988 3070 5063 hu,
3122 4992 3180 5043 et
3205 4988 3325 5063 ,ΙθεΞ
3357 4985 3800 5063 κατορωρύχθαι.

2228 5053 2342 5129 (60)
2504 5053 2773 5130 Παύλῳ...
2833 5053 3179 5132 Βαρνάϐαν...
3230 5053 3588 5132 ,Σιλουανῷ..’
3626 5053 3802 5132 ’Ῡῖμο-

2156 5129 2330 5203 βέῳ...
2361 5129 2535 5188 Τίτον,
2561 5129 2876 5203 Gregorius
2909 5129 3021 5199 hic,
3041 5132 3210 5201 juxta
3229 5131 3415 5188 Eliam
3455 5129 3560 5203 per
3587 5153 3615 5182 α
3644 5129 3793 5188 Pau-

2154 5201 2275 5256 lum
2298 5227 2328 5276 ᾳ
2359 5204 2632 5275 intelligit
2659 5201 2937 5259 Basiliam
2962 5219 3265 5276 magnum,
3285 5220 3389 5276 per
3410 5228 3436 5255 α
3455 5201 3794 5276 Barnabam

2154 5279 2211 5348 et
2243 5275 2463 5347 Titum,
2491 5299 2517 5324 »
2542 5274 2602 5331 se
2631 5277 2845 5348 ipsum,
2870 5290 2971 5348 per
2997 5274 3366 5348 «Silvanum,
3403 5299 3423 5324 ι
3452 5275 3798 5348 Gregorium

2153 5345 2502 5420 ijssenum,
2537 5353 2594 5402 et
2623 5345 2723 5420 p'er
2754 5370 2782 5398 «
2823 5345 3216 5416 Timotheum,
3255 5370 3282 5397 »
3313 5345 3593 5416 Petrum;
3622 5345 3795 5402 ambo

2153 5416 2351 5472 Basilii
2374 5421 2602 5475 fratres.

2225 5489 2336 5560 (61)
2372 5489 2651 5561 Λαμοάνῃ.
2685 5489 2858 5546 Cois].
2894 5490 2943 5543 1.
2974 5481 3298 5561 λαμϐάνεις.

2225 5545 2336 5635 (62)
2366 5545 2673 5635 Ἀρχιερέᾶ.
2704 5545 2802 5618 Sic
2833 5563 2939 5635 deo
2973 5545 3149 5631 Regg.
3184 5545 3417 5635 sublato
3445 5559 3560 5617 τόν.

2225 5582 2336 5627 (οι)
2387 5582 2556 5635 Δρχιε
2596 5582 2673 5617 εα.
2708 5582 2802 5618 διο
2833 5582 2939 5616 deo
2974 5582 3149 5631 negg.
3184 5582 3346 5618 suoia

2223 5633 2332 5704 (63)
2368 5582 2674 5709 Hapnignq.
2709 5636 2846 5708 Reg.
2879 5634 2998 5691 bm.
3033 5633 3346 5708 περιτιθεῖς.
