4146 6290
323 448 438 510 831

1565 457 1629 518 S.
1679 455 2051 518 GREGORII
2098 458 2493 519 THEOLOGI

3616 456 3736 516 833

327 597 656 653 manusque
701 583 930 652 spiritui
953 601 1280 655 consecras,
1306 592 1362 643 et
1385 592 1595 645 Sancta
1626 593 1962 644 sanctorum

2086 587 2292 665 μόσχον
2342 595 2441 658 τῆς
2487 586 2842 650 τελειώσεως,
2894 586 2982 641 καὶ
3032 586 3264 649 τελειοῖς
3307 586 3401 649 τὰς
3431 590 3625 661 χεῖρας
3653 584 3734 659 τῷ

327 676 650 741 Spectatum
699 672 1042 745 introducis,
1110 680 1340 748 verique
1391 678 1550 734 illius
1579 679 1963 747 tabernaculi,

325 759 474 830 quod
513 777 623 814 non
686 760 878 832 homo,
912 765 1011 818 sed
1055 765 1338 823 Dominus
1369 768 1576 840 fixit",
1628 769 1964 824 ministrum

323 847 508 902 efﬁcis
533 864 546 904 :
579 850 901 922 dignumne
930 869 1084 921 vero,
1118 860 1174 911 et
1203 857 1368 913 vobis
1401 857 1498 930 qui
1530 858 1772 931 ungitis,
1792 863 1848 914 et
1877 875 1964 925 eo,

326 942 564 1009 propter
621 956 795 1011 quem
831 943 1147 1015 peragitur,
1193 951 1250 1000 et
1284 947 1343 1001 in
1395 964 1567 1018 quem
1611 947 1797 1003 tendit
1845 947 1966 1002 haac

324 1026 509 1094 untio,
543 1035 913 1101 perspectum
973 1033 1081 1088 hoc
1112 1033 1262 1089 habe
1310 1037 1477 1092 Pater
1530 1038 1647 1092 veri
1709 1037 1868 1092 illius
1901 1054 1966 1092 ac

321 1116 561 1186 genuini
594 1117 829 1184 Christi,
860 1137 1034 1191 quem
1087 1124 1493 1181 exsultationis
1523 1127 1645 1181 oleo
1678 1144 1791 1198 prae
1824 1143 1966 1181 con-

323 1205 580 1261 sortibus
613 1208 736 1263 suis
759 1209 802 1242 ⁵³
834 1211 1108 1282 perfudit,
1143 1229 1276 1268 cum
1302 1215 1728 1272 humanitatem
1757 1217 1965 1270 divini-

322 1297 440 1348 tate
472 1295 657 1362 unxit,
691 1301 754 1351 ut
774 1299 987 1354 faceret
1008 1307 1255 1372 utraque
1283 1321 1464 1358 unum
1485 1306 1529 1339 ⁵ο
1554 1321 1567 1359 :
1593 1309 1963 1375 perspectum

323 1383 500 1438 etiam
532 1384 684 1440 Deus
717 1387 841 1458 ipse
863 1405 927 1442 ac
960 1391 1240 1446 Dominus
1265 1397 1461 1447 noster
1481 1393 1656 1449 Jesus
1677 1394 1962 1464 Christus,

322 1488 424 1544 per
445 1489 618 1544 quem
639 1477 1169 1534 reconciliationem
1191 1481 1578 1553 obtinuimus,
1601 1482 1967 1554 Spiritusque

323 1566 587 1630 sanctus,
624 1563 720 1636 qui
755 1582 860 1621 nos
892 1565 1029 1621 huic
1088 1569 1317 1624 muneri
1365 1571 1641 1642 praefecit,
1675 1573 1732 1626 in
1768 1589 1881 1642 quo
1912 1575 1968 1627 et

321 1654 569 1720 stamus,
632 1657 688 1709 et
743 1653 1086 1728 gloriamur,
1150 1660 1220 1715 ob
1272 1677 1436 1731 spem
1493 1661 1689 1734 gloriaa
1735 1660 1967 1716 Domini

323 1741 508 1795 nostri
538 1742 678 1798 Jesu
699 1743 938 1816 Christi,
963 1747 1055 1802 cui
1077 1747 1261 1820 gloria
1283 1749 1343 1805 in
1367 1750 1580 1807 saecula
1596 1749 1965 1807 saeculorum.

321 1829 526 1884 Amen.

397 2015 439 2051 ⁵⁸
469 2018 643 2075 Hebr.
673 2036 796 2092 VIII,
827 2025 880 2078 2.
958 2025 1002 2060 5’
1033 2025 1183 2081 Psal.
1215 2044 1364 2097 XLIV,
1396 2029 1450 2099 8,
1525 2029 1569 2064 ⁸ο
1600 2028 1743 2100 Eph.
1777 2045 1838 2096 II,
1875 2029 1960 2085 14.

326 2160 584 2289 Ρέῑίῗιάὲέ)
617 2162 811 2238 Κύριος
868 2167 978 2223 καί.
1039 2170 1130 2225 Sic
1183 2171 1323 2244 Reg.
1381 2172 1502 2227 bm.
1557 2172 1727 2227 Deest
1783 2169 1874 2224 καί
1909 2171 1967 2226 in

329 2306 604 2434 P1535251}
634 2306 813 2384 χρίσις
842 2313 934 2368 Sic
967 2312 1146 2386 Regg.
1203 2314 1326 2371 bm.
1359 2319 1415 2371 et
1452 2315 1556 2371 hu.
1592 2314 1764 2370 Deest
1821 2314 1855 2382 ἠ
1912 2315 1971 2370 in

775 2620 1237 2718 ORATIO
1315 2626 1445 2718 XI
1477 2638 1525 2718 ⁸.

326 2775 608 2856 ΙξῘιιδάθγη,
671 2778 748 2856 ad
803 2782 1126 2856 Gregorium
1180 2784 1501 2856 Nyssenum,
1559 2786 1757 2840 Basilii
1784 2793 1976 2855 magni

334 2847 572 2917 fratrem
624 2853 719 2922 qui
744 2858 866 2924 post
910 2847 1078 2909 illius
1134 2847 1598 2912 commorationem
1654 2847 1968 2920 advenerat.

397 3018 439 3073 Ι.
473 3019 662 3076 Amico
708 3023 863 3094 ﬁdeli
885 3026 1048 3081 nulla
1077 3034 1153 3082 est
1201 3029 1554 3098 comparatio,
1614 3045 1712 3084 nec
1740 3028 1865 3085 ulla
1895 3033 1970 3085 est

324 3108 497 3180 digna
537 3110 866 3181 ponderatio
921 3118 1115 3170 contra
1175 3117 1468 3173 bonitatem
1526 3120 1701 3174 illius.
1752 3119 1969 3175 Amicus

325 3199 523 3267 ﬁdelis,
571 3206 834 3271 protectio
888 3206 1052 3275 fortis
1081 3207 1144 3274 ⁶¹,
1200 3215 1257 3261 et
1314 3207 1609 3264 munitum
1658 3208 1967 3280 palatium.

325 3288 564 3344 Amicus
620 3291 830 3358 ﬁdelis,
880 3295 1042 3349 vivus
1089 3295 1422 3352 thesaurus.
1482 3299 1723 3354 Amicus
1755 3298 1966 3367 fidelis,

326 3393 503 3447 super
559 3395 767 3435 aurum
823 3386 879 3437 et
935 3383 1190 3454 lapidem
1253 3386 1576 3456 pretiosum
1625 3388 1964 3443 multum“.

325 3465 566 3522 Amicus
598 3468 808 3534 fidelis,
842 3471 1046 3527 hortus
1078 3475 1415 3544 conclusus,
1450 3476 1580 3531 fons
1613 3477 1965 3547 signatus“,

328 3554 426 3626 qui
459 3561 784 3626 opportune
814 3561 1160 3630 aperiuntur
1180 3567 1236 3618 et
1258 3566 1788 3621 communicantur.
1817 3566 1966 3620 Ami-

328 3659 432 3698 cus
464 3645 676 3714 ﬁdelis,
710 3648 901 3703 solatii
935 3656 1157 3721 portus.
1191 3653 1352 3717 Quod
1373 3655 1420 3708 si
1445 3655 1757 3726 prudentia
1788 3656 1962 3710 etiam

327 3733 610 3803 etjudicio
649 3736 909 3807 excellat,
953 3741 1156 3810 quanti
1179 3740 1286 3796 hoc
1313 3742 1692 3798 faciendum?
1723 3745 1882 3807 Quod
1918 3745 1965 3798 si

326 3826 570 3893 prestera
601 3842 834 3881 summa
873 3829 1134 3884 doctrina
1166 3829 1490 3887 instructus
1523 3832 1598 3887 sit
1628 3835 1684 3887 et
1729 3832 1964 3903 quidem

329 3913 523 3970 omnis
562 3918 792 3988 generis
834 3919 986 3976 242
1018 3921 1300 3989 doctrina,
1337 3922 1442 3978 hoc
1474 3926 1561 3977 est
1593 3926 1711 3977 tam
1745 3929 1962 3989 nostra,

2002 2632 2050 2696 B

2076 679 2372 751 Πνεύματι,
2427 677 2515 733 καὶ
2569 677 2795 754 εἰσάγεις
2853 678 2928 738 εἰς
2977 678 3043 730 τὰ
3094 679 3255 752 ’Ἅγια
3295 680 3403 731 τῶν
3448 673 3614 752 ἁγίων
3647 675 3735 729 ἐπ-

2076 766 2425 836 οπτεύσοντα,
2475 766 2564 821 καὶ
2621 771 2798 828 ποιεῖς
2847 766 3161 842 λειτουργὸν
3215 771 3317 834 τῆς
3366 771 3575 834 σκηνῆς
3631 767 3733 834 τῆς

2079 857 2370 928 ἀλητινῆς,
2400 858 2460 925 ἣν
2492 854 2683 928 ἔπηξεν
2715 857 2742 910 6
2787 857 2985 930 Κύριος
3033 854 3147 924 καὶ,
3207 856 3319 929 (64)
3377 852 3476 908 οὐκ
3528 853 3734 931 ἅνθρω-

2074 967 2193 1008 πος.
2256 946 2321 1002 El
2383 943 2440 1000 δὲ
2491 945 2580 1000 καὶ
2629 942 2772 1016 ἄξιον
2826 945 2976 1018 ὑμῶν
3026 965 3084 998 τε
3131 947 3236 998 τῶν
3287 941 3584 1018 χριόντων,
3641 943 3731 996 καὶ

2078 1036 2208 1112 ὑπὲρ
2243 1036 2324 1105 οῦ,
2357 1034 2446 1090 καὶ
2480 1036 2554 1097 εἷς
2601 1035 2658 1090 ὃν
2706 1037 2741 1104 ἡ
2787 1034 2968 1110 χρίσις
3009 1035 3144 1108 (65),
3195 1029 3310 1087 οἶδε
3353 1036 3517 1086 τοῦτο
3564 1033 3592 1086 6
3623 1036 3727 1088 Πα-

2074 1127 2177 1200 τὴρ
2225 1129 2322 1179 τοῦ
2365 1123 2624 1192 ἀληθινοῦ
2691 1122 2781 1178 καὶ
2844 1118 3013 1184 ὄντως
3072 1125 3326 1197 Χριστοῦ,
3388 1120 3446 1175 ὃν
3516 1116 3726 1196 ἔχρισεν

2076 1212 2256 1269 ἔλαιον
2302 1212 2676 1287 ἀγαλλιάσεως
2707 1212 2851 1288 παρὰ
2878 1211 3005 1273 τοὺς
3044 1210 3315 1286 μετόχους
3364 1209 3551 1278 αὐτοῦ,
3600 1208 3726 1285 χρί-

2077 1325 2169 1365 σας
2215 1304 2315 1370 τήν
2368 1301 2762 1377 ἀνθρωπότητα
2807 1305 2876 1375 τῇ
2927 1300 3164 1371 θεότητι,
3215 1297 3353 1353 ὥστε
3399 1304 3626 1367 ποιῆσαι
3662 1297 3732 1352 τὰ

2075 1392 2354 1468 ἀμφότερα
2381 1388 2436 1445 ἓν
2458 1409 2471 1421 ·
2503 1391 2592 1445 καὶ
2639 1389 2797 1452 αὐτὸς
2847 1391 2874 1444 6
2914 1390 3043 1452 Θεὸς
3073 1387 3162 1442 καὶ
3197 1387 3393 1463 Κύριος
3424 1389 3535 1460 (66)
3565 1389 3728 1458 ἡμῶν

2076 1482 2288 1550 Ἰησοῦς
2321 1479 2574 1553 Χριστὸς,
2627 1476 2696 1533 δι’
2746 1477 2807 1533 οῦ
2853 1479 2953 1547 τὴν
2994 1474 3342 1552 καταλλαγὴν
3389 1475 3730 1550 ἐσχήκαμεν,

2075 1570 2163 1624 καὶ
2215 1569 2278 1624 τὸ
2335 1573 2554 1641 Πνεῦμα
2603 1567 2666 1622 τὸ
2711 1568 2888 1644 ἅγιον,
2932 1566 2961 1621 6'
2993 1565 3139 1622 ἔθετο
3169 1568 3317 1638 ἡμᾶς
3351 1565 3425 1627 εἷς
3455 1566 3554 1634 τήν
3613 1563 3732 1619 δια-

2075 1659 2256 1713 κονίαν
2311 1658 2532 1729 ταύτην,
2587 1656 2639 1711 ἐν
2692 1660 2730 1725 ἦ
2775 1657 2864 1711 καὶ
2909 1655 3232 1727 ἑστήκαμεν,
3283 1651 3371 1708 καί
3399 1653 3733 1729 καυχώμεθα

2077 1749 2158 1802 ἐπ’
2189 1744 2373 1802 ἐλπίδι
2429 1749 2542 1820 (67)
2587 1751 2689 1815 τῆς
2739 1743 2899 1816 δόξης
2942 1748 3039 1800 τοῦ
3088 1742 3293 1819 Κυρίου
3338 1743 3499 1815 ἡμῶν
3549 1743 3732 1810 Ἰησοῦ

2076 1839 2332 1913 Χριστοῦ,
2393 1837 2438 1909 ᾦ
2495 1838 2529 1905 ἡ
2580 1832 2708 1906 δόξα
2764 1835 2839 1898 εἷς
2887 1833 3014 1898 τοὺς
3075 1832 3272 1894 αἰῶνας
3327 1835 3435 1887 τῶν
3487 1829 3728 1888 αἰώνων.

2078 1929 2136 1982 ’Δ
2149 1929 2278 2000 μήν.

2153 2167 2350 2292 (6β)¹0
2409 2164 2538 2226 Θεὸς
2597 2163 2686 2220 καὶ
2745 2161 2963 2240 Κύριος.
3027 2162 3122 2220 Sic
3179 2163 3295 2219 duo
3356 2161 3497 2234 Reg.
3559 2159 3736 2218 Deest

2081 2260 2150 2293 κα
2212 2257 2268 2293 In
2305 2243 2434 2293 Par.
2469 2238 2560 2292 ed.

2158 2238 2171 2292 ί
2212 2240 2268 2293 in
2305 2243 2434 2293 Par.
2469 2238 2560 2292 ed.
2828 2238 2835 2240 “

2153 2311 2266 2383 (67)
2321 2306 2644 2365 Ἐπ’ὲλπίδι.
2705 2309 2796 2364 Sic
2855 2311 2972 2363 tres
3033 2306 3210 2378 Regg.
3271 2308 3330 2360 et
3382 2304 3502 2360 Jes.
3563 2301 3738 2358 Deest

2083 2381 2170 2436 in"
2197 2381 2258 2437 in
2291 2383 2420 2438 Par.
2456 2383 2548 2438 ed.

2567 2637 2971 2736 ΛΟΓΟΣ
3056 2636 3246 2732 IA’.

2081 2785 2184 2836 Τοῦ
2216 2779 2379 2834 αὐτοῦ
2429 2778 2565 2851 (68),
2597 2775 2672 2851 εἷς
2717 2772 3018 2851 Γρῃγόριον
3073 2771 3308 2851 Ιξῖὖσσης,
3353 2771 3443 2824 τὸν
3487 2772 3584 2851 τοῦ
3639 2788 3738 2851 με·

2151 2851 2326 2928 γάλου
2405 2840 2686 2928 Βασιλείου
2756 2840 3012 2923 ἀδελφὸν,
3089 2840 3372 2899 ἐπιστάντα
3443 2840 3575 2913 μετὰ
3631 2840 3734 2908 τήν

2152 2922 2523 2999 χειροτονίαν.

2151 3037 2229 3086 A’.
2293 3027 2469 3084 Φίλου
2527 3029 2722 3082 πιστοῦ
2796 3023 2896 3078 οὐκ
2962 3019 3101 3077 ἔστιν
3183 3021 3293 3093 (69)
3369 3015 3735 3090 ἀντάλλαγμα

2076 3123 2181 3174 τῶν
2242 3113 2412 3173 ὄντων
2471 3113 2646 3189 οὐδὲν,
2709 3110 2831 3168 οὐδὲ
2885 3133 2967 3174 τις
3045 3110 3281 3182 σταθμὸς
3356 3109 3454 3176 τῆς
3521 3104 3733 3160 καλλο-

2076 3211 2175 3278 νῆς
2236 3211 2345 3282 (70)
2405 3206 2588 3263 αὐτοῦ.
2652 3203 2822 3265 Φίλος
2878 3201 3066 3262 πιστὸς
3115 3200 3282 3269 σκὲπη
3329 3197 3579 3274 κραταιὰ,
3641 3196 3733 3282 διαὶ

2080 3281 2450 3374 ὥχυρωμένον
2489 3294 2790 3370 βασιλειον,
2833 3289 3005 3353 Φίλος
3053 3290 3241 3351 πιστὸς
3299 3287 3599 3374 θησαυρὸς.
3636 3281 3735 3357 ἔμ-

2078 3372 2257 3462 ψυχος
2289 3384 2606 3459 (71).Φίλος
2639 3384 2824 3443 πιστὸς
2849 3381 2979 3454 ὑπὲρ
3009 3378 3234 3455 χρυσίον
3256 3375 3345 3431 καὶ
3371 3375 3522 3438 λίθον
3546 3372 3732 3446 τίμιον

2077 3475 2276 3531 πολύν.
2354 3473 2525 3535 Φίλος
2601 3472 2790 3533 πιστὸς
2861 3472 3037 3538 κῆπος
3125 3465 3508 3538 κεκλεισμένος
3574 3463 3732 3536 πηγή

2079 3563 2503 3643 ισφραγισμένη,
2564 3563 2698 3615 κατὰ
2755 3559 2941 3633 καιρὸν
3001 3555 3328 3632 ἀνοιγόμενά
3486 3551 3576 3607 καὶ
3635 3571 3729 3623 με-

2073 3641 2550 3726 ταλαμϐανόμενα.
2596 3650 2767 3712 Φίλος
2799 3647 2987 3708 πιστὸς
3019 3645 3190 3717 λιμὴν
3242 3641 3550 3716 ἀναψύξεως
3589 3643 3725 3713 (72).

2076 3744 2173 3798 ’Λν
2209 3741 2267 3797 δὲ
2296 3741 2385 3796 καὶ
2420 3739 2622 3795 συνέσει
2657 3736 2900 3816 διαφέρῃ.
2947 3734 3219 3806 πηλίκον;
3251 3731 3314 3786 El
3367 3729 3424 3785 δὶ
3471 3729 3561 3785 καὶ
3607 3749 3730 3784 παι-

2078 3830 2220 3886 ὃείαν
2254 3830 2438 3906 ἄκρος,
2471 3829 2561 3884 καὶ
2591 3824 2836 3883 παιδείαν
2878 3822 3160 3892 παντοίαν,
3205 3822 3303 3891 τήν
3352 3840 3412 3875 τε
3459 3817 3729 3893 ἡμετέραν

2077 3919 2223 3997 λέγω
2278 3921 2367 3975 καὶ
2421 3921 2522 3990 τήν
2579 3938 2710 3972 ποτε
2763 3916 3051 3989 ἡμετέραν,
3115 3910 3225 3984 δσῳ
3302 3906 3730 3997 λαμπρότερονς

328 4018 504 4071 quam
526 4020 592 4060 ea
612 4023 741 4076 quae
766 4010 1064 4079 quondam
1088 4016 1291 4066 nostra
1315 4016 1459 4080 erat,
1485 4017 1704 4082 quanto
1727 4014 1961 4068 tandem

2086 3994 2230 4066 lii-8E
2259 4010 2347 4065 καὶ
2398 4010 2511 4070 υἱὸς
2558 4006 2760 4085 φωτὸς,
2809 4005 2843 4073 ἢ
2897 4005 3176 4076 ἄνθρωπος
3225 4003 3322 4054 τοῦ
3372 4000 3527 4069 Θεοῦ,
3576 3994 3735 4085 lii-{-

327 4089 484 4145 istud
513 4091 867 4152 luculentius
889 4098 1088 4161 PQuod
1123 4101 1171 4154 si
1205 4100 1275 4154 ad
1308 4100 1414 4156 has
1448 4118 1683 4172 quoque
1713 4103 1877 4157 dotes
1909 4103 1964 4157 id

329 4181 586 4246 accedat,
622 4187 684 4236 ut
714 4183 862 4241 lucis
895 4189 972 4241 sit
1003 4188 1241 4255 ﬁlius“,
1278 4195 1378 4244 aut
1408 4190 1580 4245 homo
1626 4191 1724 4245 Dei
1743 4192 1807 4257 ⁶⁸,
1869 4198 1969 4246 aut

327 4268 398 4322 ad
420 4269 595 4323 Deum
617 4274 854 4343 propius
869 4279 1149 4332 accedens
1170 4279 1234 4348 ⁸⁸,
1260 4284 1360 4333 aut
1376 4279 1464 4332 vir
1484 4279 1908 4336 desideriorum
1925 4283 1966 4315 ⁸⁷

329 4357 638 4424 bonorum,
684 4367 785 4417 aut
841 4365 1195 4435 quibusdam
1267 4366 1324 4420 id
1385 4384 1569 4438 genus
1629 4370 1968 4424 nominibus

328 4445 565 4516 dignus,
597 4450 813 4520 quibus
847 4454 1113 4510 homines
1145 4456 1373 4510 divinos
1404 4461 1462 4511 et
1492 4457 1750 4513 excelsos
1782 4475 1847 4513 ac
1879 4476 1971 4514 su-

329 4551 519 4605 pernae
564 4540 743 4609 partis
776 4547 1016 4597 exornat
1055 4544 1375 4615 Scriptura,
1436 4545 1494 4600 id
1552 4563 1683 4600 vero
1717 4548 1815 4602 Dei
1840 4549 1966 4617 jam

329 4623 549 4680 donum
581 4633 685 4697 est,
713 4632 1103 4701 meritumque
1135 4637 1403 4688 nostrum
1437 4652 1678 4706 prorsus
1710 4638 1958 4695 excedit.

330 4712 492 4775 Quod
524 4716 574 4771 si
605 4717 846 4790 insuper
897 4723 968 4775 ab
1001 4721 1188 4776 amico
1247 4739 1353 4779 nos
1381 4725 1596 4790 veniat,
1628 4742 1830 4798 eoque,
1865 4743 1968 4783 nec

328 4800 562 4872 virtute,
595 4822 697 4861 nec
728 4823 924 4862 amore
964 4825 1101 4880 erga
1154 4827 1278 4879 nos,
1309 4812 1592 4885 inferiori,
1626 4815 1734 4870 hoc
1767 4815 1969 4887 utique

2076 4101 2238 4177 γίζῶν
2281 4098 2415 4171 Θεῷ,
2460 4100 2495 4166 ἢ
2543 4084 2676 4172 ἀνὴρ
2725 4094 3020 4167 ἰπιθυμιῶν
3072 4091 3183 4163 (73)
3228 4091 3336 4177 τῷν
3386 4084 3731 4177 κρειττόνων..

2077 4173 2110 4259 ἦ
2136 4212 2186 4244 τι
2226 4191 2333 4255 τῷν
2359 4186 2618 4242 τοιούτων
2655 4184 3011 4256 ὀνομάζεσθαι
3037 4179 3208 4252 ἄξιος,
3239 4176 3319 4238 οἷς
3340 4177 3454 4249 (74)
3477 4176 3511 4243 ἡ
3545 4173 3732 4251 Γραφὴ

2076 4284 2211 4352 τιμᾷ
2237 4278 2364 4339 τοὺς
2396 4275 2627 4344 ἐνθέους,
2674 4274 2764 4328 καὶ
2824 4270 3095 4346 ὑψηλοὺς,
3142 4266 3230 4322 καὶ
3273 4271 3374 4335 τῆς
3424 4265 3532 4320 ἄνω
3576 4261 3735 4352 μερί-

2079 4351 2194 4434 δος,
2224 4372 2384 4422 τοῦτο
2440 4366 2533 4437 μὲν
2585 4362 2693 4432 ἤδη
2749 4360 2920 4437 δῶρον
2969 4361 3123 4427 Θεοῦ,
3170 4355 3260 4411 καὶ
3313 4357 3555 4432 φανερῶς
3600 4351 3733 4426 ὑπὲρ

2075 4458 2175 4526 τήν
2207 4455 2349 4526 ἀξίαν
2398 4456 2497 4522 τὴν
2547 4449 2838 4526 ἡμετέραν.
2890 4448 2954 4505 Et
2996 4446 3052 4502 δὲ
3095 4445 3184 4501 καὶ
3224 4444 3370 4520 παρὰ
3400 4442 3564 4519 φίλου
3594 4440 3732 4514 πρὸς

2077 4548 2224 4618 ἡμᾶς
2253 4544 2427 4612 ἥκων,
2458 4542 2547 4597 καὶ
2577 4540 2772 4596 τούτου
2800 4540 2898 4608 τήν
2923 4558 2982 4592 τε
3034 4535 3230 4612 ἀρετὴν
3281 4533 3580 4605 ὁμοτίμου,
3638 4528 3729 4582 καὶ

2075 4616 2174 4704 τῆν
2219 4633 2403 4711 φιλίαν
2452 4633 2549 4699 τήν
2597 4629 2888 4703 ἡμετέραν,
2957 4624 3032 4681 ἔτι
3094 4621 3451 4699 τερπνότερον
3511 4639 3570 4672 τε
3643 4616 3730 4671 καὶ

2079 4707 2453 4801 χαριέστερον,
2503 4723 2592 4775 καὶ
2647 4719 2820 4795 μύρου
2864 4713 2959 4771 τοῦ
3007 4717 3345 4788 κοσμοῦντος
3386 4707 3620 4784 πώγωνά
3669 4722 3726 4756 τε

2078 4812 2269 4890 ἱερέως
2298 4811 2386 4867 καὶ
2416 4809 2523 4865 ὤαν
2558 4807 2854 4882 ἰνδύματος
2887 4802 3268 4877 εὐωδίστερον.

329 4890 520 4948 adhuc
550 4895 779 4965 gratius
809 4901 986 4968 atque
1023 4899 1371 4974 jucundius,
1405 4909 1821 4976 unguentoque
1868 4886 1986 4976 illo,
2018 4886 2340 4963 sacerdotis
2386 4902 2632 4959 barbam
2662 4904 2721 4956 et
2750 4895 3084 4956 vestimenti
3113 4909 3277 4952 oram
3303 4891 3347 4927 ⁸⁸
3396 4886 3725 4952 decorante,

327 4979 704 5053 fragrantius.

398 5096 640 5179 Eccli.
678 5113 807 5179 AVIL
838 5100 905 5179 14
937 5100 1022 5179 15_.
1082 5103 1127 5138 ⁸³
1185 5106 1341 5165 Psal.
1403 5125 1563 5179 XVIII,
1593 5110 1678 5164 11.
1710 5110 1755 5146 ⁸³
1813 5111 1967 5165 Cant.

2146 5111 2233 5164 12.
2267 5109 2312 5152 6‘
2341 5109 2511 5164 Joan.
2570 5120 2651 5162 XII
2680 5104 2790 5171 36;
2849 5101 2993 5174 Eph.
3023 5115 3081 5168 ν,
3114 5099 3167 5154 8.
3218 5097 3265 5134 ⁸⁵
3295 5094 3369 5150 IV
3397 5097 3536 5162 Reg.
3592 5105 3633 5156 I,
3655 5087 3729 5156 9;

331 5165 350 5219 Ι
384 5166 536 5221 Tim.
569 5183 646 5235 VI,
677 5171 731 5225 2.
765 5171 808 5205 ⁸⁸
838 5172 1048 5231 Ezech.
1082 5193 1239 5245 XLIII,
1273 5181 1358 5234 19.
1386 5181 1428 5216 ⁵⁷
1453 5165 1595 5237 Dan.
1629 5199 1705 5249 Ix,
1737 5181 1827 5235 23.
1859 5183 1902 5217 ⁸⁸
1935 5165 2087 5239 Ρειιιί
2111 5198 2320 5249 cxxxu,
2364 5186 2415 5236 2.

400 5283 479 5367 (al
507 5283 744 5367 Aliastl,
778 5305 904 5360 quae
928 5297 1120 5367 autem
1153 5295 1204 5349 i1
1233 5301 1376 5361 erat,
1399 5314 1554 5352 nunc
1584 5299 1636 5351 8.
1671 5297 1966 5356 ——Habite

332 5356 520 5409 medio
552 5356 962 5418 circiter—anno
989 5365 1111 5421 372.

405 5426 515 5496 (68)
544 5432 675 5507 ’Τοῦ
712 5429 895 5507 αὐτοῦ.
930 5435 1019 5489 Sic
1064 5437 1242 5507 rReg.
1292 5437 1412 5492 bm.
1478 5440 1538 5492 In
1596 5440 1786 5496 tribus
1847 5441 1977 5497 aliis

333 5492 507 5584 stygia;
544 5499 698 5584 hunc
730 5504 980 5584 legimus
1033 5492 1307 5584 ιίιυιιῖφε
1340 5509 1437 5584 Εἰς
1471 5492 1782 5584 Γρηγάεέὶᾶκῖ
1817 5492 1978 5566 ait):

334 5569 429 5656 ἰξὸν
467 5569 745 5656 Βασιλείομ
778 5569 1065 5656 ἐπιστάντα
1119 5577 1250 5648 μετὰ
1291 5580 1392 5645 ’τήν
1439 5569 1795 5656 χείροτο’κθίαν.
1831 5609 1858 5635 ‹‹
1896 5587 1979 5639 Ad

338 5636 681 5710 Gregorium
717 5646 910 5700 Basilii
949 5636 1206 5710 fratrem,
1245 5672 1271 5697 ››
1303 5636 1412 5706 etc.

2095 5296 2444 5370 aquaverit_._
2458 5317 2485 5344 »

2168 5356 2277 5442 (70)
2311 5364 2621 5442 Καλλονῆς.
2654 5367 2828 5442 Pass:
2849 5356 3108 5442 καλονῇς.

2159 5419 2276 5513 (⁸11)
2313 5419 2502 5513 sibilo;
2557 5419 2748 5513 πιστὸς
2806 5419 3081 5504 Θησαυρὸς
3129 5427 3397 5503 ἔμψυχος.
3440 5425 3571 5475 Haec
3637 5419 3738 5474 de-

2091 5509 2230 5569 sunt
2252 5509 2322 5566 in
2355 5511 2586 5566 duobus
2619 5509 2797 5579 Begg.

2167 5523 2230 5568 nt
2262 5523 2322 5566 in
2355 5523 2586 5566 duonus
2620 5523 2806 5632 uegqi
3087 5573 3098 5584 .
3189 5571 3199 5583 .

2161 5585 2269 5651 (72)
2304 5579 2667 5652 Ἀναψῦξεως.
2706 5601 2733 5629 ‹‹
2769 5650 2775 5652 _
2809 5577 3256 5652 efrigerattonls.
3293 5590 3321 5618 ››

2165 5631 2273 5725 (ᾗ)
2306 5631 2688 5725 ’ἐπὶίόίυρίῷᾴη
2866 5631 3118 5717 quatuor
3174 5644 3353 5713 Regg.
3412 5641 3467 5692 et
3515 5631 3743 5689 duode-

714 5711 853 5767 ἔστιν
931 5725 1036 5800 etc.
1096 5742 1124 5770 ‹‹
1175 5705 1358 5800 Iflulla
1402 5705 1619 5800 rerum
1673 5728 1854 5800 digna
1897 5744 1967 5800 es

2093 5705 2207 5784 οἱῶ
2227 5705 2404 5800 ῥοῇ.
2576 5720 2874 5800 ἐπιθυμέω.

339 5783 745 5853 commutatio,
780 5803 884 5842 nec
910 5789 1029 5845 ulla
1058 5793 1397 5861 ponderatio
1429 5783 1778 5867 probitatem
1824 5783 1986 5857 illius

2168 5775 2555 5873 ᾶ43ὀῗὲ.ἒῑὸ
2580 5775 2947 5865 ὶιέοείΡιθεε.
2977 5786 3108 5848 Par.
3139 5784 3231 5842 ed.
3265 5775 3379 5842 οῦς.
