4146 6290
386 293 504 361 833

465 429 535 485 B"
583 429 705 503 ’Ἆρ’
748 427 839 481 οὗν
890 424 1046 481 ἱκανά
1092 430 1278 501 ταῦτα,
1328 427 1417 482 καὶ
1469 426 1702 503 μετρίως
1752 426 1864 500 (75)
1917 425 2040 498 ὑμῖν
2074 427 2129 494 Α

388 519 484 574 τὸν
510 513 674 593 ἄνδρα
721 516 749 571 6
806 514 969 593 λόγος
1025 515 1289 592 ἔγραψεν;
1350 517 1415 575 Ἦ
1474 513 1574 584 δεῖ,
1624 516 1860 591 καθάπερ
1916 513 2042 576 τοὺς

394 605 676 680 ἐπιμελεῖς
724 608 831 661 τῶν
888 606 1212 683 ζωγράφων,
1283 604 1553 666 πολλάκις
1608 599 1922 660 ἐπιϐάλλειν
1977 602 2045 658 τὰ

393 697 688 771 χρώματα,
721 692 814 750 ’ίνα
870 694 1199 772 τελεωτέραν
1261 696 1386 768 ὑμῖν
1434 698 1545 769 ι76)
1592 696 1692 763 τὴν
1719 697 1816 748 τοῦ
1876 691 2041 769 λόγου

385 786 601 862 γραφὴν
645 787 1120 859 παραστήσωμεν;
1170 784 1270 838 Καὶ
1330 783 1397 853 δὴ
1445 784 1723 860 γράψομεν
1770 786 1885 855 (77)
1916 783 2043 855 ὑμῖν

385 871 720 946 τελεώτερον
767 894 827 928 τε
883 872 973 928 καὶ
1032 874 1376 951 σαφέστερον.
1426 872 1516 934 Τίς
1560 873 1871 944 νομοθετῶν
1924 870 2041 925 ἐπι-

390 962 756 1041 φανέστατος;
804 964 1065 1031 Μωϋσῆς,
1123 961 1213 1023 Τίς
1270 962 1459 1038 ὶέρέων
1520 961 1853 1038 άγιώτατος;
1913 960 2041 1015 Ἀα-

391 1053 499 1127 ρών
527 1071 539 1085 ·
576 1051 683 1127 οὐχ
710 1051 873 1121 ἧττον
916 1047 1143 1129 ἀδελφοὶ
1189 1050 1287 1119 τήν
1322 1045 1588 1105 εὐσέϐειαν
1619 1051 1653 1119 ἣ
1681 1050 1749 1104 τὰ
1778 1050 2003 1123 σώματα
2025 1067 2038 1081 ⁸

393 1139 608 1216 μᾶλλον
642 1138 699 1196 δὶ
730 1141 758 1195 ὁ
793 1140 887 1214 μὶν
919 1141 1048 1203 Θεὸς
1094 1140 1316 1217 Φαραὼ,
1362 1139 1451 1194 καὶ
1497 1143 1592 1194 τοῦ
1642 1137 1860 1213 Ἰσραὴλ
1906 1158 2041 1214 προ-

383 1229 586 1302 στάτης
644 1232 758 1305 (78)
814 1229 904 1285 καὶ
960 1228 1286 1304 νομοθέτης,
1335 1227 1423 1283 καὶ
1480 1235 1582 1299 τῆς
1638 1227 1869 1306 νεφέλης
1915 1225 2041 1282 εἷ’σω

381 1324 611 1395 χωρῶν,
666 1319 757 1375 καὶ
812 1318 969 1374 Θείων
1031 1317 1344 1395 μυστηρίων
1405 1316 1649 1387 ἐπόπτης
1691 1338 1747 1373 τε
1792 1317 1882 1372 καὶ
1929 1338 2044 1391 -μυ-

385 1408 671 1483 σταγωγὸς
703 1409 836 1482 (79),
870 1409 960 1463 καὶ
988 1410 1085 1478 τῆς
1119 1414 1325 1479 σκηνῆς
1348 1415 1446 1478 τῆς
1479 1405 1749 1478 ἀληθινῆς
1764 1405 2042 1483 τεχνίτης,

386 1498 450 1567 ἣν
482 1493 673 1568 ἔπηξεν
727 1498 756 1552 6
812 1496 1032 1572 Κύριος,
1088 1497 1180 1552 καὶ
1239 1496 1339 1551 οὐκ
1384 1497 1705 1571 ἄνθρωπος’
1764 1497 1927 1569 ἱερεῖς
1985 1492 2043 1549 δὲ

388 1584 601 1656 ὁμοίως
656 1584 975 1662 ἀμφότεροι.
1033 1592 1237 1655 Μωσῆς
1294 1586 1421 1660 γὰρ,
1479 1585 1633 1663 φησὶ,
1692 1584 1780 1639 καὶ
1830 1585 2040 1659 ’Δαρὼν

390 1673 444 1728 ἐν
476 1678 593 1737 τοῖς
628 1676 734 1747 (80)
782 1676 1012 1751 ἱερεῦσιν
1063 1675 1265 1730 αὐτοῦ’
1320 1676 1347 1729 ὁ
1399 1675 1492 1747 μὲν
1523 1674 1709 1749 ἄρχων
1761 1672 2042 1749 ἀρχόντων

383 1763 477 1818 καὶ
536 1761 709 1838 ἱερεὺς
759 1761 970 1839 ἱερέων,
1029 1764 1320 1839 χρώμενος
1386 1764 1480 1835 μὲν
1537 1764 1635 1817 ὃσα
1688 1760 1909 1839 γλώσσῃ
1960 1766 2041 1835 τῷ
2076 1802 2120 1866 Β

381 1852 616 1929 Ἀαρὼν,
672 1850 835 1915 αὐτὸς
893 1850 951 1907 δὲ
1004 1854 1071 1907 τὰ
1113 1857 1248 1927 πρὸς
1288 1853 1415 1908 Θεὸν
1448 1851 1631 1925 ἐκείνῳ
1661 1852 1977 1927 γινόμενος·
2013 1853 2041 1906 6

386 1938 446 1997 δὲ
479 1941 593 2014 μετ’
645 1940 843 1995 ἐκεῖνον
893 1940 988 2014 μὶν
1047 1941 1225 2014 εὐθὺς,
1282 1940 1428 1997 πολὺ
1479 1938 1536 1996 δὲ
1580 1940 1685 2015 πρὸ
1715 1945 1822 1995 τῶν
1853 1938 2036 1996 ἄλλων

388 2029 509 2101 ἀξίᾳ
536 2051 595 2084 τε
622 2029 711 2085 καὶ
742 2033 811 2104 τῇ
859 2032 996 2107 πρὸς
1027 2031 1153 2087 Θεὸν
1200 2029 1477 2108 ἐγγότήτι.
1512 2029 1840 2109 Ἀμφότεροι
1875 2031 2039 2106 βασα-

386 2117 621 2188 νίζοντες
669 2114 971 2193 Αῗγυπτον,
1018 2116 1286 2174 θάλασσαν
1320 2118 1647 2192 ’τέμνοντες,
1691 2120 1782 2173 τὸν
1820 2117 2038 2194 Ἰσραὴλ

388 2204 740 2284 διεξάγοντες,
771 2207 897 2271 τοὺς
928 2207 1160 2283 ἐχθροὺς
1213 2208 1585 2284 βαπτίζοντες,
1630 2205 1789 2283 ἄρτον
1837 2204 2038 2263 ἄνωθεν

386 2294 658 2367 ἕλκοντες,
686 2294 833 2372 ὕδωρ
864 2294 1087 2351 ἄπιστον
1122 2296 1174 2352 ἐν
1205 2296 1421 2371 ἐρήμῳ,
1459 2297 1522 2351 τὸ
1573 2297 1667 2369 μὲν
1715 2294 2037 2367 ἐκδιδόντες,

382 2386 447 2440 τὸ
480 2382 537 2440 δὲ
580 2383 960 2462 γλυκαίνοντες
984 2403 997 2416 ·
1046 2384 1344 2464 ἀμφότεροι
1394 2385 1895 2458 καταπολεμοῢντες
1928 2389 2042 2460 (81)

385 2475 479 2531 τὸν
513 2474 772 2549 Ἀμαλὴκ
817 2474 1023 2530 ἐκτάσει
1074 2494 1278 2550 χειρων
1324 2474 1466 2551 ἁγίᾳ,
1518 2474 1607 2529 καὶ
1644 2474 1801 2548 τύπῳ
1835 2497 2041 2549 μυστη-

392 2562 512 2639 ρίου
547 2563 793 2636 μείζονος
817 2584 829 2596 ·
883 2563 1180 2643 ἀπφότεροι
1227 2564 1366 2638 πρὸς
1411 2567 1510 2632 τήν
1551 2571 1655 2639 γῆς
1682 2571 1784 2634 τῆς
1815 2564 2041 2641 ἐπαγγε-

390 2650 535 2720 λίας,
582 2653 671 2707 καὶ
721 2651 1049 2728 ὁδηγοῦντες
1099 2652 1188 2708 καὶ
1246 2649 1586 2715 σπεύδοντες.
1633 2655 1720 2725 Μή
1753 2675 1805 2709 τι
1835 2676 2040 2730 γνωρι-

393 2743 638 2817 μώτερον
665 2744 778 2816 (82)
806 2749 905 2812 τῆς
938 2742 1144 2805 εἷκόνος
1172 2762 1185 2812 ;
1218 2742 1291 2797 Οὐ
1331 2746 1512 2821 σαφῶς
1566 2741 1692 2816 ὑμῖν
1740 2742 1833 2798 τὸν
1890 2744 2040 2817 ὁμώ-

388 2852 559 2903 νυμον
585 2833 698 2903 (83)
727 2830 853 2903 ἐμοὶ
885 2832 974 2886 καὶ
1015 2830 1302 2907 ὁμόψυχον
1339 2834 1446 2905 (84)
1494 2831 1522 2885 6
1565 2832 1844 2911 ζωγράφος
1872 2830 2039 2910 λόγος

389 2919 448 2972 ἀν
457 2918 789 2975 ετυπώσατο.

1378 290 1668 360 ORATIO
1711 292 1818 358 XI.
1849 322 1928 341 σει-
1956 289 2061 356 ΑῙ)
2108 288 2450 357 GREGOR.
2495 288 2825 356 NYSSEN.

3680 301 3801 362 834

2232 428 2301 481 ll.
2328 428 2408 481 An
2440 442 2569 482 vero
2602 427 2722 481 haec
2770 427 3089 496 sufﬁciunt,
3138 432 3311 502 atque
3368 432 3602 489 abunde
3632 435 3799 491 vobis

2150 513 2307 570 hunc
2336 516 2528 571 virum
2560 514 2744 570 oratio
2775 514 3074 587 depinxit!
3104 517 3190 571 An
3214 518 3383 575 nobis
3401 520 3594 591 potius
3626 521 3797 577 sedu-

2150 603 2239 660 los
2270 620 2335 659 ac
2370 604 2676 676 diligentes
2702 605 2953 675 pictores
2997 604 3214 660 imitari
3246 608 3533 679 convenit,
3582 611 3800 683 saepius

2152 709 2266 765 que
2296 692 2518 749 colores
2548 693 2848 762 inducere,
2880 710 2995 764 quo
3033 696 3434 765 perfectiorem
3466 700 3627 756 vobis
3673 719 3796 759 ser-

2152 784 2343 840 monis
2377 786 2665 855 picturam
2697 786 2769 839 ob
2799 783 2997 839 oculos
3033 787 3363 856 ponamus?
3409 789 3477 843 Et
3506 806 3640 846 vero
3672 793 3794 848 cla-

2151 873 2275 928 rius
2304 874 2681 945 exactiusque
2710 873 2872 928 vobis
2893 873 3188 929 hominem
3212 876 3633 936 describemus.
3658 881 3798 945 Quis

2154 962 2555 1034 legislatorum
2581 961 3073 1017 illustrissimus?
3103 963 3315 1035 Moyse.
3349 966 3489 1031 Quis
3530 972 3796 1027 sacerdo-

2151 1056 2278 1107 tum
2329 1050 2790 1107 sanctissimus?
2846 1052 3076 1106 Aaron:
3136 1068 3250 1109 non
3313 1053 3511 1112 minus
3561 1058 3797 1129 pietate.

2151 1156 2331 1212 quam
2387 1139 2729 1211 corporibus
2755 1139 2963 1195 fratres
2996 1156 3010 1206 ;
3042 1141 3129 1195 vel
3164 1142 3382 1212 potius,
3428 1143 3524 1200 ille
3555 1148 3793 1218 quidem

2151 1228 2472 1284 Pharaonis
2535 1230 2683 1284 Deus
2733 1229 2796 1295 ⁶⁹,
2858 1232 2914 1283 et
2961 1228 3359 1286 Israelitarum
3421 1234 3667 1292 antistes
3742 1242 3799 1295 et

2151 1316 2469 1388 legislator,
2531 1320 2587 1373 et
2652 1317 2866 1372 nubem
2940 1316 3296 1390 ingrediens,
3353 1325 3410 1377 et
3464 1322 3795 1384 divinorum

2152 1407 2565 1479 mysteriorum
2606 1410 2899 1478 spectator
2954 1415 3006 1462 el
3057 1409 3290 1480 praesul,
3322 1414 3381 1466 et
3432 1413 3795 1472 tabernaculi

2152 1496 2315 1551 illius
2353 1496 2471 1551 veri
2520 1495 2852 1562 fabricator,
2887 1497 3042 1566 quod
3076 1514 3109 1551 a
3144 1499 3275 1564 Deo,
3311 1516 3424 1556 non
3456 1502 3528 1557 ab
3560 1503 3797 1563 homine

2152 1589 2556 1641 constructum
2589 1589 2678 1639 est
2706 1586 2775 1638 7°:
2801 1586 2974 1640 ambo
3023 1591 3218 1641 autem
3250 1605 3412 1659 aeque
3443 1594 3795 1652 sacerdotes.

2151 1673 2340 1728 Moses
2369 1673 2547 1743 enim,
2581 1672 2663 1727 ait
2710 1672 2827 1737 ille,
2885 1679 2942 1728 et
2984 1680 3197 1741 Aaron,
3259 1676 3410 1732 inter
3466 1683 3795 1740 sacerdotes

2150 1762 2364 1833 ejus“.
2390 1761 2489 1831 Ille
2516 1760 2842 1832 principum
2876 1762 3167 1834 princeps,
3201 1768 3255 1819 et
3285 1768 3655 1825 sacerdotum
3703 1789 3795 1827 sa-

2151 1851 2373 1911 cerdos.
2408 1856 2630 1906 Aarone
2661 1867 2763 1921 pro
2786 1850 2983 1921 lingua
3031 1856 3227 1917 utens,
3258 1854 3489 1926 ipsique
3535 1859 3794 1916 vicissim

2152 1939 2212 1993 in
2243 1938 2314 1994 iis
2337 1939 2507 1995 rebus
2540 1954 2773 2010 operam
2807 1956 3047 2008 navans,
3082 1958 3210 2012 qua!
3232 1945 3303 1997 ad
3340 1949 3517 2001 Deum
3550 1948 3797 2019 pertine-

2150 2028 2291 2083 bant
2320 2029 2395 2084 72:
2429 2028 2521 2082 hic
2545 2026 2627 2081 illi
2650 2027 2847 2082 statim
2880 2030 3198 2095 secundus,
3222 2030 3368 2088 alios
3391 2039 3582 2092 autem
3603 2038 3795 2110 digni-

2150 2122 2268 2172 tate
2297 2122 2354 2173 et
2403 2117 2838 2189 propinquitate
2867 2119 2933 2172 ad
2984 2118 3166 2174 Deum
3199 2119 3368 2192 longe
3424 2127 3792 2184 antecedens.

2149 2207 2333 2262 Ambo
2365 2207 2672 2278 [Egyptum
2706 2211 2999 2274 vexantes,
3034 2224 3193 2263 mare
3224 2211 3577 2283 scindentes,
3603 2214 3792 2273 Israe-

2150 2294 2263 2350 lem
2280 2295 2652 2366 trajicientes,
2671 2294 2869 2351 hostes
2886 2296 3309 2369 demergentes,
3316 2316 3522 2370 panem
3544 2320 3609 2358 su
3622 2321 3795 2375 perna

2147 2383 2467 2451 trahentes,
2499 2399 2712 2454 aquam
2737 2383 3045 2439 hominum
3101 2385 3273 2442 ﬁdem
3306 2395 3682 2459 superantem
3733 2393 3792 2449 in

2151 2472 2383 2527 deserto
2414 2472 2627 2543 partim
2670 2472 3110 2543 profundentes,
3151 2476 3363 2545 partim
3411 2478 3790 2540 edulcantes:

2151 2561 2324 2616 ambo
2356 2576 2458 2632 per
2486 2565 2749 2615 sanctam
2781 2577 3065 2616 manuum
3089 2564 3486 2622 extensionem
3509 2569 3577 2634 ⁷³,
3608 2571 3794 2626 subli-

2152 2648 2468 2720 miorisque
2490 2649 2748 2721 mysterii
2778 2650 3050 2721 figuram,
3091 2652 3440 2710 Amalecitas
3460 2659 3793 2729 opprimen-

2150 2746 2235 2794 tes
2261 2756 2274 2794 :
2309 2738 2481 2794 ambo
2503 2739 2573 2793 ad
2607 2739 2960 2811 promissam
2985 2744 3197 2796 terram
3222 2743 3401 2799 duces
3430 2745 3532 2799 viae
3554 2763 3617 2801 se
3644 2765 3745 2820 pra
3771 2780 3795 2789 -

2150 2828 2373 2899 bentes,
2407 2844 2471 2882 ac
2499 2832 2897 2899 properantes.
2924 2828 3143 2901 Ecquid
3175 2829 3281 2885 hac
3311 2830 3565 2904 imagine
3596 2837 3794 2894 notius

2152 2916 2526 2989 apertiusque
2543 2916 2784 2989 cogitari
2797 2918 3027 2990 potest?
3044 2922 3246 2975 Nonne
3266 2922 3571 2993 perspicue
3587 2940 3795 2998 cogno-

2153 3006 2371 3061 minem
2441 3020 2637 3061 meum
2685 3006 2928 3078 parique
2969 3008 3165 3063 animo
3226 3010 3534 3082 praeditum
3582 3012 3796 3086 pictrix

2151 3095 2334 3152 oratio
2364 3094 2589 3150 efﬁnxit
2607 3094 2634 3150 ?

461 3182 535 3237 Γ’.
570 3182 792 3239 Τούτων
825 3184 850 3238 6
893 3184 988 3257 μὲν
1021 3180 1233 3261 ἔχρισεν
1283 3187 1453 3259 ἡμᾶς,
1502 3189 1592 3243 καὶ
1638 3188 2039 3265 κρυπτομένους

2224 3186 2321 3239 ΙΙΙ.
2365 3184 2584 3239 Horum
2633 3183 2781 3240 alter
2828 3201 2934 3241 nos
2968 3186 3153 3254 unxit,
3210 3204 3276 3244 ac
3332 3187 3584 3248 latentes
3638 3192 3791 3250 248

392 3269 469 3333 εἷς
504 3270 665 3345 μέσον
695 3270 899 3349 ἤγαγεν
926 3293 939 3307 ⁸
972 3273 1071 3329 οὐκ
1119 3272 1223 3329 οἷδ’
1272 3274 1303 3330 ὅ
1343 3298 1395 3331 τι
1440 3277 1648 3347 παθὼν,
1677 3279 1711 3346 ἢ
1735 3282 1851 3342 πῶς
1879 3298 2041 3350 κινη-

391 3358 502 3421 θεὶς
560 3360 785 3431 ἀναξίως
822 3367 920 3417 τοῦ
978 3361 1029 3417 ἐν
1084 3362 1231 3436 αὐτῷ
1285 3364 1626 3438 πνεύματος·
1682 3366 1773 3421 καὶ
1830 3368 1933 3443 γὰρ
1994 3368 2038 3423 εί

388 3449 723 3525 τραχύτερος
780 3452 808 3505 6
867 3449 1054 3529 λόγος,
1114 3451 1267 3526 ὅμως
1335 3457 1443 3528 (85)
1504 3454 1811 3531 εἷ’ρήσεται’
1867 3455 2039 3513 πάντα

388 3533 543 3591 οἷ’σει·
578 3537 733 3616 φιλία
760 3541 849 3594 καὶ
880 3546 1167 3617 πάσχουσα
1193 3542 1283 3596 καὶ
1323 3541 1611 3600 ἀκούουσα.
1658 3546 1719 3601 Ὁ
1769 3542 1825 3600 δὲ
1872 3566 2040 3621 παρα-

384 3622 631 3680 καλέσων
690 3624 834 3701 ἤχει,
904 3628 993 3682 καὶ
1068 3623 1445 3700 συμϐιϐάσων,
1509 3632 1598 3686 καὶ
1672 3635 2039 3710 προσημερώ-

388 3734 495 3768 σων
527 3717 641 3789 (86)
672 3716 748 3788 τῷ
780 3716 1070 3789 Πνεύματι.
1103 3718 1257 3792 Μέγα
1289 3718 1403 3791 μὲν,
1457 3717 1538 3773 ὅτι
1596 3720 1686 3775 καὶ
1740 3727 1852 3793 νῦν,
1913 3722 2038 3797 ἐμοὶ

388 3804 527 3876 (πῶς
590 3800 647 3857 δὲ
696 3803 756 3857 οὐ
820 3804 1109 3878 μέγιστυν;
1168 3804 1230 3867 ὅς
1285 3827 1346 3881 γε
1387 3807 1582 3870 παντὸς
1616 3809 1754 3881 ὑμᾶς
1782 3816 1879 3865 τοῦ
1916 3813 2036 3887 βίου

384 3890 831 3965 προεστησάμην)
861 3911 877 3927 ⁸
918 3894 1205 3970 μέμφομαι
1258 3891 1335 3965 δὲ,
1379 3894 1463 3950 ὅτι
1510 3903 1609 3966 τῆς
1654 3898 1845 3973 χρείας
1892 3899 2038 3955 ὕστε-

383 3999 478 4056 ρος
539 3983 671 4054 (87).
727 3985 849 4042 Πῶς
912 3981 1045 4054 μετὰ
1096 3982 1196 4051 τὴν
1256 3983 1421 4051 ἧτταν
1475 3985 1564 4038 καὶ
1598 3984 1946 4061 καταδρομὴν
1999 3992 2033 4059 ἠ

385 4068 700 4145 συμμαχία,
732 4071 777 4124 ὦ
809 4068 983 4147 φίλων
1017 4067 1200 4145 ἄριστε
1228 4071 1318 4125 καὶ
1370 4073 1716 4149 συμμάχων;
1766 4075 1854 4130 καὶ
1905 4078 2037 4149 μετὰ

382 4159 482 4225 τὴν
518 4158 686 4229 ζάλην
721 4160 749 4213 6
778 4154 1137 4234 κυϐερνήτης,
1164 4159 1255 4214 καὶ
1290 4163 1423 4234 μετὰ
1448 4163 1549 4231 τὴν
1581 4161 1753 4233 οὐλὴν
1796 4165 1859 4219 τὸ
1906 4165 2036 4243 φάρ-

385 4266 555 4318 μακον
583 4247 811 4323 Πότερον
846 4248 920 4310 ὡς
980 4246 1318 4328 φιλάδελφος
1374 4250 1655 4326 ᾐσχύνθης
1712 4255 1811 4323 τήν
1841 4275 2035 4330 τυραν-

379 4332 539 4405 νίδα;
572 4338 643 4391 ’Ἠ
671 4338 760 4392 καὶ
793 4336 953 4400 αὐτὸς
983 4338 1055 4401 ὡς
1086 4334 1346 4411 δυνάστης
1376 4338 1732 4419 ἐδυσχέρανας
1761 4344 1859 4413 τὴν
1883 4343 2034 4399 ἀπει-

380 4421 563 4494 θείαν;
600 4424 820 4502 Ποτέρῳ
865 4431 972 4482 τῶν
1028 4425 1277 4506 ἀδελφῶν
1328 4427 1597 4504 ἐγκαλεῖς,
1657 4431 1747 4487 καὶ
1804 4432 2029 4507 πότερον

2148 3272 2209 3329 in
2243 3274 2500 3328 medium
2535 3273 2843 3344 produxit:
2896 3275 3073 3343 quod,
3124 3276 3264 3347 quid
3314 3277 3366 3333 ei
3397 3280 3692 3351 acciderit,
3726 3287 3793 3339 ut

2149 3363 2387 3432 faceret,
2412 3368 2514 3417 aut
2534 3362 2672 3432 quid
2705 3378 2839 3417 eum
2874 3363 2943 3418 ad
2978 3363 3125 3419 hanc
3154 3382 3276 3420 rem
3306 3366 3608 3440 impulerit
3633 3370 3792 3428 haud

2150 3453 2290 3520 scio,
2324 3456 2497 3517 certe,
2530 3468 2645 3507 non
2677 3456 2743 3507 ut
2773 3452 3013 3524 dignum
3052 3459 3176 3509 erat
3224 3472 3289 3511 eo
3319 3458 3557 3528 spiritu,
3588 3460 3690 3530 qui
3731 3460 3791 3517 in

2147 3542 2275 3614 ipso
2291 3544 2415 3610 est;
2443 3541 2632 3597 dicam
2665 3541 2841 3607 enim,
2887 3542 2996 3597 etsi
3030 3543 3291 3615 asperior
3320 3546 3411 3600 hic
3453 3563 3645 3603 sermo
3677 3548 3790 3619 sit;

2150 3631 2349 3687 omnia
2363 3631 2523 3701 feret,
2544 3630 2822 3698 amicitia,
2853 3635 2978 3685 tum
3000 3633 3349 3704 perpetiens,
3372 3638 3498 3689 tum
3520 3636 3789 3693 audiens.

2147 3720 2308 3776 Alter
2336 3721 2485 3776 hanc
2529 3736 2765 3775 causam
2812 3719 2925 3774 huc
2966 3719 3236 3775 veniendi
3289 3721 3514 3789 habuit,
3567 3728 3630 3779 ut
3684 3742 3791 3782 nos

2147 3808 2500 3877 consoletur,
2533 3824 2597 3863 ac
2627 3808 2954 3873 conﬁrmet,
2977 3807 3313 3878 Spirituque
3342 3813 3789 3870 mansuefaciat.

2148 3900 2329 3964 Quem
2359 3896 2595 3967 quidem
2630 3896 2736 3951 etsi
2769 3912 2924 3950 nunc
2966 3911 3197 3965 quoque
3241 3896 3492 3965 venisse,
3550 3900 3790 3971 plurimi

2145 3987 2297 4041 duco
2329 3988 2456 4053 (nec
2479 3984 2716 4051 mirum,
2750 3999 2879 4037 cum
2901 3999 3006 4038 vos
3038 3983 3167 4039 vitae
3198 3999 3339 4039 meae
3369 3988 3529 4041 omni
3560 4005 3792 4061 semper

2144 4072 2604 4146 proposuerim):
2633 4072 2741 4127 hoc
2753 4077 2948 4126 tamen
2974 4071 3285 4128 molestum
3300 4078 3408 4140 est,
3429 4076 3584 4146 quod
3600 4077 3792 4133 serius

2144 4179 2323 4235 quam
2373 4178 2464 4216 res
2513 4160 2853 4232 postularet,
2908 4165 3235 4216 accesserit.
3294 4164 3558 4227 Quonam
3617 4166 3791 4220 modo

2146 4256 2276 4324 post
2305 4250 2528 4305 cladem
2553 4253 2610 4304 et
2641 4248 2911 4304 hostilem
2947 4250 3255 4321 impetum,
3288 4252 3591 4323 suppetias,
3638 4256 3790 4311 ami-

2143 4355 2343 4397 corum
2374 4342 2431 4393 et
2458 4336 2925 4394 commilitonum
2961 4339 3484 4409 praestantissime?
3525 4343 3788 4407 Quonam

2142 4430 2314 4486 modo
2344 4430 2477 4500 post
2497 4430 2930 4499 tempestatem,
2963 4427 3339 4498 gubernator,
3373 4434 3507 4500 post
3556 4430 3787 4486 cicatri-

379 4511 556 4590 ἀφιεὶς
728 4522 828 4586 τῆς
864 4515 1159 4591 μέμψεωςς
1193 4517 1505 4594 Φθέγξομαί
1533 4540 1585 4574 τι
1637 4522 1749 4596 (89)
1799 4522 1935 4597 πρὸς
1974 4523 2032 4578 σὲ

2152 4535 2288 4590 cem,
2313 4515 2605 4573 medicina
2624 4515 2652 4570 ‘I
2682 4515 2889 4571 Utrum
2915 4519 2994 4587 te,
3028 4520 3092 4570 ut
3124 4516 3320 4572 fratris
3351 4522 3670 4589 amantem,
3701 4518 3788 4575 vis

448 4620 692 4679 “Exod.
723 4640 824 4692 vn,
852 4625 902 4679 1.
932 4625 979 4663 ⁷ο
1009 4625 1182 4681 Hebr.
1212 4643 1338 4695 vm,
1369 4627 1425 4681 2.
1459 4628 1502 4664 ⁷1
1530 4628 1686 4685 Psal.
1716 4646 1910 4697 xcvm,
1942 4632 1996 4687 6.
2030 4632 2039 4667 τ

2152 4625 2283 4681 xod.
2317 4624 2503 4691 1v,16.
2536 4624 2581 4663 ⁷³
2610 4622 2785 4678 Exod.
2817 4638 2956 4690 xvn,
2992 4623 3076 4679 12.

448 4719 564 4861 (75)
594 4718 862 4793 Μετρίως.
896 4744 926 4773 ‹‹
957 4722 1343 4790 Mediocriter,
1373 4725 1626 4796 parcius.
1650 4748 1680 4777 η

472 4791 543 4846 76
618 4795 792 4861 Ὑμῖν.
827 4797 966 4861 Reg.
1000 4796 1120 4851 bm.
1180 4795 1339 4861 ἡμῖν.

472 4791 564 4867 ῖεῇ
618 4791 792 4867 Ὑμῖν.
827 4797 966 4867 Reg.
1000 4796 1120 4851 bm.
1180 4795 1339 4866 ἡμῖν.

460 4862 569 4950 ,(ZZ)
595 4862 1071 4950 Ξράψοξιενούλιο
1102 4862 1278 4950 sese
1314 4865 1632 4950 γράψωμεν.

450 4934 563 5073 (78)
595 4934 953 5007 Προστάτης,.
980 4937 1075 4993 0r.
1107 4939 1162 4993 2.
1189 4934 1562 5013 ῑτᾶράάτάτηξ.

450 5004 537 5073 (79
612 5005 623 5025 ’
654 5004 914 5073 Επόπτης
995 5028 1055 5062 τε
1130 5008 1219 5062 καὶ
1310 5029 1562 5073 μυσταγω

450 5004 914 5083 ρ9>ᾼνξέπόπτης
995 5028 1055 5062 τε
1130 5008 1219 5062 καὶ
1276 5004 1688 5083 ’,μυσταγωγόᾳ
1765 5013 2022 5070 Combef.

376 5100 405 5128 ‹‹
438 5076 844 5150 Mysteriorum
878 5080 1173 5150 inspector
1201 5086 1257 5137 et
1288 5076 1634 5138 initiatam»

449 5144 570 5224 (80)
612 5144 698 5199 Ἐν
726 5153 864 5224 τοῖς.
898 5144 993 5207 Sic
1020 5153 1195 5224 Regg.
1230 5157 1483 5224 quatuor
1511 5158 1569 5209 et
1595 5153 1758 5211 Pass.
1822 5157 1885 5211 In
1930 5156 2024 5212 ed.

375 5222 508 5274 Par.
537 5217 703 5273 deest
751 5217 820 5274 ἐν.

370 5290 562 5418 1εὲῗὲ
608 5289 1141 5409 Ιξατθνπθλ⁶εμοῦντιςο
1208 5316 1239 5346 (ς
1298 5295 1751 5367 ExPugnantes,
1837 5297 2026 5354 debel-

588 5435 1038 5510 Γνωριμώτερον.
1062 5442 1227 5510 Pass.
1260 5436 1446 5510 addit.
1506 5436 1659 5510 ὑμῖν.

368 5505 719 5650 ἱῃὲἓῗέεἰῖὸν
774 5505 1089 5582 ὁμώνυμον.
1147 5508 1491 5581 Gregorium
1546 5505 1881 5584 Nyssenum
1930 5512 2025 5569 hic

435 5643 696 5722 (ὃᾶγιίαὶ
726 5648 1041 5729 ὁμόψυχον.
1072 5648 1249 5710 Goisl.
1280 5648 1337 5721 3,
1382 5643 1679 5729 ὁμόζυγον,
1711 5677 1743 5709 ι(
1775 5659 1836 5717 et
1864 5655 2023 5716 hunc

2138 4722 2335 4781 animo
2367 4720 2511 4775 mihi
2528 4719 3102 4791 conjunctissimum,
3127 4721 3500 4777 unanimum.
3534 4744 3565 4773 ››
3594 4724 3790 4780 Credi-

2138 4795 2329 4865 derim
2355 4792 2469 4865 hac
2504 4808 2638 4848 voce
2676 4792 2994 4865 signiﬁcari
3026 4792 3305 4865 Basiliam
3362 4810 3664 4865 magnum,
3711 4796 3786 4851 ob

2137 4864 2442 4939 superiora
2455 4863 2628 4939 istius
2650 4881 2705 4918 n.
2730 4864 2925 4933 verba,
2950 4887 2977 4915 «
3004 4880 3119 4919 non
3148 4863 3347 4921 minus
3368 4863 3581 4937 pietate
3604 4882 3784 4939 quam

2137 4936 2481 4995 corporibus
2512 4936 2737 4990 fratres.
2773 4957 2801 4985 ››

2209 5002 2320 5077 (85)
2340 5009 2551 5077 Ὅμως.
2586 5007 2841 5062 Combef.
2877 5003 3004 5059 ἀλλ’
3025 5002 3199 5077 ὅμως.

2207 5077 2319 5152 (86)
2378 5077 2475 5152 Καὶ
2532 5078 3015 5152 προσημερώσων.
3081 5077 3590 5152 Sicrestituimus
3646 5097 3783 5137 auc-

2135 5149 2583 5231 toritate-trium
2638 5149 2813 5231 Regg.
2868 5151 3074 5231 codd)?
3102 5149 3469 5231 Qoislllhcet
3498 5152 3553 5221 2,
3599 5155 3690 5206 Or.
3723 5154 3781 5221 2,

2134 5224 2253 5278 Jes.
2290 5227 2345 5276 et
2381 5221 2502 5275 Par.
2536 5221 2806 5289 Agnoscit
2829 5227 2882 5275 et
2911 5222 3229 5292 vertitipse
3269 5221 3497 5275 Billius.

2136 5362 2163 5385 ,,
2207 5296 2321 5365 (87)
2365 5294 2638 5364 Ὕστεροςο
2694 5294 2873 5364 Regg.
2926 5295 2983 5359 d,
3034 5294 3137 5364 ph,
3194 5298 3250 5348 et
3309 5294 3566 5363 quinque
3620 5293 3781 5349 Colb.

2134 5383 2376 5418 υστεοον.

2207 5384 2578 5510 (ἓὲῗῖᾎφιειίς.
2604 5436 2748 5510 Tres
2778 5435 2957 5510 Regg.
2982 5432 3167 5510 ἀφίης.

2206 5504 2316 5578 (89)
2350 5504 2655 5578 Εθέγξομαί
2684 5526 2758 5560 τι.
2811 5504 2927 5562 Its:
2951 5504 3066 5561 tres
3118 5505 3302 5577 Regii,
3354 5504 3551 5577 plures
3597 5504 3785 5577 C01b.,

2133 5578 2309 5637 Coisl.
2338 5582 2583 5649 uterque
2607 5584 2664 5635 et
2694 5578 2789 5636 0r.
2812 5580 2868 5635 2.
2903 5580 3075 5636 Deest
3093 5598 3147 5632 τι
3180 5578 3238 5633 in
3262 5578 3353 5634 ed.
