4146 6290
393 366 517 430 835

1652 370 1719 431 S.
1767 367 2139 431 GREGORII
2183 365 2576 430 THEOLOGI

3697 376 3820 439 836

398 503 569 559 nobis
601 501 774 558 illata:
805 503 1016 574 puduit
1041 506 1063 557 Ρ
1085 505 1171 558 An
1204 502 1328 574 ipse
1361 520 1616 575 quoque,
1652 509 1715 558 ut
1736 504 2021 574 imperium

2159 523 2266 556 των
2298 506 2393 556 τοῦ
2417 496 2539 555 Ἰὼϐ
2573 500 2856 577 ῥημάτων,
2890 499 2978 556 καὶ
3010 500 3166 563 αὐτὸς
3197 498 3400 576 ἀλγῶν,
3426 507 3515 558 καὶ
3537 508 3673 580 πρὸς

397 608 628 663 gerens,
670 590 1125 646 inobedientiam
1185 596 1446 648 nostram
1505 600 1562 648 et
1616 593 2047 649 contumaciam

398 681 598 749 iniquo
627 679 823 736 animo
854 679 1087 734 tulisti?
1114 680 1316 735 Utrum
1344 683 1580 737 tandem
1608 683 1851 737 fratrum
1885 698 2051 737 accu-

398 786 519 836 sas,
542 773 739 824 utrum
775 769 1178 840 culpaliberas
1198 769 1225 823 ‘I
1260 774 1465 842 Atque,
1499 775 1565 826 ut
1593 770 1721 825 Jobi
1750 770 1943 826 verbis
1975 772 2046 826 ad

394 863 451 914 te
477 863 630 927 utar,
664 857 945 913 nimirum
977 858 1103 930 ipse
1123 874 1358 929 quoque
1379 859 1574 915 dolore
1605 859 1869 927 affectus;
1902 864 1958 915 et
1973 859 2045 914 ad

395 948 653 1004 amicum
688 947 957 1018 loquens,
1000 948 1106 1003 etsi
1150 965 1262 1004 non
1312 948 1511 1017 talem,
1547 966 1651 1005 nec
1682 950 1753 1005 ob
1810 950 2045 1004 easdem

394 1036 759 1093 calamitates
784 1053 796 1090 :
832 1036 905 1093 Ut
926 1037 1287 1095 riadhaeres?
1316 1042 1435 1094 Aut
1465 1040 1559 1094 cui
1615 1056 1783 1109 opem
1842 1038 2046 1094 afferre

394 1127 614 1199 paras?
658 1128 744 1182 An
778 1144 894 1183 non
944 1126 1018 1195 ei,
1050 1128 1152 1198 qui
1180 1128 1403 1183 viribus
1434 1128 1655 1200 pollet?
1682 1130 1770 1183 An
1821 1144 1937 1183 non
1969 1127 2043 1193 ei,

393 1218 498 1291 qui
556 1216 846 1289 sapientia
895 1221 953 1273 et
1000 1218 1266 1273 doctrina
1312 1218 1629 1274 abundat“
1656 1218 1683 1274 ?
1725 1218 1843 1273 Hoc
1884 1218 2042 1273 enim

394 1306 703 1378 permultis
734 1305 921 1362 astatis
952 1311 1164 1361 nostra
1188 1307 1493 1376 judicibus
1539 1324 1648 1362 usu
1680 1306 1875 1362 venire
1905 1324 2042 1362 con-

389 1395 595 1468 spicio,
628 1395 728 1467 qui
752 1394 982 1467 magnis
1013 1399 1071 1451 et
1100 1395 1343 1451 excelsis
1366 1396 1504 1450 viris
1526 1395 1877 1467 gravissima
1894 1412 2043 1466 quaa-

387 1500 500 1556 que
518 1484 750 1540 facilius
764 1484 1360 1555 condonarint,quam
1380 1483 1709 1539 humilibus
1724 1488 1780 1539 et
1798 1484 2041 1555 abjectis

388 1576 716 1647 quidquam
743 1575 831 1630 vel
863 1573 1144 1630 levissimi
1177 1574 1482 1630 momenti.
1517 1574 1625 1631 Sed
1660 1574 1769 1629 hoc
1801 1574 2038 1645 quidem

387 1667 515 1738 ipse
534 1664 771 1721 videris.
807 1668 1004 1735 Neque
1034 1663 1193 1718 enim
1227 1662 1373 1718 mihi
1406 1664 1477 1719 de
1508 1667 1583 1729 te,
1636 1678 1807 1733 quem
1853 1663 2039 1717 virtu-

392 1759 522 1809 tum
549 1753 817 1808 omnium
842 1768 1109 1807 normam
1136 1756 1312 1823 atque
1333 1750 1631 1823 exemplar
1652 1768 1781 1807 esse
1818 1756 2037 1821 statuo,

386 1844 733 1915 quidquam,
767 1842 921 1913 quod
955 1842 1026 1897 ab
1058 1841 1305 1897 honesto
1339 1841 1597 1897 alienum
1629 1841 1725 1907 sit,
1777 1858 2035 1912 pronun-

385 1933 531 1987 tiare
557 1932 646 1987 fas
665 1938 773 1987 est.
806 1937 888 1985 Ac
920 1936 1214 1999 praeterea,
1255 1947 1326 1985 ne
1356 1945 1719 2001 praepropere
1750 1929 2037 1999 judicem,

386 2022 699 2092 Scriptura-
729 2019 856 2089 lege
888 2017 1033 2073 mihi
1084 2018 1459 2073 interdictum
1509 2022 1598 2073 est
1633 2019 1696 2072 ⁷⁵.
1732 2016 1845 2089 Ego
1904 2034 2037 2073 vero

386 2126 490 2182 pro
522 2108 971 2177 amicitiaejure,
1022 2113 1080 2162 et
1110 2106 1239 2175 tibi,
1268 2112 1324 2161 et
1373 2107 1682 2177 quibusvis
1723 2106 1875 2175 aliis,
1918 2106 2037 2161 sive

385 2196 791 2254 inobedientiae
842 2212 1007 2264 meae,
1043 2200 1106 2250 ut
1137 2195 1408 2250 nonnulli
1466 2197 1715 2251 fortasse
1763 2195 2033 2263 dixerint,

2159 591 2340 668 φίλον,
2374 590 2421 644 εἷ’
2452 590 2539 644 καὶ
2575 592 2648 663 μή
2682 595 2949 657 τοιοῦτον,
2990 588 3129 663 μηδέ
3160 590 3240 667 ἐφ’
3273 592 3489 662 ὁμοίοις
3541 600 3657 656 τοῖς
3705 597 3814 649 πά-

2158 681 2322 737 θεσιν.
2370 680 2592 753 Ποτίρῳ
2637 678 2990 754 «pensio-au;
3040 680 3107 732 ’Ἠ
3155 680 3259 732 τίνι
3296 679 3515 753 μέλλεις
3552 684 3813 758 βοηθεῖνς

2156 769 2279 841 'Ap’
2328 767 2434 842 οὐχ
2481 767 2526 840 ᾧ
2578 766 2764 836 πολλὴ
2821 767 2977 842 ἰσχύς
3028 770 3174 841 (91);
3210 768 3327 844 Οὐχ
3356 771 3401 840 ᾧ
3434 770 3620 839 πολλή
3651 772 3814 850 σοφία

2155 856 2244 911 καὶ
2303 857 2619 929 ἐπιστήμη;
2694 861 2862 911 Τοῦτο
2922 859 3023 930 γὰρ
3079 858 3191 932 ὁρῶ
3243 856 3489 921 πολλοὺς
3549 865 3653 915 τῶν
3715 866 3804 915 νῦν

2154 951 2350 1021 κριτῶν
2400 945 2733 1021 πάσχοντας,
2768 944 2973 1021 οἷ’ρᾇν
3014 952 3132 1009 τοῖς
3183 946 3417 1021 ὑψηλοῖς
3462 949 3527 1003 τὰ
3582 950 3813 1025 μέγιστα

2156 1038 2568 1113 συγχωρήσαιεν
2628 1037 2663 1105 ἣ
2722 1042 2837 1098 τοῖς
2894 1041 3163 1098 ταπεινοῖς
3218 1037 3284 1090 τὰ
3318 1035 3603 1113 ἐλάχιστα.
3634 1045 3804 1096 Τοῦτο

2157 1125 2252 1198 μὲν
2286 1125 2376 1179 οὖν
2408 1124 2566 1187 αὐτὸς
2601 1124 2658 1177 ἂν
2689 1120 2888 1193 εἰδείης
2915 1143 2927 1156 ·
2962 1124 3023 1179 οὐ
3076 1124 3179 1199 γὰρ
3229 1123 3354 1197 ἐμοί
3380 1146 3432 1179 τι
3479 1124 3635 1198 θέμις
3681 1127 3809 1204 περὶ

2154 1218 2250 1267 σοῦ
2280 1218 2387 1267 τῶν
2418 1214 2479 1268 οὐ
2528 1212 2708 1268 καλῶν
2758 1213 3164 1290 ἀποφαίνεσθαι,
3219 1212 3276 1275 ὃς
3319 1235 3376 1267 σε
3406 1213 3577 1268 καλοῦ
3608 1217 3805 1277 παντὸς

2152 1301 2277 1377 ὅρον
2308 1302 2398 1356 καὶ
2428 1301 2627 1357 κανόνα
2659 1301 2873 1374 τίθεμαι
2900 1324 2911 1335 ·
2944 1303 3035 1356 καὶ
3064 1302 3176 1375 ἅμα
3211 1304 3285 1375 μὴ
3318 1301 3489 1377 ταχὺς
3523 1303 3655 1359 εἶναι
3688 1308 3803 1379 (92)

2152 1390 2227 1452 εἷς
2254 1390 2451 1464 κρίσιν,
2510 1390 2615 1445 ὐπὸ
2660 1398 2761 1460 τῆς
2812 1397 3029 1468 Γραφῆς
3082 1393 3188 1465 (93)
3248 1391 3635 1466 νενουτέθημαι
3668 1396 3803 1466 (94).

2152 1482 2294 1553 Ἐγὼ
2346 1478 2401 1534 δὲ
2443 1482 2533 1535 τὸν
2582 1478 2743 1555 λόγον
2796 1481 3056 1555 ὑποσχεῖν
3105 1478 3350 1554 ἕτοιμος,
3408 1481 3497 1536 καί
3550 1503 3658 1551 σοι,
3716 1483 3809 1537 καὶ

2149 1569 2307 1623 παντὶ
2336 1569 2414 1641 τῷ
2449 1568 2769 1643 βουλομένῳ
2800 1570 2911 1642 (95)
2946 1566 3034 1623 διὰ
3074 1569 3283 1647 φιλίαν,
3330 1573 3428 1638 τῆς
3481 1570 3636 1643 ἐμῆς,
3701 1568 3807 1626 είίτε

2150 1657 2445 1728 ἀπειθείας,
2493 1659 2568 1721 ὡς
2617 1658 2676 1713 ἂι
2726 1680 2868 1720 τινες
2922 1659 3262 1731 όνομάσαιεν,
3310 1660 3415 1714 εἴτε
3466 1659 3807 1733 προμηθείας

2148 1748 2221 1809 ὡς
2253 1748 2482 1821 ἐμαυτὸν
2512 1747 2701 1818 πείθω,
2735 1749 2824 1801 καὶ
2857 1748 3171 1825 ἀσφαλείας,
3226 1749 3302 1810 ὡς
3351 1748 3408 1802 ἂν
3461 1746 3661 1819 εἰδείης
3725 1751 3802 1823 μὴ

2146 1835 2319 1907 πάντη
2354 1840 2468 1909 (96)
2500 1836 2687 1908 ἀτόπῳ
2728 1836 2876 1912 φίλῳ
2925 1838 3211 1912 χρώμενος
3257 1837 3346 1891 καὶ
3400 1837 3589 1910 ἀμαθεῖ
3617 1857 3627 1869 ·
3676 1836 3806 1893 ἀλλ’

2150 1923 2288 1979 ἔστιν
2324 1925 2355 1979 ἃ
2383 1927 2473 1980 καὶ
2519 1930 2741 1999 συνορᾲν
2796 1924 3077 1998 δυναμένῳ
3124 1931 3232 1981 τῶν
3276 1925 3504 1981 πολλῶν
3556 1929 3803 2000 ἄμεινον,

2146 2016 2235 2068 καὶ
2300 2014 2583 2091 θαρροῦντι
2648 2015 2741 2086 μὲν
2799 2015 2831 2069 ἃ
2890 2014 3100 2091 θαρρεῖν
3154 2010 3682 2093 ἁξιον,φοϐουμένῳ
3743 2014 3804 2071 δὲ

2148 2102 2209 2157 οῦ
2242 2103 2350 2157 ἐστι
2384 2098 2575 2179 φόϐος,
2607 2104 2695 2157 καὶ
2727 2102 2759 2157 ἃ
2792 2102 2931 2176 μηδὲ
2962 2099 3239 2181 φοϐεῖσθαι
3272 2110 3388 2167 τοῖς
3436 2110 3555 2159 νοῦν
3605 2104 3797 2181 ἔχουσι

2146 2187 2543 2269 φοϐερώτερον.

384 2288 525 2356 sive,
583 2290 647 2341 ut
695 2284 841 2340 mihi
899 2284 1247 2357 persuadeo,
1307 2284 1629 2356 prudentiae
1687 2290 1743 2339 et
1800 2284 2090 2340 cautionis
2144 2284 2428 2339 rationem
2486 2284 2726 2340 reddere
2783 2288 3017 2355 paratus
3057 2301 3212 2353 sum,
3270 2288 3336 2340 ut
3394 2284 3689 2357 intelligas
3738 2290 3799 2343 te

392 2377 647 2433 amicum
710 2374 937 2442 habere,
998 2374 1099 2444 qui
1148 2390 1264 2427 non
1322 2373 1561 2428 omnino
1619 2378 1969 2445 prepostere
2000 2376 2056 2428 et
2085 2372 2295 2428 inscite
2325 2378 2495 2445 agat;
2529 2374 2628 2428 sed
2664 2372 2761 2444 qui
2792 2373 2977 2445 possit
3034 2374 3296 2444 quaedam
3330 2374 3580 2441 acutius,
3614 2391 3793 2445 quam

382 2465 669 2538 plerique.
704 2463 1078 2534 ,perspicere,
1138 2479 1204 2517 ac
1259 2462 1318 2516 in
1377 2462 1449 2517 iis
1506 2464 1743 2534 quidem
1781 2463 1972 2531 rebus,
2034 2463 2094 2517 in
2155 2463 2368 2533 quibus
2426 2463 2642 2517 ﬁducia
2698 2462 2805 2517 niti
2853 2462 3141 2531 convenit,
3200 2463 3475 2519 ﬁdentem
3526 2463 3791 2519 animum

380 2558 564 2627 gerat,
597 2552 802 2608 timeat
822 2566 955 2607 vero
1000 2550 1101 2605 ubi
1133 2554 1222 2606 est
1252 2550 1448 2621 timor,
1482 2557 1540 2606 et
1568 2568 1634 2607 eo
1693 2552 2035 2623 praesertim,
2095 2568 2219 2622 quae
2264 2568 2379 2606 non
2410 2549 2619 2607 timere
2672 2551 2892 2608 cordati
2951 2552 3059 2607 viri
3115 2568 3489 2624 summopere
3520 2552 3793 2608 reformi-

380 2641 543 2707 dant

455 2729 546 2785 1V.
572 2729 863 2796 Quidnam
909 2728 1089 2801 igitur
1136 2728 1346 2799 placet,
1379 2732 1437 2783 et
1493 2728 1773 2798 quidnam
1830 2728 2029 2799 potius

380 2818 651 2892 expedit?
690 2823 771 2873 An
831 2823 895 2873 ut
922 2816 1085 2873 vobis
1117 2817 1253 2872 facti
1304 2816 1420 2871 mei
1452 2816 1705 2872 rationes
1762 2817 2024 2887 reddam,

372 2908 623 2979 jubetis,
648 2923 754 2963 nec
793 2911 1026 2978 tempus
1084 2906 1193 2960 hoc
1246 2906 1357 2976 (est
1415 2910 1612 2960 autem
1669 2904 1860 2960 festivi
1913 2921 2025 2960 cce-

372 3001 491 3063 tus,
526 3013 643 3052 non
686 2996 933 3052 forensis
960 2994 1445 3065 disceptationis),
1508 3000 1789 3064 tanquam
1814 3010 2022 3064 parum

372 3084 672 3153 idoneum,
705 3086 861 3141 244
919 3082 1297 3155 repudiatis?
1352 3087 1439 3137 An
1500 3081 1716 3154 potius,
1750 3087 1815 3137 ut
1870 3082 2023 3136 hanc

367 3190 609 3230 causam
639 3173 698 3228 in
729 3178 965 3245 tempus
986 3171 1143 3227 aliud
1176 3171 1608 3243 conciliumque
1638 3170 2022 3241 rejiciamus?

366 3263 714 3335 Longiorem
738 3263 897 3317 enim
930 3261 1252 3317 orationem
1281 3278 1348 3316 ea
1388 3277 1480 3316 res
1524 3259 1805 3332 postulat,
1837 3276 2016 3331 quam

364 3352 673 3423 praesentis
698 3350 979 3423 temporis
1001 3350 1146 3405 ratio
1181 3349 1454 3421 patiatur.
1485 3350 1633 3415 Quid
1674 3349 1855 3421 igitur
1906 3349 2015 3404 hoc

362 3440 510 3495 festo
543 3444 717 3511 atque
746 3439 855 3495 hac
885 3438 1192 3495 hominum
1222 3438 1551 3509 frequentia
1590 3438 1836 3510 dignum
1881 3455 2012 3509 pro-

363 3528 641 3599 feremus,
676 3546 748 3584 ne
771 3545 872 3583 vos
894 3527 1089 3583 inedia
1112 3526 1447 3582 laborantes
1477 3526 2010 3594 dimittamus,cum

360 3619 685 3688 praesertim
716 3616 1101 3674 convivatoris
1134 3633 1375 3671 munere
1406 3618 1722 3688 fungamur
1749 3617 1776 3670 ‘I
1808 3615 2009 3671 Puriﬁ-

357 3723 562 3763 cemus
631 3706 1023 3777 nosmetipsos
1090 3705 1467 3777 martyribus,
1529 3706 1761 3773 fratres,
1817 3705 1905 3760 vel
1953 3706 2005 3760 ei

356 3797 572 3866 potius,
602 3797 693 3851 cui
717 3796 827 3867 ipsi
859 3811 1087 3866 quoque
1110 3795 1333 3849 cruoris
1365 3811 1431 3850 ac
1462 3795 1720 3849 veritatis
1778 3795 2003 3850 confes-

357 3884 520 3941 sione
551 3885 840 3957 puriﬁcati
871 3890 927 3940 et
956 3883 1174 3955 expiati
1202 3887 1359 3937 sunt.
1386 3883 1737 3938 Mundemur
1753 3884 1822 3938 ab
1842 3884 2003 3940 omni

350 3972 798 4045 inquinamento
830 3974 1021 4030 carnis
1053 3978 1109 4028 et
1139 3972 1457 4044 spiritus“.
1486 3973 2001 4043 Lavemur,mundi

353 4063 761 4129 efﬁciamur",
784 4063 1165 4119 exhibeamus
1188 4079 1294 4117 nos
1324 4062 1500 4117 etiam
1534 4078 1775 4133 corpora
1804 4067 2003 4118 nostra

353 4155 412 4205 et
440 4150 690 4219 animas,
723 4152 977 4208 hostiam
1016 4152 1321 4217 viventem,
1385 4155 1670 4221 sanctam,
1717 4156 1828 4206 Deo
1878 4151 2000 4223 pla-

358 4244 613 4310 centem,
657 4241 1061 4298 rationabilem
1096 4244 1358 4296 nostram
1382 4239 1776 4310 precationem
1802 4241 1865 4294 ⁷⁸.
1899 4245 2003 4296 Ne-

353 4344 464 4399 que
495 4330 647 4385 enim
684 4348 865 4403 purus
906 4334 1068 4387 tanto
1107 4330 1168 4384 in
1200 4328 1386 4400 pretio
1427 4328 1753 4399 quidquam
1803 4329 1999 4402 habet,

350 4434 528 4490 quam
548 4420 995 4491 puritatem,aut
1008 4416 1439 4492 purgationem.
1459 4421 1757 4473 Certemus
1773 4425 2004 4490 propter

353 4506 604 4564 athletas
622 4527 647 4574 ;
664 4510 973 4565 vincamus
996 4511 1233 4580 propter
1286 4506 1535 4561 victores
1560 4523 1572 4573 ;
1598 4507 2001 4564 testimonium

2210 2736 2280 2787 Δ’.
2312 2728 2371 2782 Τί
2422 2727 2511 2783 οὗν
2564 2726 2731 2799 δοκεῖ,
2778 2728 2869 2782 καὶ
2916 2727 2970 2781 τί
3020 2728 3269 2804 βέλτιον;
3315 2734 3422 2784 Νῦν
3458 2729 3797 2805 ὑπόσχωμεν

2134 2818 2229 2879 τὰς
2272 2816 2490 2881 εὐθύνας
2536 2817 2683 2889 ὑμῖν,
2732 2820 2891 2870 τοῦτο
2939 2816 3205 2890 κελεύετε,
3253 2819 3342 2871 καὶ
3389 2817 3485 2872 οὐκ
3533 2815 3793 2872 ἀποδοκι-

2139 2908 2331 2978 μάζετε
2388 2904 2480 2960 τόν
2538 2906 2758 2981 καιρόν;
2819 2908 2909 2977 (”Ο
2960 2903 3017 2961 δέ
3066 2906 3175 2960 ἐστι
3208 2910 3529 2982 πανήγυρις,
3564 2905 3690 2961 ἀλλ’
3720 2906 3782 2961 οὖ

2135 2992 2526 3069 δικαστήριον.ν
2563 2996 2632 3051 Ἤ
2662 2999 2823 3048 τοῦτο
2858 2996 2952 3067 μὲν
2987 2996 3061 3056 εἰς
3108 2995 3277 3051 ἄλλον
3312 2996 3498 3071 καιρὸν
3530 2995 3618 3050 καὶ
3652 2993 3784 3050 σόλ-

2135 3083 2294 3159 λογον
2356 3086 2724 3156 ἀποθώμεθα;
2771 3084 2873 3139 Καὶ
2921 3083 3024 3160 γάρ
3085 3084 3193 3138 ἐστι
3259 3084 3591 3160 μακρότερος
3645 3088 3782 3159 (97),

2129 3173 2164 3242 ἢ
2197 3173 2332 3228 κατὰ
2384 3174 2473 3228 τὸν
2533 3172 2773 3248 παρόντα
2823 3174 3009 3247 καιρὸν
3068 3175 3094 3227 ὁ
3153 3169 3343 3249 λόγος.
3396 3177 3583 3247 Ἡμεῖς
3618 3172 3674 3228 δὲ
3728 3174 3781 3229 τί

2129 3262 2466 3339 φθεγξόμεθα
2517 3262 2652 3337 πρὸς
2708 3260 2847 3334 ῦμᾶς
2903 3268 3005 3331 τῆς
3062 3261 3413 3339 πανηγύρεως
3465 3261 3633 3333 ἄξιον,
3689 3261 3782 3317 ’ίνα

2131 3353 2205 3424 μὴ
2238 3354 2451 3421 νήστεις
2486 3351 2625 3423 ὑμᾶς
2656 3348 3019 3424 ἀπολόσωμεν
3054 3349 3226 3423 αὐτοὶ,
3277 3352 3366 3405 καὶ
3412 3356 3579 3406 ταῦτα
3626 3351 3778 3415 ὅντες

2126 3438 2176 3491 οἱ
2236 3439 2573 3512 ἒστιάτορες;
2632 3436 2969 3512 Ἀγνίσωμιν
3042 3439 3189 3510 ἡμᾶς
3245 3437 3462 3511 αὐτοὺς,
3523 3435 3775 3514 ἀδελφοὶ,

2121 3531 2237 3589 τοῖς
2273 3528 2502 3601 μάρτυσι
2530 3544 2541 3556 ’
2580 3525 2792 3599 μᾶλλον
2828 3525 2906 3599 δὲ,
2945 3527 2989 3598 ᾧ
3037 3528 3277 3581 κάκεῖνοι
3310 3524 3380 3581 δι’
3428 3524 3657 3599 α’ίματος
3686 3526 3777 3581 καὶ

2115 3622 2214 3684 τῆς
2243 3613 2500 3685 ἀληθείας
2540 3615 2892 3689 ἡγνίσθησαν.
2936 3613 3419 3691 Ἐλευθερωθῶμεν
3475 3618 3591 3687 (98)
3637 3637 3778 3670 παν-

2113 3704 2205 3766 τὸς
2261 3705 2549 3776 μολυσμοῦ
2598 3704 2792 3778 σαρκὸς
2840 3705 2929 3758 καὶ
2958 3703 3264 3776 πνεύματος
3293 3724 3303 3736 ·
3338 3705 3643 3778 νιψώμεθα,
3676 3711 3770 3758 κα-

2112 3793 2265 3868 θαροί
2295 3793 2595 3867 γενώμεθα·
2628 3793 3060 3867 παραστήσωμεν
3101 3793 3190 3846 καὶ
3223 3792 3373 3847 αὐτοὶ
3424 3792 3488 3847 τὰ
3537 3794 3765 3863 σώματα

2111 3884 2273 3955 ἡμῶν
2301 3882 2389 3935 καὶ
2414 3881 2510 3942 τὰς
2540 3882 2740 3956 ψυχὰς,
2775 3879 2955 3944 Θυσίαν
3002 3885 3195 3954 ζῶσαν,
3247 3882 3423 3955 ἁγίαν,
3474 3881 3758 3956 εὐάρεστον

2107 3976 2186 4043 τῷ
2216 3975 2350 4042 Θεῷ,
2379 3971 2477 4038 τήν
2507 3968 2733 4044 λογικὴν
2765 3968 3012 4046 λατρείαν
3056 3972 3167 4042 (99)
3212 3969 3412 4040 ταύτην
3459 3972 3619 4043 ἡμῶν
3672 3970 3764 4025 καὶ

2111 4058 2361 4130 ἔντευξιν.
2425 4057 2588 4113 Οὐδὲν
2638 4060 2739 4135 γὰρ
2789 4058 2932 4113 οὕτω
2972 4059 3051 4130 τῷ
3082 4060 3303 4135 καθαρῷ
3336 4061 3412 4132 (1)
3444 4058 3651 4132 τίμιον,
3686 4061 3759 4121 ὡς

2109 4148 2415 4226 καθαρότης
2447 4148 2481 4217 ἢ
2524 4147 2799 4222 κάθαρσις.
2852 4146 3203 4220 Ἀθλήσωμεν
3265 4144 3355 4201 διὰ
3408 4147 3535 4210 τοὺς
3596 4146 3765 4219 ἀθλη-

2108 4240 2203 4300 τάς
2238 4243 2314 4309 (2)
2340 4257 2352 4269 °
2384 4238 2692 4309 νικήσωμεν
2728 4232 2816 4290 διὰ
2843 4234 2969 4297 τοὺς
3003 4237 3226 4305 νικητάς
3258 4256 3270 4269 ·
3329 4239 3763 4314 μαρτυρήσωμεν

2108 4331 2178 4402 τῇ
2211 4326 2443 4398 ἀληθείᾳ
2472 4323 2559 4380 διὰ
2586 4324 2713 4387 τοὺς
2748 4324 3041 4401 μάρτυρας.
3074 4330 3243 4379 Τοῦτο
3271 4332 3389 4387 τοῖς
3438 4325 3623 4389 ἄθλοις
3673 4325 3766 4381 αὐ-

2108 4422 2215 4472 τῶν
2266 4416 2642 4492 χαρισώμεθα,
2691 4414 2752 4468 τὸ
2799 4412 2889 4468 καὶ
2939 4412 3091 4468 αὐτοὶ
3141 4419 3450 4492 στεφανῖται
3498 4416 3764 4491 γενέσθαι,

2110 4506 2353 4573 καὶτῆς
2408 4503 2576 4572 αὐτῆς
2652 4500 2995 4578 κληρονόμοι
3074 4500 3256 4573 δόξης,
3333 4509 3433 4571 τῆς
3504 4524 3562 4559 τε
3635 4504 3766 4577 παρ’

423 4624 469 4659 ⁷⁵
496 4624 607 4681 Job
636 4643 788 4695 xxvr,
818 4630 855 4682 2
882 4641 1047 4697 seqq.
1078 4624 1125 4659 ⁷⁵
1157 4622 1361 4680 Matth.
1417 4640 1521 4693 vn,
1557 4623 1627 4686 1;
1688 4623 1711 4679 1
1739 4623 1868 4681 Cor.
1926 4642 2004 4696 1v,

2161 4624 2205 4659 ⁷⁸
2236 4623 2286 4680 ΙΙ
2341 4622 2469 4678 Cor.
2530 4638 2629 4689 vn,
2694 4622 2744 4676 1.
2804 4621 2847 4657 ⁷⁷
2893 4622 3005 4676 Isa.
3049 4638 3088 4692 Ι,
3150 4622 3236 4677 16.
3300 4622 3342 4655 ⁷⁸
3372 4622 3540 4677 Rom.
3571 4623 3758 4691 xu,1.

421 4740 533 4820 (99)
587 4742 689 4799 Καὶ
744 4742 904 4818 πρός.
966 4740 1057 4797 Sic
1108 4739 1378 4813 plerique
1462 4740 1633 4795 codd.
1683 4740 1859 4798 Deest
1904 4738 1995 4796 καί

2180 4739 2292 4812 (98)
2352 4735 2859 4820 Ἑλευθερωθῶμεν.
2905 4760 2966 4820 “«
3006 4742 3327 4820 .Immunes
3383 4753 3487 4792 nos
3544 4734 3753 4790 redda-

351 4812 412 4869 in
430 4812 530 4870 ed.

351 4884 529 5007 “(312
582 4882 777 4955 Πολλὴ
837 4883 1016 4958 ἰσχύς.
1080 4884 1221 4955 Reg.
1265 4899 1314 4938 ο.
1359 4886 1416 4939 et
1464 4882 1561 4969 0r.
1610 4884 1667 4953 2,
1716 4881 1902 4953 πολλή
1962 4885 1998 4953 ἡ

376 4976 537 5015 σγυς.

592 5028 685 5103 Μή
744 5026 916 5103 ταχῦς
969 5028 1287 5103 εἶναιηθῐο.
1342 5046 1367 5103 ς(
1421 5025 1502 5081 Ne
1552 5027 1664 5083 sim
1714 5026 1880 5081 velox
1924 5027 1997 5082 ad

340 5099 731 5169 judicandum
756 5098 1054 5166 Scriptura
1085 5098 1379 5154 admonet.
1413 5118 1440 5145 ι)

429 5171 540 5239 (93)
623 5172 748 5226 Ὑπὸ
829 5178 931 5242 τῆς
1009 5170 1246 5247 Γραφῆς,
1325 5170 1464 5240 Reg.
1552 5185 1602 5235 0,
1682 5166 1828 5241 παρὰ
1899 5173 1999 5235 τῆς

348 5251 591 5305 Γοαφῆς.

391 5263 1026 5389 ρ(κ9φζι)ς’Νενουτέθημαι.
1071 5314 1166 5389 Qr.
1308 5309 1765 5389 νενο-μοτὲθημαι.

418 5321 513 5384 (94
604 5321 1026 5389 Νενουτέθημαι.
1071 5321 1166 5369 Ur.
1205 5321 1257 5365 2.
1308 5321 1765 5389 νενομοτευημαι,

415 5393 435 5457 (
474 5321 536 5462 5)
605 5389 702 5442 Καὶ
755 5389 911 5443 παντὶ
974 5382 1319 5459 βουλομένῳ.
1353 5404 1381 5432 ‹‹
1424 5383 1492 5436 Et
1517 5380 1823 5451 quibusvis
1864 5380 1997 5439 aliis

344 5462 745 5535 poscentibus.
779 5483 847 5535 »ί
1138 5528 1153 5535 _
1251 5530 1258 5535 _
1299 5524 1333 5535 ﬂ
1381 5524 1390 5533 _

415 5535 527 5606 (96)
586 5534 789 5606 Ha’wtq.
825 5534 1003 5604 Regg.
1029 5545 1087 5606 _c,
1122 5528 1178 5606 ά,
1212 5530 1269 5579 et
1295 5522 1470 5606 Coisl.
1508 5524 1558 5576 1.
1608 5520 1799 5606 πάντα.

426 5595 543 5679 (97)
592 5595 1077 5679 Maxij-cepoE.VSic
1107 5595 1577 5679 ΔρΙιιτςεξξιμΡιοεεη
1609 5595 1783 5652 Goisl.
1834 5601 1996 5679 uter-

342 5667 478 5758 que,
512 5667 870 5747 Pass.,'Jes.',
905 5680 1034 5729 Par.
1067 5667 1175 5728 etc.
1208 5667 1361 5725 Editi
1409 5685 1749 5743 μικροτερος,
1782 5691 1811 5721 ‹‹
1861 5671 1995 5728 bre-

340 5762 587 5817 viorem-
611 5771 638 5802 ι

2114 4808 2325 4867 mus!»
2351 4808 2667 4882 Gregorius
2698 4808 2949 4882 mutavit
2989 4810 3250 4882 Apostoli
3306 4823 3523 4874 vocem,
3574 4822 3754 4878 quam

2112 4883 2318 4939 Billius
2350 4882 2409 4936 in
2441 4881 2706 4937 versione
2732 4881 2993 4936 retinuit.

2184 4954 2289 5026 (99)
2338 4958 2619 5026 Λατρειαν.
2665 4952 2858 5007 Malim
2918 4970 3053 5008 cum
3104 4953 3351 5026 Vulgata
3388 4966 3453 5004 :«
3501 4948 3765 5026 ratione:

2109 5018 2227 5081 bile
2258 5018 2623 5095 obsequium,
2658 5030 2947 5095 nostrum.
2985 5048 3012 5074 ››
3043 5018 3251 5081 ΟοίεΙΪ
3280 5027 3330 5089 1,
3392 5019 3619 5095 εντιυξιν
3671 5018 3763 5073 καί

2109 5094 2380 5170 λατρείαν.
2414 5093 2587 5151 Deest
2609 5094 2889 5170 λατρείαν,
2915 5097 2974 5150 in
3032 5097 3223 5151 tribus
3253 5095 3435 5166 Regg.
3469 5099 3531 5170 et.
3564 5093 3764 5170 decem

2108 5162 2267 5225 Coll).
2304 5168 2587 5223 Observat
2608 5162 2837 5240 Nicetas
2858 5162 3203 5240 Gregorium
3235 5162 3458 5235 vocem,
3506 5162 3753 5240 ἔντευξιν,

2109 5243 2461 5314 subrogasse
2492 5240 2636 5314 voci,
2676 5238 2952 5314 λατρείαν,
2983 5237 3112 5309 quae
3158 5240 3226 5314 in
3252 5240 3435 5309 Epist.
3470 5238 3565 5314 ad_
3591 5237 3758 5314 Rom.

2108 5330 2157 5367 ο.
2190 5307 2377 5379 xuii,
2410 5307 2642 5383 legitur.
2668 5307 3059 5382 Sed'utraqlie
3080 5327 3183 5366 vox
3214 5310 3273 5364 in
3290 5307 3567 5383 :Gregorii
3597 5313 3761 5383 textu

2110 5388 2316 5451 exstat,
2352 5400 2453 5438 seu
2470 5380 2778 5454 'glossema
2802 5380 3125 5454 irrepserit,
3150 5398 3251 5437 seu
3274 5380 3592 5453 Gregorius
3605 5381 3759 5451 Apo-

2109 5456 2242 5513 stoli
2276 5460 2532 5509 mentem
2563 5455 2851 5526 explicare
2879 5454 3145 5510 voluerit.

2178 5528 2254 5599 (1)
2284 5529 2369 5595 Τῷ
2398 5519 2700 5599 καθαρῷ.’‹‹
2735 5528 2945 5599 Purus,
2977 5547 3007 5577 »
3061 5540 3273 5596 nempe
3294 5544 3323 5574 «
3356 5522 3533 5590 Deus,
3568 5542 3597 5571 »
3658 5519 3760 5591 qui

2104 5597 2243 5671 ipsa
2264 5603 2365 5671 est
2382 5597 2629 5671 puritas.

2177 5671 2255 5743 (2)
2281 5663 2530 5731 Διὰ-τοὺς
2561 5665 2819 5738 ἀθλητάς.
2856 5692 2885 5720 ‹‹
2919 5671 2985 5727 In
3010 5667 3371 5751 athletarum
3420 5663 3693 5738 gratiam.
3726 5683 3758 5713 ιο
