4146 6290
352 370 469 437 837

1340 373 1632 433 ORATIO
1674 372 1779 433 XI.
1811 404 1888 416 —-
1914 372 2017 432 AD
2065 368 2402 434 GREGOR.
2448 372 2779 436 NYSSEN.

3643 378 3761 443 838

354 509 515 580 ἡμῶν
570 508 646 579 (3)
705 503 1058 581 ὑπαρχούσης
1114 504 1298 567 αὐτοῖς
1355 506 1444 559 καὶ
1499 511 1599 573 τῆς
1652 505 1702 558 ἐν
1751 504 2000 580 οὐρανοῖς

2131 506 2381 563 iicamus
2440 507 2664 563 veritati
2714 513 2947 581 prepter
2995 515 3299 583 martyres.
3356 512 3473 568 Hoc
3522 513 3759 571 illorum

356 593 743 668 ἀποκειμένης,
780 597 843 663 ἧς
876 595 1246 667 ὑπομνήματα
1284 594 1373 648 καὶ
1424 596 1763 669 χαρακτῆρες
1820 592 2004 669 μικροί

354 704 494 745 τινες
540 684 609 737 τὰ
657 683 932 759 ὁρώμενα.
988 683 1131 759 Πρὸς
1181 682 1275 743 τὰς
1328 682 1524 758 ἀρχὰς,
1574 682 1709 756 πρὸς
1740 682 1834 743 τὰς
1866 680 2008 750 ἐξου-

356 772 468 835 σίας
531 772 947 847 ἀγωνισώμεθα,
1020 772 1158 847 πρὸς
1213 770 1340 833 τοὺς
1398 771 1616 846 ἀφανεῖς
1675 767 1904 831 διώκτας
1949 792 2008 825 τε

354 861 443 915 καὶ
471 862 784 935 τυράννους,
816 862 954 933 πρὸς
986 859 1113 923 τοὺς
1144 859 1591 935 κοσμοκράτορας
1636 864 1733 913 τοῦ
1782 858 2006 920 σκότους

353 953 449 1003 τοῦ
479 948 676 1011 αἰῶνος
724 951 801 1022 (4)
848 948 1065 1020 τούτου,
1111 949 1248 1023 πρὸς
1297 950 1363 1003 τὰ
1392 949 1727 1021 πνευματικὰ
1750 955 1849 1017 τῆς
1908 969 2008 1002 πο-

351 1036 541 1111 νηρίας
589 1036 637 1093 ἒν
688 1042 803 1099 τοῖς
861 1037 1224 1113 ἐπουρανίοις,
1262 1037 1353 1092 καὶ
1378 1037 1501 1112 περὶ
1530 1038 1598 1091 τὰ
1627 1037 1848 1111 οὐράνια
1873 1038 2008 1112 πρὸς

352 1126 445 1182 τὸν
470 1123 621 1181 ἔνδον
652 1125 741 1181 καὶ
774 1126 826 1182 ἐν
870 1130 1007 1200 ἡμῖν
1036 1127 1221 1190 αὐτοῖς
1262 1128 1348 1182 τὸν
1382 1126 1433 1181 ἐν
1464 1131 1580 1188 τοῖς
1612 1125 1800 1189 πάθεσι
1844 1125 2009 1180 πόλε-

362 1236 485 1290 μον,
536 1217 673 1291 πρὸς
718 1215 815 1279 τὰς
862 1218 979 1271 καθ’
1018 1216 1244 1287 ἑκάστην
1277 1217 1486 1292 ἡμέραν
1518 1220 1623 1271 τῶν
1658 1214 1843 1288 ἔξωθεν
1874 1237 2012 1289 συμ-

357 1304 667 1361 πιπτόντων
700 1304 1103 1367 ἐπαναστάσεις.

2115 596 2534 652 certaminibus
2565 599 2794 662 demus,
2827 604 2890 653 ut
2920 599 3031 671 ipsi
3062 617 3293 673 quoque
3321 600 3573 673 palmam
3603 621 3761 661 asse-

2117 700 2390 755 quamur,
2425 690 2598 756 atque
2619 687 2881 756 ejusdem
2906 686 3099 757 gloriae
3128 689 3381 745 haeredes
3410 690 3620 756 simus,
3640 697 3762 748 tam

2116 772 2275 828 illius
2304 790 2479 844 quam
2512 793 2546 829 a
2577 773 2746 830 nobis
2778 777 3091 847 accipiunt,
3126 795 3303 849 quam
3359 778 3520 835 illius
3547 798 3673 851 quae
3704 782 3763 837 in

2119 862 2278 917 caelis
2310 863 2607 917 recondita
2653 868 2762 929 est,
2794 866 2964 934 cujus
3019 865 3380 922 monimenta
3410 870 3675 938 quaedam
3709 875 3766 926 et

2118 951 2326 1022 exigua
2357 950 2523 1022 signa
2544 957 2702 1019 sunt,
2730 970 2857 1024 quae
2883 954 3068 1008 oculis
3099 961 3438 1011 cernuntur.
3458 960 3764 1015 Certamen

2118 1039 2384 1095 ineamus
2407 1041 2687 1096 adversus
2710 1042 3070 1113 principatus
3096 1047 3153 1098 et
3187 1048 3529 1115 potestates,
3563 1048 3763 1103 adver-

2121 1146 2219 1185 sus
2277 1128 2600 1185 invisibiles
2677 1130 2808 1186 illos
2883 1136 3283 1204 persecutores
3348 1139 3405 1190 et
3461 1139 3763 1208 tyrannos,

2122 1218 2401 1273 adversus
2434 1219 2636 1273 mundi
2667 1224 2919 1275 rectores
2945 1222 3316 1278 tenebrarum
3339 1223 3519 1295 hujus
3547 1226 3765 1299 seculi,

2123 1307 2403 1362 adversus
2450 1308 2781 1379 spiritualia
2823 1310 3093 1382 nequitiae
3145 1311 3203 1367 in
3255 1311 3586 1370 coelestibus
3616 1315 3681 1384 πθ,
3713 1320 3772 1372 et

362 1414 491 1470 quae
518 1397 670 1454 circa
700 1397 957 1455 coaleslia
1012 1397 1300 1466 feruntur,
1334 1396 1614 1453 adversus
1659 1395 2048 1451 domesticum
2082 1399 2259 1467 atque
2288 1396 2634 1453 intestinum
2684 1397 2924 1467 bellum,
2974 1401 3126 1470 quod
3160 1400 3219 1456 in
3250 1402 3433 1457 animi
3468 1404 3769 1474 perturba-

358 1486 619 1543 tionibus
650 1486 831 1543 situm
854 1490 961 1558 est,
996 1487 1274 1542 adversus
1307 1485 1680 1556 quotidianos
1709 1502 1931 1552 earum,
1967 1501 2094 1556 quae
2124 1490 2360 1541 externe
2391 1487 2684 1551 accidunt,
2718 1505 2912 1543 rerum
2944 1489 3215 1561 impetus.

435 1579 505 1631 E'.
568 1575 900 1649 Ἐνέγκωμεν
973 1573 1143 1646 θυμὸν
1207 1575 1284 1635 ὦς
1340 1573 1549 1647 θηρίον,
1607 1573 1697 1627 καὶ
1762 1571 2011 1648 γλωσσαν

2194 1577 2261 1628 V.
2293 1574 2466 1642 Iram,
2489 1574 2645 1629 velut
2666 1575 2917 1631 helluam
2940 1579 3279 1649 quamdam,
3305 1579 3587 1652 linguam,
3614 1581 3774 1637 velut

361 1662 434 1725 ὡς
466 1663 634 1736 τομὸν
669 1664 743 1737 (5)
776 1663 946 1740 ξίφος,
975 1664 1066 1718 καὶ
1124 1661 1326 1733 ἡδονὴν
1386 1663 1460 1723 ὡς
1515 1667 1622 1736 πῦρ
1675 1656 2015 1716 κατασϐέσω-

365 1773 481 1824 μεν.
516 1752 749 1823 Θώμεθα
775 1757 894 1809 ταῖς
943 1752 1130 1815 ἀκοαῖς
1190 1752 1377 1825 θύρας,
1437 1753 1620 1812 καλῶς
1665 1750 2018 1825 ἀνοιγομένας

258 1840 259 1843 “
361 1840 450 1895 καὶ
488 1838 851 1912 κλειομένας*
910 1841 999 1895 καὶ
1047 1841 1139 1895 τὸν
1206 1838 1491 1913 ὀφθαλμὸν
1553 1838 2014 1915 σωφρονίσωμεν’

363 1927 877 2003 παιδαγωγήσωμεν
939 1930 1079 1998 άφήν
1140 1927 1444 2001 λυσσῶσαν,
1502 1929 1591 1983 καὶ
1652 1932 1830 2002 γεῦσιν
1890 1947 2019 1981 σπα-

364 2017 680 2094 ράττουσαν,
717 2019 791 2091 μή
821 2020 1046 2081 Θάνατος
1080 2014 1252 2092 ἀναϐῇ
1287 2015 1375 2072 διὰ
1402 2022 1511 2072 τῶν
1562 2013 1790 2091 θυρίδων
1839 2018 2015 2089 ἡμῶν·

364 2105 507 2161 οὕτω
566 2108 670 2183 γὰρ
729 2110 972 2183 ἡγοῦμαι
1027 2107 1307 2163 καλεῖσθαί
1365 2107 1432 2161 τὰ
1506 2105 1865 2178 αἰσθητήρια·
1928 2103 2017 2157 καὶ

363 2196 605 2271 γὲλωτος
664 2196 921 2271 ἀμετρίας
975 2194 1427 2272 καταγελάσωμεν
1640 2196 1727 2262 Μὴ
1788 2196 2019 2265 κάμψω-

368 2305 462 2358 μεν
493 2284 617 2361 γόνυ
646 2288 715 2358 τῇ
747 2283 891 2339 Βαὰλ
925 2282 1014 2340 διὰ
1040 2286 1139 2353 τήν
1172 2284 1386 2360 χρείαν,
1423 2280 1562 2356 μηδὲ
1603 2279 1692 2336 διὰ
1742 2276 1907 2359 φόϐον
1942 2282 2019 2353 (7)

360 2377 429 2447 τῇ
462 2369 630 2429 εἰκόνι
671 2377 741 2448 τῇ
790 2380 968 2449 χρυσῆ
1020 2375 1507 2449 προσκυνήσωμεν.
1556 2373 1652 2427 ’Ἑν
1688 2365 2016 2448 φοϐηθῶμεν

367 2462 554 2537 μόνον,
602 2461 664 2517 τό
713 2460 1020 2541 φοϐηθῆναί
1077 2484 1129 2517 τι
1176 2466 1309 2517 Θεοῦ
1352 2460 1544 2527 πλέον,
1577 2460 1665 2513 καὶ
1698 2454 2021 2533 καθυϐρίσαι

361 2552 461 2620 τὴν
524 2551 701 2607 εἰκόνα
759 2549 848 2606 διὰ
903 2551 1114 2613 κακίας.
1173 2554 1262 2605 Ἐν
1321 2555 1450 2604 πᾶσι
1520 2549 1612 2603 τὸν
1673 2548 1858 2622 θυρεὸν
1918 2553 2019 2615 τῆς

363 2638 597 2702 πίστεως
657 2635 1039 2714 ἀναλάϐωμεν,
1101 2638 1190 2694 καὶ
1239 2637 1413 2693 πάντα
1458 2636 1523 2692 τὰ
1558 2635 1694 2712 βέλη
1727 2640 1823 2690 τοῦ
1853 2656 2021 2704 πονη-

368 2732 467 2804 ροῦ
570 2726 938 2807 διάφύγωμεν.
1040 2728 1139 2783 Καὶ
1247 2728 1407 2789 οὗτος
1492 2724 1662 2787 δεινὸς
1747 2725 1774 2779 ὁ
1855 2723 2023 2779 πόλε-

371 2838 504 2890 μος,
591 2817 681 2871 καὶ
768 2816 901 2889 αὕτη
988 2816 1281 2893 παράταξις
1370 2814 1607 2891 μεγάλη,
1687 2814 1778 2869 καὶ
1860 2818 2020 2868 τοῦτο

373 2906 514 2979 μέγα
613 2904 888 2980 τρόπαιον.
984 2906 1047 2960 Εἰ
1128 2905 1302 2969 οὕτως
1394 2902 1838 3014 συνεληλύθαμεν
1925 2904 2096 3014 (8),C

372 2993 407 3058 ἣ
462 2991 847 3068 συντρέχομεν,
896 2992 1067 3056 ὅντως
1119 2995 1255 3049 κατὰ
1311 2995 1537 3071 Χριστὸν
1603 2996 1638 3062 ἡ
1696 2994 2022 3067 πανήγυρις,

375 3077 545 3141 ὅντως
591 3080 720 3142 τοὺς
775 3082 1046 3156 μάρτυρας
1092 3086 1484 3157 τετιμήκαμεν,
1524 3084 1557 3151 ἣ
1583 3084 1889 3154 τιμήσομεν
1922 3082 2022 3153 (9),

374 3166 544 3229 ὅντῶς
602 3168 906 3244 χορεύομεν
968 3169 1222 3228 ἐπινίκια.
1278 3173 1343 3227 Εἰ
1400 3170 1458 3227 δὲ
1514 3170 1747 3247 γαστρὸς
1802 3168 2025 3240 ἡδοναῖς

370 3255 749 3332 χαριούμενοι,
782 3258 872 3313 καί
914 3262 1279 3337 τρυφήσοντες
1326 3262 1650 3337 πρόσκαιρα,
1712 3260 1800 3314 καὶ
1862 3258 2022 3314 εἰσοί-

372 3365 553 3407 σοντες
612 3348 677 3402 τὰ
733 3348 1030 3422 κενούμενα
1084 3351 1219 3423 (10),
1296 3351 1385 3405 καὶ
1459 3348 1770 3423 κραιπάλης
1841 3345 2026 3423 χωρία

367 3438 554 3505 ταῦτα,
606 3436 668 3489 οὐ
726 3438 1081 3514 σωφροσύνης
1141 3434 1643 3512 ὑπολαμϐάνοντες,
1724 3438 1813 3492 καὶ
1888 3456 2025 3511 πρα-

369 3528 642 3596 γματειῶν
674 3527 898 3602 καιροὺς
940 3527 1030 3583 καὶ
1077 3527 1441 3605 πραγμάτων,
1498 3527 1623 3583 ἀλλ’
1680 3526 1779 3582 οὐκ
1837 3521 2028 3580 ἀναϐά-

370 3631 508 3674 σεως
538 3614 571 3681 ἣ
598 3615 840 3679 θεώσεως
873 3615 1101 3691 (11),ῗν’
1160 3616 1335 3681 οὕτως
1396 3617 1562 3672 εἰπεῖν
1620 3617 1912 3690 τολμήσω,
1956 3616 2023 3685 ἧς

372 3700 423 3753 οἱ
460 3702 721 3778 μάρτυρες
771 3706 1108 3777 μεσιτεύουσι
1159 3710 1296 3779 (12),
1342 3710 1556 3783 πρῶτον
1611 3707 1704 3779 μὲν
1763 3702 1885 3760 οὐδὲ
1932 3705 2022 3759 τὸν

372 3791 559 3865 καιρὸν
589 3790 955 3865 ἔπιγινώσκω.
988 3794 1048 3847 Τί
1078 3796 1180 3869 γὰρ
1212 3794 1277 3848 τὰ
1307 3792 1487 3869 ἄχυρα
1516 3796 1650 3868 πρὸς
1692 3795 1783 3850 τὸν
1837 3800 1982 3848 σῖτον
2009 3812 2024 3864 ;

371 3878 431 3932 Τί
464 3876 521 3933 δὲ
550 3882 664 3949 (13)
695 3881 887 3954 θρύψις
938 3882 1133 3956 σαρκὸς
1172 3884 1308 3957 πρὸς
1371 3882 1657 3958 μαρτύρων
1712 3881 2024 3953 παλαίσμα-

371 3986 474 4036 τα;
511 3968 721 4022 Ἐκεῖνα
774 3972 881 4022 τῶν
943 3972 1203 4043 θεάτρων,
1260 3975 1427 4025 ταῦτα
1476 3976 1584 4025 τῶν
1628 3970 1774 4044 ἐμῶν
1825 3967 2025 4024 συλλό-

371 4075 518 4132 γων·
569 4054 745 4110 ἐκεῖνα
793 4062 898 4111 τῶν
954 4057 1293 4128 ἀκολάστων,
1342 4063 1510 4114 ταῦτα
1556 4064 1663 4113 τῶν
1692 4059 2029 4137 σωφρονούν-

370 4164 497 4198 των’
559 4144 734 4199 ἐκεῖνα
788 4150 895 4200 τῶν
944 4144 1311 4224 φιλοσάρκων,
1357 4152 1527 4202 ταῦτα
1582 4153 1690 4202 τῶν
1750 4146 2028 4220 λυομένων

372 4233 478 4287 ἀπὸ
525 4237 638 4308 (14)
680 4238 776 4288 τοῦ
821 4236 1098 4308 σώματος.
1147 4242 1369 4291 Ἔπειτα
1419 4233 1696 4311 βούλομαι
1733 4236 1825 4308 μὲν
1859 4235 2026 4290 εἰπεῖν

2127 1668 2482 1732 praeacutum
2524 1663 2785 1733 gladium
2835 1666 3257 1732 sustineamus,
3308 1672 3364 1721 et
3390 1668 3769 1739 voluptatem,

2125 1750 2283 1804 velut
2311 1750 2506 1821 ignem
2537 1751 3003 1823 exstinguamus.
3036 1754 3284 1810 Auribus
3317 1757 3532 1811 nostris
3555 1758 3775 1827 januas

2128 1854 2513 1910 apponamus,
2547 1856 2674 1910 quae
2697 1842 3037 1912 tempestive
3067 1844 3402 1913 aperiantur
3417 1848 3472 1899 et
3495 1845 3773 1901 claudan-

2128 1932 2259 1983 tur:
2294 1928 2479 1982 oculis
2512 1928 2739 1983 frenum
2770 1929 3143 1999 injiciamus:
3179 1936 3401 1987 tactum
3434 1934 3593 1989 rabie
3616 1934 3775 1991 labo-

2129 2022 2377 2087 rantem,
2432 2022 2487 2072 et
2535 2022 2774 2089 gustum
2836 2019 3199 2074 vellicantem
3254 2038 3643 2090 coerceamus,
3706 2040 3778 2080 ne

2129 2104 2345 2176 alioqui
2374 2123 2530 2161 mors
2552 2124 2654 2178 per
2685 2108 2969 2162 fenestras
2994 2114 3223 2165 nostras
3252 2112 3529 2166 ascendat
3557 2113 3634 2179 ⁸ος
3668 2113 3777 2168 hoc

2130 2193 2284 2247 enim
2319 2196 2554 2249 nomine
2585 2211 2864 2250 sensuum
2888 2198 3057 2251 sedes
3082 2197 3270 2252 vocari
3303 2197 3591 2253 existimo.
3617 2201 3777 2256 Effu-

2130 2298 2261 2336 sum
2293 2287 2349 2338 et
2380 2284 2737 2353 petulantem
2764 2284 2947 2338 risum
2980 2285 3353 2341 irrideamus.
3377 2287 3458 2341 Ne
3489 2288 3559 2342 ob
3584 2305 3779 2345 rerum

2131 2372 2435 2442 penuriam
2469 2378 2602 2427 ante
2633 2373 2771 2427 Baal
2802 2390 2953 2445 genu
2987 2374 3293 2430 flectamus
3323 2375 3390 2442 ⁸1,
3427 2392 3529 2431 nec
3561 2377 3633 2432 ob
3657 2394 3777 2434 me-

2128 2466 2254 2514 tum
2288 2477 2525 2515 auream
2582 2462 2898 2533 imaginem
2952 2463 3265 2519 adoremus
3320 2465 3388 2519 ⁸².
3450 2466 3563 2521 Hoc
3590 2484 3774 2522 unum

2132 2550 2466 2619 timeamus,
2499 2567 2570 2605 ne
2601 2550 2738 2622 quid
2774 2552 2963 2622 magis
2994 2568 3171 2623 quam
3221 2553 3403 2608 Deum
3438 2555 3776 2626 timeamus,

2132 2639 2457 2709 divinaeque
2489 2638 2731 2710 imagini
2755 2656 2856 2711 per
2885 2640 3213 2711 improbam
3236 2642 3465 2697 vivendi
3491 2644 3775 2699 rationem

2132 2728 2413 2799 probrum
2442 2726 2784 2783 inferamus.
2811 2730 2873 2782 In
2904 2728 3179 2784 omnibus
3203 2729 3334 2785 ﬁdei
3366 2731 3514 2787 245
3542 2738 3776 2787 scutum

2133 2832 2531 2885 assumamus,
2554 2820 2728 2887 atque
2754 2816 2950 2871 omnia
2971 2816 3187 2872 diaboli
3209 2817 3322 2873 tela
3338 2819 3688 2889 effugiamus
3709 2821 3778 2876 ⁸³.

2132 2904 2277 2959 Nam
2311 2905 2419 2960 hoc
2448 2922 2676 2976 quoque
2705 2904 2921 2961 bellum
2952 2922 3123 2977 grave
3145 2922 3210 2961 ac
3238 2906 3634 2977 periculosum
3667 2914 3777 2977 est,

2134 2994 2253 3049 hac
2285 3011 2517 3066 quoque
2549 2995 2845 3050 dimicatio
2878 3012 3112 3067 magna,
3144 3001 3200 3050 et
3228 2995 3490 3067 amplum
3523 2998 3630 3052 hoc
3662 3002 3778 3053 tro-

2134 3083 2387 3155 phaeum.
2429 3083 2581 3138 Siita
2603 3085 3002 3151 convenimus,
3022 3085 3564 3152 autconcurrimus,
3582 3103 3780 3142 revera

2136 3171 2350 3227 festum
2382 3172 2538 3226 hunc
2570 3173 2747 3237 diem,
2783 3178 2845 3226 ut
2875 3172 3106 3227 Christo
3137 3178 3369 3245 gratum
3410 3179 3499 3229 est
3530 3174 3784 3230 celebra-

2136 3277 2290 3329 mus,
2345 3277 2541 3315 revera
2590 3266 2873 3332 martyres
2906 3261 3123 3316 honore
3165 3263 3487 3330 affeeimus,
3523 3270 3623 3318 aut
3653 3265 3787 3319 afﬁ-

2134 3348 2378 3414 ciemus,
2411 3366 2609 3404 revera
2638 3350 3053 3421 triumphalem
3092 3351 3360 3407 choream
3398 3353 3649 3424 agimus.
3683 3353 3787 3409 Sin

2136 3443 2332 3494 autem
2390 3455 2456 3493 eo
2515 3439 2915 3508 convenimus,
2979 3444 3042 3493 ut
3117 3441 3335 3495 ventris
3394 3441 3791 3513 voluptatibus

2136 3526 2572 3599 indulgeamus,
2620 3534 2676 3582 et
2708 3528 2878 3582 ﬂuxis
2935 3544 3001 3583 ac
3051 3528 3202 3583 brevi
3250 3530 3524 3602 perituris
3563 3530 3788 3586 deliciis

2136 3616 2421 3686 fruamur,
2445 3632 2649 3688 eaque,
2684 3633 2811 3687 quae
2844 3633 2978 3671 mox
3008 3623 3385 3688 evacuantur,
3420 3619 3782 3687 inferamus;

2135 3710 2310 3777 atque
2339 3706 2458 3760 haec
2490 3705 2632 3774 loca,
2672 3722 2782 3759 non
2834 3707 3253 3776 temperantiae,
3290 3707 3389 3761 sed
3423 3706 3695 3777 crapulm,
3730 3710 3789 3763 et

2136 3794 2258 3850 haec
2289 3800 2572 3866 tempora,
2607 3810 2719 3849 non
2744 3794 3068 3864 spiritualis
3090 3811 3389 3862 ascensus,
3422 3812 3486 3850 ac
3518 3795 3653 3865 (nisi
3675 3795 3785 3851 hoc

2136 3901 2169 3938 a
2203 3900 2294 3937 me
2323 3883 2603 3938 audacius
2633 3882 2854 3936 dictum
2887 3882 3195 3953 videatur),
3228 3883 3548 3938 divinitatis
3579 3901 3782 3940 conse-

2138 3972 2404 4043 quendaa,
2422 3973 2591 4040 cujus
2615 3971 2964 4025 mediatores
2982 3978 3121 4025 sunt
3144 3976 3446 4042 martyres,
3467 3972 3567 4026 sed
3586 3990 3783 4028 rerum

2136 4059 2524 4131 gerendarum
2551 4062 2607 4113 et
2628 4057 3088 4128 negotiationum
3112 4062 3375 4130 tempora
3395 4077 3521 4115 esse
3543 4061 3785 4117 arbitre-

2138 4164 2310 4213 mur;
2346 4146 2597 4216 primum
2624 4146 2878 4215 quidem.
2905 4146 3057 4215 quod
3090 4146 3147 4201 id
3167 4147 3274 4201 hoc
3297 4149 3543 4218 tempori
3578 4166 3785 4204 conve-

2136 4236 2278 4304 niat,
2309 4234 2464 4289 haud
2496 4250 2766 4305 agnosco.
2802 4234 2945 4297 Quid
2982 4234 3135 4288 enim
3172 4235 3347 4305 paleas
3379 4252 3511 4291 cum
3549 4238 3787 4293 tritico?

366 4342 418 4375 τι
450 4322 539 4377 καὶ
596 4321 1031 4401 τολμηρότερον,
1090 4322 1346 4402 φείδομαι
1404 4323 1462 4379 δὲ
1516 4332 1617 4395 τῆς
1668 4322 2019 4403 βλασφημίας

2131 4324 2275 4389 Quid
2298 4322 2492 4378 carnis
2506 4322 2792 4392 voluptati
2815 4339 2951 4377 eum
2978 4326 3297 4395 martyrum
3319 4327 3740 4383 certaminibus
3757 4328 3784 4381 ?

370 4407 516 4466 αἰδοῖ
562 4419 663 4483 τῆς
715 4412 963 4489 ἡμέρας’
1023 4415 1170 4484 πλὴν
1219 4413 1281 4469 οὐ
1337 4418 1504 4470 ταῦτα
1549 4414 1831 4470 ἀπαιτοῦσι
1890 4415 2017 4491 παρ’

2126 4413 2231 4469 111a
2261 4411 2505 4468 theatris
2537 4415 2890 4483 congruunt,
2923 4412 3041 4466 haec
3066 4412 3211 4467 meis
3234 4415 3620 4471 conventibus
3646 4439 3660 4483 ;
3684 4414 3785 4471 illa

453 4642 498 4676 ⁷⁸
525 4644 672 4717 Eph.
704 4661 783 4713 v1,
818 4645 906 4701 12.
937 4645 983 4681 ⁸ο
1004 4646 1123 4702 Jer.
1156 4664 1235 4715 Ix,
1265 4647 1355 4703 21.
1387 4647 1433 4684 ει
1466 4646 1545 4703 ΙΙΙ
1576 4646 1715 4719 Reg.
1746 4664 1861 4716 xxx,
1895 4646 1985 4701 18.

2131 4652 2240 4699 κιο.
2274 4658 2359 4708 In,
2396 4642 2482 4697 18.
2515 4640 2561 4676 ⁸⁸
2591 4640 2736 4712 Eph.
2760 4657 2839 4708 v1,
2887 4641 2976 4697 46.

448 4861 523 4931 (3)
551 4858 688 4933 Παρ’
716 4858 899 4933 ἡμῷν.
932 4858 1192 4933 Sietres
1244 4861 1447 4933 Regg,,
1495 4861 1739 4916 totidem
1781 4859 1940 4916 Colb.
1973 4876 2023 4915 ο.

379 4929 472 4987 Or.
504 4929 558 4987 2.
594 4929 720 4985 Par.
754 4930 845 4985 ed.
881 4948 955 4982 πα
992 4930 1003 4945 ⁸
1034 4929 1210 5002 ὑμῶν.

450 5003 524 5057 (4)
551 5003 654 5054 Τοῦ
686 4997 899 5057 αἰῶνος.
949 4948 1122 5057 Deest
1174 5002 1210 5057 il

450 5003 529 5126 (ἐξ
551 5003 654 5126 Τῖῦ
686 4997 899 5061 αἰῶνος.
949 4997 1122 5058 Deest
1174 5002 1235 5057 in
1283 5003 1467 5075 Regg.
1524 5002 1647 5070 bm,
1689 5002 1790 5074 ph,
1844 5002 1938 5058 Or.
1969 5003 2024 5071 2,

378 5074 857 5216 C0(l§)l.'$;10p6_m
917 5143 1056 5216 Reg.
1102 5145 1205 5216 ph,
1263 5142 1437 5199 Coisl.
1491 5146 1542 5213 1,
1603 5148 1661 5200 et
1708 5143 1906 5201 Comb.
1943 5139 2025 5196 δί-

375 5235 467 5269 στο
478 5214 595 5286 μον,
631 5236 669 5286 «_
692 5214 1028 5286 anticipem:
1066 5237 1094 5264 ››

443 5235 467 5267 o
520 5235 595 5282 ον,
631 5236 658 5262 ‹‹
692 5235 1025 5286 anucupem.
1066 5237 1094 5264 υ

443 5235 520 5358 (ἕ)
568 5282 675 5373 ,Καὶ
732 5283 974 5373 γελωτος
1021 5284 1322 5373 ἐμετρίαςή
1354 5283 1836 5373 καταγελάσωμεν.
1898 5286 2028 5373 Ηςεο

2206 4857 2331 4929 (10),
2375 4852 2700 4929 Κενούλμενα.
2762 4855 2873 4929 Sic.
2935 4855 3112 4929 Regg.
3173 4859 3229 4910 et
3283 4854 3441 4911 Colb.
3502 4857 3779 4929 plerique.

2135 4924 2379 4983 Malevin
2412 4926 2584 4982 editis
2614 4924 2956 4995 καινούμενα,
2993 4924 3382 4981 (innovatur.
3418 4948 3447 4976 »

2232 4999 2317 5069 11)
2348 4998 2418 5053 Ἦ
2445 4998 2725 5069 θεώσεως.
2745 4999 2878 5069 Reg.
2908 4998 3030 5063 bm,
3060 4995 3148 5049 καὶ
3180 4996 3445 5069 θεώσεως.

2232 5000 2291 5053 11
2348 4999 2418 5053 Ἦ
2445 4999 2710 5058 θεώσεως.
2745 4999 2878 5069 Reg.
2908 4999 3030 5063 bm,
3060 4999 3148 5049 καὶ
3180 4999 3445 5058 θεώσεως.

2232 4999 2318 5142 12)
2376 5070 2477 5129 Ἦς
2538 5069 2590 5121 οἱ
2668 5068 2929 5142 μάρτυρες
3010 5067 3366 5142 μεσιτεύουσι.
3451 5069 3509 5124 Id
3552 5070 3782 5142 Nicetas

2136 5139 2220 5213 sic
2251 5139 2485 5212 ekponit
2510 5157 2521 5195 :
2551 5142 2654 5213 ξΗς
2711 5139 2921 5213 μέσῖται
2946 5139 3205 5213 ’.γίνονται
3256 5141 3307 5213 οἱ
3337 5139 3505 5211 ἆγιοι,
3556 5141 3646 5194 τὸν
3684 5142 3778 5213 μὶν

2137 5210 2265 5285 λαὸν
2324 5204 2782 5285 ’παρακαλοῦντεςῇ
2842 5204 3139 5285 ἀναϐαίνειν
3213 5204 3634 5285 καὶγθεοῦσθαι,
3684 5204 3782 5267 ’τὸν

2137 5281 2193 5336 δὲ
2224 5282 2350 5337 Θεὸν
2399 5279 2721 5340 ἱκετεύοντες
2768 5279 3129 5341 ἐπικλίνεσῆαι
3179 5284 3265 5334 καὶ
3320 5284 3639 5357 βοηθεέν.-‹‹
3671 5285 3781 5338 Cn-

2206 5001 2221 5141 ί

373 5355 586 5414 desunt
617 5359 701 5432 _in
734 5355 964 5432 duobus
1019 5355 1240 5431 Regiis.
1284 5358 1456 5414 Coisl.
1507 5355 1562 5426 1,
1618 5355 1728 5430 pro
1765 5357 2025 5432 ἀμετρίας
2127 5357 2231 5432 j‘us
2266 5359 2613 5432 mediatores
2634 5358 2773 5409 sunt
2792 5357 2977 5432 sancti
3012 5355 3327 5432 martyres?
3350 5355 3633 5432 hortando
3651 5358 3780 5425 qui-

373 5431 571 5496 habet,
607 5426 886 5502 ἀμετρίαν.

446 5504 520 5603 (7)
553 5494 655 5553 Δια
679 5494 871 5577 φόϐον.
907 5501 1001 5556 Or.
1033 5502 1088 5570 2,
1123 5495 1212 5553 διὰ
1238 5499 1329 5553 τὸν
1358 5494 1549 5577 φόϐον.

469 5575 516 5603 Ωι
555 5572 1008 5603 v....-._..r.n....-..
1062 5571 1266 5603 mna...
1335 5594 1362 5603 ,,
1395 5572 1440 5603 ..ι
1495 5576 1549 5603 ..ε

468 5571 517 5644 8)
552 5571 1028 5645 ΣυνεληΑύθαμεν.
1062 5571 1291 5643 Billius,
1333 5571 1443 5629 «'si
1494 5574 1565 5630 ad
1599 5573 1756 5630 hunc
1788 5573 2027 5629 modum

376 5645 648 5715 colimus,
680 5650 783 5701 aut
811 5645 1185 5705 conﬂuimus.
1214 5664 1245 5715 ξ)

447 5716 526 5791 (9)
579 5713 920 5792 Τιμήσομεν.
981 5716 1120 5790 Reg.
1180 5714 1282 5789 ph,
1339 5713 1516 5773 Cois].
1572 5717 1622 5773 1.
1679 5716 2025 5792 τιμήσωμεν.

2137 5425 2269 5481 dem
2306 5427 2587 5498 pepulum
2612 5432 2676 5480 ut
2696 5427 2972 5480 ascendat
2995 5443 3059 5480 ac
3082 5425 3256 5498 veluti
3280 5427 3432 5481 Deus
3455 5427 3779 5496 efficiatur;

2136 5497 2322 5583 Deum
2354 5497 2548 5554 autem
2583 5498 2861 5569 rogando,
2898 5505 2959 5551 ut
3005 5497 3264 5553 inclinet.
3301 5515 3361 5553 se
3408 5502 3582 5569 atque
3612 5515 3782 5572 opem

2138 5571 2302 5625 ferat.
2340 5592 2366 5618 ››

2209 5639 2404 5721 (4.321“?
2436 5636 2510 5721 δξ-
2543 5641 2763 5721 reg-.2.
2794 5636 2872 5721 Ti.
2894 5634 3001 5692 δαίο

2232 5642 2298 5697 43
2345 5642 2404 5693 Τί
2436 5642 2510 5693 δὲ.
2548 5642 2681 5711 Reg.
2715 5657 2763 5721 Ζ,
2794 5642 2853 5690 Τί
2894 5642 3001 5692 δαί.

2209 5642 2322 5786 (14)
2354 5710 2509 5768 Ἀπό.
2543 5712 2718 5769 Deest
2746 5728 2808 5767 1n
2834 5710 2975 5783 Reg.
3007 5726 3061 5782 a,
3094 5714 3151 5768 et
3179 5710 3273 5767 0r.
3303 5714 3358 5770 2.
