4146 6290
337 375 451 441 841

1488 377 1776 439 ORATIO
1821 378 1950 439 ΧΙΙ.
1992 414 2065 424 —
2106 382 2207 441 AD
2259 382 2599 442 PATBEM.

3636 385 3753 445 842

339 514 365 566 ὁ
395 514 493 580 τῆς
538 510 750 585 ἀγάπης
797 508 999 583 πατὴρ,
1030 510 1064 576 ἡ
1099 507 1305 583 ἀγάπη“
1352 510 1517 561 ταῦτα
1565 507 1667 581 γὰρ
1716 511 1821 583 πρὸ
1874 514 1978 562 τῶν

2096 512 2168 567 iis
2192 512 2285 584 qui
2310 512 2420 583 legi
2444 513 2713 584 subjecti,
2740 518 2865 569 tum
2888 512 3148 585 illis,qui
3172 529 3205 568 a
3225 512 3349 585 lege
3371 512 3544 569 alieni
3566 518 3752 586 erant,

338 599 521 655 ἄλλων
574 598 755 674 χαίρει
806 596 1164 668 καλούμενος,
1211 595 1300 650 ’ἱνα
1349 598 1688 670 νομοθετήσῃ
1738 600 1849 670 (28)
1899 599 1985 651 καὶ

334 695 447 751 τοῖς
498 688 727 760 ὀνόμασι
772 687 833 741 τὸ
880 684 1239 763 φιλάδελφον,
1288 687 1316 739 ὁ
1362 687 1461 753 τὴν
1514 687 1704 755 καινήν
1757 684 1983 756 ἐντολὴν

336 776 459 840 δοὺς
506 777 559 833 ἐν
586 782 666 850 τῷ
694 780 949 831 τοσοῦτον
983 777 1191 851 ἀγαπᾷν
1223 773 1528 845 ἀλλήλους,
1570 774 1693 829 ὅσον
1736 776 1824 830 καὶ
1857 778 1987 852 ἠγα-

333 870 572 940 πήμεθα’
626 868 653 922 ὁ
714 864 841 927 δοὺς
900 866 989 919 καὶ
1046 869 1316 940 τυραννεῖν
1378 862 1598 935 καλῶς²
1658 865 1745 919 καὶ
1800 886 1986 940 τυραν-

329 959 532 1012 νεῖσθαι
567 953 657 1009 διᾶ
684 955 776 1009 τὸν
810 949 1002 1031 φόϐον,
1048 952 1137 1007 καὶ
1170 950 1487 1007 ἀναδύεσθαι
1539 951 1629 1006 σὺν
1668 951 1816 1028 λόγῳ
1847 956 1981 1025 (29),

328 1046 416 1101 καὶ
449 1044 662 1121 θαρρεῖν
713 1041 877 1099 πάλιν
932 1040 1021 1096 διὰ
1065 1044 1154 1097 τὸν
1208 1041 1395 1116 λόγον·
1444 1041 1471 1094 ὁ
1522 1042 1609 1095 καὶ
1656 1043 1723 1094 τὰ
1774 1042 1983 1117 μεγάλα

328 1137 559 1209 ποίμνια
615 1132 971 1208 καταρτίζων,
1021 1132 1110 1186 καὶ
1160 1132 1225 1186 τὰ
1288 1132 1456 1207 μικρὰ
1518 1129 1835 1205 μεγαλύνων
1894 1128 1983 1184 διὰ

327 1233 426 1295 τῆς
450 1226 701 1301 χάριτος,
734 1222 918 1289 αὐτὸς,
943 1223 1079 1275 κατὰ
1106 1222 1168 1275 τὸ
1200 1218 1414 1289 πλῆθος
1454 1226 1555 1288 τῆς
1604 1221 1794 1273 ἑαυτοῦ
1844 1241 1982 1295 χρη-

329 1312 613 1385 στότητος,
646 1316 793 1384 ἡμᾶς
831 1312 924 1384 μὲν
976 1309 1345 1386 παρακαλέσαι
1391 1307 1731 1383 παρακλήσει
1766 1308 1978 1383 πολλῇ,

327 1405 415 1459 καὶ
468 1403 541 1465 εἷς
590 1405 657 1455 τὰ
704 1397 1002 1476 ἔμπροσθεν
1069 1402 1181 1473 (30)
1236 1397 1355 1474 ἄγοι
1414 1398 1832 1471 συμποιμαίνων
1890 1400 1979 1453 καὶ

329 1492 607 1560 διασώζων
636 1492 698 1545 τὸ
728 1489 1006 1563 ποίμνιονσ
1051 1490 1188 1562 ὑμᾶς
1236 1485 1293 1542 δὲ
1340 1487 1704 1562 καταρτίσειεν
1751 1487 1827 1549 εἷς
1875 1494 1977 1542 πᾶν

326 1581 479 1658 ἔργον
545 1580 781 1657 ἀγαθὸν,
835 1580 925 1633 καὶ
984 1581 1364 1650 πνευματικῶς
1426 1576 1805 1651 πανηγυρίζειν
1864 1582 1980 1638 τοῖς

330 1675 556 1746 μάρτυσι
614 1669 843 1737 πείσειε,
903 1667 991 1721 καὶ
1047 1674 1147 1736 τῆς
1198 1666 1393 1720 ἐκεῖθεν
1450 1666 1656 1741 τρυρὴς
1712 1664 1977 1734 καταξιώ-

326 1781 485 1832 σειεν,
536 1755 663 1821 ἔνθα
717 1759 825 1830 (31)
864 1756 1077 1811 πάντων
1128 1752 1563 1832 εὐφραινομένων
1611 1756 1645 1822 ἡ
1690 1753 1975 1825 κατοικία,

2100 602 2296 657 attulit
2329 621 2340 656 :
2376 602 2491 671 ille,
2536 598 2800 674 inquam,
2834 602 3136 658 charitatis
3189 619 3424 674 parens,
3457 602 3574 658 imo
3629 602 3757 674 ipsa

2098 692 2349 746 cbaritas
2370 692 2442 759 87;
2469 692 2560 747 his
2593 692 2749 746 enim
2783 693 3059 748 omnibus
3090 692 3380 764 praecipue
3411 691 3751 759 delectatur,

2096 785 2161 834 ut
2182 796 2283 851 per
2305 780 2433 852 ipsa
2451 798 2681 851 quoque
2700 781 2979 837 vocabula
3000 786 3277 837 mutuum
3303 797 3559 837 amorem
3584 781 3753 852 quasi

2094 868 2211 924 lata
2242 869 2366 940 lege
2416 869 2766 942 promulget,
2794 872 2893 942 qui
2926 888 3141 926 novum
3195 871 3540 926 mandatum
3570 870 3748 942 dedit,

2092 962 2156 1013 ut
2186 963 2416 1013 tantum
2448 976 2553 1014 nos
2583 959 2742 1030 ipsos
2776 964 2979 1015 mutuo
3012 960 3330 1031 diligamus
3351 959 3415 1026 ⁸⁸,
3440 975 3618 1030 quam
3651 959 3745 1013 di-

2090 1046 2225 1102 lecti
2257 1064 2494 1114 sumus;
2532 1048 2631 1119 qui
2677 1048 2838 1103 dedit
2866 1055 2924 1103 et
2954 1054 3106 1103 recte
3145 1053 3321 1120 atque
3352 1048 3599 1103 honeste
3629 1046 3745 1103 vim

2092 1136 2317 1206 afferre,
2342 1143 2398 1191 et
2430 1143 2584 1192 recte
2614 1136 2751 1191 item
2774 1143 3009 1209 propter
3036 1141 3256 1193 metum
3287 1138 3509 1204 cedere,
3537 1154 3604 1192 ac
3627 1137 3743 1191 vim

2091 1226 2333 1297 perpeti,
2369 1230 2424 1280 et
2471 1240 2605 1280 cum
2666 1226 2889 1281 ratione
2938 1226 3222 1291 cunctari,
3255 1242 3321 1280 ac
3371 1227 3655 1297 refugere,
3688 1231 3745 1280 et

2091 1331 2298 1370 rursus
2329 1330 2461 1369 cum
2491 1314 2712 1369 ratione
2746 1315 3017 1370 fiduciam
3051 1313 3382 1386 concipere;
3413 1315 3513 1386 qui
3544 1319 3600 1371 et
3620 1330 3744 1370 ma-

2090 1420 2237 1475 gnos
2268 1418 2472 1475 greges
2506 1403 2750 1475 perficit,
2777 1408 2834 1459 et
2869 1420 3077 1475 parvos
3118 1420 3220 1475 per
3262 1404 3513 1476 gratiam
3547 1408 3739 1477 auget,

2088 1490 2213 1562 ipse
2244 1491 2479 1561 quidem
2530 1507 2632 1563 pro
2681 1490 3052 1563 amplissima
3100 1508 3209 1547 sua
3256 1492 3614 1564 benignitate
3647 1509 3741 1548 co-

2088 1580 2250 1651 piose
2283 1596 2376 1635 me
2408 1580 2760 1652 consoletur,
2785 1585 2955 1651 atque
2985 1580 3261 1637 interiora
3285 1581 3481 1649 ducat,
3506 1596 3742 1654 gregem

2088 1685 2317 1724 mecum
2350 1685 2596 1741 pascens
2645 1675 2820 1741 atquo
2861 1686 3211 1726 conservans
3245 1688 3258 1725 :
3291 1687 3391 1726 vos
3440 1674 3633 1726 autem
3668 1671 3740 1725 ad

2088 1774 2259 1813 omne
2291 1759 2512 1814 bonum
2538 1775 2686 1831 opus
2706 1758 2972 1831 perﬁciat
2991 1758 3056 1831 ⁸ο,
3080 1758 3361 1831 vobisque
3394 1759 3452 1814 in
3476 1758 3739 1815 animum

325 1848 415 1903 καὶ
465 1846 723 1926 ὀφθέντας
772 1846 823 1901 ἐν
870 1842 1176 1917 δικαιοσύνῃ
1222 1850 1324 1913 τῆς
1374 1843 1566 1897 ἑαυτοῦ
1611 1839 1771 1912 δόξης
1817 1844 1971 1917 κορέ-

2093 1846 2348 1916 inducat,
2374 1853 2439 1902 ut
2486 1852 2811 1920 martyrum
2857 1848 3002 1903 festa
3032 1847 3325 1919 spirituali
3376 1848 3547 1903 modo
3595 1846 3740 1903 cele-

324 1957 483 2007 σειεν,
519 1933 843 2011 ἔποφθείσης
901 1931 951 1987 ἐν
1012 1935 1227 2007 Χριστῷ
1276 1932 1455 1997 Ἰησοῦ
1506 1932 1615 2003 (32)
1662 1929 1741 2003 τῷ
1790 1932 1971 2006 Κυρίῳ

2093 1935 2281 2006 oretis,
2306 1935 2755 2008 caelestibusque
2779 1934 2893 1991 illis
2927 1934 3170 2006 deliciis,
3198 1936 3256 1991 in
3290 1936 3503 2008 quibus
3535 1934 3738 1992 laatan-

324 2029 507 2099 ἡμῶν,
540 2025 586 2096 ᾧ
616 2026 651 2093 ἡ
687 2020 813 2092 δόξα
842 2021 931 2076 καὶ
960 2022 1020 2075 τὸ
1052 2022 1272 2096 κράτος,
1306 2021 1339 2088 ἡ
1367 2020 1503 2092 τιμῆ
1539 2019 1627 2073 καὶ
1660 2022 1693 2089 ἡ
1736 2019 1971 2093 προσκύ-

2093 2023 2230 2079 tium
2276 2024 2540 2079 omnium
2592 2023 2876 2079 habitatio
2925 2028 3013 2080 est
3033 2025 3096 2093 νο,
3122 2042 3221 2081 vos
3270 2025 3466 2092 donet,
3498 2028 3555 2080 et
3602 2040 3737 2079 cum

320 2135 477 2184 νησις
508 2113 583 2175 εἷς
614 2111 742 2174 τοὺς
777 2111 977 2172 αἰῶνας
1006 2115 1113 2164 τῶν
1147 2109 1384 2165 αἰώνων.
1421 2110 1620 2181 Ἀμήν.

2093 2113 2307 2182 iustitia
2336 2117 2684 2185 apparentes
2714 2112 2898 2184 gloria
2930 2130 3039 2169 sua
3062 2114 3236 2169 satiet
3257 2114 3323 2184 σί,
3347 2129 3476 2185 quas
3496 2112 3734 2184 quidem

324 2205 583 2262 cernitur
613 2204 669 2258 in
704 2201 933 2258 Christo
963 2202 1099 2257 Jesu
1147 2199 1390 2255 Domino
1421 2204 1641 2270 nostro,
1675 2199 1765 2254 cui
1798 2200 1999 2270 gloria,
2032 2205 2085 2257 et
2118 2202 2396 2274 potentia,
2427 2207 2487 2258 et
2515 2202 2720 2269 honor,
2752 2206 2809 2258 et
2846 2203 3106 2259 adoratio
3138 2202 3197 2259 in
3230 2201 3441 2259 saecula
3489 2201 3736 2257 saeculo-

325 2302 477 2353 rum.
509 2297 713 2351 Amen.

384 2424 428 2458 ⁸⁷
464 2424 483 2479 Ι
513 2426 684 2479 Joan.
720 2437 795 2489 Iv,
826 2420 913 2474 16.
989 2419 1033 2453 ⁸⁸
1059 2418 1230 2473 Joan.
1266 2434 1391 2485 xm,
1425 2418 1514 2474 34.
1591 2418 1637 2452 ⁸9
1667 2417 1920 2491 Philipp.
1954 2436 1970 2473 ι

2156 2421 2200 2455 ⁹⁰
2232 2420 2382 2477 Psal.
2416 2437 2641 2488 LXXXVI,
2672 2421 2727 2476 7.
2804 2421 2846 2458 θι
2879 2420 3034 2478 Psal.
3066 2437 3184 2487 XVI,
3218 2422 3304 2477 15.

2154 2546 2264 2617 (32)
2292 2544 2647 2619 Ἐποφθείσης
2686 2544 2738 2620 ἐν
2786 2541 3233 2620 Χρῗιστῷ-Ἰησοῦ.
3267 2547 3423 2620 Qum,
3453 2545 3512 2620 in
3562 2545 3735 2603 editis

2082 2618 2670 2691 sequuntur,desunt
2694 2619 2752 2673 in
2783 2618 2973 2674 tribus
3007 2618 3333 2691 Regg.,‘qui
3359 2618 3585 2673 addunt
3612 2623 3737 2673 tan-

2080 2692 2207 2744 tum
2246 2689 2299 2742 'A
2313 2690 2443 2761 μήν.
2476 2691 2561 2761 lta
2605 2690 2778 2761 Cois].
2808 2694 2863 2761 2,
2897 2689 3117 2761 resecto
3138 2689 3343 2746 'etiam
3391 2690 3588 2761 Ἀμήν.
3621 2691 3732 2745 Alii

2081 2758 2325 2834 addunt,
2359 2760 2404 2833 ᾧ
2433 2763 2467 2829 ἡ
2502 2758 2629 2831 δόξα
2658 2760 2734 2824 εἷς
2771 2758 2897 2823 τοὺς
2937 2760 3155 2823 αἰῶνας.
3182 2761 3383 2833 Ἀμήν,
3416 2758 3573 2818 «cui
3604 2762 3731 2834 glo-

2080 2832 2165 2888 ria
2198 2833 2253 2889 in
2285 2832 2516 2891 saeCula.
2548 2836 2752 2891 Amen.

388 2548 502 2621 (28)
532 2544 905 2621 Νομο-Θετήσῃ.
934 2564 961 2594 ‹‹
993 2541 1067 2599 Ut
1104 2543 1443 2611 fraternam,
1478 2546 1745 2598 mutuam
1777 2544 1967 2599 chari-

319 2619 502 2676 tatem
535 2619 777 2673 sanciat.
807 2639 828 2666 ιι

390 2691 503 2763 (29)
537 2687 641 2763 Σὺν
676 2685 851 2763 Mica
884 2687 1025 2763 Bes-
1060 2686 1161 2758 ph.
1189 2682 1471 2763 συλλέγφ-

391 2755 504 2833 (30)
536 2760 633 2814 Καὶ
667 2755 840 2821 εἷς’τᾶ
883 2755 1204 2832 ἔμπροσθεν.
1239 2755 1446 2813 BilliiIs
1471 2774 1483 2813 :
1510 2780 1537 2807 «
1565 2758 1635 2812 ad
1668 2773 1734 2813 ea
1780 2776 1905 2831 qua":
1937 2776 1972 2815 a

318 2835 507 2890 fronte
536 2836 697 2899 sunt,
720 2851 746 2883 ι
784 2835 892 2888 etc.

392 2905 507 2975 (31)
538 2903 723 2964 Ἔνθα.
758 2926 786 2953 ‹‹
820 2902 947 2957 Ubi.
974 2924 1001 2950 ››

1072 3137 1217 3194 ²¹¹⁷
1263 3147 1815 3237 MONlTUM
1869 3150 1979 3235 IN

2093 3150 2722 3239 )RATIONEM
2777 3152 2972 3239 XII.

398 3427 446 3487 Ι.
511 3425 1029 3509 lnaugurantium
1086 3424 1374 3509 manibus
1448 3446 1479 3480 «
1528 3424 1855 3498 cervicem,
1903 3444 2071 3509 _non_
2102 3426 2382 3487 animum
2442 3428 2703 3489 ﬂexerat
2756 3448 2787 3485 υ
2879 3428 3214 3507 Gregorius
3271 3424 3417 3509 (33).
3476 3430 3717 3509 Itaque,

318 3511 658 3589 postquam
716 3508 1040 3569 ordinatus
1096 3512 1188 3568 est
1245 3506 1597 3589 episcopus,
1649 3506 2186 3585 quemadmodum
2239 3510 2373 3586 jam
2433 3516 2617 3570 antea
2674 3514 2817 3589 post
2862 3506 3161 3570 collatum
3212 3506 3327 3571 sibi
3376 3506 3725 3569 sacerdotii

319 3585 645 3663 Ordinem,
728 3589 983 3666 fugam,
1060 3606 1248 3665 quam
1308 3586 1422 3645 sub
1480 3585 1833 3668 ipsagpcne
1892 3606 2191 3648 manuum
2250 3585 2693 3668 impositione'
2730 3589 3189 3664 meditabatur,
3236 3590 3520 3667 arripuit.
3586 3590 3721 3647 Non

322 3673 565 3728 tantum
623 3668 976 3728 solitudinis
1032 3685 1239 3737 amor,
1278 3684 1518 3747 verum
1577 3666 1765 3747 etiam
1826 3669 2297 3729 contentionum
2347 3666 2579 3743 timor,
2645 3669 2805 3730 hanc
2861 3671 2978 3747 ipsi
3034 3671 3247 3747 fugam
3305 3666 3521 3729 suasit.
3581 3668 3723 3727 Jam

317 3749 484 3808 enim
547 3767 844 3825 magnum
904 3753 1199 3823 eruperat
1254 3746 1576 3805 dissidium
1636 3746 1800 3807 inter
1871 3749 2167 3811 Basilium
2226 3758 2287 3810 et
2348 3751 2760 3823 Anthimum,
2839 3746 3131 3827 quorum,
3166 3751 3326 3810 alter
3378 3752 3718 3819 Caesareas,

315 3828 476 3889 alter
532 3829 765 3909 Tyanae
821 3834 975 3909 erat
1014 3827 1291 3885 antistes.
1355 3827 1755 3909 Cappadocia
1807 3829 2116 3909 siquidem
2173 3829 2237 3888 in
2298 3831 2454 3890 duas
2514 3830 2904 3909 provincias,
2969 3849 3121 3901 seu,
3198 3829 3261 3889 in
3341 3828 3729 3909 primamget

313 3908 655 3969 secundam
707 3905 1089 3985 Cappociam
1147 3905 1505 3987 nuperrime
1563 3907 1784 3977 divisa,
1843 3908 2077 3968 factum
2136 3916 2247 3983 est,
2313 3905 2533 3969 ut.in—
2564 3910 2718 3970 duas
2776 3927 3029 3987 quoque
3084 3905 3469 3986 metropoles
3524 3906 3725 3968 divisa

312 3990 393 4050 sit
450 3984 811 4067 spiritualis:
850 3984 1152 4067 potestas.
1212 3984 1436 4067 Primae
1497 3992 1714 4067 autem
1766 3989 2179 4063 Cappadocia)
2241 3994 2504 4067 praeerat
2563 3984 2869 4063 Basilius,
2927 3984 3234 4048 secundae
3296 3984 3439 4049 vero
3495 3986 3723 4047 Anthi-

314 4064 502 4130 musf
539 4068 696 4129 Hinc
754 4066 1175 4147 dissidiorum
1213 4064 1412 4142 origo.
1460 4089 1507 4147 ia
1549 4065 1825 4147 Plurima
1873 4090 1900 4121 ››
1963 4068 2127 4127 enim
2194 4064 2347 4127 «'ex
2406 4068 2597 4147 priori
2654 4087 2830 4129 novm
2891 4069 3224 4147 metropoli
3280 4068 3719 4147 adjungeban-

314 4156 420 4210 tur
475 4148 618 4229 (34).
685 4171 713 4203 ι)
800 4147 885 4208 De
956 4145 1214 4229 Sasimis
1287 4146 1602 4229 praecipue
1673 4146 2002 4223 litigabunt
2060 4147 2247 4207 ambo
2305 4145 2625 4226 praesules.
2688 4149 2925 4209 Idcirco
2984 4168 3021 4209 a
3080 4145 3308 4210 Basilio
3358 4145 3719 4226 Theologus

317 4226 530 4322 noster
585 4232 831 4322 creatus
890 4226 1428 4322 eustHSasimorum
1503 4226 1855 4322 episcopus.
1920 4230 2339 4321 Cum.aute.rn
2417 4230 2510 4289 vir
2584 4229 2773 4322 pacis“
2834 4247 3054 4321 amans
3129 4230 3376 4322 timeret
3451 4246 3529 4322 ne
3580 4247 3718 4322 ‘pro

320 4309 659 4372 Sasimensi
716 4307 860 4368 sede
920 4306 1149 4367 bellum
1211 4324 1430 4384 gerere
1485 4307 1821 4378 videretur,
1860 4331 1907 4387 ia
1944 4307 2226 4368 concitus
2281 4310 2341 4368 in
2402 4306 2683 4370 montem
2744 4309 2923 4387 fugit,
2979 4316 3047 4370 ut
3102 4309 3311 4371 charae
3368 4306 3723 4370 solitudinis

317 4389 557 4451 deliciis
612 4390 960 4470 frueretur,
1041 4406 1232 4467 seque
1287 4392 1491 4448 totum
1561 4386 1975 4467 philosophia
2034 4387 2225 4470 (35),
2285 4412 2315 4445 ››
2403 4389 2465 4449 id
2524 4396 2617 4450 est
2689 4386 2984 4451 solitariae
3040 4395 3103 4451 et
3164 4389 3525 4452 monasticae
3577 4389 3721 4450 vitae

315 4469 748 4532 exercitationi
807 4491 837 4524 α
889 4468 1088 4529 daret.
1134 4490 1165 4523 »

398 4552 472 4612 ΙΙ.
519 4552 747 4611 Verum
806 4548 1161 4630 Gregorius,
1224 4570 1257 4630 αι
1305 4547 1445 4630 aliis
1500 4546 1804 4630 inrebus
1850 4553 2176 4621 constans,
2228 4572 2259 4605 »
2322 4557 2391 4609 ut
2446 4551 2525 4610 de
2582 4568 2648 4611 se
2702 4549 2834 4628 ipse
2890 4555 3156 4611 testatur
3212 4549 3376 4630 (36),
3445 4572 3475 4609 (ι
3523 4548 3588 4609 in
3645 4567 3719 4610 eo

316 4630 811 4722 erathigrlavus,
871 4628 1295 4722 quodhpatris
1350 4627 1507 4722 iram
1568 4627 1728 4722 ferre
1785 4635 2216 4722 nonnposset.‘
2249 4654 2279 4686 »
2344 4631 2537 4722 Gessit
2592 4627 2783 4722 igitur
2838 4632 3126 4722 parenti,
3186 4627 3427 4722 et‘ci’to
3465 4647 3517 4722 .e
3572 4629 3721 4722 fuga

314 4708 735 4773 rediitﬁTum
814 4718 992 4788 pater
1047 4709 1276 4769 iterum
1333 4715 1521 4788 atque
1579 4708 1803 4767 iterum
1863 4708 2065 4769 ﬁlium
2125 4709 2556 4771 vehementius
2613 4708 2855 4771 hortari
2911 4712 3139 4790 coepit,
3221 4715 3292 4771 ut
3348 4709 3719 4770 Sasimensis

314 4792 610 4854 Ecclesiae
666 4790 943 4869 regimen
1001 4791 1363 4868 susciperet.
1426 4791 1561 4866 Ipse
1616 4806 1784 4871 vero,
1836 4792 2314 4871 constanterin
2369 4791 2692 4871 proposito
2749 4809 3173 4869 perseverans,
3235 4808 3492 4870 prorsus
3535 4807 3719 4871 precu-

318 4874 499 4932 savit.
558 4868 1042 4932 Tunc'demum
1100 4876 1303 4948 pater,
1365 4874 1496 4929 tum
1556 4868 1883 4946 precibus,
1958 4876 2093 4929 tum
2156 4868 2389 4947 minis,
2453 4868 2585 4931 tum
2643 4868 3057 4943 auctoritate,
3131 4868 3262 4930 tum
3323 4869 3711 4942 rationibus,

318 4950 611 5023 obtinuit,
672 4956 741 5011 ut
794 4950 960 5011 ﬁlius
1019 4970 1144 5011 una
1195 4967 1403 5011 secum
1472 4971 1500 5006 (ι
1543 4948 1938 5008 collaborans
1997 4951 2397 5012 Nazianzenm
2452 4952 2745 5012 Ecclesiae
2801 4970 3017 5011 curam
3074 4956 3353 5029 gereret,
3415 4969 3487 5009 ac
3544 4950 3715 5010 velut

318 5049 569 5109 magnae
616 5030 862 5091 cuidam
914 5030 1166 5109 aquilae,
1215 5037 1277 5090 et
1324 5029 1619 5111 altissime
1670 5029 1926 5100 volanti,
1982 5030 2189 5107 pullus
2239 5051 2361 5093 non
2412 5031 2648 5091 inutilis
2697 5051 2731 5091 e
2778 5032 3132 5111 propinquo
3182 5031 3416 5091 circum
3467 5030 3714 5091 assidue

315 5114 559 5174 volaret
606 5111 777 5192 (37);
829 5134 857 5168 υ
936 5130 1003 5171 ea
1067 5118 1275 5171 tamen
1336 5109 1715 5192 conditione,
1778 5115 1844 5169 ut
1901 5128 1977 5192 ne
2036 5110 2265 5192 invitus
2319 5113 2463 5171 huic
2521 5109 3251 5190 alligareturiEcclesiae,
3311 5118 3393 5189 et,
3455 5117 3716 5192 parente

315 5199 592 5260 mortuo,
654 5190 1031 5265 discedendi,
1094 5198 1158 5251 et
1213 5208 1338 5270 quo
1397 5190 1583 5249 vellet
1639 5189 1900 5249 liberam
1963 5190 2220 5252 haberet
2279 5194 2553 5252 abeundi
2610 5189 2993 5252 facultatem.

392 5274 497 5333 III.
545 5272 672 5331 Hac
718 5270 909 5348 igitur
962 5272 1311 5344 occasione,
1362 5275 1425 5329 et
1478 5270 1598 5329 hoc
1655 5270 1791 5346 ipso
1849 5275 2148 5348 tempore,
2207 5281 2472 5333 exeunte
2531 5272 2821 5331 nimirum
2873 5291 3037 5332 anno
3084 5275 3226 5344 372,
3274 5272 3716 5331 duodecimam

309 5354 477 5415 hanc
529 5351 878 5413 orationem
940 5352 1181 5413 habuit.
1242 5354 1310 5411 In
1369 5368 1450 5431 ea
1502 5350 1768 5431 debitas,
1805 5351 2104 5427 Gregorio
2162 5354 2327 5430 patri
2387 5353 2602 5413 laudes
2660 5352 2900 5425 tribuit,
2959 5353 3091 5431 qui,
3146 5352 3260 5413 etsi
3318 5352 3539 5429 quovis
3594 5351 3718 5411 alio

310 5460 343 5495 «
393 5433 701 5497 valentior
757 5452 831 5494 ac
877 5433 1177 5493 fervidior
1228 5432 1330 5511 (η.
1391 5430 1509 5511 3),
1560 5455 1589 5486 ››
1671 5429 2026 5509 adjutorem
2095 5429 2304 5493 tamen
2364 5434 2483 5493 sibi
2541 5439 2871 5513 quaereret,
2932 5429 3045 5494 nec
3103 5432 3430 5495 hominum
3480 5431 3721 5511 judicia

2142 5579 2255 5651 (36)
2290 5579 2454 5645 Ibid.,
2487 5597 2635 5636 vers.
2666 5582 2787 5637 493.

376 5587 492 5657 (33)
520 5584 713 5657 Garm.
746 5584 801 5653 2,
832 5597 993 5657 vers,
1014 5582 1142 5639 487.

2142 5582 2255 5657 (ἓξ)
2290 5582 2313 5657 Ι.

2144 5653 2258 5725 (37)
2284 5654 2379 5708 ()r.
2412 5669 2513 5723 XII,
2545 5670 2601 5707 η.
2634 5654 2689 5709 5.

398 5659 487 5726 34)
517 5656 611 5711 Or.
647 5672 807 5727 XLIII,
841 5670 899 5708 n.
931 5654 1022 5709 58.

397 5724 488 5802 35)
520 5728 711 5785 Carm.
742 5724 800 5795 2,
832 5741 980 5781 vers.
1016 5724 1141 5778 490.

632 5881 899 5943 Parnm.
946 5879 1055 5940 Gs.
1100 5874 1341 5943 XXXV.
3322 5885 3393 5945 97
