4146 6290
428 399 546 464 843

1666 393 1729 453 S.
1779 393 2151 454 GREGORll
2197 389 2592 456 THEOLOGI

3721 391 3837 458 8M

431 542 774 609 metueret,
851 551 926 593 eo
1001 531 1346 611 praesertim
1407 535 1731 607 tempore,
1801 548 1927 608 quo
2006 554 2034 584 «
2086 528 2461 608 episcopalis
2515 530 2858 611 dignitast
2902 529 3242 611 multorum
3301 529 3492 602 vitio,
3553 529 3830 611 mirificis

431 618 758 696 cujusdam
814 609 1158 696 volup—tatis
1234 611 1422 696 plena
1466 611 1875 688 judicabatur
1927 611 2030 688 (n.
2090 611 2269 696 3).”);
2349 613 2624 696 Exponit
2677 609 2941 682 deinde,
3010 610 3168 696 hinc
3237 629 3419 696 suum
3478 609 3830 696 solitudinis

427 690 781 776 quietisque
837 690 1235 776 desiderium,
1299 691 1471 776 illinc
1533 697 1767 776 metum
1827 709 1953 767 quo
2013 691 2394 776 percellitur,
2456 709 2534 751 ne
2589 691 3069 776 Deo_‘vocanti,_
3112 690 3830 776 atquechclesiteuti-

427 770 588 838 litati
647 770 827 836 desit.
881 776 1049 845 Quos
1103 773 1266 832 inter
1314 771 1598 842 allectus,
1656 795 1686 826 «
1719 773 2004 830 timorem
2036 795 2066 826 »
2120 771 2355 831 scilicet
2406 795 2436 825 «
2467 778 2528 831 et
2573 771 3005 848 cupiditatem,
3055 771 3142 831 ita
3191 770 3463 830 medium
3511 771 3830 850 quoddam

426 859 548 918 iter
605 857 909 934 sequitur,
973 852 1322 934 utpartim
1381 851 1732 934 cupiditati,
1789 851 2018 929 partim
2078 852 2321 934 spiritui
2381 851 2723 934 satisfaciat
2781 853 2982 934 (n.__5)

3036 870 3049 923 ;
3103 875 3132 905 »
3193 869 3268 911 ac
3326 851 3414 911 ita
3471 852 3831 929 paciscitur,

427 945 499 998 nt
553 931 756 1016 neque
812 954 875 994 se
937 933 1221 1016 Ecclesiae
1279 932 1526 1009 penitus
1581 938 1859 1008 negaret,
1922 949 2122 1016 neque
2175 931 2379 1016 etiam!
2422 951 2465 1016 a_
2515 931 3171 1016 (lilectae__solitudinis
3227 931 3537 1016 desiderio
3594 932 3825 992 descis-

428 1023 615 1091 ceret,
655 1011 714 1076 si
761 1015 1104 1093 aliquando
1151 1014 1350 1092 ipsam
1399 1017 1680 1093 repetere
1742 1030 1850 1090 per
1891 1030 1962 1093 se
2009 1012 2286 1093 licuerit._
2329 1011 2507 1093 Unde
2552 1031 2681 1071 suae
2729 1013 3036 1072 libertatis
3086 1013 3531 1090 recuperandae
3581 1019 3830 1090 tempus

429 1100 511 1159 ad
568 1088 1140 1177 parentis-obitum
1178 1088 1581 1172 praestituit;
1645 1088 1833 1177 atque
1889 1088 2554 1177 hanc_conditionem,
2617 1098 2744 1177 tam
2801 1095 2989 1165 clare,
3033 1088 3300 1177 tamque
3357 1093 3582 1153 diserte
3641 1088 3830 1153 enun-

427 1172 586 1250 tiat;
617 1183 686 1237 ut
743 1177 968 1235 mirum
1030 1175 1109 1234 sit
1162 1180 1427 1246 exstare,
1490 1177 1600 1232 aut
1650 1173 1839 1233 etiam
1895 1172 2202 1233 exstitisse
2257 1191 2533 1250 unquam
2591 1172 2890 1252 aliquem,
2941 1173 3052 1252 qui
3107 1173 3497 1250 Theologum
3545 1180 3826 1234 nostrum

425 1259 828 1320 Nazianzenae
883 1255 1176 1316 Ecclesiae
1232 1254 1597 1333 episcopum
1653 1252 1901 1327 dixerit,
1960 1258 2067 1312 aut
2121 1252 2476 1313 crediderit.

861 1663 1324 1760 ORATIO
1394 1662 1571 1756 XII
1594 1676 1650 1753 ³.

2664 1686 3064 1783 ΛΟΓΟΣ
3164 1687 3347 1781 ΙΒ’.

496 1883 650 1942 248
685 1883 762 1938 Ad
797 1890 1033 1952 patrem,
1079 1895 1203 1933 cum
1247 1878 1300 1933 ei
1335 1877 1707 1952 Nazianzenaz
1750 1876 2008 1932 Ecclesiae

2266 1875 2356 1936 Εἷς
2387 1875 2478 1928 τὸν
2518 1875 2714 1952 πατέρα
2739 1876 2852 1947 (38)
2878 1876 3090 1944 ἑαυτοῦ,
3274 1873 3572 1952 ἐπέτρεψεν
3603 1873 3762 1929 αὐτὸν

946 1967 1134 2006 curam
1177 1951 1554 2005 commisisset.

501 2065 542 2117 Ι.
593 2061 659 2116 Ος
708 2077 888 2115 meum
943 2059 1166 2130 aperui,
1225 2060 1276 2111 et
1331 2056 1540 2110 attraxi
1596 2054 1867 2126 Spiritum
1897 2055 1962 2120 99,
2015 2071 2080 2108 ac

426 2169 558 2209 mea
589 2150 809 2219 omnia,
844 2163 1054 2218 meque
1084 2146 1227 2200 adeo
1276 2145 1470 2216 ipsum
1522 2143 1762 2215 Spiritui
1813 2145 1964 2198 dono
1996 2145 2080 2198 of-

425 2242 566 2306 fero,
592 2239 878 2296 actionem
912 2253 977 2291 ac
1009 2250 1362 2300 sermonem,
1397 2233 1582 2288 otium
1625 2249 1691 2287 ac
1740 2231 2036 2286 silentium
2065 2248 2077 2287 :

422 2335 653 2386 tantum
688 2345 780 2383 me
812 2326 1043 2392 habeat,
1077 2323 1146 2380 ad
1178 2324 1373 2393 ducat,
1411 2327 1582 2393 atque
1626 2327 1684 2376 et
1731 2337 1994 2387 manum,
2028 2326 2083 2375 et

421 2422 787 2485 mentem,et
841 2416 1098 2486 linguam
1148 2413 1218 2466 ad
1268 2428 1336 2466 ea
1387 2427 1511 2481 qum
1559 2414 1787 2481 oportet
1835 2415 1891 2464 et
1938 2408 2062 2464 vult

425 2511 683 2573 moveat;
720 2518 1044 2572 rursusque
1074 2501 1146 2556 ab
1189 2500 1261 2555 iis
1292 2499 1564 2566 abducat,
1588 2515 1620 2553 a
1654 2497 1867 2568 quibus
1900 2499 2080 2553 decet’

423 2601 481 2652 et
510 2597 803 2651 abstinere
847 2595 1099 2662 praestat.
1124 2591 1419 2659 Organum
1470 2587 1734 2641 divinum
1770 2587 1895 2657 ipse
1927 2577 2081 2668 sum:

423 2701 714 2758 organum
747 2682 971 2737 ratione
1004 2679 1334 2750 praeditum,
1368 2693 1651 2747 organum
1689 2677 1842 2746 quod
1875 2693 1904 2730 a
1940 2693 2082 2747 pree-

425 2774 581 2829 claro
613 2772 856 2840 artiﬁce,
884 2770 990 2824 hoc
1020 2771 1131 2836 est,
1155 2783 1189 2821 a
1210 2765 1426 2836 Spiritu
1452 2769 1674 2829 sancto,
1699 2781 1938 2819 concors
1963 2765 2086 2820 red-

427 2863 588 2918 ditur
621 2879 686 2916 ac
738 2859 1025 2932 pulsatur.
1054 2855 1183 2910 Ilcri
1235 2853 1533 2908 silentium
1567 2852 1956 2924 operabatur?
2005 2854 2084 2907 si-

423 2953 606 3009 lentio
639 2949 973 3006 studebam.
1002 2944 1182 3001 Hodie
1224 2947 1480 2997 mentem
1513 2941 1751 3013 pulsat?
1795 2942 2084 2996 sermonis

430 3057 642 3098 sonum
674 3039 864 3105 edam,
892 3053 955 3091 ac
985 3033 1145 3106 loqui
1179 3031 1442 3088 studebo.
1468 3031 1582 3086 Nec
1615 3047 1768 3095 vero.
1793 3036 1894 3086 aut
1924 3037 2085 3088 tanta

433 3129 789 3201 loquacitate
821 3141 974 3192 sum,
1000 3129 1064 3179 ut
1091 3123 1268 3177 verba
1299 3121 1496 3176 facerc-
1517 3121 1772 3190 capiam,
1798 3137 1929 3174 cum
1955 3119 2083 3190 Spi-

436 3219 585 3273 ritus
614 3219 670 3271 in
703 3233 796 3271 me
827 3213 1127 3270 silentium
1161 3211 1339 3266 efﬁcit
1363 3227 1374 3264 :
1400 3215 1503 3265 aut
1532 3215 1650 3264 tam
1697 3211 1918 3281 supina,
1940 3209 2081 3264 taci-

431 3307 715 3362 turnitate
745 3309 801 3360 et
831 3301 1084 3372 inscitia,
1117 3305 1182 3356 ut
1213 3316 1345 3354 cum
1372 3297 1532 3369 loqui
1566 3300 1938 3354 commodum
1972 3301 2080 3363 est,

426 3395 602 3452 labiis
648 3394 794 3449 meis
845 3390 1171 3448 custodiam
1221 3404 1429 3459 ponam
1454 3387 1530 3454 9‘;
1567 3389 1665 3444 sed
1700 3405 1732 3443 a
1764 3388 1994 3452 Mentis,
2026 3392 2084 3442 et

2440 1945 2870 2023 φροντίζειντῆς
2913 1950 3208 2015 Ναζιανζοῦ
3240 1945 3584 2016 Ἐκκλὴσίας.

2265 2055 2338 2108 Α’.
2372 2054 2445 2106 Τὸ
2503 2051 2676 2124 στόμα
2742 2072 2844 2123 μου
2900 2049 3110 2121 ἤνοιξα,
3167 2051 3258 2106 καὶ
3290 2049 3513 2106 ε⁹ίλκυσα
3565 2054 3787 2125 ΙΙνεῦμα
3821 2097 3834 2123 ,

2189 2143 2278 2196 καὶ
2311 2139 2508 2212 δίδωμι
2540 2141 2606 2194 τὰ
2651 2140 2885 2212 ἐμαυτοῦ
2926 2139 3118 2209 πάντα,
3149 2139 3238 2194 καὶ
3287 2139 3516 2212 ἐμαυτὸν
3554 2145 3634 2212 τῷ
3667 2141 3834 2197 lived-

2195 2235 2343 2303 ματι,
2378 2230 2466 2284 καὶ
2499 2230 2706 2305 πρᾶξιν,
2740 2228 2830 2283 καὶ
2879 2226 3068 2304 λόγον,
3101 2229 3190 2283 καὶ
3240 2229 3523 2305 ἀπραξίαν,
3567 2229 3655 2283 καὶ
3704 2250 3836 2283 σιω-

2191 2321 2322 2389 πήν·
2373 2319 2534 2390 μόνον
2587 2316 2759 2392 ἐχέτω
2817 2339 2904 2390 με,
2951 2317 3040 2372 καὶ
3093 2316 3289 2392 ἀγέτω,
3338 2317 3428 2371 καὶ
3476 2317 3687 2372 κινείτω
3742 2317 3832 2372 καὶ

2192 2413 2373 2483 χεῖρα,
2406 2405 2494 2460 καὶ
2543 2411 2689 2476 νοῦν,
2739 2406 2827 2460 καὶ
2877 2404 3145 2480 γλῶσσαν,
3188 2405 3268 2484 ἐφ’
3301 2405 3331 2460 ἃ
3381 2403 3462 2460 ’δεῖ
3506 2406 3595 2460 καὶ
3633 2405 3832 2482 βούλε-

2193 2519 2276 2550 ται
2310 2499 2440 2568 (39)·
2488 2496 2576 2549 καὶ
2625 2495 2875 2570 ἀπαγέτω
2923 2495 3088 2550 πάλιν
3135 2494 3223 2572 ἀφ’
3253 2496 3326 2548 ὧν
3354 2498 3467 2565 (40)
3500 2493 3602 2563 δεῖ,
3641 2495 3728 2549 καὶ
3760 2494 3834 2549 ὦν

2195 2583 2437 2657 ἄμεινον.
2469 2583 2733 2658 Ὀργανόν
2766 2583 2879 2656 εἰμι
2930 2589 3090 2654 θεῖον,
3133 2579 3355 2660 ὄργανον
3391 2582 3637 2659 λογικὸν,
3672 2584 3832 2660 ὅργα-

2193 2696 2280 2728 νον
2315 2673 2468 2744 καλῷ
2500 2673 2720 2748 τεχνίτῃ
2747 2677 2826 2744 τῷ
2859 2671 3132 2744 ΙΙνεύματι
3166 2673 3540 2747 ἁρμοζόμενον
3588 2672 3677 2726 καὶ
3722 2675 3836 2746 (41)

2192 2761 2543 2836 κρουόμενον.
2595 2761 2728 2822 Χθὲς
2780 2759 2993 2835 ἐνήργει
3037 2761 3135 2829 τὴν
3188 2763 3357 2830 σιωήν
3395 2779 3408 2829 ;
3441 2761 3500 2814 τὸ
3549 2761 3622 2833 μὴ
3659 2759 3840 2833 λέγειν

2193 2849 2570 2924 ἐφιλοσόφουν.
2625 2851 2872 2926 Σήμερον
2923 2849 3104 2925 κρούει
3153 2850 3244 2904 τὸν
3293 2854 3413 2904 νοῦν
3448 2869 3461 2919 ;
3495 2851 3693 2924 ἠχήσω
3741 2851 3834 2904 τὸν

2196 2938 2383 3014 λόγον,
2433 2939 2521 2993 καὶ
2568 2937 2925 3016 φιλοσοφήσω
2972 2938 3034 2992 τὸ
3082 2940 3426 3014 φθέγγεσθαι.
3462 2939 3557 2992 Καὶ
3589 2936 3711 2992 οὔτε
3741 2937 3841 2994 λά-

2194 3028 2291 3090 λος
2321 3031 2431 3101 (42)
2465 3028 2634 3089 οὕτως
2679 3028 2815 3100 εἰμὶ,
2857 3027 2930 3089 ὡς
2977 3026 3154 3102 λέγειν
3189 3027 3493 3101 ἐπιθυμεῖν,
3521 3027 3585 3082 τὸ
3630 3033 3840 3098 σιωπᾷν

2195 3117 2598 3193 ἐνεργούμενος·
2652 3113 2775 3170 οὕτε
2823 3115 3105 3187 σιωπηλὸς
3158 3115 3300 3170 οὕτω
3346 3116 3436 3172 καὶ
3485 3117 3721 3190 ἀμαθής,
3769 3117 3844 3178 ὡς

2195 3207 2245 3261 ἐν
2279 3211 2453 3282 καιρῷ
2505 3207 2670 3282 λόγου
2723 3208 2832 3279 (43)
2879 3205 3081 3269 τιθέναι
3132 3205 3379 3283 φυλακὴν
3407 3212 3525 3268 τοῖς
3579 3204 3847 3282 χείλεσινο

2192 3295 2339 3350 ἀλλά
2368 3295 2457 3350 καὶ
2488 3295 2655 3350 κλείω
2687 3296 2774 3349 καὶ
2824 3295 3033 3369 ἀνοίγω
3069 3299 3166 3363 τὴν
3221 3294 3358 3366 ὶμήν
3410 3295 3572 3370 θύραν
3615 3299 3723 3367 NQ),
3757 3295 3846 3348 xui

2194 3384 2374 3460 Λόγω,
2407 3385 2496 3438 καὶ
2528 3383 2830 3456 Ιινεύματι,
2861 3387 2930 3456 τῇ
2966 3388 3063 3456 μιᾷ
3095 3382 3336 3460 συμφυίᾳ
3362 3405 3420 3438 τε
3466 3385 3555 3437 καὶ
3600 3383 3842 3452 θεότητι.

431 3485 634 3551 Verbi,
664 3489 720 3539 et
751 3482 1020 3554 Spiritus,
1045 3494 1295 3551 quorum
1350 3494 1465 3532 una
1493 3483 1549 3532 et
1577 3477 1780 3532 eadem
1829 3481 1918 3532 est
1965 3480 2175 3531 natura
2204 3481 2262 3530 et
2291 3475 2586 3540 divinitas,
2617 3475 2948 3541 arbitrium,
2977 3475 3060 3529 vel
3101 3475 3350 3545 januam
3401 3490 3588 3529 meam
3623 3473 3836 3530 claudo

429 3572 520 3631 vel
552 3572 769 3644 aperio.

509 3667 551 3720 l.
590 3665 819 3734 Loquar
849 3661 1047 3733 igitur,
1073 3657 1306 3730 quando
1359 3657 1438 3712 ita
1478 3658 1717 3728 jubeor;
1753 3661 1810 3711 et
1849 3656 2084 3727 quidem

436 3755 507 3809 ad
541 3755 757 3810 bonum
792 3751 947 3805 hunc
970 3752 1283 3821 pastorem,
1311 3748 1368 3801 et
1389 3745 1456 3800 ad
1483 3761 1603 3809 vos,
1631 3761 1863 3817 gregem
1889 3761 2080 3799 sacro-

435 3848 727 3909 sanctum,
752 3853 1083 3896 sermonem
1132 3835 1339 3902 habeo,
1366 3849 1550 3905 eaque
1594 3834 1782 3889 dicam
1817 3851 1941 3904 quae
1974 3833 2082 3888 bo-

433 3935 634 3990 dierno
666 3933 778 3998 die,
813 3935 869 3984 et
909 3925 1053 3981 mihi
1096 3925 1278 3991 dictu,
1311 3927 1368 3978 et
1396 3923 1560 3978 vobis
1591 3923 1792 3978 auditu
1841 3921 2081 3978 meliora

430 4039 558 4078 esse
589 4022 855 4076 arbitror.
882 4016 1026 4082 Quid
1060 4014 1164 4070 tibi
1197 4013 1427 4080 accidit,
1458 4017 1522 4066 ut
1552 4012 1774 4082 collega
1805 4029 1950 4082 opus
1983 4012 2080 4067 lia-

428 4110 633 4166 beres?
663 4113 708 4163 A
737 4115 792 4163 te
823 4107 976 4162 enim
1015 4103 1250 4158 initium
1283 4103 1516 4166 ducam,
1542 4119 1573 4156 ο
1607 4101 1849 4155 charum
1902 4100 2077 4154 mihi-

428 4216 541 4270 que
568 4197 966 4253 venerandum
997 4198 1190 4263 caput,
1220 4207 1322 4245 nec
1353 4190 1451 4244 illo
1483 4191 1730 4244 Aaronis
1763 4189 1950 4260 capite
1982 4189 2076 4243 in-

427 4287 627 4354 ferius,
650 4287 706 4339 in
743 4300 856 4355 quo
893 4297 1075 4352 usque
1099 4281 1168 4335 ad
1203 4279 1442 4334 barbam
1478 4283 1534 4331 et
1564 4283 1781 4332 vestem
1817 4292 2077 4348 unguen-

424 4383 552 4434 tum
585 4375 729 4430 illud
763 4369 1064 4443 spirituale
1105 4385 1172 4424 ac
1217 4366 1574 4422 sacerdotale
1606 4367 1890 4421 defluit“.
1923 4367 2068 4432 Quid

423 4482 609 4522 causa:
630 4467 738 4526 est,
760 4460 1134 4533 quamobrem
1159 4472 1292 4511 cum
1316 4454 1506 4509 adhuc
1534 4454 1750 4509 multos
1784 4454 1986 4509 fulcire
2008 4472 2074 4509 ac

424 4557 635 4611 ducere
683 4567 881 4622 queas,
909 4554 1082 4618 atque
1132 4545 1275 4599 adeo
1323 4542 1575 4614 Spiritus
1607 4542 1828 4597 viribus
1877 4543 2078 4611 ducas,

425 4641 841 4717 spiritualibus
872 4643 1068 4692 tamen
1099 4632 1442 4688 muneribus
1464 4636 1520 4687 et
1539 4631 1868 4686 actionibus
1900 4631 2077 4686 bacil-

415 4735 540 4790 lum
571 4736 626 4789 et
657 4725 1081 4786 adminiculum
1113 4720 1401 4791 subjicis?
1432 4723 1519 4775 An
1554 4720 1692 4792 quia
1737 4724 1791 4775 te
1839 4719 2080 4777 minime

409 4825 578 4897 fugit,
613 4837 748 4876 cum
791 4820 1017 4873 Aarone
1061 4812 1160 4867 illo
1193 4810 1510 4883 perillustri
1563 4809 1703 4880 viro,
1732 4810 2072 4866 Eleazarum

2186 4635 2302 4692 τοῖς
2364 4630 2750 4703 πνευματικοῖς
2807 4629 2990 4704 ἔργοις
3046 4632 3137 4686 καὶ
3197 4627 3421 4706 ἔρεισμα
3473 4650 3486 4701 ;
3539 4633 3610 4688 ’Ἠ

2267 3654 2343 3710 Β’.
2397 3653 2717 3727 Φθέγξομαι
2771 3652 2865 3724 μὲν
2909 3650 3023 3722 οὖν,
3065 3649 3251 3720 ἐπειδὴ
3311 3656 3471 3707 τοῦτο
3529 3650 3852 3725 κελευομαι,

2195 3741 2493 3817 φθέγξομαι
2549 3738 2606 3795 δὲ
2664 3741 2799 3814 πρός
2846 3762 2906 3795 τε
2951 3741 3040 3795 τὸν
3105 3740 3302 3814 ἀγαθὸν
3353 3745 3543 3796 τοῦτον
3591 3740 3852 3814 ποιμένα,

2191 3831 2280 3886 καὶ
2333 3831 2431 3900 τὴν
2480 3830 2628 3906 ἱερὰν
2676 3828 2916 3903 ποίμνην
2966 3829 3104 3903 ὑμᾶς
3139 3875 3152 3901 ,
3207 3831 3239 3883 ἅ
3291 3850 3382 3902 μοι
3433 3827 3583 3885 δοκεῖ
3631 3829 3853 3904 βέλτιον

2192 3920 2344 3991 εἶναι,
2393 3919 2488 3991 ἐμὲ
2539 3941 2597 3973 τε
2647 3917 2846 3990 εἰπεῖν,
2896 3919 2984 3972 καὶ
3037 3919 3179 3990 ὑμᾶς
3222 3918 3443 3973 ἀκοῦσαι
3495 3921 3848 3994 σήμερον.Τί

2189 4008 2270 4062 δτι
2310 4013 2407 4062 τοῦ
2447 4008 2948 4080 συμποιμαίνοντος
3002 4006 3240 4077 ἐδεήθης
3274 4027 3286 4077 ;
3323 4007 3459 4064 ’Δπὸ
3517 4013 3613 4062 σοῦ
3669 4009 3770 4085 γὰρ
3825 4009 3854 4063 ὁ

2189 4096 2350 4173 λόγος
2404 4097 2655 4173 ἄρξεται,
2710 4098 2754 4151 ὧ
2805 4096 2938 4174 φίλη
2987 4097 3077 4150 καὶ
3124 4097 3282 4169 τιμία
3336 4118 3426 4170 μοι
3474 4096 3708 4176 κεφαλὴ,
3760 4098 3851 4151 καὶ

2185 4193 2285 4254 τῆς
2319 4188 2534 4262 Ἀαρὼν
2569 4185 2777 4255 ἐκείνης
2830 4185 2967 4258 ἀξία,
3000 4192 3115 4250 καθ’
3164 4189 3228 4254 ἧς
3274 4187 3451 4255 στάζει
3499 4188 3850 4260 τὸ’πνευμαο

2182 4275 2330 4330 τικὸν
2379 4297 2438 4330 τε
2488 4274 2576 4330 καί
2629 4276 2896 4350 ἱερατικὸν
2948 4275 3114 4329 ἐκεῖνο
3171 4274 3340 4347 μύρον
3389 4272 3522 4351 ἄχρι
3577 4278 3844 4352 πώγωνος

2181 4365 2269 4418 καὶ
2319 4361 2614 4436 ἐνδύματος
2644 4408 2656 4423 .
2705 4363 2765 4418 Τί
2813 4365 2894 4418 ὅτι
2947 4366 3082 4438 (44),
3134 4361 3382 4426 πολλοὺς
3436 4364 3708 4441 στηρίζειν
3759 4361 3841 4420 ἔτι

2186 4454 2275 4508 καὶ
2307 4459 2664 4528 χειραγωγεῖν
2714 4450 3026 4526 δυνάμενος,
3074 4453 3164 4507 καὶ
3201 4453 3382 4526 μέντοι
3432 4454 3521 4508 καὶ
3562 4473 3838 4529 χειραγω-

2187 4546 2295 4617 γῶν
2331 4541 2380 4595 ἐν
2412 4545 2479 4615 τῇ
2515 4541 2667 4617 ἷσχὺϊ
2695 4546 2790 4595 τοῦ
2824 4542 3156 4614 Ιίνεύματος,
3195 4543 3492 4618 βακτηρίαν
3547 4540 3839 4616 ὑποϐάλλῃ

3667 4651 3831 4685 τουτο

2189 4716 2347 4780 εἰδὼς
2399 4719 2487 4772 καὶ
2538 4718 2768 4788 ἀκούων,
2827 4718 2909 4772 ὅτι
2942 4718 3028 4773 καὶ
3082 4721 3216 4792 μετὰ
3265 4720 3470 4796 Ἀαρὼν
3502 4718 3702 4772 ἐκείνου
3732 4721 3833 4771 τοῦ

2189 4805 2326 4862 πάνυ
2359 4807 2682 4883 ἐχρίσθησαν
2732 4806 2990 4882 Ἐλεάζαρ
3041 4809 3129 4862 καὶ
3181 4810 3400 4886 Ἰθάμαρ
3449 4809 3500 4862 οἱ
3547 4806 3655 4861 υἱοὶ
3701 4812 3836 4861 ’Δα-

482 5004 527 5039 ⁹²
558 5000 708 5057 Psal.
743 5012 936 5063 cxvm,
972 4993 1097 5049 131.
1171 4991 1215 5026 ⁰³
1250 4987 1399 5045 Psal.
1431 5005 1556 5059 cxn,
1588 4989 1642 5044 3.
1719 4988 1763 5022 οδ
1795 4987 1948 5044 Psal.
1983 5005 2197 5056 cxxxn,
2228 4989 2283 5044 2.

480 5180 553 5252 (α)
575 5178 731 5234 Alias
747 5174 1049 5252 Vitiique:
1071 5174 1264 5252 autem
1289 5170 1354 5223 12
1372 5171 1514 5234 erat,
1539 5182 1693 5221 nunc
1707 5166 1834 5219 6.—
1850 5165 2060 5222 Habita

409 5246 565 5308 circa
596 5264 816 5306 annum
849 5246 955 5298 372
985 5251 1313 5298 exeuntem.

478 5325 590 5394 (38)
622 5319 714 5378 Εἲς
742 5319 832 5371 τὸν
866 5311 1480 5398 mtépa,.etc...Vlarius‘
1509 5308 1567 5362 in
1608 5307 1813 5398 [variis‘
1840 5308 2056 5398 cpdici-

405 5379 516 5452 bu‘s
547 5379 637 5449 est
667 5393 844 5461 hujus
874 5379 1153 5461 orationis
1182 5383 1413 5461 titulus.
1437 5382 1576 5461 Tres
1607 5380 1778 5461 Colb.‘
1801 5379 2050 5461 habent:

403 5451 497 5526 Et:
529 5464 713 5518 ἑαυτὸν
741 5451 831 5514 "ml
865 5459 938 5518 εἷς
988 5456 1228 5531 γέροντα.
1261 5477 1291 5531 _«
1330 5455 1395 5531 In
1424 5451 1683 5531 seipsurn
1731 5455 1788 5531 et
1835 5452 1905 5506 ad
1934 5469 2054 5531 Ise-

404 5519 558 5592 nem.
587 5560 612 5584 »
649 5539 708 5590 In
743 5539 877 5603 Reg.
910 5519 1024 5603 brn',
1054 5519 1155 5600 pro
1185 5524 1490 5603 ὶπὲτρεψεν,
1514 5519 1727 5592 legitur
1755 5519 2048 5598 ἐπετράφη,

405 5607 466 5661 In
499 5607 636 5677 Reg.
674 5608 772 5671 hu,
797 5596 1070 5677 ἐξετραπὴ
1102 5596 1419 5677 φροντίζειν.

472 5664 706 5746 (39))Δεῖ
730 5664 816 5727 καὶ
855 5664 1399 5745 βοῖὄλεταιξ’ΒὶΙΙίυε;
1432 5686 1452 5713 α
1478 5681 1604 5735 qum
1638 5664 1880 5720 honesta
1912 5671 2051 5721 sunt

403 5747 634 5830 ipsique
661 5753 843 5817 grata.
876 5770 894 5791 ιι

2241 5167 2354 5238 (40)
2386 5167 2501 5243 Ἀφ’
2533 5167 2630 5235 ὧν,
2663 5171 2770 5224 etc.
2807 5167 2937 5222 Bill.
2965 5190 2991 5218 «
3025 5169 3070 5224 A
3105 5169 3322 5240 quibus
3354 5168 3649 5225 abstinere
3680 5185 3834 5241 pre-

2170 5243 2305 5294 stet.
2335 5262 2360 5286 ››

2239 5311 2350 5384 (41)
2384 5308 2787 5381 ’Λρμοζόμενον
2840 5308 2962 5384 xal,
2993 5315 3159 5384 stcta,
3199 5314 3499 5384 Organum
3553 5311 3836 5382 praclaro

2167 5383 2375 5454 artiﬁci
2411 5386 2784 5454 aptatumtet
2814 5383 2966 5452 quod
3002 5383 3071 5437 ab
3107 5382 3203 5438 illo
3234 5382 3526 5454 pulsatur.
3552 5404 3580 5431 »

2236 5453 2355 5527 (42)-
2380 5450 2589 5527 [Χάλοςὲ
2619 5475 2645 5500 ‹‹
2683 5450 2967 5527 Neci—vero
3019 5454 3098 5510 ita
3147 5450 3276 5509 sum
3310 5454 3653 5527 garrulus...
3689 5469 3826 5510 cum

2164 5522 2464 5578 silentium
2497 5524 2696 5578 afflatu
2729 5524 3079 5579 indicitur.»

2235 5593 2484 5670 (/13)_"Ev
2542 5599 2715 5668 καιρῷ
2772 5593 2962 5668 λόγου.
3009 5619 3037 5645 ‹‹
3083 5597 3228 5651 Cum
3290 5601 3528 5670 tempus
3586 5601 3677 5653 est
3735 5596 3821 5651 lo-

2161 5665 2399 5736 quendi.
2425 5688 2463 5736 ν»

2231 5739 2342 5810 (44)
2372 5735 2430 5789 Τί
2464 5735 2566 5793 ὅτι.
2594 5738 2686 5793 Sic
2710 5737 2962 5794 Colbert.
2983 5755 3035 5805 c,
3055 5744 3113 5794 et
3133 5743 3303 5795 Herv.
3333 5739 3506 5797 Deest
3525 5736 3700 5812 b'n,in
3730 5737 3828 5815 ed.
