4146 6290
451 395 568 461 848

1589 395 1880 464 ORATIO
1925 401 2054 462 XII.
2107 433 2178 448 ——
2211 402 2312 462 AD
2359 399 2708 464 PATREM.

3739 404 3858 466 846

453 533 558 608 ρών
585 551 598 602 ;
630 531 720 586 τὸν
753 531 857 606 γὰρ
889 526 1071 586 Ναδὰϐ
1096 532 1184 586 καὶ
1235 526 1454 588 Ἀϐιοὺδ
1505 531 1636 586 ἑκὼν
1691 527 2089 607 ὑπερϐήσομαι,

2215 534 2379 590 eiiam
2412 541 2469 590 et
2499 535 2862 591 ithamarum
2913 536 3163 592 Aaronis
3195 536 3347 593 ﬁlios
3394 538 3704 594 sacerdotii
3733 539 3859 596 oleo

452 619 554 675 δέει
599 628 698 690 τῆς
751 620 1146 698 βλασφημίας’
1193 621 1280 675 καὶ
1331 627 1565 690 Μωυσῆς
1612 621 1725 684 ἀνθ’
1773 621 1963 675 ἑαυτοῦ
2008 621 2099 675 τὸν

451 712 656 780 Ἰησοῦν
720 708 1074 765 ἀναδείκνυσιν
1143 709 1221 764 ἔτι
1289 714 1391 779 ζῶν
1460 710 1577 764 ἀντὶ
1643 709 1940 784 νομοθέτου
2010 711 2099 764 καὶ

450 803 762 874 στρατηγοῦ
810 802 944 873 (45),
995 805 1111 861 τοῖς
1160 798 1246 853 ἐπὶ
1293 800 1390 868 τὴν
1451 806 1554 874 γῆν
1613 805 1713 868 τῆς
1779 797 2100 875 ἐπαγγελίας

448 887 859 964 ἐπειγομένοις
913 888 1009 943 Καὶ
1053 888 1113 942 τὸ
1170 889 1264 960 μὲν
1311 887 1412 964 γὰρ
1468 891 1582 962 (46)
1631 892 1728 942 τοῦ
1772 889 1979 960 Ἀαρὼν
2011 887 2098 941 καὶ

447 982 544 1031 τοῦ
593 980 694 1053 ’Ώρ
745 976 1211 1052 ὑποστηριζόντων
1272 979 1368 1038 τὰς
1436 981 1625 1051 χεῖρας
1678 974 1945 1037 Μωυσέως
2014 975 2099 1029 ἐπὶ

447 1071 546 1120 τοῦ
576 1065 754 1142 ὅρους,
782 1065 855 1120 ’ίν’
879 1068 993 1139 (47)
1022 1067 1049 1120 ὁ
1081 1064 1252 1138 Ἀμα)
1268 1066 1338 1133 ἢκ
1384 1065 1818 1138 καταπολεμηθῇ
1873 1067 1984 1136 (48)
2021 1068 2100 1136 τῷ

451 1160 683 1232 σταυρῷ,
734 1154 1014 1232 πόρρωθεν
1073 1152 1560 1231 σκιαγραφουμένῳ
1618 1155 1703 1208 καὶ
1751 1154 2097 1226 τυπουμένῳ,

452 1242 596 1300 δοκῶ
630 1247 742 1319 (49)
778 1266 870 1318 μοι
901 1245 1161 1320 παρήσειν
1204 1243 1362 1314 ἑκὼν,
1414 1243 1488 1304 ὡς
1537 1243 1597 1297 ού
1648 1240 1852 1320 σφόδρα
1901 1242 2097 1297 οἰκεῖον

449 1338 583 1408 ἡμῖν
617 1336 706 1390 καὶ
737 1334 1048 1412 πρόσφορον
1075 1353 1088 1366 ·
1123 1333 1185 1388 ού
1214 1335 1315 1409 γὰρ
1349 1333 1742 1406 συννομοθέτας
1773 1334 1961 1406 ᾑρεῖτο
1988 1332 2098 1405 (50)

447 1424 672 1487 τούτους
702 1427 960 1497 Μωυσῆς,
990 1421 1116 1478 ἀλλ’
1172 1422 1342 1498 εὐχῆς
1398 1422 1657 1498 βοηθοὺς,
1717 1423 1807 1476 καὶ
1854 1420 2100 1496 καμάτου

451 1519 652 1590 χειρῶν
683 1513 988 1590 ἐρείσματα.

524 1782 594 1836 Γ’.
630 1780 726 1834 Σοὶ
759 1777 817 1835 δὶ
845 1779 897 1834 τί
926 1781 1166 1855 πάσχεις
1199 1779 1252 1834 τί
1296 1779 1489 1851 κάμνει
1517 1795 1529 1834 :
1579 1776 1648 1831 Τὸ
1698 1781 1891 1850 σῶμα;
1941 1777 2099 1831 Ὑπο-

452 1868 714 1946 στηρίζειν
758 1868 980 1943 ἓτοιμος
1025 1872 1174 1941 (51)·
1247 1865 1393 1922 ἀλλὰ
1453 1866 1543 1920 καὶ
1612 1865 1956 1942 ὑπεστήριξα,
2007 1866 2096 1920 καὶ

2131 1914 2179 1979 Β

2209 624 2390 679 fuisse
2422 625 2712 680 delibutas
2734 625 2814 680 9‘?
2835 625 3036 680 Nadab
3067 627 3220 681 enim
3243 631 3302 681 et
3324 627 3512 682 Abiud
3535 627 3599 697 9°,
3623 644 3694 682 ne
3717 629 3857 698 quid

2210 712 2350 768 mali
2399 714 2613 770 ominis
2661 715 2938 787 importet
2981 715 3185 782 oratio,
3210 714 3479 772 consulto
3530 717 3857 788 praeteribo.

2210 802 2464 871 Moysem
2496 803 2758 875 insuper,
2789 820 2922 858 cum
2956 804 3147 860 adhuc
3178 805 3307 860 vitae
3339 822 3520 861 usura
3549 805 3857 877 frueretur,

2209 908 2315 946 suo
2349 892 2473 948 loco
2503 894 2704 948 Jesum
2739 893 3099 967 designasse,
3125 894 3223 966 qui
3257 894 3476 950 Judaeis
3506 894 3575 949 ad
3607 895 3858 966 promis-

2210 980 2396 1036 sionis
2425 986 2638 1036 terram
2690 982 3140 1054 preperantibus
3170 1000 3274 1054 pro
3323 983 3654 1055 legislatore
3682 1000 3750 1040 ac
3781 982 3862 1040 rei

2209 1069 2480 1125 militaris
2513 1069 2779 1141 praefecto
2808 1075 3001 1126 esset?
3031 1071 3200 1142 (Nam
3232 1070 3377 1126 illud
3409 1071 3657 1127 Aaronis
3687 1077 3864 1144 atque

2211 1158 2350 1228 Hur,
2383 1158 2478 1228 qui
2537 1159 2751 1231 Moysis
2797 1175 3008 1215 manus
3035 1159 3096 1214 in
3128 1165 3323 1218 monte
3357 1161 3508 1217 249
3560 1159 3862 1217 suffulcie-

2210 1246 2371 1312 bant,
2409 1255 2470 1300 ut
2499 1263 2602 1317 per
2633 1264 2862 1302 crucem
2890 1253 3053 1303 tanto
3077 1254 3210 1304 ante
3233 1249 3666 1318 adumbratam,
3687 1251 3860 1307 Ama-

2209 1334 2295 1389 lec
2327 1335 2757 1406 opprimeretur
2778 1338 2840 1403 9",
2875 1354 2988 1392 non
3031 1337 3247 1393 invitus
3279 1339 3860 1410 pratermittam,ve-

2210 1423 2298 1478 lut
2328 1423 2498 1479 nobis
2529 1424 2986 1496 haudquaquam
3025 1431 3228 1498 aptum
3279 1431 3454 1498 atque
3502 1428 3858 1500 appositum.

2209 1512 2586 1583 Nequejenim
2618 1530 2715 1568 eos
2735 1513 2793 1568 in
2815 1513 3012 1586 legum
3038 1515 3403 1571 institutione
3425 1516 3614 1573 socios
3634 1517 3862 1590 Moyses

2210 1600 2480 1671 habebat,
2510 1603 2611 1658 sed
2663 1602 2722 1657 in
2775 1603 3054 1659 orationis
3104 1605 3535 1675 adjumentum,
3574 1604 3861 1680 languen-

2209 1691 2476 1762 tiumque
2508 1708 2792 1748 manuum
2824 1692 3090 1750 levamen
3120 1693 3486 1763 asciscebat.)

2283 1779 2374 1834 III.
2401 1780 2544 1843 Quid
2570 1786 2766 1836 autem
2790 1781 2895 1836 tibi
2920 1782 3226 1838 condolet‘?
3247 1783 3387 1854 quid
3413 1782 3670 1838 fatiscit?
3697 1785 3863 1839 Anne

2210 1870 2463 1941 corpus?
2493 1870 2736 1926 Paratus
2770 1871 3006 1942 quidem
3029 1889 3134 1944 ego
3167 1875 3233 1926 ut
3258 1871 3402 1928 illud
3435 1870 3711 1928 fulciam?
3742 1871 3862 1927 imo

451 1957 804 2034 ἐστηρίχθην,
858 1958 933 2018 ὡς
985 1959 1012 2011 ὁ
1067 1951 1257 2011 Ἰακὼϐ
1307 1955 1528 2026 ἐκεῖνος,
1578 1960 1864 2029 πατρικαῖς
1929 1952 2091 2008 εὐλο-

2215 1958 2328 2027 iam
2358 1958 2578 2026 fulcivi,
2602 1963 2776 2030 atque
2807 1960 2932 2031 ipse
2954 1960 3232 2030 vicissim,
3259 1979 3372 2017 non
3403 1978 3574 2018 secus
3595 1977 3662 2017 ac
3681 1959 3861 2028 Jacob

449 2047 612 2123 γίαις.
664 2044 840 2102 Ἀλλᾶ
885 2047 947 2101 τὸ
978 2050 1227 2118 πνεῦμα;
1279 2044 1370 2106 Τίς
1421 2042 1772 2119 ἰσχυρότερος
1813 2045 1946 2116 (52),
2005 2043 2095 2097 καὶ

451 2136 801 2213 θερμότερος,
853 2135 941 2190 καὶ
989 2139 1080 2189 νῦν
1143 2133 1398 2207 μάλιστα,
1461 2130 1572 2203 ὅσῳ
1628 2133 1693 2184 τὰ
1751 2138 1850 2200 τῆς
1900 2132 2094 2208 σαρκὸς

453 2220 730 2280 ὑποϐαίνει
779 2230 870 2279 καῖ
922 2222 1260 2294 ὑπεξίσταται
1307 2223 1420 2295 (53)
1468 2219 1647 2296 ὥσπερ
1699 2221 1860 2298 φωτὶ,
1897 2221 1958 2274 τὸ
2006 2221 2096 2274 ἀν-

447 2313 736 2392 τιφράττον
778 2311 867 2367 καὶ
917 2310 1304 2384 ἀντικείμενον,
1354 2309 1445 2364 καὶ
1492 2307 1707 2363 κωλύον
1747 2310 1846 2378 τὴν
1875 2307 2098 2382 λαμπη-

450 2401 580 2457 δόνα
605 2429 619 2472 ;
652 2399 815 2456 Φιλεῖ
837 2402 938 2477 γὰρ
971 2402 1044 2462 ὡς
1073 2402 1139 2455 τὰ
1162 2397 1350 2454 πολλά
1386 2397 1768 2470 ἀντιπολεμεῖν
1800 2397 1976 2453 ταῦτα
1996 2399 2097 2453 ἀλ-

450 2490 651 2563 λήλοις
707 2491 797 2545 καὶ
847 2490 1276 2559 ἀντικαθέζεσθαι
1327 2489 1477 2561 (54)’
1529 2486 1618 2540 καὶ
1671 2491 1828 2560 σῶμα
1879 2488 1972 2560 μὲν
2019 2487 2100 2542 εύ-

451 2584 643 2649 εκτεῖν,
671 2579 985 2653 καμνούσης
1017 2581 1221 2652 ψυχῆς,
1253 2577 1437 2650 ψυχὴν
1471 2572 1528 2629 δὲ
1575 2577 1688 2648 (55)
1741 2573 1960 2638 θάλλειν
2009 2575 2098 2629 καὶ

451 2671 560 2725 ἂνω
595 2669 838 2745 βλέπειν,
868 2673 974 2723 τῶν
1015 2665 1228 2736 ἡδονῶν
1284 2660 1688 2719 ὑποϐαινουσῶν
1739 2665 1829 2718 καὶ
1877 2685 2102 2718 συναπο-

455 2759 866 2834 μαραινῡμένων
911 2762 990 2829 τῷ
1040 2757 1276 2830 σώμααι.
1329 2758 1437 2808 Σοῦ
1483 2752 1540 2808 δὲ
1587 2753 1677 2808 καὶ
1719 2751 1904 2814 ἄλλως
1945 2752 2099 2817 ἐθαύ-

456 2869 597 2920 μασα
623 2849 685 2902 τὸ
733 2848 996 2922 ἀρχαϊκὸν
1041 2848 1150 2919 (56)
1199 2842 1287 2899 καί
1334 2848 1599 2919 γενναῖον,
1633 2847 1749 2904 πῶς
1785 2840 1909 2897 οὒδὶ
1937 2847 2097 2898 τοῦτο

454 2931 657 2996 ἔδεισας
707 2937 840 3006 (57),
891 2931 1096 3010 σφόδρα
1143 2937 1246 2987 τῶν
1295 2936 1384 2986 νῦν
1427 2930 1673 3006 ὑπάρχον
1718 2936 1920 3008 καιρῶν
1964 2933 2096 3005 (58),

459 3024 532 3093 μή
586 3043 669 3075 σοι
716 3021 778 3075 τὸ
826 3025 1038 3093 πνεῦμα
1081 3020 1345 3098 πρόφασις
1394 3025 1652 3094 νομισθῇ,
1701 3021 1789 3075 καὶ
1831 3024 2100 3095 σαρκικῶς

452 3113 618 3164 ταῦτα
678 3103 972 3181 λαμϐάνειν
1032 3106 1275 3180 δοκῶμεν
1325 3114 1442 3170 τοῖς
1496 3107 1750 3180 πολλοῖς,
1808 3129 2098 3180 πνευματι-

453 3198 561 3259 κῶς
602 3197 1086 3274 προσποιούμενοι.
1139 3194 1357 3266 Ἐπειδὴ
1412 3195 1549 3273 μέγα
1596 3198 1657 3252 τὸ
1721 3203 1945 3273 πρᾶγμα
2010 3199 2099 3252 καὶ

2206 2044 2324 2112 ille,
2374 2048 2631 2118 paternis
2688 2049 3197 2105 benedictionibus
3257 2050 3445 2106 iultus
3500 2067 3632 2106 sum
3655 2049 3719 2104 9⁸.
3770 2051 3858 2105 An

2206 2135 2448 2206 Spiritus
2467 2134 2493 2188 Ἰ
2523 2135 2660 2198 Quis
2691 2137 3005 2209 _valentior,
3029 2143 3204 2208 atque
3235 2138 3526 2206 fervidior,
3554 2139 3664 2194 hac
3711 2154 3858 2212 prm-

2208 2223 2409 2278 sertim
2440 2228 2762 2296 aetate,qua
2784 2227 2976 2282 carnis
3003 2227 3245 2282 affectus
3272 2226 3546 2294 subsidit,
3563 2227 3855 2298 ceditque,

2208 2311 2361 2366 velut
2385 2311 2614 2380 lumini,
2640 2314 2697 2368 id
2723 2315 2877 2385 quod
2902 2316 3127 2386 objeclu
3156 2332 3262 2372 suo
3285 2317 3645 2386 adversatur,
3663 2314 3860 2387 splen-

2208 2399 2450 2471 dorique
2479 2402 2962 2472 impedimentum
3012 2403 3221 2459 aﬂ‘ert?
3260 2403 3390 2459 Haec
3437 2404 3593 2460 enim
3642 2403 3859 2460 bellum

2208 2490 2363 2544 inter
2393 2505 2453 2545 se
2487 2496 2549 2544 ut
2581 2491 2898 2562 plurimum
2924 2497 3155 2563 gerunt,
3179 2498 3488 2564 castraque
3519 2508 3589 2548 ex
3618 2492 3862 2548 adverso

2209 2577 2461 2633 habent:
2489 2583 2544 2633 et
2592 2596 2802 2651 corpus
2834 2580 3070 2652 quidem
3102 2585 3415 2654 aagrotante
3465 2581 3666 2638 anima
3712 2579 3864 2638 belle

2209 2666 2415 2734 habet;
2451 2669 2649 2722 anima
2679 2673 2873 2724 autem
2906 2669 3091 2738 ﬂoret,
3117 2675 3292 2741 atque
3318 2674 3540 2726 erectos
3561 2669 3620 2726 in
3644 2669 3859 2725 ccelum

2211 2755 2409 2812 oculos
2441 2757 2634 2825 habet,
2660 2774 2793 2812 cum
2838 2758 3162 2831 voluptates
3202 2760 3513 2827 decedunt,
3537 2763 3716 2830 atque
3749 2775 3866 2815 una

2211 2861 2340 2898 cum
2381 2861 2620 2916 corpore
2654 2851 3040 2902 marcescunt.
3068 2846 3215 2909 Quin
3250 2852 3413 2903 tuam
3447 2864 3684 2920 quoque
3713 2853 3868 2904 vete-

2211 2949 2331 2986 rem
2365 2934 2803 3005 simplicitatem
2846 2935 3146 3006 animique
3178 2935 3628 3007 generositatem
3675 2935 3867 2992 demi-

2211 3022 2322 3076 rari
2357 3023 2499 3077 mihi
2524 3023 2722 3090 subiit,
2748 3024 2846 3094 qui
2881 3041 2951 3079 ne
2981 3024 3088 3080 hoc
3119 3025 3376 3095 quidem,
3402 3024 3556 3095 quod
3587 3023 3683 3081 his
3711 3029 3863 3081 tem-

2209 3110 2447 3181 qoribus
2481 3113 2798 3167 admodum
2845 3113 3119 3183 frequens
3158 3116 3265 3180 est,
3299 3113 3721 3185 providendum
3753 3113 3861 3169 tibi

2210 3199 2464 3271 duxeris,
2499 3217 2568 3255 ne
2617 3200 2880 3272 spiritus,
2911 3217 3023 3272 quo
3083 3201 3354 3273 moveris,
3390 3203 3558 3258 fucus
3615 3203 3859 3274 quidam

449 3288 782 3362 τυραννικὸν,
831 3287 919 3341 καὶ
970 3285 1264 3360 θαυμασίαν
1317 3283 1430 3340 σ’ίαν
1481 3283 1609 3361 ἕχον
1671 3285 1992 3354 ἀπόλαυσιν,
2044 3287 2094 3340 οἳ

2215 3304 2335 3343 esse
2366 3288 2749 3352 existimetur,
2773 3306 2839 3346 ac
2868 3307 2974 3346 nos
3004 3291 3265 3362 plerique
3287 3290 3506 3346 carnali
3538 3292 3708 3348 modo
3741 3292 3862 3348 hmo

448 3374 653 3430 πολλοὶ
710 3375 1020 3449 νομίζεσθαι
1071 3377 1471 3446 πεποιήκασινο
1523 3375 1617 3430 κᾶν
1670 3371 1747 3429 ἔτι
1791 3376 2098 3452 στενοτέρας

445 3485 528 3528 τις
560 3466 675 3540 (59)
708 3467 742 3534 ἣ
783 3466 920 3520 κατά
963 3464 1161 3535 ταύτην
1214 3468 1490 3538 προστατῇ
1534 3464 1622 3519 καὶ
1674 3462 1931 3539 ἐξηγῆται
1982 3465 2100 3519 ποί-

451 3575 610 3628 μνης,
653 3554 743 3610 καὶ
793 3552 961 3609 πλέον
1010 3553 1278 3631 φερούσης
1325 3558 1431 3608 τῶν
1482 3551 1655 3623 ἡδέων
1707 3553 1774 3608 τὰ
1819 3553 2092 3628 μοχθηρά.

448 3647 616 3698 Τοῦιο
667 3645 762 3716 μὲν
814 3640 880 3711 δὴ
926 3649 1025 3711 τῆς
1075 3649 1174 3711 σῆς
1229 3639 1333 3696 alits
1383 3642 1692 3712 ἁπλότητος
1742 3639 1846 3696 εἷίτε
1876 3642 2096 3720 φιλοτε-

449 3731 600 3794 κνίας
641 3735 776 3805 (60),
831 3732 917 3806 ὑφ’
962 3733 1029 3799 ἧς
1079 3730 1201 3784 οὔτε
1242 3751 1292 3784 τι
1337 3735 1445 3784 τῶν
1476 3735 1753 3804 πονηρῶν,
1787 3728 1908 3785 οὔτε
1937 3732 2095 3792 αὑτὸς

444 3818 753 3896 παραδέχῃ,
803 3817 928 3873 οὔτε
974 3818 1096 3891 περὶ
1144 3823 1251 3873 τῶν
1303 3816 1490 3873 ἄλλων
1539 3817 1738 3894 ῥᾳδίως
1773 3814 2094 3892 ύπολαμϐά·

441 3927 568 3970 νεις’
626 3904 822 3984 (βραδὺ
869 3907 970 3982 γὰρ
1023 3907 1099 3968 εἷς
1168 3905 1424 3960 ύπόνοιαν
1473 3911 1641 3961 κακοῦ
1689 3907 1751 3961 τὸ
1798 3908 1934 3981 πρὸς
1999 3928 2094 3961 κα-

435 3997 554 4052 κίαν
622 3994 985 4068 δυσκίνητον·)
1041 3995 1166 4069 ἐμοὶ
1239 3993 1295 4050 δὲ
1359 3997 1449 4050 καὶ
1504 3993 1751 4068 δεύτερον
1809 3994 1945 4069 πρὸς
2004 3997 2092 4049 τὸν

435 4084 543 4141 εἱίεε
573 4087 662 4141 σὸν
699 4082 804 4140 εἴτε
833 4083 922 4139 καὶ
956 4083 1084 4157 ἐμὸν
1122 4083 1252 4140 λαὸν
1298 4087 1490 4140 τοῦτον
1547 4085 1754 4161 βραχέα
1804 4082 2092 4160 διαλεγθῆ-

436 4196 542 4232 ναι.

2209 3377 2468 3448 accipere
2499 3378 2820 3445 videamur,
2853 3380 3084 3434 tametsi
3117 3379 3409 3451 spirituali
3441 3380 3720 3452 accipere,
3745 3396 3862 3454 pra

2209 3465 2376 3521 nobis
2417 3467 2689 3522 feramus.
2719 3467 3209 3540 Quandoquidem
3253 3469 3574 3525 multorum
3605 3469 3745 3525 vitio
3779 3467 3864 3526 fa-

2208 3560 2364 3610 ctum
2397 3559 2583 3624 est,ut
2616 3556 2735 3611 haec
2757 3557 3033 3628 dignitas,
3057 3557 3253 3630 ampla
3285 3563 3340 3614 et
3371 3558 3546 3629 regia,
3571 3557 3860 3614 mirificis-

2208 3662 2320 3718 que
2374 3647 2684 3717 cujusdam
2733 3646 3050 3719 voluptatis
3108 3648 3280 3720 plena
3336 3665 3465 3704 esse
3515 3647 3861 3718 judicetur:

2207 3735 2532 3805 quamlibet
2575 3736 2750 3790 etiam
2801 3737 3148 3806 angustiori,
3182 3753 3358 3808 quam
3393 3736 3468 3791 sit
3503 3736 3592 3790 hic
3639 3740 3861 3804 noster,

2205 3825 2363 3894 gregi
2392 3824 2684 3894 quispiam
2713 3825 2927 3894 praesit,
2957 3824 3212 3895 plusque
3244 3824 3649 3879 molestiarum
3681 3839 3862 3896 quam

2205 3910 2571 3982 voluptatum
2606 3911 2886 3966 efferenti.
2921 3913 2996 3966 Ac
3027 3913 3098 3966 de
3129 3916 3228 3965 tua
3256 3911 3495 3982 quidem
3525 3911 3646 3967 sive
3677 3911 3859 3968 animi

2204 3998 2604 4069 simplicitate,
2629 3999 2746 4052 sive
2781 4003 3021 4070 paterna
3069 3998 3398 4067 dilectione,
3420 4016 3536 4072 qua
3568 3999 3632 4055 ﬁt
3662 4003 3725 4056 ut
3753 4016 3859 4056 nec

2203 4087 2327 4158 ipse
2358 4086 2674 4157 quidquam
2707 4092 2876 4159 turpe
2908 4087 3204 4153 admittas,
3239 4103 3344 4143 nec
3377 4088 3446 4144 de
3476 4088 3609 4146 aliis
3641 4093 3858 4146 temere

2203 4176 2520 4247 suspiceris
2544 4179 2673 4244 (nec
2703 4175 2858 4231 enim
2894 4177 2943 4231 is
2979 4176 3146 4232 facile
3169 4178 3238 4233 de
3267 4177 3378 4233 alio
3411 4177 3631 4234 malum
3663 4177 3860 4251 suspi-

437 4272 624 4336 catur,
650 4265 748 4337 qui
783 4282 898 4321 non
929 4265 1098 4321 facile
1129 4266 1201 4321 ad
1234 4265 1457 4322 malum
1489 4264 1852 4338 impellitur),
1877 4263 1996 4320 haec
2029 4263 2173 4320 mihi
2206 4265 2360 4320 dicta
2391 4265 2707 4321 sufficiant.
2734 4266 3010 4337 Sequitur
3031 4267 3178 4337 jam,
3207 4271 3272 4322 ut
3298 4267 3529 4322 brevem
3562 4268 3635 4324 ad
3663 4272 3834 4324 tuum

435 4355 526 4410 vel
557 4356 726 4410 etiam
762 4371 981 4419 meum.
1014 4355 1169 4410 hunc
1195 4355 1485 4426 populum
1517 4355 1838 4410 orationem
1869 4354 2139 4410 habeam.

514 4448 583 4499 A'.
637 4443 1099 4518 Τετυραννήμεθα,
1179 4451 1224 4496 ὼ
1281 4439 1434 4520 φίλοι
1490 4443 1580 4498 καὶ
1638 4439 1896 4520 ἀδελφοί.
1959 4442 2097 4515 ὑμᾶς

2282 4444 2370 4498 IV.
2406 4443 2506 4499 Vis
2557 4443 2727 4500 nobis
2779 4444 2953 4500 allata
2999 4447 3109 4514 est,
3155 4446 3363 4501 fratres
3413 4449 3469 4500 et
3514 4444 3719 4513 amici;
3769 4459 3860 4501 ve-

437 4532 566 4608 γὰρ,
608 4530 773 4587 εἶκαὶ
823 4532 900 4605 μή
945 4532 1090 4604 τότε,
1133 4529 1279 4587 ἀλλὰ
1305 4536 1397 4587 νῦν
1432 4527 1840 4606 ἐπιϐοησόμεθα
1871 4551 1882 4562 ⁸
1947 4552 2102 4587 τετυ-

2214 4538 2394 4590 stram
2418 4533 2574 4588 enim
2608 4534 2807 4598 ﬁdem,
2829 4534 2876 4589 si
2911 4551 3025 4589 non
3048 4550 3113 4589 eo
3145 4539 3428 4606 tempore,
3446 4551 3602 4590 nunc
3624 4533 3862 4606 quidem

513 4703 560 4741 θ’
591 4703 769 4761 Levit.
802 4720 925 4774 VIII,
958 4705 1013 4759 2.
1091 4705 1134 4740 οε
1165 4705 1343 4761 Levit.
1373 4722 1428 4774 ι,
1462 4706 1512 4760 1.
1589 4705 1632 4740 9⁷
1663 4703 1842 4761 Exod.
1873 4720 2012 4772 xvn,
2047 4705 2097 4759 12

2215 4703 2256 4738 ³⁸
2287 4703 2429 4759 Gen.
2457 4721 2634 4772 xxvn,
2663 4705 2752 4758 28.

509 4874 622 4952 (45)
653 4876 798 4952 ᾋντι
827 4872 1129 4952 νομοθέτου
1159 4876 1248 4930 καὶ
1295 4878 1622 4952 στρατηγοῦ.
1657 4898 1682 4928 (ι
1715 4875 1820 4943 Qui
1853 4876 2089 4949 legisla-

436 4948 1063 5037 torI-i'smetvimperatpris
1093 4954 1292 5037 partes
1322 4948 1645 5037 ρξριθτεικ»

509 5018 620 5101 (4(5)
651 5018 761 5101 βαὶ
779 5018 850 5101 τὸ
900 5019 994 5101 μὲν
1023 5018 1304 5101 ηγάρἈΙιξ
1357 5018 1535 5101 Ρζεεε,
1567 5021 1719 5101 _bm_
1757 5024 1813 5074 et
1868 5019 1970 5075 hu.
2023 5021 2084 5074 In

509 5040 620 5101 (τεο)
652 5040 748 5072 nou
787 5040 850 5103 το
900 5040 994 5144 μεν
1043 5040 1163 5094 γαρ.
1185 5040 1303 5104 ~ita.
1359 5040 1535 5107 negg’;
1567 5040 1699 5102 ⁸οη]

437 5088 613 5164 Celsi.
723 5095 828 5164 ’l‘ou
861 5111 899 5162 μ
929 5111 956 5143 ν
983 5095 1087 5164 γᾷρ
1118 5111 1231 5149 του.
1267 5093 1440 5147 Deest
1470 5111 1534 5145 το
1564 5109 1623 5146 1n
1655 5091 1744 5146 ed.

532 5159 620 5232 47)
650 5161 764 5216 ”Ιν’.
797 5159 978 5232 0r._1,
997 5159 1145 5217 "ea"

532 5160 598 5214 47
650 5161 764 5216 ”Ιν’.
797 5160 892 5216 0r.
929 5160 1145 5232 1,”ίνά..

507 5160 620 5304 (48)
680 5229 1142 5306 Καταπολεμηοῇ.
1199 5256 1229 5285 ‹‹
1285 5233 1661 5301 Vinceretur,
1723 5248 2085 5306 expugnare-

439 5307 554 5357 tur.
578 5324 606 5353 »

503 5375 615 5448 (49)
647 5377 819 5448 apud).
852 5375 1128 5432 Nonnulli
1159 5376 1409 5445 codices,
1440 5372 1589 5429 δοκεῖ
1623 5394 1736 5446 μοι.

523 5448 614 5538 50)
643 5446 879 5538 ῑὲρεῖτο.
918 5448 1258 5538 εινΕΙθβθῐᾶι.
1290 5470 1318 5498 ››
1341 5518 1469 5538 ww
1684 5521 1699 5538 ι
1775 5517 1785 5527 ⁸

522 5516 613 5590 51)
644 5516 1048 5593 Ὑποστηρίζειν
1071 5516 1318 5593 ἕτοιμος.
1341 5518 1570 5589 Billius,
1597 5541 1623 5570 «
1647 5521 1706 5575 at
1731 5516 1874 5572 nihil
1900 5533 2086 5573 causa!

432 5589 1110 5662 dico,'quominusillud
1142 5589 1401 5646 fu'lciam.
1429 5612 1457 5639 ››

500 5635 1408 5738 (5;;‘fi2‘ifggsga';g.g.‘aggf‘g;
1427 5635 1516 5713 ᾆξαι
1547 5659 1627 5712 τό.

646 5730 1033 5807 Ὑπεξίᾶτὰταιξ
1069 5736 1206 5806 Reg.
1241 5730 1294 5800 ἆ,
1335 5730 1620 5802 ἐξίσταται,

2272 4876 2384 4946 (54)
2448 4874 2928 4941 ’Δντικαθέζεσθαι.
2990 4874 3127 4945 Reg.
3189 4875 3291 4944 hu,
3363 4871 3848 4931 ἀντικαθιστασθαι.

2195 4949 2278 5002 Ad
2314 4964 2498 5018 marg.
2532 4966 2617 5020 γρ.
2643 4947 2739 5020 καὶ
2769 4946 3098 5020 καθέζεσθαι.

2268 5020 2381 5089 (55)
2407 5013 2604 5090 Ψυχῆν
2639 5016 2714 5073 δὲ.
2736 5019 2889 5090 Βεεζ.
2918 5018 3005 5090 hu
3039 5023 3096 5072 et
3122 5019 3214 5090 Qr.
3248 5017 3483 5090 i,_qIUX‘;}
3516 5013 3592 5071 δέ.

2269 5035 2381 5089 (DD)
2412 5035 2490 5070 ψυ
2540 5040 2604 5085 ην
2639 5035 2714 5073 οε.
2753 5035 2829 5073 tte
2878 5059 2889 5072 .
2928 5035 3005 5071 nu
3039 5035 3096 5072 et
3122 5035 3214 5072 UI‘.
3248 5035 3297 5083 1,
3329 5035 3368 5088 ψ

2410 5089 2479 5141 Τὸ
2497 5037 2813 5179 ἒρχοξςκόνζ
2832 5035 3004 5177 ἕοξξι.
3041 5091 3090 5153 1,
3123 5085 3369 5179 ἀρχικόν,

2269 5107 2379 5161 (50)
2420 5107 2479 5141 ιό
2511 5107 2795 5179 αρχαικον.
2832 5107 3004 5177 (μοιβ).
3041 5107 3090 5153 1,
3123 5107 3186 5161 αρ
3241 5107 3369 5171 ικον.
3583 5159 3594 5170 .

2269 5163 2381 5234 (57)
2415 5165 2536 5222 Πῶς
2569 5159 2692 5215 ουδὲ
2721 5164 2882 5215 τοῦτο
2915 5156 3138 5218 έοεισας.
3169 5107 3328 5224 «ΧΟιιι
3351 5159 3458 5215 hoc
3480 5164 3696 5216 ventus
3728 5175 3843 5216 non

2199 5233 2300 5299 sis,
2335 5250 2406 5287 ne
2429 5256 2454 5282 ››
2490 5239 2598 5288 etc.

2269 5305 2381 5373 (58)
2412 5308 2526 5357 Τῶν
2557 5309 2717 5377 νῦν...
2764 5307 2990 5377 καιρῶν.
3023 5301 3198 5377 Cois].
3234 5298 3394 5377 ίητῷ
3423 5305 3584 5359 νῦν...
3616 5303 3812 5374 καιρῷ.

2269 5377 2379 5444 (59)
2414 5375 2732 5450 Στενοτέρας
2762 5373 2867 5436 τιςζ
2899 5377 2992 5429 Sic
3020 5375 3140 5450 _duo
3161 5373 3364 5450 _qusl.,
3391 5389 3640 5444 quorum
3674 5373 3850 5441 unus,

2197 5445 2521 5519 στενωτέρας
2551 5445 2653 5507 τιςζ
2685 5453 2869 5519 Deest.
2902 5466 2984 5507 τις
3018 5447 3074 5519 in
3102 5445 3300 5519 editis.

2268 5518 2380 5588 (60)
2430 5513 2561 5570 Ἐἴτε
2631 5518 2996 5588 φιλοτεχνίας.
3053 5518 3149 5574 Sic
3202 5516 3375 5572 Cois].
3442 5519 3461 5570 ι
3524 5519 3582 5572 et
3635 5517 3688 5570 3.
3755 5513 3852 5588 Sic

2268 5539 2380 5588 (0U)
2441 5539 2561 5570 ιιιτε
2674 5539 2996 5579 ιΛοτεκνιας.
3054 5539 3149 5574 διο
3202 5539 3375 5572 υοιει.
3445 5539 3461 5570 Ι.
3524 5539 3582 5572 δι
3636 5539 3688 5570 ὖ.
3757 5539 3849 5571 DIC

2196 5590 2370 5678 etiam
2407 5588 2547 5660 legit
2579 5539 2808 5659 Biilius,
2833 5589 3099 5663 quamvis
3130 5589 3266 5648 edit.
3302 5589 3426 5643 Par.
3452 5588 3662 5644 habeat
3691 5585 3849 5670 φιλο-

2192 5679 2429 5733 τεχνιας,

3971 5823 4060 5872 Δ

3885 5873 3971 6055 ,
