4146 6290
387 363 503 422 84Ἷ

1597 358 1659 417 S.
1709 355 2079 418 GREGORII
2124 357 2540 419 THEOLOGI.

3679 354 3795 420 848

387 501 540 552 certe
571 494 924 567 implorabo;
966 493 1104 561 vim,
1139 492 1397 564 inquam,
1431 491 1598 547 nobis
1653 490 1867 556 attulit,
1909 496 2016 546 tun

2152 491 2459 565 ραννήμεθα
2487 492 2634 565 γήρᾳ
2661 490 2866 566 πατρὸς
2893 491 2984 544 καὶ
3036 489 3200 567 φίλου
3249 493 3381 564 (61),
3423 487 3512 545 ἵνα
3564 490 3797 566 μετρίως

385 585 572 657 patris
603 589 898 648 senectus,
933 589 1057 637 tum
1089 582 1282 648 amici,
1309 586 1374 636 ut
1402 579 1608 636 leniter
1637 581 1850 649 dicam,
1874 581 2034 635 beni-

385 673 600 745 gnitas.
623 675 703 726 Ac
733 671 901 738 mihi,
925 687 1146 742 quaeso,
1182 688 1280 740 pro
1330 674 1522 725 vestra
1568 670 1818 740 quisque
1851 669 2035 724 facul-

384 768 525 830 tate,
549 779 719 834 opem
767 762 986 827 afferte,
1014 775 1080 814 ac
1131 776 1372 813 manum
1427 759 1703 830 porrigite
1732 775 2031 830 oppresso,

387 855 564 922 atque
595 867 630 906 a
657 850 973 922 cupiditate
1015 853 1070 903 et
1113 848 1322 920 spiritu
1352 848 1506 902 varie
1539 849 1692 904 250
1732 848 2029 902 distracto.

384 939 492 995 Illa
534 939 754 1012 fugam,
781 944 839 994 et
887 942 1134 1002 montes,
1169 941 1225 991 et
1272 936 1641 1003 solitudines,
1667 942 1723 989 et
1775 936 2034 1006 corporis

383 1031 562 1099 atque
599 1026 780 1082 animi
811 1025 1089 1098 quietem,
1124 1025 1422 1094 mentique
1452 1024 1509 1077 in
1542 1024 1794 1095 seipsam
1843 1041 2030 1078 seces-

383 1115 632 1187 sionem,
654 1121 711 1170 et
731 1131 764 1171 a
785 1114 1056 1170 sensibus
1088 1112 1484 1169 collectionem
1508 1115 1734 1179 suadet,
1760 1119 1823 1167 ut
1843 1114 2031 1167 omni-

381 1204 495 1260 bus
526 1204 774 1260 maculis
803 1219 1020 1259 vacuus
1065 1202 1547 1258 consuetudinem
1577 1218 1710 1256 cum
1766 1202 1879 1256 Deo
1929 1203 2030 1257 ha-

381 1293 575 1361 beam,
615 1292 983 1365 Spiritusque
1013 1290 1321 1363 splendore
1351 1307 1494 1361 pure
1524 1290 1847 1357 collustrer,
1873 1290 2034 1346 nulla

378 1381 604 1439 scilicet
630 1387 861 1438 terrena
891 1385 948 1435 et
990 1380 1226 1435 turbida
1256 1396 1317 1434 re
1348 1396 1409 1434 se
1454 1381 1830 1448 admiscente,
1857 1385 2030 1450 atque

377 1469 438 1526 in
469 1470 671 1526 lumen
702 1469 964 1525 divinum
1013 1468 1323 1536 incidente,
1358 1484 1664 1539 quousque
1712 1469 1782 1522 ad
1834 1468 2030 1539 ipsum

377 1560 617 1616 tandem
647 1558 945 1614 radiorum
980 1557 1157 1625 hujus
1188 1555 1316 1612 vitae
1351 1559 1566 1611 fontem
1600 1558 2028 1628 perveniamus,

381 1663 448 1703 ac
476 1646 740 1719 depulsis
771 1663 806 1701 a
831 1646 1071 1700 veritate
1097 1644 1373 1716 speculis,
1397 1645 1684 1700 desiderio
1716 1651 1912 1700 nostro
1935 1662 2030 1699 cu-

379 1735 728 1808 piditatique
758 1735 933 1789 ﬁnem
966 1734 1361 1805 imponamus.
1387 1734 1488 1788 Hic
1518 1739 1738 1804 contra,
1764 1735 2030 1788 hortatur

381 1828 446 1880 ut
473 1825 534 1880 in
564 1824 823 1880 medium
849 1823 1146 1894 prodeam,
1171 1821 1531 1892 publicasque
1564 1822 1798 1878 utilitati
1822 1840 2029 1877 consu-

379 1914 519 1982 lam,
543 1918 720 1985 atque
742 1911 1165 1982 aliosjuvando
1189 1911 1475 1981 meipsum
1505 1912 1715 1981 iuvem,
1742 1912 2027 1967 divinum-

377 2019 491 2075 que
523 2001 893 2074 splendorem
917 2000 976 2053 in
1000 1999 1298 2070 publicum
1333 2001 1643 2070 proferam,
1669 2007 1725 2055 et
1747 2002 1817 2054 ad
1841 2002 2024 2056 Deum

376 2093 664 2148 adducam
695 2089 974 2145 eximium
1015 2087 1318 2158 populum,
1352 2096 1582 2160 gentem
1615 2095 1902 2154 sanctam,
1935 2107 2024 2145 re-

372 2180 504 2252 gale
532 2177 924 2235 sacerdotium
951 2178 1014 2243 9°,
1062 2181 1235 2247 atque
1283 2178 1596 2248 imaginem
1648 2178 1706 2232 in
1758 2177 2024 2248 pluribus

373 2271 810 2341 perpurgatam.
836 2265 909 2320 Ut
930 2264 1084 2319 enim
1108 2265 1313 2320 hortus
1347 2266 1710 2336 prazstantior
1732 2273 1818 2321 est
1844 2285 2021 2337 quam

372 2358 553 2428 stirps
578 2373 718 2423 una,
739 2359 796 2409 et
815 2353 1027 2409 ccelum
1051 2354 1391 2408 universum
1415 2371 1546 2409 cum
1571 2357 1696 2409 suis
1718 2373 2023 2410 ornamen-

372 2446 470 2513 tis,
495 2460 673 2516 quam
733 2443 906 2496 unica
961 2442 1151 2506 stella,
1175 2447 1230 2497 et
1281 2460 1490 2513 corpus
1540 2461 1718 2514 quam
1783 2445 2020 2499 unicum

372 2534 736 2598 membrum;
797 2532 878 2585 ita
926 2531 1078 2600 apud
1133 2531 1314 2585 Deum
1366 2531 1842 2601 praestabiliorem
1895 2550 2022 2588 esse

371 2622 550 2678 istam
593 2618 909 2675 Ecclesiam
959 2623 1110 2673 recte
1159 2619 1563 2689 compositam,
1599 2637 1713 2675 uno
1764 2622 2018 2688 homine,

375 2710 477 2782 qui
509 2708 698 2766 ofﬁcio
728 2725 834 2764 suo
866 2707 1044 2778 probe
1077 2707 1340 2778 fungitur
1371 2725 1384 2762 :
1419 2713 1594 2778 atque
1642 2710 1817 2765 etiam
1853 2728 2018 2782 opor-

373 2804 516 2867 tere,
539 2815 654 2853 non
681 2813 788 2852 sua
805 2812 1096 2868 quemque
1118 2796 1398 2850 duntaxat
1415 2800 1721 2852 commoda
1743 2804 2021 2870 spectare,

375 2888 477 2945 sed
509 2892 567 2943 et
594 2885 846 2942 aliorum
877 2884 1162 2940 rationem
1195 2884 1426 2940 habere.
1449 2884 1593 2939 Nam
1627 2886 1749 2957 ipse
1792 2905 2025 2959 quoque

377 2974 775 3043 Christus,cui
811 2991 944 3030 cum
977 2973 1036 3027 in
1067 2990 1173 3028 suo
1205 2973 1421 3029 honore
1453 2991 1517 3028 ac
1549 2975 1760 3030 deitate
1791 2994 2025 3033 manere

377 3065 614 3133 diceret,
640 3081 754 3121 non
786 3063 976 3119 solum
1001 3079 1189 3134 usque
1217 3063 1285 3118 ad
1317 3063 1464 3118 servi
1488 3064 1734 3119 formam
1763 3067 2024 3137 seipsum

377 3154 694 3210 exinanivit
712 3155 752 3220 ί,
776 3153 876 3207 sed
899 3152 1099 3219 etiam,
1123 3157 1455 3223 contempta
1479 3154 1818 3223 ignominia,
1837 3157 2024 3211 crucis

2146 576 2301 649 εἷ’πω,
2335 579 2691 655 χρηστότητι.
2729 579 2826 634 Καί
2863 601 2952 652 μοι
2989 577 3260 652 βοηθεῖτε,
3295 578 3443 640 ὅστις
3473 578 3532 633 ἂν
3576 579 3690 641 οἶός
3740 600 3797 635 τε

2143 667 2204 740 ᾖ,
2251 670 2339 721 καὶ
2389 665 2511 723 δότε
2558 674 2719 744 χεῖρα
2769 669 3101 740 πιεζομένῳ,
3145 668 3235 724 καὶ
3295 665 3636 740 διελκομένῳ
3689 669 3792 723 ὑπὸ

2143 756 2314 820 πόθου
2372 757 2459 811 καὶ
2504 760 2845 830 πνεύματος·
2898 759 2925 812 ὁ
2989 759 3082 830 μὲν
3136 757 3427 833 εἰσηγεῖται
3501 755 3794 833 δρασμοὺς,

2141 846 2230 899 καὶ
2260 841 2387 921 ὅρη,
2429 847 2519 900 καὶ
2569 846 2822 920 ἐρημίας,
2874 847 2963 900 καὶ
3011 847 3241 924 ἡσυχίαν
3271 851 3455 922 ψυχῆς
3484 847 3574 901 καὶ
3605 848 3792 920 σώμα-

2140 955 2255 1001 τος,
2305 935 2394 989 καὶ
2441 937 2529 989 τὸν
2579 940 2698 989 νοῦν
2749 936 2826 997 εἷς
2896 937 3080 991 ἑαυτὸν
3129 936 3506 1012 ἀναχωρῆσαι,
3562 937 3650 990 καὶ
3703 958 3792 990 συ-

2143 1031 2436 1101 στραφῆναι
2484 1024 2589 1078 ἀπὸ
2633 1029 2738 1078 τῶν
2789 1025 3113 1096 αἰσθήσεων,
3165 1024 3302 1079 ὥστε
3354 1022 3569 1099 ὁμιλεῖν
3604 1025 3771 1096 ἀκηλι

2143 1109 2331 1174 δώτως
2363 1119 2495 1184 Θεῷ,
2516 1115 2604 1167 καὶ
2652 1120 2772 1176 ταῖς
2818 1119 2914 1169 τοῦ
2966 1113 3276 1187 ῐΙνεῦματος
3321 1113 3511 1190 αὐγαῖς
3550 1116 3791 1187 καθαρῶς

2141 1200 2605 1277 έναστράπτεσθαι,
2672 1201 2902 1276 μηδενὸς
2984 1201 3406 1279 έπιμιγνυμένου
3475 1208 3579 1258 τῶν
3648 1203 3790 1258 κάτω

2140 1291 2228 1344 καὶ
2277 1291 2537 1366 θολερῶν,
2595 1289 2734 1364 μηδὲ
2784 1297 2862 1363 τῷ
2909 1293 3037 1364 θείῳ
3085 1294 3223 1370 φωτὶ
3290 1291 3788 1368 παρεμπίπτοντος,

2138 1375 2241 1439 ἕως
2271 1378 2329 1433 ἂν
2363 1378 2448 1434 ἐπὶ
2479 1381 2574 1448 τὴν
2608 1381 2789 1453 πηγὴν
2824 1377 3069 1452 ἔλθωμεν
3095 1385 3201 1434 τῶν
3250 1379 3383 1454 τῇδε
3431 1380 3790 1457 ἀπαυγασμά-

2137 1488 2267 1539 των,
2299 1469 2388 1522 καὶ
2420 1473 2631 1541 στῶμεν
2661 1467 2757 1523 τοῦ
2795 1469 2965 1523 πόθου
3012 1470 3101 1523 καὶ
3150 1475 3248 1538 τῆς
3301 1467 3555 1547 ἐφέσεως,
3609 1469 3792 1524 λυθέν-

2137 1576 2243 1610 των
2289 1561 2395 1610 τῶν
2447 1556 2722 1632 ἐσόπτρων
2772 1561 2840 1630 τῇ
2891 1555 3134 1627 ἀληθείᾲ.
3184 1555 3448 1613 Βούλεται
3499 1559 3613 1631 (62)
3643 1558 3705 1611 τὸ
3737 1553 3791 1611 δὲ

2140 1644 2213 1705 εἷς
2265 1646 2425 1717 μέσον
2473 1647 2640 1721 ἄγειν,
2687 1647 2775 1700 καὶ
2805 1651 3168 1724 καρποφορεῖν
3200 1651 3278 1718 τῷ
3310 1651 3476 1718 κοινῷ
3511 1645 3789 1721 βούλεται,

2137 1733 2225 1788 καὶ
2257 1739 2415 1788 τοῦτο
2448 1733 2797 1811 ὠφελεῖσθαι,
2827 1735 2889 1790 τὸ
2922 1734 3152 1813 ὠφελεῖν
3187 1732 3493 1805 ἀλλήλους,
3544 1734 3635 1789 καὶ
3686 1732 3750 1804 δη
3771 1766 3788 1776 ο

2141 1823 2407 1895 μοσιεύειν
2451 1826 2550 1891 τήν
2603 1819 2903 1896 ἔλλαμψιν,
2949 1823 3039 1878 καὶ
3066 1821 3353 1900 προσάγειν
3388 1827 3504 1896 Θεῷ
3537 1821 3668 1878 λαὸν
3701 1843 3794 1878 πε-

2137 1912 2395 1986 ριούσιον,
2497 1910 2648 1974 ἔθνος
2735 1912 2910 1986 ἆγιον,
2992 1912 3268 1988 βασίλειον
3349 1912 3665 1985 ἱεράτευμα,
3737 1910 3788 1966 ἐν

2133 2000 2351 2055 πλείοσι
2415 2001 2596 2055 εἰκόνα
2662 2001 3088 2077 κεκαθαρμένην.
3159 2007 3415 2075 Κρεῖσσον
3487 2000 3590 2076 γὰρ
3656 2000 3790 2055 εἶναι

2133 2089 2221 2143 καὶ
2271 2088 2488 2157 πλεῖον,
2539 2089 2720 2166 ὣσπερ
2773 2095 2940 2166 φυτοῦ
3005 2087 3351 2165 παράδεισον,
3414 2089 3504 2144 καὶ
3569 2089 3791 2166 ἀστέρος

2135 2177 2249 2238 ἑνὸς
2301 2177 2524 2250 οὐρανὸν
2575 2177 2704 2231 ὅλον
2757 2178 2846 2232 σὺν
2886 2183 3000 2240 τοῖς
3049 2179 3240 2233 ἑαυτοῦ
3271 2177 3522 2248 κάλλεσι,
3568 2179 3659 2232 καὶ
3703 2180 3791 2251 μέ-

2135 2265 2266 2328 λους
2306 2271 2484 2338 σῶμα,
2535 2267 2676 2321 οὕτω
2726 2267 2814 2322 καὶ
2875 2265 2990 2340 Θεῷ
3039 2272 3433 2342 κατορθοῦντος
3483 2267 3601 2328 ἑνὸς
3651 2267 3787 2338 ὃλην

2134 2353 2458 2424 Ἐκκλησίαν
2509 2355 2944 2432 κατηρτισμένῆν
2975 2377 2985 2388 ·
3037 2356 3127 2410 καὶ
3177 2363 3379 2431 χρῆναι
3433 2357 3507 2428 μή
3558 2357 3619 2410 τὸ
3668 2356 3790 2409 ἑαυ-

2129 2447 2226 2497 τοῦ
2262 2443 2423 2515 μόνον
2459 2449 2700 2516 σκοπεῖν,
2733 2443 2876 2498 ἀλλὰ
2906 2447 2994 2498 καί
3023 2446 3085 2499 τὸ
3114 2450 3221 2499 τῶν
3256 2443 3465 2501 ἄλλων.
3501 2445 3649 2499 Ἐπεὶ
3696 2445 3785 2499 καὶ

2131 2534 2358 2607 Χριστὸς
2417 2532 2607 2598 οὕτως,
2671 2534 2716 2604 ᾦ
2769 2535 2940 2607 μένειν
2991 2533 3102 2604 ἐξὸν
3151 2533 3236 2587 ἐπὶ
3281 2540 3381 2602 τῆς
3432 2531 3572 2596 ἰδίας
3613 2535 3780 2606 τιμῆς

2131 2621 2219 2675 καὶ
2269 2620 2539 2690 θεότητος,
2589 2621 2649 2676 οὐ
2700 2622 2862 2695 μόνον
2913 2621 3165 2677 ἐκένωσεν
3217 2623 3403 2678 ἑαυτὸν
3473 2623 3634 2699 μέχρι
3685 2629 3783 2691 τῆς

2129 2715 2226 2764 τοῦ
2259 2708 2457 2765 δούλου
2492 2717 2729 2787 μορφῆς,
2775 2711 2920 2768 ἀλλᾶ
2966 2713 3055 2766 καὶ
3099 2711 3324 2787 σταυρὸν
3376 2712 3657 2785 ὑπέμεινεν
3702 2710 3781 2765 αἷ-

2133 2799 2340 2874 σχύνης
2398 2803 2828 2876 καταφρονήσας,
2881 2799 2949 2854 θίν’
3009 2799 3061 2855 ἐν
3116 2805 3232 2862 τοῖς
3291 2801 3482 2855 ἑαυτοῦ
3559 2801 3773 2854 πάθεσιν

2133 2886 2386 2954 ἀναλώσῃ
2432 2890 2528 2956 τήν
2590 2889 2871 2963 ἁμαρτίαν,
2929 2889 3017 2944 καὶ
3087 2889 3374 2963 ἀποκτείνῃ
3437 2893 3517 2961 τῷ
3569 2889 3778 2960 θανάτῳ

2131 2979 2221 3031 τὸν
2247 2978 2491 3036 θάνατον.
2543 2979 2748 3032 Ἐκεῖνα
2798 2979 2892 3050 μὲν
2946 2975 3012 3046 δὴ
3043 2981 3140 3047 τῆς
3189 2976 3478 3052 ἐπιθυμίας
3524 2978 3592 3032 τὰ
3636 2975 3780 3032 πλά-

2134 3087 2312 3138 σματα
2359 3068 2472 3140 (63)
2518 3071 2684 3122 ταῦτα
2728 3063 2785 3121 δὲ
2834 3070 2929 3122 τοῦ
2980 3067 3293 3141 Πνεύματος
3343 3068 3412 3122 τὰ
3457 3063 3778 3143 διδάγματα.

2134 3157 2309 3217 Μέσος
2342 3153 2399 3209 δὲ
2429 3155 2502 3210 ὢν
2531 3156 2702 3219 πόθου
2732 3155 2819 3210 καὶ
2853 3155 3176 3228 πνεύματος,
3208 3156 3297 3210 καὶ
3348 3155 3446 3210 οὐκ
3492 3154 3636 3230 ἔχων
3673 3154 3781 3210 τίνι

375 3240 736 3314 supplicium
758 3240 958 3308 subiit,
982 3245 1046 3295 ut
1075 3255 1178 3310 per
1205 3257 1272 3294 ea
1301 3257 1422 3310 quae
1447 3242 1789 3311 perferebat,
1821 3260 2016 3313 pecca-

2133 3243 2192 3298 τὸ
2215 3244 2381 3300 πλέον
2413 3245 2710 3320 χαρίσομαι
2743 3246 2878 3317 (64),
2910 3244 2940 3298 ὅ
2973 3264 3064 3316 μοι
3099 3241 3247 3299 δοκῶ
3296 3241 3590 3300 κάλλιστον
3621 3244 3784 3320 εὑρη-

373 3336 506 3388 tum
535 3329 771 3399 deleret,
803 3345 868 3383 ac
901 3334 1086 3384 morte
1133 3345 1240 3383 sua
1289 3335 1534 3383 mortem
1568 3332 1638 3384 de
1670 3332 1861 3386 medio
1909 3333 2016 3388 tol-

368 3419 514 3478 leret
533 3420 573 3453 ²·
599 3418 702 3474 Illa
731 3417 1068 3488 cupiditatis
1109 3417 1388 3488 ﬁgmenta
1427 3422 1586 3484 sunt,
1613 3419 1731 3473 haec
1765 3421 2016 3490 Spiritus

367 3511 738 3566 documenta.
773 3506 944 3561 Porro
993 3506 1146 3560 inter
1193 3505 1572 3577 cupiditatem
1624 3509 2016 3582 spiritumque

2127 3332 2273 3387 κέναι
2330 3333 2418 3387 καὶ
2461 3333 2885 3410 ἀσφαλέστατον,
2923 3333 3260 3406 κοινώσομαι
3323 3332 3413 3386 καὶ
3480 3333 3629 3406 ὑμῖν,
3691 3331 3780 3386 *ίνα

2131 3442 2224 3494 μοι
2275 3419 2707 3494 συνδοκιμάσητε
2751 3421 2839 3476 καὶ
2891 3416 3235 3492 συλλάϐησθε
3265 3424 3374 3496 (65)
3405 3426 3500 3476 τοῦ
3545 3420 3775 3498 βουλεύ-

2129 3531 2316 3583 ματος.

366 3598 744 3665 constitutus,
778 3601 950 3666 atque
981 3594 1334 3650 addubitans
1365 3596 1478 3649 utri
1529 3598 1721 3666 potius
1752 3599 1938 3654 favere
1969 3601 2233 3666 debeam,
2267 3601 2421 3672 quod
2455 3601 2599 3656 mihi
2629 3600 2916 3672 optimum
2970 3600 3455 3672 tutissimumque
3486 3601 3774 3674 reperisse

364 3689 584 3756 videor,
615 3685 778 3741 vobis
810 3700 1120 3755 exponam,
1153 3689 1217 3738 ut
1246 3683 1301 3736 id
1336 3684 1504 3754 quale
1537 3686 1630 3750 sit,
1666 3702 1893 3742 mecum
1927 3691 2287 3760 expendatis,
2323 3706 2637 3761 meumque
2667 3689 2980 3746 consilium
3012 3689 3188 3746 simul
3221 3691 3531 3762 adjuvetis.

435 3781 503 3832 V.
534 3775 676 3831 Mihi
699 3774 876 3847 igitur
897 3772 1185 3845 optimum
1209 3777 1378 3844 atque
1405 3792 1437 3828 a
1470 3775 1725 3845 periculo
1749 3779 2012 3834 remotis-

363 3867 582 3924 simum
611 3864 802 3918 visum
826 3868 934 3931 est,
963 3864 1217 3917 medium
1251 3864 1546 3932 quoddam
1580 3865 1705 3929 iter,
1732 3867 2014 3938 cupidita-

362 3960 482 4010 tem
530 3953 678 4008 inter
708 3958 765 4007 et
794 3951 1063 4006 timorem
1104 3952 1291 4021 sequi,
1330 3968 1394 4006 ac
1445 3953 1658 4022 partim
1709 3956 2008 4026 cupiditati

363 4041 576 4114 partim
607 4040 836 4112 spiritui
867 4039 1220 4095 satisfacere.
1243 4041 1302 4094 Id
1332 4047 1526 4096 autem
1555 4042 1636 4096 sic
1668 4046 1790 4097 fieri
1814 4062 2004 4115 posse,

363 4131 413 4186 si
445 4146 552 4185 nec
581 4145 813 4184 sacrum
862 4145 1079 4182 munus
1119 4129 1356 4182 omnino
1387 4130 1702 4201 defugiam,
1729 4149 1818 4201 ne,
1852 4136 2004 4203 quod

362 4217 755 4290 periculosum
817 4220 924 4284 est,
972 4216 1224 4286 gratiam
1271 4217 1528 4282 rejiciam
1565 4236 1575 4272 :
1613 4237 1716 4275 nec
1777 4239 2002 4289 rursus,

360 4307 518 4380 quod
550 4305 863 4361 molestum
911 4309 968 4358 et
1017 4305 1291 4359 acerbum
1323 4310 1429 4372 est,
1455 4308 1775 4377 graviorem
1826 4328 2002 4381 quam

354 4398 507 4453 vires
538 4396 742 4464 ferant,
766 4392 1055 4448 sarcinam
1097 4393 1358 4448 humeris
1409 4394 1629 4451 tollam.
1666 4397 1812 4452 Illud
1845 4401 2003 4455 enim

354 4485 596 4542 alterius
652 4481 859 4553 capitis
921 4497 1069 4549 esse,
1121 4481 1228 4536 hoc
1287 4482 1532 4539 aliarum
1583 4487 1836 4544 virium:
1885 4489 2002 4545 imo

350 4580 669 4644 utrumque
716 4569 896 4626 animi
955 4587 1162 4640 parum
1212 4572 1360 4626 sani.
1397 4573 1480 4627 Pii
1531 4581 1725 4630 autem
1756 4578 1885 4647 viri,
1920 4580 1997 4633 si-

347 4663 590 4735 mulque
634 4659 932 4716 securitati
991 4675 1112 4714 suae
1161 4661 1519 4718 consulentis
1554 4676 1715 4732 ‘csse,
1743 4666 1994 4722 functio-

343 4770 478 4811 nem
508 4766 736 4808 sacram
758 4748 982 4806 viribus
1006 4748 1225 4817 metiri;
1261 4755 1325 4805 ut
1355 4751 1593 4822 scilicet,
1620 4760 1899 4826 tanquam
1932 4757 1990 4812 in

412 4935 457 4969 θ’
486 4935 507 4989 I
536 4935 686 4988 Petr.
718 4946 779 5001 ιι,
811 4933 864 4985 9.
943 4932 958 4964 ¹
995 4930 1244 5003 Philipp.
1275 4949 1352 5004 χι,
1385 4936 1438 4991 7.
1520 4938 1539 4971 9
1573 4938 1742 4993 Hebr.
1779 4957 1880 5005 x11,
1911 4942 1964 4994 2.

410 5112 670 5189 (61)_Kai_
699 5109 1207 5189 φίλουκΒαείιὶλυηι
1259 5115 1546 5189 intelligit.
1585 5120 1744 5174 Unde
1793 5122 1983 5177 Schol.

336 5181 430 5242 τὸν
463 5181 621 5264 φίλον
656 5181 832 5257 λέγειν
862 5181 1034 5264 σίμαι,
1067 5183 1155 5235 τὸν
1192 5181 1477 5239 Βασίλειοὶ]
1501 5194 1979 5262 χειροτονήσαντα.

337 5281 366 5310 ‹‹
389 5256 687 5335 _Amicum,
722 5256 785 5311 ut
816 5256 1083 5322 arbitror,
1113 5259 1374 5335 appellat
1407 5256 1706 5328 Basiliam,
1740 5256 1837 5335 qui
1873 5266 1982 5335 ipsi

335 5330 423 5408 ad‘
431 5330 835 5408 episcopatum
869 5341 1078 5408 mﬁanus
1104 5327 1542 5408 imposuerat.)

403 5347 408 5383 ι
436 5347 835 5453 episcopatum
869 5347 1078 5406 manus
1110 5347 1488 5408 imposuerat.
1517 5353 1542 5384 ο

403 5401 516 5470 (6)
572 5398 855 5453 Βούλεται.
910 5397 1003 5450 Sic
1062 5395 1322 5469 plerique
1382 5403 1629 5459 codices.
1691 5405 1861 5461 Deest
1921 5409 1976 5461 in

331 5469 857 5612 ?d(623)-ﬂ7ta'tcpura.
919 5537 1085 5592 Herv.
1135 5537 1506 5612 παλαίσματα,
1565 5570 1589 5593 ‹‹

332 5604 743 5661 ιιιὰῐιιιὶοιιθεζα

400 5677 511 5762 (64)
544 5675 870 5750 Χαρίσομαι.
904 5677 1042 5748 Reg.
1080 5677 1175 5731 bm
1208 5686 1264 5733 et
1295 5682 1388 5737 Or.
1429 5687 1475 5752 1,
1511 5687 1846 5760 χαρίσωμαι.

1647 5549 1973 5603 artiﬁciosae

2197 3780 2250 3834 E’
2296 3776 2483 3848 Ἕδοξέ
2537 3800 2627 3850 μοι
2685 3783 2966 3853 κράτιστον
3019 3779 3152 3833 εἶναι
3201 3779 3290 3833 καὶ
3333 3776 3771 3850 ἀκινδυνότατον,

2126 3867 2294 3940 μέσην
2320 3869 2441 3922 τινὰ
2467 3867 2760 3941 τραπέσθαι
2786 3865 2882 3922 τοῦ
2911 3866 3080 3922 πόθου
3111 3867 3200 3922 καὶ
3248 3874 3350 3937 τῆς
3401 3865 3630 3940 δειλίας,
3679 3868 3770 3922 καὶ

2117 3957 2180 4010 τὸ
2216 3957 2308 4030 μὶν
2337 3960 2404 4030 τῇ
2435 3955 2693 4030 ἐπιθυμίᾳ
2726 3954 2924 4030 δοῦναι,
2956 3959 3017 4010 τὸ
3067 3955 3124 4011 δὲ
3170 3961 3248 4028 τῷ
3288 3956 3554 4029 πνεύματι
3588 3975 3601 3989 ’
3649 3961 3774 4011 τοῦ-

2115 4066 2177 4100 το
2211 4044 2266 4100 δὲ
2295 4045 2352 4100 ἂν
2383 4047 2643 4120 γενέσθαι,
2681 4048 2820 4118 μήτε
2850 4047 3018 4120 πάντῃ
3063 4046 3323 4124 φυγόντος
3371 4047 3470 4115 τὴν
3519 4044 3768 4123 λειτουρ-

2115 4135 2254 4209 γίαν,
2309 4135 2444 4189 ὥστε
2492 4135 2747 4204 ἀθετῆσαι
2801 4137 2900 4204 τῆν
2952 4134 3136 4210 χάριν,
3179 4133 3468 4211 ἐπισφαλὲς
3500 4135 3625 4210 γὰρ,
3664 4137 3769 4208 μή-

2113 4244 2170 4277 τε
2205 4229 2387 4296 μεῖζον
2419 4224 2452 4292 ἢ
2486 4226 2602 4278 κατ’
2632 4223 2862 4295 ἐμαυτὸν
2901 4223 3173 4298 ἀραμένου
3219 4226 3332 4297 (66)
3379 4223 3619 4300 φορτίον,
3673 4224 3766 4298 βα-

2115 4311 2178 4386 ρὺ
2207 4314 2306 4388 γὰρ
2333 4354 2344 4366 .
2377 4312 2465 4366 καὶ
2496 4312 2558 4366 τὸ
2594 4314 2686 4386 μὲν
2714 4311 2959 4389 κεφαλῆς
3012 4311 3186 4366 ἄλλου
3210 4314 3345 4386 (67),
3393 4313 3455 4367 τὸ
3507 4309 3565 4366 δὲ
3613 4309 3768 4367 δυνά-

2117 4420 2295 4473 μεως·
2351 4399 2561 4474 μᾶλλον
2616 4399 2671 4456 δὲ
2714 4401 2971 4463 ἀπονοίας
3017 4401 3316 4478 ἀμφότερα.
3368 4396 3656 4464 Εὗσεϐείας
3703 4399 3762 4456 δὲ

2113 4490 2246 4544 εἶναι
2296 4492 2406 4563 ἅμα
2453 4492 2541 4544 καὶ
2589 4490 2881 4566 ἀσφαλείας
2937 4493 3049 4563 (68)
3107 4496 3367 4566 μετρῆσαι
3415 4493 3483 4563 τῇ
3532 4487 3758 4563 δυνάμει

2110 4579 2207 4648 τῆν
2237 4577 2575 4654 λειτουργίαν
2604 4598 2615 4610 °
2668 4579 2757 4633 καὶ
2787 4578 2966 4655 ὣσπερ
3006 4585 3214 4655 τροφῆς
3242 4581 3340 4648 τὴν
3377 4579 3470 4651 μὶν
3499 4579 3633 4633 κατὰ
3664 4575 3758 4632 δύ-

2103 4687 2258 4741 ναμιν
2307 4668 2642 4741 προσίεσθαι,
2684 4668 2784 4736 τὴν
2835 4665 2891 4721 δὲ
2943 4667 3074 4743 ὑπὲρ
3126 4664 3352 4739 δύναμιν
3424 4666 3752 4739 ἀποπέμψα-

2103 4767 2274 4820 σθαι·
2323 4756 2465 4811 οὕτω
2513 4757 2612 4833 γὰρ
2669 4757 2782 4829 (69)
2849 4757 3061 4828 σώματι
3116 4756 3210 4830 μὲν
3267 4753 3466 4826 εὐεξίαν
3521 4753 3750 4830 παραγί-

2166 5125 2277 5195 (65)
2312 5116 2692 5193 Συλλάϐησθε,
2721 5127 2828 5179 etc.
2866 5123 3004 5195 Reg.
3039 5139 3092 5191 a,
3125 5121 3292 5178 Coisl.
3328 5122 3377 5190 1,
3412 5111 3748 5195 συλλάόῃτε.

2098 5217 2124 5267 ς(
2161 5192 2415 5267 Mihique
2446 5198 2516 5250 ad
2549 5192 2870 5251 ineundum
2916 5192 3227 5251 cénsilium
3259 5210 3427 5265 opem
3473 5192 3691 5248 feratis.
3721 5215 3750 5240 ››

2093 5266 2343 5358 BilLiruxs}
2375 5292 2396 5315 «ι
2431 5268 2760 5358 exploretis.
2792 5289 2819 5358 al)

2165 5340 2276 5408 (66)
2309 5335 2762 5411 'Apugs’voo.0_r.
2797 5339 2848 5406 1,
2879 5335 3157 5411 ἀραμένῳ.

2324 5402 2583 5484 Κεφαλῆς-
2624 5402 2843 5484 ’ἄλλουξ
2884 5402 3145 5464 Combei'.
3206 5405 3451 5482 κεφαλῆς
3509 5402 3744 5483 φαύλου,

2088 5500 2114 5526 ‹‹
2150 5479 2428 5534 imbecilli
2461 5481 2690 5536 canitis.
2717 5502 2746 5530 »

2158 5552 2262 5626 (es)
2299 5547 2722 5626 ’Acealslag._}
2775 5549 2921 5626 '_I‘uto
2977 5566 3043 5626 ac
3101 5555 3268 5626 caute
3327 5547 3672 5607 incedentis.
3708 5569 3740 5598 »

2083 5619 2308 5696 Bil‘lius,
2333 5645 2360 5696 (ς
2390 5619 2800 5696 tranquillitati
2832 5621 3214 5696 consulentis.
3240 5644 3266 5671 ››

2151 5693 2263 5765 (69)
2295 5693 2420 5768 Γάρ.
2457 5693 2623 5753 Deest
2652 5695 2710 5752 in
2741 5693 2972 5752 duobus
3000 5693 3176 5766 Regg.
